3958 6288
545 257 696 327 ³11135

1869 263 2308 325 JUSTINIANI
2347 261 2505 324 IMP.

3683 259 3711 322 l
3723 261 3826 322 U36

553 381 744 450 μεταξὺ
781 381 981 445 ζώντων
1016 381 1103 434 καί
1139 385 1322 454 νεκρῶν
1355 378 1650 454 αίρετικῶν,
1697 385 1805 439 πῶς
1866 378 2105 447 τολμῶσιν

2220 379 2440 444 retlcos,
2469 383 2741 447 quomodo
2787 380 2989 436 audent
3017 385 3267 439 resistere
3294 383 3386 439 tali
3416 385 3740 448 sententias,
3763 397 3818 440 et

548 467 864 525 ἀντιπίπτειν
897 478 957 542 τῇ
994 471 1206 541 τοιαύτῃ
1244 469 1523 542 ἀποφάσει,
1561 471 1786 528 καὶτοὺς
1824 466 1961 530 ἅπαξ
1999 470 2117 520 ἀσε-
2167 531 2172 538 ,

552 560 835 622 δήσαντας,
863 565 950 614 καί
972 559 1057 615 διά
1084 567 1236 617 τοῦτο
1261 560 1358 620 ἤδη
1395 563 1496 616 ὑπὸ
1517 566 1607 614 τοῦ
1634 561 1807 633 κυρίου
1830 579 2115 631 κατακεκρι-

549 649 752 718 μένους,
781 649 958 720 λέγειν,
985 654 1053 708 μὴ
1077 649 1178 705 δεῖν
1197 652 1326 721 μετὰ
1348 651 1560 704 θάνατον
1589 641 1994 725 κατακρίνεσθαι;
2030 652 2118 708 καί

545 737 576 793 ὅ
593 739 722 799 Orio.-
741 737 797 794 δέ
811 739 1091 799 ἀπόστολος
1108 741 1194 795 τὸν
1212 741 1429 814 Χριστὸν
1448 739 1586 810 ἔχων
1608 742 1657 794 ἐν
1669 739 1830 808 έαυτῷ
1850 739 2112 802 λαλοῦντα,

549 831 605 884 ἐὖ
647 830 799 901 μόνον
839 831 966 885 κατά
1002 831 1293 904 ἀνθρώπων.
1335 831 1456 883 ἀλλὰ
1494 833 1580 884 καί
1619 827 1730 883 κατ’
1767 830 1986 900 ἀγγέλων
2028 834 2117 887 τήν

543 921 785 977 τοιαύτην
812 924 1056 992 ἐπήγαγεν
1084 918 1366 992 ἀπόφασιν,
1398 923 1551 974 είπὼν
1592 921 1642 972 ἐν
1679 927 1740 992 τῇ
1782 919 2016 992 ἐπιστολῇ
2054 925 2116 991 τᾷ

539 1012 663 1085 πρὸς
681 1011 928 1072 Γαλάτας·
960 1029 978 1062 ε
999 1009 1142 1066 Ἀλλὰ
1161 1015 1248 1066 καί
1267 1014 1352 1066 ίάν
1371 1014 1536 1082 ἡμεῖς,
1557 1009 1587 1069 ἧ
1609 1008 1814 1082 ἅγγελος
1830 1010 1880 1074 ἕξ
1903 1011 2116 1082 οὐρανοῦ

545 1101 928 1173 εὐαγγελίσηται
947 1105 1083 1174 ὑμᾶς
1105 1103 1228 1176 παρ’
1250 1101 1276 1157 ὃ
1299 1103 1724 1176 εὐαγγελισάμεθα
1743 1104 1881 1174 ὑμῖν,
1899 1103 2116 1170 ἀνάθεμα

545 1189 702 1245 ἵστω.
743 1189 832 1252 Ὠς
873 1197 1265 1267 προειρήκαμεν,
1294 1195 1380 1248 καί
1417 1191 1532 1269 ἄρτι
1572 1192 1716 1246 πάλιν
1759 1192 1914 1263 λέγειν
1957 1191 2006 1245 εἴ
2037 1213 2116 1252 τις

546 1282 684 1352 ὑμᾶς
706 1285 1078 1356 εὐαγγελίζεται
1100 1286 1225 1360 παρ’
1249 1283 1274 1339 ὃ
1297 1285 1609 1354 παρελάϐετε
1627 1327 1641 1351 ,
1666 1285 1882 1353 ἀνάθεμα
1908 1281 2060 1338 ἔστω.
2089 1302 2108 1336 ε

455 1429 470 1445 ι
545 1374 638 1426 ιαί
661 1373 740 1432 τίς
764 1371 926 1432 οὕτως
949 1374 1170 1439 ἀσεϐὴς,
1199 1376 1266 1432 ὡς
1286 1375 1536 1444 τολμῆσαι
1563 1377 1720 1428 εἰπεῖν
1739 1413 1753 1438 ,
1791 1375 1857 1432 ὡς
1884 1377 1950 1429 τὰ
1974 1375 2116 1450 παρὰ

536 1458 806 1532 Θεοδώρου
826 1461 1027 1522 ἀσεϐῶς
1055 1465 1404 1538 συγγραφέντα
1421 1505 1435 1529 ,
1463 1463 1493 1523 ἦ
1515 1466 1667 1539 μέρος
1686 1467 1848 1520 αὐτῶν
1868 1464 2114 1542 παρεδό9η

545 1552 674 1606 ποτέ
700 1559 764 1624 τῇ
788 1551 909 1625 ἁγία
935 1559 1028 1608 τοῦ
1055 1555 1181 1608 Θεοῦ
1222 1555 1482 1628 ίκκλησίᾳ,
1511 1554 1614 1609 ἀλλ’
1646 1556 1732 1609 οὐκ
1764 1557 1908 1616 εὐθὺς
1937 1556 1962 1610 ὃ
1991 1557 2116 1612 τολ-

545 1643 715 1707 μύσας
755 1662 805 1694 τι
830 1648 1054 1696 τοιοῦτον
1095 1644 1544 1718 παραγθέγξασοαι
1586 1645 1858 1716 ἀναθέματι
1897 1649 2110 1700 καθυπε-

547 1733 698 1791 ελήθη
717 1735 860 1808 παρὰ
885 1741 984 1787 τῶν
1011 1733 1172 1805 ἀγίων
1199 1735 1458 1806 πατέρωνς

615 1819 675 1876 Εἴ
694 1843 771 1883 τις
796 1828 961 1877 τοίνυν
997 1829 1128 1894 μετά
1164 1829 1252 1884 τήν
1289 1823 1526 1882 τοιαύτην
1566 1824 1712 1897 ὀρθήν
1750 1824 2005 1896 ὁμολογίαν
2035 1829 2118 1879 καί

545 1913 843 1986 κατάκρισιν
871 1923 970 1966 τῶν
998 1915 1260 1988 αἱρετικῶν
1277 1956 1290 1973 .
1337 1923 1428 1974 τῆς
1466 1915 1705 1973 εὐσεϐοῦς
1733 1916 1918 1975 ἑννοίας
1954 1919 2116 1979 σωζο-

542 2005 714 2077 μένης.
731 2008 850 2080 περὶ
871 2005 1148 2074 ὀνομάτων,
1170 2007 1200 2066 ἦ
1229 2007 1512 2070 συλλαϐῶν,
1529 2007 1559 2067 ἦ
1587 2007 1762 2070 λέξεων
1786 2010 2111 2078 ζυγομαχῶν,

543 2098 753 2170 χωρίζει
782 2095 956 2150 ἑαυτὸν
978 2103 1068 2156 τῆς
1100 2095 1244 2169 ἁγίας
1267 2104 1357 2152 τοῦ
1387 2102 1516 2151 Θεοῦ
1546 2097 1824 2160 ἐκκλησίας,
1860 2099 2034 2171 ὥσπερ
2065 2098 2114 2150 έν

541 2187 755 2256 ὀνόμασι
793 2189 960 2255 μένοις
995 2191 1078 2242 καί
1108 2189 1268 2252 λέξεσι
1303 2191 1528 2258 κειμένης
1553 2191 1668 2258 ἡμῖν
1699 2196 1789 2249 τῆς
1831 2189 2110 2250 εὐσεϐείας,

541 2276 644 2330 ἀλλ’
677 2279 769 2330 οὐκ
814 2279 862 2330 ἐν
904 2275 1230 2351 πράγμασιν.
1281 2279 1307 2333 ὁ
1345 2287 1570 2338 τοιοῦτος
1602 2281 1668 2339 ὡς
1697 2286 1809 2338 τοῖς
1848 2283 2112 2348 σχιῖσμασι

541 2369 737 2442 χαίρων
779 2368 920 2438 λόγον
959 2369 1123 2439 ὑφέξει
1161 2370 1293 2442 ὑπὲρ
1335 2371 1549 2432 ἑαυτοῦ,
1590 2373 1672 2422 καὶ
1707 2377 1805 2422 τῶν
1835 2371 1924 2423 ὑπ’
1953 2371 2110 2424 αὐτοῦ

540 2459 919 2528 ἀπατωμένων,
956 2457 987 2517 ἦ
1022 2461 1476 2527 ἀπατηθησομένων
1521 2468 1594 2529 τῷ
1639 2462 1838 2534 μεγαλῳ
1877 2469 1986 2535 Θεῷ
2029 2466 2114 2518 καί

540 2555 732 2620 σωτῆρι
751 2550 890 2618 ἡμῶν
917 2545 1078 2606 Ἰησοῦ
1102 2556 1311 2623 Χριστῷ
1334 2551 1384 2602 ἰν
1409 2551 1570 2625 ἡμέρᾳ
1597 2555 1830 2624 κρίσεως.
1856 2557 2026 2624 ’Δμήν.

541 2702 707 2784 Ngo:
733 2713 832 2784 τοῦΔ
851 2709 1100 2784 βασιλέως
1149 2705 1502 2784 Ἰουστινιανοῦ
1527 2711 1653 2784 πρὸς
1796 2711 1939 2784 ἁγίαν
1961 2721 2108 2770 σύνο-

609 2735 707 2768 ’τινος
733 2735 821 2762 τσυ
851 2735 1100 2780 βασιλεως
1166 2735 1502 2764 ιουστενιανου
1527 2735 1653 2784 προς
1681 2735 1768 2770 την
1796 2735 1939 2766 αἰαν
1961 2735 2028 2767 σί)

609 2773 695 2830 δον
721 2780 837 2852 περί
858 2777 1119 2851 Θεοδώρου
1139 2784 1228 2832 τοῦ
1249 2779 1596 2849 Μοψουεστίας
1615 2783 1698 2836 καί
1715 2790 1815 2836 τῶν
1834 2735 2036 2838 λοιπῶν.

609 2915 806 2974 Σπευδή
835 2919 923 2984 μέν
949 2919 1144 2988 γέγονεν
1189 2921 1269 2974 ἀεί
1304 2928 1412 2980 τοῖς
1446 2917 1748 2996 ὀρθοδόξοις,
1779 2927 1856 2976 καί
1884 2924 2108 2986 εὐσείῶς

537 3008 1030 3083 προέιῗασιλευκὸσι
1084 3019 1191 3071 τοῖς
1235 3014 1490 3089 ἡμετέροις
1535 3015 1798 3088 πατράσι.
1845 3016 1937 3074 τὰς
1980 3016 2106 3070 κατά

2219 481 2314 520 eos
2356 467 2447 538 qui
2475 469 2640 523 semel
2666 470 2830 540 impie
2859 484 3106 541 egerunt,
3135 483 3191 529 et
3236 485 3461 546 propter
3501 477 3619 532 boc
3638 478 3760 546 jam
3787 495 3815 534 a

2217 556 2446 612 Domino
2475 559 2819 615 condemnati
2848 572 3000 629 sunt,
3023 564 3228 630 dicere,
3257 581 3368 621 non
3395 575 3669 636 oportere
3694 578 3812 638 post

2217 660 2445 706 mortem
2469 653 2853 710 condemnari?
2879 655 2946 710 Et
2971 657 3182 713 divinus
3209 668 3387 714 autem
3415 659 3640 732 [etiam]
3667 664 3814 731 Δῃο-

2217 741 2404 809 stolus,
2428 743 2520 813 qui
2557 742 2824 799 Christum
2853 745 2906 800 in
2933 747 3227 816 semetipso
3269 747 3434 803 habet
3461 749 3807 817 loquentem,

2217 847 2325 886 non
2371 833 2544 887 solum
2588 832 2843 889 adversus
2884 835 3160 901 homines,
3189 836 3285 891 sed
3331 838 3496 891 etiam
3537 838 3809 893 adversus

2217 920 2436 988 angelos
2464 921 2624 975 talem
2648 923 2871 992 protulit
2895 926 3236 990 sententiam,
3265 927 3452 981 dicens
3479 929 3537 981 in
3570 928 3802 997 epistola

2216 1010 2282 1065 ad
2311 1009 2528 1066 Galatas
2551 1010 2699 1083 (Cap.
2722 1011 2760 1084 ι)
2797 1031 2808 1065 :
2854 1013 2960 1069 Sed
2987 1015 3108 1068 licet
3128 1033 3222 1070 nos
3241 1025 3329 1069 aut
3349 1018 3572 1086 angelus
3595 1019 3664 1071 de
3683 1022 3805 1072 calo

2217 1102 2636 1170 euangelizaverit
2661 1113 2997 1173 prwterquam
3037 1105 3174 1177 quod
3215 1108 3691 1178 evangeliaarimua
3721 1127 3803 1163 το-

2218 1189 2316 1257 bis,
2345 1191 2620 1244 anathema
2648 1193 2734 1246 sit.
2769 1193 2916 1248 Sicut
2950 1197 3307 1264 pradiximas.
3337 1206 3386 1251 et
3435 1213 3582 1251 nunc
3620 1201 3800 1252 itera

2217 1278 2332 1333 dico
2357 1293 2376 1332 :
2407 1280 2469 1335 Si
2495 1281 2609 1351 quis
2637 1281 2776 1335 vobis
2801 1284 3220 1354 euangelizaverit
3245 1296 3436 1355 praeter
3465 1287 3524 1341 id
3548 1291 3692 1360 quod
3711 1307 3800 1344 ac-

2219 1373 2444 1441 cepistis,
2469 1373 2744 1427 anathema
2763 1375 2851 1429 εἰε.
2876 1374 2944 1429 Et
2969 1377 3090 1444 quis
3120 1377 3192 1431 ita
3221 1379 3418 1448 impius
3446 1387 3554 1446 est,
3581 1391 3646 1434 ut
3667 1398 3798 1450 pra:-

2216 1469 2394 1516 Sumat
2416 1461 2614 1529 dicere,
2644 1463 2791 1532 quod
2815 1463 3082 1520 Theodori
3113 1467 3276 1536 impia
3298 1468 3526 1536 scripta,
3561 1471 3653 1524 vel
3682 1486 3799 1538 pars

2217 1567 2424 1619 eorum,
2455 1552 2645 1606 tradita
2675 1562 2757 1608 est
2783 1555 3070 1622 aliquando
3094 1567 3291 1612 sancta:
3312 1557 3408 1611 Dei
3436 1556 3718 1624 Ecclesia,
3747 1571 3797 1616 et

2217 1660 2324 1699 non
2345 1645 2546 1711 statim,
2573 1645 2663 1712 qui
2713 1660 2872 1700 ausus
2900 1654 2981 1700 est
3007 1647 3206 1718 aliquid
3248 1649 3356 1704 tale
3392 1649 3548 1718 loqui
3574 1654 3793 1706 anathe-

2145 1745 2190 1804 Β
2217 1737 2345 1792 mali
2373 1737 2643 1803 subjectus
2669 1745 2754 1791 est
2782 1752 2813 1790 a
2841 1739 3041 1793 sanctis
3071 1737 3349 1795 l’atribus?

2285 1826 2341 1881 Si
2368 1826 2484 1895 quis
2506 1828 2664 1895 igitur
2690 1835 2812 1896 post
2839 1826 3102 1896 ejusmodi
3131 1840 3334 1884 rectam
3367 1831 3790 1900 ooitl'essionem,

2213 1927 2270 1974 et
2296 1919 2666 1973 haereticorum
2692 1921 3216 1991 condemnationem,
3235 1923 3390 1978 salvo
3419 1937 3684 1982 manente
3711 1929 3794 1997 pio

2214 2009 2510 2074 intellectu,
2541 2008 2607 2062 de
2639 2010 2944 2065 nominibus
2969 2011 3055 2066 vel
3083 2013 3304 2082 syllabis
3353 2014 3440 2069 vel
3469 2017 3795 2073 dictionibus

2205 2098 2560 2165 contendens,
2578 2108 2790 2169 separat
2805 2115 2866 2154 se
2883 2115 2912 2154 a
2929 2110 3114 2157 sancta
3137 2101 3228 2155 Dei
3245 2102 3518 2173 Ecclesia,
3543 2116 3795 2176 tanquam

2213 2202 2319 2241 non
2365 2187 2416 2240 in
2445 2188 2626 2255 rebus,
2653 2187 2746 2242 sed
2797 2187 2850 2242 in
2895 2189 3202 2244 nominibus
3228 2192 3356 2246 solis
3387 2201 3446 2246 et
3471 2195 3796 2250 dictionibus

2210 2276 2386 2345 posita
2415 2276 2569 2331 nobis
2622 2278 2864 2346 pietate:
2913 2279 3036 2332 talis
3081 2287 3140 2333 ut
3188 2289 3316 2350 pote
3365 2281 3796 2340 dissensionibus

2210 2362 2470 2433 gaudens,
2501 2365 2762 2420 rationem
2807 2383 2905 2436 pro
2932 2370 3240 2438 semetipso,
3265 2378 3322 2424 et
3343 2386 3448 2439 pro
3472 2373 3723 2443 deceptis
3743 2386 3794 2430 et

2211 2453 2536 2522 decipiendis
2577 2455 2646 2509 ab
2675 2471 2760 2520 eo,
2791 2457 2978 2511 reddet
3021 2471 3216 2526 magno
3259 2458 3368 2516 Deo
3423 2471 3479 2515 et
3523 2461 3793 2522 ξων-ιιιοεὶ

2210 2553 2396 2600 nostro
2415 2543 2542 2602 Jesu
2569 2544 2782 2600 Christo
2812 2547 2866 2601 in
2887 2547 2975 2602 die
2997 2549 3206 2617 judicii.
3237 2550 3431 2606 Amen.

2207 2702 2928 2780 Justinianijmperatorisrd
2952 2718 3184 2763 sanctam
3211 2710 3464 2779 synodum
3486 2713 3712 2780 epistola
3731 2713 3786 2765 de

2489 2775 2774 2831 Theodosio
2803 2777 3164 2849 Μορειιοειεηο
3195 2775 3256 2834 εἰ
3268 2781 3500 2851 reliquis.

2279 2910 2502 2982 Semper
2530 2913 2740 2982 quidem
2761 2916 2992 2970 studium
3023 2916 3121 2972 fuit
3140 2918 3457 2976 orthodoxis
3479 2929 3540 2975 et
3567 2923 3671 2993 piis
3690 2923 3785 2978 im-

2215 3003 2550 3070 peratoribus
2590 3003 2830 3071 patribus
2867 3005 3082 3071 nostris,
3123 3021 3223 3075 pro
3267 3016 3518 3078 tempore
3573 3019 3788 3066 exorta

536 3098 705 3170 καιρόν
753 3099 1096 3170 ἀναφυομένας
1145 3101 1364 3178 αἱρέσεις
1413 3099 1494 3156 δά
1543 3101 1762 3156 συνόδων
1815 3102 2104 3158 ὁσιωτάτων

2211 3091 2306 3145 hrei
2321 3106 2438 3146 eses
2491 3107 2586 3164 per
2612 3096 3077 3162 congregationem
3103 3097 3663 3167 -religiosissimorum
3705 3119 3785 3157 sa-

536 3184 704 3254 ίερέων
731 3187 1000 3247 ἐκκόπτειν,
1031 3191 1114 3241 κοί
1137 3198 1228 3248 τῆς
1249 3190 1397 3264 ὀρθῆς
1423 3193 1648 3250 πίστεως
1673 3192 1896 3264 καθαρῶς
1921 3213 2104 3266 κηρυτ-

531 3275 746 3343 τομένης
773 3276 825 3328 έν
853 3279 1020 3350 ετρὴνῃ
1045 3282 1135 3333 τὴν
1165 3281 1308 3348 ἁγίαν
1347 3286 1435 3332 τοῦ
1469 3286 1594 3333 Θεοῦ
1636 3280 1895 3338 ἐκκλησίαν
1923 3280 2100 3353 διαφυ-

535 3362 728 3418 λάττειν
748 3381 762 3394 ’
788 3365 964 3438 διόπερ
987 3369 1065 3418 καὶ
1090 3375 1456 3426 Βωνσταντῖνος
1483 3365 1509 3420 ὅ
1531 3369 1704 3440 μέγας,
1727 3365 1916 3442 ’Δρείου
1943 3371 2098 3441 βλασ-

533 3460 810 3522 φημοῦντος
843 3459 927 3508 καί
953 3457 1200 3525 λέγοντος,
1239 3463 1309 3528 μή
1341 3454 1466 3513 εἶναι
1490 3461 1576 3514 τὸν
1607 3460 1710 3513 υἰόν
1739 3459 2001 3530 ὁμοούσιιν
2034 3473 2105 3534 τῦ

533 3551 643 3612 Θεῷ
669 3547 750 3597 καί
771 3548 950 3620 πατρί,
978 3547 1100 3600 ἀλλά
1133 3550 1326 3617 κτίσμα
1365 3551 1450 3602 καί
1471 3546 1520 3612 έξ
1547 3552 1638 3604 οὒκ
1661 3545 1813 3603 ὄντων
1835 3553 2101 3622 γεγνέναι,

535 3635 836 3704 συναγαγών
851 3634 898 3685 ἐν
919 3635 1090 3707 Νικαίᾳ
1109 3638 1224 3694 τοὺς
1239 3638 1556 3710 τριακοσίους
1575 3635 1692 3692 δέκα
1707 3641 1790 3692 καὶ
1811 3639 1940 3692 ὀκτὼ
1955 3642 2106 3694 πα·εέ-

535 3741 626 3794 ρας
646 3760 660 3782 .
687 3725 773 3775 καί
809 3724 958 3784 αὐτὸς
983 3726 1088 3778 ἐκεῖ
1110 3727 1540 3798 παραγενόμενος,
1569 3730 1652 3781 καί
1674 3733 1765 3781 τοῦ
1785 3731 1970 3804 ’Δρεῖου
1999 3751 2104 3784 κα-

537 3810 920 3872 ταδικασθέντος
934 3817 1018 3868 καί
1037 3815 1532 3884 ἀναθεματισθέντος,
1551 3815 1840 3872 ἐσπούδασε
1859 3823 1948 3876 τήν
1969 3819 2102 3892 ὀρθό-

532 3897 670 3962 ὂοξον
685 3909 924 3974 κρατῦναι
933 3907 1124 3957 πίστιν.
1141 3901 1206 3958 Δι’
1221 3901 1278 3964 ἧς
1294 3901 1691 3976 ὁμολογόσαντες
1703 3906 1747 3958 οί
1761 3906 1878 3959 θεῖοι
1888 3910 2102 3981 πατέρες

534 3989 796 4060 ὁμοούσιον
821 3988 941 4047 εἶναι
955 3995 1041 4048 τὸν
1057 3995 1163 4048 υίόν
1177 4003 1246 4066 τῷ
1262 4005 1370 4069 Θεῷ
1387 3999 1468 4048 καὶ
1489 3999 1662 4070 πατρί,
1680 3997 1800 4050 ἀλλὰ
1819 4003 1888 4068 μὴ
1908 4000 2102 4068 κτίσμα

529 4083 613 4134 καί
637 4083 684 4144 έξ
699 4084 784 4136 οὐκ
806 4079 1237 4156 ὄντωνγεγενέναι.
1257 4086 1418 4159 μέχρι
1438 4091 1525 4139 νῦν
1546 4082 1720 4158 ᾄδεται
1735 4083 1829 4155 [ἵσ.
1849 4083 2094 4158 ᾅδονται].

534 4173 623 4224 καί
647 4171 909 4232 Θεοδόσιος
935 4171 990 4226 δέ
1019 4171 1045 4228 ὁ
1067 4174 1418 4249 πρεσϐύτερος
1435 4214 1448 4235 ,
1477 4171 1772 4230 Μακεδονίαν
1794 4175 2096 4250 ἀρνουμένου

531 4266 624 4319 τήν
649 4263 860 4322 θεότητα
898 4270 986 4316 τοῦ
1017 4263 1160 4337 ἁγίου
1190 4267 1496 4334 πνεύματος,
1529 4269 1610 4318 καί
1635 4262 1978 4340 ⁴Δπολινοιρίου
2006 4272 2096 4321 τοῦ

530 4352 754 4420 μαθητοῦ
798 4355 952 4408 αὐτοῦ
998 4354 1406 4425 βλασφημοῦντος
1445 4356 1514 4415 εἰς
1559 4359 1647 4414 τήν
1684 4359 1962 4427 οἰκονομίαν
2006 4366 2095 4414 τοῦ

2210 3181 2483 3236 ccrdotum
2514 3193 2812 3252 amputare,
2852 3194 2906 3238 et
2927 3193 3072 3240 recta
3096 3187 3198 3242 lide
3224 3191 3435 3244 sincere
3473 3192 3782 3260 ιιι-διαίρει,

2208 3273 2260 3326 in
2286 3287 2416 3341 pace
2435 3282 2672 3328 sanctam
2701 3275 2795 3330 Dei
2817 3275 3108 3332 Ecclesiam
3127 3280 3422 3336 custodire.
3445 3284 3784 3355 Quapropter

2209 3375 2263 3416 et
2278 3364 2656 3419 Constantinus
2671 3365 2908 3434 Magnus,
2921 3367 3048 3422 Ario
3069 3369 3480 3439 blasphemante
3497 3382 3558 3426 et
3573 3373 3783 3429 dicetne

2207 3451 2398 3506 Filium
2429 3470 2534 3508 non
2557 3469 2676 3509 esse
2703 3456 3210 3512 consubstantialem
3260 3459 3372 3513 Deo
3397 3468 3454 3514 et
3495 3459 3666 3526 Patri,
3685 3462 3778 3515 sed

2207 3552 2524 3607 creaturam,
2557 3554 2613 3598 et
2657 3560 2722 3600 ex
2762 3561 2870 3600 non
2896 3547 3232 3603 exstantibus
3260 3546 3460 3603 factum
3482 3565 3776 3618 esse,con-

2205 3634 2445 3702 grcgavit
2482 3635 2670 3689 Nicaea:
2717 3643 2986 3690 trecentos
3007 3636 3196 3691 decem
3230 3645 3284 3692 et
3327 3646 3455 3693 octo
3485 3637 3698 3706 Patres,
3725 3647 3782 3692 et

2205 3740 2327 3778 cum
2357 3725 2471 3794 ipse
2491 3725 2719 3779 concilio
2741 3725 3086 3790 interfuisset,
3117 3727 3368 3782 dainnato
3388 3737 3444 3782 ct
3473 3727 3782 3782 anathema-

2205 3815 2368 3869 tizato
2415 3817 2544 3870 Ario
2587 3824 2787 3871 rectam
2835 3814 2992 3871 ﬁdem
3039 3817 3362 3872 conﬁrmare
3403 3818 3609 3873 studuit
3640 3836 3655 3870 :
3686 3833 3784 3888 per

2202 3918 2362 3972 quam
2385 3904 2548 3958 divini
2579 3904 2653 3959 illi
2677 3903 2864 3961 Patres
2882 3905 3201 3961 conﬁtentes
3221 3905 3413 3960 Filium
3435 3907 3782 3962 consubstan-

2203 3993 2386 4048 tialem
2411 4010 2531 4050 esse
2561 3995 2669 4049 Deo
2697 4004 2754 4054 et
2799 3994 2962 4062 Patri,
3007 4012 3114 4050 non
3150 4011 3281 4052 vero
3307 4006 3614 4052 creaturam
3639 4007 3694 4052 et
3713 4015 3780 4052 ex

2206 4101 2313 4141 non
2343 4089 2676 4144 exstantibus
2713 4088 2930 4153 lactant,
2981 4104 3152 4158 usque
3192 4089 3258 4143 ad
3288 4089 3611 4145 hodiernum
3637 4090 3780 4144 diem

2201 4178 2428 4232 canitur.
2482 4177 2818 4233 Theodosius
2847 4188 3026 4233 autem
3079 4179 3283 4246 senior,
3334 4178 3774 4234 llacedonione-

2199 4273 2359 4334 gante
2404 4264 2658 4320 deitatem
2703 4265 2874 4320 sancti
2917 4264 3165 4335 Spiritus,
3197 4276 3253 4320 et
3279 4265 3617 4335 Apollinario
3659 4270 3773 4336 ejus

2198 4353 2456 4423 discipqu
2482 4354 2886 4424 blasphemante
2911 4355 3170 4410 incantati
3198 4355 3293 4410 Dei
3324 4356 3480 4411 Verbi
3501 4357 3776 4426 dispensa-

533 4447 660 4494 Θεοῦ
683 4442 850 4514 λόγον,
881 4447 964 4495 καί
991 4445 1280 4510 φάσκοντος,
1304 4452 1422 4498 νοῦν
1448 4447 1748 4518 ἀνθρώπινον
1769 4452 1837 4518 μὴ
1862 4448 2100 4518 εἰληφέναι

2211 4446 2423 4510 tionem,
2452 4452 2506 4498 et
2531 4443 2742 4498 dicente
2769 4443 2860 4499 Dei
2884 4443 3115 4499 Verbum
3138 4460 3243 4499 non
3264 4446 3618 4513 assumpsisse
3633 4460 3778 4500 mell-

535 4532 617 4584 τὸν
645 4537 734 4584 τοῦ
763 4537 888 4583 Θεοῦ
917 4531 1091 4599 λόγον,
1123 4531 1245 4585 ἀλλὰ
1273 4534 1428 4606 σαρκί
1458 4533 1688 4590 ἐνωὸῆναι
1726 4536 1904 4604 ψυχήν
1929 4534 2099 4608 ἆλιγον

531 4621 754 4692 ἐχούσῃ,
793 4625 1091 4690 συναγαγὼν
1119 4623 1167 4673 έν
1206 4623 1726 4676 Κωνσταντνουπὸλει
1760 4627 1876 4684 τοὺς
1905 4625 1976 4698 ρν’
2000 4647 2098 4680 πα-

535 4711 683 4786 τέρας
710 4712 796 4763 καί
831 4715 1110 4781 μετασχὼν
1149 4715 1232 4765 καί
1259 4713 1409 4772 αὐτὸς
1450 4721 1544 4772 τῆς
1589 4711 1835 4774 συνόδου.
1881 4718 1966 4768 καί
2004 4723 2104 4771 τῶν

531 4800 794 4874 εἰρημένων
825 4801 1236 4874 καθαιρεθέντων,
1273 4804 1356 4855 καί
1384 4803 1875 4870 ἀναθεματισθζντων
1913 4808 2104 4878 αἱρετι-

529 4897 657 4953 κῶν,
683 4892 812 4960 μετά
839 4893 925 4944 καί
956 4898 1054 4945 τῶν
1079 4893 1272 4946 ἀσεϐῶν
1303 4895 1464 4947 οὔτῶν
1489 4892 1748 4965 δογμάτων
1786 4899 1870 4949 καί
1893 4895 2102 4968 ὁμοᾳρό-

528 4999 642 5040 νων,
667 4980 1015 5056 παρεσκεύασε
1041 4985 1130 5038 τήν
1154 4979 1402 5056 ὁρθόδοξον
1422 4983 1594 5035 πίστιν
1619 4983 1976 5057 κηρύττεσθαι.
2003 4987 2102 5038 Καὶ

527 5066 790 5129 Θεοδόσιος
828 5067 882 5124 δέ
909 5068 936 5124 ὁ
975 5071 1106 5135 νέος,
1150 5078 1242 5125 τοῦ
1285 5071 1504 5132 ἀσεϐοῦς
1533 5073 1802 5141 Νεστορίου
1833 5072 2095 5142 λέγοντος,

526 5156 672 5213 ἄλλον
696 5155 822 5213 εἶναι
843 5160 931 5214 τὸν
969 5164 1092 5214 Θεὸν
1127 5161 1296 5232 λόγον,
1330 5163 1415 5216 καί
1443 5157 1586 5214 ἄλλον
1625 5161 1707 5216 τὸν
1735 5161 1978 5237 Χριστὸν,
2017 5167 2099 5218 καὶ

523 5253 610 5305 τὸν
642 5253 730 5317 μέν
760 5252 906 5323 φύσει
929 5251 1036 5304 υίὸν
1076 5257 1166 5306 τοῦ
1193 5259 1320 5306 Θεοῦ
1359 5256 1446 5306 καί
1473 5255 1670 5326 πατρὸς
1693 5291 1706 5315 ,
1733 5255 1818 5306 τὸν
1840 5251 1891 5307 δὲ
1919 5256 2097 5327 χάριτι

525 5339 632 5394 υίόν
655 5341 855 5402 ἀσεϐῶς
885 5341 1202 5413 εἰσάγοντος,
1231 5344 1317 5396 καί
1352 5345 1442 5400 τὴν
1466 5341 1614 5414 ἁγίαν
1642 5343 1831 5418 Μαρίαν
1856 5339 1974 5396 ι’ῗναι
1997 5345 2098 5396 θεο-

523 5428 674 5485 τόκον
715 5430 1057 5503 ἀρνουμένου,
1101 5433 1403 5503 συναγαγὼν
1442 5435 1531 5489 τὴν
1558 5433 1804 5505 προτέραν
1836 5431 1882 5482 ἓν
1916 5434 2098 5502 Ἐφέσῳ

523 5530 626 5573 τών
651 5517 914 5574 διακοσίων
951 5518 1105 5590 ἁγίων
1142 5521 1372 5594 πατέρων
1401 5517 1638 5580 σύνοδον,
1674 5523 1758 5572 καί
1797 5521 2097 5580 ἀποστείλας

526 5613 788 5675 ὰρχοντας
811 5611 1089 5680 ὀφείλοντας
1118 5617 1347 5686 παρεῖναι
1376 5617 1438 5682 τῇ
1459 5607 1677 5680 σννέδῳ,
1708 5611 1986 5682 προσέταξε
2017 5615 2098 5664 καί

525 5711 616 5751 τον
646 5695 907 5769 Νεστόριον
933 5698 1326 5772 παραγενέσθαι,
1371 5695 1458 5750 καὶ
1483 5695 1647 5770 κρίσιν
1687 5697 1769 5753 ἃττ’
1795 5701 1930 5773 αὖτῷ
1964 5703 2097 5773 γῖνὲ-

2201 4541 2312 4588 tem
2336 4533 2646 4600 humanam,
2677 4535 2772 4589 sed
2793 4535 2939 4590 carni
2959 4537 3189 4589 animam
3216 4535 3538 4590 rationalem
3560 4536 3778 4592 habenti

2203 4621 2366 4677 fuisse
2419 4623 2646 4686 unitum,
2699 4625 3040 4694 congregatis
3083 4625 3136 4678 in
3181 4623 3780 4693 Constantinopolitana

2206 4709 2338 4764 urbe
2383 4719 2598 4765 centum
2643 4712 3028 4780 quinquaginta
3076 4711 3340 4778 Patribns,
3371 4727 3436 4766 ac
3465 4713 3583 4781 ipse
3613 4715 3776 4782 parti-

2204 4813 2332 4867 ceps
2375 4799 2584 4852 concilii
2613 4798 3146 4865 ellectus,.damnatis
3184 4810 3240 4856 et
3282 4803 3635 4857 anathemate
3658 4819 3778 4872 per-

2205 4890 2366 4944 culsis
2420 4891 2686 4958 praedictis
2737 4891 3002 4948 haereticis
3051 4909 3154 4948 una
3197 4909 3319 4948 cum
3363 4893 3547 4961 impiis
3585 4909 3773 4949 eorum

2205 4978 2542 5046 dogmatibus
2570 4994 2632 5034 ac
2661 4981 3037 5048 sectatoribus,
3071 4997 3252 5036 curam
3279 4981 3522 5035 adhibuit
3543 4991 3604 5036 nt
3629 4993 3776 5037 recta

2204 5063 2336 5120 ﬁdes
2376 5065 2770 5134 praedicaretur.
2820 5067 3149 5123 Theodosius
3197 5083 3325 5123 vero
3349 5067 3565 5136 Junior,
3612 5067 3776 5137 impio

2205 5155 2454 5209 Nestorio
2479 5155 2688 5210 dicente
2709 5157 2871 5211 alium
2901 5173 3020 5213 esse
3051 5159 3217 5214 Deum
3243 5158 3496 5224 Verbum,
3527 5168 3583 5212 et
3611 5161 3774 5214 alium

2200 5242 2499 5310 Christum,
2529 5260 2594 5300 ac
2624 5244 2853 5300 Verbum
2905 5247 3119 5316 quidem
3170 5256 3362 5303 natura
3412 5262 3534 5302 esse
3581 5247 3773 5302 Filium

2201 5335 2293 5390 Dei
2319 5345 2377 5390 et
2401 5333 2589 5403 Patris,
2613 5333 2882 5392 Christum
2903 5354 3031 5393 vero
3054 5347 3258 5394 tantum
3288 5355 3354 5393 ex
3377 5340 3552 5408 gratia
3581 5339 3774 5394 Filium

2197 5425 2362 5495 impie
2390 5426 2783 5492 introducente,
2816 5437 2870 5483 et
2899 5437 3138 5484 sanctam
3167 5429 3389 5483 Mariam
3416 5428 3512 5484 Dei
3551 5431 3774 5498 genitri-

2197 5530 2315 5570 cem
2343 5531 2462 5571 esse
2487 5526 2754 5586 negante;
2796 5521 3140 5587 congregavit
3165 5521 3404 5590 priorem
3445 5519 3772 5591 Ephesinam

2196 5607 2461 5680 synodum
2489 5618 2842 5685 ducentorum
2883 5621 3187 5668 sanctorum
3215 5611 3452 5678 Patrum,
3477 5623 3534 5670 et
3554 5616 3774 5674 directis

2197 5698 2530 5772 principibus
2552 5700 2644 5771 qui
2674 5701 2930 5758 deberent
2959 5703 3184 5759 concilio
3222 5704 3500 5776 interesse,
3534 5701 3696 5773 jussit
3718 5715 3772 5764 et
