3958 6288
102 354 226 423 1037

828 336 1193 398 EPISTOLA
1231 341 1629 403 ADVERSUS
1666 343 2145 404 TiIEODORUM
2189 339 2604 403 MOPSUEST.

3190 343 3329 408 1038

97 467 228 518 σθαι.
256 463 351 516 Καί
384 459 445 521 δὴ
472 463 728 534 γενομένης
756 462 994 536 ἀκριϐοῦς
1025 461 1302 527 ἐξετάσεως
1338 463 1666 519 κατεδίκασαν

1771 464 1945 532 ipsum
2005 462 2304 517 Nestorium
2334 460 2546 529 adesse,
2578 472 2630 516 et
2670 444 2926 530 judicium
2954 462 3021 518 de
3064 477 3131 518 eo
3180 464 3295 520 ﬁeri
3325 484 3343 520 τ

108 554 370 623 καστόριον
391 594 403 614 .
442 554 891 621 άναθεματίσαντες
916 557 1010 608 σὺν
1045 564 1150 614 τοῖς
1178 554 1449 629 όμόφροσιν
1493 559 1664 611 αὐτοῦ.

99 644 294 696 Τούτων
322 640 374 694 δέ
405 640 537 693 οῦτω
565 642 930 712 προελθόντων,
962 644 1329 703 ἐπαναστάντες
1354 646 1570 718 Κυρίλλῳ
1598 655 1670 718 τῷ

103 730 461 798 πανοσιωτάτῳ
478 729 526 781 oi
551 736 641 787 τῆς
662 729 928 797 ἐξαγίστου
949 732 1223 803 Νεστορίου
1249 730 1464 809 μερίδος,
1490 735 1670 787 ἐσπού-

100 818 290 881 δασαν,
329 818 388 873 τό
409 838 465 890 γε
507 816 585 871 ἐπ’
608 821 795 881 αὐτοῖς,
823 819 1099 892 ἀνατρέψαι
1125 826 1215 879 τήν
1240 825 1373 877 κατά
1398 827 1669 897 Νεστορίου

98 911 419 981 γεγενημένην
461 909 640 983 κρίσιν.
668 906 787 962 ’Δλλ’
831 902 915 961 οὖν
955 928 1011 979 γε
1063 907 1325 970 Θεοδὲσιος
1357 910 1383 964 6
1430 912 1671 975 βασιλεὺς

99 1000 575 1068 ἀντιλαμϐανόμενος
603 1006 701 1053 τῶν
741 996 893 1060 ὅντως
930 999 1087 1072 ὀρθῶς
1121 1002 1252 1054 κατὰ
1290 1005 1557 1076 Νεστορίου
1586 1008 1671 1059 καί

95 1099 193 1147 τῶν
233 1098 460 1167 πονηρῶν
506 1091 661 1144 αὐτοῦ
702 1087 964 1159 δογμάτων
990 1090 1281 1165 κριθέντων,
1316 1093 1669 1165 παρεσκεύασε

96 1188 298 1253 κρατεῖν
350 1182 583 1251 γενναίως
624 1177 863 1249 [Latinus
907 1179 1170 1244 interpres
1208 1177 1335 1245 legit
1368 1177 1550 1249 οὕτως]
1583 1185 1671 1239 τήν

92 1272 171 1324 ἐπ’
221 1276 366 1343 αὐτῷ
418 1271 744 1341 γεγενημένην
794 1270 974 1341 κρίσιν.
1033 1269 1123 1321 Καὶ
1182 1270 1282 1342 γάρ
1348 1267 1478 1342 πρὸς
1543 1271 1668 1324 τού-

40 1378 49 1381 ’
91 1388 196 1426 τοις
241 1371 330 1420 καί
390 1364 514 1420 ἄλλα
565 1367 678 1420 τινά
731 1365 858 1417 κατά
902 1368 992 1417 τοῦ
1040 1364 1172 1416 θείου
1225 1362 1460 1438 ευρίλλου
1512 1383 1670 1416 κατα-

88 1458 517 1527 φλυαρησάντων,
580 1456 757 1529 γράφει
817 1456 946 1528 πρὸς
1007 1455 1096 1509 τόν
1156 1453 1368 1523 βασιλέα
1435 1450 1667 1527 Κύριλλος

87 1556 323 1604 τοιαῦτα·
357 1566 375 1599 t
393 1546 688 1621 Ἐπειδήπερ
710 1546 975 1617 ἐπυθόμην,
1004 1540 1043 1597 ὦ
1071 1544 1405 1598 εὐσεϐέστατε
1432 1544 1664 1615 βασιλεῦ,

84 1650 185 1695 τῶν
210 1642 483 1714 φιλολογεῖν
522 1638 757 1692 εἰωθότων
781 1639 920 1696 τινάς
963 1638 1144 1712 ἀγρίων
1178 1642 1376 1707 σφηκῶν
1414 1633 1554 1692 δίκην
1578 1656 1670 1689 πε·

84 1731 352 1807 ριϐομϐεῖν
370 1771 382 1789 ,
417 1733 501 1783 καί
538 1729 834 1801 μοχθηροὺς
859 1729 1146 1798 ἔρεύγεσθαι
1183 1724 1294 1780 κατ’
1320 1726 1441 1795 ἐμοῦ
1466 1726 1663 1796 λόγους,

1771 554 2119 622 diligentique
2167 553 2568 607 examinatione
2595 553 2749 617 facta,
2782 554 3104 609 damnarunt
3131 564 3186 609 et
3212 570 3341 625 ana.-

1774 642 2188 697 thetnatizarunt
2217 640 2520 696 Nestorium
2550 658 2653 695 una
2675 658 2797 697 cum
2820 645 3173 711 sectatoribus
3200 649 3340 716 ejus.

1772 734 1865 789 llis
1886 742 2063 787 autem
2092 733 2165 787 ita
2193 733 2507 796 subsecutis,
2538 748 2660 786 eum
2707 734 3116 789 insurrexissent
3151 746 3340 792 contra

1770 824 2162 878 sanctissimum
2218 820 2475 893 Cyrillum
2530 831 2824 877 sectatores
2878 824 3026 894 impii
3074 824 3338 894 Nestorii,

1767 913 1946 967 conati
1967 920 2093 967 sunt
2114 913 2390 982 (quantum
2421 912 2474 967 in
2501 913 2628 982 ipsis
2649 912 2768 984 fuit)
2793 916 3098 970 rescindere
3117 925 3333 972 senten-

1769 1003 1899 1056 tiam
1926 1011 2115 1057 contra
2141 1001 2445 1059 Nestorium
2465 1002 2647 1057 latam.
2672 1003 2777 1058 Sed
2808 1003 3141 1065 Theodosius
3165 1008 3340 1075 imper-

1770 1102 1935 1155 rator.
1968 1091 2262 1148 defendens
2286 1108 2351 1147 ea
2380 1107 2501 1162 qua:
2530 1094 2603 1151 ita
2637 1103 2784 1163 recte
2816 1105 3004 1155 contra
3031 1095 3333 1151 Nestorium

1769 1193 1825 1237 et
1854 1183 2011 1251 impia
2043 1183 2157 1251 ejus
2179 1172 2431 1252 dogmata
2458 1184 2670 1238 fuerant
2692 1185 2952 1254 iudicata,
2982 1187 3340 1244 damnationis

1769 1273 2086 1327 sententiam
2122 1272 2173 1326 in
2206 1287 2326 1327 eum
2357 1272 2551 1328 factam
2579 1283 2753 1328 ratam
2783 1276 2971 1331 haberi
2999 1279 3225 1333 curavit.
3253 1276 3341 1333 ln-

1769 1379 1931 1433 super
1958 1372 2136 1418 autem
2168 1379 2288 1419 cum
2310 1371 2363 1418 et
2390 1364 2632 1433 quaedam
2658 1366 2761 1419 alia
2784 1367 3008 1422 crimina
3035 1368 3216 1423 divino
3235 1368 3340 1439 Cy-

1768 1452 1890 1506 rillo
1929 1451 2068 1521 apud
2114 1452 2490 1522 imperatorem
2542 1455 2818 1521 nugaeiter
2862 1455 3241 1526 impingerent,
3271 1459 3340 1511 ad

1722 1604 1732 1619 I
1769 1545 2147 1614 imperatorem
2177 1544 2406 1617 Cyrillus
2433 1545 2487 1600 in
2528 1545 2668 1600 hanc
2709 1549 3033 1603 sententiam
3079 1551 3290 1619 scripsit
3322 1568 3334 1602 :

1774 1653 1794 1686 ι
1821 1633 2111 1703 Postquam
2153 1635 2281 1688 mihi
2302 1677 2317 1701 ,
2348 1636 2587 1705 piissime
2615 1636 2929 1707 imperator,
2973 1640 3337 1694 renuntiatum

1769 1734 1869 1791 est,
1901 1723 2162 1793 quosdam
2201 1725 2442 1793 garrulos
2470 1724 2642 1779 instar
2674 1741 2958 1795 vesparqu
2988 1727 3219 1783 ferarum
3248 1744 3339 1783 su-

83 1823 153 1880 ὠς
184 1822 236 1883 ἐξ
263 1822 483 1895 οὐρανοῦ
511 1818 893 1888 κατακομισθέν,
929 1818 1015 1869 καί
1051 1817 1137 1868 οὐκ
1161 1817 1215 1869 ἐκ
1235 1824 1324 1876 τῆς
1353 1814 1502 1885 ἁγίας
1526 1836 1662 1888 παρρ

1767 1816 1932 1870 surris
1950 1816 2059 1869 suis
2085 1830 2239 1869 aures
2286 1823 2405 1869 tuas
2433 1830 2744 1886 personare,
2781 1824 2835 1870 et
2862 1817 3145 1872 maledicta
3174 1819 3227 1873 in
3251 1834 3340 1873 me

80 1915 225 1965 θὲνου
251 1911 482 1979 λέγοντος
518 1909 574 1962 τὸ
612 1910 740 1961 θεῖον
770 1915 921 1976 σῶμα
948 1911 1169 1979 Χριστοῦ
1187 1946 1201 1970 ,
1231 1908 1315 1958 καί
1354 1906 1443 1971 μέν
1480 1927 1555 1959 τοι
1582 1909 1665 1959 καὶ

78 1999 174 2054 δύο
194 2002 347 2059 υῗοῦς
375 1994 504 2052 κατά
522 1998 788 2070 Νεστόριον
807 1996 1057 2067 ὁμολογεῖν
1071 1998 1205 2066 ἡμᾶς
1226 1996 1663 2068 κατεφλυάρησαν,

75 2090 189 2144 δεῖν
212 2094 443 2162 ᾠήθημεν
465 2089 606 2158 ὀλίγα
620 2089 739 2161 περὶ
756 2087 934 2138 τούτου
956 2086 1082 2160 πρὸς
1104 2088 1291 2145 αὐτοὺς
1313 2087 1466 2139 εἰπεῖν
1485 2085 1663 2143 οὕτως·

75 2178 150 2232 Ὠ
179 2182 391 2237 ἀνόητοι
416 2180 499 2232 καί
531 2180 675 2250 μόνον
702 2178 883 2236 ε’δότες
910 2185 1254 2248 συκοφαντεῖν,
1286 2184 1394 2235 πῶς
1423 2180 1492 2237 εἰς
1520 2183 1670 2229 τοῦτο

73 2273 389 2340 παρήχθητε
434 2272 668 2339 γνώμης,
714 2271 796 2321 καί
834 2270 1087 2325 τοσαύτην
1126 2272 1421 2325 νενοσήκατε
1455 2269 1665 2330 amictu;

74 2360 181 2417 ἔδει
216 2368 398 2431 σαφῶς
440 2362 648 2424 ἕννοεῐν,
682 2359 757 2412 ὅτι
801 2357 991 2427 σχεδὸν
1038 2357 1171 2417 ἄπας
1194 2360 1314 2428 ἡμῖν
1357 2357 1383 2411 6
1421 2359 1549 2432 ὑπὲρ
1577 2367 1669 2418 τῆς

70 2454 307 2509 πίστεως
353 2452 486 2521 άγών
513 2451 905 2517 συνεκεκρόιωτο
935 2448 1422 2519 διαϐεϐαιουμένοις,
1453 2446 1528 2503 ὃτι
1556 2450 1665 2502 θεο-

71 2542 222 2601 τόκος
260 2540 405 2593 ἐστίν
432 2542 461 2597 ἡ
489 2539 609 2612 ἁγία
635 2543 822 2615 Μαρία.
850 2534 972 2594 Ἀλλ’
998 2542 1204 2615 ἐπείπερ
1234 2543 1284 2604 ἐξ
1313 2542 1518 2614 οὐρανοῦ
1536 2582 1550 2605 ,
1581 2544 1667 2595 καί

67 2635 163 2686 οὐκ
191 2634 243 2695 ἐξ
266 2633 428 2690 αὐτῆς
451 2633 774 2704 γεγεννῆσθαι
799 2632 857 2685 τὸ
895 2632 1024 2684 θεῖον
1050 2638 1201 2699 σῶμα
1222 2637 1315 2684 τοῦ
1343 2637 1566 2705 Χριστοῦ
1585 2630 1669 2684 λέ-

68 2743 257 2793 γομεν,
300 2724 375 2782 ὥς
400 2743 551 2795 φασι,
583 2730 690 2783 πῶς
721 2718 779 2775 ἂν
804 2730 967 2776 νοοῖτο
997 2723 1256 2786 θεοτόκος;
1286 2725 1395 2776 τίνα
1415 2721 1514 2796 γάρ
1543 2721 1667 2782 ὅλως

66 2816 308 2877 τέτοκεν,
342 2817 385 2867 εἰ
405 2817 474 2882 μή
502 2814 636 2867 ἐστιν
669 2813 840 2873 ἀληθὲς
860 2810 939 2867 ὅτι
967 2813 1226 2884 γεγέννηκε
1249 2814 1376 2866 κατὰ
1393 2814 1557 2886 σάρκα
1583 2813 1666 2867 τὸν

68 2908 435 2982 Ἐμμανουήλς
463 2906 790 2976 γελάσθωσαν
817 2908 982 2961 τοίνυν
1009 2907 1055 2960 οἱ
1078 2911 1241 2961 ταῦτα
1262 2909 1345 2958 καί
1372 2907 1436 2960 τά
1454 2911 1667 2960 τοιαῦτα

67 3000 194 3053 κατ’
251 3000 385 3068 ἐμοῦ
439 2997 864 3067 πεφλυαρηκότες.
909 2997 979 3048 οὐ
1016 2998 1115 3068 γὰρ
1164 2993 1407 3065 ψεύδεται
1440 2994 1595 3067 λέγων
1640 2992 1667 3048 6

65 3090 338 3158 μακάριος
360 3086 584 3145 Ἠσαίας*
603 3085 819 3140 -ἰδσῦ
842 3088 872 3142 ἦ
891 3087 1134 3157 παρθένος
1162 3086 1209 3138 iv
1226 3088 1412 3160 γαστρί
1438 3087 1554 3151 ἕξει,
1582 3088 1668 3140 καί

1766 1911 2033 1967 eructare,
2066 1912 2325 1971 nugantes
2355 1917 2441 1956 me
2466 1918 2709 1959 asserere
2737 1903 2935 1959 Christi
2956 1905 3190 1961 divinum
3218 1922 3339 1963 eor-

1766 2010 1867 2063 pus
1886 1993 2022 2048 etelo
2051 1993 2305 2055 delatum,
2337 2001 2392 2046 et
2417 2008 2527 2047 non
2547 1992 2615 2047 de
2642 2002 2826 2048 saneta
2858 1995 3076 2062 Virgine
3099 2011 3339 2065 assump-

1769 2091 1909 2148 tum;
1942 2083 2176 2151 itemque
2204 2082 2338 2138 duos
2368 2083 2505 2138 iilios
2526 2084 2593 2138 de
2620 2086 2883 2139 sententia
2912 2086 3141 2141 Nestorii
3172 2086 3340 2141 conii-

1769 2174 1868 2227 teri
1894 2190 1908 2225 :
1941 2173 2243 2228 existimavi
2268 2174 2468 2229 debere
2496 2190 2583 2230 me
2620 2176 2875 2231 adversus
2913 2178 3058 2248 ipsos
3086 2192 3255 2247 pauca
3284 2180 3339 2235 in

1768 2262 1908 2318 hanc
1950 2264 2266 2317 sententiam
2295 2264 2474 2319 dicere
2501 2283 2512 2317 :
2556 2263 2601 2319 0
2629 2264 2779 2331 fatui,
2809 2274 2866 2320 et
2906 2268 3102 2323 nullius
3130 2269 3208 2323 rei
3238 2270 3339 2323 nisi

1767 2353 2125 2408 calumniandi
2197 2356 2385 2423 gnari,
2431 2356 2705 2425 quomodo
2760 2358 2814 2410 iu
2863 2359 3003 2414 hanc
3048 2359 3339 2414 devenistis
3420 2408 3443 2418 -

1766 2445 2105 2508 sententiam,
2132 2452 2445 2514 tantumque
2471 2446 2691 2503 insaniae
2720 2448 3080 2517 coneepistis?
3107 2447 3337 2504 Omnino

1768 2534 1910 2588 enim
1936 2536 2220 2605 oportebat
2240 2537 2345 2592 hoc
2367 2552 2466 2591 vos
2488 2538 2768 2607 perspicue
2795 2540 3014 2603 sentire,
3041 2549 3207 2595 totam
3230 2541 3339 2596 fero

1768 2632 2007 2678 nostram
2028 2625 2095 2679 de
2118 2624 2220 2680 [ide
2239 2625 2653 2695 disputationem
2694 2627 2819 2682 inde
2847 2637 3041 2693 ortam,
3072 2630 3213 2697 quod
3241 2645 3340 2686 nos

1769 2722 2008 2767 sanctam
2037 2712 2257 2768 Mariam
2287 2714 2570 2785 Deiparam
2598 2730 2719 2771 esse
2753 2716 3145 2774 contendimus.
3177 2718 3339 2787 Atqui

1767 2805 1832 2871 si,
1857 2814 1915 2859 ut
1934 2805 2009 2859 illi
2037 2805 2241 2869 dicunt,
2270 2821 2370 2860 nos
2402 2821 2600 2877 corpus
2638 2807 2836 2863 Christi
2859 2806 3098 2863 divinum
3129 2808 3340 2864 coalitus

1767 2897 1999 2961 venisse,
2030 2911 2135 2950 non
2163 2910 2229 2950 ex
2259 2896 2374 2966 ipsa
2418 2905 2602 2951 natum
2644 2897 2891 2964 dicimus,
2924 2900 3195 2968 quomodo
3216 2898 3341 2956 Dei-

1771 3000 1898 3053 para
1927 2984 2031 3039 diei
2068 2986 2302 3054 poterit?
2329 2985 2498 3051 Quem
2527 2987 2670 3041 enim
2698 2989 2931 3058 peperit,
2958 2988 3003 3044 si
3031 2988 3134 3042 hoc
3154 3004 3339 3043 verum

1770 3088 1877 3127 non
1926 3080 2029 3135 est,
2061 3073 2206 3142 quod
2234 3074 2526 3129 secundum
2566 3079 2787 3132 ear'neu
2836 3077 3107 3145 pepererit
3134 3075 3339 3131 Emma-

60 3181 276 3243 τέξεται
307 3178 434 3239 υἶόν,
466 3178 552 3230 καὶ
587 3176 859 3231 καλέσουσι
885 3178 942 3230 τό
972 3172 1127 3246 ὄνομα
1158 3178 1310 3230 αὐτοῦ
1333 3177 1659 3249 Ἐμμανουήλ,

1770 3163 2017 3218 nuelem?
2046 3163 2340 3219 Rideantur
2367 3178 2498 3233 ergo
2526 3166 2614 3234 qui
2642 3167 2757 3221 hac
2785 3168 2994 3248 et‘talia
3022 3168 3090 3223 de
3116 3184 3205 3223 me
3225 3168 3338 3223 bla-

60 3271 92 3325 ὅ
113 3270 262 3335 ἔστι,
284 3270 394 3338 μεθ’
416 3270 555 3337 ἡμῶν
578 3268 602 3319 6
627 3269 770 3328 Θεὸς.
789 3296 858 3307 -
874 3268 1120 3325 ’Δληθεύιι
1139 3266 1191 3321 6i
1212 3269 1411 3328 πάντως
1432 3267 1552 3322 καίὸ
1575 3269 1666 3341 ἀρ-

59 3362 349 3435 χάγγελος
370 3358 590 3432 Γαϐριὴλ
605 3360 733 3433 πρὸς
747 3362 836 3417 τήν
853 3359 1096 3432 παρθένον
1116 3358 1369 3411 είπώνο-
1388 3362 1463 3415 Μὴ
1488 3357 1665 3426 φοϐοῦ,

59 3458 295 3531 Μαριάμ
316 3491 333 3514 ,
368 3448 511 3526 εὗρες
538 3453 638 3526 γὰρ
677 3454 830 3522 χάριν
868 3452 1006 3521 παρὰ
1030 3457 1102 3521 τῷ
1132 3456 1272 3521 Θεῷ⁶
1301 3451 1381 3500 καί
1413 3447 1519 3502 ἰδοὺ
1548 3448 1669 3502 συλ-

56 3545 212 3618 λήῴῃ
242 3545 299 3596 ἓν
321 3545 536 3613 γαστρί.
567 3544 651 3592 καὶ
693 3541 850 3602 τέξεις
884 3539 1015 3603 υίὸν,
1059 3543 1139 3592 καί
1163 3539 1392 3598 καλέσεις
1429 3540 1487 3594 τό
1516 3537 1669 3608 ξ’νομα

56 3636 235 3688 αὖτοῦ
264 3631 493 3686 Ἰησοῦν.
524 3629 680 3686 Αὐτὸς
700 3629 799 3700 γάρ
831 3629 993 3680 σώσει
1009 3628 1097 3681 τὸν
1123 3628 1238 3682 λαὸν
1265 3629 1416 3681 αὐτοῦ
1449 3629 1547 3683 άπὸ
1568 3637 1668 3683 τῶν

53 3724 358 3798 ἁμαρτιῶν
373 3721 550 3772 αὐτῶν.
566 3714 800 3770 -Ὀταν
811 3715 862 3771 δὲ
874 3717 1090 3789 λέγομεν,
1107 3714 1288 3771 ἄνωθεν
1301 3718 1350 3781 ἐξ
1362 3720 1571 3791 οὐρανοῦ
1583 3719 1668 3772 τόν

52 3818 249 3888 κύριον
279 3814 428 3881 ἡμῶν
454 3808 648 3867 Ἰησοῦν
678 3810 923 3883 Χριστόν,
957 3810 1061 3879 οὐχ
1089 3811 1156 3869 ὡς
1182 3805 1365 3862 ἄνωθεν
1386 3809 1436 3872 ἐξ
1462 3812 1666 3880 οὐρανοῦ

52 3903 482 3973 κατενεχθείσης
502 3910 592 3961 τῆς
613 3900 756 3973 ἁγίας
779 3902 937 3955 αὐτοῦ
966 3902 1152 3972 σαρκός
1173 3903 1337 3955 ταῦτά
1357 3922 1533 3973 φαμεν,
1564 3902 1668 3955 ἀλλ’

52 4002 126 4057 ὡς
152 3998 413 4067 ἑπόμενοι
433 4001 506 4065 τῷ
522 3995 638 4066 ἱερῷ
654 3993 825 4062 Παύλῳ
841 3994 1097 4064 φάσκοντι,
1116 4003 1250 4045 -Ὁ
1262 4002 1460 4066 πρῶτος
1475 3990 1667 4068 ιε’ίνθρω⁴

51 4108 161 4148 στος
194 4088 256 4139 ἐκ
281 4091 387 4155 γῆς
430 4084 634 4152 χοίκός,
672 4080 697 4135 6
744 4079 974 4157 δεύτερος
1004 4080 1029 4134 6
1069 4082 1236 4155 κύριος
1265 4083 1315 4145 ἐξ
1342 4083 1568 4158 οὐρανοῦ.
1598 4109 1668 4125 --·

47 4178 384 4248 Μεμνήμεθα
407 4171 459 4226 δὲ
502 4175 587 4226 καί
612 4174 764 4226 αὐτοῦ
800 4177 892 4225 τοῦ
930 4173 1105 4245 κυρίου
1133 4171 1379 4241 λέγοντος,
1407 4200 1477 4217 -—
1495 4171 1667 4231 Οὐδεὶς

47 4267 396 4323 ἀναϐέϐηκεν
428 4266 499 4324 εἰς
525 4264 610 4318 τὸν
640 4264 870 4337 οὐρανὸν,
900 4264 944 4315 εἰ
966 4267 1035 4334 μὴ
1074 4262 1100 4316 6
1127 4264 1182 4316 ἕκ
1222 4269 1309 4317 τοῦ
1339 4265 1546 4335 οὐρανοῦ
1576 4286 1668 4318 κα·

45 4362 268 4424 τριϐὰς,
306 4357 337 4412 6
365 4358 476 4416 υἱός
504 4362 595 4411 τοῦ
622 4357 903 4428 ἀνθρώπου.
931 4383 1002 4394 —
1022 4356 1183 4409 καίτοι
1221 4356 1509 4428 γεγέννηται
1535 4360 1666 4411 κατὰ

45 4453 241 4527 σάρκα
261 4487 277 4513 ,
316 4448 394 4506 ὡς
417 4444 612 4520 εἴρηται
630 4485 644 4510 ,
686 4446 739 4498 ἐκ
766 4453 857 4504 τῆς
878 4443 1019 4517 ἁγίας
1047 4446 1314 4518 παρθένου.
1353 4443 1521 4504 ἕπειδή
1561 4445 1613 4501 δὲ
1639 4447 1664 4501 6

1769 3261 1963 3308 terant.
1988 3253 2105 3308 Non
2134 3256 2276 3309 enim
2306 3258 2565 3311 mentitur
2589 3266 2803 3312 sanctus
2826 3257 2989 3313 Isaias
3013 3273 3132 3313 eum
3154 3258 3227 3311 ita
3255 3274 3337 3312 va-

1768 3343 2023 3399 ticinatur
2047 3362 2060 3397 :
2088 3343 2371 3417 Eccerirgo
2389 3347 2444 3400 iu
2471 3354 2616 3402 utero
2637 3347 2859 3412 habebit,
2882 3356 2931 3400 et
2954 3348 3122 3417 pariet
3148 3347 3337 3423 filium,

1768 3443 1816 3489 et
1842 3436 2091 3490 vocabunt
2114 3454 2230 3491 eum
2257 3436 2595 3507 Emmanuel,
2624 3440 2760 3510 quod
2783 3448 2880 3505 est,
2909 3439 3171 3492 nobiscum
3206 3436 3338 3498 Dens

1770 3533 1904 3603 (lsa.
1974 3534 2094 3605 vn).
2127 3532 2193 3587 Et
2221 3533 2364 3588 haud
2414 3534 2573 3590 dubie
2616 3550 2803 3590 verum
2847 3534 2982 3589 dixit
3007 3534 3223 3588 Gabriel
3248 3549 3311 3588 ar

1768 3625 2055 3693 ehangelus
2084 3627 2156 3679 ita
2186 3625 2403 3680 Mariam
2430 3627 2706 3695 alloquens
2731 3646 2744 3680 :
2776 3625 2860 3680 Ne
2910 3629 3109 3689 timeas,
3138 3626 3335 3691 Maria,

1767 3716 2004 3769 invenisti
2030 3718 2164 3769 enim
2193 3717 2416 3787 gratiam
2461 3717 2600 3788 apud
2629 3716 2811 3771 Deum.
2845 3715 2981 3769 Ecce
3007 3717 3260 3785 concipies
3287 3717 3338 3767 in

1767 3813 1929 3868 utero,
1961 3815 2010 3857 et
2058 3807 2229 3874 paries
2255 3806 2440 3875 ﬁlium,
2468 3816 2519 3859 et
2544 3806 2750 3860 vocabis
2777 3822 2959 3859 nomen
2981 3807 3091 3876 ejus
3114 3804 3291 3859 Jesum
3321 3823 3336 3859 :

1768 3896 1878 3966 ipse
1914 3897 2050 3953 enim
2089 3898 2287 3950 salvum
2315 3899 2470 3967 faciet
2499 3898 2742 3968 populum
2769 3914 2915 3951 suum
2943 3915 2974 3951 a
3003 3900 3224 3968 peccatis
3249 3916 3336 3952 εον

1766 4001 1881 4039 rum
1908 3983 2055 4055 (Luc.
2089 4001 2138 4051 1;
2169 3984 2355 4040 Matth.
2387 3988 2448 4054 ι).
2480 3987 2610 4041 Cum
2657 3994 2838 4042 autem
2886 3986 3167 4042 Dominum
3209 4003 3336 4042 nos-

1770 4094 1907 4138 trum
1937 4083 2120 4139 Jesum
2148 4083 2417 4139 Christum
2461 4084 2688 4140 dicimus
2715 4085 2946 4155 desuper
2982 4085 3049 4140 de
3074 4086 3213 4140 emlo
3243 4101 3336 4139 ve-

1768 4175 1931 4247 nisse,
1979 4190 2085 4228 non
2137 4189 2205 4231 eo
2244 4189 2403 4229 sensu
2451 4175 2695 4239 dicimus,
2746 4177 2899 4245 quasi
2942 4186 3187 4247 putemus
3214 4191 3336 4230 eum

1767 4272 2005 4317 sanetam
2031 4278 2179 4317 suam
2210 4279 2424 4318 carnem
2453 4265 2520 4319 de
2541 4266 2680 4321 emlo
2724 4265 3009 4331 detulisse;
3039 4266 3135 4320 sed
3159 4267 3336 4335 sequi-

1767 4368 1886 4407 mur
1912 4362 2156 4408 sanctmn
2203 4353 2446 4419 Paulum,
2480 4355 2569 4425 qui
2595 4354 2671 4410 ita
2699 4356 2774 4409 ait
2802 4372 2815 4408 :
2862 4354 3073 4410 Primus
3095 4355 3245 4411 homo
3275 4357 3336 4409 de

1769 4453 1905 4497 terra
1927 4452 2189 4509 teri-mus;
2218 4445 2492 4513 secundus,
2518 4445 2770 4504 Dominus
2791 4462 2820 4499 e
2841 4447 2964 4499 caele
2992 4444 3043 4515 (Ι
3071 4446 3190 4513 Cor.
3221 4462 3334 4504 xv».

43 4543 257 4600 ἄνωθεν
305 4541 367 4603 ἐξ
413 4540 629 4607 οὐρανοῦ
666 4543 1040 4608 καταφοιτήσας
1062 4538 1187 4598 Θεὸς
1228 4538 1372 4610 λόγος
1408 4542 1665 4595 κεκένωκεν

1767 4532 2038 4586 lmitamur
2064 4533 2224 4593 etiam
2254 4542 2309 4587 et
2331 4534 2501 4603 ipsum
2524 4535 2805 4589 Dominum
2834 4536 3101 4599 dicentem
3128 4533 3334 4588 :Nemu

41 4635 249 4691 ἔαυτόν
267 4670 285 4695 ,
319 4635 517 4706 μορφήν
545 4628 724 4684 δούλου
754 4629 947 4692 λαϐὼν,
979 4631 1060 4682 καί
1083 4631 1453 4701 κεχρημάτικεν
1476 4632 1667 4705 ἀνθρώ·

39 4748 159 4781 που
194 4725 326 4781 υίὸς
369 4721 498 4789 μετὰ
532 4725 621 4775 τοῦ
650 4726 811 4791 μεῖναι
836 4716 859 4772 ὂ
884 4717 963 4783 ἧν,
989 4720 1222 4773 τουτέστι
1246 4719 1391 4780 Θεός’
1419 4717 1665 4791 ἄτρεπτος

39 4818 156 4889 γὰρ
191 4814 297 4865 καί
319 4810 651 4868 ἀναλλοίωτος
678 4810 808 4863 κατά
840 4811 987 4879 φύσι)
1014 4809 1183 4863 ἰστίν⁹
1214 4809 1281 4868 ὡς
1307 4804 1377 4868 εἷς
1403 4807 1498 4867 ἤδη
1523 4811 1665 4863 νοονε-

39 4923 211 4975 μενος
241 4899 394 4972 μιτά
427 4906 518 4957 τῆς
554 4897 685 4957 ἰδίας
709 4898 925 4972 σαρκὸς.
955 4898 1003 4961 ἐξ
1030 4899 1243 4973 οὐρανοῦ
1270 4898 1465 4970 λέγεται
1492 4901 1665 4955 κατελ·

39 4998 172 5053 θεῖν,
211 4988 532 5059 ὠνόμασται
554 4985 711 5041 δὲκαὶ
739 4985 997 5061 ἅνθρωπος
1024 4989 1074 5050 ἐξ
1098 4989 1343 5061 οὐρανοῦ,
1383 4990 1566 5050 τέλειος
1600 4988 1666 5044 ὧν

41 5085 93 5137 ἓν
122 5078 365 5133 θεότητι
385 5113 401 5138 ν
432 5077 517 5127 καὶ
548 5076 728 5132 τέλειοι
768 5074 794 5128 6
819 5076 973 5134 αὐτὸς
997 5077 1049 5128 ἕν
1077 5077 1446 5151 άνθρωπότητι,
1484 5081 1570 5131 καὶ
1597 5081 1665 5139 ὡς

41 5175 93 5227 ἓν
150 5171 239 5225 ἐνί
296 5167 570 5234 προσώπῳ
619 5167 908 5235 νοούμενος.
961 5162 1044 5224 Εἷς
1093 5165 1191 5239 γάρ
1248 5166 1420 5240 κύριος
1470 5165 1665 5228 Ἰησοῦς

41 5258 297 5337 ιριστὸς
321 5294 343 5321 ,
394 5249 482 5308 κᾶν
524 5256 556 5313 ἠ
602 5261 700 5310 τῶν
742 5255 938 5326 φύσεων
985 5252 1195 5326 διαφορά
1233 5259 1301 5325 μὴ
1330 5258 1586 5328 ἀγνοῆται,
1616 5259 1665 5322 ἐξ

41 5352 108 5406 ὗν
141 5355 251 5408 τήν
298 5344 599 5421 ἀπόρρητον
624 5345 799 5398 ἕνωσίν
836 5360 993 5417 φαμεν
1033 5347 1352 5414 πεπρᾶχθαι.
1390 5353 1666 5418 Τοιγαροῦν

43 5445 443 5520 ἱμολογοῧμενλ
465 5438 550 5491 τὸν
598 5445 829 5507 μονογενῆ
874 5437 983 5491 υἱὸν
1026 5442 1118 5490 τοῦ
1166 5442 1290 5490 Θεοῦ
1336 5436 1496 5507 λόγον,
1542 5438 1662 5492 Θεὸν

43 5536 287 5595 τέλὶιον,
338 5530 435 5581 καὶ
471 5524 732 5601 ἄνθρωπον
767 5526 973 5588 τέλειον,
1019 5526 1073 5578 ἐκ
1115 5524 1297 5595 ψυχῆς
1335 5526 1534 5596 λογικῆς
1580 5532 1663 5582 καὶ

43 5629 339 5697 νάματος,
368 5617 473 5689 πρὸ
489 5620 681 5671 αἰώνων
697 5617 785 5688 μὶν
804 5616 860 5669 ἐκ
878 5621 969 5670 τοῦ
995 5615 1189 5689 πατρὸς
1212 5616 1505 5687 γεννηθίντα
1532 5623 1662 5674 κατὰ

45 5725 129 5777 τήν
162 5714 448 5769 ϐιότητα,
488 5708 567 5761 in"
594 5707 838 5775 ἕσχάτων
866 5704 920 5760 δὲ
946 5713 1046 5760 τῶν
1083 5707 1279 5781 ἡμερῶν
1303 5707 1389 5760 τὸν
1425 5711 1573 5760 αὐτον
1602 5708 1669 5763 δι’

45 5814 186 5887 ἐμᾶς
211 5804 315 5864 καί
345 5796 440 5857 διὰ
460 5803 550 5857 τήν
575 5800 820 5871 ἡμετέραν
844 5800 1100 5872 σωτηρίαν
1121 5799 1175 5857 s'x
1192 5801 1387 5870 Μαρίας
1409 5805 1497 5858 τῆς
1526 5819 1661 5872 παφα

1765 4622 1997 4677 ascendit
2020 4625 2074 4676 in
2099 4624 2298 4689 castum,
2330 4624 2431 4678 nisi
2483 4625 2570 4708 qui
2611 4624 2871 4681 descendit
2898 4624 2959 4690 de
2986 4624 3139 4690 caelo,
3165 4622 3213 4676 F
3215 4626 3335 4685 ilius

1764 4710 1988 4764 hominis
2013 4709 2385 4782 (Joau.ln).At
2431 4728 2563 4768 vero
2600 4714 2742 4782 quod
2774 4712 2844 4767 ad
2875 4729 3092 4768 carnem
3122 4714 3333 4779 attinet,

1764 4812 1921 4857 natus
1947 4811 2048 4869 est,
2079 4802 2217 4866 sicut
2242 4803 2489 4871 diximus,
2522 4819 2588 4861 ex
2616 4805 2773 4860 beata
2797 4805 3034 4874 Virgine.
3063 4805 3168 4859 Sed
3195 4821 3334 4879 quo—

1766 4895 1907 4949 niam
1936 4894 2170 4949 Yerhum
2197 4895 2290 4949 Dei
2311 4895 2379 4949 de
2408 4897 2545 4951 caelo
2588 4895 2939 4961 descendens,
2971 4896 3195 4965 seipsum
3222 4898 3337 4949 exi-

1768 4986 1983 5051 nanivit,
2035 4988 2257 5057 formam
2296 4986 2428 5043 servi
2475 4988 2804 5055 assumenda,
2833 4985 3078 5053 illiusque
3105 4985 3337 5052 hominis

1765 5076 1992 5142 exstitit,
2020 5091 2143 5130 cum
2175 5084 2349 5129 tamen
2378 5076 2518 5130 idem
2548 5084 2888 5145 permaneret
2914 5077 3005 5145 qui
3033 5083 3192 5140 antea
3220 5074 3334 5127 fue-

1764 5175 1866 5231 rat,
1898 5167 2100 5230 scilicet
2128 5166 2268 5220 Deus
2294 5166 2402 5235 (est
2430 5166 2574 5220 enim
2601 5164 2967 5234 immutabilis,
3005 5173 3061 5219 et
3100 5163 3230 5217 nulli
3258 5164 3336 5218 al-

1769 5256 2018 5311 terationi
2046 5256 2294 5324 obnoxia:
2342 5256 2589 5327 natum),
2622 5272 2744 5311 cum
2767 5256 2880 5325 jam
2906 5271 3044 5312 unus
3071 5253 3335 5322 intelligat.

1765 5361 1853 5407 tur
1879 5366 1999 5407 esse
2027 5367 2148 5407 eum
2172 5352 2391 5421 propria
2415 5333 2597 5417 carne,
2623 5353 2817 5410 dicitur
2842 5356 2909 5410 de
2930 5358 3069 5413 emlo
3096 5358 3309 5413 venisse

1767 5441 1835 5496 Et
1853 5442 2159 5496 nominatur
2182 5443 2342 5496 etiam
2370 5442 2533 5497 homo
2560 5443 2628 5497 de
2647 5444 2805 5509 emlo,
2829 5460 2951 5500 cum
2980 5447 3051 5502 sit
3067 5444 3336 5517 perfectus

1766 5532 1819 5587 in
1840 5532 2062 5600 deitate,
2094 5532 2339 5601 idemque
2371 5530 2639 5603 perfectus
2668 5532 2719 5586 in
2746 5532 3110 5590 humanitate:
3140 5533 3336 5595 intelli-

1763 5634 2012 5692 giturque
2039 5637 2144 5677 una
2171 5636 2292 5678 esse
2320 5636 2569 5691 persona.
2605 5621 2753 5678 Unus
2781 5625 2923 5680 enim
2970 5634 3052 5680 est
3080 5624 3336 5695 Dominus

1764 5711 1920 5767 Jesus
1973 5711 2239 5780 Christus,
2286 5713 2498 5767 tametsi
2542 5720 2854 5769 naturarum
2900 5715 3184 5772 discrimen
3224 5731 3335 5771 non

1766 5805 2063 5873 ignoretur,
2084 5819 2151 5859 ex
2171 5805 2361 5875 quibus
2391 5802 2708 5864 ineilabilcm
2725 5805 2869 5862 illam
2892 5805 3118 5871 dicimus
3143 5804 3336 5875 factum
