3958 6288
211 285 347 353 1045

949 288 1315 354 EPISTULA
1358 295 1757 356 ADVERSUS
1795 296 2274 359 THEODOBUM
2313 300 2730 363 MOPSUEST.

3327 296 3463 366 1046

286 425 376 475 Διά
396 428 547 476 τοῦτο
566 424 714 493 ἡμεῖς
731 462 742 483 ,
773 424 816 475 εί
845 427 929 476 καὶ
956 427 1139 496 φανερά
1165 422 1222 482 ἦν
1245 427 1275 483 ἠ
1296 432 1393 480 τῶν
1434 429 1596 493 αὐτῶν
1637 447 1765 498 usq/ar

1958 427 2269 495 Quanquam
2300 422 2468 495 igitur‘
2487 428 2838 498 capitulorum
2870 424 3118 495 iniquitas
3163 426 3443 479 manifesto

211 511 360 565 ’λαίων
399 513 626 578 ἀσέϐεια,
660 510 797 584 ὅμως
837 518 1167 587 ἠρωτήσαμεν
1209 517 1329 575 τοὺς
1369 516 1516 590 ἱερεῖς
1560 525 1650 575 τῆς
1687 524 1775 572 τοῦ

213 606 341 654 Θεοῦ
370 603 645 662 ἐκκλησίας,
665 608 715 657 τί
736 607 852 677 περὶ
882 605 1071 658 τούτων
1099 612 1378 677 φρονοῦσιν
1403 609 1448 660 οἷ
1472 628 1601 668 τινες
1624 607 1778 671 δεῖξαι

212 693 522 763 βουλόμενοι,
556 691 632 747 ὅτι
663 700 750 751 τήν
777 697 1011 753 τοιαύτην
1039 697 1268 750 ἀσέϐειαν
1290 700 1320 756 ἡ
1346 700 1571 758 καθολικὴ
1613 702 1777 756 ἐκκλη-

213 790 304 837 σία
333 784 443 838 οὐδέ
488 784 627 855 ἔσχε
674 789 816 851 ποτὲ,
848 786 959 840 ούδέ
1001 786 1135 857 ἔχει,
1167 788 1502 844 κατεδίκασαν
1527 793 1609 844 καὶ
1635 793 1778 844 αύτοί

211 879 299 930 τὴν
311 875 543 931 τοιαύτην
556 874 709 929 δυσσέ
718 876 874 940 ϐειαν,
895 877 1118 948 ἐξαρχῆς
1136 879 1237 931 ύπὸ
1257 886 1354 931 τῶν
1375 878 1531 951 ἁγίων
1547 883 1777 957 πατέρων

211 961 717 1036 καταδεδικασμένην·
751 964 862 1020 οὐδὲ
906 970 1006 1038 γὰρ
1033 969 1076 1020 οί
1104 975 1193 1027 τῆς
1227 969 1485 1029 καθολικῆς
1514 971 1775 1033 ἐκκλησίας

209 1055 573 1124 κεχωρισμένα
621 1058 738 1130 περὶ
790 1058 982 1109 τούτων
1024 1064 1121 1109 τῶν
1160 1057 1432 1129 κεφαλαίων
1479 1060 1618 1128 λόγον
1663 1064 1776 1116 τινὰ

208 1151 488 1209 ποιοῦνται,
522 1143 705 1205 εἰδότες
736 1143 816 1199 ὅτι
843 1151 1013 1201 ταῦτα
1042 1146 1197 1208 οὐδεὶς
1229 1147 1438 1203 δύναται
1466 1158 1771 1223 χριστιανοῦ

208 1239 549 1310 προσηγορίαν
594 1235 728 1306 ἔχων
762 1236 995 1298 ἐκδικεῖν,
1025 1238 1146 1291 ἀλλά
1189 1246 1263 1311 τῷ
1299 1237 1399 1313 ὅρῳ
1441 1243 1772 1296 ἐναντιοῦνται

208 1334 301 1383 τῆς
335 1326 481 1396 ἁγίας
524 1328 574 1381 ἐν
609 1326 878 1385 Χαλκηδόνι
924 1328 1162 1395 συνόδου,
1186 1339 1257 1402 τῷ
1295 1334 1410 1405 περὶ
1437 1340 1527 1392 τῆς
1553 1337 1773 1394 πίστεως

208 1420 561 1489 προενεχθέντι
584 1419 712 1491 πρὸς
740 1421 1033 1493 κατάκρισιν
1056 1419 1345 1497 Νεστορίου,
1369 1427 1454 1476 καί
1474 1427 1606 1477 Εύτυ
1613 1431 1768 1495 χοῦς,

206 1510 294 1560 καὶ
322 1516 413 1566 τῆς
454 1511 619 1561 αὐτῶν
663 1510 928 1570 ἀπιστίας.
954 1512 1011 1564 Oi
1037 1514 1131 1590 γὰρ
1156 1522 1263 1573 τοῖς
1292 1514 1460 1588 ὀρθοῖς
1481 1522 1571 1574 τῆς
1598 1516 1770 1585 ἐκκλη-

205 1599 327 1656 σίας
339 1600 700 1668 ἐναντιούμενοι
726 1599 993 1670 δόγμασιν,
1020 1603 1341 1668 ἐπιθυμοῦσιν
1356 1606 1539 1661 μᾶλλον
1557 1610 1620 1661 τὰ
1642 1629 1767 1676 μνη·

206 1687 502 1754 μονωθέντα
517 1688 677 1746 ἀσεϐῆ
698 1690 938 1761 κεφαλαια
964 1691 1164 1746 ἐκδικεῖν
1184 1699 1274 1752 τήν
1289 1695 1433 1767 ἁγίαν
1444 1702 1533 1751 τοῦ
1549 1703 1673 1751 Θεοῦ
1684 1702 1767 1754 ἷκ-

1880 525 2121 586 pateret,
2152 526 2329 572 tamen
2357 518 2521 572 nihilo
2548 519 2721 573 secius
2748 517 2997 573 Ecclesia:
3038 517 3132 572 Dei
3179 518 3443 593 antistites

1879 607 1933 659 in
1962 622 2123 661 unum
2151 617 2502 676 congregatos
2532 608 2971 677 interrogavimus
2998 608 3122 677 quid
3150 608 3214 662 de
3240 608 3322 662 his
3347 608 3444 663 de-

1877 704 2159 749 cernerent
2181 711 2299 750 esse
2326 696 2695 762 sentiendum;
2719 696 2809 766 qui
2837 712 2955 751 cum
2974 698 3259 766 perspicuo
3286 698 3439 752 testi-

1876 782 2058 836 monio
2103 784 2389 837 ostendere
2436 784 2634 837 vellent
2682 783 2939 851 ejusmodi
2986 800 3215 846 errores,
3266 801 3440 854 neque

1875 870 2130 927 Ecclesia:
2174 875 2423 945 probari,
2454 889 2628 944 neque
2656 874 2763 928 ullo
2786 889 3016 942 unquam
3047 882 3287 943 tempore
3315 890 3440 944 pro-

1875 958 2029 1017 batos
2057 976 2209 1028 esse;
2236 977 2354 1016 eam
2385 962 2710 1031 impietatem
2742 962 2892 1016 initio
2920 978 2951 1017 a
2972 964 3170 1019 sanctis
3193 962 3439 1018 Patribus

1871 1051 2287 1118 prtedamnatam
2310 1067 2407 1107 suo
2429 1068 2614 1106 omnes
2637 1052 2883 1120 suﬁ'ragio
2903 1068 3086 1106 rursus
3111 1053 3428 1122 proscripseo

1873 1148 2017 1194 runt.
2049 1141 2149 1207 Qui
2182 1158 2341 1212 porro
2367 1144 2437 1198 ob
2466 1144 2624 1197 trium
2652 1144 3005 1212 capitulorum
3047 1143 3433 1208 defensionem,

1871 1231 1939 1284 ab
1985 1230 2221 1287 Ecclesia
2267 1233 2439 1287 divisi?
2468 1240 2623 1297 sum,
2674 1224 2709 1286 ii
2757 1241 2933 1287 tacent
2987 1233 3244 1288 omnino:
3278 1232 3445 1301 plane-

1872 1333 2105 1387 namque
2153 1320 2472 1389 intelligunt,
2518 1321 2732 1375 minime
2769 1335 2929 1390 posse
2977 1322 3088 1376 inec
3133 1322 3201 1376 ab
3234 1337 3304 1377 eo
3341 1322 3436 1391 qui

1869 1409 2200 1465 Christianus
2258 1413 2564 1466 nominetur
2621 1409 2864 1476 defendi;
2930 1419 3183 1465 cteterum
3245 1417 3437 1480 aperte

1867 1519 2065 1565 sanctze
2084 1508 2504 1565 Chalcedonensi
2535 1508 2738 1579 synodo
2759 1509 3122 1573 adversantur,
3145 1523 3264 1577 quae
3287 1507 3445 1563 Fidei

1868 1599 2167 1655 doctrinam
2196 1599 2437 1653 deﬁnivit
2465 1599 2517 1652 in
2542 1598 2793 1664 Nestorii,
2822 1598 3143 1668 Eutychetis
3159 1612 3432 1652 errorum—

1870 1704 1975 1758 que
2002 1691 2069 1745 ab
2097 1692 2225 1759 ipsis
2254 1691 2587 1745 invectorum
2624 1689 3143 1743 condemnationem.
3174 1688 3276 1754 Qui
3301 1703 3432 1743 vero

206 1775 412 1834 κλησίαν
422 1819 434 1839 ,
447 1778 530 1831 ’ἵνα
549 1776 631 1832 διὰ
652 1781 839 1839 ταύτης
851 1789 941 1841 τῆς
951 1784 1252 1855 προφάσεως
1262 1788 1378 1844 τούς
1390 1786 1765 1858 ἁπλουστέρους

1871 1780 2033 1834 rectis
2062 1779 2313 1858 Ecclesiae
2341 1778 2678 1847 dogmatibus
2705 1776 3079 1845 adversantur,
3118 1777 3264 1831 omni
3300 1792 3433 1832 con-

204 1868 529 1929 ἀπατήσωσι,
541 1870 721 1922 καὶτὸν
731 1873 1027 1944 Χριστιανὸν
1039 1872 1152 1927 λαᾶν
1164 1882 1253 1933 τῆς
1266 1876 1530 1938 ἐκκλησίας
1543 1882 1774 1954 χωρίσω-

205 1977 311 2009 σιν.
337 1953 539 2014 Ἐπειδὴ
561 1955 614 2011 δὲ
640 1958 889 2031 ἐγράψατε
914 1959 1025 2025 δύο,
1049 1964 1091 2014 εἰ
1116 1961 1175 2022 δή
1197 1961 1287 2033 [ιε’.
1307 1966 1350 2018 εί
1365 1963 1442 2019 δεῖ
1458 1967 1560 2019 sive
1575 1953 1773 2043 ei);de

203 2054 296 2105 την
317 2050 482 2107 ἀσεϐῆ
498 2051 681 2105 ἐκείνην
694 2053 954 2124 περιέχειν
970 2055 1254 2113 ἐπιστολήν
1275 2055 1324 2109 ἐν
1345 2059 1453 2127 μέν,
1484 2056 1564 2112 ὅτι
1584 2060 1767 2133 ὀρθῶς,

205 2140 277 2198 ὡς
304 2141 519 2210 λέγεται,
551 2140 1028 2218 κατὰἈπολιναρίου
1056 2150 1359 2217 ἠγωνίσατο·
1390 2149 1558 2225 ἕτερον
1585 2148 1661 2214 δέ,
1691 2148 1768 2205 ὅτε

205 2224 300 2279 κᾶν
349 2225 515 2290 ἔδοξεν
560 2229 585 2281 ὁ
634 2230 835 2303 γράψας
863 2238 950 2290 τὴν
990 2235 1252 2292 ἐπιστολήν
1293 2237 1379 2291 τὸν
1406 2239 1456 2291 ἐν
1489 2236 1647 2309 ἁγίοις
1673 2242 1768 2292 Κύ-

204 2319 368 2393 ριλλον
392 2318 675 2395 διασύρειν,
704 2321 843 2392 ὅμως
868 2332 1047 2379 τοῦτον
1074 2329 1157 2380 τὸν
1182 2327 1358 2380 σπῖλον
1387 2337 1477 2388 τῆς
1503 2330 1696 2405 ὕϐρεως
1719 2333 1769 2384 ἐν

203 2414 284 2480 τῷ
309 2417 397 2468 τῆς
425 2412 694 2471 ἐπιστολῆς·
723 2413 958 2487 ἀνέτρεψε
984 2417 1133 2480 τέλει,
1165 2420 1248 2470 καί
1274 2416 1358 2472 διὰ
1378 2425 1527 2472 τοῦτο
1553 2421 1767 2491 λέγεται,

207 2498 412 2566 ὀφείλειν
436 2505 526 2557 τήν
555 2502 712 2559 αύτην
741 2504 901 2562 ἀσεϐῆ
931 2506 1193 2563 ἐπιστολήν
1219 2507 1471 2579 ὀρθόδοξον
1497 2513 1766 2583 κρίνεσθαι⁹

204 2586 345 2647 δῆλοι
387 2592 748 2656 καθεστήκατε,
778 2593 855 2648 ὅτι
882 2593 994 2650 οὔτε
1032 2597 1089 2649 τὸ
1116 2597 1255 2668 ὕφος,
1289 2596 1404 2653 οὔτε
1445 2606 1533 2658 τήν
1561 2599 1767 2671 δύναμιν

204 2676 511 2759 ἔγνωτειτῆς
553 2686 707 2745 αὐτῆς
738 2687 954 2747 ἀσεξοῦς
1000 2688 1294 2753 ἐπιστολῆς,
1343 2694 1470 2745 κατά
1509 2690 1765 2749 ’Δπολινα-

206 2772 324 2841 ρίου
343 2776 443 2845 γὰρ
463 2771 601 2828 οὐδέν
620 2778 873 2847 περιέχει,
888 2777 990 2830 ἀλλ’
1011 2780 1159 2832 αὐτὸν
1180 2782 1264 2834 τὸν
1287 2784 1336 2833 ἐν
1360 2783 1519 2853 ἁγίοις
1534 2787 1767 2859 κύριλλον

205 2857 653 2938 ’Δπολιναριαστήν
681 2868 837 2920 καλεῖ·
865 2872 945 2921 καί
970 2868 1077 2922 οὐδέ
1106 2872 1154 2922 ἐν
1176 2877 1249 2942 τῷ
1274 2872 1404 2924 τέλει
1430 2875 1461 2930 ἡ
1487 2877 1610 2933 αὐτη
1638 2877 1769 2929 ἀσε-

204 2950 303 3010 ϐὴς
340 2955 580 3013 ἐπιστολὴ
629 2957 862 3029 ἀνέτρεψε
909 2960 974 3012 τά
1019 2961 1146 3014 κατά
1185 2967 1273 3015 τοῦ
1311 2965 1468 3016 αὐτοῦ
1517 2965 1563 3015 ἐν
1611 2964 1767 3034 ἁγίοις

202 3043 446 3113 εἰρημένα
468 3042 719 3116 κυρίλλου.
739 3045 921 3114 μᾶλλον
944 3049 1029 3114 μέν
1058 3042 1144 3100 οὖν
1164 3049 1228 3101 τὰ
1251 3052 1457 3122 χείρονα
1482 3052 1595 3107 κατ’
1612 3056 1763 3108 αὐτοῦ

1871 1870 2109 1924 tentione
2136 1870 2394 1934 nituntur,
2423 1877 2483 1923 ut
2525 1867 2741 1938 praefata
2775 1869 2872 1922 tria
2902 1868 3080 1936 iniqua
3108 1868 3303 1936 capita,
3329 1883 3432 1927 ceu

1868 1957 1936 2010 ab
1964 1955 2201 2011 Ecclesia
2229 1958 2322 2012 Dei
2352 1957 2580 2013 admissa
2611 1957 2857 2011 sustineri
2893 1955 3216 2025 judicentur,
3247 1962 3305 2008 ut
3333 1954 3433 2010 hac

1869 2046 2117 2100 videlicet
2141 2046 2348 2100 ratione
2396 2046 2757 2115 simpliciores
2774 2044 3069 2114 decipiant,
3099 2043 3434 2113 populusque

1869 2132 2203 2189 Christianus
2230 2134 2517 2189 schismate
2543 2134 2824 2189 dividatur.
2854 2133 3036 2202 Itaque
3056 2147 3176 2187 cum
3202 2132 3309 2188 duo
3334 2148 3432 2203 po-

1870 2224 2131 2277 tissimum
2159 2224 2226 2293 (si
2254 2224 2430 2278 omnia
2459 2238 2578 2292 qua:
2603 2224 2778 2293 impiis
2804 2224 2907 2277 illis
2935 2223 3124 2277 litteris
3154 2224 3433 2277 continen-

1871 2321 1956 2369 tur
2007 2313 2391 2368 contrahantur
2440 2313 2495 2367 in
2541 2312 2732 2383 pauca)
2782 2311 3102 2381 scripseritis
3147 2327 3161 2363 :
3204 2311 3432 2366 alterum

1867 2417 2082 2470 nempe,
2109 2411 2254 2456 recte
2280 2401 2412 2455 inibi
2448 2409 2634 2455 contra
2671 2401 3056 2469 Apollinarium
3103 2398 3431 2469 disputatum

1868 2506 2016 2556 esse;
2049 2491 2275 2546 alterum
2294 2505 2444 2555 vero,
2469 2490 2709 2558 epistolae
2737 2491 3069 2558 scriptorem,
3096 2498 3151 2545 et
3180 2491 3224 2545 si
3236 2489 3428 2544 .videa«

1868 2588 1955 2635 tur
1983 2581 2040 2634 S.
2072 2580 2326 2652 Cyrillum
2357 2579 2617 2650 principio
2644 2580 2835 2648 injuria
2862 2581 3142 2646 lacessere,
3173 2580 3314 2636 hanc
3349 2588 3433 2634 ιο.

1866 2685 1989 2725 men
2014 2672 2260 2740 irrogata!
2285 2673 2352 2725 ab
2379 2686 2438 2726 se
2467 2672 2672 2742 injuriae
2702 2671 2875 2725 labem
2904 2671 3044 2726 circa
3074 2670 3236 2725 tinem
3260 2670 3429 2740 depu-

1867 2760 2032 2827 lisse;
2062 2770 2389 2832 quapropter
2413 2777 2588 2831 operze
2627 2762 2852 2831 pretium
2899 2776 3037 2829 esse,
3078 2771 3139 2816 ut
3178 2763 3338 2832 impia
3364 2777 3428 2819 ea

1867 2854 2091 2921 epistola
2136 2854 2398 2908 catholica
2440 2869 2557 2909 esse
2597 2854 2862 2921 judicetur
2895 2870 2908 2906 :
2939 2853 3043 2908 hoc.
3078 2854 3304 2922 primmn
3332 2870 3430 2924 pro

1867 2952 2015 2999 certo
2038 2945 2309 3008 habetote,
2340 2960 2435 3000 vos
2462 2960 2634 3014 neque
2656 2946 2939 3001 verborum
2969 2953 3306 3009 contextum,
3336 2961 3439 2998 lic--

1867 3048 1971 3103 que
1997 3035 2378 3088 sententiarum
2419 3035 2527 3089 vim
2570 3033 2709 3090 illius
2746 3035 2921 3103 impiae
2961 3034 3202 3103 epistolae
3243 3050 3433 3105 perce-t

203 3126 261 3180 ἄν
288 3137 394 3190 τοῖς
423 3131 722 3192 τελευταίοις
757 3130 892 3187 εἶπεν
912 3147 926 3162 ’
958 3136 1213 3206 προίὸντες
1242 3137 1295 3192 δέ
1323 3136 1455 3208 ὅμως
1483 3147 1568 3196 καί
1593 3149 1764 3198 πᾶσαν

1869 3123 2029 3192 pisse.
2077 3123 2193 3179 Non
2240 3125 2381 3178 enim
2428 3124 2680 3179 adversus
2732 3126 3090 3194 Apollinarem
3139 3125 3430 3193 concludit,

194 3222 300 3277 τὴν
323 3222 556 3277 ἀσέϐειαν
579 3232 669 3283 τῆς
696 3225 956 3295 λεγομένης
992 3225 1109 3281 ’Ἱϐα
1137 3230 1419 3296 ἐπιστολῆς,
1451 3237 1532 3286 καί
1555 3240 1644 3293 τήν
1667 3258 1767 3306 μα·

201 3312 449 3368 ταεὸτητα
473 3319 571 3365 τῶν
607 3314 899 3386 κεθαλαίων,
929 3315 1090 3394 ὦνπερ
1119 3321 1394 3392 ἐπέμψατε,
1424 3324 1764 3396 ἀποδειξομεν.

203 3403 406 3452 Πάντων
420 3403 519 3474 γὰρ
539 3404 946 3474 ἀναγνωσθέντων
970 3415 1067 3460 τῶν
1092 3408 1216 3481 παρ’
1233 3411 1371 3481 ὑμῶν
1395 3418 1766 3488 γεγραμμένων,

200 3488 401 3564 σφόδρα
424 3492 730 3564 ἐλυπήθημεν
747 3535 760 3558 ,
790 3494 869 3550 ὅτι
895 3499 965 3555 εἰς
1001 3501 1239 3556 τοιαύτην
1266 3503 1531 3556 ἐνεπέσατε
1558 3506 1762 3575 πλάνην,

197 3577 452 3653 ἅνθρωποι
495 3584 546 3644 ἐξ
589 3585 770 3644 ἐκείνης
809 3582 944 3646 ὄντες
988 3596 1078 3647 τῆς
1121 3593 1337 3660 χώρας,
1386 3590 1514 3648 ὅπου
1556 3597 1633 3649 ἀεὶ
1670 3601 1768 3671 πρό

200 3669 349 3739 ὑμῶν
371 3673 401 3728 ἡ
422 3673 540 3745 ὀρθή
558 3674 728 3733 πίστις
747 3676 1014 3745 ἀμώμητος
1042 3675 1319 3749 έγυλὰχθη.
1336 3679 1479 3735 Ὀθεν
1507 3669 1767 3757 ἀναγκαῖον

196 3759 502 3828 ἐνομίσαμεν
550 3757 671 3815 εἶναι
710 3765 795 3815 καί
838 3765 966 3837 πρὸς
1002 3767 1065 3818 τὰ
1104 3767 1307 3842 ρηθέντα
1352 3770 1490 3839 ὑμῶν
1530 3775 1768 3844 κεφάλαια

199 3847 537 3921 ἀντιγράψαι,
566 3852 651 3903 καί
676 3851 978 3924 παραινέσαι
1013 3854 1129 3923 ύμῖν
1169 3855 1360 3918 ταύτης
1392 3866 1483 3919 τῆς
1509 3863 1763 3929 ἀσεϐείας,

202 3938 294 3988 καί
328 3944 417 3990 τοῦ
460 3939 676 3998 ἀσεϐοῦς
707 3942 845 4009 ὑμῶν
885 3940 1185 3998 διδασκάλου
1232 3948 1535 4010 ἀποστῆναι,
1566 3959 1656 4006 τοῦ
1700 3958 1767 4009 τά

198 4026 539 4098 προειρημένα
579 4029 815 4097 κεφάλαια
863 4032 1307 4104 συγγραψαμένου.
1356 4045 1630 4098 ’Δπατῆσαι
1664 4044 1764 4115 γὰρ

199 4115 352 4167 θέλων
396 4121 530 4186 ὑμᾶς
569 4119 768 4194 ῥήματά
796 4142 907 4175 τινα
945 4129 1227 4198 προήγαγεν
1256 4130 1310 4181 ἐκ
1339 4137 1436 4184 τῶν
1463 4134 1601 4186 θείων
1630 4156 1768 4209 γρα-

200 4211 324 4274 φῶν,
352 4209 382 4254 ἀ
410 4227 515 4259 τινα
539 4212 719 4266 νοήσας
740 4217 905 4269 κακῶς
938 4215 1298 4287 πρεσαρμὸσαι
1328 4219 1519 4291 ῥήμασί
1538 4244 1645 4278 τεο-ι
1672 4234 1764 4285 τῆς

198 4296 561 4366 προειρημένης
602 4298 819 4359 ἀσεϐοῦς
862 4301 1128 4363 ἐπιστολῆς
1172 4307 1523 4385 ἐπεχείρησεν·
1556 4311 1684 4389 ὅπερ
1718 4317 1766 4369 ei

195 4384 436 4456 a’psrtxoi
458 4389 642 4447 πάντες
662 4396 890 4453 ποιοῦσι,
913 4391 1118 4462 ῥήματά
1145 4417 1256 4451 τινα
1277 4405 1375 4452 τῶν
1402 4401 1540 4455 θείων
1564 4415 1764 4478 γραφῶν

1870 3216 1965 3267 sed
1990 3222 2230 3269 sanctum
2270 3206 2521 3287 Cyrillum
2549 3216 2720 3285 ipsum
2763 3216 3149 3286 Apollinaristis
3176 3231 3429 3272 annume-

1867 3312 1970 3368 rat,
2002 3313 2163 3374 atque
2194 3313 2394 3359 tantum
2448 3306 2601 3361 abest
2647 3312 2707 3360 ut
2732 3305 2874 3361 circa
2904 3304 3020 3374 ejus
3065 3305 3225 3359 tinem
3274 3305 3429 3375 quid-

1867 3393 2010 3462 piam
2048 3409 2111 3448 ex
2161 3396 2225 3451 iis
2266 3410 2386 3465 qua:
2432 3379 2686 3453 adversus
2733 3406 2975 3453 sanetum
3002 3395 3257 3467 Cyrillum
3305 3412 3429 3467 pro-

1869 3484 2110 3537 nuntiata
2157 3493 2299 3549 sunt,
2351 3486 2693 3542 revocatione
2733 3489 3050 3555 castigetur,
3084 3496 3144 3540 ut
3169 3487 3311 3541 circa
3342 3503 3430 3542 ex-

1869 3579 2095 3625 tremum
2122 3573 2299 3643 potius
2320 3575 2433 3643 ejus
2453 3577 2682 3646 scriptor
2709 3577 2763 3630 in
2790 3576 3044 3646 Cyrillum
3076 3576 3311 3632 deterius
3337 3576 3430 3632 de-

1866 3660 2164 3727 bacchatus,
2181 3680 2298 3719 esse
2316 3666 2578 3730 videatur.
2603 3665 2960 3731 Quamobrem
2989 3666 3041 3719 id
3071 3666 3244 3734 ip’sum
3284 3667 3429 3735 prin-

1867 3751 2032 3819 cipio,
2054 3754 2316 3824 simulque
2343 3756 2641 3809 universam
2664 3755 2832 3824 hujus
2856 3771 2976 3825 qua:
3011 3755 3115 3810 ibae
3155 3772 3429 3826 nuncupa-

1812 3856 1817 3859 ‘
1869 3850 1955 3895 tur
2004 3842 2243 3909 epistolae
2296 3844 2653 3913 impietatem,
2710 3859 3005 3914 eorumque
3056 3859 3175 3913 qua:
3221 3845 3287 3898 ad
3331 3861 3428 3901 nos

1865 3931 2086 3986 misistis
2112 3933 2346 4001 capitum
2393 3935 2656 3989 insaniam
2699 3937 3029 4003 argumentis
3065 3936 3424 3993 ostendemus.

1865 4019 1999 4075 Cum
2045 4022 2187 4076 enim
2235 4037 2298 4077 ea
2345 4024 2524 4077 omnia
2567 4038 2687 4093 qua:
2730 4026 3044 4095 scripsistis,
3094 4027 3422 4096 legissemus,

1864 4112 2175 4189 gravissimo
2204 4121 2379 4176 allecti
2395 4137 2577 4177 sumus
2595 4122 2802 4189 dolore,
2832 4138 2928 4177 vos
2955 4123 3070 4191 ejus
3096 4124 3242 4177 urbis
3262 4123 3445 4189 cives,-

1864 4210 1919 4264 in
1947 4225 2052 4279 qua
2080 4224 2290 4280 semper
2316 4211 2383 4265 ad
2406 4211 2521 4266 haec
2550 4225 2717 4280 usque
2746 4220 2985 4281 tempora
3026 4214 3180 4267 unice
3215 4224 3439 4267 servata-

1865 4298 1964 4353 fuit
2000 4309 2148 4352 recta
2191 4299 2338 4364 ﬁdes,
2371 4300 2424 4354 in
2454 4307 2657 4354 tantum
2692 4315 2929 4356 errorem
2969 4317 3087 4356 esse
3126 4304 3421 4372 prolapsos.

1865 4386 2202 4456 Quapropter
2232 4389 2592 4443 necessarium
2628 4404 2749 4444 esse
2776 4390 3198 4445 existimavimus
3238 4394 3422 4446 adver-

195 4477 678 4546 παρερμηνεύοντες,
709 4481 795 4531 καί
838 4484 968 4555 πρὸς
1007 4488 1097 4541 τήν
1134 4482 1530 4561 διεστραμμένην
1575 4477 1764 4551 ἑαυτῶν

1865 4492 1954 4532 sus
1979 4478 2230 4546 prmdicta
2257 4480 2488 4549 capitula
2525 4480 2593 4534 ad
2623 4496 2716 4535 vos
2741 4481 2993 4548 scribere,
3036 4493 3205 4552 atque
3223 4484 3289 4538 de
3326 4497 3422 4539 eo-

195 4563 559 4652 μεταγέροντες
587 4562 799 4619 ἔννοιαν
830 4570 911 4621 καί
940 4567 1076 4625 δοκεῖ
1097 4573 1212 4644 ἡμῖν
1239 4573 1264 4627 ὀ
1294 4578 1485 4639 ἀσεϐής
1516 4581 1657 4652 ὑμῶν
1683 4583 1761 4641 δι-

194 4647 477 4713 δασκαλος,
504 4651 534 4711 ἦ
578 4658 647 4721 μή
687 4656 1011 4725 ἀνεγνωκέναι
1037 4666 1127 4719 τήν
1154 4664 1411 4735 ἀνώνυμον
1438 4670 1624 4728 ἐκείνην
1653 4674 1761 4731 ἐπι·

192 4738 397 4804 στολὴν,
420 4739 449 4799 ἦ
490 4742 808 4814 ἀνεγνωκέναι
842 4749 930 4818 μέν
969 4754 1260 4822 κακούργως
1305 4757 1386 4809 καί
1425 4756 1626 4835 ῥήματά
1651 4785 1761 4819 τινα

191 4829 389 4887 ταύτης
409 4843 737 4904 προαγαγεῖν,
761 4839 826 4891 τὰ
848 4839 1047 4893 πλείονα
1066 4839 1117 4893 δέ
1139 4846 1221 4894 καί
1244 4829 1454 4918 χείρονα
1478 4860 1757 4911 σιωπῆσαι.

196 4919 455 5013 Atye-{anc
481 4922 579 4993 γὰρ
602 4929 691 4980 τῆς
725 4926 880 4985 αὐτῆς
911 4929 1179 4988 ἐπιστολῆς
1222 4936 1341 5004 περὶ
1379 4942 1467 4989 τοῦ
1503 4945 1757 5013 μακαρίου

192 5006 454 5078 Eupalami,
484 5013 560 5062 καί
587 5017 679 5064 τοῦ
707 5014 920 5074 ἀσεϐοῦς
955 5022 1246 5094 Νεστορίου,
1294 5020 1373 5076 ὅτι
1400 5024 1624 5103 ἑκάτεροι
1648 5032 1758 5086 κατ’

187 5097 409 5192 ἀλλήλων
440 5097 720 5173 βλαϐερούς
755 5102 926 5173 λόγους
967 5102 1220 5182 ἔγραψαν,
1243 5113 1326 5163 καί
1371 5111 1448 5167 ὅτι
1485 5097 1756 5192 Νέστόριος

187 5187 283 5253 μέν
313 5184 450 5256 ἔλεγε
485 5227 500 5253 ,
529 5194 618 5247 τὴν
647 5196 899 5265 μακαρίαν
936 5200 1125 5269 Μαρίαν
1151 5204 1222 5266 μή
1250 5196 1375 5254 εἶναι
1404 5184 1660 5271 Θεοτόκον,
1686 5212 1754 5269 ὡς

188 5280 484 5342 νομισθῆναι
517 5288 627 5340 τοῖς
662 5283 857 5343 πολλοῖς
884 5288 938 5337 ἐκ
963 5294 1053 5347 τῆς
1082 5290 1274 5343 Παύλου
1303 5300 1393 5346 τοῦ
1429 5302 1752 5368 Σαμοσατέως

186 5364 436 5439 αἱρέσεως
465 5365 607 5425 εἶναι·
638 5373 880 5444 Κύριλλος
909 5373 961 5428 δέ
989 5377 1289 5448 βουλόμενος
1324 5385 1446 5442 τοὺς
1482 5364 1749 5461 ἐεστορίου

187 5456 469 5530 ἀνατρέψαι
506 5459 704 5532 λόγους,
738 5463 910 5518 ὤλισθε
966 5469 1050 5520 καί
1076 5470 1305 5523 ἐνέπεσεν
1326 5474 1397 5532 είς
1420 5476 1478 5528 τὸ
1506 5456 1753 5534 ’Δπολινα-

186 5548 305 5621 ρίου
341 5544 527 5619 δόγμα·
556 5552 759 5626 φανερόν
798 5553 935 5607 ἐστιν
980 5554 1060 5610 ὅτι
1096 5556 1121 5610 ὁ
1149 5560 1353 5631 γράψας
1376 5569 1465 5620 την
1493 5566 1752 5626 ἐπιστολὴν

186 5645 256 5703 τῇ
288 5642 550 5712 Νεστορίου
575 5645 723 5715 μανίᾳ
750 5647 1105 5720 κεκρατημένος
1134 5646 1400 5705 δείκνυται·
1430 5650 1482 5715 ὃς
1503 5657 1645 5710 αὐτὸν
1664 5662 1753 5729 μέν

186 5731 459 5804 Νιστόριον
484 5731 785 5804 ἀρνούμενον
814 5737 1046 5793 Θεοτόκον
1074 5737 1196 5796 εἶναι
1225 5746 1310 5798 τήν
1344 5743 1489 5816 ἁγίαν
1518 5751 1756 5822 παρθένον

1864 4582 1982 4621 rum
2031 4568 2305 4637 impietate
2346 4583 2445 4624 vos
2490 4570 2635 4639 ipsos
2677 4572 2986 4637 admonere,
3024 4580 3085 4625 ut
3125 4573 3194 4627 ab
3241 4572 3423 4643 iniquo

1866 4666 2193 4725 prmceptore
2217 4667 2418 4726 vestro,
2447 4659 2539 4726 qui
2566 4674 2629 4714 ea
2656 4662 3011 4716 monumentis
3035 4664 3307 4719 mandavit
3334 4664 3422 4718 lit-

1865 4756 2117 4813 terarum,
2157 4748 2435 4803 recedatis.
2469 4746 2674 4804 Etenim
2695 4751 2893 4805 cumis
2921 4751 3021 4805 sibi
3059 4756 3421 4823 proposuisset

1860 4844 1916 4899 in
1953 4847 2131 4901 animo
2175 4862 2273 4902 vos
2319 4847 2375 4900 in
2419 4847 2787 4916 deceptionem
2826 4849 3092 4912 inducere,
3140 4855 3421 4906 nonnullas

1861 4949 1929 4989 ex
1956 4935 2146 4989 divinis
2175 4936 2365 4991 litteris
2403 4936 2696 4990 sententias
2739 4938 2934 5004 hausit,
2980 4938 3174 5007 quibus
3200 4941 3252 4994 in
3291 4956 3416 5009 pra-

1860 5038 1980 5076 vam
2021 5022 2464 5091 signiticationem
2511 5027 2793 5094 contortis,
2821 5027 2994 5095 impia:
3020 5030 3160 5083 illius
3183 5030 3420 5097 epistola:

1858 5113 2135 5182 Opiniones
2155 5112 2435 5166 nonnullas
2454 5113 2770 5168 conﬁrmare
2798 5130 3074 5185 aggressus
3099 5128 3198 5183 est,
3228 5135 3419 5186 quon.-

1858 5209 2139 5263 admodum
2177 5209 2443 5263 hzereticis
2468 5209 2566 5264 fuit
2607 5224 2819 5280 semper
2866 5213 2916 5265 in
2969 5230 3120 5268 more
3164 5216 3416 5284 positum,

1857 5299 2094 5368 qumdam
2122 5298 2416 5352 divinarum
2436 5300 2729 5354 litterarum
2761 5303 3060 5358 testimonia
3089 5318 3431 5374 pervertere,.

1856 5399 2015 5457 atque
2056 5390 2111 5444 in
2158 5390 2480 5444 contrariam
2510 5391 2909 5459 intelligentiam
2941 5393 3277 5463 detorquere.
3310 5397 3418 5452 ita-

1854 5500 1959 5553 que
1984 5485 2069 5538 vel
2100 5493 2480 5553 przeceptorem
2525 5495 2756 5539 vestrum
2826 5486 3045 5543 nnnitne
3091 5504 3426 5560 anonymam-

1856 5588 1973 5626 eam
2023 5572 2304 5641 epistolam
2356 5573 2645 5641 perlegisse
2698 5573 3091 5643 existimamus,
3139 5577 3224 5632 vel
3276 5582 3429 5638 mala

1856 5661 2139 5714 admodum
2168 5659 2300 5725 ﬁde,
2326 5662 2577 5716 nonnulla
2609 5661 2798 5732 legisse
2820 5662 3032 5731 quidem
3059 5667 3261 5737 ipsum,
3288 5670 3416 5726 reli-

1856 5765 1960 5818 qua
1984 5766 2131 5821 vero,
2159 5765 2276 5820 quae
2302 5752 2468 5809 multo
2495 5752 2763 5808 deteriora
2796 5764 3005 5825 essent,
3036 5759 3247 5815 silentio
3273 5778 3402 5831 prae-
