3958 6288
211 313 346 380 1049

909 314 1274 381 EPISTOLA
1312 313 1707 374 ADVERSUS
1745 310 2226 373 THEODORUM
2261 310 2675 372 MOI’SUES‘T.

1902 202 1929 209 ι-
1944 196 2047 210 θ’...

3323 301 3458 367 1050

213 437 475 513 ραπλήσια
502 431 556 488 δέ
586 436 669 487 καί
698 432 724 486 ὸ
760 431 808 485 ἔν
837 431 998 504 ἁγίοις
1034 429 1327 491 Ἀθανὰσιος
1356 432 1403 484 ἔν
1431 438 1502 499 τί»
1529 434 1647 505 περί
1690 436 1778 484 τοῦ
1802 474 1807 479 ,

1914 429 2027 490 “ine,
2059 427 2237 480 animo
2287 435 2337 480 et
2369 442 2597 497 corpore
2625 443 2654 480 a
2683 426 2882 497 Spiritu
2925 435 3285 498 prmpurgata;
3332 442 3455 485 nam

211 527 359 596 ἁγίου
387 524 675 595 πνεύματος
709 521 840 590 λόγῳ
879 522 1006 576 κατὰ
1031 519 1300 586 Ἀρειανῶν
1325 519 1460 575 οὕτω
1485 520 1633 593 λέγει·
1672 535 1690 568 ε
1728 518 1785 573 '0

217 602 460 688 7mn9s’c
502 610 686 668 ἄνωθεν
731 614 785 666 ὶκ
823 617 916 666 τοῦ
965 614 1159 685 πατρὸς
1195 611 1457 686 ἀρρήτως,
1489 608 1785 684 ἀφράστως,

216 705 580 765 ἀκαταλήπτως
597 743 613 768 ,
640 701 833 763 ὰῑδίως,
860 702 1004 763 αὐτὸς
1034 704 1085 755 ἐν
1115 723 1154 772 χ
1159 704 1288 771 ρόνῳ
1309 706 1544 771 γεννᾶται
1571 701 1789 754 κώτωθεν

219 799 270 850 ἰκ
297 806 388 857 ἧς
421 798 668 871 παρθένου
713 796 931 870 Μαρίας.
964 812 981 842 ι
1012 797 1100 846 Καί
1139 794 1285 847 πάλιν
1316 793 1411 847 aea
1445 792 1601 864 ἁγίοις
1637 794 1791 845 Βασί-

217 890 341 948 λειος
375 888 505 962 πρὸς
535 884 858 959 ’Δμφιλόχιον
901 887 1105 961 γράφων
1146 887 1198 938 ἐν
1233 893 1306 957 τῷ
1344 883 1501 957 ὀγδόῳ
1545 884 1792 953 κεφαλαίῳ

217 977 371 1037 οὕτως
400 974 557 1031 εἶπεν
592 995 609 1027 ε
634 977 706 1031 Οὐ
734 980 832 1050 γὰρ
859 984 1098 1031 τοσοῦτον
1129 975 1363 1057 οιξρανὸς,
1392 978 1474 1028 καί
1500 981 1585 1046 γῆ,
1618 976 1700 1026 καὶ
1728 975 1794 1027 τὰ

218 1068 399 1136 μεγέθη
437 1072 536 1121 τῶν
561 1066 816 1137 πελαγῶν,
842 1069 929 1120 καί
956 1068 1022 1120 τὰ
1073 1066 1127 1118 ἐν
1156 1065 1313 1119 ὕδασι
1359 1061 1681 1132 διαιτώμενα,
1712 1064 1796 1116 καί

221 1159 281 1209 τὰ
312 1163 545 1227 χερσαῖα
581 1163 679 1211 τῶν
709 1159 865 1220 ζώων,
897 1159 978 1210 καί
1013 1158 1162 1227 φυτὰ,
1198 1158 1283 1209 καί
1309 1156 1539 1229 ἀστέρες,
1565 1156 1647 1206 καί
1676 1156 1794 1227 ἀήρ,

220 1247 304 1298 καί
346 1244 511 1315 ὧραι,
554 1248 636 1298 καί
677 1247 707 1301 ἡ
748 1245 946 1303 ποικίλη
992 1250 1081 1298 τοῦ
1128 1245 1311 1303 παντὸς
1358 1242 1695 1310 διακόσμησις
1740 1241 1798 1296 τὸ

222 1337 484 1409 ὑπερέχον
509 1345 598 1395 τῆς
626 1338 818 1405 ἰσχύος
847 1339 1164 1394 συνίστησιν.
1198 1334 1313 1389 ὅσον
1341 1337 1397 1389 τὸ
1426 1333 1691 1392 δυνηθῆναι
1718 1335 1799 1387 τὸν

222 1429 344 1482 Θεὸν
380 1430 461 1481 τὸν
505 1429 775 1500 ἀλώρητον
822 1428 1033 1487 ἀπαθῶς
1078 1424 1159 1480 δια
1207 1426 1399 1498 σαρκὸς
1447 1425 1799 1494 συμπλακῆναι

224 1524 296 1579 τῷ
320 1519 542 1587 θανάτῳ,
571 1519 651 1570 ἵνα
683 1518 804 1587 ἡμῖν
828 1523 900 1587 τῷ
928 1514 1039 1587 ἰδίῳ
1083 1517 1234 1570 πάθει
1261 1521 1350 1573 τήν
1376 1515 1614 1567 ἀπάθειαν
1644 1516 1801 1583 χαρί-

225 1628 397 1663 σηται.
430 1624 448 1656 ε
479 1607 618 1661 ’Δλλοὶ
667 1610 753 1660 καί
798 1604 824 1661 ὸ
866 1608 916 1660 έν
956 1606 1116 1680 ἁγίοις
1150 1608 1486 1677 Δύγουστῐνος
1526 1606 1801 1663 ἐπίσκοπος

224 1698 278 1752 έκ
303 1706 393 1757 τῆς
416 1705 515 1752 τῶν
542 1699 726 1771 ’Δφρῶν
756 1701 935 1772 χώρας
957 1700 1004 1752 ἐν
1028 1706 1091 1772 τῇ
1116 1702 1234 1773 περί
1260 1705 1349 1752 τοῦ
1380 1696 1634 1766 συμϐόλου
1667 1695 1801 1750 ἐκθέο

225 1809 306 1843 σει
319 1797 485 1844 ταῦτα
498 1790 646 1861 λέγει·
673 1810 689 1839 ι
714 1793 831 1844 Εἰπέ
848 1794 930 1844 καί
946 1793 1036 1855 σὺ,
1092 1791 1385 1864 ’Δμϐακούμ
1401 1797 1659 1863 προφῆτα,
1670 1812 1803 1862 μαρ-

226 1883 406 1955 τυρίαν
450 1885 568 1949 περί
610 1889 698 1936 τοῦ
735 1889 979 1955 Χριστοῦ.
1013 1884 1188 1953 Κύριε,
1218 1885 1385 1954 φησίν,
1416 1886 1688 1939 ε’σιαάκοα
1716 1886 1805 1938 τήν

226 1977 374 2034 ἀκοήν
398 1996 513 2040 σου,
538 1980 618 2029 καί
645 1976 903 2047 ἐφοϐήθην
932 1997 1213 2033 κατ;νοησκ
1238 1970 1305 2028 τοὶ
1329 1973 1453 2050 ἴργα
1472 1995 1587 2030 σον.
1612 1974 1637 2028 ό
1664 1975 1803 2034 Θεὸς,

227 2069 309 2119 καί
361 2067 580 2128 ἐξέστην.
621 2086 637 2116 ι
689 2074 814 2119 licia:
863 2065 987 2140 ἔργα
1037 2073 1127 2119 τοῦ
1172 2071 1297 2119 Θεοῦ
1344 2062 1489 2125 οὗτος
1540 2065 1808 2135 θαυμάσας

227 2153 434 2216 ἐξέστης
463 2159 533 2226 μή
561 2178 609 2210 τι
635 2161 723 2213 τήν
763 2160 924 2208 κτίσιν
966 2162 1056 2210 τοῦ
1099 2156 1319 2225 κόσμου;
1347 2159 1417 2224 μὴ
1463 2158 1675 2226 γένοιτο⁹
1707 2153 1810 2206 ἀλλ’

226 2239 448 2297 ἄκουσον
495 2245 625 2318 πρὸς
659 2246 713 2297 τί
745 2245 939 2307 ἐξέστη.
981 2262 997 2293 t
1029 2244 1104 2297 Ἐν
1130 2245 1304 2315 μέσῳ,
1348 2248 1502 2315 φησί,
1533 2242 1625 2298 δὲο
1667 2245 1806 2307 ζώων

223 2338 599 2406 γνωσθήσονται
626 2336 688 2389 τὰ
718 2333 850 2409 ἔργα
895 2357 994 2390 σου
1015 2353 1026 2364 ·
1070 2333 1148 2389 ὅτι
1175 2338 1240 2390 σὺ
1272 2335 1296 2389 ὁ
1338 2338 1461 2394 Θεὸς
1505 2336 1647 2407 λόγος
1676 2336 1806 2410 σὰρξ

225 2424 421 2496 ὶγένοιν
446 2426 496 2478 έν
520 2425 663 2495 μέσῳ
690 2424 780 2479 δύο
798 2429 937 2488 ζώων
963 2427 1249 2496 γνωσθήσῃ.
1278 2428 1367 2485 τίς
1396 2424 1461 2479 ὧν
1490 2428 1652 2498 μέχρι
1676 2427 1808 2483 τίνος

227 2515 463 2574 δωιτέϐηςῑ
483 2515 754 2591 ίέκστῆναί
782 2536 842 2587 με
873 2517 1150 2574 πεποίηκας
1168 2555 1182 2575 .
1212 2513 1292 2571 ὅτι
1320 2515 1345 2569 ό
1370 2515 1538 2585 λόγος,
1571 2513 1636 2568 δι’
1658 2512 1713 2567 οὗ
1742 2518 1808 2569 τὰ

228 2605 398 2658 πάντα
423 2605 614 2676 ἐγένετο
640 2605 687 2656 έν
708 2606 865 2677 φάτνῃ
908 2605 1140 2673 ἐτέχθης.
1168 2621 1185 2653 ε
1211 2607 1286 2656 Τὰ
1319 2602 1469 2673 ὅμοια
1513 2602 1566 2657 δὲ
1597 2607 1678 2656 καί
1705 2603 1729 2657 ὸ
1758 2606 1808 2657 ἰν

228 2692 390 2761 ἁγίοις
435 2694 570 2746 Λέων
611 2694 790 2753 πὰπας
834 2696 1022 2764 Ῥώμης
1052 2696 1103 2745 ἐν
1149 2703 1210 2767 τῇ
1254 2697 1379 2768 πρὸς
1421 2693 1693 2747 Φλαυιανὸν
1719 2696 1805 2748 τὸν

228 2782 639 2855 ἀρχιεπίσκοπον
682 2784 1248 2844 Κωνσταντινονπὸλεως
1278 2784 1516 2857 ἐπιστολῇ
1549 2784 1712 2842 ο”τως
1734 2781 1805 2837 εἷ-

229 2889 337 2924 πεν’
373 2890 392 2922 ι
420 2871 478 2926 '0
503 2873 701 2932 ἀπαθής
736 2875 858 2933 Θεὸς
888 2876 971 2927 οὐκ
1014 2876 1269 2938 ἀπηξίωσε
1300 2876 1517 2933 παθητὸς
1562 2871 1682 2930 εἶναι
1718 2872 1805 2929 ἆνο

229 2962 452 3036 θρωπος,
482 2965 567 3017 καί
590 2962 613 3017 ὸ
636 2966 876 3024 ἀθάνατος
902 2968 994 3036 νέμ
1025 2986 1070 3026 ις
1096 2967 1398 3021 ὑποκεῖσθαι
1426 2967 1658 3021 θανάτου.
1675 2986 1692 3016 ι

1890 525 1946 573 et
1972 515 2316 571 Nativitatem
2363 515 2571 571 honore
2617 517 2778 582 allici,
2821 528 2876 572 et
2924 518 3283 587 virginitatem
3325 534 3462 591 prr-

1890 606 2016 661 ferri
2062 606 2363 675 oportebat.
2400 624 2419 657 »
2451 604 2620 660 Simili
2669 622 2888 676 prorsus
2933 606 3092 661 modo
3142 606 3463 664 Athanasius

1890 694 2139 748 edisserit
2166 694 2217 748 in
2244 709 2306 748 ea
2344 694 2588 748 oratione
2631 708 2751 763 qum
2791 695 3045 749 adversus
3090 694 3317 751 Arianos
3360 706 3463 761 est,

1892 784 1962 838 de
1988 784 2189 853 Spiritu
2214 793 2420 839 sancto.
2459 803 2477 835 ι
2516 783 2629 848 llle,
2662 785 2851 854 inquit,
2884 786 2974 853 qui
3002 802 3211 840 sursum
3239 786 3289 840 in
3318 787 3468 841 cmlis

1893 888 1960 928 ex
1984 872 2142 928 Patre
2187 874 2397 942 genitus
2438 880 2554 927 erat
2592 873 2947 940 ineﬂ‘abiliter,
3001 874 3467 944 inexplicabiliter,

1896 964 2316 1028 innnutabiliter,
2347 973 2547 1018 :eterne
2578 981 2591 1017 :
2625 964 2739 1033 ipse
2768 965 2821 1018 in
2847 973 2945 1019 teri
2958 963 3003 1020 is
3033 964 3284 1021 deorsum
3316 985 3469 1037 geni-

1897 1063 1983 1107 tns
2022 1062 2103 1108 est
2146 1053 2198 1106 in
2233 1062 2475 1121 tempore
2501 1068 2567 1107 ex
2598 1053 2813 1121 Virgine
2840 1052 3025 1108 Maria.
3067 1074 3085 1107 ι
3120 1054 3469 1128 Βοεὶιίιιερτιο

1897 1147 2028 1199 riter
2057 1152 2249 1198 octavo
2278 1144 2396 1198 libri
2420 1145 2488 1197 ad
2508 1145 2934 1217 Amphilochium
2961 1147 3137 1218 capite
3159 1148 3235 1203 sic
3253 1150 3469 1205 scribit:

1906 1263 1923 1295 ε
1957 1242 2142 1313 Neque
2170 1244 2312 1298 enim
2342 1246 2536 1299 cmlum
2575 1260 2639 1299 ac
2674 1254 2835 1313 terra,
2880 1247 3246 1318 immensaque
3284 1251 3476 1316 maria,

1900 1349 1997 1388 nec
2029 1334 2340 1398 animantia,
2389 1335 2471 1389 vel
2509 1336 2559 1389 in
2602 1337 2773 1405 aquis,
2804 1338 2888 1392 vel
2920 1339 2971 1393 in
3012 1340 3166 1394 terris
3205 1342 3475 1410 degentia,

1902 1442 2001 1481 nec
2041 1425 2257 1496 plantat,
2288 1442 2387 1481 nec
2413 1417 2579 1492 astra,
2610 1443 2711 1482 nec
2739 1444 2852 1492 aur,
2884 1445 2985 1484 nec
3020 1431 3185 1496 horm,
3217 1447 3317 1485 nec
3342 1434 3477 1486 mul-

1904 1516 2068 1585 tiplex
2098 1516 2332 1571 universi
2373 1525 2596 1571 ornatus
2631 1519 3003 1574 excellentiam
3049 1523 3301 1590 potentia:
3341 1522 3479 1577 illius

1905 1609 2059 1663 nobis
2104 1608 2332 1678 perinde
2375 1610 2778 1674 commendant,
2823 1619 2985 1679 atque
3031 1613 3173 1681 quod
3216 1612 3358 1669 Deus
3396 1614 3479 1668 in-

1908 1699 2404 1767 comprehensibilis
2436 1700 2513 1754 sic
2543 1716 2637 1769 per
2675 1717 2889 1756 carnem
2919 1702 3254 1759 conflictatus
3280 1716 3359 1761 est
3379 1745 3395 1771 ,
3426 1716 3482 1761 ut

1836 1786 1875 1842 Β
1908 1790 2020 1857 ipsa
2048 1789 2294 1844 divinitas
2324 1791 2452 1844 nihil
2484 1800 2787 1859 pateretur,
2832 1809 2939 1862 quo
2978 1795 3132 1848 nobis
3171 1812 3267 1850 sua
3308 1807 3484 1853 morte

1910 1881 2192 1949 largiretur
2221 1882 2696 1936 inunortalitatem.
2735 1903 2754 1935 ι
2788 1884 3017 1938 Sanctus
3045 1887 3207 1939 etiam
3233 1887 3484 1956 Augusti-

1909 1984 2009 2022 nus
2038 1968 2299 2023 Afrieana:
2328 1969 2601 2037 cujusdam
2632 1970 2863 2025 civitatis
2897 1974 3203 2043 episcopus,
3237 1975 3288 2029 in
3318 1992 3484 2046 expo-

1909 2057 2104 2110 sitione
2132 2055 2370 2126 Symboli
2398 2057 2613 2112 disserit
2640 2058 2693 2111 in
2722 2058 2866 2114 hunc
2901 2061 3117 2115 modum
3145 2080 3158 2115 :
3209 2081 3226 2114 ‹
3257 2061 3486 2120 Protulit

1910 2146 2004 2198 tibi
2028 2144 2219 2217 [Grata
2235 2145 2414 2215 proler
2441 2154 2494 2201 et
2521 2155 2575 2201 tu
2581 2167 2599 2219 J
2623 2145 2876 2203 Habacuc
2896 2150 3159 2219 propheta
3184 2152 3251 2208 de
3272 2153 3490 2208 Christo

1913 2238 2317 2291 testimonium:
2352 2235 2596 2304 Domine,
2639 2239 2903 2310 inquiens,
2951 2243 3123 2296 audivi
3171 2245 3487 2300 auditionem

1913 2333 2073 2390 tuam,
2085 2336 2134 2379 et
2157 2328 2319 2389 timui,
2333 2328 2568 2383 intellexi
2590 2347 2747 2398 opera
2761 2340 2865 2398 tua,
2885 2330 3044 2401 Deus,
3058 2343 3105 2387 et
3120 2334 3489 2405 expavi.'Qu:n-

1911 2433 2036 2472 nam
2075 2434 2239 2488 opera
2270 2420 2362 2475 Dei
2405 2422 2493 2475 hic
2522 2422 2814 2478 admiratus
2842 2426 3091 2495 expavit?
3125 2428 3262 2483 Num
3306 2432 3488 2487 mundi

1913 2508 2280 2563 creationem?
2309 2508 2678 2580 Nequaquam.
2709 2511 2817 2569 Cur
2842 2524 3021 2570 autem
3056 2521 3349 2587 expaverit,
3394 2536 3489 2577 ac-

1912 2599 2049 2668 cipe.
2074 2599 2132 2654 ln
2155 2601 2547 2672 medio,inquit,
2571 2603 2800 2659 duorum
2828 2606 3137 2662 animalium
3159 2624 3490 2678 cognoscen-

1915 2698 2002 2744 tur
2034 2706 2200 2760 opera
2235 2700 2347 2760 tua,
2369 2692 2528 2759 Deus,
2559 2695 2816 2763 quoniam
2854 2704 2908 2751 tu
2935 2697 3077 2752 Deus
3107 2698 3336 2755 Verbum
3363 2716 3492 2758 caro

1915 2781 2114 2837 factum
2138 2784 2190 2837 in
2213 2783 2391 2838 medio
2420 2785 2649 2840 duorum
2678 2787 2984 2842 animalium
3014 2789 3332 2845 innotesces.
3356 2791 3489 2857 Qua-

1916 2874 1980 2928 lis
2009 2890 2130 2928 cum
2169 2889 2336 2937 esses,
2363 2890 2531 2944 usque
2553 2890 2660 2944 quo
2689 2877 3043 2933 descendisti!
3100 2883 3491 2952 Obstupescere

1914 2979 2002 3020 me
2033 2964 2221 3029 fecisti,
2255 2965 2506 3033 quoniam
2555 2966 2812 3034 Verbum,
2842 2984 2941 3038 per
2983 2985 3143 3039 quem
3184 2970 3324 3026 facta
3364 2981 3490 3028 sunt

1924 3058 2123 3123 omnia,
2148 3057 2200 3111 in
2228 3073 2466 3128 prmsepe
2495 3068 2651 3114 natus
2679 3074 2786 3114 es.»
2823 3060 3023 3115 Horum
3049 3061 3238 3117 similia
3277 3071 3493 3120 sanctus

232 3140 342 3198 Leo
371 3141 643 3199 Romanus
664 3145 902 3215 pontifex
931 3146 1093 3201 habet
1113 3147 1167 3202 in
1196 3147 1421 3217 epistola
1450 3148 1518 3203 ad
1548 3148 1859 3204 Flavianum
1885 3148 2347 3218 archiepiscopum
2388 3148 3056 3219 Constantinopolitanum.
3088 3171 3106 3204 ι
3129 3150 3492 3224 lmpassibilis,

190 3286 201 3298 ,
232 3236 424 3304 inquit,
455 3235 594 3293 Deus
634 3253 742 3292 non
784 3236 1095 3307 dedignatus
1123 3247 1205 3293 est
1230 3254 1351 3294 esse
1392 3240 1556 3294 homo
1585 3241 1871 3311 passibilis,
1900 3250 1954 3295 et
1981 3239 2295 3293 immortalis
2324 3236 2510 3293 mortis
2536 3237 2739 3307 legibus
2767 3238 3065 3309 subjaeere.
3094 3260 3114 3294 ι

305 3332 395 3382 Καί
418 3337 582 3385 ταῦτα
607 3333 697 3401 μὲν
735 3332 786 3385 αἶ
817 3351 872 3385 τε
911 3335 1038 3386 θεῖαι
1067 3334 1291 3407 γραφαί,
1332 3335 1416 3386 καί
1452 3332 1496 3386 οἱ
1536 3330 1667 3403 ἅγιοι
1710 3354 1811 3387 πα·
1839 3336 1883 3395 C

234 3422 370 3491 τέρες
406 3424 678 3495 εἰρήκασιν·
727 3422 845 3477 ὅσον
890 3423 943 3478 δέ
988 3425 1117 3499 πρὸς
1160 3427 1278 3485 τοὺς
1318 3424 1595 3497 ὑμετέρους
1635 3425 1812 3497 λόγους

233 3518 536 3585 κατηγορίας
571 3518 696 3569 ε’σίν
738 3512 895 3579 ἄξιοι,
941 3519 1007 3574 ὡς
1053 3518 1319 3585 σύγχυσιν
1361 3523 1452 3574 τῆς
1487 3518 1707 3587 σαρκὶς,
1733 3518 1816 3569 καί

234 3614 325 3665 τῆς
370 3604 600 3665 θεότητος
645 3607 959 3678 εἰσάγοντες,
998 3605 1170 3664 ὶπειδὴ
1209 3607 1363 3660 αὐτὸν
1401 3607 1488 3661 τὸν
1515 3609 1635 3659 Θεὸν
1670 3607 1816 3679 λόγον

233 3691 497 3771 ἄνθρωπον
523 3697 818 3770 γεγενῆσθαι
842 3700 1097 3770 ε’ρήκασιν
1115 3735 1132 3761 ,
1177 3696 1329 3752 ὁπότε
1363 3700 1449 3751 καί
1473 3702 1558 3751 τὶν
1585 3698 1632 3749 ἐν
1657 3696 1816 3769 ἁγίοις

236 3786 463 3861 Ιιύριλλον
487 3785 691 3857 λέγοντα
715 3787 868 3841 αὐτὸν
888 3788 975 3841 τόν
994 3787 1113 3841 Θεὸν
1132 3785 1275 3860 λόγον
1297 3784 1558 3864 ἄνθρωπον
1583 3790 1818 3859 γενέσθαι

235 3879 502 3949 σύγχυσιν
531 3880 747 3952 εἰσάγειν
791 3878 874 3935 διὰ
912 3884 1106 3935 τούτων
1141 3890 1241 3935 τῶν
1276 3882 1520 3953 ῥημάτων
1561 3886 1814 3958 εἰρήκατε.

231 3956 346 4022 Ὀτι
369 3967 420 4023 δέ
443 3969 577 4029 ότην
596 3971 860 4031 ἐπιστολήν
879 3971 1083 4049 γράψας
1105 3981 1166 4045 τῇ
1191 3971 1454 4046 Θεοδώρου
1474 3956 1817 4045 κατεχόμενος

236 4065 388 4136 μανίᾳ
414 4066 663 4138 ἠρνήσατο
692 4065 778 4117 τὸν
813 4066 932 4118 Θεὸν
971 4064 1112 4137 λόγον
1156 4061 1417 4138 ἄνθρωπον
1445 4065 1719 4137 γεγονέναι,
1767 4067 1818 4130 ἐξ

235 4155 402 4208 αὐτῶν
435 4152 671 4224 δείξωμεν
707 4162 806 4209 τῶν
830 4154 969 4210 ’κατά
998 4154 1345 4233 ’Δπολιναρίου
1381 4162 1474 4211 τοῦ
1501 4157 1725 4217 ἀσεϐοῦς
1745 4164 1818 4227 τῷ

234 4244 376 4314 αὐτῷ
403 4244 642 4315 ατρετικῷ
672 4243 916 4319 Θεοδώρῳ
937 4247 1246 4320 γραφέντων.
1274 4244 1350 4300 Ἐν
1370 4248 1471 4320 γὰρ
1492 4254 1561 4318 τῷ
1588 4254 1818 4322 τετάρτῳ

236 4328 360 4406 λόγῳ
380 4335 561 4406 γράφει
580 4334 762 4393 οὕτως’
793 4352 812 4384 ε
842 4334 1114 4391 Δεδωκέναι
1140 4339 1225 4390 σοί
1256 4358 1398 4397 τινας
1432 4345 1533 4393 τῶν
1567 4340 1820 4412 ἡμετέρων

235 4415 384 4480 εἶπας
412 4424 477 4476 τὰ
506 4429 593 4475 οὐκ
619 4419 678 4476 ἄν
702 4443 823 4477 ποτε
852 4422 1059 4479 δοθέντα
1085 4429 1226 4500 παρά
1252 4447 1385 4486 τινος
1407 4434 1506 4482 τῶν
1526 4436 1617 4488 τῆς
1647 4430 1819 4487 ἐκκλη-

236 4521 512 4571 σιαστικῆς
544 4514 852 4584 ἀντέχεσθαι
889 4512 1037 4581 δόξης
1071 4516 1479 4573 ἐσπουδακότων.
1519 4518 1827 4577 Ἐπννθανόσ

237 4602 363 4668 μεθα
396 4605 495 4677 γὰρ
534 4605 577 4656 εἰ
602 4608 690 4660 τὸν
723 4605 842 4659 Θεὸν
873 4606 1011 4677 λόγον
1040 4605 1363 4680 ὁμολογοῦσιν
1390 4606 1653 4679 ἄνθρωπον
1674 4632 1819 4683 γεγε-

1985 3329 2043 3383 ln
2071 3330 2213 3383 hanc
2243 3329 2402 3399 igitur
2432 3331 2753 3397 sententiam
2774 3330 2967 3384 divinae
2982 3331 3197 3387 Littera:
3215 3336 3495 3406 sanctique

1916 3417 2104 3474 Patres
2125 3420 2434 3488 loquuntur,
2455 3428 2630 3474 vestra
2652 3420 2857 3475 scilicet
2886 3422 3150 3477 sententia
3177 3425 3493 3494 castigandi.

1920 3522 2176 3582 tanquam
2228 3513 2406 3569 carnis
2458 3514 2860 3583 divinitatisque
2915 3514 3288 3574 confusionem
3336 3520 3493 3576 indu-

1915 3612 2130 3668 centes,
2187 3619 2310 3658 cum
2362 3603 2462 3673 ipsi
2524 3619 2742 3675 quoque
2789 3605 2881 3660 Dei
2934 3606 3170 3663 Verbum
3220 3611 3494 3668 hominem

1915 3694 2114 3749 factum
2144 3711 2263 3751 esse
2299 3697 2497 3750 diserte
2522 3698 2905 3766 pronuntient,
2934 3698 3122 3754 eadem
3151 3715 3369 3770 prorsus
3407 3719 3496 3758 ra-

1917 3786 2068 3838 tione
2116 3799 2220 3852 qua
2269 3784 2528 3855 Cyrillum
2576 3786 2827 3851 aientem,
2880 3788 3055 3855 ipsum
3107 3788 3205 3844 Dei
3260 3790 3497 3847 Verbum

1918 3872 2190 3927 hominem
2221 3873 2417 3929 factum
2457 3889 2597 3941 esse,
2625 3877 2778 3944 quasi
2815 3875 3145 3933 confusionis
3174 3878 3280 3935 hoc
3319 3882 3496 3937 aiendi

1919 3964 2080 4020 modo
2103 3965 2455 4032 invectorem,
2474 3966 2804 4022 traduxistis.
2819 3967 3082 4024 Cmterum
3098 3972 3337 4041 epistola:
3357 3973 3499 4029 illius

1918 4064 2199 4111 auctorem
2253 4056 2522 4113 Theodori
2581 4057 2948 4115 deliramentis
3002 4071 3219 4134 captum
3273 4079 3499 4134 negasse

1918 4146 2088 4202 Deum
2115 4147 2351 4202 Verbum
2394 4147 2666 4202 hominem
2704 4148 2901 4204 factum
2930 4164 3054 4205 esse
3090 4151 3267 4219 lateri,
3309 4169 3378 4209 ex
3417 4156 3501 4212 his

1919 4238 2201 4295 manifeste
2246 4240 2626 4301 conclusimus,
2671 4256 2792 4311 qua;
2833 4243 2901 4298 ab
2932 4243 3047 4312 ipso
3075 4244 3144 4300 ad
3185 4248 3496 4304 hatreticum

1920 4328 2263 4385 Theodorum
2318 4338 2504 4386 contra
2542 4331 2787 4400 impium
2847 4333 3236 4404 Apollinarium
3297 4339 3498 4409 scripta

1920 4435 2063 4481 sunt.
2096 4424 2219 4482 llaec
2247 4427 2445 4497 quippe
2466 4428 2521 4482 in
2549 4437 2744 4497 quarto
2767 4444 3016 4487 sermone
3037 4434 3218 4490 scribit
3248 4452 3264 4489 :
3298 4454 3317 4487 ‹
3353 4434 3499 4491 Dixi-

1919 4518 1987 4573 sti
2017 4518 2276 4587 quosdam
2305 4533 2374 4573 ex
2417 4520 2614 4575 nostris
2651 4521 2906 4577 nonnulla
2950 4524 3151 4579 sentire
3189 4539 3310 4595 qua:
3355 4543 3499 4583 nun.

1921 4622 2081 4677 quam
2111 4609 2176 4663 iis
2207 4608 2432 4680 probata
2470 4618 2596 4664 sunt
2626 4611 2716 4680 qui
2750 4613 3126 4671 ecclesiasticis
3160 4616 3501 4686 dogmatibus

238 4697 412 4749 νῆοθαι
449 4698 601 4750 εἰπών
640 4695 1176 4770 ἐπήγαγες⁹ἐδὶδοσαν⁶
1215 4701 1303 4753 lui
1335 4700 1413 4759 τίς
1448 4694 1506 4753 ἆν
1533 4697 1674 4769 ἔχων
1704 4708 1808 4754 vein

1924 4696 2197 4753 adhaerere
2221 4698 2458 4754 student.
2497 4699 2630 4755 Cum
2660 4701 2803 4755 enim
2839 4703 2909 4757 ab
2953 4702 3020 4760 iis
3055 4706 3308 4762 sciscitati
3347 4723 3497 4764 essee

238 4778 498 4858 ἄνθρωπον
544 4785 678 4841 ε”ποι
721 4789 804 4842 τὸν
842 4789 962 4842 Θεὸν
998 4790 1296 4861 γεγενῆσθαι
1337 4789 1507 4860 λόγον.
1555 4794 1623 4852 ὡς
1664 4792 1816 4859 ὑμεῖς

239 4892 389 4944 ears;
449 4879 491 4930 εἰ
531 4883 599 4948 μή
638 4877 741 4954 ἄρα
768 4884 858 4938 τήν
904 4882 1056 4939 αὐτὴν
1101 4883 1225 4951 ὑμῖν
1272 4882 1515 4958 πρότερον
1559 4888 1816 4943 νοσήσειεν

239 4958 431 5019 ἄνοιαν.
461 4976 624 5036 Ἡμεῖς
656 4972 754 5043 γὰρ
800 4971 1043 5043 εἰληφέναι
1077 4969 1335 5048 ἄνθρωπον
1380 4976 1467 5030 τὸν
1516 4976 1638 5029 Θεὸν
1676 4975 1815 5047 λόγον

238 5058 322 5109 καί
340 5055 535 5131 σφόδρα
553 5066 735 5132 φαμέν,
752 5065 1049 5133 γεγενῆσθαι
1069 5061 1122 5119 δέ
1139 5062 1393 5141 ἄνθρωπον
1417 5069 1522 5122 καθ’
1544 5068 1701 5138 ὑμᾶς.
1727 5070 1817 5121 οὐκ

244 5146 305 5202 ἄν
326 5167 448 5204 ποτε
478 5154 632 5205 εἰπεῖν
657 5144 1030 5225 ἀνασχοίμεθα.
1070 5175 1090 5205 ε

1926 4804 2066 4853 mus,
2082 4805 2211 4844 num
2233 4789 2329 4844 Dei
2356 4789 2596 4847 Verbum
2616 4792 2889 4849 hominem
2910 4794 3248 4853 factumesse
3266 4798 3499 4855 fateren~

1927 4884 2036 4942 tur,
2049 4877 2322 4940 afﬁrmans
2336 4880 2609 4947 protulere
2623 4897 2958 4952 responsum.
2974 4884 3104 4952 Quis
3118 4896 3295 4942 autem
3316 4889 3499 4947 meriti

1927 4972 2023 5046 [Ρ.
2057 4969 2278 5043 mentis]
2306 4985 2530 5040 compos
2559 4969 2727 5025 Deum
2763 4971 2993 5026 Verbum
3019 4970 3218 5025 factum
3243 4985 3367 5026 esse
3395 4972 3498 5025 ho.

1929 5064 2127 5117 minem
2159 5060 2380 5125 dixerit,
2430 5071 2488 5116 ut
2521 5076 2551 5116 a
2585 5062 2740 5116 vobis
2788 5063 3015 5132 μυομοηί
3045 5062 3213 5129 solet,
3247 5062 3353 5116 nisi
3385 5063 3497 5131 prin

1927 5167 2076 5206 mum
2127 5150 2418 5205 dementiae
2468 5160 2664 5206 vestrm
2713 5152 2901 5205 morbo
2952 5151 3024 5205 sit
3072 5148 3341 5205 affectus?
3386 5148 3499 5202 Nos

240 5262 403 5314 porro
436 5248 607 5308 Deum
639 5254 917 5315 hominem
963 5265 1338 5333 assumpsisse
1364 5274 1687 5323 constanter
1734 5266 1992 5333 fatemur,
2023 5277 2281 5323 caeterum
2318 5266 2590 5322 hominem
2624 5267 2823 5323 factum
2857 5283 3000 5335 esse,
3026 5264 3493 5337 quemadmodum

238 5343 541 5408 exprimere
567 5348 724 5405 vobis
752 5361 1078 5409 consuetum
1108 5365 1213 5425 est,
1250 5357 1399 5412 nulla
1428 5359 1640 5416 ratione
1664 5359 1771 5415 dici
1809 5361 2129 5416 toleramus.
2170 5380 2189 5413 ι

297 5439 715 5516 ’Λποδιιιθέντος
761 5454 923 5504 τοίνυν
965 5450 1046 5506 διὰ
1096 5463 1197 5508 τῶν
1245 5458 1515 5529 εἰρημένων
1564 5457 1807 5532 Θεοδώρῳ

234 5529 496 5603 σύμφωνον
524 5534 649 5593 εἶναι
675 5546 767 5598 τήν
800 5542 1030 5597 ἀσέϐειαν
1066 5551 1157 5603 τῆς
1196 5547 1464 5607 ἐπιστολῆς
1491 5557 1552 5621 τῇ
1582 5550 1809 5621 α’ρετικῇ

235 5615 414 5675 ἐκείνου
437 5629 615 5700 μανίᾳ,
646 5634 756 5689 πῶς
800 5632 857 5683 οὐ
881 5630 1086 5692 δικαίως
1114 5641 1216 5694 πᾶς
1244 5642 1334 5693 τήν
1360 5635 1539 5691 ἐλπίδα
1566 5636 1710 5707 ἔχων
1738 5641 1809 5696 εἰς

235 5706 318 5763 τὸ)
343 5718 667 5786 σαρκωθέντα
691 5721 769 5771 καί
798 5720 1244 5796 ἐνανθρωπήσαντα
1273 5727 1396 5779 Θεὸν
1434 5726 1592 5797 λόγον,
1626 5727 1809 5797 ὁμοίως

308 5811 324 5831 '
354 5809 517 5871 Forte
551 5818 836 5889 legendum
865 5824 1148 5885 ἀπάντησιν
1171 5846 1269 5899 pro
1301 5835 1452 5889 εἰπὼν
1485 5837 1631 5906 ἰπήγ-
1663 5838 1809 5895 Ifm'r.

1981 5457 2115 5511 Cum
2147 5457 2326 5528 itaque
2377 5474 2443 5515 ex
2492 5459 2556 5515 iis
2603 5477 2727 5530 quae
2770 5464 2837 5517 ad
2891 5465 3233 5524 Theodorum
3278 5473 3491 5544 scribit,
3557 5474 3581 5483 ’

1911 5545 2161 5601 ostendat
2188 5562 2307 5602 cum
2338 5549 2559 5617 hujusce
2587 5551 2952 5612 deliramentis
2980 5558 3219 5627 epistolis
3239 5560 3490 5633 impieta-

1914 5644 2020 5689 tem
2047 5637 2261 5705 egregie
2289 5641 2598 5709 convenire,
2620 5646 2890 5713 quomodo
2914 5666 3019 5705 non
3041 5648 3269 5719 quisque
3288 5651 3487 5723 justus.

1914 5724 2066 5795 cujus
2115 5726 2183 5781 sit
2230 5727 2280 5782 in
2332 5729 2423 5784 Dei
2468 5730 2643 5788 Verbo
2691 5734 2969 5797 incarnato
2999 5740 3323 5811 homineque
3348 5740 3491 5796 facto
