3958 6288
459 223 593 298 1031

1763 234 2202 298 JUSTINIANI
2247 229 2404 295 1MP.
3214 254 3278 313 α

3585 230 3724 298 ΗΕΒ

467 339 554 395 καὶ
578 335 854 414 Θεόδωρον,
885 339 969 391 καὶ
993 341 1080 394 τήν
1107 337 1364 410 εἰρημένην
1391 336 1553 392 ἀσεϐῆ
1583 337 1845 395 ἐπιστολήν
1874 359 2028 391 κατα-

2135 345 2304 412 locata
2331 351 2472 406 spes,
2504 333 2866 403 Theodorum,
2897 351 3110 407 unaque
3140 337 3355 408 impiam
3399 339 3564 394 simul
3591 341 3708 410 epi-

471 426 698 494 δικάσεις
721 427 913 486 Ἐπειδὴ
930 427 982 482 δέ
1005 429 1246 483 ἐπαινεῖτε
1270 432 1359 486 τήν
1385 427 1545 486 ἀσεϐῆ
1567 428 1835 484 ἐπιστολήν
1863 430 2028 500 περιέ-

471 540 702 590 χουσαν,
733 517 808 574 ὅτι
833 519 858 572 ό
883 519 1038 590 λέγων
1063 521 1211 574 αὐτόν
1243 519 1330 574 τὸν
1375 521 1494 574 Θεὸν
1528 519 1670 591 λόγον
1715 520 2031 592 σαρκωθῆναι

470 611 556 662 καὶ
581 607 938 680 δνανθρωπίσαι
964 630 1052 666 την
1079 605 1314 682 διαφορὰν
1334 611 1532 681 ἀναιρεῖ
1556 613 1646 660 τοῦ
1672 614 1790 660 ναοῦ
1830 607 1914 660 καὶ
1941 613 2030 660 τοῦ

469 699 772 756 ἐνοικοῦντος
797 698 842 750 ἐν
871 705 942 768 τῷ
966 705 1098 766 ναῷ,
1127 701 1390 770 γινώσκετε
1426 695 1502 751 ὅτι
1535 696 1770 770 διαφορὰν
1797 699 1887 769 μέν
1931 703 2030 752 τῶν

468 789 694 861 γιῦσεων,
743 788 792 850 ἐξ
827 784 944 840 ὧνὸ
990 785 1059 847 εἷς
1086 787 1354 860 Χριστὸς-ό
1395 789 1564 858 κύριος
1610 789 1696 840 καὶ
1733 789 1852 847 Θεὸς
1895 789 2031 850 ἡμῶν

471 877 736 936 συνετέθη,
781 879 938 951 ὀρθῶς
977 879 1006 934 ἡ
1035 877 1154 947 ἁγία
1191 884 1282 931 τοῦ
1320 883 1446 932 Θεοῦ
1483 877 1724 934 ἐκκλησία
1765 879 2030 953 κηρύττει·

467 971 700 1048 διαφορὰν
729 969 780 1024 δέ
809 977 894 1026 τοῦ
924 978 1045 1023 ναοῦ
1073 973 1155 1023 καὶ
1180 978 1266 1025 τοῦ
1288 972 1589 1028 ἐνοικοῦντος
1613 970 1662 1021 ἔν
1686 969 1840 1037 αὐτῷ,
1873 966 2032 1026 οὐδεὶς

468 1073 566 1118 τῶν
591 1062 744 1134 ἁγίων
771 1064 1004 1136 πατέρων
1037 1060 1252 1125 ἐδίδαξεν
1269 1100 1283 1122 ,
1314 1062 1435 1115 ἀλλὰ
1472 1063 1614 1131 μόνοι
1637 1063 1681 1115 οἱ
1720 1061 1919 1120 ἀσεϐεῖς
1941 1071 2032 1115 Na-

469 1153 674 1228 στόριος
713 1157 798 1206 καὶ
831 1150 1088 1226 Θεόδωρος
1114 1157 1374 1226 εἰρήκασι.
1412 1150 1502 1205 δύο
1539 1153 1755 1204 ἐντεῦθεν
1774 1151 2032 1223 πρόσωπα

471 1241 682 1314 εἰσάγειν
709 1241 1014 1312 βουλόμενοι.
1047 1237 1139 1294 κᾶν
1158 1244 1256 1318 γὰρ
1277 1243 1330 1294 αἱ
1349 1243 1474 1294 θεῖαι
1497 1243 1702 1314 γραφαὶ,
1729 1245 1812 1294 καὶ
1835 1241 1878 1294 οἱ
1902 1239 2035 1310 ἅγιοι

471 1335 686 1407 πατέρες
797 1339 886 1387 τοῦ
910 1339 1030 1385 ναοῦ
1059 1334 1301 1406 ὀνομασία
1328 1333 1625 1406 κέχρηνται,
1655 1331 1778 1384 ἀλλὰ
1803 1331 1859 1384 τὸ
1883 1337 2034 1399 σῶμα

463 1429 558 1478 τοῦ
582 1429 877 1494 μονογενοῦς
902 1421 1014 1475 υἱοῦ
1033 1428 1122 1476 τοῦ
1139 1428 1265 1476 Θεοῦ
1283 1424 1610 1492 σημαίνοντες
1634 1427 1787 1476 τοῦτο
1811 1421 2034 1491 λέγουσι,

471 1515 632 1573 καθὼς
661 1510 797 1568 εἶπεν
833 1508 858 1568 ὃ
899 1514 1278 1585 εὐαγγελιστής·
1311 1531 1328 1562 ι
1353 1514 1502 1571 Αὐτὸς
1534 1511 1587 1566 δὲ
1625 1511 1764 1582 ἔλεγε
1801 1513 1918 1585 περί
1944 1517 2033 1566 τοῦ

472 1610 586 1658 ναοῦ
611 1609 698 1656 τοῦ
728 1606 966 1671 σώματος
1001 1604 1174 1656 αὐτοῦ.
1206 1618 1224 1652 ι
1254 1601 1428 1662 Οὐδεὶς
1455 1598 1554 1675 γάρ
1579 1607 1668 1654 τοῦ
1703 1601 1809 1660 ἐνὸς
1831 1605 2036 1674 προσῶ-

2131 426 2324 480 stolam
2379 427 2790 483 condemnabit?
2840 428 2974 482 Cum
3029 437 3210 482 autem
3257 429 3308 482 id
3353 430 3704 485 vehementer

2131 515 2388 584 probetis,
2438 515 2581 584 quod
2628 517 2684 570 in
2731 517 3051 572 exsecrabili
3089 532 3154 572 ea
3190 517 3412 587 epistola
3453 521 3700 582 traditur,

2131 603 2434 658 doctrinam
2480 605 2728 658 nimirum
2775 621 2879 674 qua
2931 605 3162 660 Verbum
3208 605 3348 660 Deus
3395 607 3704 661 incarnatus

2131 693 2401 762 homoque
2449 694 2618 749 factus
2664 695 2884 763 dicitur,
2931 696 3214 750 discrimen
3264 697 3403 750 inter
3444 698 3703 766 templum

2133 792 2294 852 atque
2321 784 2375 838 iu
2405 785 2604 854 templo
2635 785 3021 841 inhabitantem
3047 787 3348 850 sustollere,
3375 788 3704 853 cognoscite,

2134 883 2442 928 naturarum
2471 876 2857 944 diversitatem,
2899 892 2966 931 ex
3005 878 3196 946 quibus
3234 877 3420 932 unicus
3466 877 3702 932 Christus

2135 966 2276 1021 Deus
2321 974 2482 1034 atque
2522 965 2774 1023 Salvator
2821 976 3006 1023 noster
3034 969 3400 1031 constituitur,
3445 977 3597 1021 recte
3639 970 3701 1022 ab

2134 1063 2319 1110 sancta
2350 1055 2442 1109 Dei
2473 1054 2708 1110 Ecclesia
2736 1057 3034 1126 pnedicari;
3063 1047 3315 1112 caeterum
3362 1057 3550 1126 templi
3581 1057 3700 1124 hoc,

2133 1153 2294 1214 atque
2339 1146 2395 1200 in
2443 1146 2560 1215 ipso
2607 1147 2954 1203 inhabitantis
2988 1148 3272 1204 discrimen
3303 1164 3331 1201 a
3364 1150 3586 1203 nemine
3612 1166 3702 1204 uu-

2135 1249 2295 1304 quam
2321 1245 2627 1289 sanctorum
2661 1237 2877 1290 Patrum
2921 1236 3082 1292 luisse
3109 1239 3463 1307 propositum,
3511 1239 3608 1292 sed
3641 1241 3702 1294 ab

2136 1323 2312 1393 impiis
2335 1325 2506 1380 solum
2535 1325 2820 1382 Theodoro
2867 1335 3026 1396 atque
3050 1327 3299 1382 Nestorio
3322 1329 3702 1396 excogitatum,

2135 1411 2280 1480 quod
2306 1413 2439 1468 duas
2476 1415 2672 1469 exinde
2714 1430 2974 1485 personas
3019 1417 3272 1472 inducere
3322 1419 3700 1473 decrevissent.

2139 1505 2292 1572 Quod
2316 1507 2362 1561 si
2399 1507 2718 1576 quandoque
2743 1509 2933 1564 divina:
2983 1509 3200 1564 Litterae
3225 1512 3506 1580 sanctique
3531 1511 3704 1566 Ecclev

2137 1597 2229 1650 sia:
2259 1595 2446 1650 Patres
2487 1598 2589 1652 hac
2631 1612 2846 1668 quoque
2885 1599 3067 1670 templi
3101 1600 3420 1654 translatitia
3463 1601 3549 1654 usi
3590 1610 3702 1654 sunt

472 1712 571 1745 που
609 1697 698 1745 τοῦ
729 1698 950 1766 Χριστοῦ
986 1690 1217 1765 διαφορὰν
1256 1692 1384 1762 πρὸς
1415 1692 1563 1744 ἑαυτὸ
1605 1686 1730 1744 εἷναί
1757 1713 1930 1764 φησιν,
1968 1694 2036 1753 ῶς

2139 1689 2516 1758 appellatione,
2550 1689 2600 1742 id
2631 1697 2807 1743 tamen
2825 1731 2841 1757 ,
2869 1698 2928 1745 ut
2955 1689 3319 1759 signiﬁcarent
3343 1699 3558 1744 tantum
3593 1689 3702 1744 Uni-

471 1769 615 1830 ἄλλον
643 1779 690 1830 ἐν
719 1775 848 1850 ἄλλῳ
870 1774 1014 1842 εἶναι,
1049 1779 1169 1833 ἀλλά
1195 1786 1292 1832 τῶν
1317 1781 1513 1851 φύσεων
1539 1780 1685 1849 μόνον
1707 1819 1722 1844 ,
1744 1783 1794 1844 εξ
1823 1778 1889 1833 ὦν
1918 1780 1943 1836 ὁ
1969 1778 2038 1842 εἷς

473 1867 683 1940 Χριστὸς
710 1869 1028 1940 ἀσυγχύτους
1053 1872 1137 1922 καί
1163 1867 1455 1942 ἁδιαιρὲτως
1485 1869 1810 1928 ἀπετελέσθη.

2138 1780 2302 1848 geniti
2331 1778 2449 1832 Filii
2482 1779 2574 1834 Dei
2619 1795 2815 1849 corpus
2843 1780 3156 1844 adhibuere,
3185 1795 3252 1836 eo
3278 1788 3504 1850 prorsus
3558 1781 3705 1834 modo

2143 1884 2251 1938 quo
2279 1869 2344 1922 de
2373 1869 2488 1936 ipso
2513 1869 2684 1938 inquit
2712 1869 3050 1938 Evangelista
3077 1887 3090 1923 :
3121 1868 3243 1940 Ipse
3284 1880 3456 1923 mrtem
3477 1867 3708 1942 loqueba-

2143 1967 2228 2011 tur
2271 1957 2333 2011 de
2385 1959 2568 2019 templo
2617 1960 2847 2029 corporis
2888 1962 2968 2012 sui
3041 1957 3220 2030 (Joan.
3273 1975 3332 2024 ιι,
3381 1959 3448 2014 21
3458 1979 3498 2030 ).
3549 1959 3707 2013 Nemo

474 2058 635 2114 porro
665 2045 778 2098 haec
814 2044 867 2098 in
901 2045 1056 2099 unica
1085 2043 1280 2101 Christi
1314 2063 1543 2118 persona
1568 2047 1770 2102 invexit
1797 2048 2100 2104 discrimina
2127 2089 2142 2113 ,
2183 2049 2333 2117 quasi
2363 2049 2466 2102 alia
2497 2052 2548 2101 in
2574 2049 2677 2102 alia
2705 2049 2812 2116 sit,
2850 2063 3036 2103 verum
3061 2048 3462 2104 distinctionem
3509 2057 3715 2102 tantum

473 2145 779 2190 naturarum
809 2135 1164 2202 admiserunt,
1193 2153 1258 2192 ex
1289 2139 1481 2207 quibus
1511 2155 1648 2193 unus
1683 2137 1924 2193 Christus
1944 2137 2232 2208 perﬁcitur,
2266 2153 2371 2192 non
2395 2137 2827 2192 commixtionem
2850 2151 3065 2206 passus,
3091 2151 3264 2205 neque
3291 2136 3634 2190 divisionem.

544 2234 630 2285 uoti
657 2231 799 2300 ὑμεῖς
831 2231 992 2284 τοίνυν
1031 2236 1120 2288 τήν
1158 2247 1248 2291 τῖς
1281 2233 1548 2290 ἐπιστολῆς
1585 2232 1891 2291 ἐκδικοῦντες
1919 2233 2039 2285 ἀσέ-

473 2319 642 2384 ϐειαν,
687 2329 776 2381 τῆς
805 2321 1107 2393 ἀρνουμένης
1151 2321 1296 2373 αὐτὸν
1323 2323 1409 2374 τὸν
1445 2324 1565 2375 Θεὸν
1597 2322 1740 2390 λόγον
1784 2319 2042 2396 ἄνθρωπον

473 2415 782 2482 γεγενῆσθαι,
805 2403 1040 2486 πρόδηλοι
1063 2410 1396 2468 καθεστήκατε
1419 2410 1510 2465 δύο
1539 2401 1790 2483 πρόσωπα
1811 2411 2040 2480 εἰσάγον-

474 2517 580 2560 τες,
619 2501 700 2551 καὶ
736 2506 899 2552 ταῦτα
922 2504 1150 2558 νοοῦντες
1177 2504 1294 2573 περὶ
1314 2508 1404 2554 τοῦ
1431 2509 1653 2572 Χριστοῦ
1684 2503 1752 2560 ὡς
1777 2507 1926 2571 ψιλοῦ
1951 2505 2041 2556 ἀν-

475 2589 704 2660 θρώπου·
736 2585 860 2661 ὅπερ
895 2586 920 2640 ὃ
948 2587 1220 2647 ἀπόστολος
1259 2585 1365 2643 εἶπε
1419 2588 1502 2644 διὰ
1527 2594 1646 2651 τοὺς
1673 2595 1889 2653 πιστοὺς
1920 2612 1938 2644 ε
1963 2591 2041 2649 ὅτι

475 2677 617 2744 ὑμεῖς
645 2676 762 2736 ναὸς
801 2683 925 2730 Θεοῦ
961 2683 1076 2732 ἔστε
1095 2718 1108 2739 ,
1139 2687 1224 2731 καὶ
1249 2679 1307 2732 τὸ
1345 2687 1542 2751 πνεῦμα
1568 2689 1658 2736 τοῦ
1683 2690 1812 2738 Θεοῦ
1849 2687 1976 2740 οἰκεῖ
1997 2686 2047 2740 ἐν

475 2765 618 2831 ὖμῗν.
652 2785 671 2819 t
707 2776 791 2829 Ὠς
837 2772 962 2825 κατὰ
1003 2774 1092 2830 τήν
1133 2770 1383 2842 ὑμετέραν
1421 2775 1606 2834 πλάνην
1641 2778 1886 2850 μηδεμίαν
1924 2776 2045 2834 εἶναι

475 2857 714 2931 διαφορὰν
741 2857 928 2930 μεταξὺ
959 2865 1097 2930 ἡμῶν
1119 2863 1218 2918 τῶν
1246 2865 1534 2938 ἀνθρώπων,
1574 2872 1657 2923 καὶ
1687 2877 1777 2924 τοῦ
1803 2879 2044 2944 Χριστοῦ,

475 2949 603 3000 καθά
640 2951 727 3002 καὶ
759 2951 910 3011 αὐτός
932 2949 1182 3025 Θεόδωρος
1212 2952 1236 3007 ὁ
1263 2954 1539 3028 αἱρετικός,
1569 2956 1594 3011 ό
1631 2957 1929 3019 διδασκαλος
1954 2967 2044 3014 τοῦ

2217 2225 2322 2282 Vos
2351 2229 2526 2296 itaque
2555 2229 2692 2281 illius
2719 2227 2957 2296 epistola:
2987 2227 3317 2296 impietatem
3347 2225 3714 2294 defendentes,

2142 2334 2246 2386 qua
2273 2317 2437 2372 Deum
2474 2318 2716 2371 Verbum-
2755 2317 3021 2370 hominem
3062 2316 3262 2371 factum
3304 2331 3426 2371 esse
3471 2326 3716 2386 negatur,

2145 2408 2426 2462 manifesto
2455 2407 2682 2476 duplicis
2711 2409 2761 2460 in
2796 2405 3009 2460 Christo
3035 2405 3279 2460 admissa:
3306 2421 3556 2474 persona:
3599 2407 3704 2459 red~

2145 2498 2459 2564 arguimini,
2513 2505 2675 2565 atque
2721 2497 2822 2550 hoc
2871 2495 3030 2550 modo
3069 2495 3136 2549 de
3180 2493 3420 2561 Christo,
3463 2503 3714 2562 tanquam

2143 2601 2282 2654 puro
2326 2586 2540 2638 homine
2583 2585 2766 2638 deliria
2809 2584 3080 2647 docentes,
3125 2583 3176 2637 in
3218 2584 3465 2638 eamdem
3502 2584 3572 2637 de
3603 2585 3709 2653 ipsa

2143 2675 2460 2733 sententiam
2494 2675 2786 2746 loquunini,
2816 2691 2918 2744 qua
2948 2673 3014 2730 de
3041 2673 3382 2730 credentibus
3409 2674 3615 2730 dictum
3637 2685 3712 2731 est

2146 2768 2213 2819 ab
2243 2767 2498 2834 Apostolo
2533 2783 2545 2817 :
2586 2763 2838 2829 Quoniam
2867 2767 3111 2836 templum
3137 2765 3235 2820 Dei
3257 2769 3380 2820 estis
3409 2783 3519 2831 ros,
3543 2777 3592 2820 et
3619 2767 3720 2820 Det

2147 2855 2372 2926 Spiritus
2419 2855 2670 2908 inlwbilat
2707 2857 2760 2908 in
2800 2855 2937 2908 vobis
2977 2853 3031 2925 (Ι
3059 2853 3179 2908 Cor.
3205 2871 3281 2919 tu,
3313 2855 3438 2925 lli);
3461 2857 3538 2908 ita
3565 2864 3643 2919 ut,
3669 2855 3712 2908 si

2145 2948 2344 3003 erroris
2370 2945 2800 3008 vestrihabeuda
2837 2947 2908 2999 sit
2935 2946 3090 3010 ratio,
3120 2947 3322 3000 nullum
3342 2946 3459 3015 jam
3483 2947 3710 3016 supersit

475 3039 762 3110 γράψαθτςς
787 3047 876 3100 τήν
904 3044 1188 3112 ἐπιστολήν,
1218 3052 1267 3100 ἕν
1285 3055 1357 3120 τῷ
1381 3050 1535 3123 τρίτῳ
1559 3053 1689 3104 κατά
1707 3051 2039 3128 ’Δπολιναρίου

2145 3061 2244 3098 nos
2282 3045 2522 3098 homines
2561 3045 2698 3098 inter
2717 3042 3115 3111 aChristumque
3144 3043 3453 3109 discrimen,
3479 3043 3637 3112 juxta
3665 3043 3712 3096 id

475 3126 604 3199 λόγῳ
642 3140 967 3214 παραφρονῶν
1001 3139 1166 3188 ταῦτα
1193 3137 1260 3194 ὡς
1299 3137 1349 3189 ἐκ
1386 3141 1660 3212 προσώπου
1698 3145 1787 3193 τοῦ
1822 3148 2041 3210 Χριστοῦ

477 3220 626 3290 λέγει’
653 3240 669 3269 ι
691 3222 818 3292 Ἐγώ
845 3228 953 3283 μέν,
972 3220 1024 3276 όν
1051 3223 1199 3293 ὁρᾶτε
1229 3223 1447 3294 δίναμαι
1468 3233 1558 3298 μέν
1585 3237 1740 3283 ποεῖν
1755 3229 1894 3283 οὐδὲν
1914 3234 2042 3286 κατά

476 3319 564 3367 τήν
607 3315 788 3364 ο’κείιν
835 3317 986 3384 φύσιν
1038 3313 1126 3368 ἅτε
1179 3313 1435 3388 ἅνθρωπος
1487 3319 1572 3373 ὧν.
1615 3323 1913 3392 Ἐργὰζομαι
1953 3320 2039 3387 δὲ,

477 3400 646 3456 ἐπειδὴ
679 3403 724 3452 ἐν
752 3403 858 3471 ἐμοὶ
885 3405 1044 3470 μίνων
1070 3405 1093 3457 ό
1120 3411 1286 3481 πατὴρ
1319 3406 1520 3463 ἅπαντα
1547 3421 1698 3464 ποιεῖ.
1730 3410 1922 3471 Ἐπειδὴ
1945 3417 2042 3487 γὰρ

476 3493 574 3560 ἐγώ
601 3511 675 3549 τε,
702 3495 871 3562 queis,
893 3494 941 3545 ἐν
967 3501 1036 3562 τῷ
1065 3500 1242 3568 πατρὶ,
1273 3497 1400 3550 καὶὸ
1430 3504 1595 3575 πατὴρ
1617 3502 1664 3552 ἐν
1692 3501 1816 3570 ἐμοὶ,
1839 3503 1960 3560 Θεὸς
1991 3502 2042 3557 δὲ

477 3579 622 3649 λόγος
651 3583 698 3632 ἐν
721 3583 831 3647 ἐμοὶ
850 3580 878 3637 ὅ
907 3589 995 3637 τοῦ
1028 3593 1152 3638 Θεοῦ
1182 3596 1466 3659 μ;ν·ιγενής,
1501 3587 1643 3646 δῆλον
1672 3589 1748 3646 ὅτι
1768 3597 1849 3646 καὶ
1875 3614 2044 3670 πατήρ

477 3671 572 3724 σὺν
593 3669 747 3738 αὐτῷ,
779 3673 829 3723 ἐν
850 3673 958 3741 ἐμοί
975 3693 1028 3727 τε
1056 3678 1233 3744 μένωδ,
1263 3682 1346 3730 καὶ
1368 3681 1432 3732 τὰ
1461 3677 1585 3752 ἔργα
1610 3689 1786 3734 ποιῶν⁶
1815 3685 1901 3738 καὶ
1919 3685 2044 3736 θαυ-

382 3794 391 3802 -
479 3760 672 3829 μαστόν
697 3781 752 3832 ’γε
787 3762 928 3816 οὐδὲν
957 3765 1040 3817 ἐπὶ
1065 3773 1154 3820 τοῦ
1184 3775 1400 3842 Χριστοῦ
1431 3777 1581 3825 τοῦτο
1609 3775 1842 3842 νομίζειν.
1873 3783 2044 3846 σαφῶς

479 3849 636 3900 αὐτοῦ
663 3853 780 3921 περὶ
799 3858 896 3904 τῶν
919 3853 1102 3907 λοιπῶν
1121 3855 1348 3928 λέγοντος
1368 3861 1661 3934 ἀνθρώπων,
1675 3861 1812 3916 -⁶Ο
1834 3864 2043 3934 ἀγαπῶν

479 3957 540 4006 με
561 3938 642 3990 τὸν
665 3939 806 4010 λόγον
832 3963 928 4012 μου
955 3950 1183 4014 τηρήσει,
1214 3952 1296 4001 καὶ
1319 3948 1344 4002 ὃ
1371 3957 1539 4024 πατήρ
1563 3975 1660 4024 μου
1681 3955 1937 4028 ἀγαπήσει
1957 3958 2045 4008 αὖ·

444 4029 594 4091 κτὸν,
635 4034 716 4082 καὶ
743 4033 866 4108 πρὸς
901 4037 1046 4090 αὐτόν
1080 4037 1412 4110 ἐλευσόμεθα,
1451 4047 1534 4097 καὶ
1578 4047 1728 4110 μονὴν
1759 4045 1883 4115 παρ’
1909 4049 2044 4118 αὖτῷ

478 4122 906 4189 «cratumst—Ei
920 4127 1016 4196 γὰρ
1031 4129 1154 4201 παρ’
1171 4130 1362 4198 ἔκιὶιττῳ
1380 4136 1478 4183 τῶν
1503 4135 1741 4187 τοιούτων
1773 4134 1853 4190 ὅτε
1875 4141 2042 4213 πατὴρ

478 4211 562 4261 καὶ
589 4208 615 4262 ό
652 4211 758 4271 υἱὸς
787 4219 874 4271 τὴν
901 4217 1054 4284 μονήν
1084 4225 1368 4278 ποιοῦνται.
1411 4224 1462 4274 τί
1487 4221 1776 4294 θαυμαστόν
1816 4227 1862 4277 εἰ
1890 4225 1936 4277 ἓν
1971 4234 2043 4296 τῷ

476 4299 606 4350 κατά
646 4300 810 4372 σάρκα
845 4299 1063 4374 δεσπότῃ
1090 4313 1291 4376 Χριστῷ
1333 4304 1476 4378 ἄμφω
1515 4313 1644 4364 κατὰ
1688 4313 1868 4366 ταυτὸν
1905 4317 2042 4386 νομί-

2145 3137 2285 3207 quod
2313 3136 2622 3189 Theodorus
2653 3136 2932 3192 haereticus
2973 3137 3112 3191 illius
3155 3135 3393 3204 epistoke
3438 3135 3709 3204 scriptoris

2141 3227 2393 3292 magister
2427 3227 2479 3279 in
2522 3227 2678 3280 tertio
2712 3225 2967 3281 adversus
3006 3225 3392 3302 Apollinarium
3439 3239 3708 3290 sermone,
3773 3207 3790 3225 ⁸

2141 3315 2408 3369 Christum
2439 3315 2505 3368 de
2531 3331 2588 3370 se
2619 3317 2732 3384 ipso
2761 3316 3067 3384 loquentem
3095 3316 3441 3370 introducens
3469 3315 3577 3370 hoc
3599 3329 3709 3368 tuo-

2142 3406 2230 3468 do,
2283 3407 2462 3474 inepte
2510 3416 2844 3460 commentus
2891 3415 2974 3461 est
3005 3424 3019 3459 :
3056 3425 3074 3456 ε
3111 3405 3222 3475 Ego
3263 3405 3514 3475 quidem,
3553 3420 3708 3473 quem

2145 3497 2446 3566 prospicilis
2476 3490 2602 3548 nihil
2633 3495 2807 3550 facere
2835 3512 3050 3566 possum
3081 3495 3371 3551 secundum
3406 3511 3585 3550 meam
3621 3511 3714 3550 na-

2145 3593 2336 3648 turam,
2364 3600 2484 3638 cum
2523 3584 2684 3638 homo
2713 3586 2812 3638 sim
2853 3603 2866 3638 :
2898 3602 3093 3654 operor
3119 3593 3317 3651 autem,
3362 3585 3618 3654 quoniam
3657 3587 3714 3639 in

2144 3689 2231 3728 me
2271 3689 2492 3728 manens
2520 3673 2676 3728 Pater
2705 3685 2890 3731 cuncta
2922 3684 3174 3745 operatur
3203 3694 3216 3728 :
3261 3677 3564 3741 enimvero,
3625 3675 3706 3730 iu-

2143 3771 2276 3839 quil,
2307 3780 2362 3826 et
2389 3787 2489 3840 ego
2519 3773 2570 3826 in
2612 3771 2788 3836 Patre,
2822 3782 2877 3828 et
2906 3772 3062 3827 Pater
3103 3775 3156 3827 iu
3197 3789 3304 3841 me,
3348 3774 3489 3828 Deus
3533 3784 3707 3828 autem

2143 3860 2377 3914 Verbum
2407 3863 2733 3927 unigenitum
2763 3863 2813 3915 in
2844 3878 2929 3918 me
2956 3871 3036 3918 est
3063 3881 3077 3914 :
3105 3872 3308 3918 certum
3337 3873 3444 3930 est,
3486 3865 3630 3932 quod
3656 3873 3709 3918 et

2147 3946 2305 4002 Pater
2332 3965 2452 4002 cum
2483 3950 2599 4018 ipso
2637 3951 2688 4003 in
2717 3965 2803 4004 me
2833 3960 3030 4017 manet,
3063 3960 3118 4005 et
3144 3967 3305 4020 opera
3331 3952 3474 4006 facit.
3510 3953 3576 4006 Et
3605 3969 3708 4008 nou

2145 4047 2228 4094 est
2270 4039 2572 4093 mirandum
2611 4041 2678 4094 de
2714 4041 2928 4096 Christo
2966 4043 3079 4098 haec
3105 4044 3418 4106 existimari,
3451 4062 3573 4099 cum
3600 4049 3708 4100 evi-

2145 4129 2334 4183 denter
2379 4129 2491 4198 ipsc
2511 4129 2577 4185 de
2604 4133 2811 4186 caeteris
2839 4133 3139 4188 hominibus
3167 4133 3313 4188 dicat
3351 4153 3369 4188 :
3403 4135 3502 4198 Qui
3545 4137 3710 4206 diligit

2143 4233 2240 4282 me,
2274 4235 2556 4272 sermonem
2601 4237 2766 4274 meum
2803 4221 3041 4291 servabit,
3079 4233 3128 4276 et
3164 4223 3324 4276 Pater
3351 4241 3494 4278 meus
3536 4227 3712 4295 diliget

2143 4325 2275 4372 eum,
2299 4317 2348 4362 et
2373 4310 2441 4361 ad
2465 4327 2578 4363 eum
2607 4313 2881 4377 veniemus,
2901 4322 2949 4365 et
2973 4314 3285 4366 mansionem
3313 4318 3452 4384 apud
3477 4333 3592 4368 eum
3629 4319 3712 4386 fa-

477 4387 636 4446 ζοιντο
657 4391 839 4454 μένειν,
865 4397 956 4449 τῆς
979 4394 1104 4444 κοιτά
1129 4400 1218 4451 τήν
1239 4398 1406 4448 οὐσίαν
1425 4399 1672 4458 κοινωνίας
1692 4407 2038 4472 προσιεμένης,

2146 4401 2336 4452 ciemus
2362 4399 2540 4469 (Joan.
2565 4417 2670 4466 XIV,
2699 4401 2809 4472 25).
2843 4403 2897 4456 Si
2933 4405 3074 4458 enim
3107 4405 3244 4474 apud
3273 4418 3540 4475 quemque
3567 4407 3709 4474 ejus—

477 4475 545 4532 ὡς
568 4477 720 4540 ε’κός,
750 4481 830 4530 καὶ
855 4486 941 4534 τήν
960 4488 1050 4538 τῆς
1075 4491 1199 4550 μονῆ
1214 4505 1227 4531 .-
1255 4501 1528 4552 κοινωνιαν;
1560 4504 1578 4535 ε

547 4565 744 4617 Τούτων
787 4570 953 4620 τοίνυν
997 4570 1130 4625 οὗτοι
1159 4575 1301 4646 παρά
1335 4580 1424 4627 τοῦ
1463 4572 1747 4638 δυσσεϐοῦς
1783 4579 2039 4658 Θεοδώρου

476 4654 758 4726 εἰρημένων.
791 4659 848 4708 οὐ
879 4661 1195 4729 θαυμαστόν,
1235 4661 1375 4736 εἴπερ
1401 4663 1426 4718 ό
1453 4667 1673 4720 inmeriti
1696 4675 1788 4722 τοῦ
1823 4677 1948 4726 Θεοῦ
1980 4681 2041 4748 τῇ

476 4743 684 4816 ἀσεϐείᾳ
708 4751 1097 4820 συνεζευγμένην
1126 4749 1240 4821 ἔχει
1267 4757 1350 4807 καὶ
1375 4757 1589 4828 μωρίαν,
1619 4759 1783 4820 καθὼς
1807 4765 1924 4834 περὶ
1945 4743 2043 4818 ταῖν

475 4835 674 4888 ἁσεξῶν
713 4835 736 4890 ό
766 4843 1023 4909 προφήτης
1051 4843 1254 4904 Ἡσαΐας
1279 4845 1428 4916 λέγει,
1463 4864 1482 4896 t
1511 4859 1566 4902 '0
1588 4849 1759 4924 μωρὸς
1781 4853 1928 4927 μωρὰ
1951 4852 2040 4907 λα·

475 4925 644 4988 λήσει,
673 4931 755 4981 καὶ
787 4931 818 4985 ἠ
850 4928 1030 5004 ναρδὶα
1057 4934 1210 4988 αὐτοῦ
1246 4937 1441 5005 μάταια
1477 4942 1666 4996 νοήσει.
1692 4957 1711 4990 ι
1746 4949 1802 4994 '0
1835 4925 1933 5016 γὰρ
1959 4945 2043 4998 τόν

473 5018 673 5090 πατέρα
712 5022 910 5075 καὶτὸν
933 5023 1040 5075 υἶόν
1077 5023 1208 5079 οὕτω
1245 5030 1406 5098 μένειν
1431 5031 1481 5084 ἐν
1508 5039 1580 5102 τῷ
1615 5041 1848 5104 Χριστῷ,
1883 5036 2044 5094 καθὼς

474 5109 560 5160 καί
585 5107 632 5158 ἕν
670 5117 776 5168 τοῖς
813 5110 1006 5172 λοιποῖς
1039 5115 1318 5181 ἀνθρώποις
1356 5117 1824 5196 διισχυριζόμενες,
1852 5127 1936 5178 καὶ
1974 5130 2045 5196 μή

475 5195 724 5271 ὁμολογῶν
751 5201 833 5255 τόν
859 5205 1072 5276 Χριστόν
1112 5201 1238 5262 εἶναι
1283 5211 1367 5262 τόν
1401 5213 1519 5264 Οεόν
1546 5195 1696 5282 λόγον
1725 5195 2046 5288 σαρκωθέντα

475 5290 554 5342 καὶ
581 5290 1058 5362 ἕνανορωπὴσαντα,
1105 5304 1214 5357 πῶς
1249 5299 1380 5370 λέγει
1423 5301 1642 5372 Χριστόν
1678 5305 1804 5357 κατά
1848 5305 2040 5375 σάρκας

474 5379 534 5430 οἱ
558 5372 658 5454 γὰρ
689 5380 822 5452 ἅγιοι
849 5386 1066 5458 πατέρες
1085 5383 1439 5457 όμσλογοῦντες
1459 5391 1546 5444 τὸν
1574 5393 1794 5464 Χριστόν
1813 5372 1938 5446 εἶναι
1957 5395 2044 5446 τόν

475 5471 598 5523 (θεὸν
631 5469 766 5541 λό’μν
801 5477 1122 5548 σαρκωθέντει
1167 5480 1248 5532 καὶ
1282 5480 1755 5552 ἕνανθρωπήσαντα,
1793 5481 1866 5536 ὅτ’
1893 5481 1954 5537 ἄν
1994 5506 2043 5540 τι

475 5562 594 5618 περὶ
622 5561 778 5614 αὐτοῦ
813 5569 1041 5620 ταπεινόν
1065 5567 1323 5640 λέγουσιν,
1357 5569 1515 5645 ὀρθῶς
1549 5573 1793 5641 ἐπάγουσι
1818 5575 1874 5626 τό
1911 5575 2042 5626 κατά

479 5647 664 5719 σάρκα.
698 5646 814 5701 Ἀλλ’
842 5653 883 5702 εἰ
910 5658 995 5707 καὶ
1019 5641 1272 5724 προσῆκον
1299 5655 1353 5716 ἦν
1380 5661 1494 5718 τοὺς
1523 5660 1774 5732 θεὸδωρον
1803 5660 2041 5716 ἐκδικοῦν-

2141 4491 2284 4544 modi
2331 4491 2605 4545 hominum
2644 4501 2699 4546 et
2743 4489 2902 4548 Pater
2940 4503 2996 4548 et
3034 4493 3196 4549 Filius
3238 4497 3572 4550 mansionem
3631 4497 3711 4549 fa-

2141 4581 2308 4644 ciunt,
2337 4580 2465 4651 quid
2502 4583 2693 4636 mirum
2723 4582 2766 4636 si
2807 4584 2860 4637 in
2903 4583 3128 4639 Domino
3165 4584 3456 4639 secundum
3491 4601 3707 4640 carnem

2143 4669 2378 4739 Christo,
2406 4672 2564 4726 ambo
2586 4673 2742 4728 simul
2764 4681 3078 4744 putarentur
3103 4689 3337 4740 manere,
3368 4678 3705 4730 communio-

2143 4773 2212 4812 ne
2266 4774 2452 4813 eorum
2515 4761 2807 4815 secundum
2853 4762 3226 4829 substantiam,
3276 4766 3706 4820 communionem

2144 4863 2358 4917 quoque
2395 4849 2688 4904 mansionis
2727 4849 2951 4905 fortasse
2991 4852 3346 4920 suseipicnte?
3379 4872 3400 4905 ι
3433 4853 3528 4908 His
3552 4855 3710 4922 igitur

2143 4937 2196 4991 in
2237 4939 2379 4993 hunc
2415 4939 2631 4992 modum
2673 4938 2740 4992 ab
2769 4940 2928 5009 impio
2957 4939 3238 4996 Theodoro
3276 4945 3586 5013 propositis,
3611 4945 3707 4998 mi-

2143 5045 2262 5082 rum
2292 5045 2411 5084 esse
2436 5030 2653 5085 minime
2693 5031 2850 5086 debet
2877 5032 3018 5100 quod
3047 5049 3077 5087 a
3109 5033 3220 5089 Deo
3244 5035 3498 5090 excidens
3522 5037 3707 5106 impie-

2145 5120 2240 5172 tati
2271 5121 2637 5192 desipientiam
2667 5121 2995 5192 adjunxerit,
3027 5127 3474 5193 quemadmodum
3502 5127 3570 5184 de
3605 5130 3704 5182 im-

2143 5210 2247 5280 piis
2268 5210 2578 5279 prophetica
2603 5211 2750 5267 Isaia:
2771 5214 2986 5283 prtel'ert
3010 5218 3270 5271 sententia
3301 5235 3314 5270 :
3343 5217 3438 5272 Vir
3461 5221 3705 5290 insipiens

2147 5295 2301 5352 stulti:
2331 5301 2577 5372 loquetur,
2601 5311 2650 5355 et
2673 5318 2764 5357 cor
2787 5304 2898 5373 ejus
2925 5307 3072 5376 fama
3094 5308 3337 5378 cogitabit
3357 5307 3513 5380 (Isai.
3541 5326 3699 5373 xxxn.

2147 5389 2222 5461 6).
2267 5389 2516 5460 Quisquis
2563 5393 2704 5446 enim
2750 5390 2961 5448 Patrem
3009 5403 3066 5450 et
3086 5395 3277 5451 Filium
3305 5398 3468 5452 sicin
3498 5398 3701 5454 Christo

2143 5483 2590 5551 quemadmodum
2612 5491 2667 5538 et
2686 5484 2738 5538 in
2758 5485 2976 5554 reliquis
3003 5487 3306 5545 hominibus
3325 5505 3541 5546 manere
3566 5489 3688 5545 allir-

2147 5580 2274 5631 mat.
2301 5571 2576 5641 Deumque
2607 5572 2833 5630 Verbum
2862 5576 3126 5634 Christum
3158 5581 3504 5652 incantatam,
3539 5585 3700 5639 homi-

2148 5664 2374 5732 nemque
2403 5663 2596 5718 factum
2625 5679 2744 5720 esse
2767 5683 2871 5722 non
2899 5656 3202 5740 conﬁtetur,
3232 5675 3499 5742 quomodo
3527 5681 3695 5745 potest

3674 5777 3707 5808 κ
