  <div class='ocr_page' id='page_1' title='image "/cluster/home/n/w/nwhite01/storage/ocr_20150623/86 pars.1/pst.000005712878/560.png"; bbox 0 0 3958 6288; ppageno 0'>
   <div class='ocr_carea' id='block_1_1' title="bbox 271 268 408 341">
    <p class='ocr_par' dir='ltr' id='par_1_1' title="bbox 271 268 408 341">
     <span class='ocr_line' id='line_1_1' title="bbox 271 268 408 341; baseline 0 -2"><span class='ocrx_word' id='word_1_1' title='bbox 271 268 408 341; x_wconf 74' lang='grc'>1053</span> 
     </span>
    </p>
   </div>
   <div class='ocr_carea' id='block_1_2' title="bbox 1029 264 2795 351">
    <p class='ocr_par' dir='ltr' id='par_1_2' title="bbox 1029 264 2795 351">
     <span class='ocr_line' id='line_1_2' title="bbox 1029 264 2795 351; baseline 0.002 -20"><span class='ocrx_word' id='word_1_2' title='bbox 1029 270 1391 333; x_wconf 80' lang='lat' dir='ltr'><strong>EPISTOLA</strong></span> <span class='ocrx_word' id='word_1_3' title='bbox 1428 264 1827 333; x_wconf 72' lang='lat' dir='ltr'><strong>ADVERSUS</strong></span> <span class='ocrx_word' id='word_1_4' title='bbox 1864 272 2342 351; x_wconf 79' lang='lat' dir='ltr'><strong>TIIEODORUM</strong></span> <span class='ocrx_word' id='word_1_5' title='bbox 2384 266 2795 339; x_wconf 71' lang='lat' dir='ltr'><strong>MOPSUES’I‘.</strong></span> 
     </span>
    </p>
   </div>
   <div class='ocr_carea' id='block_1_3' title="bbox 3384 259 3573 359">
    <p class='ocr_par' dir='ltr' id='par_1_3' title="bbox 3384 259 3573 359">
     <span class='ocr_line' id='line_1_3' title="bbox 3384 259 3573 359; baseline 0.011 -32"><span class='ocrx_word' id='word_1_6' title='bbox 3384 259 3519 331; x_wconf 66' lang='lat'><strong>1034</strong></span> <span class='ocrx_word' id='word_1_7' title='bbox 3558 348 3573 359; x_wconf 24' lang='grc' dir='ltr'><strong>κ</strong></span> 
     </span>
    </p>
   </div>
   <div class='ocr_carea' id='block_1_4' title="bbox 299 386 1833 464">
    <p class='ocr_par' dir='ltr' id='par_1_4' title="bbox 299 386 1833 464">
     <span class='ocr_line' id='line_1_4' title="bbox 299 386 1833 464; baseline 0.002 -21"><span class='ocrx_word' id='word_1_8' title='bbox 299 405 408 449; x_wconf 66' lang='grc' dir='ltr'>τις,</span> <span class='ocrx_word' id='word_1_9' title='bbox 429 389 511 440; x_wconf 78' lang='grc' dir='ltr'>καὶ</span> <span class='ocrx_word' id='word_1_10' title='bbox 530 387 586 442; x_wconf 70' lang='grc' dir='ltr'>ἐκ</span> <span class='ocrx_word' id='word_1_11' title='bbox 608 386 789 448; x_wconf 72' lang='grc' dir='ltr'>ταύτης</span> <span class='ocrx_word' id='word_1_12' title='bbox 810 390 960 445; x_wconf 74' lang='grc' dir='ltr'>αὐτοῦ</span> <span class='ocrx_word' id='word_1_13' title='bbox 983 398 1073 450; x_wconf 82' lang='grc' dir='ltr'>τῆς</span> <span class='ocrx_word' id='word_1_14' title='bbox 1096 393 1201 447; x_wconf 76' lang='grc' dir='ltr'>καθ’</span> <span class='ocrx_word' id='word_1_15' title='bbox 1224 393 1504 463; x_wconf 67' lang='grc' dir='ltr'>ὑπερϐολήν</span> <span class='ocrx_word' id='word_1_16' title='bbox 1529 394 1833 464; x_wconf 47' lang='lat' dir='ltr'><strong>Quaenam</strong></span> 
     </span>
    </p>
   </div>
   <div class='ocr_carea' id='block_1_5' title="bbox 1934 386 3491 464">
    <p class='ocr_par' dir='ltr' id='par_1_5' title="bbox 1947 393 3491 460">
     <span class='ocr_line' id='line_1_5' title="bbox 1947 393 3491 460; baseline 0.004 -13"><span class='ocrx_word' id='word_1_17' title='bbox 1947 393 2213 447; x_wconf 85' lang='lat' dir='ltr'><strong>Chris‘tum</strong></span> <span class='ocrx_word' id='word_1_18' title='bbox 2238 395 2404 460; x_wconf 68' lang='lat' dir='ltr'><strong>ipsum</strong></span> <span class='ocrx_word' id='word_1_19' title='bbox 2433 396 2715 448; x_wconf 87' lang='lat' dir='ltr'><strong>secundum</strong></span> <span class='ocrx_word' id='word_1_20' title='bbox 2738 408 2948 448; x_wconf 85' lang='lat' dir='ltr'><strong>carnem</strong></span> <span class='ocrx_word' id='word_1_21' title='bbox 2977 394 3285 448; x_wconf 87' lang='lat' dir='ltr'><strong>nominare?</strong></span> <span class='ocrx_word' id='word_1_22' title='bbox 3309 395 3491 453; x_wconf 80' lang='lat' dir='ltr'><strong>Sancti</strong></span> 
     </span>
    </p>
   </div>
   <div class='ocr_carea' id='block_1_6' title="bbox 301 476 1846 537">
    <p class='ocr_par' dir='ltr' id='par_1_6' title="bbox 301 476 1846 537">
     <span class='ocr_line' id='line_1_6' title="bbox 301 476 1846 537; baseline 0.003 -10"><span class='ocrx_word' id='word_1_23' title='bbox 301 482 379 534; x_wconf 69' lang='grc' dir='ltr'>τήν</span> <span class='ocrx_word' id='word_1_24' title='bbox 403 479 585 530; x_wconf 69' lang='grc' dir='ltr'>τούτου</span> <span class='ocrx_word' id='word_1_25' title='bbox 612 479 815 531; x_wconf 77' lang='grc' dir='ltr'>ἐκκλῖναι</span> <span class='ocrx_word' id='word_1_26' title='bbox 832 477 1159 537; x_wconf 12' lang='grc' dir='ltr'>,δυσσέϐειαν</span> <span class='ocrx_word' id='word_1_27' title='bbox 1192 481 1294 534; x_wconf 73' lang='grc' dir='ltr'>ἀ&gt;λ’</span> <span class='ocrx_word' id='word_1_28' title='bbox 1319 476 1405 533; x_wconf 76' lang='grc' dir='ltr'>οὖν</span> <span class='ocrx_word' id='word_1_29' title='bbox 1433 480 1517 534; x_wconf 80' lang='grc' dir='ltr'><strong>διὰ</strong></span> <span class='ocrx_word' id='word_1_30' title='bbox 1544 487 1629 537; x_wconf 68' lang='lat' dir='ltr'><strong>ria</strong></span> <span class='ocrx_word' id='word_1_31' title='bbox 1656 484 1846 535; x_wconf 80' lang='grc' dir='ltr'>τούτων</span> 
     </span>
    </p>
   </div>
   <div class='ocr_carea' id='block_1_7' title="bbox 297 563 1848 644">
    <p class='ocr_par' dir='ltr' id='par_1_7' title="bbox 297 563 1848 644">
     <span class='ocr_line' id='line_1_7' title="bbox 297 563 1848 644; baseline 0.005 -27"><span class='ocrx_word' id='word_1_32' title='bbox 297 563 559 629; x_wconf 78' lang='grc' dir='ltr'>ἀναίδειαν,</span> <span class='ocrx_word' id='word_1_33' title='bbox 580 569 664 620; x_wconf 79' lang='grc' dir='ltr'>καὶ</span> <span class='ocrx_word' id='word_1_34' title='bbox 689 564 838 627; x_wconf 77' lang='grc' dir='ltr'>ἄλλας</span> <span class='ocrx_word' id='word_1_35' title='bbox 866 570 1019 623; x_wconf 78' lang='grc' dir='ltr'>αὐτοῦ</span> <span class='ocrx_word' id='word_1_36' title='bbox 1039 569 1356 640; x_wconf 71' lang='grc' dir='ltr'><strong>βλασφημίας</strong></span> <span class='ocrx_word' id='word_1_37' title='bbox 1373 573 1758 644; x_wconf 76' lang='grc' dir='ltr'>προαγάγωμεν,</span> <span class='ocrx_word' id='word_1_38' title='bbox 1784 569 1848 624; x_wconf 77' lang='grc' dir='ltr'>δι’</span> 
     </span>
    </p>
   </div>
   <div class='ocr_carea' id='block_1_8' title="bbox 296 647 991 724">
    <p class='ocr_par' dir='ltr' id='par_1_8' title="bbox 296 647 991 724">
     <span class='ocr_line' id='line_1_8' title="bbox 296 647 991 724; baseline 0.012 -23"><span class='ocrx_word' id='word_1_39' title='bbox 296 647 356 702; x_wconf 70' lang='grc' dir='ltr'><strong>ὧν</strong></span> <span class='ocrx_word' id='word_1_40' title='bbox 381 650 471 705; x_wconf 72' lang='grc' dir='ltr'><strong>δύο</strong></span> <span class='ocrx_word' id='word_1_41' title='bbox 491 655 689 722; x_wconf 81' lang='grc' dir='ltr'>εἰσάγει</span> <span class='ocrx_word' id='word_1_42' title='bbox 716 657 991 724; x_wconf 80' lang='grc' dir='ltr'>πρόσωπα.</span> 
     </span>
    </p>
   </div>
   <div class='ocr_carea' id='block_1_9' title="bbox 334 742 1848 817">
    <p class='ocr_par' dir='ltr' id='par_1_9' title="bbox 334 742 1848 817">
     <span class='ocr_line' id='line_1_9' title="bbox 334 742 1848 817; baseline 0.007 -27"><span class='ocrx_word' id='word_1_43' title='bbox 334 742 679 812; x_wconf 45' lang='grc' dir='ltr'>ιΜεμφὸμενος</span> <span class='ocrx_word' id='word_1_44' title='bbox 704 746 801 817; x_wconf 79' lang='grc' dir='ltr'>γὰρ</span> <span class='ocrx_word' id='word_1_45' title='bbox 845 748 963 804; x_wconf 80' lang='grc' dir='ltr'>τοὺς</span> <span class='ocrx_word' id='word_1_46' title='bbox 1007 746 1239 817; x_wconf 80' lang='grc' dir='ltr'>λέγοντας</span> <span class='ocrx_word' id='word_1_47' title='bbox 1290 744 1367 799; x_wconf 85' lang='grc' dir='ltr'>ὅτι</span> <span class='ocrx_word' id='word_1_48' title='bbox 1411 745 1436 800; x_wconf 82' lang='grc' dir='ltr'>ὁ</span> <span class='ocrx_word' id='word_1_49' title='bbox 1472 750 1592 808; x_wconf 67' lang='grc' dir='ltr'>Θεός</span> <span class='ocrx_word' id='word_1_50' title='bbox 1628 745 1791 817; x_wconf 81' lang='grc' dir='ltr'>λόγος,</span> <span class='ocrx_word' id='word_1_51' title='bbox 1824 746 1848 801; x_wconf 83' lang='grc' dir='ltr'>ὁ</span> 
     </span>
    </p>
   </div>
   <div class='ocr_carea' id='block_1_10' title="bbox 293 832 1850 911">
    <p class='ocr_par' dir='ltr' id='par_1_10' title="bbox 293 832 1850 911">
     <span class='ocr_line' id='line_1_10' title="bbox 293 832 1850 911; baseline 0.007 -30"><span class='ocrx_word' id='word_1_52' title='bbox 293 832 389 900; x_wconf 79' lang='grc' dir='ltr'><strong>πρὸ</strong></span> <span class='ocrx_word' id='word_1_53' title='bbox 430 835 638 894; x_wconf 80' lang='grc' dir='ltr'><strong>αἰώνων,</strong></span> <span class='ocrx_word' id='word_1_54' title='bbox 669 836 865 904; x_wconf 78' lang='grc' dir='ltr'>γέγονεν</span> <span class='ocrx_word' id='word_1_55' title='bbox 896 835 973 887; x_wconf 73' lang='grc' dir='ltr'><strong>ἐπ’</strong></span> <span class='ocrx_word' id='word_1_56' title='bbox 1002 834 1239 905; x_wconf 72' lang='grc' dir='ltr'>ἐσχάτοιν</span> <span class='ocrx_word' id='word_1_57' title='bbox 1261 835 1538 909; x_wconf 79' lang='grc' dir='ltr'>ἅνθρωπος,</span> <span class='ocrx_word' id='word_1_58' title='bbox 1566 838 1697 893; x_wconf 71' lang='grc' dir='ltr'>οὕτω</span> <span class='ocrx_word' id='word_1_59' title='bbox 1722 840 1850 911; x_wconf 81' lang='grc' dir='ltr'>λέγει</span> 
     </span>
    </p>
   </div>
   <div class='ocr_carea' id='block_1_11' title="bbox 292 919 1371 999">
    <p class='ocr_par' dir='ltr' id='par_1_11' title="bbox 292 919 1371 999">
     <span class='ocr_line' id='line_1_11' title="bbox 292 919 1371 999; baseline 0.006 -28"><span class='ocrx_word' id='word_1_60' title='bbox 292 920 339 971; x_wconf 78' lang='grc' dir='ltr'>ἐν</span> <span class='ocrx_word' id='word_1_61' title='bbox 363 927 434 987; x_wconf 86' lang='grc' dir='ltr'>τῷ</span> <span class='ocrx_word' id='word_1_62' title='bbox 463 922 590 973; x_wconf 83' lang='grc' dir='ltr'><strong>κατά</strong></span> <span class='ocrx_word' id='word_1_63' title='bbox 611 919 951 997; x_wconf 78' lang='grc' dir='ltr'>Ἀπολιναρίου</span> <span class='ocrx_word' id='word_1_64' title='bbox 977 927 1199 999; x_wconf 80' lang='grc' dir='ltr'>τετάρτῳ</span> <span class='ocrx_word' id='word_1_65' title='bbox 1224 926 1371 997; x_wconf 78' lang='grc' dir='ltr'>λόγῳ·</span> 
     </span>
    </p>
   </div>
   <div class='ocr_carea' id='block_1_12' title="bbox 367 1002 1849 1084">
    <p class='ocr_par' dir='ltr' id='par_1_12' title="bbox 367 1005 1849 1084">
     <span class='ocr_line' id='line_1_12' title="bbox 367 1005 1849 1084; baseline 0.004 -25"><span class='ocrx_word' id='word_1_66' title='bbox 367 1023 384 1055; x_wconf 73' lang='lat' dir='ltr'><strong>t</strong></span> <span class='ocrx_word' id='word_1_67' title='bbox 405 1005 466 1059; x_wconf 62' lang='grc'><strong>⁸0</strong></span> <span class='ocrx_word' id='word_1_68' title='bbox 493 1010 593 1082; x_wconf 78' lang='grc' dir='ltr'><strong>πρὸ</strong></span> <span class='ocrx_word' id='word_1_69' title='bbox 634 1012 851 1075; x_wconf 77' lang='grc' dir='ltr'><strong>αἰώνων,</strong></span> <span class='ocrx_word' id='word_1_70' title='bbox 891 1017 1010 1082; x_wconf 74' lang='grc' dir='ltr'><strong>φησί</strong></span> <span class='ocrx_word' id='word_1_71' title='bbox 1047 1052 1063 1072; x_wconf 85' lang='grc'><strong>,</strong></span> <span class='ocrx_word' id='word_1_72' title='bbox 1090 1014 1282 1083; x_wconf 76' lang='grc' dir='ltr'>γέγονεν</span> <span class='ocrx_word' id='word_1_73' title='bbox 1306 1013 1384 1066; x_wconf 74' lang='grc' dir='ltr'><strong>ἐπ’</strong></span> <span class='ocrx_word' id='word_1_74' title='bbox 1410 1014 1671 1084; x_wconf 76' lang='grc' dir='ltr'>ἐσχάτων·</span> <span class='ocrx_word' id='word_1_75' title='bbox 1704 1014 1849 1068; x_wconf 58' lang='grc' dir='ltr'>πῶιιν</span> 
     </span>
    </p>
   </div>
   <div class='ocr_carea' id='block_1_13' title="bbox 290 1090 1850 1172">
    <p class='ocr_par' dir='ltr' id='par_1_13' title="bbox 290 1096 1850 1172">
     <span class='ocr_line' id='line_1_13' title="bbox 290 1096 1850 1172; baseline 0.005 -24"><span class='ocrx_word' id='word_1_76' title='bbox 290 1096 358 1153; x_wconf 80' lang='grc' dir='ltr'>ὧς</span> <span class='ocrx_word' id='word_1_77' title='bbox 384 1118 527 1150; x_wconf 82' lang='grc' dir='ltr'>τινων</span> <span class='ocrx_word' id='word_1_78' title='bbox 553 1096 860 1162; x_wconf 71' lang='grc' dir='ltr'><strong>δεδωκότων,</strong></span> <span class='ocrx_word' id='word_1_79' title='bbox 906 1105 987 1154; x_wconf 84' lang='grc' dir='ltr'>καὶ</span> <span class='ocrx_word' id='word_1_80' title='bbox 1028 1110 1180 1156; x_wconf 87' lang='grc' dir='ltr'>τοῦτο</span> <span class='ocrx_word' id='word_1_81' title='bbox 1216 1104 1368 1172; x_wconf 81' lang='grc' dir='ltr'>λέγων</span> <span class='ocrx_word' id='word_1_82' title='bbox 1397 1103 1595 1163; x_wconf 79' lang='grc' dir='ltr'>οὐδενὸς</span> <span class='ocrx_word' id='word_1_83' title='bbox 1619 1100 1637 1126; x_wconf 67' lang='grc'><strong><em>⁴</em></strong></span> <span class='ocrx_word' id='word_1_84' title='bbox 1665 1100 1725 1157; x_wconf 82' lang='grc' dir='ltr'><strong>ἀν</strong></span> <span class='ocrx_word' id='word_1_85' title='bbox 1753 1113 1850 1157; x_wconf 82' lang='grc' dir='ltr'><strong>τῶν</strong></span> 
     </span>
    </p>
   </div>
   <div class='ocr_carea' id='block_1_14' title="bbox 290 1189 1849 1265">
    <p class='ocr_par' dir='ltr' id='par_1_14' title="bbox 290 1189 1849 1265">
     <span class='ocr_line' id='line_1_14' title="bbox 290 1189 1849 1265; baseline 0.006 -26"><span class='ocrx_word' id='word_1_86' title='bbox 290 1189 517 1242; x_wconf 74' lang='grc' dir='ltr'>εὐσεϐεῖν</span> <span class='ocrx_word' id='word_1_87' title='bbox 570 1190 950 1246; x_wconf 75' lang='grc' dir='ltr'><strong>ἐσπουδακότων</strong></span> <span class='ocrx_word' id='word_1_88' title='bbox 998 1193 1183 1253; x_wconf 56' lang='grc' dir='ltr'>ταύτην</span> <span class='ocrx_word' id='word_1_89' title='bbox 1224 1196 1450 1265; x_wconf 76' lang='grc' dir='ltr'>ἑλομένου</span> <span class='ocrx_word' id='word_1_90' title='bbox 1498 1204 1714 1253; x_wconf 80' lang='grc' dir='ltr'>νοσῆσαι</span> <span class='ocrx_word' id='word_1_91' title='bbox 1761 1202 1849 1256; x_wconf 71' lang='grc' dir='ltr'><strong>τήν</strong></span> 
     </span>
    </p>
   </div>
   <div class='ocr_carea' id='block_1_15' title="bbox 291 1270 1849 1355">
    <p class='ocr_par' dir='ltr' id='par_1_15' title="bbox 291 1270 1849 1355">
     <span class='ocr_line' id='line_1_15' title="bbox 291 1270 1849 1355; baseline 0.008 -29"><span class='ocrx_word' id='word_1_92' title='bbox 291 1270 478 1339; x_wconf 72' lang='grc' dir='ltr'>ἄνοιαν,</span> <span class='ocrx_word' id='word_1_93' title='bbox 514 1278 640 1331; x_wconf 82' lang='grc' dir='ltr'>ὥστε</span> <span class='ocrx_word' id='word_1_94' title='bbox 671 1279 754 1331; x_wconf 84' lang='grc' dir='ltr'>τὸν</span> <span class='ocrx_word' id='word_1_95' title='bbox 780 1282 878 1354; x_wconf 82' lang='grc' dir='ltr'><strong>πρὸ</strong></span> <span class='ocrx_word' id='word_1_96' title='bbox 912 1284 1102 1334; x_wconf 72' lang='grc' dir='ltr'>αἰώνων</span> <span class='ocrx_word' id='word_1_97' title='bbox 1147 1285 1300 1336; x_wconf 74' lang='grc' dir='ltr'>εἰπεῖν</span> <span class='ocrx_word' id='word_1_98' title='bbox 1334 1283 1414 1337; x_wconf 72' lang='grc' dir='ltr'><strong>ἐπ’</strong></span> <span class='ocrx_word' id='word_1_99' title='bbox 1446 1284 1682 1353; x_wconf 73' lang='grc' dir='ltr'>ἐσχάτων</span> <span class='ocrx_word' id='word_1_100' title='bbox 1704 1305 1849 1355; x_wconf 82' lang='grc' dir='ltr'>γεγε-</span> 
     </span>
    </p>
   </div>
   <div class='ocr_carea' id='block_1_16' title="bbox 291 1366 1850 1450">
    <p class='ocr_par' dir='ltr' id='par_1_16' title="bbox 291 1366 1850 1450">
     <span class='ocr_line' id='line_1_16' title="bbox 291 1366 1850 1450; baseline 0.01 -37"><span class='ocrx_word' id='word_1_101' title='bbox 291 1366 491 1425; x_wconf 53' lang='grc' dir='ltr'>νῆσθαι*</span> <span class='ocrx_word' id='word_1_102' title='bbox 511 1384 528 1415; x_wconf 80' lang='grc' dir='ltr'><strong>ι</strong></span> <span class='ocrx_word' id='word_1_103' title='bbox 561 1371 655 1420; x_wconf 71' lang='grc' dir='ltr'><strong>Καὶ</strong></span> <span class='ocrx_word' id='word_1_104' title='bbox 673 1371 775 1435; x_wconf 81' lang='grc' dir='ltr'>μεθ’</span> <span class='ocrx_word' id='word_1_105' title='bbox 796 1370 964 1441; x_wconf 81' lang='grc' dir='ltr'>ἕτερα⁶</span> <span class='ocrx_word' id='word_1_106' title='bbox 989 1389 1006 1420; x_wconf 77' lang='grc' dir='ltr'><strong>ε</strong></span> <span class='ocrx_word' id='word_1_107' title='bbox 1026 1373 1208 1424; x_wconf 71' lang='grc' dir='ltr'>Οὐκοῦν</span> <span class='ocrx_word' id='word_1_108' title='bbox 1221 1382 1325 1431; x_wconf 80' lang='grc' dir='ltr'>τοῖς</span> <span class='ocrx_word' id='word_1_109' title='bbox 1340 1374 1596 1450; x_wconf 74' lang='grc' dir='ltr'><strong>ὑμετέροις</strong></span> <span class='ocrx_word' id='word_1_110' title='bbox 1625 1375 1850 1443; x_wconf 73' lang='grc' dir='ltr'>ἑπόμενοι</span> 
     </span>
    </p>
   </div>
   <div class='ocr_carea' id='block_1_17' title="bbox 290 1452 1849 1533">
    <p class='ocr_par' dir='ltr' id='par_1_17' title="bbox 290 1452 1849 1533">
     <span class='ocr_line' id='line_1_17' title="bbox 290 1452 1849 1533; baseline 0.007 -28"><span class='ocrx_word' id='word_1_111' title='bbox 290 1452 486 1521; x_wconf 71' lang='grc' dir='ltr'>νόμοις,</span> <span class='ocrx_word' id='word_1_112' title='bbox 530 1459 613 1508; x_wconf 81' lang='grc' dir='ltr'>καὶ</span> <span class='ocrx_word' id='word_1_113' title='bbox 654 1464 741 1514; x_wconf 72' lang='grc' dir='ltr'><strong>τήν</strong></span> <span class='ocrx_word' id='word_1_114' title='bbox 770 1460 867 1512; x_wconf 77' lang='grc' dir='ltr'><strong>ὑπὸ</strong></span> <span class='ocrx_word' id='word_1_115' title='bbox 895 1469 984 1519; x_wconf 59' lang='grc' dir='ltr'>τῆς</span> <span class='ocrx_word' id='word_1_116' title='bbox 1010 1468 1103 1520; x_wconf 75' lang='grc' dir='ltr'><strong>σῆς</strong></span> <span class='ocrx_word' id='word_1_117' title='bbox 1137 1463 1399 1533; x_wconf 77' lang='grc' dir='ltr'><strong>ἀγχινοίας</strong></span> <span class='ocrx_word' id='word_1_118' title='bbox 1434 1466 1849 1532; x_wconf 68' lang='grc' dir='ltr'>νομοθετουμένην</span> 
     </span>
    </p>
   </div>
   <div class='ocr_carea' id='block_1_18' title="bbox 289 1544 1848 1629">
    <p class='ocr_par' dir='ltr' id='par_1_18' title="bbox 289 1544 1848 1629">
     <span class='ocr_line' id='line_1_18' title="bbox 289 1544 1848 1629; baseline 0.012 -35"><span class='ocrx_word' id='word_1_119' title='bbox 289 1544 647 1619; x_wconf 50' lang='grc' dir='ltr'>ἀντιστροεήν,</span> <span class='ocrx_word' id='word_1_120' title='bbox 674 1548 857 1617; x_wconf 78' lang='grc' dir='ltr'>μᾶλλον</span> <span class='ocrx_word' id='word_1_121' title='bbox 887 1547 938 1602; x_wconf 80' lang='grc' dir='ltr'><strong>δὲ</strong></span> <span class='ocrx_word' id='word_1_122' title='bbox 968 1558 1313 1625; x_wconf 71' lang='grc' dir='ltr'>καταστροφήν</span> <span class='ocrx_word' id='word_1_123' title='bbox 1338 1551 1619 1624; x_wconf 69' lang='grc' dir='ltr'>δεξάμενοι,</span> <span class='ocrx_word' id='word_1_124' title='bbox 1648 1558 1759 1629; x_wconf 78' lang='grc' dir='ltr'>φέρε</span> <span class='ocrx_word' id='word_1_125' title='bbox 1788 1554 1848 1613; x_wconf 75' lang='grc' dir='ltr'><strong>δὴ</strong></span> 
     </span>
    </p>
   </div>
   <div class='ocr_carea' id='block_1_19' title="bbox 287 1630 1847 1712">
    <p class='ocr_par' dir='ltr' id='par_1_19' title="bbox 287 1630 1847 1712">
     <span class='ocr_line' id='line_1_19' title="bbox 287 1630 1847 1712; baseline 0.01 -31"><span class='ocrx_word' id='word_1_126' title='bbox 287 1630 457 1685; x_wconf 66' lang='grc' dir='ltr'>πάντα</span> <span class='ocrx_word' id='word_1_127' title='bbox 485 1638 556 1693; x_wconf 76' lang='grc' dir='ltr'>εἰς</span> <span class='ocrx_word' id='word_1_128' title='bbox 587 1638 768 1690; x_wconf 80' lang='grc' dir='ltr'>ταυτὸν</span> <span class='ocrx_word' id='word_1_129' title='bbox 793 1639 1123 1710; x_wconf 73' lang='grc' dir='ltr'>συγχέοιμεν,</span> <span class='ocrx_word' id='word_1_130' title='bbox 1155 1644 1237 1695; x_wconf 73' lang='grc' dir='ltr'><strong>καὶ</strong></span> <span class='ocrx_word' id='word_1_131' title='bbox 1268 1638 1486 1712; x_wconf 78' lang='grc' dir='ltr'><strong>μηδεμία</strong></span> <span class='ocrx_word' id='word_1_132' title='bbox 1520 1642 1689 1698; x_wconf 78' lang='grc' dir='ltr'>λοιπὸν</span> <span class='ocrx_word' id='word_1_133' title='bbox 1718 1642 1847 1699; x_wconf 75' lang='grc' dir='ltr'>ἔστω</span> 
     </span>
    </p>
   </div>
   <div class='ocr_carea' id='block_1_20' title="bbox 1945 483 3494 552">
    <p class='ocr_par' dir='ltr' id='par_1_20' title="bbox 1945 483 3494 552">
     <span class='ocr_line' id='line_1_20' title="bbox 1945 483 3494 552; baseline 0.003 -17"><span class='ocrx_word' id='word_1_134' title='bbox 1945 484 2137 552; x_wconf 84' lang='lat' dir='ltr'><strong>quippe</strong></span> <span class='ocrx_word' id='word_1_135' title='bbox 2160 483 2341 537; x_wconf 78' lang='lat' dir='ltr'><strong>Patres</strong></span> <span class='ocrx_word' id='word_1_136' title='bbox 2369 483 2631 548; x_wconf 78' lang='lat' dir='ltr'><strong>Christum</strong></span> <span class='ocrx_word' id='word_1_137' title='bbox 2662 484 2824 537; x_wconf 87' lang='lat' dir='ltr'><strong>Deum</strong></span> <span class='ocrx_word' id='word_1_138' title='bbox 2851 483 3080 537; x_wconf 82' lang='lat' dir='ltr'><strong>Verbum</strong></span> <span class='ocrx_word' id='word_1_139' title='bbox 3108 499 3224 539; x_wconf 88' lang='lat' dir='ltr'><strong>esse</strong></span> <span class='ocrx_word' id='word_1_140' title='bbox 3246 485 3494 539; x_wconf 64' lang='lat' dir='ltr'><strong>incarna~</strong></span> 
     </span>
    </p>
   </div>
   <div class='ocr_carea' id='block_1_21' title="bbox 1948 571 3494 643">
    <p class='ocr_par' dir='ltr' id='par_1_21' title="bbox 1948 571 3494 643">
     <span class='ocr_line' id='line_1_21' title="bbox 1948 571 3494 643; baseline 0.003 -20"><span class='ocrx_word' id='word_1_141' title='bbox 1948 578 2076 633; x_wconf 88' lang='lat' dir='ltr'><strong>tum,</strong></span> <span class='ocrx_word' id='word_1_142' title='bbox 2102 580 2260 639; x_wconf 88' lang='lat' dir='ltr'><strong>atque</strong></span> <span class='ocrx_word' id='word_1_143' title='bbox 2283 572 2549 624; x_wconf 77' lang='lat' dir='ltr'><strong>hominem</strong></span> <span class='ocrx_word' id='word_1_144' title='bbox 2581 572 2773 624; x_wconf 80' lang='lat' dir='ltr'><strong>factum</strong></span> <span class='ocrx_word' id='word_1_145' title='bbox 2797 571 3129 638; x_wconf 72' lang='lat' dir='ltr'><strong>coalitcntes,</strong></span> <span class='ocrx_word' id='word_1_146' title='bbox 3158 573 3203 625; x_wconf 90' lang='lat' dir='ltr'><strong>si</strong></span> <span class='ocrx_word' id='word_1_147' title='bbox 3228 573 3494 643; x_wconf 76' lang='lat' dir='ltr'><strong>quidpiam</strong></span> 
     </span>
    </p>
   </div>
   <div class='ocr_carea' id='block_1_22' title="bbox 1946 659 3494 729">
    <p class='ocr_par' dir='ltr' id='par_1_22' title="bbox 1946 659 3494 729">
     <span class='ocr_line' id='line_1_22' title="bbox 1946 659 3494 729; baseline 0.001 -17"><span class='ocrx_word' id='word_1_148' title='bbox 1946 660 2012 712; x_wconf 90' lang='lat' dir='ltr'><strong>de</strong></span> <span class='ocrx_word' id='word_1_149' title='bbox 2052 660 2166 727; x_wconf 90' lang='lat' dir='ltr'><strong>ipso</strong></span> <span class='ocrx_word' id='word_1_150' title='bbox 2195 660 2390 714; x_wconf 91' lang='lat' dir='ltr'><strong>humile</strong></span> <span class='ocrx_word' id='word_1_151' title='bbox 2412 661 2703 729; x_wconf 81' lang='lat' dir='ltr'><strong>proferunt,</strong></span> <span class='ocrx_word' id='word_1_152' title='bbox 2726 668 2869 713; x_wconf 81' lang='lat' dir='ltr'><strong>recte</strong></span> <span class='ocrx_word' id='word_1_153' title='bbox 2892 659 2941 712; x_wconf 90' lang='lat' dir='ltr'><strong>id</strong></span> <span class='ocrx_word' id='word_1_154' title='bbox 2968 660 3254 713; x_wconf 84' lang='lat' dir='ltr'><strong>secundum</strong></span> <span class='ocrx_word' id='word_1_155' title='bbox 3283 676 3494 714; x_wconf 87' lang='lat' dir='ltr'><strong>carnem</strong></span> 
     </span>
    </p>
   </div>
   <div class='ocr_carea' id='block_1_23' title="bbox 1948 747 3498 817">
    <p class='ocr_par' dir='ltr' id='par_1_23' title="bbox 1948 747 3498 817">
     <span class='ocr_line' id='line_1_23' title="bbox 1948 747 3498 817; baseline 0.003 -17"><span class='ocrx_word' id='word_1_156' title='bbox 1948 750 1996 801; x_wconf 91' lang='lat' dir='ltr'><strong>ei</strong></span> <span class='ocrx_word' id='word_1_157' title='bbox 2038 751 2325 804; x_wconf 87' lang='lat' dir='ltr'><strong>convenire</strong></span> <span class='ocrx_word' id='word_1_158' title='bbox 2364 749 2666 815; x_wconf 89' lang='lat' dir='ltr'><strong>subjiciunt.</strong></span> <span class='ocrx_word' id='word_1_159' title='bbox 2697 747 2960 801; x_wconf 73' lang='lat' dir='ltr'><strong>Cmterum</strong></span> <span class='ocrx_word' id='word_1_160' title='bbox 2990 764 3195 817; x_wconf 72' lang='lat' dir='ltr'><strong>acquum</strong></span> <span class='ocrx_word' id='word_1_161' title='bbox 3221 750 3498 804; x_wconf 72' lang='lat' dir='ltr'><strong>videbatur</strong></span> 
     </span>
    </p>
   </div>
   <div class='ocr_carea' id='block_1_24' title="bbox 1949 836 3495 906">
    <p class='ocr_par' dir='ltr' id='par_1_24' title="bbox 1949 836 3495 906">
     <span class='ocr_line' id='line_1_24' title="bbox 1949 836 3495 906; baseline 0.002 -17"><span class='ocrx_word' id='word_1_162' title='bbox 1949 837 2211 891; x_wconf 85' lang='lat' dir='ltr'><strong>Theodori</strong></span> <span class='ocrx_word' id='word_1_163' title='bbox 2234 846 2652 906; x_wconf 74' lang='lat' dir='ltr'><strong>propugnatores</strong></span> <span class='ocrx_word' id='word_1_164' title='bbox 2673 837 2754 889; x_wconf 97' lang='lat' dir='ltr'><strong>vel</strong></span> <span class='ocrx_word' id='word_1_165' title='bbox 2777 836 2874 890; x_wconf 87' lang='lat' dir='ltr'><strong>hac</strong></span> <span class='ocrx_word' id='word_1_166' title='bbox 2894 838 3230 905; x_wconf 81' lang='lat' dir='ltr'><strong>exsuperanli</strong></span> <span class='ocrx_word' id='word_1_167' title='bbox 3250 838 3495 906; x_wconf 57' lang='lat' dir='ltr'><strong>blasphed</strong></span> 
     </span>
    </p>
   </div>
   <div class='ocr_carea' id='block_1_25' title="bbox 1948 925 3495 993">
    <p class='ocr_par' dir='ltr' id='par_1_25' title="bbox 1948 925 3495 993">
     <span class='ocr_line' id='line_1_25' title="bbox 1948 925 3495 993; baseline 0.002 -16"><span class='ocrx_word' id='word_1_168' title='bbox 1948 927 2049 978; x_wconf 85' lang='lat' dir='ltr'><strong>mia</strong></span> <span class='ocrx_word' id='word_1_169' title='bbox 2068 937 2364 980; x_wconf 84' lang='lat' dir='ltr'><strong>commotos</strong></span> <span class='ocrx_word' id='word_1_170' title='bbox 2384 927 2450 979; x_wconf 83' lang='lat' dir='ltr'><strong>ab</strong></span> <span class='ocrx_word' id='word_1_171' title='bbox 2473 926 2634 993; x_wconf 77' lang='lat' dir='ltr'><strong>ipsius</strong></span> <span class='ocrx_word' id='word_1_172' title='bbox 2649 925 2918 993; x_wconf 80' lang='lat' dir='ltr'><strong>impietate</strong></span> <span class='ocrx_word' id='word_1_173' title='bbox 2933 925 3184 980; x_wconf 71' lang='lat' dir='ltr'><strong>recedere</strong></span> <span class='ocrx_word' id='word_1_174' title='bbox 3203 943 3216 978; x_wconf 90' lang='lat'><strong>:</strong></span> <span class='ocrx_word' id='word_1_175' title='bbox 3239 935 3495 991; x_wconf 88' lang='lat' dir='ltr'><strong>attamen,</strong></span> 
     </span>
    </p>
   </div>
   <div class='ocr_carea' id='block_1_26' title="bbox 1950 1014 3497 1086">
    <p class='ocr_par' dir='ltr' id='par_1_26' title="bbox 1950 1014 3497 1086">
     <span class='ocr_line' id='line_1_26' title="bbox 1950 1014 3497 1086; baseline 0.003 -19"><span class='ocrx_word' id='word_1_176' title='bbox 1950 1024 2005 1067; x_wconf 90' lang='lat' dir='ltr'><strong>ut</strong></span> <span class='ocrx_word' id='word_1_177' title='bbox 2054 1016 2287 1082; x_wconf 87' lang='lat' dir='ltr'><strong>ipsorum</strong></span> <span class='ocrx_word' id='word_1_178' title='bbox 2326 1015 2596 1068; x_wconf 77' lang='lat' dir='ltr'><strong>refellatur</strong></span> <span class='ocrx_word' id='word_1_179' title='bbox 2645 1014 3001 1084; x_wconf 85' lang='lat' dir='ltr'><strong>impudentia,</strong></span> <span class='ocrx_word' id='word_1_180' title='bbox 3031 1016 3259 1084; x_wconf 88' lang='lat' dir='ltr'><strong>reliquas</strong></span> <span class='ocrx_word' id='word_1_181' title='bbox 3287 1032 3497 1086; x_wconf 86' lang='lat' dir='ltr'><strong>quoque</strong></span> 
     </span>
    </p>
   </div>
   <div class='ocr_carea' id='block_1_27' title="bbox 1949 1100 3498 1170">
    <p class='ocr_par' dir='ltr' id='par_1_27' title="bbox 1949 1100 3498 1170">
     <span class='ocr_line' id='line_1_27' title="bbox 1949 1100 3498 1170; baseline 0.001 -15"><span class='ocrx_word' id='word_1_182' title='bbox 1949 1104 2062 1165; x_wconf 76' lang='lat' dir='ltr'><strong>ejus</strong></span> <span class='ocrx_word' id='word_1_183' title='bbox 2089 1102 2440 1170; x_wconf 80' lang='lat' dir='ltr'><strong>hlasphemias</strong></span> <span class='ocrx_word' id='word_1_184' title='bbox 2468 1100 2793 1170; x_wconf 78' lang='lat' dir='ltr'><strong>proferemus</strong></span> <span class='ocrx_word' id='word_1_185' title='bbox 2815 1102 2867 1155; x_wconf 88' lang='lat' dir='ltr'><strong>in</strong></span> <span class='ocrx_word' id='word_1_186' title='bbox 2892 1101 3151 1166; x_wconf 88' lang='lat' dir='ltr'><strong>medium,</strong></span> <span class='ocrx_word' id='word_1_187' title='bbox 3184 1103 3375 1170; x_wconf 85' lang='lat' dir='ltr'><strong>quibus</strong></span> <span class='ocrx_word' id='word_1_188' title='bbox 3400 1104 3498 1157; x_wconf 37' lang='lat' dir='ltr'><strong>dus</strong></span> 
     </span>
    </p>
   </div>
   <div class='ocr_carea' id='block_1_28' title="bbox 1948 1189 3499 1259">
    <p class='ocr_par' dir='ltr' id='par_1_28' title="bbox 1948 1189 3499 1259">
     <span class='ocr_line' id='line_1_28' title="bbox 1948 1189 3499 1259; baseline 0.002 -17"><span class='ocrx_word' id='word_1_189' title='bbox 1948 1192 2136 1258; x_wconf 84' lang='lat' dir='ltr'><strong>plicem</strong></span> <span class='ocrx_word' id='word_1_190' title='bbox 2165 1190 2357 1243; x_wconf 84' lang='lat' dir='ltr'><strong>Christi</strong></span> <span class='ocrx_word' id='word_1_191' title='bbox 2397 1205 2677 1259; x_wconf 82' lang='lat' dir='ltr'><strong>personam</strong></span> <span class='ocrx_word' id='word_1_192' title='bbox 2720 1189 2936 1244; x_wconf 58' lang='lat' dir='ltr'><strong>inducitt</strong></span> <span class='ocrx_word' id='word_1_193' title='bbox 2981 1189 3293 1243; x_wconf 87' lang='lat' dir='ltr'><strong>lnsimulans</strong></span> <span class='ocrx_word' id='word_1_194' title='bbox 3320 1191 3499 1259; x_wconf 79' lang='lat' dir='ltr'><strong>itaque</strong></span> 
     </span>
    </p>
   </div>
   <div class='ocr_carea' id='block_1_29' title="bbox 1949 1278 3498 1347">
    <p class='ocr_par' dir='ltr' id='par_1_29' title="bbox 1949 1278 3498 1347">
     <span class='ocr_line' id='line_1_29' title="bbox 1949 1278 3498 1347; baseline 0.001 -15"><span class='ocrx_word' id='word_1_195' title='bbox 1949 1296 2039 1332; x_wconf 84' lang='lat' dir='ltr'><strong>eos</strong></span> <span class='ocrx_word' id='word_1_196' title='bbox 2068 1280 2155 1347; x_wconf 84' lang='lat' dir='ltr'><strong>qui</strong></span> <span class='ocrx_word' id='word_1_197' title='bbox 2188 1278 2353 1332; x_wconf 84' lang='lat' dir='ltr'><strong>Deum</strong></span> <span class='ocrx_word' id='word_1_198' title='bbox 2383 1279 2613 1332; x_wconf 79' lang='lat' dir='ltr'><strong>Verbum</strong></span> <span class='ocrx_word' id='word_1_199' title='bbox 2640 1286 2763 1333; x_wconf 88' lang='lat' dir='ltr'><strong>ante</strong></span> <span class='ocrx_word' id='word_1_200' title='bbox 2790 1278 2981 1332; x_wconf 67' lang='lat' dir='ltr'><strong>sarcula</strong></span> <span class='ocrx_word' id='word_1_201' title='bbox 3015 1279 3272 1345; x_wconf 80' lang='lat' dir='ltr'><strong>genitum,</strong></span> <span class='ocrx_word' id='word_1_202' title='bbox 3308 1280 3362 1333; x_wconf 90' lang='lat' dir='ltr'><strong>in</strong></span> <span class='ocrx_word' id='word_1_203' title='bbox 3397 1295 3498 1333; x_wconf 82' lang='lat' dir='ltr'><strong>no-</strong></span> 
     </span>
    </p>
   </div>
   <div class='ocr_carea' id='block_1_30' title="bbox 1952 1365 3499 1437">
    <p class='ocr_par' dir='ltr' id='par_1_30' title="bbox 1952 1365 3499 1437">
     <span class='ocr_line' id='line_1_30' title="bbox 1952 1365 3499 1437; baseline 0 -15"><span class='ocrx_word' id='word_1_204' title='bbox 1952 1371 2162 1424; x_wconf 81' lang='lat' dir='ltr'><strong>visshuo</strong></span> <span class='ocrx_word' id='word_1_205' title='bbox 2198 1369 2465 1423; x_wconf 71' lang='lat' dir='ltr'><strong>hominem</strong></span> <span class='ocrx_word' id='word_1_206' title='bbox 2494 1367 2689 1421; x_wconf 77' lang='lat' dir='ltr'><strong>factum</strong></span> <span class='ocrx_word' id='word_1_207' title='bbox 2719 1382 2836 1422; x_wconf 88' lang='lat' dir='ltr'><strong>esse</strong></span> <span class='ocrx_word' id='word_1_208' title='bbox 2863 1365 3196 1437; x_wconf 91' lang='lat' dir='ltr'><strong>proﬁtentur,</strong></span> <span class='ocrx_word' id='word_1_209' title='bbox 3227 1368 3280 1421; x_wconf 91' lang='lat' dir='ltr'><strong>in</strong></span> <span class='ocrx_word' id='word_1_210' title='bbox 3309 1376 3499 1437; x_wconf 86' lang='lat' dir='ltr'><strong>quarto</strong></span> 
     </span>
    </p>
   </div>
   <div class='ocr_carea' id='block_1_31' title="bbox 1949 1455 3498 1527">
    <p class='ocr_par' dir='ltr' id='par_1_31' title="bbox 1949 1455 3498 1527">
     <span class='ocr_line' id='line_1_31' title="bbox 1949 1455 3498 1527; baseline 0 -16"><span class='ocrx_word' id='word_1_211' title='bbox 1949 1468 2132 1513; x_wconf 81' lang='lat' dir='ltr'><strong>contra</strong></span> <span class='ocrx_word' id='word_1_212' title='bbox 2171 1457 2551 1524; x_wconf 81' lang='lat' dir='ltr'><strong>Apollinarium</strong></span> <span class='ocrx_word' id='word_1_213' title='bbox 2580 1457 2714 1511; x_wconf 90' lang='lat' dir='ltr'><strong>libro</strong></span> <span class='ocrx_word' id='word_1_214' title='bbox 2753 1457 2867 1510; x_wconf 59' lang='lat' dir='ltr'><strong>haec</strong></span> <span class='ocrx_word' id='word_1_215' title='bbox 2894 1455 3115 1510; x_wconf 86' lang='lat' dir='ltr'><strong>scribit:</strong></span> <span class='ocrx_word' id='word_1_216' title='bbox 3152 1474 3169 1506; x_wconf 77' lang='grc' dir='ltr'><strong>ι</strong></span> <span class='ocrx_word' id='word_1_217' title='bbox 3204 1456 3318 1511; x_wconf 84' lang='grc' dir='ltr'>Ηοο</span> <span class='ocrx_word' id='word_1_218' title='bbox 3357 1458 3498 1527; x_wconf 90' lang='lat' dir='ltr'><strong>quod</strong></span> 
     </span>
    </p>
   </div>
   <div class='ocr_carea' id='block_1_32' title="bbox 1949 1544 3499 1617">
    <p class='ocr_par' dir='ltr' id='par_1_32' title="bbox 1949 1544 3499 1617">
     <span class='ocr_line' id='line_1_32' title="bbox 1949 1544 3499 1617; baseline 0.002 -18"><span class='ocrx_word' id='word_1_219' title='bbox 1949 1548 2056 1617; x_wconf 88' lang='lat' dir='ltr'><strong>[hic</strong></span> <span class='ocrx_word' id='word_1_220' title='bbox 2081 1547 2170 1614; x_wconf 86' lang='lat' dir='ltr'><strong>qui</strong></span> <span class='ocrx_word' id='word_1_221' title='bbox 2198 1544 2387 1616; x_wconf 65' lang='lat' dir='ltr'><strong>Gram]</strong></span> <span class='ocrx_word' id='word_1_222' title='bbox 2410 1553 2531 1600; x_wconf 86' lang='lat' dir='ltr'><strong>ante</strong></span> <span class='ocrx_word' id='word_1_223' title='bbox 2558 1545 2747 1600; x_wconf 63' lang='lat' dir='ltr'><strong>sarcula</strong></span> <span class='ocrx_word' id='word_1_224' title='bbox 2775 1554 2911 1614; x_wconf 89' lang='lat' dir='ltr'><strong>erat,</strong></span> <span class='ocrx_word' id='word_1_225' title='bbox 2939 1545 2991 1599; x_wconf 92' lang='lat' dir='ltr'><strong>in</strong></span> <span class='ocrx_word' id='word_1_226' title='bbox 3030 1546 3328 1601; x_wconf 82' lang='lat' dir='ltr'><strong>novissimis</strong></span> <span class='ocrx_word' id='word_1_227' title='bbox 3370 1547 3499 1602; x_wconf 88' lang='lat' dir='ltr'><strong>dicit</strong></span> 
     </span>
    </p>
   </div>
   <div class='ocr_carea' id='block_1_33' title="bbox 1950 1635 3498 1705">
    <p class='ocr_par' dir='ltr' id='par_1_33' title="bbox 1950 1635 3498 1705">
     <span class='ocr_line' id='line_1_33' title="bbox 1950 1635 3498 1705; baseline 0.003 -18"><span class='ocrx_word' id='word_1_228' title='bbox 1950 1637 2138 1690; x_wconf 81' lang='lat' dir='ltr'><strong>factum</strong></span> <span class='ocrx_word' id='word_1_229' title='bbox 2168 1650 2286 1690; x_wconf 89' lang='lat' dir='ltr'><strong>esse</strong></span> <span class='ocrx_word' id='word_1_230' title='bbox 2308 1636 2655 1705; x_wconf 88' lang='lat' dir='ltr'><strong>temporibus,</strong></span> <span class='ocrx_word' id='word_1_231' title='bbox 2685 1642 2871 1705; x_wconf 86' lang='lat' dir='ltr'><strong>utpote</strong></span> <span class='ocrx_word' id='word_1_232' title='bbox 2894 1635 3208 1704; x_wconf 85' lang='lat' dir='ltr'><strong>quibusdam</strong></span> <span class='ocrx_word' id='word_1_233' title='bbox 3245 1637 3347 1691; x_wconf 89' lang='lat' dir='ltr'><strong>hoc</strong></span> <span class='ocrx_word' id='word_1_234' title='bbox 3371 1652 3498 1691; x_wconf 89' lang='lat' dir='ltr'><strong>con-</strong></span> 
     </span>
    </p>
   </div>
   <div class='ocr_carea' id='block_1_34' title="bbox 286 1713 1833 1806">
    <p class='ocr_par' dir='ltr' id='par_1_34' title="bbox 286 1713 1833 1806">
     <span class='ocr_line' id='line_1_34' title="bbox 286 1713 1833 1806; baseline 0.008 -29"><span class='ocrx_word' id='word_1_235' title='bbox 286 1713 558 1803; x_wconf 60' lang='grc' dir='ltr'>δωίκρισις,</span> <span class='ocrx_word' id='word_1_236' title='bbox 586 1730 655 1793; x_wconf 75' lang='grc' dir='ltr'><strong><em>μή</em></strong></span> <span class='ocrx_word' id='word_1_237' title='bbox 680 1733 804 1780; x_wconf 82' lang='grc' dir='ltr'>Θεοῦ</span> <span class='ocrx_word' id='word_1_238' title='bbox 832 1738 1042 1802; x_wconf 64' lang='grc' dir='ltr'>μορφῆς,</span> <span class='ocrx_word' id='word_1_239' title='bbox 1073 1736 1140 1801; x_wconf 76' lang='grc' dir='ltr'>μή</span> <span class='ocrx_word' id='word_1_240' title='bbox 1164 1729 1341 1785; x_wconf 80' lang='grc' dir='ltr'>δούλου</span> <span class='ocrx_word' id='word_1_241' title='bbox 1368 1741 1589 1806; x_wconf 78' lang='grc' dir='ltr'><strong>μορφῆς,</strong></span> <span class='ocrx_word' id='word_1_242' title='bbox 1625 1738 1693 1803; x_wconf 75' lang='grc' dir='ltr'><strong>μή</strong></span> <span class='ocrx_word' id='word_1_243' title='bbox 1725 1742 1833 1789; x_wconf 69' lang='grc' dir='ltr'>ναοί</span> 
     </span>
    </p>
   </div>
   <div class='ocr_carea' id='block_1_35' title="bbox 1934 1713 3498 1806">
    <p class='ocr_par' dir='ltr' id='par_1_35' title="bbox 1951 1729 3498 1798">
     <span class='ocr_line' id='line_1_35' title="bbox 1951 1729 3498 1798; baseline 0.003 -17"><span class='ocrx_word' id='word_1_244' title='bbox 1951 1731 2233 1794; x_wconf 86' lang='lat' dir='ltr'><strong>litentibus,</strong></span> <span class='ocrx_word' id='word_1_245' title='bbox 2258 1745 2378 1784; x_wconf 90' lang='lat' dir='ltr'><strong>cum</strong></span> <span class='ocrx_word' id='word_1_246' title='bbox 2397 1746 2556 1784; x_wconf 89' lang='lat' dir='ltr'><strong>nemo</strong></span> <span class='ocrx_word' id='word_1_247' title='bbox 2576 1745 2643 1784; x_wconf 80' lang='lat' dir='ltr'><strong>ex</strong></span> <span class='ocrx_word' id='word_1_248' title='bbox 2661 1730 2743 1783; x_wconf 91' lang='lat' dir='ltr'><strong>his</strong></span> <span class='ocrx_word' id='word_1_249' title='bbox 2763 1730 2850 1798; x_wconf 90' lang='lat' dir='ltr'><strong>qui</strong></span> <span class='ocrx_word' id='word_1_250' title='bbox 2871 1729 3083 1798; x_wconf 88' lang='lat' dir='ltr'><strong>pietatis</strong></span> <span class='ocrx_word' id='word_1_251' title='bbox 3103 1746 3281 1786; x_wconf 90' lang='lat' dir='ltr'><strong>curam</strong></span> <span class='ocrx_word' id='word_1_252' title='bbox 3302 1732 3498 1786; x_wconf 85' lang='lat' dir='ltr'><strong>habent</strong></span> 
     </span>
    </p>
   </div>
   <div class='ocr_carea' id='block_1_36' title="bbox 284 1808 1848 1892">
    <p class='ocr_par' dir='ltr' id='par_1_36' title="bbox 284 1808 1848 1892">
     <span class='ocr_line' id='line_1_36' title="bbox 284 1808 1848 1892; baseline 0.011 -31"><span class='ocrx_word' id='word_1_253' title='bbox 284 1808 565 1883; x_wconf 70' lang='grc' dir='ltr'><strong>ληφθέντος,</strong></span> <span class='ocrx_word' id='word_1_254' title='bbox 592 1821 661 1886; x_wconf 76' lang='grc' dir='ltr'>μὴ</span> <span class='ocrx_word' id='word_1_255' title='bbox 682 1823 773 1870; x_wconf 92' lang='grc' dir='ltr'><strong>τοῦ</strong></span> <span class='ocrx_word' id='word_1_256' title='bbox 796 1818 1097 1880; x_wconf 81' lang='grc' dir='ltr'>ἐνοικοῦντος</span> <span class='ocrx_word' id='word_1_257' title='bbox 1124 1821 1172 1872; x_wconf 82' lang='grc' dir='ltr'>ἐν</span> <span class='ocrx_word' id='word_1_258' title='bbox 1195 1829 1266 1890; x_wconf 85' lang='grc' dir='ltr'>τῷ</span> <span class='ocrx_word' id='word_1_259' title='bbox 1293 1830 1422 1890; x_wconf 82' lang='grc' dir='ltr'>ναῷ,</span> <span class='ocrx_word' id='word_1_260' title='bbox 1455 1827 1525 1892; x_wconf 74' lang='grc' dir='ltr'>μή</span> <span class='ocrx_word' id='word_1_261' title='bbox 1569 1829 1655 1875; x_wconf 88' lang='grc' dir='ltr'><strong>τοῦ</strong></span> <span class='ocrx_word' id='word_1_262' title='bbox 1682 1824 1848 1878; x_wconf 76' lang='grc' dir='ltr'>λυθέν-</span> 
     </span>
    </p>
   </div>
   <div class='ocr_carea' id='block_1_37' title="bbox 282 1907 1843 1978">
    <p class='ocr_par' dir='ltr' id='par_1_37' title="bbox 282 1907 1843 1978">
     <span class='ocr_line' id='line_1_37' title="bbox 282 1907 1843 1978; baseline 0.008 -26"><span class='ocrx_word' id='word_1_263' title='bbox 282 1913 402 1960; x_wconf 75' lang='grc' dir='ltr'>τος.</span> <span class='ocrx_word' id='word_1_264' title='bbox 433 1907 502 1969; x_wconf 78' lang='grc' dir='ltr'><em>μή</em></span> <span class='ocrx_word' id='word_1_265' title='bbox 536 1911 625 1958; x_wconf 90' lang='grc' dir='ltr'><strong>τοῦ</strong></span> <span class='ocrx_word' id='word_1_266' title='bbox 653 1907 960 1978; x_wconf 73' lang='grc' dir='ltr'>ἐγείραντος,</span> <span class='ocrx_word' id='word_1_267' title='bbox 991 1916 1059 1976; x_wconf 86' lang='grc' dir='ltr'>μή</span> <span class='ocrx_word' id='word_1_268' title='bbox 1089 1917 1177 1963; x_wconf 83' lang='grc' dir='ltr'><strong>τοῦ</strong></span> <span class='ocrx_word' id='word_1_269' title='bbox 1203 1911 1540 1970; x_wconf 74' lang='grc' dir='ltr'><strong>τελειωθέντας</strong></span> <span class='ocrx_word' id='word_1_270' title='bbox 1569 1912 1616 1963; x_wconf 85' lang='grc' dir='ltr'>ἐν</span> <span class='ocrx_word' id='word_1_271' title='bbox 1644 1911 1843 1973; x_wconf 67' lang='grc' dir='ltr'>πάθεσι,</span> 
     </span>
    </p>
   </div>
   <div class='ocr_carea' id='block_1_38' title="bbox 284 1989 1845 2068">
    <p class='ocr_par' dir='ltr' id='par_1_38' title="bbox 284 1989 1845 2068">
     <span class='ocr_line' id='line_1_38' title="bbox 284 1989 1845 2068; baseline 0.006 -27"><span class='ocrx_word' id='word_1_272' title='bbox 284 1989 355 2056; x_wconf 75' lang='grc' dir='ltr'>μή</span> <span class='ocrx_word' id='word_1_273' title='bbox 377 1996 463 2042; x_wconf 89' lang='grc' dir='ltr'><strong>τοῦ</strong></span> <span class='ocrx_word' id='word_1_274' title='bbox 483 1992 846 2053; x_wconf 77' lang='grc' dir='ltr'>τελειώσαντος.</span> <span class='ocrx_word' id='word_1_275' title='bbox 868 2001 936 2064; x_wconf 77' lang='grc' dir='ltr'>μή</span> <span class='ocrx_word' id='word_1_276' title='bbox 956 2004 1045 2050; x_wconf 89' lang='grc' dir='ltr'><strong>τοῦ</strong></span> <span class='ocrx_word' id='word_1_277' title='bbox 1066 2000 1504 2068; x_wconf 74' lang='grc' dir='ltr'>μνημονευθέντος,</span> <span class='ocrx_word' id='word_1_278' title='bbox 1529 2005 1597 2066; x_wconf 74' lang='grc' dir='ltr'>μή</span> <span class='ocrx_word' id='word_1_279' title='bbox 1612 2006 1702 2053; x_wconf 87' lang='grc' dir='ltr'><strong>τοῦ</strong></span> <span class='ocrx_word' id='word_1_280' title='bbox 1722 2021 1845 2068; x_wconf 78' lang='grc' dir='ltr'>μνη-</span> 
     </span>
    </p>
   </div>
   <div class='ocr_carea' id='block_1_39' title="bbox 282 2081 1844 2160">
    <p class='ocr_par' dir='ltr' id='par_1_39' title="bbox 282 2081 1844 2160">
     <span class='ocr_line' id='line_1_39' title="bbox 282 2081 1844 2160; baseline 0.012 -31"><span class='ocrx_word' id='word_1_281' title='bbox 282 2081 651 2146; x_wconf 77' lang='grc' dir='ltr'>μονεύσαντος.</span> <span class='ocrx_word' id='word_1_282' title='bbox 700 2090 769 2155; x_wconf 73' lang='grc' dir='ltr'>μὴ</span> <span class='ocrx_word' id='word_1_283' title='bbox 808 2092 896 2138; x_wconf 92' lang='grc' dir='ltr'><strong>τοῦ</strong></span> <span class='ocrx_word' id='word_1_284' title='bbox 936 2087 1326 2157; x_wconf 71' lang='grc' dir='ltr'>ἐπισκεφθέντος,</span> <span class='ocrx_word' id='word_1_285' title='bbox 1355 2095 1546 2158; x_wconf 74' lang='grc' dir='ltr'>μὴ’τοῦ</span> <span class='ocrx_word' id='word_1_286' title='bbox 1574 2091 1844 2160; x_wconf 57' lang='grc' dir='ltr'>ἐπισκεψα-</span> 
     </span>
    </p>
   </div>
   <div class='ocr_carea' id='block_1_40' title="bbox 281 2170 1843 2251">
    <p class='ocr_par' dir='ltr' id='par_1_40' title="bbox 281 2170 1843 2251">
     <span class='ocr_line' id='line_1_40' title="bbox 281 2170 1843 2251; baseline 0.008 -30"><span class='ocrx_word' id='word_1_287' title='bbox 281 2170 432 2239; x_wconf 68' lang='grc' dir='ltr'>μένου</span> <span class='ocrx_word' id='word_1_288' title='bbox 453 2210 467 2231; x_wconf 93' lang='grc'><strong>,</strong></span> <span class='ocrx_word' id='word_1_289' title='bbox 510 2177 580 2241; x_wconf 80' lang='grc' dir='ltr'>μή</span> <span class='ocrx_word' id='word_1_290' title='bbox 607 2179 693 2227; x_wconf 90' lang='grc' dir='ltr'><strong>τοῦ</strong></span> <span class='ocrx_word' id='word_1_291' title='bbox 730 2176 907 2250; x_wconf 85' lang='grc' dir='ltr'>βραχύ</span> <span class='ocrx_word' id='word_1_292' title='bbox 946 2176 1069 2249; x_wconf 85' lang='grc' dir='ltr'>παρ’</span> <span class='ocrx_word' id='word_1_293' title='bbox 1096 2178 1333 2248; x_wconf 86' lang='grc' dir='ltr'>ἀγγέλους</span> <span class='ocrx_word' id='word_1_294' title='bbox 1362 2179 1738 2246; x_wconf 79' lang='grc' dir='ltr'>ἐλαττωθέντος,</span> <span class='ocrx_word' id='word_1_295' title='bbox 1773 2187 1843 2251; x_wconf 79' lang='grc' dir='ltr'><strong><em>μή</em></strong></span> 
     </span>
    </p>
   </div>
   <div class='ocr_carea' id='block_1_41' title="bbox 280 2258 1840 2338">
    <p class='ocr_par' dir='ltr' id='par_1_41' title="bbox 280 2258 1840 2338">
     <span class='ocr_line' id='line_1_41' title="bbox 280 2258 1840 2338; baseline 0.009 -30"><span class='ocrx_word' id='word_1_296' title='bbox 280 2263 370 2309; x_wconf 85' lang='grc' dir='ltr'><strong>τοῦ</strong></span> <span class='ocrx_word' id='word_1_297' title='bbox 401 2258 770 2322; x_wconf 76' lang='grc' dir='ltr'>ἐλαττώσαντος</span> <span class='ocrx_word' id='word_1_298' title='bbox 786 2305 800 2327; x_wconf 94' lang='grc'><strong>,</strong></span> <span class='ocrx_word' id='word_1_299' title='bbox 830 2268 898 2332; x_wconf 75' lang='grc' dir='ltr'>μή</span> <span class='ocrx_word' id='word_1_300' title='bbox 925 2271 1010 2317; x_wconf 87' lang='grc' dir='ltr'><strong>τοῦ</strong></span> <span class='ocrx_word' id='word_1_301' title='bbox 1036 2263 1152 2336; x_wconf 78' lang='grc' dir='ltr'><strong>δόξῃ</strong></span> <span class='ocrx_word' id='word_1_302' title='bbox 1178 2269 1261 2318; x_wconf 81' lang='grc' dir='ltr'><strong>καί</strong></span> <span class='ocrx_word' id='word_1_303' title='bbox 1285 2275 1403 2335; x_wconf 76' lang='grc' dir='ltr'>τι,μῇ</span> <span class='ocrx_word' id='word_1_304' title='bbox 1430 2269 1840 2338; x_wconf 78' lang='grc' dir='ltr'>στεφανωθέντος,</span> 
     </span>
    </p>
   </div>
   <div class='ocr_carea' id='block_1_42' title="bbox 278 2350 1842 2429">
    <p class='ocr_par' dir='ltr' id='par_1_42' title="bbox 278 2350 1842 2429">
     <span class='ocr_line' id='line_1_42' title="bbox 278 2350 1842 2429; baseline 0.008 -31"><span class='ocrx_word' id='word_1_305' title='bbox 278 2350 349 2413; x_wconf 71' lang='grc' dir='ltr'>μή</span> <span class='ocrx_word' id='word_1_306' title='bbox 370 2353 461 2399; x_wconf 91' lang='grc' dir='ltr'><strong>τοῦ</strong></span> <span class='ocrx_word' id='word_1_307' title='bbox 489 2353 923 2419; x_wconf 72' lang='grc' dir='ltr'>στεφανώσαντος,</span> <span class='ocrx_word' id='word_1_308' title='bbox 944 2357 1013 2420; x_wconf 78' lang='grc' dir='ltr'>μὴ</span> <span class='ocrx_word' id='word_1_309' title='bbox 1041 2359 1124 2406; x_wconf 85' lang='grc' dir='ltr'><strong>τοῦ</strong></span> <span class='ocrx_word' id='word_1_310' title='bbox 1151 2350 1488 2413; x_wconf 72' lang='grc' dir='ltr'>καταστάντος</span> <span class='ocrx_word' id='word_1_311' title='bbox 1514 2357 1597 2407; x_wconf 83' lang='grc' dir='ltr'><strong>ἐπὶ</strong></span> <span class='ocrx_word' id='word_1_312' title='bbox 1628 2357 1693 2408; x_wconf 87' lang='grc' dir='ltr'><strong>τά</strong></span> <span class='ocrx_word' id='word_1_313' title='bbox 1717 2355 1842 2429; x_wconf 71' lang='grc' dir='ltr'>ἔργα</span> 
     </span>
    </p>
   </div>
   <div class='ocr_carea' id='block_1_43' title="bbox 276 2441 1842 2515">
    <p class='ocr_par' dir='ltr' id='par_1_43' title="bbox 276 2441 1842 2515">
     <span class='ocr_line' id='line_1_43' title="bbox 276 2441 1842 2515; baseline 0.01 -28"><span class='ocrx_word' id='word_1_314' title='bbox 276 2441 380 2488; x_wconf 69' lang='grc' dir='ltr'><strong>τῶν</strong></span> <span class='ocrx_word' id='word_1_315' title='bbox 406 2442 592 2508; x_wconf 83' lang='grc' dir='ltr'>χειρῶν</span> <span class='ocrx_word' id='word_1_316' title='bbox 608 2444 698 2492; x_wconf 89' lang='grc' dir='ltr'><strong>τοῦ</strong></span> <span class='ocrx_word' id='word_1_317' title='bbox 728 2447 873 2504; x_wconf 85' lang='grc' dir='ltr'>Θεοῦ,</span> <span class='ocrx_word' id='word_1_318' title='bbox 888 2448 955 2510; x_wconf 79' lang='grc' dir='ltr'>μὴ</span> <span class='ocrx_word' id='word_1_319' title='bbox 975 2448 1063 2496; x_wconf 83' lang='grc' dir='ltr'><strong>τοῦ</strong></span> <span class='ocrx_word' id='word_1_320' title='bbox 1087 2447 1522 2506; x_wconf 77' lang='grc' dir='ltr'>καταστήσαντος,</span> <span class='ocrx_word' id='word_1_321' title='bbox 1550 2450 1618 2515; x_wconf 73' lang='grc' dir='ltr'>μὴ</span> <span class='ocrx_word' id='word_1_322' title='bbox 1637 2453 1728 2501; x_wconf 90' lang='grc' dir='ltr'><strong>τοῦ</strong></span> <span class='ocrx_word' id='word_1_323' title='bbox 1752 2446 1842 2502; x_wconf 90' lang='grc' dir='ltr'>λα-</span> 
     </span>
    </p>
   </div>
   <div class='ocr_carea' id='block_1_44' title="bbox 277 2525 1833 2609">
    <p class='ocr_par' dir='ltr' id='par_1_44' title="bbox 277 2525 1833 2609">
     <span class='ocr_line' id='line_1_44' title="bbox 277 2525 1833 2609; baseline 0.008 -31"><span class='ocrx_word' id='word_1_324' title='bbox 277 2525 451 2587; x_wconf 73' lang='grc' dir='ltr'>ϐόντος</span> <span class='ocrx_word' id='word_1_325' title='bbox 474 2530 602 2584; x_wconf 78' lang='grc' dir='ltr'><strong>αῦτά</strong></span> <span class='ocrx_word' id='word_1_326' title='bbox 632 2531 680 2583; x_wconf 73' lang='grc' dir='ltr'>ἐν</span> <span class='ocrx_word' id='word_1_327' title='bbox 710 2532 973 2609; x_wconf 74' lang='grc' dir='ltr'>ὑποταγῇ,</span> <span class='ocrx_word' id='word_1_328' title='bbox 1000 2539 1070 2605; x_wconf 73' lang='grc' dir='ltr'>μὴ</span> <span class='ocrx_word' id='word_1_329' title='bbox 1096 2540 1186 2588; x_wconf 87' lang='grc' dir='ltr'><strong>τοῦ</strong></span> <span class='ocrx_word' id='word_1_330' title='bbox 1214 2533 1388 2594; x_wconf 82' lang='grc' dir='ltr'>δόντος</span> <span class='ocrx_word' id='word_1_331' title='bbox 1412 2541 1500 2595; x_wconf 73' lang='grc' dir='ltr'>τήν</span> <span class='ocrx_word' id='word_1_332' title='bbox 1525 2537 1833 2607; x_wconf 75' lang='grc' dir='ltr'>ὑποταγήν.»</span> 
     </span>
    </p>
   </div>
   <div class='ocr_carea' id='block_1_45' title="bbox 345 2620 1840 2701">
    <p class='ocr_par' dir='ltr' id='par_1_45' title="bbox 345 2620 1840 2701">
     <span class='ocr_line' id='line_1_45' title="bbox 345 2620 1840 2701; baseline 0.009 -32"><span class='ocrx_word' id='word_1_333' title='bbox 345 2625 424 2669; x_wconf 81' lang='grc' dir='ltr'>Ἐκ</span> <span class='ocrx_word' id='word_1_334' title='bbox 447 2620 637 2672; x_wconf 82' lang='grc' dir='ltr'>τούτων</span> <span class='ocrx_word' id='word_1_335' title='bbox 662 2623 821 2675; x_wconf 84' lang='grc' dir='ltr'>τοίνυν</span> <span class='ocrx_word' id='word_1_336' title='bbox 844 2630 943 2676; x_wconf 84' lang='grc' dir='ltr'><strong>τῶν</strong></span> <span class='ocrx_word' id='word_1_337' title='bbox 970 2624 1168 2677; x_wconf 78' lang='grc' dir='ltr'>ἀσεϐῶν</span> <span class='ocrx_word' id='word_1_338' title='bbox 1192 2622 1451 2696; x_wconf 80' lang='grc' dir='ltr'>Θεοδώρου</span> <span class='ocrx_word' id='word_1_339' title='bbox 1477 2627 1730 2701; x_wconf 70' lang='grc' dir='ltr'>ῥημάτων,</span> <span class='ocrx_word' id='word_1_340' title='bbox 1754 2633 1840 2682; x_wconf 82' lang='grc' dir='ltr'>καὶ</span> 
     </span>
    </p>
   </div>
   <div class='ocr_carea' id='block_1_46' title="bbox 274 2706 1838 2790">
    <p class='ocr_par' dir='ltr' id='par_1_46' title="bbox 274 2706 1838 2790">
     <span class='ocr_line' id='line_1_46' title="bbox 274 2706 1838 2790; baseline 0.015 -33"><span class='ocrx_word' id='word_1_341' title='bbox 274 2713 367 2764; x_wconf 82' lang='grc' dir='ltr'><strong>τῆς</strong></span> <span class='ocrx_word' id='word_1_342' title='bbox 389 2706 548 2768; x_wconf 74' lang='grc' dir='ltr'>οὕτως</span> <span class='ocrx_word' id='word_1_343' title='bbox 572 2712 726 2765; x_wconf 79' lang='grc' dir='ltr'>αὐτοῦ</span> <span class='ocrx_word' id='word_1_344' title='bbox 754 2721 1035 2786; x_wconf 81' lang='grc' dir='ltr'>προφανοῦς</span> <span class='ocrx_word' id='word_1_345' title='bbox 1060 2715 1374 2787; x_wconf 74' lang='grc' dir='ltr'><strong>βλασφημίας</strong></span> <span class='ocrx_word' id='word_1_346' title='bbox 1400 2716 1765 2790; x_wconf 68' lang='grc' dir='ltr'>ἐρυθριάσωσιν</span> <span class='ocrx_word' id='word_1_347' title='bbox 1792 2720 1838 2773; x_wconf 77' lang='grc' dir='ltr'>οἶ</span> 
     </span>
    </p>
   </div>
   <div class='ocr_carea' id='block_1_47' title="bbox 274 2797 1838 2872">
    <p class='ocr_par' dir='ltr' id='par_1_47' title="bbox 274 2797 1838 2872">
     <span class='ocr_line' id='line_1_47' title="bbox 274 2797 1838 2872; baseline 0.015 -23"><span class='ocrx_word' id='word_1_348' title='bbox 274 2797 672 2872; x_wconf 55' lang='grc' dir='ltr'>ἀντιποιούμενοι</span> <span class='ocrx_word' id='word_1_349' title='bbox 707 2805 860 2858; x_wconf 83' lang='grc' dir='ltr'>αὐτοῦ</span> <span class='ocrx_word' id='word_1_350' title='bbox 898 2826 951 2858; x_wconf 86' lang='grc' dir='ltr'><strong>τε</strong></span> <span class='ocrx_word' id='word_1_351' title='bbox 977 2809 1058 2859; x_wconf 82' lang='grc' dir='ltr'><strong>καί</strong></span> <span class='ocrx_word' id='word_1_352' title='bbox 1080 2813 1170 2866; x_wconf 79' lang='grc' dir='ltr'><strong>τῆς</strong></span> <span class='ocrx_word' id='word_1_353' title='bbox 1197 2807 1415 2866; x_wconf 80' lang='grc' dir='ltr'>ἀσεϐοῦς</span> <span class='ocrx_word' id='word_1_354' title='bbox 1452 2808 1733 2869; x_wconf 73' lang='grc' dir='ltr'>ἐπιστολῆς·</span> <span class='ocrx_word' id='word_1_355' title='bbox 1773 2812 1838 2864; x_wconf 78' lang='grc' dir='ltr'><em>Τό</em></span> 
     </span>
    </p>
   </div>
   <div class='ocr_carea' id='block_1_48' title="bbox 274 2887 1838 2970">
    <p class='ocr_par' dir='ltr' id='par_1_48' title="bbox 274 2887 1838 2970">
     <span class='ocr_line' id='line_1_48' title="bbox 274 2887 1838 2970; baseline 0.011 -33"><span class='ocrx_word' id='word_1_356' title='bbox 274 2887 372 2970; x_wconf 80' lang='grc' dir='ltr'><strong>γάρ</strong></span> <span class='ocrx_word' id='word_1_357' title='bbox 392 2887 605 2948; x_wconf 79' lang='grc' dir='ltr'>ἀναιδῶς</span> <span class='ocrx_word' id='word_1_358' title='bbox 631 2895 714 2944; x_wconf 82' lang='grc' dir='ltr'><strong>καί</strong></span> <span class='ocrx_word' id='word_1_359' title='bbox 735 2893 972 2954; x_wconf 76' lang='grc' dir='ltr'>πολλάκις</span> <span class='ocrx_word' id='word_1_360' title='bbox 998 2893 1139 2949; x_wconf 80' lang='grc' dir='ltr'>ἄλλον</span> <span class='ocrx_word' id='word_1_361' title='bbox 1165 2892 1285 2951; x_wconf 81' lang='grc' dir='ltr'>εἶναι</span> <span class='ocrx_word' id='word_1_362' title='bbox 1303 2901 1385 2951; x_wconf 83' lang='grc' dir='ltr'>τὸν</span> <span class='ocrx_word' id='word_1_363' title='bbox 1410 2899 1533 2969; x_wconf 83' lang='grc' dir='ltr'>Θεὸν</span> <span class='ocrx_word' id='word_1_364' title='bbox 1556 2898 1725 2970; x_wconf 83' lang='grc' dir='ltr'>λόγον,</span> <span class='ocrx_word' id='word_1_365' title='bbox 1753 2903 1838 2955; x_wconf 78' lang='grc' dir='ltr'><strong>καί</strong></span> 
     </span>
    </p>
   </div>
   <div class='ocr_carea' id='block_1_49' title="bbox 274 2968 1831 3062">
    <p class='ocr_par' dir='ltr' id='par_1_49' title="bbox 274 2968 1831 3062">
     <span class='ocr_line' id='line_1_49' title="bbox 274 2968 1831 3062; baseline 0.014 -38"><span class='ocrx_word' id='word_1_366' title='bbox 274 2968 419 3026; x_wconf 75' lang='grc' dir='ltr'>ἄλλον</span> <span class='ocrx_word' id='word_1_367' title='bbox 439 2976 520 3029; x_wconf 85' lang='grc' dir='ltr'>τὸν</span> <span class='ocrx_word' id='word_1_368' title='bbox 537 2982 747 3051; x_wconf 77' lang='grc' dir='ltr'>Χριστὸν</span> <span class='ocrx_word' id='word_1_369' title='bbox 768 2982 922 3053; x_wconf 77' lang='grc' dir='ltr'>λέγειν</span> <span class='ocrx_word' id='word_1_370' title='bbox 943 2985 1092 3038; x_wconf 83' lang='grc' dir='ltr'>αὐτὸν</span> <span class='ocrx_word' id='word_1_371' title='bbox 1106 3026 1120 3047; x_wconf 91' lang='grc'><strong>,</strong></span> <span class='ocrx_word' id='word_1_372' title='bbox 1145 2988 1328 3041; x_wconf 80' lang='grc' dir='ltr'>καὶτὸν</span> <span class='ocrx_word' id='word_1_373' title='bbox 1352 2990 1440 3057; x_wconf 79' lang='grc' dir='ltr'>μὲν</span> <span class='ocrx_word' id='word_1_374' title='bbox 1461 2990 1831 3062; x_wconf 73' lang='grc' dir='ltr'>εὐεργετοῦντα,</span> 
     </span>
    </p>
   </div>
   <div class='ocr_carea' id='block_1_50' title="bbox 1948 1818 3496 1889">
    <p class='ocr_par' dir='ltr' id='par_1_50' title="bbox 1948 1818 3496 1889">
     <span class='ocr_line' id='line_1_50' title="bbox 1948 1818 3496 1889; baseline 0.001 -15"><span class='ocrx_word' id='word_1_375' title='bbox 1948 1821 2108 1875; x_wconf 89' lang='lat' dir='ltr'><strong>istum</strong></span> <span class='ocrx_word' id='word_1_376' title='bbox 2148 1835 2207 1875; x_wconf 87' lang='lat' dir='ltr'><strong>se</strong></span> <span class='ocrx_word' id='word_1_377' title='bbox 2242 1820 2473 1889; x_wconf 85' lang='lat' dir='ltr'><strong>patiatur</strong></span> <span class='ocrx_word' id='word_1_378' title='bbox 2511 1819 2753 1873; x_wconf 85' lang='lat' dir='ltr'><strong>morbum</strong></span> <span class='ocrx_word' id='word_1_379' title='bbox 2781 1819 2977 1873; x_wconf 90' lang='lat' dir='ltr'><strong>habere</strong></span> <span class='ocrx_word' id='word_1_380' title='bbox 3004 1818 3301 1879; x_wconf 66' lang='lat' dir='ltr'><strong>dementire,</strong></span> <span class='ocrx_word' id='word_1_381' title='bbox 3335 1829 3392 1873; x_wconf 88' lang='lat' dir='ltr'><strong>ut</strong></span> <span class='ocrx_word' id='word_1_382' title='bbox 3413 1821 3496 1875; x_wconf 87' lang='lat' dir='ltr'><strong>di-</strong></span> 
     </span>
    </p>
   </div>
   <div class='ocr_carea' id='block_1_51' title="bbox 1945 1906 3495 1974">
    <p class='ocr_par' dir='ltr' id='par_1_51' title="bbox 1945 1906 3495 1974">
     <span class='ocr_line' id='line_1_51' title="bbox 1945 1906 3495 1974; baseline 0.001 -13"><span class='ocrx_word' id='word_1_383' title='bbox 1945 1914 2048 1970; x_wconf 84' lang='lat' dir='ltr'><strong>cat,</strong></span> <span class='ocrx_word' id='word_1_384' title='bbox 2086 1922 2206 1961; x_wconf 92' lang='lat' dir='ltr'><strong>eum</strong></span> <span class='ocrx_word' id='word_1_385' title='bbox 2232 1907 2320 1974; x_wconf 91' lang='lat' dir='ltr'><strong>qui</strong></span> <span class='ocrx_word' id='word_1_386' title='bbox 2360 1914 2442 1961; x_wconf 89' lang='lat' dir='ltr'><strong>est</strong></span> <span class='ocrx_word' id='word_1_387' title='bbox 2473 1914 2597 1960; x_wconf 83' lang='lat' dir='ltr'><strong>ante</strong></span> <span class='ocrx_word' id='word_1_388' title='bbox 2635 1906 2837 1973; x_wconf 89' lang='lat' dir='ltr'><strong>secula,</strong></span> <span class='ocrx_word' id='word_1_389' title='bbox 2878 1906 2930 1959; x_wconf 91' lang='lat' dir='ltr'><strong>in</strong></span> <span class='ocrx_word' id='word_1_390' title='bbox 2970 1907 3257 1961; x_wconf 82' lang='lat' dir='ltr'><strong>novissimo</strong></span> <span class='ocrx_word' id='word_1_391' title='bbox 3299 1906 3495 1962; x_wconf 72' lang='lat' dir='ltr'><strong>factum</strong></span> 
     </span>
    </p>
   </div>
   <div class='ocr_carea' id='block_1_52' title="bbox 1945 1995 3495 2065">
    <p class='ocr_par' dir='ltr' id='par_1_52' title="bbox 1945 1995 3495 2065">
     <span class='ocr_line' id='line_1_52' title="bbox 1945 1995 3495 2065; baseline 0 -14"><span class='ocrx_word' id='word_1_392' title='bbox 1945 2012 2078 2051; x_wconf 89' lang='lat' dir='ltr'><strong>esse.</strong></span> <span class='ocrx_word' id='word_1_393' title='bbox 2116 2014 2137 2048; x_wconf 76' lang='grc' dir='ltr'><strong>ι</strong></span> <span class='ocrx_word' id='word_1_394' title='bbox 2168 1996 2235 2049; x_wconf 87' lang='lat' dir='ltr'><strong>Et</strong></span> <span class='ocrx_word' id='word_1_395' title='bbox 2271 2005 2393 2065; x_wconf 81' lang='lat' dir='ltr'><strong>post</strong></span> <span class='ocrx_word' id='word_1_396' title='bbox 2434 2011 2600 2065; x_wconf 90' lang='lat' dir='ltr'><strong>pauca</strong></span> <span class='ocrx_word' id='word_1_397' title='bbox 2626 1996 2837 2051; x_wconf 84' lang='lat' dir='ltr'><strong>subdit:</strong></span> <span class='ocrx_word' id='word_1_398' title='bbox 2876 2014 2894 2046; x_wconf 75' lang='grc' dir='ltr'><strong>ι</strong></span> <span class='ocrx_word' id='word_1_399' title='bbox 2928 1995 3143 2049; x_wconf 79' lang='lat' dir='ltr'><strong>Vestras</strong></span> <span class='ocrx_word' id='word_1_400' title='bbox 3173 1996 3329 2063; x_wconf 80' lang='lat' dir='ltr'><strong>igitur</strong></span> <span class='ocrx_word' id='word_1_401' title='bbox 3352 1997 3495 2064; x_wconf 79' lang='lat' dir='ltr'><strong>leges</strong></span> 
     </span>
    </p>
   </div>
   <div class='ocr_carea' id='block_1_53' title="bbox 1943 2084 3493 2154">
    <p class='ocr_par' dir='ltr' id='par_1_53' title="bbox 1943 2084 3493 2154">
     <span class='ocr_line' id='line_1_53' title="bbox 1943 2084 3493 2154; baseline -0.001 -15"><span class='ocrx_word' id='word_1_402' title='bbox 1943 2095 2246 2153; x_wconf 86' lang='lat' dir='ltr'><strong>sequentes,</strong></span> <span class='ocrx_word' id='word_1_403' title='bbox 2289 2093 2344 2139; x_wconf 90' lang='lat' dir='ltr'><strong>et</strong></span> <span class='ocrx_word' id='word_1_404' title='bbox 2380 2100 2411 2138; x_wconf 77' lang='grc' dir='ltr'><strong>τι</strong></span> <span class='ocrx_word' id='word_1_405' title='bbox 2451 2094 2542 2138; x_wconf 88' lang='lat' dir='ltr'><strong>tua</strong></span> <span class='ocrx_word' id='word_1_406' title='bbox 2568 2084 2825 2154; x_wconf 84' lang='lat' dir='ltr'><strong>sapientia</strong></span> <span class='ocrx_word' id='word_1_407' title='bbox 2858 2084 3196 2138; x_wconf 86' lang='lat' dir='ltr'><strong>constitutam</strong></span> <span class='ocrx_word' id='word_1_408' title='bbox 3222 2085 3493 2138; x_wconf 86' lang='lat' dir='ltr'><strong>obversio-</strong></span> 
     </span>
    </p>
   </div>
   <div class='ocr_carea' id='block_1_54' title="bbox 1942 2172 3492 2243">
    <p class='ocr_par' dir='ltr' id='par_1_54' title="bbox 1942 2172 3492 2243">
     <span class='ocr_line' id='line_1_54' title="bbox 1942 2172 3492 2243; baseline -0.001 -15"><span class='ocrx_word' id='word_1_409' title='bbox 1942 2176 2101 2243; x_wconf 82' lang='lat' dir='ltr'><strong>n&#39;em,</strong></span> <span class='ocrx_word' id='word_1_410' title='bbox 2153 2177 2260 2230; x_wconf 89' lang='lat' dir='ltr'><strong>imo</strong></span> <span class='ocrx_word' id='word_1_411' title='bbox 2305 2174 2471 2242; x_wconf 74' lang='lat' dir='ltr'><strong>magis</strong></span> <span class='ocrx_word' id='word_1_412' title='bbox 2517 2172 2912 2228; x_wconf 88' lang='lat' dir='ltr'><strong>subversionem</strong></span> <span class='ocrx_word' id='word_1_413' title='bbox 2959 2172 3336 2241; x_wconf 86' lang='lat' dir='ltr'><strong>suscipientes,</strong></span> <span class='ocrx_word' id='word_1_414' title='bbox 3393 2186 3492 2240; x_wconf 78' lang='lat' dir='ltr'><strong>age</strong></span> 
     </span>
    </p>
   </div>
   <div class='ocr_carea' id='block_1_55' title="bbox 1940 2260 3489 2331">
    <p class='ocr_par' dir='ltr' id='par_1_55' title="bbox 1940 2260 3489 2331">
     <span class='ocr_line' id='line_1_55' title="bbox 1940 2260 3489 2331; baseline -0.002 -13"><span class='ocrx_word' id='word_1_415' title='bbox 1940 2264 2097 2318; x_wconf 81' lang='lat' dir='ltr'><strong>simul</strong></span> <span class='ocrx_word' id='word_1_416' title='bbox 2125 2263 2299 2318; x_wconf 86' lang='lat' dir='ltr'><strong>omnia</strong></span> <span class='ocrx_word' id='word_1_417' title='bbox 2327 2261 2726 2329; x_wconf 79' lang='lat' dir='ltr'><strong>eonfundamus,</strong></span> <span class='ocrx_word' id='word_1_418' title='bbox 2749 2268 2805 2316; x_wconf 89' lang='lat' dir='ltr'><strong>et</strong></span> <span class='ocrx_word' id='word_1_419' title='bbox 2829 2261 2969 2315; x_wconf 90' lang='lat' dir='ltr'><strong>nulla</strong></span> <span class='ocrx_word' id='word_1_420' title='bbox 2992 2260 3100 2330; x_wconf 90' lang='lat' dir='ltr'><strong>jam</strong></span> <span class='ocrx_word' id='word_1_421' title='bbox 3128 2262 3200 2315; x_wconf 90' lang='lat' dir='ltr'><strong>sit</strong></span> <span class='ocrx_word' id='word_1_422' title='bbox 3226 2261 3489 2331; x_wconf 58' lang='lat' dir='ltr'><strong>discrepaa</strong></span> 
     </span>
    </p>
   </div>
   <div class='ocr_carea' id='block_1_56' title="bbox 1943 2343 3489 2419">
    <p class='ocr_par' dir='ltr' id='par_1_56' title="bbox 1943 2343 3489 2419">
     <span class='ocr_line' id='line_1_56' title="bbox 1943 2343 3489 2419; baseline 0 -14"><span class='ocrx_word' id='word_1_423' title='bbox 1943 2352 2034 2416; x_wconf 90' lang='lat' dir='ltr'><strong>tio,</strong></span> <span class='ocrx_word' id='word_1_424' title='bbox 2078 2367 2177 2407; x_wconf 90' lang='lat' dir='ltr'><strong>nec</strong></span> <span class='ocrx_word' id='word_1_425' title='bbox 2213 2351 2308 2406; x_wconf 90' lang='lat' dir='ltr'><strong>Dei</strong></span> <span class='ocrx_word' id='word_1_426' title='bbox 2346 2350 2548 2416; x_wconf 71' lang='lat' dir='ltr'><strong>formte,</strong></span> <span class='ocrx_word' id='word_1_427' title='bbox 2596 2366 2695 2405; x_wconf 88' lang='lat' dir='ltr'><strong>nec</strong></span> <span class='ocrx_word' id='word_1_428' title='bbox 2737 2351 2876 2405; x_wconf 87' lang='lat' dir='ltr'><strong>servi</strong></span> <span class='ocrx_word' id='word_1_429' title='bbox 2924 2349 3124 2417; x_wconf 78' lang='lat' dir='ltr'><strong>fonnze,</strong></span> <span class='ocrx_word' id='word_1_430' title='bbox 3168 2365 3266 2404; x_wconf 89' lang='lat' dir='ltr'><strong>nec</strong></span> <span class='ocrx_word' id='word_1_431' title='bbox 3309 2343 3489 2419; x_wconf 86' lang='lat' dir='ltr'><strong>templi</strong></span> 
     </span>
    </p>
   </div>
   <div class='ocr_carea' id='block_1_57' title="bbox 1938 2439 3487 2512">
    <p class='ocr_par' dir='ltr' id='par_1_57' title="bbox 1938 2439 3487 2512">
     <span class='ocr_line' id='line_1_57' title="bbox 1938 2439 3487 2512; baseline -0.001 -17"><span class='ocrx_word' id='word_1_432' title='bbox 1938 2444 2154 2512; x_wconf 88' lang='lat' dir='ltr'><strong>sumpti,</strong></span> <span class='ocrx_word' id='word_1_433' title='bbox 2184 2456 2283 2496; x_wconf 91' lang='lat' dir='ltr'><strong>nec</strong></span> <span class='ocrx_word' id='word_1_434' title='bbox 2321 2442 2437 2510; x_wconf 85' lang='lat' dir='ltr'><strong>ejus</strong></span> <span class='ocrx_word' id='word_1_435' title='bbox 2470 2441 2560 2509; x_wconf 91' lang='lat' dir='ltr'><strong>qui</strong></span> <span class='ocrx_word' id='word_1_436' title='bbox 2602 2442 2654 2494; x_wconf 92' lang='lat' dir='ltr'><strong>in</strong></span> <span class='ocrx_word' id='word_1_437' title='bbox 2695 2440 2891 2508; x_wconf 87' lang='lat' dir='ltr'><strong>templo</strong></span> <span class='ocrx_word' id='word_1_438' title='bbox 2930 2440 3201 2502; x_wconf 79' lang='lat' dir='ltr'><strong>habitavit,</strong></span> <span class='ocrx_word' id='word_1_439' title='bbox 3240 2454 3339 2493; x_wconf 91' lang='lat' dir='ltr'><strong>nec</strong></span> <span class='ocrx_word' id='word_1_440' title='bbox 3373 2439 3487 2507; x_wconf 87' lang='lat' dir='ltr'><strong>ejus</strong></span> 
     </span>
    </p>
   </div>
   <div class='ocr_carea' id='block_1_58' title="bbox 1938 2527 3485 2597">
    <p class='ocr_par' dir='ltr' id='par_1_58' title="bbox 1938 2527 3485 2597">
     <span class='ocr_line' id='line_1_58' title="bbox 1938 2527 3485 2597; baseline -0.001 -14"><span class='ocrx_word' id='word_1_441' title='bbox 1938 2529 2027 2596; x_wconf 91' lang='lat' dir='ltr'><strong>qui</strong></span> <span class='ocrx_word' id='word_1_442' title='bbox 2056 2530 2261 2584; x_wconf 91' lang='lat' dir='ltr'><strong>solutus</strong></span> <span class='ocrx_word' id='word_1_443' title='bbox 2288 2538 2390 2594; x_wconf 87' lang='lat' dir='ltr'><strong>est,</strong></span> <span class='ocrx_word' id='word_1_444' title='bbox 2423 2545 2520 2584; x_wconf 90' lang='lat' dir='ltr'><strong>nec</strong></span> <span class='ocrx_word' id='word_1_445' title='bbox 2547 2528 2663 2597; x_wconf 88' lang='lat' dir='ltr'><strong>ejus</strong></span> <span class='ocrx_word' id='word_1_446' title='bbox 2692 2529 2784 2596; x_wconf 90' lang='lat' dir='ltr'><strong>qui</strong></span> <span class='ocrx_word' id='word_1_447' title='bbox 2810 2528 3100 2591; x_wconf 87' lang='lat' dir='ltr'><strong>suscitavit,</strong></span> <span class='ocrx_word' id='word_1_448' title='bbox 3134 2542 3231 2581; x_wconf 91' lang='lat' dir='ltr'><strong>nec</strong></span> <span class='ocrx_word' id='word_1_449' title='bbox 3258 2528 3370 2595; x_wconf 75' lang='lat' dir='ltr'><strong>ejus</strong></span> <span class='ocrx_word' id='word_1_450' title='bbox 3395 2527 3485 2597; x_wconf 89' lang='lat' dir='ltr'><strong>qui</strong></span> 
     </span>
    </p>
   </div>
   <div class='ocr_carea' id='block_1_59' title="bbox 1937 2616 3482 2686">
    <p class='ocr_par' dir='ltr' id='par_1_59' title="bbox 1937 2616 3482 2686">
     <span class='ocr_line' id='line_1_59' title="bbox 1937 2616 3482 2686; baseline 0 -15"><span class='ocrx_word' id='word_1_451' title='bbox 1937 2616 2202 2686; x_wconf 77' lang='lat' dir='ltr'><strong>perlectus</strong></span> <span class='ocrx_word' id='word_1_452' title='bbox 2229 2618 2390 2671; x_wconf 87' lang='lat' dir='ltr'><strong>estin</strong></span> <span class='ocrx_word' id='word_1_453' title='bbox 2420 2617 2778 2686; x_wconf 86' lang='lat' dir='ltr'><strong>passionibus,</strong></span> <span class='ocrx_word' id='word_1_454' title='bbox 2824 2631 2925 2670; x_wconf 90' lang='lat' dir='ltr'><strong>nec</strong></span> <span class='ocrx_word' id='word_1_455' title='bbox 2963 2617 3078 2683; x_wconf 87' lang='lat' dir='ltr'><strong>ejus</strong></span> <span class='ocrx_word' id='word_1_456' title='bbox 3113 2616 3203 2684; x_wconf 90' lang='lat' dir='ltr'><strong>qui</strong></span> <span class='ocrx_word' id='word_1_457' title='bbox 3239 2618 3482 2685; x_wconf 77' lang='lat' dir='ltr'><strong>perfecit,</strong></span> 
     </span>
    </p>
   </div>
   <div class='ocr_carea' id='block_1_60' title="bbox 1936 2700 3484 2789">
    <p class='ocr_par' dir='ltr' id='par_1_60' title="bbox 1936 2700 3484 2789">
     <span class='ocr_line' id='line_1_60' title="bbox 1936 2700 3484 2789; baseline 0.001 -27"><span class='ocrx_word' id='word_1_458' title='bbox 1936 2724 2037 2763; x_wconf 89' lang='lat' dir='ltr'><strong>nec</strong></span> <span class='ocrx_word' id='word_1_459' title='bbox 2075 2700 2189 2777; x_wconf 85' lang='lat' dir='ltr'><strong>ejus</strong></span> <span class='ocrx_word' id='word_1_460' title='bbox 2225 2711 2315 2777; x_wconf 90' lang='lat' dir='ltr'><strong>qui</strong></span> <span class='ocrx_word' id='word_1_461' title='bbox 2356 2710 2666 2773; x_wconf 85' lang='lat' dir='ltr'><strong>memoriam</strong></span> <span class='ocrx_word' id='word_1_462' title='bbox 2708 2708 2925 2789; x_wconf 79' lang='lat' dir='ltr'><strong>meritus</strong></span> <span class='ocrx_word' id='word_1_463' title='bbox 2964 2717 3062 2772; x_wconf 89' lang='lat' dir='ltr'><strong>est,</strong></span> <span class='ocrx_word' id='word_1_464' title='bbox 3108 2722 3207 2761; x_wconf 87' lang='lat' dir='ltr'><strong>nec</strong></span> <span class='ocrx_word' id='word_1_465' title='bbox 3244 2707 3359 2775; x_wconf 86' lang='lat' dir='ltr'><strong>ejus</strong></span> <span class='ocrx_word' id='word_1_466' title='bbox 3394 2709 3484 2777; x_wconf 92' lang='lat' dir='ltr'><strong>qui</strong></span> 
     </span>
    </p>
   </div>
   <div class='ocr_carea' id='block_1_61' title="bbox 1937 2798 3484 2866">
    <p class='ocr_par' dir='ltr' id='par_1_61' title="bbox 1937 2798 3484 2866">
     <span class='ocr_line' id='line_1_61' title="bbox 1937 2798 3484 2866; baseline 0.001 -14"><span class='ocrx_word' id='word_1_467' title='bbox 1937 2814 2141 2853; x_wconf 88' lang='lat' dir='ltr'><strong>memor</strong></span> <span class='ocrx_word' id='word_1_468' title='bbox 2161 2798 2330 2853; x_wconf 82' lang='lat' dir='ltr'><strong>factus</strong></span> <span class='ocrx_word' id='word_1_469' title='bbox 2349 2806 2446 2863; x_wconf 88' lang='lat' dir='ltr'><strong>est,</strong></span> <span class='ocrx_word' id='word_1_470' title='bbox 2474 2813 2575 2854; x_wconf 89' lang='lat' dir='ltr'><strong>nec</strong></span> <span class='ocrx_word' id='word_1_471' title='bbox 2600 2798 2714 2866; x_wconf 87' lang='lat' dir='ltr'><strong>ejus</strong></span> <span class='ocrx_word' id='word_1_472' title='bbox 2739 2798 2831 2866; x_wconf 88' lang='lat' dir='ltr'><strong>qui</strong></span> <span class='ocrx_word' id='word_1_473' title='bbox 2849 2798 3089 2852; x_wconf 87' lang='lat' dir='ltr'><strong>visitatus</strong></span> <span class='ocrx_word' id='word_1_474' title='bbox 3116 2806 3216 2864; x_wconf 87' lang='lat' dir='ltr'><strong>est,</strong></span> <span class='ocrx_word' id='word_1_475' title='bbox 3248 2813 3346 2853; x_wconf 89' lang='lat' dir='ltr'><strong>nec</strong></span> <span class='ocrx_word' id='word_1_476' title='bbox 3369 2799 3484 2865; x_wconf 83' lang='lat' dir='ltr'><strong>ejus</strong></span> 
     </span>
    </p>
   </div>
   <div class='ocr_carea' id='block_1_62' title="bbox 1935 2886 3483 2956">
    <p class='ocr_par' dir='ltr' id='par_1_62' title="bbox 1935 2886 3483 2956">
     <span class='ocr_line' id='line_1_62' title="bbox 1935 2886 3483 2956; baseline 0.001 -16"><span class='ocrx_word' id='word_1_477' title='bbox 1935 2888 2027 2955; x_wconf 90' lang='lat' dir='ltr'><strong>qui</strong></span> <span class='ocrx_word' id='word_1_478' title='bbox 2070 2887 2320 2948; x_wconf 87' lang='lat' dir='ltr'><strong>visitavit,</strong></span> <span class='ocrx_word' id='word_1_479' title='bbox 2364 2902 2464 2940; x_wconf 91' lang='lat' dir='ltr'><strong>nec</strong></span> <span class='ocrx_word' id='word_1_480' title='bbox 2501 2886 2616 2955; x_wconf 91' lang='lat' dir='ltr'><strong>ejus</strong></span> <span class='ocrx_word' id='word_1_481' title='bbox 2652 2887 2742 2956; x_wconf 89' lang='lat' dir='ltr'><strong>qui</strong></span> <span class='ocrx_word' id='word_1_482' title='bbox 2780 2887 2938 2955; x_wconf 87' lang='lat' dir='ltr'><strong>paulo</strong></span> <span class='ocrx_word' id='word_1_483' title='bbox 2972 2887 3144 2941; x_wconf 81' lang='lat' dir='ltr'><strong>minus</strong></span> <span class='ocrx_word' id='word_1_484' title='bbox 3179 2888 3246 2940; x_wconf 90' lang='lat' dir='ltr'><strong>ab</strong></span> <span class='ocrx_word' id='word_1_485' title='bbox 3284 2887 3483 2953; x_wconf 77' lang='lat' dir='ltr'><strong>angelis</strong></span> 
     </span>
    </p>
   </div>
   <div class='ocr_carea' id='block_1_63' title="bbox 1935 2975 3482 3045">
    <p class='ocr_par' dir='ltr' id='par_1_63' title="bbox 1935 2975 3482 3045">
     <span class='ocr_line' id='line_1_63' title="bbox 1935 2975 3482 3045; baseline 0.001 -14"><span class='ocrx_word' id='word_1_486' title='bbox 1935 2978 2229 3033; x_wconf 87' lang='lat' dir='ltr'><strong>minoratus</strong></span> <span class='ocrx_word' id='word_1_487' title='bbox 2257 2985 2357 3039; x_wconf 87' lang='lat' dir='ltr'><strong>est,</strong></span> <span class='ocrx_word' id='word_1_488' title='bbox 2382 2978 2481 3031; x_wconf 87' lang='lat' dir='ltr'><strong>nec</strong></span> <span class='ocrx_word' id='word_1_489' title='bbox 2507 2975 2621 3044; x_wconf 89' lang='lat' dir='ltr'><strong>ejus</strong></span> <span class='ocrx_word' id='word_1_490' title='bbox 2647 2978 2737 3045; x_wconf 85' lang='lat' dir='ltr'><strong>qui</strong></span> <span class='ocrx_word' id='word_1_491' title='bbox 2766 2977 3065 3040; x_wconf 85' lang='lat' dir='ltr'><strong>minoravit,</strong></span> <span class='ocrx_word' id='word_1_492' title='bbox 3110 2990 3207 3029; x_wconf 89' lang='lat' dir='ltr'><strong>nec</strong></span> <span class='ocrx_word' id='word_1_493' title='bbox 3242 2975 3355 3042; x_wconf 87' lang='lat' dir='ltr'><strong>ejus</strong></span> <span class='ocrx_word' id='word_1_494' title='bbox 3392 2976 3482 3043; x_wconf 81' lang='lat' dir='ltr'><strong>qui</strong></span> 
     </span>
    </p>
   </div>
   <div class='ocr_carea' id='block_1_64' title="bbox 273 3061 1833 3144">
    <p class='ocr_par' dir='ltr' id='par_1_64' title="bbox 273 3061 1830 3144">
     <span class='ocr_line' id='line_1_64' title="bbox 273 3061 1830 3144; baseline 0.012 -28"><span class='ocrx_word' id='word_1_495' title='bbox 273 3064 362 3116; x_wconf 81' lang='grc' dir='ltr'>τὸν</span> <span class='ocrx_word' id='word_1_496' title='bbox 381 3061 433 3117; x_wconf 77' lang='grc' dir='ltr'><strong>δὲ</strong></span> <span class='ocrx_word' id='word_1_497' title='bbox 461 3067 892 3140; x_wconf 71' lang='grc' dir='ltr'>εὐεργετούμενον,</span> <span class='ocrx_word' id='word_1_498' title='bbox 919 3076 1000 3126; x_wconf 83' lang='grc' dir='ltr'><strong>καί</strong></span> <span class='ocrx_word' id='word_1_499' title='bbox 1024 3075 1107 3126; x_wconf 82' lang='grc' dir='ltr'>τὸν</span> <span class='ocrx_word' id='word_1_500' title='bbox 1138 3078 1227 3144; x_wconf 79' lang='grc' dir='ltr'>μὲν</span> <span class='ocrx_word' id='word_1_501' title='bbox 1258 3078 1491 3130; x_wconf 81' lang='grc' dir='ltr'>σώσαντα</span> <span class='ocrx_word' id='word_1_502' title='bbox 1507 3118 1519 3136; x_wconf 83' lang='grc'><strong>.</strong></span> <span class='ocrx_word' id='word_1_503' title='bbox 1545 3080 1631 3134; x_wconf 82' lang='grc' dir='ltr'>τὸν</span> <span class='ocrx_word' id='word_1_504' title='bbox 1658 3077 1709 3133; x_wconf 75' lang='grc' dir='ltr'><strong>δέ</strong></span> <span class='ocrx_word' id='word_1_505' title='bbox 1734 3101 1830 3134; x_wconf 86' lang='grc' dir='ltr'>σω·</span> 
     </span>
    </p>
   </div>
   <div class='ocr_carea' id='block_1_65' title="bbox 1934 3061 3482 3144">
    <p class='ocr_par' dir='ltr' id='par_1_65' title="bbox 1935 3067 3482 3137">
     <span class='ocr_line' id='line_1_65' title="bbox 1935 3067 3482 3137; baseline -0.002 -15"><span class='ocrx_word' id='word_1_506' title='bbox 1935 3069 2103 3137; x_wconf 77' lang='lat' dir='ltr'><strong>gloria</strong></span> <span class='ocrx_word' id='word_1_507' title='bbox 2145 3076 2201 3123; x_wconf 88' lang='lat' dir='ltr'><strong>et</strong></span> <span class='ocrx_word' id='word_1_508' title='bbox 2234 3069 2441 3128; x_wconf 83' lang='lat' dir='ltr'><strong>honore</strong></span> <span class='ocrx_word' id='word_1_509' title='bbox 2490 3075 2777 3122; x_wconf 87' lang='lat' dir='ltr'><strong>coronatus</strong></span> <span class='ocrx_word' id='word_1_510' title='bbox 2802 3074 2912 3127; x_wconf 88' lang='lat' dir='ltr'><strong>est,</strong></span> <span class='ocrx_word' id='word_1_511' title='bbox 2942 3081 3043 3120; x_wconf 89' lang='lat' dir='ltr'><strong>nec</strong></span> <span class='ocrx_word' id='word_1_512' title='bbox 3071 3067 3186 3134; x_wconf 89' lang='lat' dir='ltr'><strong>ejus</strong></span> <span class='ocrx_word' id='word_1_513' title='bbox 3212 3067 3302 3133; x_wconf 90' lang='lat' dir='ltr'><strong>qui</strong></span> <span class='ocrx_word' id='word_1_514' title='bbox 3327 3081 3482 3120; x_wconf 64' lang='lat' dir='ltr'><strong>eorm</strong></span> 
     </span>
    </p>
   </div>
   <div class='ocr_carea' id='block_1_66' title="bbox 272 3153 1831 3237">
    <p class='ocr_par' dir='ltr' id='par_1_66' title="bbox 272 3153 1831 3237">
     <span class='ocr_line' id='line_1_66' title="bbox 272 3153 1831 3237; baseline 0.014 -35"><span class='ocrx_word' id='word_1_515' title='bbox 272 3153 448 3215; x_wconf 73' lang='grc' dir='ltr'>θέντα,</span> <span class='ocrx_word' id='word_1_516' title='bbox 481 3166 700 3233; x_wconf 77' lang='grc' dir='ltr'>φανερῶς</span> <span class='ocrx_word' id='word_1_517' title='bbox 739 3160 959 3229; x_wconf 80' lang='grc' dir='ltr'>ἀρνεῖται</span> <span class='ocrx_word' id='word_1_518' title='bbox 998 3168 1087 3220; x_wconf 71' lang='grc' dir='ltr'>τὴν</span> <span class='ocrx_word' id='word_1_519' title='bbox 1124 3162 1208 3218; x_wconf 82' lang='grc' dir='ltr'>διὰ</span> <span class='ocrx_word' id='word_1_520' title='bbox 1232 3173 1320 3219; x_wconf 91' lang='grc' dir='ltr'><strong>τοῦ</strong></span> <span class='ocrx_word' id='word_1_521' title='bbox 1348 3167 1563 3237; x_wconf 83' lang='grc' dir='ltr'>μεγάλου</span> <span class='ocrx_word' id='word_1_522' title='bbox 1587 3175 1714 3223; x_wconf 81' lang='grc' dir='ltr'>Θεοῦ</span> <span class='ocrx_word' id='word_1_523' title='bbox 1745 3172 1831 3224; x_wconf 78' lang='grc' dir='ltr'>καὶ</span> 
     </span>
    </p>
   </div>
   <div class='ocr_carea' id='block_1_67' title="bbox 269 3246 1829 3327">
    <p class='ocr_par' dir='ltr' id='par_1_67' title="bbox 269 3246 1829 3327">
     <span class='ocr_line' id='line_1_67' title="bbox 269 3246 1829 3327; baseline 0.012 -33"><span class='ocrx_word' id='word_1_524' title='bbox 269 3251 499 3321; x_wconf 81' lang='grc' dir='ltr'>σωτῆρος</span> <span class='ocrx_word' id='word_1_525' title='bbox 538 3249 673 3316; x_wconf 73' lang='grc' dir='ltr'>ἡμῶν</span> <span class='ocrx_word' id='word_1_526' title='bbox 701 3246 859 3307; x_wconf 81' lang='grc' dir='ltr'>Ἰησοῦ</span> <span class='ocrx_word' id='word_1_527' title='bbox 895 3260 1114 3321; x_wconf 76' lang='grc' dir='ltr'>Χριστοῦ</span> <span class='ocrx_word' id='word_1_528' title='bbox 1150 3256 1549 3327; x_wconf 74' lang='grc' dir='ltr'>προσγενομένην</span> <span class='ocrx_word' id='word_1_529' title='bbox 1577 3260 1690 3326; x_wconf 77' lang='grc' dir='ltr'>ἡμῖν</span> <span class='ocrx_word' id='word_1_530' title='bbox 1722 3280 1829 3312; x_wconf 82' lang='grc' dir='ltr'>σωο</span> 
     </span>
    </p>
   </div>
   <div class='ocr_carea' id='block_1_68' title="bbox 268 3336 1830 3415">
    <p class='ocr_par' dir='ltr' id='par_1_68' title="bbox 268 3336 1830 3415">
     <span class='ocr_line' id='line_1_68' title="bbox 268 3336 1830 3415; baseline 0.012 -33"><span class='ocrx_word' id='word_1_531' title='bbox 268 3336 467 3415; x_wconf 75' lang='grc' dir='ltr'>τηρίαν.</span> <span class='ocrx_word' id='word_1_532' title='bbox 497 3343 553 3385; x_wconf 89' lang='lat'><strong>&#39;0</strong></span> <span class='ocrx_word' id='word_1_533' title='bbox 576 3338 674 3409; x_wconf 74' lang='grc' dir='ltr'>γὰρ</span> <span class='ocrx_word' id='word_1_534' title='bbox 702 3339 824 3410; x_wconf 86' lang='grc' dir='ltr'>παρ’</span> <span class='ocrx_word' id='word_1_535' title='bbox 863 3336 1010 3393; x_wconf 78' lang='grc' dir='ltr'>ἄλλον</span> <span class='ocrx_word' id='word_1_536' title='bbox 1037 3343 1316 3412; x_wconf 74' lang='grc' dir='ltr'>εὐεργεσίαν</span> <span class='ocrx_word' id='word_1_537' title='bbox 1354 3343 1515 3396; x_wconf 54' lang='grc' dir='ltr'>λαϐὼν</span> <span class='ocrx_word' id='word_1_538' title='bbox 1534 3382 1550 3405; x_wconf 92' lang='grc'><strong>,</strong></span> <span class='ocrx_word' id='word_1_539' title='bbox 1578 3346 1687 3402; x_wconf 69' lang='grc' dir='ltr'>ἦτοι</span> <span class='ocrx_word' id='word_1_540' title='bbox 1726 3370 1830 3402; x_wconf 85' lang='grc' dir='ltr'>σω-</span> 
     </span>
    </p>
   </div>
   <div class='ocr_carea' id='block_1_69' title="bbox 268 3420 1830 3495">
    <p class='ocr_par' dir='ltr' id='par_1_69' title="bbox 268 3420 1830 3495">
     <span class='ocr_line' id='line_1_69' title="bbox 268 3420 1830 3495; baseline 0.012 -24"><span class='ocrx_word' id='word_1_541' title='bbox 268 3420 401 3484; x_wconf 65' lang='grc' dir='ltr'>θεῖς,</span> <span class='ocrx_word' id='word_1_542' title='bbox 431 3422 631 3495; x_wconf 78' lang='grc' dir='ltr'>ἐτέρους</span> <span class='ocrx_word' id='word_1_543' title='bbox 665 3433 774 3485; x_wconf 85' lang='grc' dir='ltr'>πῶς</span> <span class='ocrx_word' id='word_1_544' title='bbox 806 3425 1016 3482; x_wconf 82' lang='grc' dir='ltr'>δύναται</span> <span class='ocrx_word' id='word_1_545' title='bbox 1050 3433 1253 3493; x_wconf 73' lang='grc' dir='ltr'>σώζεινς</span> <span class='ocrx_word' id='word_1_546' title='bbox 1285 3432 1342 3483; x_wconf 81' lang='grc' dir='ltr'>Οἱ</span> <span class='ocrx_word' id='word_1_547' title='bbox 1378 3433 1533 3483; x_wconf 77' lang='grc' dir='ltr'>τοίνυν</span> <span class='ocrx_word' id='word_1_548' title='bbox 1559 3439 1641 3486; x_wconf 75' lang='grc' dir='ltr'><strong>τον</strong></span> <span class='ocrx_word' id='word_1_549' title='bbox 1668 3441 1830 3490; x_wconf 81' lang='grc' dir='ltr'>ταῦτα</span> 
     </span>
    </p>
   </div>
   <div class='ocr_carea' id='block_1_70' title="bbox 269 3509 1828 3588">
    <p class='ocr_par' dir='ltr' id='par_1_70' title="bbox 269 3509 1828 3588">
     <span class='ocr_line' id='line_1_70' title="bbox 269 3509 1828 3588; baseline 0.011 -29"><span class='ocrx_word' id='word_1_550' title='bbox 269 3509 700 3579; x_wconf 59' lang='grc' dir='ltr'>βλασφημήσαντα</span> <span class='ocrx_word' id='word_1_551' title='bbox 741 3514 1079 3579; x_wconf 78' lang='grc' dir='ltr'>ἐκδικοῦντες,</span> <span class='ocrx_word' id='word_1_552' title='bbox 1132 3519 1264 3578; x_wconf 84' lang='grc' dir='ltr'>τίνος</span> <span class='ocrx_word' id='word_1_553' title='bbox 1314 3516 1495 3572; x_wconf 75' lang='grc' dir='ltr'>οἴονται</span> <span class='ocrx_word' id='word_1_554' title='bbox 1546 3527 1694 3588; x_wconf 85' lang='grc' dir='ltr'>σῶμα</span> <span class='ocrx_word' id='word_1_555' title='bbox 1747 3525 1828 3576; x_wconf 82' lang='grc' dir='ltr'>καὶ</span> 
     </span>
    </p>
   </div>
   <div class='ocr_carea' id='block_1_71' title="bbox 268 3596 1826 3683">
    <p class='ocr_par' dir='ltr' id='par_1_71' title="bbox 268 3596 1826 3683">
     <span class='ocr_line' id='line_1_71' title="bbox 268 3596 1826 3683; baseline 0.008 -30"><span class='ocrx_word' id='word_1_556' title='bbox 268 3596 396 3666; x_wconf 68' lang='grc' dir='ltr'>αἷμα</span> <span class='ocrx_word' id='word_1_557' title='bbox 419 3601 706 3672; x_wconf 75' lang='grc' dir='ltr'>λαμϐάνειν,</span> <span class='ocrx_word' id='word_1_558' title='bbox 745 3612 833 3659; x_wconf 79' lang='grc' dir='ltr'><strong>τοῦ</strong></span> <span class='ocrx_word' id='word_1_559' title='bbox 861 3607 1256 3677; x_wconf 67' lang='grc' dir='ltr'>εὐεργετηθέντπ</span> <span class='ocrx_word' id='word_1_560' title='bbox 1287 3607 1317 3666; x_wconf 76' lang='grc' dir='ltr'><em>ἢ</em></span> <span class='ocrx_word' id='word_1_561' title='bbox 1353 3614 1439 3661; x_wconf 85' lang='grc' dir='ltr'><strong>τοῦ</strong></span> <span class='ocrx_word' id='word_1_562' title='bbox 1469 3610 1826 3683; x_wconf 71' lang='grc' dir='ltr'>εὐεργετήσαν-</span> 
     </span>
    </p>
   </div>
   <div class='ocr_carea' id='block_1_72' title="bbox 268 3694 1829 3773">
    <p class='ocr_par' dir='ltr' id='par_1_72' title="bbox 268 3694 1829 3773">
     <span class='ocr_line' id='line_1_72' title="bbox 268 3694 1829 3773; baseline 0.006 -31"><span class='ocrx_word' id='word_1_563' title='bbox 268 3707 383 3753; x_wconf 64' lang='lat' dir='ltr'><strong>tog;</strong></span> <span class='ocrx_word' id='word_1_564' title='bbox 423 3694 523 3744; x_wconf 77' lang='grc' dir='ltr'>ἀλλ’</span> <span class='ocrx_word' id='word_1_565' title='bbox 554 3697 598 3746; x_wconf 87' lang='grc' dir='ltr'>εἰ</span> <span class='ocrx_word' id='word_1_566' title='bbox 629 3695 718 3763; x_wconf 75' lang='grc' dir='ltr'>μὶν</span> <span class='ocrx_word' id='word_1_567' title='bbox 753 3703 843 3751; x_wconf 86' lang='grc' dir='ltr'><strong>τοῦ</strong></span> <span class='ocrx_word' id='word_1_568' title='bbox 883 3698 1295 3773; x_wconf 69' lang='grc' dir='ltr'>εὐεργετήσαντος</span> <span class='ocrx_word' id='word_1_569' title='bbox 1330 3704 1458 3751; x_wconf 89' lang='grc' dir='ltr'>Θεοῦ</span> <span class='ocrx_word' id='word_1_570' title='bbox 1501 3698 1679 3768; x_wconf 81' lang='grc' dir='ltr'>λόγου,</span> <span class='ocrx_word' id='word_1_571' title='bbox 1719 3708 1829 3761; x_wconf 79' lang='grc' dir='ltr'>πῶς</span> 
     </span>
    </p>
   </div>
   <div class='ocr_carea' id='block_1_73' title="bbox 265 3784 1830 3861">
    <p class='ocr_par' dir='ltr' id='par_1_73' title="bbox 265 3784 1830 3861">
     <span class='ocr_line' id='line_1_73' title="bbox 265 3784 1830 3861; baseline 0.005 -27"><span class='ocrx_word' id='word_1_572' title='bbox 265 3788 414 3835; x_wconf 56' lang='grc' dir='ltr'>τιῦτο</span> <span class='ocrx_word' id='word_1_573' title='bbox 442 3784 665 3853; x_wconf 84' lang='grc' dir='ltr'>λέγουσιν</span> <span class='ocrx_word' id='word_1_574' title='bbox 690 3792 758 3857; x_wconf 82' lang='grc' dir='ltr'>μὴ</span> <span class='ocrx_word' id='word_1_575' title='bbox 793 3784 1143 3858; x_wconf 82' lang='grc' dir='ltr'>ὁμολογοῦντες</span> <span class='ocrx_word' id='word_1_576' title='bbox 1173 3789 1330 3840; x_wconf 87' lang='grc' dir='ltr'>αὺτὸν</span> <span class='ocrx_word' id='word_1_577' title='bbox 1357 3789 1705 3861; x_wconf 82' lang='grc' dir='ltr'>σαρκωθῆναι,</span> <span class='ocrx_word' id='word_1_578' title='bbox 1745 3792 1830 3842; x_wconf 81' lang='grc' dir='ltr'><strong>καί</strong></span> 
     </span>
    </p>
   </div>
   <div class='ocr_carea' id='block_1_74' title="bbox 263 3862 1829 3952">
    <p class='ocr_par' dir='ltr' id='par_1_74' title="bbox 263 3862 1829 3952">
     <span class='ocr_line' id='line_1_74' title="bbox 263 3862 1829 3952; baseline 0.003 -25"><span class='ocrx_word' id='word_1_579' title='bbox 263 3862 672 3951; x_wconf 58' lang='grc' dir='ltr'>ἕνανθρωπῆσαις</span> <span class='ocrx_word' id='word_1_580' title='bbox 719 3879 765 3931; x_wconf 75' lang='grc' dir='ltr'>εἰ</span> <span class='ocrx_word' id='word_1_581' title='bbox 794 3876 848 3932; x_wconf 75' lang='grc' dir='ltr'><strong>δέ</strong></span> <span class='ocrx_word' id='word_1_582' title='bbox 876 3884 968 3933; x_wconf 89' lang='grc' dir='ltr'><strong>τοῦ</strong></span> <span class='ocrx_word' id='word_1_583' title='bbox 995 3877 1417 3952; x_wconf 69' lang='grc' dir='ltr'>εὖεργετηθέντος,</span> <span class='ocrx_word' id='word_1_584' title='bbox 1448 3881 1638 3949; x_wconf 88' lang='grc' dir='ltr'>ματαία</span> <span class='ocrx_word' id='word_1_585' title='bbox 1663 3881 1829 3932; x_wconf 80' lang='grc' dir='ltr'>αὐτῶν</span> 
     </span>
    </p>
   </div>
   <div class='ocr_carea' id='block_1_75' title="bbox 263 3967 1826 4050">
    <p class='ocr_par' dir='ltr' id='par_1_75' title="bbox 263 3967 1826 4050">
     <span class='ocr_line' id='line_1_75' title="bbox 263 3967 1826 4050; baseline 0.003 -30"><span class='ocrx_word' id='word_1_586' title='bbox 263 3967 292 4020; x_wconf 79' lang='grc' dir='ltr'><strong><em>ἠ</em></strong></span> <span class='ocrx_word' id='word_1_587' title='bbox 316 3967 451 4028; x_wconf 85' lang='grc' dir='ltr'>ἐλπὶς</span> <span class='ocrx_word' id='word_1_588' title='bbox 472 3970 930 4050; x_wconf 62' lang='grc' dir='ltr'>ἀνθρωττολατρείαν</span> <span class='ocrx_word' id='word_1_589' title='bbox 951 3970 1230 4046; x_wconf 68' lang='grc' dir='ltr'>πρεσϐευόι</span> <span class='ocrx_word' id='word_1_590' title='bbox 1240 3993 1350 4036; x_wconf 80' lang='grc' dir='ltr'>των,</span> <span class='ocrx_word' id='word_1_591' title='bbox 1374 3969 1451 4025; x_wconf 82' lang='grc' dir='ltr'>ὅτι</span> <span class='ocrx_word' id='word_1_592' title='bbox 1472 3969 1826 4030; x_wconf 78' lang='grc' dir='ltr'>ἠσεϐάσθησαν</span> 
     </span>
    </p>
   </div>
   <div class='ocr_carea' id='block_1_76' title="bbox 261 4057 1507 4136">
    <p class='ocr_par' dir='ltr' id='par_1_76' title="bbox 261 4057 1507 4136">
     <span class='ocr_line' id='line_1_76' title="bbox 261 4057 1507 4136; baseline 0.005 -27"><span class='ocrx_word' id='word_1_593' title='bbox 261 4059 350 4110; x_wconf 79' lang='grc' dir='ltr'><strong>καί</strong></span> <span class='ocrx_word' id='word_1_594' title='bbox 374 4057 677 4132; x_wconf 75' lang='grc' dir='ltr'>ἐλάτρευσαν</span> <span class='ocrx_word' id='word_1_595' title='bbox 700 4068 763 4135; x_wconf 71' lang='grc' dir='ltr'>τῇ</span> <span class='ocrx_word' id='word_1_596' title='bbox 790 4063 948 4115; x_wconf 78' lang='grc' dir='ltr'>κτίσει</span> <span class='ocrx_word' id='word_1_597' title='bbox 971 4063 1113 4136; x_wconf 87' lang='grc' dir='ltr'>παρά</span> <span class='ocrx_word' id='word_1_598' title='bbox 1132 4064 1215 4116; x_wconf 69' lang='grc' dir='ltr'>τὰν</span> <span class='ocrx_word' id='word_1_599' title='bbox 1246 4067 1507 4118; x_wconf 77' lang='grc' dir='ltr'>κτίσαντα.</span> 
     </span>
    </p>
   </div>
   <div class='ocr_carea' id='block_1_77' title="bbox 1928 3159 3480 3228">
    <p class='ocr_par' dir='ltr' id='par_1_77' title="bbox 1928 3159 3480 3228">
     <span class='ocr_line' id='line_1_77' title="bbox 1928 3159 3480 3228; baseline -0.005 -13"><span class='ocrx_word' id='word_1_600' title='bbox 1928 3160 2096 3224; x_wconf 88' lang='lat' dir='ltr'><strong>navit,</strong></span> <span class='ocrx_word' id='word_1_601' title='bbox 2135 3174 2236 3214; x_wconf 90' lang='lat' dir='ltr'><strong>nec</strong></span> <span class='ocrx_word' id='word_1_602' title='bbox 2268 3159 2383 3228; x_wconf 90' lang='lat' dir='ltr'><strong>ejus</strong></span> <span class='ocrx_word' id='word_1_603' title='bbox 2410 3160 2501 3226; x_wconf 91' lang='lat' dir='ltr'><strong>qui</strong></span> <span class='ocrx_word' id='word_1_604' title='bbox 2533 3160 2852 3214; x_wconf 86' lang='lat' dir='ltr'><strong>constitutus</strong></span> <span class='ocrx_word' id='word_1_605' title='bbox 2872 3163 2954 3211; x_wconf 88' lang='lat' dir='ltr'><strong>est</strong></span> <span class='ocrx_word' id='word_1_606' title='bbox 2984 3170 3144 3224; x_wconf 89' lang='lat' dir='ltr'><strong>super</strong></span> <span class='ocrx_word' id='word_1_607' title='bbox 3169 3170 3329 3225; x_wconf 90' lang='lat' dir='ltr'><strong>opera</strong></span> <span class='ocrx_word' id='word_1_608' title='bbox 3368 3171 3480 3209; x_wconf 50' lang='lat' dir='ltr'><strong>ma.</strong></span> 
     </span>
    </p>
   </div>
   <div class='ocr_carea' id='block_1_78' title="bbox 1929 3252 3478 3324">
    <p class='ocr_par' dir='ltr' id='par_1_78' title="bbox 1929 3252 3478 3324">
     <span class='ocr_line' id='line_1_78' title="bbox 1929 3252 3478 3324; baseline -0.001 -13"><span class='ocrx_word' id='word_1_609' title='bbox 1929 3272 2092 3311; x_wconf 90' lang='lat' dir='ltr'><strong>nuum</strong></span> <span class='ocrx_word' id='word_1_610' title='bbox 2131 3255 2248 3320; x_wconf 83' lang='lat' dir='ltr'><strong>Dei,</strong></span> <span class='ocrx_word' id='word_1_611' title='bbox 2286 3269 2386 3310; x_wconf 90' lang='lat' dir='ltr'><strong>nec</strong></span> <span class='ocrx_word' id='word_1_612' title='bbox 2423 3254 2537 3324; x_wconf 87' lang='lat' dir='ltr'><strong>ejus</strong></span> <span class='ocrx_word' id='word_1_613' title='bbox 2562 3254 2653 3323; x_wconf 88' lang='lat' dir='ltr'><strong>qui</strong></span> <span class='ocrx_word' id='word_1_614' title='bbox 2681 3254 2971 3319; x_wconf 90' lang='lat' dir='ltr'><strong>constituit,</strong></span> <span class='ocrx_word' id='word_1_615' title='bbox 3004 3268 3104 3308; x_wconf 88' lang='lat' dir='ltr'><strong>nec</strong></span> <span class='ocrx_word' id='word_1_616' title='bbox 3137 3252 3251 3322; x_wconf 86' lang='lat' dir='ltr'><strong>ejus</strong></span> <span class='ocrx_word' id='word_1_617' title='bbox 3286 3253 3375 3322; x_wconf 89' lang='lat' dir='ltr'><strong>qui</strong></span> <span class='ocrx_word' id='word_1_618' title='bbox 3412 3253 3478 3309; x_wconf 88' lang='lat' dir='ltr'><strong>ad</strong></span> 
     </span>
    </p>
   </div>
   <div class='ocr_carea' id='block_1_79' title="bbox 1930 3342 3477 3412">
    <p class='ocr_par' dir='ltr' id='par_1_79' title="bbox 1930 3342 3477 3412">
     <span class='ocr_line' id='line_1_79' title="bbox 1930 3342 3477 3412; baseline -0.002 -14"><span class='ocrx_word' id='word_1_619' title='bbox 1930 3345 2345 3399; x_wconf 84' lang='lat' dir='ltr'><strong>sublevationem</strong></span> <span class='ocrx_word' id='word_1_620' title='bbox 2366 3344 2478 3399; x_wconf 73' lang='lat' dir='ltr'><strong>bace</strong></span> <span class='ocrx_word' id='word_1_621' title='bbox 2505 3345 2725 3412; x_wconf 87' lang='lat' dir='ltr'><strong>accepit,</strong></span> <span class='ocrx_word' id='word_1_622' title='bbox 2750 3358 2849 3397; x_wconf 88' lang='lat' dir='ltr'><strong>nec</strong></span> <span class='ocrx_word' id='word_1_623' title='bbox 2872 3342 2984 3411; x_wconf 88' lang='lat' dir='ltr'><strong>ejus</strong></span> <span class='ocrx_word' id='word_1_624' title='bbox 3010 3343 3101 3412; x_wconf 90' lang='lat' dir='ltr'><strong>qui</strong></span> <span class='ocrx_word' id='word_1_625' title='bbox 3130 3342 3271 3396; x_wconf 87' lang='lat' dir='ltr'><strong>dedit</strong></span> <span class='ocrx_word' id='word_1_626' title='bbox 3298 3342 3477 3397; x_wconf 85' lang='lat' dir='ltr'><strong>suble-</strong></span> 
     </span>
    </p>
   </div>
   <div class='ocr_carea' id='block_1_80' title="bbox 1927 3431 3477 3502">
    <p class='ocr_par' dir='ltr' id='par_1_80' title="bbox 1927 3431 3477 3502">
     <span class='ocr_line' id='line_1_80' title="bbox 1927 3431 3477 3502; baseline -0.003 -13"><span class='ocrx_word' id='word_1_627' title='bbox 1927 3436 2217 3490; x_wconf 88' lang='lat' dir='ltr'><strong>vationem.</strong></span> <span class='ocrx_word' id='word_1_628' title='bbox 2254 3453 2274 3486; x_wconf 79' lang='grc' dir='ltr'><strong>ι</strong></span> <span class='ocrx_word' id='word_1_629' title='bbox 2307 3434 2383 3488; x_wconf 77' lang='lat' dir='ltr'><strong>Ex</strong></span> <span class='ocrx_word' id='word_1_630' title='bbox 2407 3435 2597 3502; x_wconf 89' lang='lat' dir='ltr'><strong>quibus</strong></span> <span class='ocrx_word' id='word_1_631' title='bbox 2625 3433 2798 3501; x_wconf 86' lang='lat' dir='ltr'><strong>impiis</strong></span> <span class='ocrx_word' id='word_1_632' title='bbox 2827 3431 3089 3486; x_wconf 84' lang='lat' dir='ltr'><strong>Theodori</strong></span> <span class='ocrx_word' id='word_1_633' title='bbox 3121 3431 3314 3496; x_wconf 85' lang='lat' dir='ltr'><strong>verbis,</strong></span> <span class='ocrx_word' id='word_1_634' title='bbox 3353 3445 3477 3499; x_wconf 85' lang='lat' dir='ltr'><strong>pro-</strong></span> 
     </span>
    </p>
   </div>
   <div class='ocr_carea' id='block_1_81' title="bbox 1927 3521 3475 3593">
    <p class='ocr_par' dir='ltr' id='par_1_81' title="bbox 1927 3521 3475 3593">
     <span class='ocr_line' id='line_1_81' title="bbox 1927 3521 3475 3593; baseline -0.003 -14"><span class='ocrx_word' id='word_1_635' title='bbox 1927 3526 2156 3593; x_wconf 82' lang='lat' dir='ltr'><strong>fanaque</strong></span> <span class='ocrx_word' id='word_1_636' title='bbox 2188 3525 2629 3593; x_wconf 87' lang='lat' dir='ltr'><strong>blasphemiarum</strong></span> <span class='ocrx_word' id='word_1_637' title='bbox 2658 3536 2855 3590; x_wconf 75' lang='lat' dir='ltr'><strong>genere</strong></span> <span class='ocrx_word' id='word_1_638' title='bbox 2895 3521 3139 3577; x_wconf 80' lang='lat' dir='ltr'><strong>eIIectum</strong></span> <span class='ocrx_word' id='word_1_639' title='bbox 3167 3530 3249 3575; x_wconf 89' lang='lat' dir='ltr'><strong>est</strong></span> <span class='ocrx_word' id='word_1_640' title='bbox 3275 3529 3334 3575; x_wconf 89' lang='lat' dir='ltr'><strong>ut</strong></span> <span class='ocrx_word' id='word_1_641' title='bbox 3380 3536 3475 3590; x_wconf 80' lang='lat' dir='ltr'><strong>pu-</strong></span> 
     </span>
    </p>
   </div>
   <div class='ocr_carea' id='block_1_82' title="bbox 1925 3611 3475 3682">
    <p class='ocr_par' dir='ltr' id='par_1_82' title="bbox 1925 3611 3475 3682">
     <span class='ocr_line' id='line_1_82' title="bbox 1925 3611 3475 3682; baseline -0.002 -13"><span class='ocrx_word' id='word_1_642' title='bbox 1925 3615 2055 3669; x_wconf 88' lang='lat' dir='ltr'><strong>dore</strong></span> <span class='ocrx_word' id='word_1_643' title='bbox 2124 3613 2463 3669; x_wconf 77' lang='lat' dir='ltr'><strong>al‘ﬁcerentur</strong></span> <span class='ocrx_word' id='word_1_644' title='bbox 2513 3629 2700 3668; x_wconf 88' lang='lat' dir='ltr'><strong>omnes</strong></span> <span class='ocrx_word' id='word_1_645' title='bbox 2763 3613 2854 3682; x_wconf 87' lang='lat' dir='ltr'><strong>qui</strong></span> <span class='ocrx_word' id='word_1_646' title='bbox 2906 3612 3006 3680; x_wconf 87' lang='lat' dir='ltr'><strong>ipsi</strong></span> <span class='ocrx_word' id='word_1_647' title='bbox 3059 3612 3339 3680; x_wconf 68' lang='lat' dir='ltr'><strong>impizeque</strong></span> <span class='ocrx_word' id='word_1_648' title='bbox 3402 3611 3475 3668; x_wconf 89' lang='lat' dir='ltr'><strong>illi</strong></span> 
     </span>
    </p>
   </div>
   <div class='ocr_carea' id='block_1_83' title="bbox 1928 3700 3475 3772">
    <p class='ocr_par' dir='ltr' id='par_1_83' title="bbox 1928 3700 3475 3772">
     <span class='ocr_line' id='line_1_83' title="bbox 1928 3700 3475 3772; baseline -0.003 -14"><span class='ocrx_word' id='word_1_649' title='bbox 1928 3704 2164 3772; x_wconf 73' lang='lat' dir='ltr'><strong>epistola:</strong></span> <span class='ocrx_word' id='word_1_650' title='bbox 2187 3703 2619 3758; x_wconf 85' lang='lat' dir='ltr'><strong>adversabantur.</strong></span> <span class='ocrx_word' id='word_1_651' title='bbox 2647 3701 2882 3769; x_wconf 86' lang='lat' dir='ltr'><strong>Namque</strong></span> <span class='ocrx_word' id='word_1_652' title='bbox 2908 3701 3095 3756; x_wconf 89' lang='lat' dir='ltr'><strong>crebro</strong></span> <span class='ocrx_word' id='word_1_653' title='bbox 3122 3709 3178 3754; x_wconf 91' lang='lat' dir='ltr'><strong>et</strong></span> <span class='ocrx_word' id='word_1_654' title='bbox 3202 3700 3475 3768; x_wconf 86' lang='lat' dir='ltr'><strong>impuden-</strong></span> 
     </span>
    </p>
   </div>
   <div class='ocr_carea' id='block_1_84' title="bbox 1930 3791 3473 3859">
    <p class='ocr_par' dir='ltr' id='par_1_84' title="bbox 1930 3791 3473 3859">
     <span class='ocr_line' id='line_1_84' title="bbox 1930 3791 3473 3859; baseline -0.001 -12"><span class='ocrx_word' id='word_1_655' title='bbox 1930 3802 2012 3847; x_wconf 91' lang='lat' dir='ltr'><strong>ter</strong></span> <span class='ocrx_word' id='word_1_656' title='bbox 2053 3794 2192 3847; x_wconf 89' lang='lat' dir='ltr'><strong>aliud</strong></span> <span class='ocrx_word' id='word_1_657' title='bbox 2236 3808 2355 3848; x_wconf 90' lang='lat' dir='ltr'><strong>esse</strong></span> <span class='ocrx_word' id='word_1_658' title='bbox 2399 3792 2494 3846; x_wconf 89' lang='lat' dir='ltr'><strong>Dei</strong></span> <span class='ocrx_word' id='word_1_659' title='bbox 2530 3792 2760 3847; x_wconf 88' lang='lat' dir='ltr'><strong>Verbum</strong></span> <span class='ocrx_word' id='word_1_660' title='bbox 2806 3791 3068 3859; x_wconf 87' lang='lat' dir='ltr'><strong>inquiens,</strong></span> <span class='ocrx_word' id='word_1_661' title='bbox 3110 3791 3270 3844; x_wconf 90' lang='lat' dir='ltr'><strong>alium</strong></span> <span class='ocrx_word' id='word_1_662' title='bbox 3296 3798 3473 3845; x_wconf 88' lang='lat' dir='ltr'><strong>autem</strong></span> 
     </span>
    </p>
   </div>
   <div class='ocr_carea' id='block_1_85' title="bbox 1927 3879 3472 3949">
    <p class='ocr_par' dir='ltr' id='par_1_85' title="bbox 1927 3879 3472 3949">
     <span class='ocr_line' id='line_1_85' title="bbox 1927 3879 3472 3949; baseline -0.002 -13"><span class='ocrx_word' id='word_1_663' title='bbox 1927 3880 2225 3947; x_wconf 88' lang='lat' dir='ltr'><strong>Christum;</strong></span> <span class='ocrx_word' id='word_1_664' title='bbox 2268 3882 2425 3936; x_wconf 90' lang='lat' dir='ltr'><strong>alium</strong></span> <span class='ocrx_word' id='word_1_665' title='bbox 2452 3882 2542 3949; x_wconf 91' lang='lat' dir='ltr'><strong>qui</strong></span> <span class='ocrx_word' id='word_1_666' title='bbox 2567 3880 2881 3935; x_wconf 89' lang='lat' dir='ltr'><strong>beneﬁcium</strong></span> <span class='ocrx_word' id='word_1_667' title='bbox 2916 3879 3166 3948; x_wconf 90' lang='lat' dir='ltr'><strong>suscepit,</strong></span> <span class='ocrx_word' id='word_1_668' title='bbox 3199 3880 3359 3932; x_wconf 88' lang='lat' dir='ltr'><strong>alium</strong></span> <span class='ocrx_word' id='word_1_669' title='bbox 3384 3879 3472 3947; x_wconf 88' lang='lat' dir='ltr'><strong>qui</strong></span> 
     </span>
    </p>
   </div>
   <div class='ocr_carea' id='block_1_86' title="bbox 1928 3969 3474 4038">
    <p class='ocr_par' dir='ltr' id='par_1_86' title="bbox 1928 3969 3474 4038">
     <span class='ocr_line' id='line_1_86' title="bbox 1928 3969 3474 4038; baseline -0.004 -11"><span class='ocrx_word' id='word_1_670' title='bbox 1928 3971 2182 4037; x_wconf 60' lang='lat' dir='ltr'><strong>Contulit;</strong></span> <span class='ocrx_word' id='word_1_671' title='bbox 2213 3971 2371 4025; x_wconf 89' lang='lat' dir='ltr'><strong>alium</strong></span> <span class='ocrx_word' id='word_1_672' title='bbox 2398 3971 2487 4038; x_wconf 91' lang='lat' dir='ltr'><strong>qui</strong></span> <span class='ocrx_word' id='word_1_673' title='bbox 2509 3971 2696 4033; x_wconf 88' lang='lat' dir='ltr'><strong>salvat,</strong></span> <span class='ocrx_word' id='word_1_674' title='bbox 2722 3971 2880 4023; x_wconf 90' lang='lat' dir='ltr'><strong>alium</strong></span> <span class='ocrx_word' id='word_1_675' title='bbox 2901 3970 2991 4036; x_wconf 87' lang='lat' dir='ltr'><strong>qui</strong></span> <span class='ocrx_word' id='word_1_676' title='bbox 3016 3969 3270 4034; x_wconf 86' lang='lat' dir='ltr'><strong>salvatur,</strong></span> <span class='ocrx_word' id='word_1_677' title='bbox 3292 3975 3474 4035; x_wconf 84' lang='lat' dir='ltr'><strong>aperte</strong></span> 
     </span>
    </p>
   </div>
   <div class='ocr_carea' id='block_1_87' title="bbox 1925 4055 3473 4129">
    <p class='ocr_par' dir='ltr' id='par_1_87' title="bbox 1925 4055 3473 4129">
     <span class='ocr_line' id='line_1_87' title="bbox 1925 4055 3473 4129; baseline -0.004 -11"><span class='ocrx_word' id='word_1_678' title='bbox 1925 4064 2149 4118; x_wconf 86' lang='lat' dir='ltr'><strong>salutem</strong></span> <span class='ocrx_word' id='word_1_679' title='bbox 2187 4061 2451 4115; x_wconf 88' lang='lat' dir='ltr'><strong>inﬁciatur</strong></span> <span class='ocrx_word' id='word_1_680' title='bbox 2480 4068 2682 4129; x_wconf 89' lang='lat' dir='ltr'><strong>partam</strong></span> <span class='ocrx_word' id='word_1_681' title='bbox 2718 4060 2871 4114; x_wconf 89' lang='lat' dir='ltr'><strong>nobis</strong></span> <span class='ocrx_word' id='word_1_682' title='bbox 2898 4075 2995 4127; x_wconf 88' lang='lat' dir='ltr'><strong>per</strong></span> <span class='ocrx_word' id='word_1_683' title='bbox 3030 4072 3274 4126; x_wconf 80' lang='lat' dir='ltr'><strong>magnum</strong></span> <span class='ocrx_word' id='word_1_684' title='bbox 3306 4055 3473 4112; x_wconf 84' lang='lat' dir='ltr'><strong>Deum</strong></span> 
     </span>
    </p>
   </div>
   <div class='ocr_carea' id='block_1_88' title="bbox 1929 4144 3472 4210">
    <p class='ocr_par' dir='ltr' id='par_1_88' title="bbox 1929 4144 3472 4210">
     <span class='ocr_line' id='line_1_88' title="bbox 1929 4144 3472 4210; baseline -0.004 -5"><span class='ocrx_word' id='word_1_685' title='bbox 1929 4161 1985 4206; x_wconf 89' lang='lat' dir='ltr'><strong>et</strong></span> <span class='ocrx_word' id='word_1_686' title='bbox 2020 4151 2347 4205; x_wconf 89' lang='lat' dir='ltr'><strong>Salvatorem</strong></span> <span class='ocrx_word' id='word_1_687' title='bbox 2386 4158 2627 4204; x_wconf 86' lang='lat' dir='ltr'><strong>nostrum</strong></span> <span class='ocrx_word' id='word_1_688' title='bbox 2665 4148 2842 4203; x_wconf 79' lang='lat' dir='ltr'><strong>.Iesum</strong></span> <span class='ocrx_word' id='word_1_689' title='bbox 2877 4146 3161 4202; x_wconf 83' lang='lat' dir='ltr'><strong>Christum.</strong></span> <span class='ocrx_word' id='word_1_690' title='bbox 3195 4144 3472 4210; x_wconf 80' lang='lat' dir='ltr'><strong>Quomodo</strong></span> 
     </span>
    </p>
   </div>
   <div class='ocr_carea' id='block_1_89' title="bbox 255 4234 3472 4308">
    <p class='ocr_par' dir='ltr' id='par_1_89' title="bbox 255 4234 3472 4308">
     <span class='ocr_line' id='line_1_89' title="bbox 255 4234 3472 4308; baseline -0 -21"><span class='ocrx_word' id='word_1_691' title='bbox 255 4234 401 4287; x_wconf 88' lang='lat' dir='ltr'><strong>enim</strong></span> <span class='ocrx_word' id='word_1_692' title='bbox 449 4234 625 4290; x_wconf 86' lang='lat' dir='ltr'><strong>salvos</strong></span> <span class='ocrx_word' id='word_1_693' title='bbox 664 4235 838 4291; x_wconf 85' lang='lat' dir='ltr'><strong>facere</strong></span> <span class='ocrx_word' id='word_1_694' title='bbox 884 4245 1060 4306; x_wconf 87' lang='lat' dir='ltr'><strong>potest</strong></span> <span class='ocrx_word' id='word_1_695' title='bbox 1101 4240 1351 4308; x_wconf 89' lang='lat' dir='ltr'><strong>reliquos,</strong></span> <span class='ocrx_word' id='word_1_696' title='bbox 1385 4241 1457 4304; x_wconf 89' lang='lat' dir='ltr'><strong>is,</strong></span> <span class='ocrx_word' id='word_1_697' title='bbox 1486 4240 1576 4308; x_wconf 90' lang='lat' dir='ltr'><strong>qui</strong></span> <span class='ocrx_word' id='word_1_698' title='bbox 1605 4253 1711 4294; x_wconf 88' lang='lat' dir='ltr'><strong>non</strong></span> <span class='ocrx_word' id='word_1_699' title='bbox 1734 4253 1887 4294; x_wconf 90' lang='lat' dir='ltr'><strong>secus</strong></span> <span class='ocrx_word' id='word_1_700' title='bbox 1927 4254 1992 4293; x_wconf 90' lang='lat' dir='ltr'><strong>ac</strong></span> <span class='ocrx_word' id='word_1_701' title='bbox 2020 4240 2196 4294; x_wconf 72' lang='lat' dir='ltr'><strong>czctcri</strong></span> <span class='ocrx_word' id='word_1_702' title='bbox 2224 4239 2531 4295; x_wconf 89' lang='lat' dir='ltr'><strong>benelicium</strong></span> <span class='ocrx_word' id='word_1_703' title='bbox 2560 4239 2799 4307; x_wconf 90' lang='lat' dir='ltr'><strong>percepit</strong></span> <span class='ocrx_word' id='word_1_704' title='bbox 2822 4237 3026 4303; x_wconf 87' lang='lat' dir='ltr'><strong>salutis,</strong></span> <span class='ocrx_word' id='word_1_705' title='bbox 3055 4243 3214 4304; x_wconf 89' lang='lat' dir='ltr'><strong>atque</strong></span> <span class='ocrx_word' id='word_1_706' title='bbox 3240 4234 3472 4290; x_wconf 88' lang='lat' dir='ltr'><strong>salvatus</strong></span> 
     </span>
    </p>
   </div>
   <div class='ocr_carea' id='block_1_90' title="bbox 255 4322 3471 4399">
    <p class='ocr_par' dir='ltr' id='par_1_90' title="bbox 255 4322 3471 4399">
     <span class='ocr_line' id='line_1_90' title="bbox 255 4322 3471 4399; baseline 0.002 -23"><span class='ocrx_word' id='word_1_707' title='bbox 255 4323 377 4376; x_wconf 80' lang='lat' dir='ltr'><strong>est?</strong></span> <span class='ocrx_word' id='word_1_708' title='bbox 418 4322 702 4390; x_wconf 88' lang='lat' dir='ltr'><strong>Cujusnam</strong></span> <span class='ocrx_word' id='word_1_709' title='bbox 746 4327 905 4393; x_wconf 82' lang='lat' dir='ltr'><strong>igitur</strong></span> <span class='ocrx_word' id='word_1_710' title='bbox 947 4344 1141 4397; x_wconf 89' lang='lat' dir='ltr'><strong>corpus</strong></span> <span class='ocrx_word' id='word_1_711' title='bbox 1189 4338 1243 4384; x_wconf 91' lang='lat' dir='ltr'><strong>et</strong></span> <span class='ocrx_word' id='word_1_712' title='bbox 1278 4331 1584 4398; x_wconf 76' lang='lat' dir='ltr'><strong>sanguinem</strong></span> <span class='ocrx_word' id='word_1_713' title='bbox 1633 4344 1841 4384; x_wconf 89' lang='lat' dir='ltr'><strong>sumere</strong></span> <span class='ocrx_word' id='word_1_714' title='bbox 1883 4345 1941 4386; x_wconf 89' lang='lat' dir='ltr'><strong>se</strong></span> <span class='ocrx_word' id='word_1_715' title='bbox 1979 4331 2301 4394; x_wconf 84' lang='lat' dir='ltr'><strong>existimant,</strong></span> <span class='ocrx_word' id='word_1_716' title='bbox 2359 4329 2446 4396; x_wconf 91' lang='lat' dir='ltr'><strong>qui</strong></span> <span class='ocrx_word' id='word_1_717' title='bbox 2490 4328 2607 4383; x_wconf 73' lang='lat' dir='ltr'><strong>hazc</strong></span> <span class='ocrx_word' id='word_1_718' title='bbox 2660 4328 3113 4399; x_wconf 82' lang='lat' dir='ltr'><strong>blasphemantem</strong></span> <span class='ocrx_word' id='word_1_719' title='bbox 3153 4325 3471 4381; x_wconf 83' lang='lat' dir='ltr'><strong>defendunt?</strong></span> 
     </span>
    </p>
   </div>
   <div class='ocr_carea' id='block_1_91' title="bbox 258 4400 3470 4485">
    <p class='ocr_par' dir='ltr' id='par_1_91' title="bbox 258 4400 3470 4485">
     <span class='ocr_line' id='line_1_91' title="bbox 258 4400 3470 4485; baseline 0.001 -23"><span class='ocrx_word' id='word_1_720' title='bbox 258 4400 454 4476; x_wconf 76' lang='lat' dir='ltr'><strong>Ejusne</strong></span> <span class='ocrx_word' id='word_1_721' title='bbox 480 4413 570 4479; x_wconf 87' lang='lat' dir='ltr'><strong>qui</strong></span> <span class='ocrx_word' id='word_1_722' title='bbox 598 4412 911 4467; x_wconf 88' lang='lat' dir='ltr'><strong>beneﬁcium</strong></span> <span class='ocrx_word' id='word_1_723' title='bbox 937 4415 1175 4479; x_wconf 90' lang='lat' dir='ltr'><strong>contulit,</strong></span> <span class='ocrx_word' id='word_1_724' title='bbox 1212 4431 1280 4470; x_wconf 90' lang='lat' dir='ltr'><strong>an</strong></span> <span class='ocrx_word' id='word_1_725' title='bbox 1317 4417 1431 4484; x_wconf 84' lang='lat' dir='ltr'><strong>ejus</strong></span> <span class='ocrx_word' id='word_1_726' title='bbox 1471 4414 1562 4484; x_wconf 90' lang='lat' dir='ltr'><strong>qui</strong></span> <span class='ocrx_word' id='word_1_727' title='bbox 1599 4416 1866 4485; x_wconf 85' lang='lat' dir='ltr'><strong>suscepit?</strong></span> <span class='ocrx_word' id='word_1_728' title='bbox 1902 4415 2051 4482; x_wconf 86' lang='lat' dir='ltr'><strong>Quod</strong></span> <span class='ocrx_word' id='word_1_729' title='bbox 2077 4416 2122 4469; x_wconf 91' lang='lat' dir='ltr'><strong>si</strong></span> <span class='ocrx_word' id='word_1_730' title='bbox 2155 4414 2308 4469; x_wconf 88' lang='lat' dir='ltr'><strong>Verbi</strong></span> <span class='ocrx_word' id='word_1_731' title='bbox 2336 4414 2429 4470; x_wconf 86' lang='lat' dir='ltr'><strong>Dei</strong></span> <span class='ocrx_word' id='word_1_732' title='bbox 2476 4412 2792 4470; x_wconf 89' lang='lat' dir='ltr'><strong>beneﬁcium</strong></span> <span class='ocrx_word' id='word_1_733' title='bbox 2827 4411 3148 4466; x_wconf 81' lang='lat' dir='ltr'><strong>conferentis</strong></span> <span class='ocrx_word' id='word_1_734' title='bbox 3185 4425 3376 4479; x_wconf 86' lang='lat' dir='ltr'><strong>capere</strong></span> <span class='ocrx_word' id='word_1_735' title='bbox 3411 4425 3470 4464; x_wconf 88' lang='lat' dir='ltr'><strong>se</strong></span> 
     </span>
    </p>
   </div>
   <div class='ocr_carea' id='block_1_92' title="bbox 252 4506 3470 4578">
    <p class='ocr_par' dir='ltr' id='par_1_92' title="bbox 252 4506 3470 4578">
     <span class='ocr_line' id='line_1_92' title="bbox 252 4506 3470 4578; baseline 0.002 -24"><span class='ocrx_word' id='word_1_736' title='bbox 252 4511 585 4557; x_wconf 80' lang='lat' dir='ltr'><strong>sacramenta</strong></span> <span class='ocrx_word' id='word_1_737' title='bbox 625 4507 1024 4572; x_wconf 88' lang='lat' dir='ltr'><strong>responderint,</strong></span> <span class='ocrx_word' id='word_1_738' title='bbox 1053 4509 1322 4575; x_wconf 86' lang='lat' dir='ltr'><strong>quomodo</strong></span> <span class='ocrx_word' id='word_1_739' title='bbox 1361 4508 1412 4561; x_wconf 90' lang='lat' dir='ltr'><strong>id</strong></span> <span class='ocrx_word' id='word_1_740' title='bbox 1450 4509 1650 4577; x_wconf 89' lang='lat' dir='ltr'><strong>dicant,</strong></span> <span class='ocrx_word' id='word_1_741' title='bbox 1681 4524 1801 4563; x_wconf 89' lang='lat' dir='ltr'><strong>cum</strong></span> <span class='ocrx_word' id='word_1_742' title='bbox 1845 4508 2015 4578; x_wconf 87' lang='lat' dir='ltr'><strong>ipsum</strong></span> <span class='ocrx_word' id='word_1_743' title='bbox 2061 4509 2391 4563; x_wconf 82' lang='lat' dir='ltr'><strong>incarnatum</strong></span> <span class='ocrx_word' id='word_1_744' title='bbox 2438 4516 2494 4563; x_wconf 92' lang='lat' dir='ltr'><strong>et</strong></span> <span class='ocrx_word' id='word_1_745' title='bbox 2538 4507 2806 4562; x_wconf 88' lang='lat' dir='ltr'><strong>hominem</strong></span> <span class='ocrx_word' id='word_1_746' title='bbox 2851 4508 3046 4561; x_wconf 88' lang='lat' dir='ltr'><strong>factum</strong></span> <span class='ocrx_word' id='word_1_747' title='bbox 3098 4520 3217 4561; x_wconf 88' lang='lat' dir='ltr'><strong>esse</strong></span> <span class='ocrx_word' id='word_1_748' title='bbox 3253 4506 3470 4560; x_wconf 88' lang='lat' dir='ltr'><strong>minime</strong></span> 
     </span>
    </p>
   </div>
   <div class='ocr_carea' id='block_1_93' title="bbox 252 4587 3466 4667">
    <p class='ocr_par' dir='ltr' id='par_1_93' title="bbox 252 4587 3466 4667">
     <span class='ocr_line' id='line_1_93' title="bbox 252 4587 3466 4667; baseline 0.003 -24"><span class='ocrx_word' id='word_1_749' title='bbox 252 4587 645 4646; x_wconf 81' lang='lat' dir='ltr'><strong>conﬁteantur?</strong></span> <span class='ocrx_word' id='word_1_750' title='bbox 683 4593 777 4648; x_wconf 89' lang='lat' dir='ltr'><strong>Sin</strong></span> <span class='ocrx_word' id='word_1_751' title='bbox 805 4602 983 4650; x_wconf 87' lang='lat' dir='ltr'><strong>autem</strong></span> <span class='ocrx_word' id='word_1_752' title='bbox 1011 4595 1125 4663; x_wconf 89' lang='lat' dir='ltr'><strong>ejus</strong></span> <span class='ocrx_word' id='word_1_753' title='bbox 1162 4598 1249 4651; x_wconf 93' lang='lat' dir='ltr'><strong>cui</strong></span> <span class='ocrx_word' id='word_1_754' title='bbox 1286 4598 1598 4654; x_wconf 89' lang='lat' dir='ltr'><strong>beneﬁcium</strong></span> <span class='ocrx_word' id='word_1_755' title='bbox 1637 4599 1886 4654; x_wconf 88' lang='lat' dir='ltr'><strong>collatum</strong></span> <span class='ocrx_word' id='word_1_756' title='bbox 1915 4609 1998 4654; x_wconf 92' lang='lat' dir='ltr'><strong>est</strong></span> <span class='ocrx_word' id='word_1_757' title='bbox 2035 4600 2284 4663; x_wconf 81' lang='lat' dir='ltr'><strong>dixerint,</strong></span> <span class='ocrx_word' id='word_1_758' title='bbox 2331 4599 2491 4653; x_wconf 88' lang='lat' dir='ltr'><strong>stulta</strong></span> <span class='ocrx_word' id='word_1_759' title='bbox 2533 4607 2614 4654; x_wconf 89' lang='lat' dir='ltr'><strong>est</strong></span> <span class='ocrx_word' id='word_1_760' title='bbox 2653 4611 2780 4665; x_wconf 79' lang='lat' dir='ltr'><strong>ergo</strong></span> <span class='ocrx_word' id='word_1_761' title='bbox 2827 4612 3012 4653; x_wconf 86' lang='lat' dir='ltr'><strong>eorum</strong></span> <span class='ocrx_word' id='word_1_762' title='bbox 3040 4612 3183 4667; x_wconf 88' lang='lat' dir='ltr'><strong>spes,</strong></span> <span class='ocrx_word' id='word_1_763' title='bbox 3230 4598 3323 4667; x_wconf 89' lang='lat' dir='ltr'><strong>qui</strong></span> <span class='ocrx_word' id='word_1_764' title='bbox 3366 4598 3466 4652; x_wconf 89' lang='lat' dir='ltr'><strong>ho-</strong></span> 
     </span>
    </p>
   </div>
   <div class='ocr_carea' id='block_1_94' title="bbox 251 4686 3281 4765">
    <p class='ocr_par' dir='ltr' id='par_1_94' title="bbox 251 4686 3281 4765">
     <span class='ocr_line' id='line_1_94' title="bbox 251 4686 3281 4765; baseline 0.001 -24"><span class='ocrx_word' id='word_1_765' title='bbox 251 4686 452 4741; x_wconf 86' lang='lat' dir='ltr'><strong>minem</strong></span> <span class='ocrx_word' id='word_1_766' title='bbox 489 4687 636 4741; x_wconf 88' lang='lat' dir='ltr'><strong>cultu</strong></span> <span class='ocrx_word' id='word_1_767' title='bbox 671 4699 1012 4760; x_wconf 88' lang='lat' dir='ltr'><strong>venerantur,</strong></span> <span class='ocrx_word' id='word_1_768' title='bbox 1032 4694 1273 4761; x_wconf 85' lang='lat' dir='ltr'><strong>quoniam</strong></span> <span class='ocrx_word' id='word_1_769' title='bbox 1318 4704 1602 4748; x_wconf 86' lang='lat' dir='ltr'><strong>creaturam</strong></span> <span class='ocrx_word' id='word_1_770' title='bbox 1639 4711 1791 4765; x_wconf 81' lang='lat' dir='ltr'><strong>super</strong></span> <span class='ocrx_word' id='word_1_771' title='bbox 1813 4694 2052 4749; x_wconf 83' lang='lat' dir='ltr'><strong>Creatore</strong></span> <span class='ocrx_word' id='word_1_772' title='bbox 2082 4696 2421 4749; x_wconf 76' lang='lat' dir='ltr'><strong>adorarerunt</strong></span> <span class='ocrx_word' id='word_1_773' title='bbox 2445 4691 2597 4764; x_wconf 85' lang='lat' dir='ltr'><strong>(Sap.</strong></span> <span class='ocrx_word' id='word_1_774' title='bbox 2618 4689 2821 4760; x_wconf 73' lang='lat' dir='ltr'><strong>xm,5).</strong></span> <span class='ocrx_word' id='word_1_775' title='bbox 3274 4708 3281 4713; x_wconf 47' lang='grc' dir='ltr'><strong>λ</strong></span> 
     </span>
    </p>
   </div>
   <div class='ocr_carea' id='block_1_95' title="bbox 324 4776 1833 4850">
    <p class='ocr_par' dir='ltr' id='par_1_95' title="bbox 324 4778 1807 4848">
     <span class='ocr_line' id='line_1_95' title="bbox 324 4778 1807 4848; baseline 0.005 -17"><span class='ocrx_word' id='word_1_776' title='bbox 324 4787 486 4848; x_wconf 82' lang='grc' dir='ltr'>Ἥμεῖς</span> <span class='ocrx_word' id='word_1_777' title='bbox 512 4778 564 4834; x_wconf 77' lang='grc' dir='ltr'><strong>δὲ</strong></span> <span class='ocrx_word' id='word_1_778' title='bbox 590 4780 778 4841; x_wconf 78' lang='grc' dir='ltr'>πάντες</span> <span class='ocrx_word' id='word_1_779' title='bbox 810 4784 861 4836; x_wconf 73' lang='lat' dir='ltr'><strong>oi</strong></span> <span class='ocrx_word' id='word_1_780' title='bbox 894 4792 980 4843; x_wconf 81' lang='grc' dir='ltr'>τῆς</span> <span class='ocrx_word' id='word_1_781' title='bbox 1006 4785 1263 4845; x_wconf 73' lang='grc' dir='ltr'>καθολικῆς</span> <span class='ocrx_word' id='word_1_782' title='bbox 1291 4786 1550 4846; x_wconf 77' lang='grc' dir='ltr'>ἐκκλησίας</span> <span class='ocrx_word' id='word_1_783' title='bbox 1575 4789 1660 4841; x_wconf 83' lang='grc' dir='ltr'>τὸν</span> <span class='ocrx_word' id='word_1_784' title='bbox 1684 4791 1807 4840; x_wconf 65' lang='grc' dir='ltr'>Θεὸν</span> 
     </span>
    </p>
   </div>
   <div class='ocr_carea' id='block_1_96' title="bbox 1934 4776 3461 4850">
    <p class='ocr_par' dir='ltr' id='par_1_96' title="bbox 1978 4776 3461 4850">
     <span class='ocr_line' id='line_1_96' title="bbox 1978 4776 3461 4850; baseline -0.003 -13"><span class='ocrx_word' id='word_1_785' title='bbox 1978 4784 2087 4840; x_wconf 85' lang='lat' dir='ltr'><strong>Nos</strong></span> <span class='ocrx_word' id='word_1_786' title='bbox 2114 4792 2291 4839; x_wconf 89' lang='lat' dir='ltr'><strong>autem</strong></span> <span class='ocrx_word' id='word_1_787' title='bbox 2319 4796 2525 4847; x_wconf 87' lang='lat' dir='ltr'><strong>omnes,</strong></span> <span class='ocrx_word' id='word_1_788' title='bbox 2557 4782 2646 4850; x_wconf 90' lang='lat' dir='ltr'><strong>qui</strong></span> <span class='ocrx_word' id='word_1_789' title='bbox 2666 4779 2941 4835; x_wconf 63' lang='lat' dir='ltr'><strong>catholicae</strong></span> <span class='ocrx_word' id='word_1_790' title='bbox 2968 4776 3217 4833; x_wconf 63' lang='lat' dir='ltr'><strong>Ecclesia;</strong></span> <span class='ocrx_word' id='word_1_791' title='bbox 3255 4793 3461 4842; x_wconf 90' lang='lat' dir='ltr'><strong>sumus,</strong></span> 
     </span>
    </p>
   </div>
   <div class='ocr_carea' id='block_1_97' title="bbox 251 4866 1815 4948">
    <p class='ocr_par' dir='ltr' id='par_1_97' title="bbox 251 4866 1815 4948">
     <span class='ocr_line' id='line_1_97' title="bbox 251 4866 1815 4948; baseline 0.01 -27"><span class='ocrx_word' id='word_1_792' title='bbox 251 4866 394 4938; x_wconf 80' lang='grc' dir='ltr'>λόγον</span> <span class='ocrx_word' id='word_1_793' title='bbox 415 4873 747 4943; x_wconf 79' lang='grc' dir='ltr'>σαρκωθέντα,</span> <span class='ocrx_word' id='word_1_794' title='bbox 771 4876 850 4928; x_wconf 78' lang='grc' dir='ltr'><strong>καί</strong></span> <span class='ocrx_word' id='word_1_795' title='bbox 884 4875 1328 4948; x_wconf 74' lang='grc' dir='ltr'>ἔνανθρωπησαντα</span> <span class='ocrx_word' id='word_1_796' title='bbox 1346 4917 1360 4937; x_wconf 91' lang='grc'><strong>,</strong></span> <span class='ocrx_word' id='word_1_797' title='bbox 1390 4878 1476 4932; x_wconf 74' lang='grc' dir='ltr'>ἕνα</span> <span class='ocrx_word' id='word_1_798' title='bbox 1501 4899 1555 4932; x_wconf 81' lang='grc' dir='ltr'><strong>τε</strong></span> <span class='ocrx_word' id='word_1_799' title='bbox 1585 4875 1700 4933; x_wconf 78' lang='grc' dir='ltr'>ὄντα</span> <span class='ocrx_word' id='word_1_800' title='bbox 1724 4886 1815 4937; x_wconf 79' lang='grc' dir='ltr'><strong>τῆς</strong></span> 
     </span>
    </p>
   </div>
   <div class='ocr_carea' id='block_1_98' title="bbox 252 4957 1814 5037">
    <p class='ocr_par' dir='ltr' id='par_1_98' title="bbox 252 4957 1814 5037">
     <span class='ocr_line' id='line_1_98' title="bbox 252 4957 1814 5037; baseline 0.008 -28"><span class='ocrx_word' id='word_1_801' title='bbox 252 4957 401 5030; x_wconf 74' lang='grc' dir='ltr'>ἁγίας</span> <span class='ocrx_word' id='word_1_802' title='bbox 432 4960 645 5034; x_wconf 79' lang='grc' dir='ltr'>Τριάδος</span> <span class='ocrx_word' id='word_1_803' title='bbox 672 4964 1043 5034; x_wconf 82' lang='grc' dir='ltr'>ὁμολογοῦντες.</span> <span class='ocrx_word' id='word_1_804' title='bbox 1073 4967 1229 5021; x_wconf 77' lang='grc' dir='ltr'>αὐτοῦ</span> <span class='ocrx_word' id='word_1_805' title='bbox 1257 4970 1342 5021; x_wconf 84' lang='grc' dir='ltr'>καὶ</span> <span class='ocrx_word' id='word_1_806' title='bbox 1366 4969 1421 5023; x_wconf 86' lang='grc' dir='ltr'>τὸ</span> <span class='ocrx_word' id='word_1_807' title='bbox 1446 4979 1616 5037; x_wconf 70' lang='grc' dir='ltr'>σῶμα,</span> <span class='ocrx_word' id='word_1_808' title='bbox 1646 4972 1731 5021; x_wconf 86' lang='grc' dir='ltr'>καὶ</span> <span class='ocrx_word' id='word_1_809' title='bbox 1756 4968 1814 5023; x_wconf 83' lang='grc' dir='ltr'>τὸ</span> 
     </span>
    </p>
   </div>
   <div class='ocr_carea' id='block_1_99' title="bbox 251 5045 1816 5129">
    <p class='ocr_par' dir='ltr' id='par_1_99' title="bbox 251 5045 1816 5129">
     <span class='ocr_line' id='line_1_99' title="bbox 251 5045 1816 5129; baseline 0.006 -29"><span class='ocrx_word' id='word_1_810' title='bbox 251 5045 378 5116; x_wconf 79' lang='grc' dir='ltr'>αἷμα</span> <span class='ocrx_word' id='word_1_811' title='bbox 404 5047 657 5118; x_wconf 78' lang='grc' dir='ltr'>δεχόμεθα</span> <span class='ocrx_word' id='word_1_812' title='bbox 699 5054 770 5111; x_wconf 84' lang='grc' dir='ltr'>εἰς</span> <span class='ocrx_word' id='word_1_813' title='bbox 804 5050 978 5123; x_wconf 71' lang='grc' dir='ltr'>ἄφεσιν</span> <span class='ocrx_word' id='word_1_814' title='bbox 1019 5054 1293 5129; x_wconf 79' lang='grc' dir='ltr'>ἁμαρτιῶν,</span> <span class='ocrx_word' id='word_1_815' title='bbox 1322 5060 1402 5110; x_wconf 67' lang='grc' dir='ltr'><strong>καί</strong></span> <span class='ocrx_word' id='word_1_816' title='bbox 1428 5060 1495 5116; x_wconf 64' lang='grc' dir='ltr'>εἷς</span> <span class='ocrx_word' id='word_1_817' title='bbox 1523 5061 1651 5120; x_wconf 70' lang='grc' dir='ltr'>ζωήν</span> <span class='ocrx_word' id='word_1_818' title='bbox 1691 5059 1816 5110; x_wconf 81' lang='grc' dir='ltr'>αἰώ-</span> 
     </span>
    </p>
   </div>
   <div class='ocr_carea' id='block_1_100' title="bbox 249 5140 1813 5219">
    <p class='ocr_par' dir='ltr' id='par_1_100' title="bbox 249 5140 1813 5219">
     <span class='ocr_line' id='line_1_100' title="bbox 249 5140 1813 5219; baseline 0.006 -30"><span class='ocrx_word' id='word_1_819' title='bbox 249 5158 368 5200; x_wconf 89' lang='grc' dir='ltr'>νιον,</span> <span class='ocrx_word' id='word_1_820' title='bbox 409 5140 572 5198; x_wconf 76' lang='grc' dir='ltr'>καθὼς</span> <span class='ocrx_word' id='word_1_821' title='bbox 598 5144 683 5194; x_wconf 81' lang='grc' dir='ltr'>καὶ</span> <span class='ocrx_word' id='word_1_822' title='bbox 726 5144 874 5201; x_wconf 78' lang='grc' dir='ltr'>αὐτὸς</span> <span class='ocrx_word' id='word_1_823' title='bbox 901 5142 926 5196; x_wconf 85' lang='grc' dir='ltr'><strong>ὁ</strong></span> <span class='ocrx_word' id='word_1_824' title='bbox 952 5145 1124 5219; x_wconf 85' lang='grc' dir='ltr'>κύριος</span> <span class='ocrx_word' id='word_1_825' title='bbox 1149 5141 1281 5216; x_wconf 82' lang='grc' dir='ltr'>λέγει</span> <span class='ocrx_word' id='word_1_826' title='bbox 1309 5160 1321 5172; x_wconf 78' lang='grc'><strong><em>⁸</em></strong></span> <span class='ocrx_word' id='word_1_827' title='bbox 1357 5162 1376 5196; x_wconf 81' lang='grc' dir='ltr'><strong>ε</strong></span> <span class='ocrx_word' id='word_1_828' title='bbox 1403 5144 1460 5198; x_wconf 77' lang='grc' dir='ltr'>Ὀ</span> <span class='ocrx_word' id='word_1_829' title='bbox 1487 5148 1689 5217; x_wconf 65' lang='grc' dir='ltr'>τρώγων</span> <span class='ocrx_word' id='word_1_830' title='bbox 1720 5165 1813 5198; x_wconf 81' lang='grc' dir='ltr'>ιιου</span> 
     </span>
    </p>
   </div>
   <div class='ocr_carea' id='block_1_101' title="bbox 247 5231 1809 5306">
    <p class='ocr_par' dir='ltr' id='par_1_101' title="bbox 247 5231 1809 5306">
     <span class='ocr_line' id='line_1_101' title="bbox 247 5231 1809 5306; baseline 0.006 -28"><span class='ocrx_word' id='word_1_831' title='bbox 247 5233 337 5284; x_wconf 65' lang='grc' dir='ltr'>τήν</span> <span class='ocrx_word' id='word_1_832' title='bbox 358 5231 548 5298; x_wconf 79' lang='grc' dir='ltr'>σάρκα,</span> <span class='ocrx_word' id='word_1_833' title='bbox 575 5234 657 5284; x_wconf 75' lang='grc' dir='ltr'><strong>καὶ</strong></span> <span class='ocrx_word' id='word_1_834' title='bbox 680 5234 836 5287; x_wconf 83' lang='grc' dir='ltr'>πίνων</span> <span class='ocrx_word' id='word_1_835' title='bbox 877 5254 976 5304; x_wconf 87' lang='grc' dir='ltr'><strong>μου</strong></span> <span class='ocrx_word' id='word_1_836' title='bbox 1007 5235 1066 5288; x_wconf 83' lang='grc' dir='ltr'>τὸ</span> <span class='ocrx_word' id='word_1_837' title='bbox 1108 5231 1255 5306; x_wconf 80' lang='grc' dir='ltr'>αἷμα,</span> <span class='ocrx_word' id='word_1_838' title='bbox 1284 5234 1315 5289; x_wconf 80' lang='grc' dir='ltr'>ἕ</span> <span class='ocrx_word' id='word_1_839' title='bbox 1316 5256 1404 5305; x_wconf 86' lang='grc' dir='ltr'><strong>χει</strong></span> <span class='ocrx_word' id='word_1_840' title='bbox 1429 5241 1554 5299; x_wconf 75' lang='grc' dir='ltr'>ζωήν</span> <span class='ocrx_word' id='word_1_841' title='bbox 1593 5237 1809 5301; x_wconf 78' lang='grc' dir='ltr'>αἰώνιον,</span> 
     </span>
    </p>
   </div>
   <div class='ocr_carea' id='block_1_102' title="bbox 247 5316 1803 5399">
    <p class='ocr_par' dir='ltr' id='par_1_102' title="bbox 247 5316 1803 5399">
     <span class='ocr_line' id='line_1_102' title="bbox 247 5316 1803 5399; baseline 0.012 -32"><span class='ocrx_word' id='word_1_842' title='bbox 247 5317 384 5386; x_wconf 78' lang='grc' dir='ltr'><strong>κάγώ</strong></span> <span class='ocrx_word' id='word_1_843' title='bbox 411 5320 677 5377; x_wconf 77' lang='grc' dir='ltr'>ἀναστήσω</span> <span class='ocrx_word' id='word_1_844' title='bbox 704 5322 852 5375; x_wconf 82' lang='grc' dir='ltr'>αὐτὸν</span> <span class='ocrx_word' id='word_1_845' title='bbox 875 5324 926 5375; x_wconf 73' lang='grc' dir='ltr'>ἓν</span> <span class='ocrx_word' id='word_1_846' title='bbox 951 5329 1012 5395; x_wconf 78' lang='grc' dir='ltr'><strong>τῇ</strong></span> <span class='ocrx_word' id='word_1_847' title='bbox 1042 5316 1241 5396; x_wconf 72' lang='grc' dir='ltr'>ίσχάτῃ</span> <span class='ocrx_word' id='word_1_848' title='bbox 1270 5325 1432 5398; x_wconf 71' lang='grc' dir='ltr'>ἡμέρᾳ</span> <span class='ocrx_word' id='word_1_849' title='bbox 1457 5340 1469 5353; x_wconf 81' lang='grc'><strong>⁸</strong></span> <span class='ocrx_word' id='word_1_850' title='bbox 1497 5326 1526 5382; x_wconf 76' lang='grc' dir='ltr'>ἡ</span> <span class='ocrx_word' id='word_1_851' title='bbox 1551 5325 1648 5399; x_wconf 78' lang='grc' dir='ltr'>γὰρ</span> <span class='ocrx_word' id='word_1_852' title='bbox 1676 5325 1803 5399; x_wconf 79' lang='grc' dir='ltr'>σάρξ</span> 
     </span>
    </p>
   </div>
   <div class='ocr_carea' id='block_1_103' title="bbox 246 5409 1804 5484">
    <p class='ocr_par' dir='ltr' id='par_1_103' title="bbox 246 5409 1804 5484">
     <span class='ocr_line' id='line_1_103' title="bbox 246 5409 1804 5484; baseline 0.006 -26"><span class='ocrx_word' id='word_1_853' title='bbox 246 5425 344 5472; x_wconf 82' lang='grc' dir='ltr'><strong>μου</strong></span> <span class='ocrx_word' id='word_1_854' title='bbox 371 5409 563 5468; x_wconf 74' lang='grc' dir='ltr'>ἀληθῶς</span> <span class='ocrx_word' id='word_1_855' title='bbox 598 5411 712 5465; x_wconf 77' lang='grc' dir='ltr'>ἔστι</span> <span class='ocrx_word' id='word_1_856' title='bbox 739 5412 952 5483; x_wconf 86' lang='grc' dir='ltr'>βρῶσις,</span> <span class='ocrx_word' id='word_1_857' title='bbox 979 5416 1060 5466; x_wconf 83' lang='grc' dir='ltr'>καὶ</span> <span class='ocrx_word' id='word_1_858' title='bbox 1096 5414 1151 5465; x_wconf 86' lang='grc' dir='ltr'>τὸ</span> <span class='ocrx_word' id='word_1_859' title='bbox 1175 5411 1296 5484; x_wconf 73' lang='grc' dir='ltr'>αἶμά</span> <span class='ocrx_word' id='word_1_860' title='bbox 1320 5435 1417 5482; x_wconf 82' lang='grc' dir='ltr'><strong>μου</strong></span> <span class='ocrx_word' id='word_1_861' title='bbox 1440 5415 1644 5473; x_wconf 79' lang='grc' dir='ltr'>,ἀληθῶς</span> <span class='ocrx_word' id='word_1_862' title='bbox 1687 5416 1804 5468; x_wconf 73' lang='grc' dir='ltr'>ἐστι</span> 
     </span>
    </p>
   </div>
   <div class='ocr_carea' id='block_1_104' title="bbox 247 5493 1803 5576">
    <p class='ocr_par' dir='ltr' id='par_1_104' title="bbox 247 5493 1803 5576">
     <span class='ocr_line' id='line_1_104' title="bbox 247 5493 1803 5576; baseline -0.001 -20"><span class='ocrx_word' id='word_1_863' title='bbox 247 5493 419 5556; x_wconf 68' lang='grc' dir='ltr'>πόσις.</span> <span class='ocrx_word' id='word_1_864' title='bbox 469 5507 524 5553; x_wconf 84' lang='grc' dir='ltr'>Ὀ</span> <span class='ocrx_word' id='word_1_865' title='bbox 549 5503 751 5576; x_wconf 86' lang='grc' dir='ltr'>τρώγων</span> <span class='ocrx_word' id='word_1_866' title='bbox 789 5521 892 5569; x_wconf 88' lang='grc' dir='ltr'><strong>μου</strong></span> <span class='ocrx_word' id='word_1_867' title='bbox 940 5506 1028 5559; x_wconf 72' lang='grc' dir='ltr'>τὴν</span> <span class='ocrx_word' id='word_1_868' title='bbox 1059 5502 1258 5576; x_wconf 71' lang='grc' dir='ltr'>σάρκα,</span> <span class='ocrx_word' id='word_1_869' title='bbox 1303 5505 1384 5555; x_wconf 85' lang='grc' dir='ltr'><strong>καί</strong></span> <span class='ocrx_word' id='word_1_870' title='bbox 1418 5502 1570 5554; x_wconf 82' lang='grc' dir='ltr'>πίνων</span> <span class='ocrx_word' id='word_1_871' title='bbox 1603 5521 1697 5570; x_wconf 77' lang='grc' dir='ltr'><strong>μου</strong></span> <span class='ocrx_word' id='word_1_872' title='bbox 1744 5503 1803 5554; x_wconf 86' lang='grc' dir='ltr'>τὸ</span> 
     </span>
    </p>
   </div>
   <div class='ocr_carea' id='block_1_105' title="bbox 249 5578 1801 5662">
    <p class='ocr_par' dir='ltr' id='par_1_105' title="bbox 249 5578 1801 5662">
     <span class='ocr_line' id='line_1_105' title="bbox 249 5578 1801 5662; baseline 0.003 -24"><span class='ocrx_word' id='word_1_873' title='bbox 249 5578 394 5653; x_wconf 42' lang='lat' dir='ltr'><strong>uiua,</strong></span> <span class='ocrx_word' id='word_1_874' title='bbox 424 5589 472 5639; x_wconf 75' lang='grc' dir='ltr'>ἐν</span> <span class='ocrx_word' id='word_1_875' title='bbox 499 5591 609 5655; x_wconf 80' lang='grc' dir='ltr'>ἐμοὶ</span> <span class='ocrx_word' id='word_1_876' title='bbox 636 5593 789 5655; x_wconf 81' lang='grc' dir='ltr'>μένει.</span> <span class='ocrx_word' id='word_1_877' title='bbox 813 5593 949 5659; x_wconf 84' lang='grc' dir='ltr'>κάγώ</span> <span class='ocrx_word' id='word_1_878' title='bbox 974 5591 1021 5642; x_wconf 77' lang='grc' dir='ltr'>ἕν</span> <span class='ocrx_word' id='word_1_879' title='bbox 1052 5593 1202 5662; x_wconf 70' lang='grc' dir='ltr'>αὐτῷ.</span> <span class='ocrx_word' id='word_1_880' title='bbox 1238 5593 1397 5649; x_wconf 78' lang='grc' dir='ltr'>Ιίαθώς</span> <span class='ocrx_word' id='word_1_881' title='bbox 1427 5592 1708 5644; x_wconf 70' lang='grc' dir='ltr'>ἀπέστειλέν</span> <span class='ocrx_word' id='word_1_882' title='bbox 1737 5611 1801 5657; x_wconf 84' lang='grc' dir='ltr'><strong>με</strong></span> 
     </span>
    </p>
   </div>
   <div class='ocr_carea' id='block_1_106' title="bbox 1916 4866 3463 4926">
    <p class='ocr_par' dir='ltr' id='par_1_106' title="bbox 1916 4866 3463 4926">
     <span class='ocr_line' id='line_1_106' title="bbox 1916 4866 3463 4926; baseline 0 -2"><span class='ocrx_word' id='word_1_883' title='bbox 1916 4871 2009 4925; x_wconf 89' lang='lat' dir='ltr'><strong>Dei</strong></span> <span class='ocrx_word' id='word_1_884' title='bbox 2035 4871 2260 4926; x_wconf 89' lang='lat' dir='ltr'><strong>Verbum</strong></span> <span class='ocrx_word' id='word_1_885' title='bbox 2288 4871 2618 4925; x_wconf 89' lang='lat' dir='ltr'><strong>incarnatum</strong></span> <span class='ocrx_word' id='word_1_886' title='bbox 2664 4877 2721 4923; x_wconf 89' lang='lat' dir='ltr'><strong>et</strong></span> <span class='ocrx_word' id='word_1_887' title='bbox 2772 4868 3041 4923; x_wconf 88' lang='lat' dir='ltr'><strong>hominem</strong></span> <span class='ocrx_word' id='word_1_888' title='bbox 3071 4866 3268 4924; x_wconf 81' lang='lat' dir='ltr'><strong>factum</strong></span> <span class='ocrx_word' id='word_1_889' title='bbox 3300 4884 3463 4925; x_wconf 80' lang='lat' dir='ltr'><strong>unam</strong></span> 
     </span>
    </p>
   </div>
   <div class='ocr_carea' id='block_1_107' title="bbox 1915 4953 3465 5026">
    <p class='ocr_par' dir='ltr' id='par_1_107' title="bbox 1915 4953 3465 5026">
     <span class='ocr_line' id='line_1_107' title="bbox 1915 4953 3465 5026; baseline -0.002 -14"><span class='ocrx_word' id='word_1_890' title='bbox 1915 4975 1979 5012; x_wconf 80' lang='lat' dir='ltr'><strong>ex</strong></span> <span class='ocrx_word' id='word_1_891' title='bbox 2000 4969 2196 5014; x_wconf 76' lang='lat' dir='ltr'><strong>sancta:</strong></span> <span class='ocrx_word' id='word_1_892' title='bbox 2224 4958 2496 5014; x_wconf 88' lang='lat' dir='ltr'><strong>Trinitatis</strong></span> <span class='ocrx_word' id='word_1_893' title='bbox 2539 4957 2782 5026; x_wconf 88' lang='lat' dir='ltr'><strong>personis</strong></span> <span class='ocrx_word' id='word_1_894' title='bbox 2820 4971 2939 5011; x_wconf 90' lang='lat' dir='ltr'><strong>esse</strong></span> <span class='ocrx_word' id='word_1_895' title='bbox 2966 4953 3301 5021; x_wconf 90' lang='lat' dir='ltr'><strong>conﬁtentes,</strong></span> <span class='ocrx_word' id='word_1_896' title='bbox 3347 4972 3465 5010; x_wconf 88' lang='lat' dir='ltr'><strong>eor-</strong></span> 
     </span>
    </p>
   </div>
   <div class='ocr_carea' id='block_1_108' title="bbox 1913 5047 3464 5118">
    <p class='ocr_par' dir='ltr' id='par_1_108' title="bbox 1913 5047 3464 5118">
     <span class='ocr_line' id='line_1_108' title="bbox 1913 5047 3464 5118; baseline -0.003 -14"><span class='ocrx_word' id='word_1_897' title='bbox 1913 5065 2013 5118; x_wconf 89' lang='lat' dir='ltr'><strong>pus</strong></span> <span class='ocrx_word' id='word_1_898' title='bbox 2039 5049 2154 5117; x_wconf 88' lang='lat' dir='ltr'><strong>ejus</strong></span> <span class='ocrx_word' id='word_1_899' title='bbox 2176 5057 2232 5102; x_wconf 91' lang='lat' dir='ltr'><strong>et</strong></span> <span class='ocrx_word' id='word_1_900' title='bbox 2255 5049 2562 5116; x_wconf 77' lang='lat' dir='ltr'><strong>sanguinem</strong></span> <span class='ocrx_word' id='word_1_901' title='bbox 2595 5047 2852 5102; x_wconf 86' lang='lat' dir='ltr'><strong>sumimus</strong></span> <span class='ocrx_word' id='word_1_902' title='bbox 2880 5048 2933 5101; x_wconf 92' lang='lat' dir='ltr'><strong>in</strong></span> <span class='ocrx_word' id='word_1_903' title='bbox 2955 5047 3319 5101; x_wconf 88' lang='lat' dir='ltr'><strong>remissionem</strong></span> <span class='ocrx_word' id='word_1_904' title='bbox 3342 5059 3464 5113; x_wconf 86' lang='lat' dir='ltr'><strong>pec-</strong></span> 
     </span>
    </p>
   </div>
   <div class='ocr_carea' id='block_1_109' title="bbox 1914 5135 3461 5203">
    <p class='ocr_par' dir='ltr' id='par_1_109' title="bbox 1914 5135 3461 5203">
     <span class='ocr_line' id='line_1_109' title="bbox 1914 5135 3461 5203; baseline -0.003 -11"><span class='ocrx_word' id='word_1_905' title='bbox 1914 5146 2174 5201; x_wconf 80' lang='lat' dir='ltr'><strong>calorum,</strong></span> <span class='ocrx_word' id='word_1_906' title='bbox 2215 5145 2270 5191; x_wconf 92' lang='lat' dir='ltr'><strong>et</strong></span> <span class='ocrx_word' id='word_1_907' title='bbox 2298 5137 2350 5191; x_wconf 90' lang='lat' dir='ltr'><strong>in</strong></span> <span class='ocrx_word' id='word_1_908' title='bbox 2377 5139 2539 5191; x_wconf 89' lang='lat' dir='ltr'><strong>vitam</strong></span> <span class='ocrx_word' id='word_1_909' title='bbox 2566 5144 2854 5191; x_wconf 73' lang='lat' dir='ltr'><strong>aztcrnam:</strong></span> <span class='ocrx_word' id='word_1_910' title='bbox 2895 5136 3341 5203; x_wconf 88' lang='lat' dir='ltr'><strong>quemadmodum</strong></span> <span class='ocrx_word' id='word_1_911' title='bbox 3367 5135 3461 5188; x_wconf 87' lang='lat' dir='ltr'><strong>do-</strong></span> 
     </span>
    </p>
   </div>
   <div class='ocr_carea' id='block_1_110' title="bbox 1913 5223 3460 5293">
    <p class='ocr_par' dir='ltr' id='par_1_110' title="bbox 1913 5223 3460 5293">
     <span class='ocr_line' id='line_1_110' title="bbox 1913 5223 3460 5293; baseline -0.005 -11"><span class='ocrx_word' id='word_1_912' title='bbox 1913 5227 2022 5282; x_wconf 87' lang='lat' dir='ltr'><strong>cuit</strong></span> <span class='ocrx_word' id='word_1_913' title='bbox 2049 5240 2146 5279; x_wconf 88' lang='lat' dir='ltr'><strong>nos</strong></span> <span class='ocrx_word' id='word_1_914' title='bbox 2174 5225 2285 5293; x_wconf 93' lang='lat' dir='ltr'><strong>ipse</strong></span> <span class='ocrx_word' id='word_1_915' title='bbox 2314 5224 2567 5278; x_wconf 90' lang='lat' dir='ltr'><strong>Dominus</strong></span> <span class='ocrx_word' id='word_1_916' title='bbox 2604 5224 2825 5278; x_wconf 88' lang='lat' dir='ltr'><strong>dicens:</strong></span> <span class='ocrx_word' id='word_1_917' title='bbox 2869 5223 2968 5285; x_wconf 79' lang='lat' dir='ltr'><strong>Qui</strong></span> <span class='ocrx_word' id='word_1_918' title='bbox 2996 5223 3272 5276; x_wconf 82' lang='lat' dir='ltr'><strong>manducat</strong></span> <span class='ocrx_word' id='word_1_919' title='bbox 3297 5238 3460 5275; x_wconf 84' lang='lat' dir='ltr'><strong>meam</strong></span> 
     </span>
    </p>
   </div>
   <div class='ocr_carea' id='block_1_111' title="bbox 1913 5312 3459 5384">
    <p class='ocr_par' dir='ltr' id='par_1_111' title="bbox 1913 5312 3459 5384">
     <span class='ocr_line' id='line_1_111' title="bbox 1913 5312 3459 5384; baseline -0.004 -15"><span class='ocrx_word' id='word_1_920' title='bbox 1913 5332 2117 5369; x_wconf 87' lang='lat' dir='ltr'><strong>carnem</strong></span> <span class='ocrx_word' id='word_1_921' title='bbox 2145 5325 2195 5368; x_wconf 85' lang='lat' dir='ltr'><strong>et</strong></span> <span class='ocrx_word' id='word_1_922' title='bbox 2222 5314 2345 5367; x_wconf 82' lang='lat' dir='ltr'><strong>bibit</strong></span> <span class='ocrx_word' id='word_1_923' title='bbox 2373 5330 2537 5367; x_wconf 84' lang='lat' dir='ltr'><strong>meum</strong></span> <span class='ocrx_word' id='word_1_924' title='bbox 2567 5315 2866 5384; x_wconf 81' lang='lat' dir='ltr'><strong>sanguinem</strong></span> <span class='ocrx_word' id='word_1_925' title='bbox 2884 5353 2900 5379; x_wconf 89' lang='lat'><strong>,</strong></span> <span class='ocrx_word' id='word_1_926' title='bbox 2948 5312 3098 5365; x_wconf 80' lang='lat' dir='ltr'><strong>habet</strong></span> <span class='ocrx_word' id='word_1_927' title='bbox 3136 5313 3286 5365; x_wconf 74' lang='lat' dir='ltr'><strong>vitam</strong></span> <span class='ocrx_word' id='word_1_928' title='bbox 3314 5320 3459 5365; x_wconf 67' lang='lat' dir='ltr'><strong>atter-</strong></span> 
     </span>
    </p>
   </div>
   <div class='ocr_carea' id='block_1_112' title="bbox 1908 5401 3459 5473">
    <p class='ocr_par' dir='ltr' id='par_1_112' title="bbox 1908 5401 3459 5473">
     <span class='ocr_line' id='line_1_112' title="bbox 1908 5401 3459 5473; baseline -0.003 -15"><span class='ocrx_word' id='word_1_929' title='bbox 1908 5422 2048 5468; x_wconf 81' lang='lat' dir='ltr'><strong>nam,</strong></span> <span class='ocrx_word' id='word_1_930' title='bbox 2096 5413 2145 5456; x_wconf 82' lang='lat' dir='ltr'><strong>et</strong></span> <span class='ocrx_word' id='word_1_931' title='bbox 2181 5421 2273 5473; x_wconf 85' lang='lat' dir='ltr'><strong>ego</strong></span> <span class='ocrx_word' id='word_1_932' title='bbox 2302 5401 2610 5457; x_wconf 75' lang='lat' dir='ltr'><strong>resuscitabo</strong></span> <span class='ocrx_word' id='word_1_933' title='bbox 2638 5419 2752 5456; x_wconf 82' lang='lat' dir='ltr'><strong>eum</strong></span> <span class='ocrx_word' id='word_1_934' title='bbox 2778 5404 2832 5455; x_wconf 86' lang='lat' dir='ltr'><strong>in</strong></span> <span class='ocrx_word' id='word_1_935' title='bbox 2864 5402 3140 5456; x_wconf 77' lang='lat' dir='ltr'><strong>novissimo</strong></span> <span class='ocrx_word' id='word_1_936' title='bbox 3181 5402 3303 5454; x_wconf 84' lang='lat' dir='ltr'><strong>die:</strong></span> <span class='ocrx_word' id='word_1_937' title='bbox 3337 5410 3459 5454; x_wconf 77' lang='lat' dir='ltr'><strong>cdro</strong></span> 
     </span>
    </p>
   </div>
   <div class='ocr_carea' id='block_1_113' title="bbox 1907 5492 3456 5560">
    <p class='ocr_par' dir='ltr' id='par_1_113' title="bbox 1907 5492 3456 5560">
     <span class='ocr_line' id='line_1_113' title="bbox 1907 5492 3456 5560; baseline -0.003 -11"><span class='ocrx_word' id='word_1_938' title='bbox 1907 5499 2040 5549; x_wconf 82' lang='lat' dir='ltr'><strong>enim</strong></span> <span class='ocrx_word' id='word_1_939' title='bbox 2068 5512 2181 5547; x_wconf 89' lang='lat' dir='ltr'><strong>mea</strong></span> <span class='ocrx_word' id='word_1_940' title='bbox 2221 5510 2332 5548; x_wconf 77' lang='lat' dir='ltr'><strong>vere</strong></span> <span class='ocrx_word' id='word_1_941' title='bbox 2358 5502 2432 5547; x_wconf 76' lang='lat' dir='ltr'><strong>est</strong></span> <span class='ocrx_word' id='word_1_942' title='bbox 2475 5492 2636 5557; x_wconf 82' lang='lat' dir='ltr'><strong>cibus,</strong></span> <span class='ocrx_word' id='word_1_943' title='bbox 2666 5501 2714 5545; x_wconf 85' lang='lat' dir='ltr'><strong>et</strong></span> <span class='ocrx_word' id='word_1_944' title='bbox 2740 5493 2947 5560; x_wconf 75' lang='lat' dir='ltr'><strong>sanguis</strong></span> <span class='ocrx_word' id='word_1_945' title='bbox 2989 5507 3127 5544; x_wconf 79' lang='lat' dir='ltr'><strong>meus</strong></span> <span class='ocrx_word' id='word_1_946' title='bbox 3171 5500 3245 5544; x_wconf 77' lang='lat' dir='ltr'><strong>est</strong></span> <span class='ocrx_word' id='word_1_947' title='bbox 3273 5499 3416 5559; x_wconf 78' lang='lat' dir='ltr'><strong>potus</strong></span> <span class='ocrx_word' id='word_1_948' title='bbox 3437 5506 3456 5545; x_wconf 90' lang='lat'><strong><em>:</em></strong></span> 
     </span>
    </p>
   </div>
   <div class='ocr_carea' id='block_1_114' title="bbox 1907 5578 3455 5657">
    <p class='ocr_par' dir='ltr' id='par_1_114' title="bbox 1907 5578 3455 5657">
     <span class='ocr_line' id='line_1_114' title="bbox 1907 5578 3455 5657; baseline -0.003 -18"><span class='ocrx_word' id='word_1_949' title='bbox 1907 5588 1992 5657; x_wconf 80' lang='lat' dir='ltr'><strong>qui</strong></span> <span class='ocrx_word' id='word_1_950' title='bbox 2018 5586 2292 5640; x_wconf 77' lang='lat' dir='ltr'><strong>manducat</strong></span> <span class='ocrx_word' id='word_1_951' title='bbox 2311 5600 2475 5638; x_wconf 82' lang='lat' dir='ltr'><strong>meam</strong></span> <span class='ocrx_word' id='word_1_952' title='bbox 2496 5598 2700 5636; x_wconf 84' lang='lat' dir='ltr'><strong>carnem</strong></span> <span class='ocrx_word' id='word_1_953' title='bbox 2730 5592 2776 5634; x_wconf 85' lang='lat' dir='ltr'><strong>et</strong></span> <span class='ocrx_word' id='word_1_954' title='bbox 2802 5580 2923 5632; x_wconf 77' lang='lat' dir='ltr'><strong>bibit</strong></span> <span class='ocrx_word' id='word_1_955' title='bbox 2952 5598 3116 5634; x_wconf 80' lang='lat' dir='ltr'><strong>meum</strong></span> <span class='ocrx_word' id='word_1_956' title='bbox 3160 5578 3455 5648; x_wconf 70' lang='lat' dir='ltr'><strong>sanguinem</strong></span> 
     </span>
    </p>
   </div>
   <div class='ocr_carea' id='block_1_115' title="bbox 320 5669 1833 5753">
    <p class='ocr_par' dir='ltr' id='par_1_115' title="bbox 320 5674 1832 5753">
     <span class='ocr_line' id='line_1_115' title="bbox 320 5674 1832 5753; baseline 0.002 -22"><span class='ocrx_word' id='word_1_957' title='bbox 320 5674 344 5700; x_wconf 79' lang='grc'>⁶</span> <span class='ocrx_word' id='word_1_958' title='bbox 373 5674 537 5731; x_wconf 71' lang='lat' dir='ltr'><strong>Forte</strong></span> <span class='ocrx_word' id='word_1_959' title='bbox 564 5678 842 5745; x_wconf 76' lang='lat' dir='ltr'><strong>legendum</strong></span> <span class='ocrx_word' id='word_1_960' title='bbox 870 5696 882 5730; x_wconf 90' lang='lat'><strong>:</strong></span> <span class='ocrx_word' id='word_1_961' title='bbox 913 5679 970 5733; x_wconf 77' lang='grc' dir='ltr'>Ὀ</span> <span class='ocrx_word' id='word_1_962' title='bbox 999 5683 1139 5753; x_wconf 83' lang='grc' dir='ltr'><strong>πρὸ..</strong></span> <span class='ocrx_word' id='word_1_963' title='bbox 1174 5718 1238 5734; x_wconf 90' lang='grc'><strong>...</strong></span> <span class='ocrx_word' id='word_1_964' title='bbox 1266 5683 1500 5750; x_wconf 81' lang='grc' dir='ltr'>ἐσχάτων</span> <span class='ocrx_word' id='word_1_965' title='bbox 1526 5684 1687 5744; x_wconf 53' lang='lat' dir='ltr'><strong>ne)“,</strong></span> <span class='ocrx_word' id='word_1_966' title='bbox 1716 5683 1778 5741; x_wconf 75' lang='grc' dir='ltr'>ὣς</span> <span class='ocrx_word' id='word_1_967' title='bbox 1804 5702 1832 5734; x_wconf 88' lang='grc' dir='ltr'><strong>τ</strong></span> 
     </span>
    </p>
   </div>
   <div class='ocr_carea' id='block_1_116' title="bbox 1934 5669 3311 5753">
    <p class='ocr_par' dir='ltr' id='par_1_116' title="bbox 1934 5669 3311 5744">
     <span class='ocr_line' id='line_1_116' title="bbox 1934 5669 3311 5744; baseline -0.009 -10"><span class='ocrx_word' id='word_1_968' title='bbox 1934 5703 1945 5730; x_wconf 69' lang='grc' dir='ltr'><em>ο</em></span> <span class='ocrx_word' id='word_1_969' title='bbox 1969 5677 2298 5733; x_wconf 74' lang='grc' dir='ltr'>διδασκόντων</span> <span class='ocrx_word' id='word_1_970' title='bbox 2322 5684 2470 5730; x_wconf 82' lang='grc' dir='ltr'>τοῦτο</span> <span class='ocrx_word' id='word_1_971' title='bbox 2499 5678 2576 5729; x_wconf 77' lang='grc' dir='ltr'><strong>καί</strong></span> <span class='ocrx_word' id='word_1_972' title='bbox 2598 5672 2850 5744; x_wconf 69' lang='grc' dir='ltr'>ὶεγόντων,</span> <span class='ocrx_word' id='word_1_973' title='bbox 2879 5673 3132 5733; x_wconf 74' lang='grc' dir='ltr'>οὐδενὸς...</span> <span class='ocrx_word' id='word_1_974' title='bbox 3163 5669 3311 5727; x_wconf 77' lang='lat' dir='ltr'><strong>Enn.</strong></span> 
     </span>
    </p>
   </div>
  </div>
