3958 6288
464 265 604 332 1055

1721 261 2153 328 JUSTINIANI
2195 263 2353 326 IMP.

3536 263 3678 328 1056

465 386 494 442 ὅ
516 392 612 452 ζῶν
635 393 826 460 πατὴρ,
849 389 984 456 κάγώ
1003 391 1072 450 ζῶ
1099 385 1182 442 διὰ
1211 385 1292 442 τόν
1314 389 1530 463 παι-ἔρα,
1556 392 1644 442 καί
1684 387 1709 442 ό
1734 393 1940 462 τρώγων
1961 408 2023 456 μι

2140 393 2181 442 in
2209 405 2288 442 me
2317 398 2506 452 manet,
2531 397 2582 441 et
2599 405 2691 458 ego
2711 391 2765 442 in
2793 403 2854 442 eo
2877 388 3052 458 (Joan.
3087 403 3140 442 vr
3159 429 3174 454 ,
3206 376 3315 456 54).
3368 387 3517 443 Sicut
3545 393 3690 446 misit

465 476 688 536 κάκεῖνος
715 479 860 539 ζήτει
899 472 962 528 δι’
991 474 1095 543 ἔμί.
1125 491 1143 524 ι
1189 479 1286 528 Καὶ
1325 482 1489 530 ταῦτα
1517 476 1606 547 μὲν
1646 477 1776 531 οὕτω
1818 480 1898 529 καί
1941 496 2027 530 πι-

467 565 721 629 στεύομεν,
749 565 833 616 καί
857 561 1208 634 ὁμολογοῦμεν.

537 737 698 793 Πόσον
724 736 778 792 δί
807 735 1026 809 ψεύδους
1051 739 1166 792 ἕστί
1219 741 1416 791 κάκεῖνο
1442 741 1639 812 μεστὸν,
1661 735 1785 812 ὅπερ
1807 747 1870 810 τῇ
1907 759 2022 808 μνη-

469 831 756 901 μονευθείσῃ
787 829 966 883 ἀσεϐεῖ
988 829 1226 902 ἐπιστολῇ
1255 830 1552 903 περιέχεται
1579 833 1695 903 περὶ
1719 837 1816 883 τῶν
1837 829 2030 884 δώδεκα

466 920 734 989 κεσαλαίων
761 925 850 972 τοῦ
891 920 941 972 ἕν
968 919 1128 991 ἁγίοις
1158 920 1426 992 κυρίλλου;
1469 926 1767 990 Συκοφαντεῖ
1799 921 1895 993 γὰρ
1935 919 2028 972 αῦ-

465 1009 566 1072 ιόν,
606 1011 673 1068 ὡς
700 1010 818 1078 μίαν
848 1010 992 1080 φύσιν
1027 1016 1119 1069 τῆς
1143 1009 1388 1068 Θεότητος
1425 1011 1507 1062 καί
1531 1016 1622 1068 τῆς
1647 1010 2030 1081 ἀνθρωπότητος

467 1102 558 1151 τοῦ
599 1103 820 1170 Χριστοῦ
859 1098 907 1149 ἕν
931 1099 1128 1156 τούτοις
1167 1098 1397 1168 λέγοντα,
1435 1101 1520 1150 καί
1563 1097 1646 1152 διὰ
1675 1104 1824 1151 τοῦτο
1861 1099 2030 1158 πάσης

465 1189 703 1248 ἀηδίας
739 1189 1098 1260 πεπληρῶσθαι
1133 1190 1198 1244 τὰ
1241 1191 1368 1243 αὐτά
1413 1189 1652 1260 κεφάλαια
1692 1189 1842 1260 λέγει.
1865 1185 2028 1262 Ὀπερ

466 1276 494 1330 ὅ
517 1278 758 1350 ὑμέτερος
776 1275 1078 1336 διδάσκαλος
1102 1279 1397 1348 πανούργως
1419 1277 1721 1351 ἑρμήνενσαι
1753 1278 1905 1346 λέγων
1935 1275 2024 1347 [Ι⁴’.

467 1368 778 1436 ἑρμηνεύσας
824 1362 1004 1436 λίγειἸ.
1042 1370 1111 1429 μή
1155 1365 1238 1420 διὰ
1281 1367 1344 1420 τὰ
1383 1364 1574 1420 δώδεκα
1623 1365 1864 1436 κεφάλαια
1891 1367 1937 1418 ἐν
1969 1375 2030 1437 τῇ

469 1455 708 1526 ίπιστο).ᾓ
748 1455 976 1524 εἰρῆσθαι
995 1452 1072 1508 ὅτι
1099 1459 1263 1508 ταῦτα
1289 1455 1456 1514 πάσης
1483 1455 1719 1514 ἀσεϐείας
1747 1455 2032 1530 πεπλήρων-

469 1543 574 1612 τάι,
615 1547 716 1600 ἀλλ’
744 1543 820 1600 ὅτι
845 1543 1038 1618 ετρηται
1063 1547 1180 1615 μίαν
1217 1541 1341 1598 εἶναι
1377 1546 1526 1619 φύσιν
1559 1546 1793 1605 θεότητος
1830 1549 1913 1599 καί
1953 1549 2033 1599 ἀν·

469 1637 808 1712 θρωπότητος.
828 1633 989 1711 ’ὓπερ
1018 1637 1261 1714 προςανίς
1288 1635 1472 1706 ψεῦδός
1497 1638 1658 1689 ἔστιν.

2125 496 2204 534 me
2231 481 2396 536 vivens
2439 479 2610 546 Pater,
2638 487 2688 531 et
2713 495 2808 550 ego
2846 481 2955 532 rivo
2985 489 3197 548 propter
3243 478 3470 541 Patrem,
3504 491 3554 534 et
3599 484 3687 546 qui

2127 569 2402 622 manducet
2447 584 2527 622 me
2575 577 2624 620 et
2660 569 2770 638 ipse
2812 569 2939 622 vivet
2985 575 3194 637 propter
3223 584 3323 620 mc.
3355 568 3531 638 Atque
3571 575 3686 626 lucc

2125 659 2339 728 quidem
2367 658 2635 713 credimus
2659 665 2716 714 et
2741 656 3078 712 conﬁtemur.

2195 747 2392 813 Quanti
2438 763 2652 817 quoque
2695 745 2960 802 mendacii
3007 746 3222 816 plenum
3270 756 3355 802 est
3383 749 3433 802 id
3461 749 3604 818 quod
3637 751 3689 806 in

2127 846 2418 892 memorata
2447 838 2608 906 impia
2635 837 2861 906 epistola
2909 837 2977 892 de
2997 837 3279 892 duodecim
3309 840 3478 892 sancti
3507 839 3689 910 ειη-ειη

2127 929 2386 996 capitibus
2413 929 2719 984 continetur
2743 927 2758 980 ι
2789 925 3156 982 Calumniatur
3176 943 3408 997 namque
3434 927 3689 999 Cyrillum

2129 1019 2319 1086 ipsum,
2349 1015 2493 1084 quod
2531 1031 2690 1070 unam
2718 1015 3010 1070 divinitatis
3031 1016 3488 1086 humanitatisque
3530 1027 3690 1073 natu-

2128 1119 2242 1158 ram
2271 1105 2323 1158 in
2351 1103 2585 1170 Christo,
2609 1105 2664 1158 in
2695 1103 2927 1172 prmfatis
2966 1105 3230 1172 capitibus
3257 1105 3554 1169 admiserit,
3603 1107 3689 1160 in-

2127 1194 2302 1262 deque
2341 1201 2549 1247 scatere
2596 1207 2658 1246 ea
2687 1193 2863 1262 capita
2901 1191 3177 1248 concludit
3201 1193 3347 1248 omni
3393 1193 3689 1262 iniquitate,

2129 1282 2272 1350 quod
2303 1282 2473 1350 ipsum
2501 1280 2693 1334 callide
2721 1283 2787 1334 ab
2814 1289 3146 1351 praeceptore
3179 1290 3360 1336 vestro
3382 1282 3686 1350 expositum

2129 1382 2230 1436 est,
2279 1371 2506 1436 dicente,
2553 1387 2661 1424 non
2709 1379 2766 1424 ut
2810 1371 2910 1440 ipsi
2956 1371 3147 1440 injuria
3195 1371 3346 1426 ﬁeret
3392 1386 3459 1426 ea
3499 1383 3690 1427 vocata

2131 1463 2292 1518 fuisse
2322 1461 2580 1516 universae
2628 1461 2918 1530 impietatis
2959 1461 3152 1531 plena,
3203 1461 3298 1516 sed
3325 1463 3579 1530 quoniam
3619 1463 3690 1516 ibi

2131 1555 2342 1608 unicam
2367 1567 2485 1606 esse
2513 1551 2738 1606 docetur
2763 1551 3054 1606 divinitatis
3095 1552 3550 1621 humanitatisque
3590 1568 3704 1607 na--

2132 1649 2324 1695 turam.
2362 1640 2418 1693 ld
2447 1648 2623 1694 autem
2651 1639 2892 1708 putidum
2919 1647 3002 1694 est
3023 1647 3316 1708 patensque
3331 1642 3690 1699 mendacium.

540 1725 598 1780 Ὀ
642 1727 737 1797 γάρ
768 1727 814 1778 Iv
841 1726 1000 1798 ἁγίοις
1039 1725 1270 1800 εύριλλος
1295 1723 1408 1778 οὕτε
1450 1727 1500 1778 ἐν
1540 1731 1650 1784 τοῖς
1685 1720 1846 1784 ἄλλοις
1877 1727 2026 1778 αὐτοῦ

2140 1729 2326 1782 Nullibi
2361 1729 2501 1782 enim
2545 1727 2944 1782 demonstratur
2993 1724 3270 1798 Cyrillum,
3311 1745 3486 1798 neque
3521 1730 3576 1784 in
3627 1744 3689 1786 ea

471 1816 878 1888 συγγράμμασιν.
913 1811 1029 1868 οὔτε
1063 1814 1111 1866 ἐν
1153 1821 1214 1886 τῇ
1255 1813 1510 1886 ἐπιστολῇ,
1623 1834 1718 1868 τινι
1748 1815 1812 1867 τὰ
1841 1811 2034 1866 δώδεκα

471 1905 709 1976 κιφαὶλαιι
736 1905 1086 1967 ὑποτέτακται,
1116 1903 1222 1957 ἀλλ’
1264 1902 1378 1957 οὐδὲ
1419 1906 1466 1956 ἑν
1511 1906 1688 1964 αὐτοῖς
1736 1911 1841 1964 τοῖς
1891 1925 2036 1974 κεφα-

471 1995 624 2056 λαίοις
653 1997 771 2068 μίαν
799 1996 945 2064 φύσιν
975 1995 1205 2054 θεότητος
1249 1997 1332 2049 καί
1373 1995 1752 2069 ἀνθρωπὸτητος
1790 1993 2036 2048 δείκνυται

410 2145 418 2155 .
473 2089 709 2157 ε’ρηκώς,
756 2079 878 2138 ἀλλά
911 2089 1027 2156 μίαν
1053 2085 1336 2141 ὑπόστασιν
1363 2085 1471 2144 ἤτοι
1495 2083 1770 2159 πρόσωπον
1801 2094 1892 2148 τῆς
1931 2085 2008 2138 θεό

473 2195 622 2234 vero:
658 2177 740 2228 καί
779 2182 865 2234 τῆς
897 2171 1278 2247 ἀνθρωπότητος
1317 2180 1404 2228 τοῦ
1448 2181 1666 2248 Χριστοῦ
1706 2169 1830 2227 εἶναι
1859 2171 2033 2227 διδάσ-

475 2285 568 2317 κει.
593 2262 752 2336 Ὀπερ
789 2265 873 2316 καί
895 2260 925 2316 ἡ
952 2262 1073 2333 όιγία
1097 2270 1187 2316 τοῦ
1217 2270 1343 2316 Θεοῦ
1386 2263 1620 2317 ἐκκλησία
1661 2265 1914 2336 κηρύττει,
1955 2265 2036 2314 καί

475 2351 659 2410 πάντες
689 2352 734 2404 οί
769 2351 986 2423 πατέρες
1021 2349 1277 2413 ἐδίδαξαν,
1309 2351 1744 2419 ἀναθεματίζον-ες
1781 2353 1896 2408 τοὺς
1924 2355 2038 2418 μάν

475 2440 624 2510 φύσιν
652 2446 740 2497 τῆς
765 2439 996 2496 θεότητος
1024 2439 1107 2490 καί
1146 2446 1237 2496 τῆς
1276 2437 1658 2511 ὼθρωπὸτητος
1701 2445 1790 2492 τοῦ
1823 2445 2036 2510 Χριστοῦ

475 2527 722 2598 λέγοντας.
749 2524 894 2580 ’Άλλο
938 2528 1035 2603 γάρ
1079 2529 1188 2579 ἐστι
1223 2529 1391 2598 φ’σις,
1436 2529 1521 2580 καί
1561 2524 1676 2580 ἄλλο
1727 2529 2033 2591 ὖπόστοσις,

477 2618 588 2674 ὅποι
613 2617 908 2686 πρόσωπον.
942 2619 1027 2668 καί
1065 2617 1096 2673 ἡ
1133 2619 1222 2686 μὲν
1254 2617 1406 2687 φύσις
1431 2617 1488 2671 τὸ
1529 2623 1696 2675 κοινῶς
1724 2619 1804 2670 καί
1835 2625 2039 2688 γενικῶς

478 2711 606 2763 κατά
651 2709 850 2762 πάντων
901 2709 1187 2780 προσώπων
1233 2709 1664 2780 κατηγορούμενον
1710 2711 1960 2777 σημαίνει,
2008 2711 2039 2766 ἠ

478 2798 762 2856 ὑπόστασις
790 2795 843 2850 δέ
891 2795 999 2852 ἦτοι
1041 2796 1307 2870 πρόσωπον
1335 2800 1393 2851 τὸ
1427 2795 1584 2852 ἱδικὸν
1615 2796 1856 2852 δείκνυσι⁶
1884 2799 2042 2870 πρόσ-

479 2906 615 2939 ωπον
661 2887 759 2960 γὰρ
804 2886 850 2937 ἐν
885 2881 1012 2953 ἄλλῳ
1040 2887 1295 2958 προσώπῳ
1333 2881 1425 2938 οὒκ
1453 2885 1819 2958 ἐπιθεωρεῖται.
1846 2883 1961 2938 Ὀτι
1987 2883 2041 2938 δέ

479 2978 510 3034 ἠ
537 2977 746 3046 μυσαρά
775 2974 1012 3032 ἐπιστολή
1055 2977 1172 3046 περί
1205 2981 1303 3028 τῶν
1339 2971 1532 3028 δώδεκα
1569 2975 1839 3046 κεφαλαίων
1872 2980 1965 3030 τοῦ
1993 2976 2041 3028 ἐν

2131 1817 2358 1886 epistola
2387 1829 2504 1884 qua:
2530 1815 2806 1870 duodecim
2835 1815 3067 1884 capitula
3091 1817 3484 1884 complectitur,
3519 1833 3692 1888 neque

2132 1905 2185 1959 in
2215 1919 2399 1959 eorum
2427 1903 2659 1972 capitum
2698 1903 2898 1972 aliquo,
2951 1919 3127 1973 neque
3153 1905 3208 1958 in
3235 1907 3445 1961 ceteris
3471 1908 3689 1975 quibus-

2134 1995 2262 2049 libet
2307 1993 2458 2046 libris
2497 1992 2610 2048 suis
2656 1993 2868 2047 unieam
2912 1994 3202 2052 divinitatis
3246 1997 3692 2067 humanitatisque

2131 2094 2374 2139 naturam
2403 2083 2616 2148 dixisse,
2648 2098 2768 2138 cum
2798 2093 2985 2139 contra
3012 2085 3211 2142 diserte
3239 2087 3450 2152 doceat,
3481 2089 3692 2143 unicam

2134 2190 2253 2229 esse
2281 2175 2335 2228 in
2361 2174 2574 2228 Christo
2629 2173 2920 2228 divinitatis
2967 2175 3414 2245 humanitatisque
3439 2177 3690 2248 hyposla~

2135 2265 2233 2317 sim
2263 2263 2376 2318 sive
2405 2277 2706 2332 personam,
2753 2263 2897 2330 quod
2937 2271 3122 2320 sancta
3151 2265 3244 2320 Dei
3282 2266 3566 2336 proﬁtetur
3593 2267 3688 2321 Ec-

2135 2355 2318 2418 clesia,
2363 2352 2704 2420 universique
2750 2351 2934 2408 Patres
2975 2363 3234 2424 perpetuo
3281 2355 3532 2422 docuere,
3573 2373 3690 2411 aua-

2137 2447 2315 2500 thema
2363 2439 2416 2498 in
2445 2459 2540 2498 eos
2593 2444 2832 2498 dicentes
2876 2444 2968 2513 qui
3001 2447 3209 2500 unicam
3259 2446 3556 2503 divinitatis
3599 2449 3693 2502 bu-

2137 2536 2510 2602 manitatisque
2575 2543 2816 2588 naturam
2882 2549 3002 2590 esse
3056 2535 3109 2589 in
3165 2536 3379 2592 Christo
3417 2538 3690 2602 dicerent;

2139 2624 2282 2676 aliud
2344 2623 2540 2690 quippe
2595 2630 2782 2676 natura
2839 2631 2953 2690 est,
3028 2625 3168 2679 aliud
3227 2626 3528 2697 hypostasis
3577 2629 3694 2682 sive

2142 2725 2394 2781 persona.
2439 2710 2637 2766 Natura
2663 2709 2913 2766 videlicet
2939 2714 3295 2768 communiter
3345 2725 3506 2782 atque
3531 2729 3694 2782 gene-

2139 2802 2251 2856 rice
2277 2801 2346 2855 de
2385 2799 2571 2870 quavis
2597 2814 2823 2868 persona
2853 2801 3194 2869 prmdicatur,
3241 2817 3472 2872 persona
3499 2813 3694 2866 autem,

2146 2891 2258 2945 sive
2287 2890 2590 2961 hypostasis
2613 2891 2866 2958 exprimit
2897 2893 3281 2960 proprietatem
3305 2910 3321 2960 ;
3352 2895 3696 2963 quamobrem

2121 2967 2248 3036 ‘una
2292 2995 2522 3050 persona
2569 2979 2786 3034 minime
2838 2983 2890 3034 in
2935 2981 3103 3036 altera
3131 2982 3520 3038 consideratur.
3553 2983 3696 3050 Quo-

480 3063 638 3132 ἁγίοις
684 3063 914 3135 κυρίλλου
951 3063 1100 3133 λέγει,
1129 3065 1196 3122 ὡς
1225 3061 1396 3121 πάσης
1419 3062 1657 3121 ἀσεϐείας
1696 3063 2038 3134 πεπλήρωται,

2145 3071 2285 3124 niam
2311 3077 2486 3124 autem
2509 3069 2559 3122 in
2586 3069 2823 3138 improba
2847 3085 2908 3124 ea
2925 3071 3144 3140 epistola
3158 3073 3223 3126 de
3237 3073 3516 3128 duodecim
3533 3072 3697 3130 sancti

480 3150 670 3214 ἔξεστιν
695 3152 809 3221 ὑμίν
836 3148 892 3205 ἔκ
921 3158 1019 3205 τῶν
1035 3153 1201 3222 ἐφεξῆς
1227 3159 1318 3209 τῆς
1347 3153 1503 3209 αὐτῆς
1527 3151 1750 3211 ἀσεϐοῦς
1775 3151 2042 3212 ἐπιστολῆς

481 3248 630 3296 τοῦτο
659 3243 848 3315 εὑρεῖν,
881 3243 930 3292 ἐν
971 3238 1042 3300 οἷς
1067 3249 1286 3314 φανερῶς
1326 3238 1432 3296 εἷπε
1487 3245 1550 3296 τὰ
1588 3245 1716 3296 αὖτὰ
1742 3241 1932 3298 δώδεκα
1957 3264 2040 3298 κε·-

482 3333 664 3404 ιιάλαια
691 3334 885 3385 ίναντία
905 3327 1029 3383 εἶναι
1051 3338 1114 3404 τῇ
1141 3332 1259 3404 ὀρθῇ
1279 3333 1470 3384 πίστει.
1491 3329 1692 3391 Ἐπειδή
1722 3332 1774 3387 δὲ
1802 3335 2044 3405 μέμφεται

483 3425 510 3478 v':
540 3423 664 3479 αὐτή
701 3421 891 3479 ἀσεϐής
931 3420 1166 3478 ἐπιστολὴ
1207 3421 1238 3478 ἡ
1276 3421 1508 3490 λεγομένη
1528 3419 1642 3476 ἰϐα
1669 3425 1754 3477 τόν
1800 3422 1849 3476 ἐν
1885 3421 2045 3495 ἁγίοις

483 3510 733 3586 κόριλὶον,
765 3511 832 3568 ὡς
860 3517 1028 3579 φωνῶν
1073 3507 1307 3582 διαφορὰν
1337 3511 1726 3584 ἀπαρνούμενον.
1775 3515 2044 3584 γινώσκετε

484 3601 569 3657 ὅτι
609 3602 692 3652 καί
729 3601 778 3652 ἐν
817 3600 981 3666 τούτῳ
1009 3597 1144 3652 καὶὸ
1171 3599 1374 3673 γράψας
1413 3605 1502 3659 τήν
1547 3603 1708 3660 ἀσεϐῆ
1760 3604 2042 3667 ἐπιστολήν,

484 3693 570 3744 καί
608 3689 633 3743 ό
669 3690 908 3764 ὑμέτερος
932 3686 1232 3748 διδάσκαλος
1272 3687 1533 3759 ψεύδεται.
1556 3689 1630 3744 Ἐν
1658 3697 1784 3746 πᾶσι
1809 3693 1906 3764 γὰρ
1943 3700 2045 3752 τοῖς

484 3783 628 3843 ἰδίοις
652 3782 812 3853 λόγοις
839 3779 865 3835 ό
889 3781 939 3834 ἐν
967 3779 1126 3852 ἁγίοις
1157 3782 1408 3858 κύριλλος,
1451 3786 1568 3856 περὶ
1595 3789 1683 3838 τοῦ
1713 3785 1885 3853 κυρίου
1911 3785 2046 3854 ἡμῶν

481 3872 645 3932 Ἰησοῦ
664 3878 886 3946 Χριστοῦ
913 3870 1180 3936 διδάσκων,
1211 3879 1376 3945 φωνῶν
1401 3875 1532 3946 λέγει
1557 3873 1812 3947 διαφορὰν,
1843 3878 1926 3928 καί
1952 3877 2045 3934 τάς

484 3967 572 4025 μίν
613 3963 810 4028 ὑψηλὰς
847 3965 994 4018 κατὰ·
1021 3968 1111 4022 τήν
1145 3963 1356 4022 ϐιότητα
1400 3967 1554 4018 αὐτοῦ
1572 4005 1586 4028 ,
1613 3967 1706 4026 τὰς
1730 3964 1783 4020 δί
1808 3967 2044 4024 ταπεινὰς

481 4057 606 4110 γειτά
640 4059 730 4113 τὴν
768 4054 1121 4128 ἀνθρωπὸτητα
1159 4056 1338 4116 αὐτοῦ,
1378 4057 1555 4114 πάσας
1582 4053 1636 4109 δὲ
1665 4054 1800 4126 ὅμως
1837 4055 1884 4118 ἐξ
1913 4055 2042 4118 ίνός,

480 4145 567 4197 καί
599 4147 714 4218 περὶ
747 4143 875 4206 ίνός,
905 4145 991 4197 καί
1017 4148 1106 4196 τοῦ
1151 4144 1303 4198 αὐτοῦ
1333 4149 1458 4198 Θεοῦ
1486 4143 1629 4214 λόγου
1657 4144 2044 4217 σεσαρκωμένου

481 4236 732 4310 εἰρῆσθαιο
778 4236 1078 4311 ἀπαγορεύει
1127 4231 1180 4288 δί
1225 4233 1252 4288 ό
1296 4235 1443 4294 αὐτὸς
1485 4236 1534 4288 ἓν
1581 4234 1742 4306 ἁγίοις
1781 4235 2044 4308 nepam.

479 4322 615 4395 ἄλλῳ
667 4328 748 4378 καί
803 4322 931 4394 ἄλλῳ
977 4327 1233 4396 προσώπῳ
1283 4321 1597 4393 διανέμεσθαι
1643 4325 1853 4384 ταύτας.
1906 4321 2046 4380 Ἀλλὰ

2142 3159 2321 3230 Cyrilli
2344 3158 2604 3226 capitibus
2639 3158 2850 3224 dicitur,
2889 3160 3004 3228 ipsa
3033 3175 3152 3216 esse
3181 3163 3476 3230 iniquitatis
3520 3163 3698 3232 plena,

2143 3252 2194 3306 id
2235 3263 2393 3319 quam
2439 3246 2626 3302 falsum
2675 3249 2744 3302 sit
2771 3265 2839 3304 ex
2869 3249 2980 3318 ipsa
3003 3252 3243 3320 epistolae
3285 3253 3428 3307 serie
3454 3254 3700 3323 pervesti-

2142 3354 2268 3408 gare
2297 3339 2473 3393 licebit
2503 3339 2696 3406 illaque
2727 3341 3056 3408 perquirere,
3105 3344 3159 3397 in
3201 3344 3395 3412 quibus
3419 3345 3698 3399 duodecim

2142 3445 2205 3484 ea
2235 3430 2406 3498 Capita
2436 3427 2666 3482 afﬁrmat
2689 3445 2810 3483 cum
2841 3439 2984 3484 recta
3017 3431 3119 3486 ﬁde
3144 3447 3400 3502 pugnare.
3445 3433 3579 3488 Cum
3601 3449 3697 3488 au-

2143 3525 2252 3570 tem
2276 3516 2436 3584 impia
2465 3531 2528 3570 ea
2553 3516 2779 3584 epistola
2805 3533 2922 3586 qua:
2946 3519 3049 3574 Iba:
3073 3521 3286 3588 dicitur,
3316 3524 3498 3591 negati
3522 3525 3700 3594 appel-

2145 3603 2403 3658 lationum
2431 3604 2751 3658 discriminis
2771 3615 3008 3660 sanctum
3029 3606 3285 3680 Cyrillum
3305 3621 3541 3678 accuset,
3564 3613 3698 3668 scia-

2146 3695 2234 3761 tis,
2279 3693 2420 3750 circa
2471 3695 2574 3750 boe
2621 3696 2794 3764 ipsum
2839 3711 3053 3764 quoque
3099 3713 3205 3752 non
3253 3698 3418 3753 modo
3464 3701 3702 3768 epistolae

2144 3783 2284 3839 illius
2309 3784 2644 3854 scriptorem,
2673 3801 2854 3839 verum
2886 3789 3192 3854 magistrum
3221 3804 3437 3857 quoque
3467 3798 3702 3846 vestrum

2143 3888 2262 3927 esse
2314 3876 2616 3929 mentitum.
2669 3873 2952 3931 Enimvero
2996 3893 3315 3948 quocunque
3358 3881 3413 3935 in
3457 3897 3704 3936 sermone

2142 3977 2241 4017 suo
2267 3971 2482 4018 sanctus
2505 3963 2731 4035 Cyrillus
2759 3966 2825 4019 de
2850 3963 2978 4020 Jesu
3018 3965 3230 4022 Christo
3261 3968 3492 4025 Domino
3521 3981 3704 4025 nostro

2142 4065 2446 4106 sermonem
2470 4053 2716 4116 instituit,
2747 4055 3160 4123 appellationum
3182 4058 3294 4112 sive
3315 4058 3704 4132 denominatio-

2145 4155 2268 4195 num
2295 4142 2578 4196 discrimen
2601 4144 2702 4198 hoc
2729 4143 2904 4210 docet,
2930 4153 2986 4199 et
3005 4147 3256 4202 sublimes
3278 4147 3495 4222 quidem
3523 4149 3701 4208 dicen-

2144 4231 2197 4286 di
2233 4234 2468 4288 rationes
2498 4233 2596 4302 ipsi
2631 4233 2926 4290 secundum
2953 4235 3303 4302 divinitatem,
3351 4239 3582 4295 humiles
3621 4255 3702 4298 au-

2145 4330 2251 4374 tem
2303 4329 2358 4374 et
2385 4320 2644 4376 demissas
2671 4325 2958 4378 secundum
2989 4326 3374 4380 humanitatem
3401 4329 3694 4390 convenire,

478 4415 822 4484 ἀνκμφιεόλως
841 4415 986 4484 ὑμεῖς
1009 4411 1100 4468 δύο
1128 4416 1424 4487 προσώποις
1446 4413 1689 4483 διανέμειν
1713 4416 1930 4474 θέλοντες
1953 4417 2038 4474 τὰς

2147 4426 2332 4466 omnes
2359 4419 2536 4466 tamen
2586 4427 2650 4466 ex
2684 4429 2789 4466 uno
2817 4423 2978 4482 atque
3019 4416 3084 4470 de
3115 4431 3222 4470 uno
3272 4417 3550 4473 incarnato
3593 4419 3698 4471 Deo

477 4502 644 4573 φωνὰς
663 4546 677 4569 ,
710 4499 793 4556 διὰ
827 4510 908 4556 το·ῗ
921 4521 980 4554 το
1019 4502 1184 4574 λέγετε
1222 4503 1306 4556 τὸν
1345 4504 1395 4555 ἐν
1433 4501 1592 4572 ἁγίοις
1627 4502 1850 4578 κύριλλον
1879 4510 2046 4576 φωνῶν

478 4590 717 4664 διαφορὰν
764 4591 1172 4664 ἀπαρνήσασθαι.
1210 4587 1413 4648 Ἐπειδὴ
1458 4588 1509 4644 δὲ
1565 4589 1857 4662 βουλόμενος
1911 4592 2048 4660 ὑμᾶς

479 4684 746 4741 ἀπατῆσαι
791 4683 877 4733 καί
903 4681 952 4732 ἐν
977 4683 1142 4750 τούτῳ
1173 4681 1199 4735 ό
1243 4680 1539 4751 διδέσκαλος
1572 4683 1712 4752 ὑμῶν
1749 4679 1916 4746 εἶπεν,
1961 4689 2048 4743 τὴν

476 4773 632 4833 κῦτιέν
667 4769 826 4828 ἀσεεῆ
873 4769 1129 4829 επιστολὴν
1163 4776 1252 4828 τήν
1285 4771 1552 4853 λςγομίνην
1591 4771 1704 4827 Ἰϐα
1729 4783 1820 4832 τῆς
1855 4775 2046 4830 ’Δπολι-

476 4861 652 4937 νᾳρίον
672 4859 908 4919 ἀσεϐείας
927 4863 1277 4934 καταγράφειν,
1300 4863 1382 4915 καί
1395 4861 1476 4916 διὰ
1495 4869 1646 4917 τοῦτο
1669 4864 1866 4936 ὀφείλειν
1887 4865 2044 4923 αὐτὴν

479 4948 733 5021 ἐρθὸδοξον
756 4951 1062 5021 νομίζεσθαι·
1098 4951 1277 5007 εἰδέναι
1299 4953 1433 5024 ὑμᾶς
1460 4959 1568 5030 χρὴ
1600 4951 1678 5010 ὅτι
1703 4959 1788 5010 καί
1809 4957 1856 5010 ἓν
1876 4959 2041 5029 τούτῳ

477 5039 747 5112 ἐψεύσατο
771 5038 886 5096 οὔτε
907 5043 1005 5116 γὰρ
1027 5045 1150 5096 κατά
1173 5044 1534 5118 Ἀπο”.ιναρίσυ,
1557 5045 1784 5121 καθάπερ
1815 5048 2043 5121 ἀνωτέρω

474 5134 767 5204 εἰρήκαμεν.
797 5133 1098 5204 γίγροιπτνιο
1126 5131 1263 5202 ὅμως
1281 5132 1337 5188 δὲ
1361 5137 1406 5188 εί
1425 5138 1506 5188 καὶ
1529 5134 1636 5189 καθ
1661 5137 1795 5203 ὑμᾶς
1814 5143 1960 5191 τοῦτο
1984 5134 2044 5197 ἦν

471 5221 670 5287 ἀληθὲς,
693 5223 752 5275 οὺ
774 5220 856 5276 διὰ
874 5228 1026 5278 τοῦτο
1046 5223 1369 5298 ἠλευθεροῦτο
1389 5233 1479 5283 τῆς
1500 5228 1838 5298 κατακρίσεως
1859 5229 1889 5286 ἡ
1911 5229 2045 5286 αὺτή

470 5314 733 5372 ἐπιστολή.
774 5309 869 5366 κᾶν
903 5310 1000 5386 γὰρ
1037 5311 1184 5373 εἴτις
1223 5315 1472 5388 αίρετεκός
1499 5309 1629 5370 κατὰ
1669 5317 1948 5392 α’ρετικοῦ,
1987 5315 2046 5369 οὺ

471 5398 556 5453 διὰ
577 5408 728 5456 τοῦτο
748 5403 897 5462 αὐτὸς
913 5401 1170 5477 ὀρθόδοξος
1191 5401 1456 5458 δείκνυται.
1481 5407 1565 5458 Καί
1587 5403 1782 5478 Ἀρειος
1801 5407 1898 5480 γὰρ
1919 5409 2047 5461 κατά

475 5490 733 5544 Σαξελλίου
763 5486 901 5548 εἶπεν
919 5534 933 5555 ,
964 5495 1049 5547 καί
1061 5489 1410 5566 Ἀπολινὰριος
1437 5491 1564 5549 κατά
1591 5495 1776 5571 ’Δρείου
1795 5538 1808 5560 ,
1845 5499 1930 5549 καί
1957 5499 2047 5550 Εὐ-

474 5577 646 5642 τλχῆς
691 5575 825 5632 κατά
867 5584 1160 5656 Νεστορίου.
1202 5585 1293 5635 Καί
1330 5578 1420 5636 κᾶν
1461 5586 1528 5638 τά
1567 5583 1793 5650 μάλιστα
1828 5583 2046 5661 διαφόρῳ

479 5660 636 5730 πλάνῃ
659 5663 844 5724 πάντες
877 5665 1014 5721 οὗτοι
1055 5673 1380 5738 κατείλοντο,
1427 5669 1561 5742 ὅμως
1603 5671 1764 5732 οὐδεὶς
1795 5676 1956 5728 αὐτῶν
1994 5675 2045 5727 ἐκ

2151 4497 2331 4553 Verbo
2359 4499 2655 4568 pmdicari.
2693 4500 2855 4556 Vetat
2873 4513 3052 4558 autem
3079 4504 3308 4574 Cyrillus
3336 4522 3407 4561 ne
3449 4508 3705 4574 ejusmodi

2147 4589 2608 4650 denominationes
2635 4592 2724 4646 alii
2775 4601 2831 4648 et
2859 4594 2948 4648 alii
2978 4609 3221 4664 personae
3243 4597 3448 4652 divisim
3479 4599 3712 4657 tribuan-

2148 4687 2256 4734 tur.
2291 4680 2402 4736 νος
2429 4688 2609 4735 autem
2637 4683 2826 4751 procul
2853 4683 3016 4738 dubio
3044 4685 3243 4755 duplici
3275 4687 3550 4756 sejunctim
3581 4701 3714 4757 per-

2149 4803 2296 4842 sona:
2356 4789 2619 4858 ejusmodi
2675 4791 3062 4862 appellationes
3132 4796 3368 4851 tribuere
3427 4797 3670 4852 volentes
3691 4837 3709 4861 ,

2149 4879 2402 4950 Cyrillum
2449 4881 2572 4937 ideo
2619 4883 3034 4952 appellationum
3079 4885 3383 4942 discrimina
3427 4889 3716 4944 sustulisse

2144 4969 2561 5026 ealumniamini.
2603 4971 2738 5026 Cum
2783 4973 2927 5028 enim
2967 4975 3108 5030 circa
3148 4976 3251 5031 boe
3277 4991 3494 5046 quoque
3529 4993 3630 5034 vos
3659 4980 3714 5034 in

2144 5072 2379 5114 errorem
2400 5059 2650 5116 inducere
2673 5061 2771 5117 sibi
2795 5064 3158 5134 proposuisset
3185 5067 3238 5120 in
3258 5067 3436 5121 animo
3457 5070 3719 5138 magister

2146 5157 2344 5211 vester,
2392 5148 2574 5216 itaque
2622 5161 2956 5207 commentus
2979 5162 3121 5209 esset
3149 5169 3267 5208 eam
3295 5169 3416 5224 qua:
3441 5155 3545 5210 lbze
3575 5159 3720 5214 dici-

2151 5243 2240 5289 tur
2265 5235 2550 5304 epistolam
2571 5235 2828 5293 adversus
2858 5239 3167 5317 qujlinarii
3194 5243 3522 5313 impietatem
3549 5242 3724 5302 fuisse

2149 5327 2497 5396 perscriptarn
2519 5366 2534 5393 ,
2585 5325 2915 5399 proindeque
2981 5333 3234 5401 expedire
3287 5342 3348 5388 ut
3403 5335 3720 5392 orthodoxa

2143 5411 2496 5480 judicaretur,
2527 5415 2963 5472 animadvertatis
3005 5428 3239 5489 oportet,
3271 5437 3337 5476 eo
3361 5437 3579 5491 quoque
3608 5424 3722 5478 loci

2149 5505 2427 5555 mentitum
2456 5502 2658 5572 pariter
2685 5518 2804 5560 esse
2829 5523 2844 5556 :
2885 5522 2990 5561 non
3019 5509 3182 5572 enim,
3214 5517 3273 5563 ut
3299 5511 3544 5579 superius
3571 5512 3724 5568 indi-

2147 5589 2404 5654 cavimus,
2421 5591 2674 5646 adversus
2687 5591 3064 5664 Apollinarium
3085 5598 3282 5666 scripta
3305 5598 3722 5662 est.C:eterutn.

2147 5676 2378 5740 etiamsi,
2408 5686 2464 5734 ut
2495 5679 2648 5736 vobis
2677 5681 2872 5752 placet,
2903 5687 2952 5739 id
2977 5688 3144 5755 ipsum
3169 5703 3266 5756 pro
3293 5703 3420 5744 vero
3446 5689 3723 5745 conceda-
