3958 6288
371 182 394 205 1

269 296 407 363 1057

1003 292 1361 357 EPISTULA
1404 296 1803 360 ADVERSUS
1839 300 2320 367 TllEODORUM
2360 304 2763 370 MOPa‘UEST

3378 310 3521 376 1058

279 430 370 480 τῆς
432 421 669 481 τοιαύτης
725 419 1063 492 ἀντιρρήσεως
1118 416 1379 492 ὸρθὸδοξος
1446 417 1697 493 κρίνεται,
1755 419 1859 475 ἀλλ’

1962 425 2065 485 tur,
2098 435 2205 476 non
2249 431 2536 492 propterea
2580 429 2692 499 ipsa
2740 431 2989 488 immunis
3037 438 3302 495 censenda
3344 445 3447 498 erit
3493 461 3524 499 a

277 510 463 581 ὸροίως
490 513 675 571 πάντες
698 511 795 565 άπὸ
814 519 904 572 τῆς
929 510 1193 570 καθολικῆς
1217 510 1476 569 ἐκκλησίας
1506 508 1856 573 καταδικάζον-

278 623 380 655 ται.
420 605 506 656 Καὶ
532 602 584 654 ἐκ
615 602 802 656 τούτου
829 600 884 655 δέ
913 601 1122 675 φανερός
1149 602 1286 656 ἐστιν
1320 600 1346 654 ὸ
1373 605 1464 658 τήν
1498 601 1858 670 μνημονευθεῖο·

275 713 372 748 σοιν
398 692 562 749 ἀσεϐῆ
580 692 785 765 γράψας
816 693 1083 750 ἐπιστολήν
1108 691 1200 747 δύο
1226 692 1479 768 πρόσωπα
1508 690 1755 764 εἰσάγων,
1781 692 1856 747 ὅτι

275 779 433 848 εἶπεν,
469 800 489 834 ε
512 790 619 844 Πῶς
645 782 856 839 δυνατὸν
874 784 1113 856 ληφθῆναι
1133 785 1220 839 τὸν
1249 786 1297 838 ἐν
1329 787 1473 859 ἀρχῇ
1501 784 1643 857 λόγον
1666 786 1743 839 έπί
1770 791 1858 840 τοῦ

277 880 395 927 ναοῦ
416 882 506 928 τοῦ
528 875 583 929 έκ
604 876 810 951 Μαρίας
826 879 1173 950 γεννηθέντοςς
1200 898 1217 929 ι
1244 878 1315 932 Δι’
1341 876 1404 932 ὧν
1422 880 1654 956 ῥημάτων
1668 877 1859 933 δείκνυ-

276 988 360 1021 ται
402 976 656 1042 φανερῶς.
702 967 780 1024 ὅτι
820 971 880 1023 οὐ
904 972 992 1025 τὸν
1036 973 1157 1025 Θεὸν
1204 971 1353 1044 λόγον
1387 972 1738 1046 σαρκωθῆναε,
1777 974 1862 1024 καί

275 1059 515 1127 τεχθῆναι
538 1058 594 1112 έκ
617 1067 710 1120 τῆς
731 1058 879 1132 ἁγίας
898 1062 1146 1138 παρθένου
1171 1061 1369 1134 Μαρίας
1389 1061 1543 1133 λέγει,
1568 1056 1694 1115 άλλά
1717 1060 1859 1132 ψιλὸν

274 1146 531 1223 ἄνθρωπον
573 1153 661 1205 τὸν
707 1153 930 1225 Χριστὸν
974 1150 1027 1206 ὃν
1066 1154 1185 1208 ναὸν
1226 1154 1486 1209 ἀποκαλεῖ.
1515 1150 1629 1206 Ὀτι
1674 1152 1728 1207 δέ
1778 1157 1860 1208 καὶ

275 1239 462 1298 ταύτην
487 1244 577 1298 τήν
605 1240 839 1294 ἀσέϐειαν
866 1241 919 1294 ἐκ
936 1249 1027 1301 τῆς
1047 1240 1306 1316 Θεοδώρου
1337 1240 1660 1302 διδασκαλίας
1683 1239 1859 1296 ἔλαϐεν

276 1328 412 1387 ὸτήν
441 1332 680 1401 μυσαράν
703 1331 889 1389 έκείνην
914 1331 1119 1402 γράψας
1147 1333 1440 1392 imor-olim
1466 1330 1611 1389 δῆλον
1638 1333 1687 1395 ἐξ
1714 1329 1781 1384 ὧν
1810 1334 1858 1386 ἐν

277 1425 350 1488 τῷ
381 1421 537 1493 τρίτῳ
563 1418 694 1491 λόγῳ
723 1423 852 1475 κατά
874 1421 1225 1493 ’Δπολιναρίου
1254 1428 1346 1476 τοῦ
1376 1423 1632 1496 αἱρετικοῦ
1657 1423 1681 1476 ὸ
1707 1425 1861 1484 αὐτὸς

276 1508 466 1569 ἀσεϐὴς
493 1509 749 1583 Θείδωρος
777 1508 968 1585 ἔγραψε
1025 1511 1180 1583 λέγων
1197 1511 1397 1572 οὕτως·
1433 1529 1453 1562 ε
1480 1509 1601 1565 Ἀλλ’
1628 1508 1711 1584 ὅγε
1741 1516 1862 1572 Θεὸς

276 1602 361 1652 καὶ
382 1600 433 1652 ἐκ
459 1606 587 1655 Θεοῦ
611 1604 699 1655 καὶ
720 1600 984 1671 ὁμοούσιος
1008 1609 1081 1672 τῷ
1106 1605 1295 1679 πατρὶ,
1321 1611 1399 1675 τῷ·
1420 1604 1509 1673 μέν
1530 1602 1583 1654 έκ
1609 1617 1701 1662 τῆς
1729 1622 1864 1675 παρ-

276 1694 415 1746 θένου
444 1694 743 1766 γεννηθέντι,
776 1689 817 1747 ὧ
845 1696 1095 1766 θαυμάσιε
1112 1738 1127 1763 ,
1166 1697 1253 1748 καί
1280 1696 1382 1749 ὑπὸ
1409 1700 1504 1750 τοῦ
1532 1694 1678 1767 ἁγίου
1709 1691 1862 1748 πνεύ-

1959 513 2419 569 condemnationis
2451 516 2687 586 judicio;
2738 538 2843 578 non
2891 527 3032 581 enim
3076 529 3196 585 ideo
3242 532 3526 591 hzereticus

1958 601 2221 671 quispiam
2264 603 2323 657 lit
2369 606 2720 674 orthodoxus,
2767 622 3053 682 propterea
3101 619 3243 686 quod
3271 620 3528 678 adversus

1958 692 2122 747 alium
2151 694 2458 750 haereticum
2485 697 2857 767 disputaverit.
2899 704 3140 777 Namque
3171 710 3327 767 Arius
3362 715 3526 769 etiam

1959 781 2215 837 adversus
2257 783 2545 840 Sabellium
2592 789 2882 856 disseruit,
2935 803 2989 849 et
3038 798 3294 856 adversus
3339 802 3526 860 Arium

1959 872 2337 942 Apollinarius,
2361 886 2416 932 et
2436 877 2703 951 Eutychcs
2726 895 2910 940 contra
2930 886 3253 957 Nestorium,
3283 906 3334 948 e1
3355 911 3528 966 quan-

1958 979 2116 1034 quam
2145 968 2368 1024 diversis
2396 973 2728 1038 potissimum
2758 978 3028 1033 erroribus
3053 981 3386 1039 adhaererent
3409 990 3530 1042 uni-

1961 1057 2120 1125 versi,
2169 1074 2329 1113 nemo
2375 1070 2557 1117 tamen
2596 1079 2665 1119 ex
2707 1067 2869 1136 ipsis,
2918 1078 3220 1125 mutuarum
3264 1074 3530 1142 ejusmodi

1958 1151 2418 1205 concertationum
2448 1168 2628 1220 causa,
2678 1158 3009 1214 orthodoxus
3052 1170 3136 1215 est
3176 1164 3404 1229 habitus,
3437 1171 3529 1222 sed

1959 1254 2146 1294 omnes
2171 1241 2288 1309 pari
2316 1244 2535 1299 omnino
2567 1247 2775 1302 ratione
2796 1250 2864 1303 ab
2892 1249 3134 1306 Ecclesia
3163 1255 3529 1311 condemnan-

1958 1336 2065 1381 tur.
2099 1329 2176 1382 Ex
2219 1330 2323 1385 hoc
2362 1347 2524 1401 porro
2554 1338 2892 1405 perspicuum
2919 1347 3022 1404 est,
3073 1346 3385 1399 memorata:
3417 1348 3532 1416 epi-

1958 1418 2108 1472 stola:
2134 1421 2448 1490 scriptorem
2478 1423 2741 1494 duplicem
2770 1442 3056 1497 personam
3084 1430 3358 1501 inducere,
3388 1436 3530 1503 quod

1959 1509 2152 1564 dixerit
2179 1528 2193 1563 :
2233 1530 2250 1560 ι
2278 1510 2561 1577 Quomodo
2589 1515 2707 1571 fieri
2735 1525 2915 1587 potest
2941 1525 3001 1573 ut
3016 1520 3252 1576 Verbum
3284 1524 3351 1578 ab
3378 1525 3532 1580 initio

1958 1599 2027 1652 de
2053 1602 2253 1671 templo
2280 1606 2576 1673 acceperit,
2609 1608 2755 1675 quod
2785 1623 2855 1664 ex
2883 1609 3051 1666 Maria
3077 1613 3316 1681 genitum
3351 1617 3479 1670 est?
3506 1636 3526 1667 ε

1962 1687 2165 1755 Quibus
2191 1693 2370 1747 verbis
2412 1697 2668 1764 exprimit
2707 1699 2986 1756 evidenter
3025 1717 3084 1757 se
3113 1704 3334 1759 minime
3362 1705 3532 1761 conti-

276 1802 439 1853 ματος
468 1786 595 1839 κατά
627 1785 722 1843 τὰς
751 1783 887 1844 θείας
915 1783 1276 1839 διαπλασθέντι
1313 1786 1535 1858 γραφάς,
1573 1787 1652 1837 καὶ
1682 1788 1772 1841 τήν
1800 1803 1856 1854 γε

1964 1781 2062 1833 teri
2090 1781 2322 1836 Verbum
2353 1783 2519 1839 Deum
2565 1787 2900 1843 incarnatum
2945 1806 3083 1858 esse,
3132 1808 3198 1848 ac
3241 1794 3310 1848 de
3349 1806 3532 1851 sancta

275 1875 535 1930 σύστασιν
560 1874 641 1929 έπί
657 1883 749 1935 τῆς
770 1876 1058 1947 γυναικείας
1081 1874 1327 1946 δεξαμένῳ
1347 1875 1592 1948 γαστρὸς,
1620 1875 1729 1939 ἐνῆν
1746 1916 1759 1935 ,
1792 1876 1858 1933 ὡς

276 1964 434 2031 εἰκὸς,
466 1961 636 2021 έπειδή
674 1962 784 2034 ἅμα
825 1971 900 2036 τῷ
925 1962 1326 2027 διαπλασθῆναι,
1368 1967 1451 2018 καὶ
1486 1964 1544 2017 τὸ
1583 1959 1708 2019 εἶναι
1732 1970 1858 2017 Θεοῦ

277 2054 395 2107 ναὸν
422 2054 635 2127 εἰλήφει·
677 2056 734 2108 οὐ
761 2060 858 2125 μὴν
888 2056 972 2108 τὸν
1010 2056 1130 2109 Θεὸν
1170 2056 1468 2127 γεγενῆσθαι
1505 2056 1713 2126 ἡγητέον
1738 2057 1860 2126 ἡμῖν

276 2146 336 2197 έκ
363 2151 454 2204 τῆς
473 2145 742 2218 παρθένον.
769 2146 811 2198 εἰ
830 2150 900 2215 μή
914 2143 1017 2219 ἄρα
1038 2148 1224 2200 ταυτὸν
1243 2147 1450 2218 ἡγητέον
1465 2148 1587 2207 ἡμῖν
1601 2147 1661 2200 τὸ
1680 2166 1735 2201 τε
1749 2167 1859 2218 γεν-

276 2236 419 2292 νηθέν
448 2240 531 2289 καὶ
557 2238 614 2291 τὸ
642 2238 690 2289 ἓν
728 2244 791 2309 τῷ
823 2238 1098 2308 γεννηθέντι
1123 2241 1207 2293 τὸν
1226 2241 1364 2305 ναὸν,
1388 2242 1468 2293 καί
1489 2240 1574 2294 τὸν
1595 2239 1642 2291 ἐν
1661 2246 1734 2313 τῷ
1756 2247 1861 2311 ναῷ

274 2326 400 2380 Θεὸν
428 2326 592 2397 λόγον·
625 2328 683 2381 οὐ
710 2333 806 2395 μὴν
826 2326 937 2382 οὐδέ
963 2331 1093 2383 κατά
1116 2334 1205 2388 τήν
1235 2335 1328 2388 σὴν
1359 2334 1519 2402 φωνὴν
1552 2332 1860 2402 ἆποφαντέον

273 2418 441 2474 πάντη
465 2417 549 2472 τὸν
577 2419 628 2470 ἐκ
655 2425 745 2477 τῆς
767 2419 1017 2490 παρθένου
1045 2420 1332 2490 γεννηθέντα
1358 2424 1481 2477 Θεὸν
1511 2416 1631 2473 εἶναι
1657 2420 1711 2472 ἑκ
1730 2425 1858 2474 Θεοῦ

276 2506 547 2575 ὸμοούσιον
558 2514 640 2578 τῷ
669 2510 847 2579 πατρί.
877 2504 1044 2583 Εἰγοὶρ
1069 2513 1158 2562 οὐκ
1184 2507 1445 2582 ἄνθρωπὸς
1468 2512 1629 2574 ἔστιν,
1658 2513 1724 2571 ὡς
1745 2516 1858 2582 φής,

277 2599 566 2671 ἀναληφθεὶς
585 2598 612 2654 ὸ
630 2601 875 2671 γεννηθείς
888 2602 939 2654 ἐκ
953 2609 1046 2660 τῆς
1058 2603 1307 2676 παρθένου
1317 2641 1331 2660 ,
1345 2600 1537 2670 Θεὸς,δέ
1560 2623 1595 2657 σ
1608 2603 1858 2675 ιρκωθείς,

276 2698 391 2749 πῶς
427 2689 453 2744 ὸ
490 2692 709 2760 γενηθεὶς
736 2692 855 2751 Θεὸς
882 2693 935 2744 ἐκ
960 2699 1088 2746 Θεοῦ
1107 2734 1120 2753 ,
1163 2697 1245 2746 καί
1287 2690 1554 2763 ὸμοοῦσιος
1576 2694 1766 2765 λέγοιτο
1802 2689 1862 2746 ἂν

277 2789 350 2848 τῷ
388 2784 567 2855 πατρί,
598 2790 689 2841 τῆς
720 2783 907 2858 σαρκὸς
945 2784 1001 2834 οὐ
1030 2781 1308 2852 δυναμένης
1335 2786 1523 2842 ταύτην
1560 2785 1864 2858 προσίεσθαι

275 2875 369 2928 τήν
392 2875 577 2943 peiuri»;
604 2873 782 2926 Ἐστιν
818 2874 907 2942 μὲν
949 2875 1048 2947 γάρ
1089 2874 1294 2932 άνὸητον
1317 2875 1376 2928 τὸ
1415 2876 1499 2929 τὸν
1536 2875 1660 2929 Θεὸν
1697 2876 1752 2928 έκ
1774 2883 1864 2933 τῆς

277 2962 530 3034 παρθένου
547 2965 864 3034 γεγεννῆσθαι
883 2964 1055 3034 λέγειν.
1074 2972 1232 3019 Τοῦτο
1245 2972 1343 3037 γὰρ
1359 2964 1499 3020 οὐδὲν
1514 2966 1681 3036 ἕτερὸν
1703 2965 1723 3017 ἐ
1727 2986 1858 3029 στιν,

278 3050 313 3111 ἦ
342 3051 396 3105 In
421 3042 714 3126 σπέρματος
753 3053 903 3105 αὐτὸν
930 3052 1088 3124 λέγειν
1129 3051 1286 3108 Δαϐίδ
1324 3054 1376 3107 έκ
1417 3061 1509 3113 τῆς
1553 3056 1731 3113 οὐσίας
1773 3061 1864 3112 τῆς

1961 1869 2176 1938 Virgine
2205 1883 2409 1939 natum,
2438 1875 2532 1929 sed
2562 1891 2752 1945 purum
2778 1878 3050 1935 hominem
3074 1880 3345 1937 Christum
3373 1899 3532 1953 quem

1960 1963 2142 2031 templi
2166 1966 2429 2021 vocabulo
2450 1952 2713 2036 designat.
2743 1967 3025 2025 Constabit
3052 1973 3254 2041 pariter
3282 1975 3530 2038 dilucide,

1959 2051 2097 2107 hanc
2123 2068 2337 2122 quoque
2364 2055 2694 2125 impietatem
2743 2059 2812 2113 ab
2858 2061 3104 2131 improbo
3134 2065 3374 2132 cpistola:
3403 2067 3533 2120 scri-

1960 2149 2114 2210 ptore
2143 2144 2388 2197 haustam
2430 2161 2548 2200 esse
2592 2162 2661 2201 ex
2708 2148 2977 2205 Theodori
3018 2152 3284 2219 doctrina,
3334 2160 3378 2210 si
3409 2173 3532 2212 cum

1960 2232 2025 2287 iis
2050 2248 2169 2302 quae
2198 2234 2509 2292 Theodorus
2539 2240 2652 2308 ipse
2681 2242 2735 2294 in
2766 2243 2925 2297 tertio
2947 2243 3202 2301 adversus
3222 2246 3532 2304 ltmreticum

1961 2322 2345 2391 Apollinarium
2394 2327 2530 2383 libro
2575 2332 2782 2399 scribit,
2827 2333 3154 2390 conferatur.
3202 2358 3220 2389 ε
3251 2338 3315 2392 At
3363 2343 3529 2403 enim,

1961 2412 2150 2480 inquit,
2183 2414 2347 2483 Deus,
2370 2425 2424 2471 et
2452 2433 2519 2471 ex
2548 2419 2679 2484 Deo,
2709 2424 3185 2481 consubstantialis
3214 2426 3378 2495 Patri,
3409 2440 3463 2484 et
3490 2432 3533 2487 is

1962 2505 2101 2559 idem
2125 2505 2314 2577 [ϐε-ωε.
2340 2508 2412 2561 illi
2418 2507 2440 2579 j
2453 2511 2541 2579 qui
2564 2526 2631 2565 ex
2644 2511 2864 2580 Virgine
2882 2524 3038 2570 natus
3060 2525 3197 2583 erat,
3223 2534 3256 2573 ο
3271 2521 3531 2586 mirande,

1962 2605 2016 2650 et
2037 2598 2127 2666 qui
2145 2613 2241 2667 per
2260 2598 2519 2669 Spiritum
2542 2611 2809 2671 sanctum,
2833 2606 3124 2660 secundum
3147 2607 3357 2664 divinas
3384 2610 3532 2665 Scri-

1965 2695 2148 2757 pturas
2176 2689 2471 2758 plasmatus
2500 2700 2580 2745 est
2623 2701 2677 2745 et.
2723 2693 2776 2747 in
2825 2696 3072 2750 muliebri
3109 2707 3296 2753 ventre
3326 2702 3533 2772 accepit

1964 2780 2359 2846 conﬁctionem,
2386 2782 2561 2837 inerat
2584 2781 2826 2847 forsitan,
2850 2785 2972 2853 quia
2994 2802 3142 2851 mox,
3169 2796 3226 2841 ut
3242 2790 3533 2858 plasmatus

1965 2879 2067 2935 est,
2099 2879 2153 2924 et
2197 2878 2256 2924 ut
2286 2872 2544 2940 templum
2590 2871 2682 2927 Dei
2731 2884 2875 2928 esset
2914 2879 3164 2946 accepit:
3197 2895 3303 2934 non
3351 2889 3530 2937 tamen

1966 2959 2375 3014 existimandum
2404 2971 2486 3015 est
2515 2961 2681 3015 Deum
2712 2978 2778 3017 ex
2804 2964 3021 3033 Virgine
3050 2977 3231 3021 natum
3262 2985 3400 3036 esse,
3433 2972 3532 3028 nisi

1966 3049 2105 3105 forte
2131 3051 2271 3105 idem
2300 3053 2713 3109 existimandum
2744 3056 2897 3110 nobis
2924 3065 3024 3121 est,
3078 3069 3132 3113 et
3159 3061 3302 3128 quod
3350 3072 3532 3117 natum

279 3143 533 3217 παρθένου
593 3144 880 3213 τετεγμένον
901 3181 917 3207 ,
975 3146 1057 3196 καί
1106 3145 1156 3196 ὲν
1210 3146 1334 3218 αὖτῇ
1381 3143 1820 3215 διαπεπλασμένον
1842 3160 1856 3176 ’

1963 3146 2064 3203 est,
2092 3145 2148 3193 ct
2168 3138 2308 3207 quod
2332 3145 2415 3191 est
2438 3139 2493 3193 in
2514 3150 2641 3199 nato
2660 3146 3009 3214 templum,et
3028 3163 3098 3218 qu
3139 3148 3193 3202 in
3224 3149 3422 3218 templo
3451 3160 3534 3205 est

277 3234 448 3301 έπείγε
477 3233 612 3286 τὸέκ
649 3235 940 3310 σπέρματος
990 3232 1150 3287 Δαϐίδ
1199 3238 1284 3288 καί
1326 3236 1377 3288 έκ
1416 3245 1505 3296 τῆς
1550 3238 1726 3293 οὐσίας
1770 3245 1861 3296 τῆς·

277 3322 525 3397 παρθένου
548 3327 742 3377 συστὰν
766 3324 813 3376 έν
920 3327 1132 3399 μητρῲᾳ
1155 3329 1364 3398 γαστρὶ,
1397 3331 1483 3380 καὶ
1509 3334 1570 3398 τῇ
1596 3333 1685 3380 τοῦ
1712 3325 1860 3397 ἁγίου

277 3415 568 3481 πνεύματος
591 3412 897 3468 διαπλασθέν
923 3413 1130 3482 δυνάμει
1154 3417 1478 3485 γεγεννῆσθαί
1510 3437 1667 3486 φαμεν
1697 3418 1746 3469 ἐκ
1771 3424 1863 3475 τῆς

276 3502 552 3578 παρθένου.
585 3521 604 3553 ε

1965 3225 2110 3281 Deus
2137 3226 2367 3280 Verbum
2394 3245 2406 3279 :
2437 3243 2543 3282 non
2576 3238 2770 3295 tamen,
2818 3247 2917 3287 nec
2941 3235 3230 3289 secundum
3261 3246 3407 3292 tuam
3440 3257 3526 3294 vo-

1965 3336 2083 3376 cem
2110 3321 2563 3389 pronuntiandum
2611 3329 2695 3375 est
2737 3323 2979 3389 omnino,
3012 3340 3078 3379 ex
3127 3318 3341 3394 Virgine
3368 3329 3535 3385 Deum

1970 3420 2151 3465 natum
2173 3426 2309 3475 esse,
2341 3418 2397 3465 et
2422 3425 2488 3464 ex
2516 3410 2627 3465 Deo
2654 3411 3163 3486 consubstantialem
3190 3415 3353 3470 Patri.
3403 3420 3534 3472 Nam

1966 3503 2012 3556 si
2053 3518 2161 3557 non
2204 3503 2368 3556 homo
2399 3509 2502 3567 est,
2533 3503 2670 3557 sicut
2698 3503 2851 3568 dicis,
2881 3514 3204 3574 assumptus,
3248 3509 3338 3578 qui
3378 3518 3535 3563 natus

1967 3605 2049 3652 est
2084 3608 2153 3648 ex
2176 3593 2414 3662 Virgine,
2457 3592 2596 3646 Deus
2620 3608 2751 3647 vero
2784 3594 3109 3660 incarnatus,
3141 3598 3414 3665 quomodo
3442 3598 3535 3666 qui

276 3691 440 3739 natus
484 3693 566 3738 est
623 3685 764 3742 Deus
814 3702 883 3742 ex
940 3686 1094 3757 Deo,
1148 3698 1205 3745 et
1252 3691 1719 3745 consubstantialis
1747 3691 1943 3746 dicitur
1978 3688 2144 3752 Patri,
2183 3699 2345 3739 carne
2383 3698 2489 3737 non
2534 3692 2755 3751 pOIente
2795 3684 2932 3739 hanc
2981 3700 3168 3739 vocem
3215 3687 3538 3756 suscipere?

274 3776 416 3831 Nam
463 3787 545 3831 est
589 3766 802 3846 quidem
850 3779 1118 3834 dementia
1147 3781 1327 3836 dicere
1374 3782 1542 3837 Deum
1587 3798 1654 3836 ex
1706 3782 1924 3851 Virgine
1962 3788 2144 3834 natum
2174 3792 2314 3832 esse.
2363 3774 2477 3828 Hoc
2504 3776 2645 3829 enim
2672 3774 2804 3828 nihil
2829 3775 2972 3828 aliud
3001 3784 3261 3844 estquam
3290 3794 3352 3832 ex
3377 3781 3536 3834 semi-

275 3883 350 3922 ne
392 3882 515 3922 eum
563 3867 741 3922 dicere
785 3869 969 3934 David,
1022 3878 1078 3924 et
1116 3870 1184 3925 de
1233 3872 1530 3926 substantia
1569 3872 1804 3940 Virginis
1842 3873 2100 3941 genitum,
2149 3877 2205 3923 et
2250 3869 2304 3921 in
2348 3868 2461 3936 ipsa
2488 3867 2828 3936 plasmatum,
2878 3867 3001 3935 quia
3046 3869 3188 3934 quod
3226 3884 3292 3922 ex
3333 3873 3537 3927 semine

271 3958 467 4022 David,
513 3967 570 4012 et
618 3958 686 4013 de
717 3959 1023 4015 substantia
1073 3959 1306 4028 Virginis
1355 3969 1438 4016 est
1483 3962 1535 4015 in
1592 3970 1837 4017 materno
1863 3969 2054 4016 ventre
2080 3959 2343 4020 constitit,
2395 3965 2451 4012 et
2495 3955 2667 4011 sancti
2697 3955 2926 4026 Spiritus
2955 3957 3275 4027 plasmatum
3320 3961 3535 4027 virtute,

271 4057 464 4103 natum
495 4047 656 4102 fuisse
681 4048 909 4103 dicimus
934 4064 1002 4104 ex
1030 4049 1266 4118 Virgine.
1299 4070 1317 4102 ι

351 4139 500 4193 οῖτω
547 4141 713 4193 τοίνυν
760 4139 1174 4212 βλασφημοῦντος
1199 4140 1480 4216 Θεοδώρου,
1513 4145 1595 4196 καί
1624 4143 1861 4204 πολλάκις

270 4226 724 4296 διαέεϐαιουμένου
765 4231 835 4299 μή
875 4226 1088 4283 δυνατὸν
1118 4225 1238 4283 εἶναι
1265 4230 1353 4283 τὸν
1390 4230 1510 4284 Θεὸν
1537 4234 1621 4285 καί
1651 4232 1706 4285 in
1733 4237 1858 4285 Θεοῦ

268 4323 366 4373 καὶ
415 4318 681 4389 ὸμοούσεον
726 4326 800 4390 τῷ
842 4321 1034 4393 πατρὶ,
1068 4321 1391 4394 σαρκωθῆναι
1428 4323 1514 4375 καί
1545 4323 1783 4392 τεχθῆναι
1807 4323 1858 4375 ἐκ

268 4421 370 4471 τῆς
411 4410 694 4486 παρθένου,
735 4407 909 4468 ἐπειδὴ
959 4408 1075 4464 οὐδὲ
1102 4412 1133 4468 ἡ
1159 4412 1290 4484 σάρξ
1334 4409 1604 4481 ὸμοούσιὸς
1634 4414 1747 4466 ἐστι
1786 4419 1858 4482 τῷ

266 4506 457 4581 πατρί,
489 4511 599 4563 πῶς
647 4505 733 4557 οὐκ
778 4502 1072 4579 έρυθριῶσιν
1119 4504 1165 4557 οἱ
1210 4505 1298 4558 τὸν
1343 4511 1568 4558 τοιοῦτον
1613 4504 1858 4578 αἱρετικὸν

266 4597 624 4658 ἐκδικοῦντεςς
658 4593 716 4655 ὅς
736 4616 812 4654 τις
839 4600 993 4649 τοῦτο
1019 4597 1106 4664 μὲν
1126 4603 1249 4653 ταῖς·
1267 4595 1423 4654 θείαις
1446 4603 1682 4670 γραφαῖς,
1706 4601 1857 4650 τοῦτο

265 4688 329 4745 δέ
346 4690 448 4741 λκαί
487 4696 595 4748 τοῖς
626 4685 787 4758 ἁγίοις
831 4688 1087 4758 πατράσιν
1135 4687 1327 4740 ἐναντία
1365 4693 1611 4756 μυσαρῶς
1646 4687 1855 4750 ἐξέθετο,

266 4779 430 4835 ὸπὶτε
473 4775 620 4836 δῆλον
654 4782 790 4831 πᾶσι
837 4778 1138 4833 καθέστηκεν
1175 4778 1244 4836 ὡς
1289 4777 1538 4851 ἀπαρχῆς
1568 4779 1619 4841 ἐξ
1647 4775 1859 4852 οὖπερὸ

267 4872 407 4929 Θεὸς
451 4875 540 4928 τήν
585 4868 842 4926 ἐκκλησίαν
891 4869 1215 4937 ἐθεμελίωσεν
1257 4870 1307 4922 ἐν
1347 4876 1410 4941 τῇ
1452 4870 1571 4943 ὀρθῇ
1600 4868 1858 4943 ὁμολογίᾳο

269 4964 468 5019 πάντες
497 4960 542 5014 οἷ
582 4966 672 5015 τοῦ
706 4967 835 5014 Θεοῦ
873 4961 1026 5036 ἱερεῖς
1060 4958 1302 5032 ἐκήρυξαν
1342 4960 1426 5014 τὸν
1460 4961 1584 5013 Θείν
1609 4958 1750 5027 λόγον
1776 4958 1859 5013 τὸν

270 5054 329 5107 έκ
361 5058 492 5107 Θεοῦ
521 5051 839 5128 σαρκωθῆνειι
867 5051 919 5104 ἐκ
943 5058 1036 5110 τῆς
1076 5050 1224 5122 ἁγίας
1254 5053 1337 5104 καὶ
1378 5049 1573 5113 ἐνδόξου
1610 5050 1858 5123 παρθένου

267 5144 473 5220 Μαρίας
508 5143 659 5218 σαρκὶ
695 5140 1006 5213 ἔψυχωμένῃ
1051 5140 1203 5215 ψυχῇ
1242 5140 1412 5214 λογικῇ
1455 5143 1536 5194 καί
1574 5146 1747 5215 νοερᾷ,
1778 5144 1861 5195 καί

265 5235 662 5308 ένανθρωπῆσαε
680 5234 762 5286 καὶ
789 5231 836 5295 ἐξ
858 5232 1016 5291 αὐτῆς
1043 5235 1303 5300 ’τεχθῆναι⁸
1331 5236 1409 5285 καὶ
1430 5229 1856 5287 οῧτω’δεδὸοσκον·

264 5330 381 5390 ξτες,
415 5323 533 5379 οὐδὲ
562 5328 752 5399 τροπήν
778 5329 869 5383 τῆς
891 5323 1124 5382 θεότητος
1147 5325 1220 5382 εἷς
1249 5323 1413 5398 σάρκα
1440 5323 1726 5395 εἰσήγαγον,
1745 5322 1856 5377 οὐδέ

262 5418 357 5475 διὰ
390 5420 482 5474 τήν
509 5418 678 5490 σάρκα
707 5413 971 5484 ὁμοούσιον
1008 5415 1162 5467 αὐτὸν
1186 5408 1311 5468 εἶναι
1339 5421 1411 5485 τῷ
1438 5418 1595 5487 πατρὶ
1631 5417 1856 5489 ἀπηρνή-

262 5527 456 5566 ama,
499 5506 665 5566 καθώς
702 5502 960 5581 Θεόδωρος
1004 5504 1173 5579 ληρεῖ·
1205 5503 1308 5556 ἀλλ’
1334 5504 1422 5558 ἕνα
1466 5508 1548 5558 καί
1582 5507 1667 5560 τὸν
1709 5506 1857 5559 αὐτὸν

192 5625 199 5629 ·
262 5597 445 5674 κύριον
484 5601 573 5651 καί
614 5596 733 5651 Θεὸν
770 5598 909 5666 ἡμῶν
936 5601 1131 5652 Ἰησοῦν
1180 5595 1434 5667 Χριστὸν,
1465 5596 1591 5649 κατά
1630 5597 1718 5665 μὲν
1767 5602 1855 5654 τήν

262 5687 492 5747 ϐιότητα
520 5685 787 5757 ὸμοοῦσιον
809 5680 931 5739 εἶναι
956 5693 1025 5754 τῷ
1052 5688 1229 5757 πκτρί,
1254 5684 1387 5752 κατά
1403 5681 1456 5736 δέ
1485 5690 1573 5740 τήν
1599 5686 1857 5761 ἄνθρωπὸ-

272 5797 421 5839 mra
443 5777 525 5832 τὸν
556 5778 703 5832 αὐτὸν
730 5775 996 5841 ὸμοούσιον
1025 5777 1140 5846 ἡμῖν
1170 5770 1287 5828 ε’ναι
1314 5769 1556 5835 ἐδίδαξαν.

2035 4139 2125 4195 Sic
2170 4139 2350 4207 itaque
2395 4138 2800 4209 blasphemante
2850 4138 3156 4205 Theodoro,
3206 4150 3367 4210 atque
3395 4159 3536 4214 smpe

1964 4231 2176 4300 saepius-
2203 4229 2532 4298 argumentis
2591 4228 2905 4284 decertante
2951 4229 3169 4283 minime
3220 4230 3332 4285 fieri
3380 4248 3537 4301 posse

1965 4320 2131 4374 Deum
2159 4319 2227 4375 de
2257 4320 2391 4387 Deo,
2421 4317 2674 4388 Patrique
2701 4319 3217 4374 consubstantialem
3245 4320 3535 4387 incarnari,

1958 4418 2015 4464 et
2042 4425 2109 4465 ex
2138 4409 2354 4478 Virgine
2383 4409 2550 4472 nasci,
2574 4424 2696 4463 cum
2723 4423 2850 4463 caro
2878 4407 3023 4463 Patri
3057 4411 3534 4467 consubstantialis

1961 4516 2079 4556 esse
2118 4515 2225 4556 non
2255 4501 2443 4570 possit,
2474 4499 2743 4569 quomodo
2768 4499 2971 4568 pudore
3000 4500 3237 4555 maximo
3281 4500 3400 4570 ejus
3427 4501 3536 4556 bte~

1959 4591 2111 4647 retici
2139 4593 2352 4662 patroni
2383 4607 2492 4645 non
2519 4588 2839 4655 afﬁciuntur,
2882 4590 2972 4659 qui
3018 4589 3122 4645 hoc
3150 4591 3319 4645 sacris
3344 4591 3535 4648 litteris

1959 4684 2315 4749 cpntrarium,
2363 4681 2416 4737 id
2457 4697 2580 4737 cum
2621 4689 2931 4737 sanctorum
2976 4679 3196 4736 Patrum
3247 4683 3535 4738 traditione

1958 4787 2200 4843 pugnans
2248 4773 2528 4837 invexerit,
2582 4772 2636 4826 in
2687 4771 2879 4841 quibus
2923 4770 3131 4826 scilicet
3176 4773 3533 4828 certissimum

1956 4875 2040 4919 est
2069 4865 2373 4932 unicuique,
2425 4862 2593 4916 Deum
2639 4863 2708 4916 ab
2756 4862 2907 4916 initio
2959 4858 3252 4917 Ecclesiam
3295 4876 3449 4917 suam
3480 4861 3535 4914 in

1957 4965 2107 5010 recta
2152 4952 2492 5009 confessione
2533 4950 2916 5006 constituisse?
2966 4947 3214 5004 Uuiversi
3252 4951 3395 5004 enim
3439 4949 3537 5003 Dei

1962 5044 2272 5100 sacerdotes
2315 5042 2675 5111 prmdicarunt
2721 5040 2889 5094 Deum
2936 5038 3416 5107 Verbum,vDeum
3466 5040 3536 5093 de

1960 5138 2093 5201 Deo,
2124 5151 2190 5191 ex
2216 5143 2402 5190 sancta
2427 5142 2588 5202 atque
2621 5134 2853 5203 gloriosa
2882 5132 3049 5188 Maria
3079 5133 3295 5201 Virgine
3346 5143 3534 5189 natum

1960 5236 2016 5284 et
2043 5230 2377 5283 incarnatum
2416 5240 2553 5291 esse,
2596 5239 2922 5294 carnemque
2968 5226 3144 5279 anima
3184 5226 3431 5280 rationali
3477 5235 3533 5281 et

1958 5316 2305 5375 intellectuali
2325 5313 2644 5370 viviﬁcatam
2672 5316 3039 5385 assumpsisse,
3069 5326 3124 5370 et
3149 5317 3419 5372 hominem
3450 5317 3531 5372 fa-

1958 5418 2105 5466 ctum
2133 5421 2270 5472 esse,
2307 5414 2469 5475 atque
2494 5405 2560 5460 de
2587 5406 2700 5477 ipsa
2729 5403 2947 5473 Virgine
2974 5416 3196 5461 natum:
3249 5406 3409 5476 idque
3433 5406 3533 5462 do-

1958 5511 2141 5556 centes
2176 5515 2349 5568 neque
2377 5500 2788 5554 conversionem
2811 5497 3106 5555 divinitatis
3134 5501 3187 5555 in
3220 5501 3529 5556 humanita-

1959 5601 2065 5647 tem
2087 5593 2422 5656 invexerunt,
2447 5604 2620 5657 neque
2639 5589 2811 5658 ipsum
2833 5590 3123 5645 secundum
3144 5605 3359 5645 carnem
3383 5589 3531 5648 Patri

1959 5681 2464 5736 consubstantialem
2514 5694 2633 5735 esse
2665 5680 2956 5733 commenti
2986 5689 3132 5750 sunt,
3163 5689 3324 5753 prout
3351 5679 3527 5736 Theo-

1959 5774 2120 5831 dorus
2151 5775 2372 5843 ineptit;
2415 5771 2509 5827 scd
2560 5772 2771 5827 unicum
2802 5778 2856 5825 et
2889 5772 3138 5830 eumdem
3160 5768 3442 5829 Dominum
3474 5780 3530 5826 et
