3958 6288
443 274 581 342 1059

1748 279 2013 340 IUSTIN
2027 281 2180 341 [ΑΝΙ
2224 281 2374 340 ΙΜΡ.

3563 278 3710 347 1060

432 405 625 459 .Deum
672 412 908 458 nostrum
957 401 1135 456 Jesum
1175 397 1468 461 Christum,
1517 392 1807 449 secundum
1853 392 2185 448 divinitatem
2228 393 2374 448 Patri
2425 397 2931 453 consubstantialem
2974 414 3131 465 esse,
3182 403 3335 458 nobis
3379 410 3564 461 autem
3607 423 3701 462 se—

452 491 685 546 cundum
744 489 1124 544 humanitatem
1175 500 1294 540 esse
1351 481 1854 538 consubstantialem
1915 481 2231 536 docuerunt.
2929 503 2958 516 -

523 585 667 639 Πάλιν
697 582 748 636 δέ
779 583 825 635 έν
856 589 926 648 τῷ
951 578 1282 652 προλεχθέντι
1304 577 1436 649 λόγῳ
1467 575 1492 629 ὸ
1519 575 1778 632 δυσσετὲἠς
1818 569 2016 627 Θεόδω-

2191 574 2394 632 Rursus
2431 586 2612 632 autem
2661 579 2856 648 impius
2887 579 3206 637 Theodorus
3242 583 3294 637 in
3326 586 3546 654 pimfato
3575 603 3698 644 ser-

451 693 540 744 ρος
565 673 868 741 βλασφημῶν
893 673 974 722 καί
1000 675 1160 722 ταῦτα
1179 667 1330 738 λέγει’
1368 683 1386 716 t
1408 664 1530 721 Ἀλλ’
1546 667 1647 734 οὐχ
1670 667 1700 722 ἡ
1729 665 1837 717 θεία
1865 666 2014 734 φύσις

451 760 506 818 ἐκ
530 762 778 832 παρθένου
819 761 1131 830 γεγέννηται·
1177 757 1466 828 γεγέννηται
1494 752 1548 808 δὲ
1577 755 1630 806 ἐκ
1656 761 1746 813 τῆς
1770 753 2016 825 παρθένου

451 850 479 908 6
507 851 558 904 ἔκ
583 859 673 909 τῆς
703 851 878 908 οὐσίας
902 856 990 908 τῆς
1015 848 1265 918 παρθένου
1295 846 1507 904 συστάς’
1539 845 1637 913 οὐχ
1671 842 1696 896 ὸ
1723 845 1846 900 Θεὸς
1873 839 2018 912 λόγος

451 940 506 992 έκ
529 947 618 998 τῆς
645 941 833 1012 Μαρίας
860 937 1145 1008 γεγέννηται
1165 953 1177 965 ·
1205 936 1488 1007 γεγέννηται
1516 930 1568 986 δέ
1599 932 1653 984 ἐκ
1692 935 1884 1006 Μαρίας
1912 929 1938 982 6
1969 931 2020 982 ἐκ

450 1031 745 1103 σπέρματος
775 1025 951 1082 Δαϐίδ.
989 1027 1107 1096 Οὐχ
1137 1030 1161 1078 ὁ
1187 1026 1305 1083 Θεὸς
1334 1024 1477 1092 λόγος
1507 1023 1557 1075 ἐκ
1581 1023 1815 1092 γυναικὸς
1847 1021 1986 1090 γεγέυ

449 1134 614 1174 νηται·
645 1120 929 1190 γεγέννηται
953 1115 1009 1182 δέ
1050 1120 1104 1171 ἐκ
1131 1117 1358 1188 γυναικὸς
1388 1115 1411 1169 6
1436 1123 1497 1188 τῇ
1542 1120 1631 1169 τοῦ
1677 1114 1821 1184 ἀγίου
1865 1111 2019 1167 πνεύ-

450 1229 611 1278 ματος
659 1207 864 1278 δυνάμει
909 1207 1235 1266 διαπλασθεὶς
1279 1207 1329 1259 ἐν
1377 1207 1540 1278 αὐτῇ·
1588 1205 1678 1262 οὐκ
1723 1203 1776 1256 in
1821 1209 2018 1277 μήτ-ρας

449 1301 678 1354 τὲτεκται
705 1299 730 1352 6
760 1298 1029 1365 ὸμοούσιος
1056 1307 1128 1370 τῷ
1153 1301 1331 1370 πατρί.
1361 1299 1568 1372 ἀμήτωρ
1589 1299 1688 1367 γάρ
1724 1291 1873 1353 οὗτος
1893 1296 2020 1348 κατά

450 1393 538 1445 την
579 1395 672 1442 τοῦ
720 1390 964 1460 μακαρίου
1011 1389 1203 1448 Παύλου
1249 1392 1423 1458 φωνήν,
1457 1386 1579 1440 ἀλλά
1629 1385 1654 1438 ὸ
1695 1386 1745 1437 έν
1788 1385 2021 1455 ὑστέροις

451 1486 646 1554 καιροῖς
682 1478 728 1530 ἐν
766 1486 827 1552 τῇ
855 1479 1066 1550 μητρῷα
1103 1481 1288 1549 γαστρὶ
1315 1484 1377 1550 τῇ
1404 1482 1495 1530 τοῦ
1543 1473 1689 1542 ἁγίου
1737 1475 2020 1544 πνείματος

451 1565 657 1636 δυνάμει
686 1565 1026 1628 διαπλασθείς,
1051 1566 1138 1620 ἅτε
1169 1569 1254 1622 καί
1282 1566 1495 1639 ἀπάτωρ
1538 1564 1619 1619 διὰ
1641 1570 1790 1618 τοῦτο
1818 1563 2021 1633 λεγόμε-

451 1678 554 1718 νος.
577 1677 596 1710 ε
625 1663 712 1716 Καὶ
739 1667 904 1715 ταῦτα
931 1663 1020 1730 μὲν
1047 1659 1072 1715 6
1100 1661 1288 1721 ἀσεϐής
1305 1659 1559 1733 Θεόδωρος
1578 1657 2051 1734 παραλογιζόμενος,

451 1757 540 1810 τήν
567 1757 684 1826 περί
711 1754 892 1807 τούτου
923 1752 1247 1812 διδασκαλίαν
1273 1761 1364 1808 τοῦ
1393 1753 1672 1806 ἀποστόλου
1719 1751 1944 1822 λέγοντος
1973 1754 2022 1804 ἐν

451 1850 515 1913 τῇ
557 1846 686 1916 πρὸς
729 1843 991 1916 Ἐϐραίους
1036 1845 1276 1918 ἐπιστολῇ
1315 1847 1432 1918 περὶ
1477 1849 1566 1896 τοῦ
1607 1845 1782 1914 κυρίου
1825 1841 2020 1900 οὕτως·

2118 680 2278 720 mone
2317 667 2432 723 hinc
2461 683 2676 738 quoque
2701 671 3039 740 blasphemat
3061 687 3115 729 ει
3147 673 3262 728 Non
3293 684 3472 730 autem
3503 677 3696 741 divina

2118 765 2306 811 natura
2335 773 2403 818 ex
2431 759 2646 828 Virgine
2674 772 2799 816 nata
2826 771 2928 829 est,
2959 763 3052 817 sed
3073 773 3230 818 natus
3257 774 3426 820 estex
3447 766 3693 836 Virgine,

2117 848 2206 914 qui
2228 863 2296 902 ex
2315 849 2608 904 substantia
2632 849 2858 919 Virginis
2882 859 3093 906 constat
3117 870 3130 906 :
3155 868 3262 908 non
3289 854 3429 908 Deus
3450 854 3689 910 Verbum

2118 951 2184 990 ex
2215 936 2378 992 Maria
2403 947 2558 994 natus
2585 949 2702 1003 est;
2735 950 2893 996 natus
2935 951 3018 997 est
3056 951 3233 996 autem
3275 958 3343 998 ex
3383 943 3550 998 Maria
3597 949 3688 1014 qui

2118 1041 2186 1080 ex
2212 1028 2415 1083 semine
2457 1037 2542 1083 est
2565 1028 2751 1084 David.
2783 1030 2898 1086 Non
2929 1031 3070 1086 Deus
3101 1032 3332 1087 Verbum
3364 1048 3433 1088 ex
3462 1036 3691 1091 muliere

2119 1127 2276 1172 natus
2303 1127 2405 1182 est,
2454 1119 2548 1173 sed
2577 1131 2734 1176 natus
2762 1129 2845 1175 est
2889 1136 2956 1176 ex
2984 1122 3227 1188 muliere,
3275 1123 3367 1192 qui
3396 1138 3463 1178 ex
3489 1125 3688 1178 virtute

2119 1206 2349 1276 Spiritus
2375 1210 2542 1264 sancti
2573 1209 2866 1280 plasmatus
2893 1220 2977 1266 est
3021 1213 3073 1266 in
3103 1228 3165 1267 ea
3191 1230 3204 1266 :
3251 1229 3360 1268 non
3415 1230 3485 1269 ex
3515 1227 3688 1270 matre

2119 1309 2276 1352 natus
2301 1311 2384 1354 εει
2406 1301 2875 1356 consubstantialis
2889 1301 3053 1368 Patri,
3084 1304 3200 1358 sine
3222 1313 3396 1360 matre
3416 1306 3560 1360 enim
3587 1317 3685 1372 est,

2119 1391 2411 1446 secundum
2441 1393 2584 1446 beati
2613 1391 2762 1447 Pauli
2791 1407 3004 1457 vocem,
3045 1393 3139 1448 sed
3167 1394 3259 1461 qui
3286 1394 3339 1448 in
3369 1397 3686 1465 posteriori-

2119 1479 2219 1533 bus
2271 1481 2598 1550 temporibus
2641 1482 2694 1534 in
2746 1491 2990 1537 materno
3034 1491 3223 1538 ventre
3257 1485 3431 1538 sancti
3459 1483 3690 1554 Spiritus

2120 1569 2319 1622 virtute
2348 1570 2640 1638 plasmatus
2668 1579 2768 1636 est,
2798 1572 2915 1625 sine
2948 1570 3104 1626 Patre
3132 1581 3421 1642 prepterea
3441 1574 3636 1629 dictus.
3663 1593 3682 1626 ε

2123 1656 2247 1712 Haec
2276 1659 2466 1728 impius
2491 1659 2806 1714 Theodorus
2850 1669 3164 1731 pervertens
3205 1663 3508 1718 doctrinam
3548 1666 3688 1734 Apo-

2121 1752 2246 1805 stoli
2275 1751 2328 1804 in
2359 1751 2594 1820 Epistola
2631 1751 2698 1806 ad
2737 1752 2989 1808 llebrmos
3016 1753 3084 1808 de
3113 1752 3328 1808 Christo
3351 1754 3580 1810 Domino
3609 1759 3686 1810 di-

2124 1841 2294 1895 centis
2321 1858 2333 1893 :
2368 1839 2544 1895 Primo
2573 1843 2773 1912 quidem
2795 1844 3160 1912 interpretatus
3187 1853 3262 1898 est
3294 1844 3409 1899 Rea:
3428 1847 3682 1916 iustitia;

458 1947 480 1982 ε
527 1941 725 2006 Πρῶτον
780 1935 868 2004 μέν
915 1933 1300 2006 ἑρμηνευόμενος
1365 1933 1605 2003 βασιλεὺς
1655 1930 2014 1994 δικαιοσύνης.

2126 1929 2306 1984 deinde
2348 1947 2466 1984 vero
2511 1934 2666 1984 etiam
2711 1949 2803 1986 rea:
2845 1931 3044 1999 Salem,
3092 1937 3228 2004 quod
3273 1948 3349 1989 est
3394 1936 3510 1991 Rea:
3529 1957 3684 2008 pum,

453 2018 626 2075 ἔπειτα
655 2020 706 2075 δέ
735 2025 818 2075 καί
845 2023 1080 2092 βασιλεὺς
1107 2024 1270 2091 Σαλήμ
1289 2061 1304 2084 ,
1331 2020 1359 2076 ό
1386 2023 1496 2077 ἔστι
1534 2020 1773 2090 βασιλεὺς
1803 2023 2014 2089 εἰρήνης,

449 2114 682 2188 ἀπάτωρ,
723 2119 952 2190 ἀμήτωρ,
986 2118 1382 2186 ἀγενεαλόγητος,
1415 2127 1539 2186 μήτε
1581 2117 1752 2188 ἀρχὴν
1795 2117 2014 2186 ἡμερῶν,

452 2207 575 2270 μήτε
597 2207 726 2264 ζωῆς
747 2205 883 2263 τέλος
905 2202 1069 2274 ἔχων.
1090 2221 1107 2254 ι
1131 2211 1233 2258 Τοῦ
1250 2208 1349 2277 γάρ
1369 2203 1656 2258 ἀποστόλου
1678 2205 1795 2276 περὶ
1815 2204 1916 2262 ένὸς
1937 2206 2020 2256 καί

452 2298 542 2346 τοῦ
564 2293 715 2346 αὐτοῦ
732 2297 972 2352 εἶπόντος.
1002 2293 1284 2368 ἀπάτωρ,
1315 2297 1593 2365 ἀμήτωρ,
1623 2293 2020 2365 ἀγενεαλόγη-

453 2399 572 2441 τος.
595 2387 745 2455 μήτε
769 2385 972 2460 ἀρχὴν
997 2387 1258 2458 ἡμερῶν,
1283 2388 1432 2452 μήτε
1460 2387 1616 2446 ζωῆς
1635 2383 1806 2442 τέλος
1829 2381 2012 2452 ἔχων,

453 2469 478 2524 6
521 2471 772 2534 δυσσεϐὴς
811 2474 1067 2551 Θεόδωρος
1097 2471 1240 2528 ἄλλον
1275 2475 1406 2544 λέγει
1445 2475 1712 2548 ἀπάτορα,
1751 2477 1837 2528 καί
1877 2473 2020 2529 ἄλλον

453 2562 704 2636 διμήτορα·
755 2564 876 2618 ἀλλά
919 2563 1221 2636 διελέγξομεν
1267 2570 1354 2622 τήν
1399 2572 1497 2620 τῶν
1539 2565 1672 2620 οὕτω
1715 2567 2020 2640 φρονούντων

451 2651 701 2709 ἀσέϐειαν,
735 2657 817 2706 καί
856 2655 910 2706 ἐκ
947 2663 1038 2714 τῆς
1084 2661 1182 2706 τῶν
1227 2653 1378 2724 ἁγίων
1408 2655 1642 2728 πατέρων
1672 2653 2016 2715 διδασκαλίας.

453 2743 599 2814 Λέγει
623 2745 722 2817 γάρ
752 2743 776 2797 ὸ
805 2747 855 2798 ἐν
894 2744 1052 2816 ἁγίοις
1090 2745 1358 2818 Γρηγόριος
1391 2745 1416 2802 6
1445 2749 1720 2809 Ναζιανζοῦ
1748 2747 2023 2805 ἐπίσκοπος

455 2829 506 2882 έν
530 2839 601 2897 τῷ
621 2836 737 2905 περὶ
757 2841 853 2887 τῶν
875 2837 1135 2905 οεογανίων
1153 2835 1279 2904 λόγῳ
1301 2834 1478 2894 οὕτως’
1507 2852 1524 2883 ε
1551 2838 1646 2899 Τίς,
1669 2837 1727 2888 οὐ
1749 2845 2029 2907 προσκυνεῖ

454 2919 542 2981 τὸν
581 2922 856 2996 ἀπαρχῆςς
886 2928 962 2984 τίς
991 2927 1047 2978 o6
1075 2923 1270 2990 δοξάζει
1314 2927 1400 2980 τὸν
1443 2925 1763 2982 τελευταῖονζ
1795 2927 1940 2980 πάλιν
1963 2929 2022 2982 τὸ

456 3009 634 3072 σκότος
671 3012 856 3081 λύεται,
888 3015 1034 3074 πάλιν
1059 3017 1116 3070 τὸ
1154 3022 1253 3087 ’θῶς
1279 3016 1571 3086 ὑφίσταται,
1599 3017 1748 3071 πάλιν
1772 3015 2024 3088 Αἴγυπτος

455 3099 624 3171 σκότῳ
663 3103 938 3169 κολάζεται,
983 3106 1130 3160 πάλιν
1174 3105 1374 3179 Ἰσραήλ
1413 3105 1581 3174 στύλῳ
1625 3108 1908 3176 φωτίζεται.
1963 3117 2017 3160 ‘0

457 3187 576 3252 λαὸς
600 3193 625 3248 6
651 3197 920 3265 καθήμενος
948 3197 1194 3250 ἔν·σκὸτει
1220 3204 1310 3254 τῆς
1335 3197 1557 3266 ἀγνοίας,
1588 3195 1732 3250 ἰδέτω
1771 3203 1870 3266 φῶς
1896 3197 2024 3271 μέγᾳ

2119 2020 2228 2073 sine
2255 2028 2418 2088 patre,
2447 2022 2560 2077 sine
2587 2033 2768 2086 matre,
2801 2022 2913 2076 sine
2941 2024 3262 2094 genealogia,
3293 2043 3456 2096 neque
3486 2028 3684 2081 initium

2119 2109 2318 2164 dierum
2358 2111 2570 2177 habens,
2619 2129 2776 2182 neque
2813 2113 3012 2166 vivendi
3055 2113 3211 2182 ﬁnem
3253 2113 3442 2187 (Hebr.
3476 2132 3581 2182 vn,
3610 2117 3680 2186 3).

2119 2197 2253 2254 Cum
2291 2201 2437 2256 enim
2468 2201 2754 2270 Apostolus
2796 2202 2864 2257 de
2911 2218 3018 2258 uno
3045 2202 3346 2273 eodemque
3375 2205 3541 2271 dicat,
3583 2208 3686 2260 sine

2117 2299 2282 2358 patre,
2319 2291 2432 2343 sine
2455 2300 2639 2358 matre,
2665 2293 2775 2345 sine
2803 2293 3120 2362 genealogia,
3153 2310 3316 2362 neque
3341 2295 3550 2349 initium
3579 2297 3684 2349 die-

2119 2396 2234 2442 rum
2256 2379 2475 2445 habent,
2515 2397 2674 2451 neque
2696 2383 2891 2436 vivendi
2915 2384 3107 2452 ﬁnem;
3138 2384 3330 2452 impius
3361 2386 3474 2454 ipse
3514 2386 3685 2441 Theo-

2120 2471 2282 2526 dorus
2324 2471 2550 2524 alterum
2594 2473 2710 2528 sine
2751 2480 2905 2542 patre
2943 2474 3011 2528 ab
3039 2474 3210 2529 altero
3237 2475 3354 2530 sine
3381 2486 3554 2530 matre
3579 2476 3686 2530 dis-

2121 2561 2311 2616 cernit.
2377 2559 2641 2616 Czcterum
2697 2578 2766 2617 ex
2833 2571 3143 2622 sanctorum
3195 2580 3414 2634 quoque
3466 2566 3680 2620 Patrqu

2121 2649 2392 2722 doctrina’
2416 2651 2682 2718 ejusmodi
2725 2654 3102 2722 desipientium
3159 2656 3412 2726 impietas
3453 2656 3678 2712 demon-

2121 2746 2344 2800 stratur.
2375 2737 2605 2795 Sanctus
2633 2743 2774 2795 enim
2803 2741 3095 2812 Gregorius
3128 2745 3380 2810 Nazianzi
3411 2748 3690 2816 episcOpus

2123 2829 2176 2884 in
2202 2843 2268 2884 eo
2296 2844 2544 2890 sermone
2571 2831 2662 2898 qui
2707 2831 2774 2886 de
2802 2833 3002 2891 sanctis
3046 2832 3432 2902 Theophaniis,
3481 2835 3596 2890 sive
3625 2835 3688 2890 de

2123 2916 2317 2974 Christi
2338 2919 2626 2975 Nativitate
2648 2921 2975 2990 inscribitur,
2999 2921 3113 2978 hac
3137 2922 3333 2977 habet:
3367 2944 3388 2975 ε
3408 2925 3538 2990 Quis
3553 2940 3688 2988 eum,

2124 3009 2216 3079 qui
2263 3025 2292 3062 a
2325 3009 2584 3080 principio
2622 3021 2722 3077 est,
2775 3028 2881 3066 non
2927 3013 3164 3067 adoret?
3191 3015 3313 3081 quis
3345 3015 3693 3070 novissimum

2125 3114 2231 3154 non
2261 3099 2440 3154 laudet
2477 3115 2540 3155 ac
2569 3102 2848 3156 celebret?
2882 3101 3170 3162 Solvuntur
3213 3104 3406 3157 iterum
3439 3105 3692 3168 tenebrae,

2125 3207 2338 3254 rursum
2380 3201 2601 3254 creatur,
2633 3192 2756 3260 lux;
2787 3185 2977 3247 iterum
3009 3194 3241 3248 tenebris
3269 3201 3501 3248 vexatur
3530 3193 3692 3265 Egy-

456 3293 548 3343 τῆς
564 3287 897 3358 ἐπιγνώσεως.
914 3291 988 3340 Τά
1005 3289 1213 3360 ἀρχαῖα
1232 3288 1472 3356 παρήλῦε,
1491 3293 1570 3340 γαῖ
1590 3288 1754 3358 γέγονε
1773 3289 1838 3341 τά
1857 3291 2022 3343 πάντα

2130 3289 2269 3349 plus,
2302 3297 2484 3335 rursus
2511 3280 2675 3346 lsrael
2708 3298 2802 3350 per
2843 3283 3147 3339 columnam
3187 3283 3544 3340 illuminatur.
3590 3282 3693 3339 Po-

457 3378 620 3436 καινά,
649 3379 708 3430 τὸ
738 3380 949 3450 γράμμα
972 3380 1260 3451 ὑποχωρεῖ.
1291 3380 1350 3434 τὸ
1377 3386 1577 3450 πνεῦμα
1600 3382 2020 3456 παρρησιάζεται·

456 3475 514 3531 αἱ
541 3470 686 3521 σκιαί
708 3470 1148 3543 παρατρέχουσιν,
1172 3471 1202 3527 ἡ
1227 3470 1426 3528 ἀλήθεια
1456 3471 1828 3546 ἐπεισέρχεται·
1853 3472 1879 3526 ὸ
1904 3474 2028 3529 Μελ..

461 3553 674 3624 χισεδέκ
697 3557 986 3624 συνάγεται⁶
1015 3553 1296 3634 ὸιῖιμὴτωρ.
1329 3560 1540 3633 ἀπάτωρ
1579 3561 1784 3628 γίνεται,
1818 3561 2028 3636 ἀμήτωρ

457 3647 520 3702 τὸ
545 3647 803 3719 πρότερον.
827 3647 1041 3724 ἀπάτωρ
1070 3649 1126 3704 τὸ
1155 3647 1404 3723 δεύτερον.
1451 3651 1608 3718 Νόμοι
1636 3649 1834 3722 φύσεως
1870 3673 2028 3706 κατα-

460 3734 685 3796 λύονται.
717 3737 1030 3808 πληρωθῆναι
1069 3735 1148 3791 δεῖ
1190 3738 1272 3793 τὸν
1321 3734 1420 3790 ἄνω
1469 3737 1674 3804 κόσμον·
1704 3739 1916 3810 Χριστὸς
1946 3759 2029 3792 κε·

457 3821 688 3892 λεύει,μή
714 3827 1082 3897 ἀντιτείνωμεν.
1122 3843 1140 3876 ι
1173 3826 1297 3900 Πρὸς
1335 3823 1530 3886 τούτοις
1551 3824 1602 3880 δέ
1621 3829 1714 3880 καὶ
1739 3826 1764 3880 6
1791 3829 1840 3880 έν
1870 3827 2031 3898 ἀγίοις

461 3915 672 3989 Πρόκλος
700 3913 725 3968 6
755 3915 1025 3976 έπίσκοπος
1087 3915 1654 3974 Κωνσταντινουπόλεως
1707 3914 1755 3968 έν
1793 3923 1864 3985 τῷ
1902 3917 2030 3988 λόγῳ

461 4011 534 4076 τῷ
557 4007 626 4066 εἰς
653 4009 743 4062 τήν
765 4007 1002 4060 Θεοτὸκον
1026 4006 1156 4060 οὕτω
1179 4007 1326 4077 λέγει’
1359 4024 1377 4057 ε
1403 4005 1460 4060 Ὀ
1490 4005 1554 4061 ὧν
1580 4009 1709 4062 κατά
1737 4011 1881 4080 φύσιν
1901 4009 2033 4062 άπα-

461 4097 570 4158 θής,
599 4096 764 4166 γέγονε
791 4095 853 4151 δι’
873 4094 1030 4151 οἶκτον
1052 4099 1363 4158 πολυπαθής’
1397 4099 1488 4152 οὐκ
1516 4099 1569 4151 ἐκ
1591 4107 1844 4173 προκοπῆς
1863 4101 2029 4170 γέγονε

461 4184 603 4250 Θεὸς,
639 4184 663 4239 ὸ
692 4187 928 4256 Χριστὸς,
959 4192 1026 4254 μή
1052 4190 1264 4257 γένοιτο,
1293 4187 1415 4240 ἀλλά
1445 4185 1510 4244 δι’
1526 4183 1687 4242 οἶκτον
1712 4188 1906 4260 γέγονεν
1933 4185 2031 4242 ἅν-

461 4271 657 4348 Θρωπος
683 4271 708 4328 ὸ
737 4276 890 4340 Θεὸς,
931 4273 970 4348 ᾧ
1013 4281 1338 4345 πιστεύομενο
1381 4278 1465 4330 οὐκ
1511 4273 1770 4352 ἄνθρωπον
1813 4279 2036 4332 ἀποθεω-

459 4365 604 4426 Θὲντα
629 4369 963 4440 κηρύττομεν,
992 4367 1116 4422 ἀλλὰ
1153 4369 1273 4421 Θεὸν
1309 4370 1628 4442 σαρκωῦέντα
1679 4368 2030 4440 ὁμολογοῦμεν.

461 4460 558 4515 Τόν
606 4457 788 4517 οἰκείαν
827 4455 1004 4512 δούλην
1048 4455 1368 4529 ἐπεγράψατο
1421 4458 1614 4531 μητέρα
1659 4457 1685 4512 6
1731 4459 2032 4514 κατόὖσίαν

462 4547 674 4614 ἀμήτωρ
695 4585 709 4608 ,
740 4549 826 4599 καί
853 4545 963 4600 κατ’
975 4549 1247 4616 οἰκονομίαν
1287 4549 1518 4622 ἀπάτωρ·
1551 4551 1660 4602 Emi.
1687 4558 1794 4610 πῶς
1824 4549 1848 4604 6
1877 4551 2030 4611 αὖτίς

2129 3373 2284 3446 pulus
2326 3373 2418 3443 qui
2470 3374 2522 3428 in
2564 3375 2800 3436 tenebris
2842 3375 3022 3436 sedet.
3073 3390 3321 3443 magnam
3371 3379 3696 3445 cognitionis

2131 3460 2303 3515 lucem
2333 3462 2597 3532 inspiciat,
2629 3471 2811 3517 vetera
2839 3464 3231 3532 prazterierunt,
3263 3480 3393 3520 ecce
3419 3466 3561 3521 facta
3576 3477 3696 3522 sunt

2132 3553 2309 3605 omnia
2341 3568 2476 3606 nova
2505 3570 2518 3604 :
2569 3553 2748 3617 littera
2787 3554 2948 3619 cedit,
2981 3555 3200 3623 spiritus
3225 3565 3468 3624 superat,
3499 3558 3697 3612 umbra:

2131 3651 2475 3714 pnntereunt,
2506 3644 2704 3698 veritas
2726 3644 3046 3712 ingreditur;
3078 3644 3475 3702 Melchisedech
3493 3649 3698 3717 colligi-

2132 3740 2245 3804 tur:
2265 3731 2354 3798 qui
2385 3731 2502 3786 sine
2530 3741 2699 3810 matre
2728 3743 2862 3794 erat,
2893 3734 3010 3786 sine
3037 3743 3190 3803 patre
3213 3734 3288 3798 lit,
3314 3737 3466 3806 prius
3485 3740 3698 3807 quidem

2133 3818 2248 3876 sine
2279 3831 2470 3884 matre,
2500 3831 2622 3892 post
2645 3831 2822 3874 autem
2845 3823 2961 3877 sine
2985 3833 3154 3891 patre.
3197 3823 3414 3881 Natura:
3435 3828 3583 3896 leges
3607 3830 3701 3883 ob-

2135 3919 2449 3979 vertuntur,
2509 3927 2817 3981 supremum
2875 3915 3129 3969 mundum
3178 3917 3391 3986 impleri
3445 3932 3701 3989 oportet;

2131 4001 2374 4058 Christus
2392 4002 2544 4072 jubet
2575 4019 2640 4057 ne
2668 4005 3008 4059 obsistamus.
3034 4025 3050 4057 ι
3082 4006 3281 4060 llorum
3325 4009 3522 4062 similia
3545 4011 3703 4065 habet

2131 4093 2186 4147 S.
2209 4092 2426 4148 Proclus
2441 4095 3058 4164 Constantinopolitanus
3070 4099 3353 4168 episc0pus
3376 4102 3429 4155 in
3452 4117 3703 4158 sermone

2133 4199 2230 4238 suo
2241 4184 2304 4239 de
2315 4184 2373 4239 S.
2391 4185 2632 4254 Deipara.
2655 4207 2672 4238 ε
2694 4187 2792 4253 Qui
2806 4195 3016 4255 natura,
3033 4189 3219 4258 inquit,
3237 4189 3585 4259 impassibilis
3598 4207 3699 4255 est,

2138 4275 2316 4331 factus
2337 4285 2420 4330 est
2448 4289 2542 4342 per
2561 4277 2897 4334 calamitates
2921 4275 3110 4348 [Ci-we.
3132 4294 3226 4348 per
3245 4281 3703 4355 misericordiam]

2137 4366 2324 4421 multis
2371 4364 2650 4430 subjectus
2700 4367 3046 4434 passionibns
3087 4383 3100 4429 ;
3140 4385 3246 4422 non
3289 4385 3356 4426 ex
3411 4387 3703 4442 progressu

2141 4455 2320 4510 factus
2350 4462 2434 4508 est
2463 4453 2605 4510 Deus
2633 4455 2906 4520 Christus,
2939 4458 3106 4512 absit!
3132 4459 3226 4512 sed
3264 4475 3361 4528 per
3393 4463 3709 4516 miscricor-

2137 4541 2280 4599 diam
2307 4543 2449 4599 Deus
2477 4543 2650 4599 factus
2675 4553 2757 4599 est
2779 4543 2964 4610 homo,
2995 4545 3048 4602 in
3076 4559 3236 4614 quem
3263 4546 3564 4612 credimus;
3593 4563 3710 4602 non

456 4638 590 4695 κατά
617 4636 803 4691 Παῦλον
847 4638 1056 4710 ἀμήτωρ
1096 4641 1179 4692 καί
1205 4641 1452 4711 ἀπάτωρζ
1483 4643 1538 4693 Εἰ
1565 4640 1704 4710 ψιλὸς
1746 4637 2023 4724 ἄνθρωπος,

2133 4633 2401 4698 hominem
2423 4634 2732 4702 Deilicatum
2755 4636 3120 4705 praedicamus,
3140 4637 3237 4691 sed
3267 4637 3426 4691 Deum
3446 4635 3712 4690 incarna-

461 4724 553 4781 οὐκ
581 4729 811 4801 ἀμήτωρ,
835 4724 954 4797 ἔχει
989 4729 1086 4802 γάρ
1124 4731 1340 4803 μητέρα’
1384 4735 1472 4782 νῦν
1499 4728 1551 4784 δέ
1581 4729 1606 4783 6
1637 4730 1785 4787 αὐτὸς
1818 4730 2027 4802 ἀμήτωρ

463 4818 532 4874 ὡς
569 4815 817 4878 πλάστης.
853 4817 1062 4890 ἀπάτωρ
1105 4819 1174 4879 ὡς
1206 4819 1430 4889 πλάσμα.
1462 4837 1480 4872 ι
1517 4821 1602 4873 Καί
1626 4818 1652 4874 ὸ
1679 4819 1728 4873 έν
1775 4817 1936 4890 ἀγίοις
1975 4817 2028 4874 δέ

461 4905 786 4976 Αὐγουστῐνος
809 4903 856 4956 έν
876 4913 947 4973 τῷ
969 4908 1086 4981 περί
1109 4915 1200 4966 τῆς
1228 4907 1466 4968 έκθέσεως
1493 4915 1583 4966 τοῦ
1613 4908 1868 4980 συμϐόλου
1898 4909 2027 4980 λόγῳ

461 4995 628 5057 οὕτως
653 4997 800 5070 λέγει’
833 5013 852 5047 ε
881 4997 1179 5070 Πιστεύομεν
1206 5001 1279 5058 είς
1303 4999 1388 5053 τὸν
1415 5000 1523 5053 υίὸν
1551 5001 1704 5055 αὐτοῦ
1731 4999 1922 5058 Ἰησοῦν
1942 5001 2028 5054 τὸν

460 5087 674 5160 Χριστὸν
700 5087 985 5159 γεννηθέντα
1007 5087 1060 5140 ἐκ
1084 5088 1376 5156 πνεύματος
1415 5087 1581 5162 ἁγίου,
1611 5093 1698 5144 καί
1723 5099 1811 5149 τῆς
1838 5092 2022 5162 παρθέ-

459 5193 540 5233 νου
585 5180 800 5253 Μαρίας.
850 5181 990 5231 Διατί
1031 5179 1220 5234 ταύτην
1261 5181 1351 5236 τήν
1385 5177 1626 5248 γέννησιν,
1653 5175 1691 5230 ὦ
1719 5176 1921 5242 ἄπιστε,
1949 5180 2030 5233 ἐκ·

465 5267 731 5333 πλήττεις;
761 5273 829 5340 μή
853 5271 1064 5330 πίστευε
1105 5272 1149 5323 εἰ
1172 5269 1322 5339 μόνον
1359 5265 1614 5346 ἅνθρωπος
1638 5267 1740 5327 ἧνὸ
1769 5271 2028 5342 γεννηθείςο

459 5363 505 5414 εί
524 5357 577 5414 δέ
597 5362 719 5420 Θεὸς
740 5357 996 5436 ἄνθρωπος
1019 5359 1094 5425 ἦν,
1111 5361 1220 5425 ἑξῆς
1242 5360 1335 5433 [1⁸⁷.
1360 5363 1408 5425 ἐξ
1429 5357 1510 5430 ἧς]
1529 5363 1761 5421 ἠθέλησεν
1783 5361 2028 5432 ἐγεννήθη,

461 5451 630 5512 ἐπειδὴ
649 5457 716 5516 ὡς
737 5455 966 5514 ἠθέλησεν
991 5455 1236 5526 ἐγεννήθη’
1257 5455 1416 5508 έκεῖνο
1439 5454 1694 5526 θαύμασον
1721 5452 1918 5512 μᾶλλον,
1947 5451 2028 5506 ότι

459 5541 488 5599 6
511 5545 646 5614 λόγος
667 5543 836 5599 ἔλαϐεν
861 5547 1052 5618 σάρκα,
1079 5547 1159 5598 καὶ
1187 5547 1270 5597 οὐκ
1299 5545 1488 5618 ἐτράπη
1516 5547 1588 5603 εἰς
1617 5545 1800 5617 σάρκα
1835 5538 1912 5596 ὅτι
1938 5543 2027 5611 μὲ-

460 5650 552 5682 ιων
597 5634 713 5690 Θεὸς
757 5635 951 5702 γέγονεν
991 5631 1277 5709 ἄνθρωπος’
1310 5633 1435 5694 πλὴν
1477 5635 1529 5687 τί
1570 5634 1839 5699 θαυμάζεις
1877 5631 1957 5686 ὅτι
1997 5634 2026 5689 ἦ

467 5739 765 5791 γεννησασα,
791 5723 872 5774 τὸν
916 5722 1037 5776 ἴδιον
1081 5724 1304 5794 ἐγέννησε
1378 5725 1602 5788 κτίστην,
1637 5719 1716 5776 ὅτι
1741 5722 1806 5776 ’τὸ
1836 5725 2030 5796 ποίημα

2132 4729 2242 4783 tum
2271 4722 2587 4782 conﬁtemur
2614 4741 2628 4776 :
2660 4723 2906 4789 anciilam
2925 4741 3074 4779 suam
3103 4725 3204 4780 sibi
3226 4736 3447 4780 matrem
3469 4725 3702 4795 delegit,

2130 4811 2222 4880 qui
2251 4819 2437 4864 natura
2465 4811 2581 4866 sine
2607 4821 2776 4866 matre
2805 4821 2913 4878 est,
2951 4820 3007 4872 et
3033 4813 3431 4881 dispensatione
3457 4813 3577 4868 sine
3603 4830 3708 4884 pa-

2133 4911 2236 4956 tre.
2273 4902 2552 4977 Quomodo
2601 4903 2744 4967 enim
2801 4903 2947 4972 ipse,
2984 4903 3136 4972 juxta
3186 4901 3337 4959 Pauli
3378 4907 3709 4964 sententiam

2131 4994 2248 5048 sine
2293 5001 2445 5062 patre
2485 5003 2540 5048 et
2583 4994 2699 5048 sine
2725 5005 2894 5050 matre
2925 4997 3048 5052 est?
3092 4995 3149 5050 Si
3177 5011 3344 5066 purus
3373 4996 3562 5062 homo,
3600 5014 3713 5054 non

2130 5083 2246 5148 sine
2275 5092 2481 5149 matre;
2531 5091 2754 5138 matrem
2784 5083 2926 5138 enim
2954 5083 3153 5139 habet:
3204 5083 3287 5139 sin
3317 5093 3496 5140 autem
3525 5087 3714 5141 nudus

2124 5174 2287 5240 Deus,
2319 5189 2424 5228 non
2453 5174 2566 5228 sine
2595 5181 2767 5242 patre,
2799 5172 3008 5228 Patrem
3037 5174 3231 5244 quippe
3259 5175 3422 5230 habet
3446 5193 3459 5228 :
3489 5186 3578 5231 est
3609 5178 3717 5231 ita-

2131 5279 2236 5332 que
2279 5263 2420 5318 idem
2469 5262 2584 5332 ipse
2631 5263 2816 5318 matris
2860 5278 3072 5334 expers,
3100 5272 3158 5318 ut
3202 5273 3460 5331 creator;
3509 5281 3718 5325 carens

2131 5365 2308 5410 autem
2339 5365 2512 5424 patre,
2544 5365 2603 5408 ut
2631 5363 2896 5408 creatura.
2929 5373 2947 5406 ι
3001 5355 3232 5410 Sanctus
3259 5357 3422 5410 etiam
3452 5356 3717 5423 Augusti-

2131 5461 2231 5501 nus
2261 5446 2310 5498 in
2339 5460 2588 5498 sermone
2616 5443 2684 5498 de
2710 5444 3046 5513 expositione
3075 5443 3314 5516 Symboli
3354 5446 3474 5501 hare
3504 5446 3713 5502 habet:

2138 5555 2156 5587 ε
2183 5533 2460 5588 Credimus
2487 5535 2540 5586 in
2569 5532 2757 5586 Filium
2804 5533 2922 5600 ejus
2963 5533 3143 5588 Jesum
3191 5535 3463 5590 Christum
3516 5545 3714 5590 natum

2133 5625 2200 5679 de
2215 5624 2410 5695 Spiritu
2443 5632 2645 5688 sancto,
2673 5633 2807 5676 etex
2833 5624 2995 5678 Maria
3013 5624 3249 5694 Virgine.
3288 5623 3419 5693 Cur,
3449 5625 3714 5701 inﬁdelis,

2135 5719 2271 5772 hanc
2319 5714 2653 5768 nativitatem
2699 5715 3026 5782 pcrtnrbas?
3070 5715 3148 5772 Ne
3194 5715 3380 5778 credas
3409 5717 3490 5772 vel
3518 5718 3710 5784 solum

3887 959 3892 1162 δ
