3958 6288
195 278 317 341 ιοδι
578 294 583 299 ·
828 310 835 315 ο
909 264 1274 325 EPISTULA
1313 264 1709 327 ADVERSUS
1745 267 1756 287 '

1861 264 2227 326 EODORUM
2264 258 2682 325 MOPSUEST.
3295 278 3433 345 1062

193 390 279 447 -ιὸν
304 392 515 446 ποιητήν
541 378 827 460 έγέννησεν,
875 387 1034 448 οὕτως
1071 387 1322 445 ἠϐουλήθη
1361 387 1385 441 6
1419 386 1633 457 ὕψιστος
1657 407 1756 457 γεν⁴

1869 388 2139 444 hominem
2166 406 2283 444 esse
2310 391 2398 460 qui
2431 399 2584 443 natus
2612 400 2712 453 est,
2742 388 2827 443 vel
2856 388 2899 443 si
2925 387 3064 442 Deus
3091 389 3249 444 homo
3280 404 3419 455 erat.

1862 478 2115 547 deinceps
2144 480 2289 534 nasci
2319 479 2546 533 voluisse
2590 498 2601 529 :
2656 493 2776 530 nam
2821 478 3264 545 quemadmodum
3304 478 3422 542 ipse

1859 570 2044 646 yoluit,
2078 570 2155 623 sic
2184 579 2338 623 natus
2366 579 2466 623 est.
2497 568 2628 622 Illud
2657 568 2833 637 potius
2865 570 3079 633 mirare,
3110 570 3252 639 quod
3283 568 3418 625 Ver-

1858 660 1982 711 bmn
2014 676 2138 713 caro
2170 659 2361 712 factum
2391 666 2488 722 est,
2520 668 2572 710 et
2614 674 2717 711 non
2746 665 2827 711 est
2867 672 3183 711 conversum
3215 660 3266 712 in
3298 674 3415 712 ear-

194 767 334 817 nem,
366 748 612 818 quodque
658 734 897 801 manens
928 747 1068 802 Deus
1091 787 1106 811 ,
1157 746 1327 802 factus
1363 756 1444 803 est
1491 748 1671 801 homo.
1722 747 1828 801 Sed
1867 749 1989 816 quid
2020 752 2229 812 mirare,
2262 765 2379 802 eam
2410 764 2526 817 qua:
2557 749 2739 815 genuit
2764 750 3035 818 proprium
3065 750 3309 815 genuisse
3340 751 3418 801 lit-

190 849 389 890 etorem
414 878 428 902 ,
475 844 881 901 creaturamque
918 849 1070 887 suum
1116 844 1415 888 creatorem
1452 835 1785 907 protulisse?
1840 834 1931 889 Sic
1968 837 2137 890 voluit
2168 839 2466 892 Altissimus
2494 837 2705 890 humilis
2733 836 2914 899 nasci,
2964 845 3020 889 ut
3048 853 3193 892 suam
3224 838 3274 890 in
3308 839 3419 907 ipsa

195 479 392 537 νοηθῆναι
418 479 672 537 ταπεινὸς,
699 478 781 531 ἵνα
806 477 853 530 ἐν
877 479 1000 535 αῦτῆ
1030 485 1091 549 τῇ
1129 474 1424 531 ταπεινώσει
1451 477 1755 541 ἐπιδείξηται

194 594 280 631 την
308 571 679 645 μεγαλειότητα.
696 588 712 619 s

190 928 488 981 humilitate
512 925 959 993 magnificentiam
987 926 1313 980 ostenderet.
1346 946 1363 977 ε

260 1024 346 1073 Καὶ
375 1027 538 1073 ταῖτα
566 1021 655 1088 μὲν
691 1019 736 1071 οἱ
781 1018 914 1090 ἅγιοι
945 1023 1182 1093 πατέρες.
1210 1018 1323 1075 Ὀτι
1349 1020 1399 1073 δὲ
1429 1024 1512 1074 καί
1545 1023 1595 1075 αἶ
1622 1023 1754 1077 Θεῐαι

189 1116 395 1182 γραφαί,
439 1107 517 1168 αἷς
558 1109 889 1167 ἠκολούθησαν
919 1111 964 1165 oi
1016 1109 1146 1182 ἅγιοι
1190 1112 1433 1184 πατέρες,
1480 1114 1631 1167 αὐτὸν
1669 1117 1753 1168 τὸν

188 1204 310 1254 Θεὸν
351 1200 490 1271 λόγον
518 1202 831 1274 σαρκωθῆναι
873 1203 953 1252 καὶ
986 1202 1225 1269 τεχθὶναι
1257 1203 1309 1254 ἐκ
1334 1212 1423 1261 τῆς
1453 1201 1599 1273 ἁγίας
1623 1226 1753 1277 παρ-

189 1293 326 1344 θένου
358 1295 569 1362 Μαρίας,
594 1292 678 1343 καί
702 1291 1069 1364 ἔνανθρωπῆσαι
1096 1288 1395 1343 διῗάσκουσι
1419 1290 1561 1349 δῆλον
1591 1293 1757 1366 ὑπάρ-

192 1402 297 1449 χει.
334 1382 474 1450 Λέγει
513 1384 610 1453 γὰρ
650 1386 845 1455 πρῶτον
882 1376 907 1432 6
949 1384 1206 1451 προφήτης
1246 1381 1473 1445 Ἠσαίας,
1518 1399 1534 1430 ι
1562 1380 1682 1434 Ἰδοὺ
1724 1383 1755 1439 ἡ

191 1472 435 1544 παρθένος
467 1473 516 1523 ἐν
544 1473 732 1542 γαστρὶ
757 1470 854 1532 ἕξει
881 1470 959 1521 καί
988 1470 1177 1530 τέξεται
1207 1468 1331 1532 υἱὸν,
1369 1474 1451 1523 καὶ
1485 1470 1753 1525 καλέσουσε

189 1559 248 1611 τὸ
291 1554 446 1627 ὄνομα
484 1561 639 1611 αὐτοῦ
670 1556 999 1627 Ἐμμανουήλ,
1029 1574 1048 1608 s
1085 1555 1240 1612 ὅέστι
1281 1559 1754 1632 μεθερμηνευόμενον

190 1648 321 1719 μεθ’
347 1651 509 1717 ήμῶν
537 1648 562 1703 6
598 1651 747 1709 Θεός
763 1689 776 1701 .
826 1645 944 1703 Εἶτα
963 1652 1047 1702 καί
1068 1648 1261 1703 Δαϐίδὸ
1283 1654 1539 1724 προφήτης
1558 1652 1686 1722 λέγει
1708 1654 1755 1705 έν

1932 1024 1998 1079 Et
2039 1027 2149 1079 hate
2177 1024 2391 1092 quidem
2422 1040 2450 1077 a
2488 1025 2584 1080 SS.
2619 1026 2864 1082 Patribus
2911 1027 3262 1095 disputantur.
3313 1024 3417 1078 Sed

1860 1115 1997 1168 haud
2032 1116 2359 1183 tot'spicuum
2382 1123 2460 1169 est
2475 1116 2648 1169 minus
2677 1115 2880 1170 divinas
2903 1115 3146 1176 Litteras,
3176 1130 3307 1182 quas
3336 1130 3417 1168 se-

1840 1209 1968 1259 .(‘tlli
2000 1214 2122 1257 sunt
2144 1205 2308 1258 sancti
2337 1204 2588 1258 Ecclesia:
2619 1205 2804 1260 Patres
2837 1206 3061 1274 idipsum
3090 1205 3305 1270 docere,
3338 1206 3417 1258 ni-

1860 1298 2048 1350 mirum
2081 1297 2243 1349 Deum
2285 1298 2512 1351 Verbum
2544 1298 2894 1365 incarnatum,
2914 1290 2981 1351 et
3003 1314 3066 1352 ex
3095 1306 3279 1351 sancta
3310 1296 3417 1350 Ma-

1859 1384 1936 1437 ria
1988 1384 2203 1450 Virgine
2253 1394 2456 1449 natum,
2512 1394 2567 1439 et
2614 1387 2885 1439 hominem
2931 1387 3128 1440 factum
3174 1401 3311 1440 esse.
3344 1386 3418 1440 Ac

1858 1475 2028 1543 primo
2060 1474 2220 1527 Isaias
2243 1474 2499 1543 propheta
2526 1493 2538 1527 :
2572 1474 2723 1539 Ecce,
2752 1476 2941 1543 inquit,
2974 1475 3129 1546 Virgo
3150 1478 3416 1546 concipiet,

1859 1571 1907 1615 ct
1932 1565 2093 1632 pariet
2123 1567 2308 1632 ﬁlium,
2356 1574 2403 1618 et
2446 1566 2702 1621 vocabitur
2733 1583 2915 1620 nomen
2954 1569 3062 1637 ejus
3091 1566 3415 1634 Emmanuel,

1859 1653 2001 1721 quod
2051 1662 2131 1707 est
2180 1655 2613 1722 interpretatum,
2668 1655 2951 1708 Nobiscum
3001 1656 3156 1709 Deus.
3218 1656 3418 1711 Rursus

188 1748 261 1805 τῷ
289 1741 542 1809 ἑκατοστῷ
566 1742 694 1811 ἕκτῳ
713 1740 916 1810 Ψαλμῷο
946 1757 964 1789 t
984 1739 1260 1796 Ἀπέστειλε
1309 1744 1391 1795 τὸν
1418 1743 1559 1815 λόγον
1579 1746 1755 1811 αὐτοῦ,

1861 1742 2024 1795 Ι).ινὶι1
2051 1742 2307 1812 prephcta
2340 1743 2543 1813 psalmo
2573 1743 2868 1796 centesimo
2909 1752 3061 1797 sexto
3097 1744 3276 1796 canit:
3311 1742 3417 1795 Mi-

187 1832 271 1882 καί
303 1830 480 1884 ἰάσατο
503 1832 704 1892 αὐτοὺς,
741 1833 820 1882 καί
864 1831 1113 1905 ἐρρύσατο
1148 1833 1332 1891 αὐτοὺς
1359 1833 1411 1884 ἐκ
1440 1841 1536 1886 τῶν
1558 1833 1754 1902 διαφθο-

190 1925 291 1991 ρῶν
317 1920 493 1970 αὐτῶν.
519 1935 537 1967 s
565 1915 708 1971 ’Λλλά
748 1921 830 1971 καί
855 1917 881 1970 6
912 1917 1049 1989 ἅγιος
1097 1919 1370 1979 ἀπόστολος
1400 1922 1591 1981 Παῦλος·
1623 1923 1755 1977 οὕτω

188 2005 341 2077 λέγει’
369 2027 385 2055 ε
413 2003 532 2059 Ὀτε
561 2006 589 2060 δ
604 2030 607 2033 λ
632 2004 740 2064 ἦλθε
763 2008 818 2059 τὸ
837 2006 1083 2078 πλήρωμα
1120 2016 1217 2061 τῶν
1244 2017 1444 2082 καιρῶν,
1476 2012 1756 2072 ἐξαπέστει-

191 2094 272 2147 λεν
300 2095 324 2148 ὁ
352 2097 472 2153 Θεὸς
497 2098 579 2148 τὸν
598 2098 706 2149 ν’ὸν
730 2099 886 2150 αὐτοῦ
912 2097 1169 2167 γενὸμενον
1195 2100 1247 2150 ἐκ
1275 2102 1528 2168 γυναικὸς,
1557 2103 1757 2170 γενὸρε·

188 2208 270 2239 νον
300 2189 402 2242 ὐπὸ
429 2188 593 2255 νόμον,
615 2190 695 2240 ἵνα
741 2190 860 2247 τοὺς
908 2189 1008 2242 ῦπό
1053 2189 1201 2258 νόμον
1244 2190 1539 2264 ἐξαγοράσῃ,
1562 2194 1641 2245 ἶνα
1669 2200 1758 2250 τήν

188 2278 440 2329 υόθεσίαν
472 2276 814 2342 ἀπολάβωμεν.
847 2295 865 2327 s
898 2278 1097 2332 Τούτων
1125 2283 1287 2333 τοίνυν
1324 2281 1483 2341 οὕτως
1510 2284 1753 2352 ἑχόντων,

187 2375 267 2429 τίς
293 2370 427 2422 οὕτω
457 2371 701 2435 μαίνεται,
744 2370 878 2424 ὥστε
917 2370 1164 2439 τολμῆσαι
1189 2375 1360 2434 εἰπεῖν,
1392 2373 1469 2427 ὅτι
1499 2373 1756 2448 ἆνθρωτ-ος

186 2456 247 2517 ἦν
294 2460 345 2510 ἐν
390 2466 501 2517 τοῖς
547 2460 802 2527 οὐρανοῖς,
835 2461 1063 2517 κάκεῖνος
1104 2461 1362 2518 ἀπεστάλη
1404 2463 1485 2514 ἶνα
1555 2463 1759 2535 γένηται

185 2547 242 2601 έκ
268 2550 521 2620 γυναικός.
552 2551 634 2600 καί
670 2549 771 2601 ὑπὸ
804 2548 972 2618 εόμονζ
1006 2549 1064 2599 Οἱ
1099 2546 1349 2622 ἅνθρωποι
1389 2552 1486 2624 γὰρ
1530 2553 1631 2621 πρὸ
1671 2560 1758 2610 τῆς

185 2642 279 2691 τοῦ
306 2637 459 2706 λόγου
484 2639 790 2709 σαρκώσεως
818 2638 917 2689 ὑπὸ
948 2637 1091 2703 νόμον
1119 2635 1267 2693 ἦσαν’
1299 2638 1558 2697 αὐτὸς
1590 2639 1613 2691 6
1637 2650 1701 2694 Θε
1734 2664 1758 2702 ς

184 2726 330 2795 λόγος
359 2727 387 2782 6
428 2733 691 2797 μονογενής
717 2729 823 2786 υίὸς
866 2735 952 2780 τοῦ
996 2735 1142 2792 Θεοῦ,
1174 2728 1199 2781 6
1231 2734 1297 2798 μή
1338 2727 1403 2783 ὢν
1444 2732 1543 2783 ὑπὸ
1588 2734 1755 2801 νόμου,

185 2821 452 2880 ἀ).λ“αῦτ”ς
471 2819 695 2877 δεδωκὼς
715 2821 797 2873 τὸν
816 2817 980 2889 νόμον,
1000 2822 1253 2878 ἀνεστάλη
1275 2825 1418 2897 πειρά
1438 2829 1528 2877 τοῦ
1546 2828 1756 2896 πατρὸς,

184 2912 269 2961 καί
300 2911 351 2960 ἐκ
376 2910 603 2979 γυναικὸς
640 2907 899 2978 γενόμενος
938 2910 1132 2978 γέγονεν
1178 2910 1276 2962 ὑπὸ
1307 2910 1473 2975 νόριον,
1503 2912 1585 2964 ἵνα
1627 2916 1760 2972 vim};

184 3001 307 3057 τοὺς
355 2999 456 3051 ὑπὸ
500 2998 644 3068 νόμον
690 2999 1002 3071 ἐξαγοράσῃ,
1030 3002 1113 3051 καὶ
1144 3000 1231 3056 τήν
1273 3000 1519 3054 υἱοθεσίαν
1562 3003 1757 3056 ἀπολα·

187 3092 379 3160 ἕωμεν.

258 3185 319 3232 Ιείί
343 3182 527 3239 τοίνυν,
566 3182 633 3237 ὡς
663 3178 687 3230 6
715 3179 840 3250 γρά-ζ
853 3201 912 3237 ας
936 3184 1024 3239 τήν
1065 3181 1222 3238 ἀσεϐῆ
1254 3183 1428 3240 ἐκείνην
1471 3183 1756 3243 ἐπιστολήν,

183 3274 271 3324 καί
301 3269 326 3325 6
356 3271 603 3342 αἱρετικὸς
631 3268 912 3342 Θεόδωρος,
948 3270 1221 3339 μαίνονται,
1253 3271 1342 3322 οὐκ
1368 3268 1427 3328 ἦν
1452 3272 1642 3333 ἀληθῶς
1678 3275 1761 3325 καὶ

183 3365 372 3435 κυρίως
414 3362 522 3419 υίὸς
570 3367 660 3413 τοῦ
706 3368 832 3414 Θεοῦ
861 3360 884 3412 6
914 3362 1114 3428 τεχθεὶς
1143 3362 1194 3413 ἐκ
1220 3363 1473 3432 γυναικὸς,
1503 3369 1611 3422 πῶς
1637 3362 1760 3421 ἡδύ-

183 3471 304 3505 νατο
319 3454 434 3519 ἡμῖν
450 3451 700 3507 υἱοθεσίας
718 3448 1070 3523 δωρήσασθαι;
1096 3452 1221 3521 “pic
1244 3453 1445 3510 ref-ret;
1465 3453 1762 3523 περιέχεται

182 3543 237 3595 έν
262 3549 327 3614 τῇ
352 3542 477 3608 αὐτῇ
499 3539 950 3609 ἀσεϐεῐέπιστολῇ,
972 3536 1050 3592 ὅτι
1074 3541 1153 3600 τὸ,
1183 3538 1552 3598 ἠλάττωσας
1579 3542 1761 3593 αὐτὸν

180 3630 409 3698 βραχύ
440 3649 499 3681 τι
526 3628 673 3699 παρ’
705 3628 1041 3698 ἀγγέλους,
1069 3629 1154 3680 οὐκ
1181 3626 1513 3682 ἐστιδυνατὸν
1531 3634 1646 3704 περὶ
1673 3638 1761 3688 τῆς

185 3717 421 3776 θεότητος
468 3723 559 3769 τοῦ
602 3723 892 3785 μονογενοῦς
936 3716 1162 3786 ῥηθῆναι·
1196 3714 1317 3792 ὅπερ
1363 3720 1445 3771 καὶ
1487 3719 1649 3788 ὑμεῖς,
1695 3720 1761 3777 ὡς

180 3807 344 3879 ὀρθῶς
383 3804 523 3877 ῥηθὲν
548 3804 894 3879 προτεθείκατε
919 3804 1142 3874 λέγοντες
1159 3844 1173 3867 ,
1206 3802 1287 3858 ὅτι
1313 3809 1429 3877 περὶ
1456 3813 1544 3860 τοῦ
1572 3808 1763 3880 ἀνθρώ-

181 3915 305 3951 που,
339 3896 424 3946 καί
455 3894 584 3963 ρῦχί
626 3895 742 3967 περὶ
787 3899 878 3947 τοῦ
929 3900 1055 3946 Θεοῦ
1105 3893 1251 3963 λόγου
1289 3902 1379 3948 τοῦ
1427 3896 1763 3968 σαρκωθένττις

179 3993 338 4043 τοῦτο
362 3983 574 4038 δύναται
599 3984 848 4055 λέγεσθαι.
869 3980 985 4039 Ὀτι
1008 3983 1060 4049 δέ
1092 3981 1173 4038 καί
1202 3985 1390 4043 ταύτην
1417 3993 1505 4042 τήν
1528 3986 1762 4040 ἀσέϐειαν

180 4075 324 4148 παρὰ
354 4072 615 4146 Θεοδώρου
644 4079 733 4127 τοῦ
763 4074 1010 4141 αἱρετικοῦ
1036 4072 1298 4144 διδαχθείς
1332 4076 1357 4126 ὁ
1384 4080 1472 4131 τήν
1499 4076 1763 4135 ἐπιστολήν

178 4164 389 4237 γράψας
412 4165 478 4216 τά
502 4168 715 4217 τοιαῦτα
744 4164 931 4231 ἑϐλασφ
942 4172 1098 4233 ήμησε
1129 4206 1143 4229 ,
1168 4165 1375 4236 φανερὸν
1401 4170 1689 4235 ποιήσωμεν
1710 4167 1762 4220 ἐκ

178 4262 280 4308 τῶν
309 4262 384 4324 τῷ
416 4255 555 4323 αὐτῷ
606 4252 848 4326 Θεοδώρῳ
890 4256 1156 4328 εἰρημένων
1184 4257 1231 4311 ἓν
1261 4265 1333 4329 τῷ
1367 4259 1594 4328 τετάρτῳ
1633 4258 1762 4328 λόγῳ

179 4354 251 4415 τῷ
272 4346 410 4397 κατά
427 4342 791 4417 ’Δπολιναρίοω
813 4341 964 4413 Ἔχει
981 4343 1032 4398 δέ
1055 4345 1236 4406 οὕτως·
1264 4363 1282 4396 ε
1304 4349 1394 4399 Τὸν
1412 4345 1466 4400 δὲ
1489 4345 1760 4420 ἄνθρωπον,

1858 1830 1924 1883 sit
1963 1829 2177 1883 Verbum
2200 1848 2365 1895 suum,
2397 1841 2445 1883 et
2473 1831 2674 1883 sanavit
2702 1848 2806 1894 eos,
2841 1838 2887 1883 et
2909 1832 3093 1896 eripuit
3118 1847 3208 1883 eos
3247 1832 3308 1883 de
3332 1833 3420 1883 in-

1855 1919 2172 1971 teritionibus
2201 1936 2392 1972 eorum.
2426 1919 2711 1987 Apostolus
2736 1920 2936 1987 pariter
2952 1918 3176 1972 Paulus:
3203 1919 3421 1982 Quando

1856 2018 2042 2071 autent,
2101 2008 2292 2074 inquit,
2338 2010 2475 2060 venit
2520 2008 2784 2077 plenitudo
2825 2009 3083 2076 temporis,
3115 2010 3253 2060 misit
3287 2009 3418 2062 Deus

1856 2094 2052 2148 Filium
2082 2113 2249 2157 suum,
2283 2099 2473 2166 factum
2496 2112 2559 2148 ea:
2588 2096 2818 2154 muliere.
2860 2099 3054 2170 factum
3083 2094 3173 2150 sub
3213 2098 3338 2168 tege,
3363 2108 3419 2150 ut

1857 2202 1939 2239 eos
1963 2187 2047 2255 qui
2074 2187 2162 2240 sub
2189 2187 2295 2256 lege
2316 2195 2462 2239 erant
2494 2188 2782 2255 redimeret,
2813 2194 2869 2239 ut
2908 2188 3234 2257 adoptionem
3276 2190 3418 2258 ﬁlio-

1856 2292 1971 2328 rum
1997 2276 2354 2345 reciperemus.
2389 2273 2516 2339 Qua:
2536 2290 2656 2327 cum
2685 2275 2755 2328 ita
2784 2290 2840 2329 se
2870 2275 3120 2339 habeant,
3140 2276 3257 2343 quis
3283 2277 3418 2331 adeo

1855 2363 2102 2431 desipict,
2154 2372 2211 2416 ut
2256 2363 2433 2417 dicere
2479 2364 2670 2417 audeat
2718 2358 2989 2418 hominem
3030 2367 3332 2435 quempiam
3365 2367 3418 2423 in

1857 2455 2003 2508 cwlis
2029 2453 2209 2517 fuisse,
2259 2455 2536 2521 ipsumque
2562 2456 2778 2508 missum
2824 2469 2962 2517 esse,
3016 2464 3073 2507 ut
3101 2470 3162 2508 ex
3197 2457 3419 2511 muliere

1857 2553 2015 2610 atque
2042 2543 2138 2597 sub
2170 2544 2284 2609 lege
2311 2546 2660 2597 nasceretur?
2692 2543 2898 2598 Etenim
2920 2534 3173 2598 homines
3202 2548 3417 2613 quidem

1858 2641 1981 2684 ante
2029 2631 2453 2685 lncarnationem
2503 2633 2601 2685 sub
2632 2632 2747 2699 lege
2793 2642 2982 2697 erant;
3027 2643 3081 2686 at
3128 2634 3241 2703 ipse
3282 2636 3417 2689 Deus

1863 2722 2086 2775 Verbum
2120 2722 2419 2789 unigenitus
2448 2723 2539 2775 Dei
2571 2721 2750 2787 Filius,
2786 2723 2876 2791 qui
2908 2739 3011 2777 non
3035 2726 3420 2792 subjicicbatur

1858 2811 1978 2875 legi,
2009 2811 2102 2864 sed
2131 2820 2244 2864 erat
2271 2812 2382 2879 ipse
2411 2811 2699 2877 legislator,
2752 2812 2940 2865 missus
2969 2822 3050 2866 est
3079 2829 3105 2865 a
3133 2812 3307 2878 Patre,
3365 2824 3419 2870 et

1862 2901 2035 2955 lactus
2064 2917 2130 2954 ex
2159 2902 2400 2966 muliere,
2452 2903 2622 2954 lactus
2664 2911 2747 2955 est
2774 2905 2873 2956 sub
2904 2904 3037 2970 lege,
3090 2914 3147 2958 ut
3178 2920 3293 2967 nos,
3329 2905 3418 2973 qui

1857 2993 1957 3045 sub
1984 2992 2098 3059 lege
2127 3005 2357 3056 eramus,
2391 2991 2694 3054 redimeret,
2730 2998 2783 3044 ut
2814 2991 3152 3061 adOptionem
3195 2993 3419 3051 liliorum

1777 3077 1823 3136 C
1856 3080 2232 3146 reciperemus.

1929 3168 1985 3223 Si
2015 3170 2193 3237 itaque
2223 3169 2268 3221 is
2293 3167 2382 3235 qui
2412 3182 2479 3221 ex
2511 3167 2733 3221 muliere
2762 3175 2918 3220 natus
2947 3177 3057 3230 cst,
3090 3183 3216 3222 vere
3246 3168 3428 3222 eseelv

1858 3260 2136 3327 lenterque
2163 3275 2267 3312 non
2303 3258 2441 3313 foret
2470 3258 2563 3312 Dei
2596 3259 2781 3323 Filius,
2830 3260 3275 3327 quemadmodmn
3324 3260 3418 3313 im-

1861 3350 1960 3417 pia:
1988 3350 2130 3404 illius
2156 3348 2407 3417 epistolae
2432 3346 2662 3417 scriptor
2691 3350 3080 3417 ltmreticusque
3109 3349 3421 3407 Theodorus

1860 3439 2037 3507 inepte
2068 3441 2414 3504 contendunt,
2444 3440 2712 3508 quomodo
2742 3443 2999 3509 potuisset
3024 3442 3173 3495 nobis
3198 3443 3422 3497 liliorum

1861 3536 2201 3604 adoptionem
2232 3536 2477 3603 elargiri?
2508 3535 2773 3589 Praeterea
2805 3540 2856 3589 in
2883 3538 3201 3591 exsecrabili
3229 3553 3289 3592 ea
3321 3542 3434 3606 epi-

1860 3627 1998 3681 stola
2028 3628 2332 3681 continetur
2358 3626 2483 3680 illud
2513 3628 2720 3695 psalmi,
2752 3629 2981 3681 minuisti
3011 3645 3124 3681 eum
3148 3630 3300 3696 paulo
3330 3629 3429 3680 nti.-

1860 3732 1958 3769 nus
1984 3715 2048 3768 ab
2078 3718 2299 3787 angelis,
2338 3716 2555 3769 minime
2585 3716 2838 3769 aflirmari
2877 3732 3033 3785 posse
3060 3718 3128 3770 de
3158 3715 3422 3784 Unigeniti

1861 3805 2136 3859 divinitate
2156 3805 2355 3859 dictum
2386 3819 2520 3869 esse,
2554 3805 2697 3873 quod
2721 3819 2838 3872 vos,
2867 3821 2963 3858 ceu
3000 3805 3265 3859 catholice
3294 3820 3419 3874 pro-

1863 3895 2163 3950 nuntiatum
2192 3894 2394 3962 pariter
2422 3893 2793 3963 proposuistis,
2821 3894 3024 3947 aientes
3053 3895 3283 3957 homini,
3314 3909 3420 3948 non

1863 3991 2041 4036 autem
2067 3982 2240 4036 Verbo
2270 3982 2544 4035 incantato
2576 3981 2626 4034 id
2659 3982 2814 4034 tribui
2845 3997 3023 4049 posse.
3071 3981 3219 4036 llanc
3245 3993 3422 4037 autem

1862 4073 2106 4127 similiter
2134 4072 2460 4140 impietatem
2493 4071 2559 4123 ab
2591 4071 2842 4123 bteretico
2871 4070 3154 4123 TheoJoro
3175 4071 3423 4126 edoctum

1861 4161 2100 4231 epistola:
2118 4162 2428 4229 scriptorem
2444 4157 2702 4225 ejusmodi
2725 4158 3005 4225 protulisse
3020 4158 3423 4226 blasphemiam.

1861 4249 2198 4324 perspicuum
2228 4264 2259 4302 a
2286 4248 2442 4303 nobis
2471 4247 2560 4301 llet
2587 4262 2653 4301 ex
2681 4248 2745 4301 iis
2774 4261 2892 4316 quae
2919 4247 3149 4314 ipsemet
3178 4247 3420 4303 Theodo-

1862 4357 1953 4396 rus
1982 4339 2199 4395 disserit
2242 4339 2296 4392 in
2324 4346 2517 4406 quarto
2546 4338 2797 4391 adversus
2835 4337 3219 4406 Apollinarium
3264 4339 3419 4394 libro.

177 4436 299 4508 περὶ
340 4431 405 4487 οὗ
444 4435 613 4487 ταῦτά
658 4454 803 4505 φησιν
849 4432 875 4489 6
918 4439 1194 4507 προφήτης,
1225 4443 1396 4507 σαφῶς
1444 4436 1469 4490 6
1512 4438 1755 4510 μακάριος

1863 4450 1882 4483 ι
1911 4428 2212 4495 Hominem,
2240 4428 2430 4496 inquit,
2459 4427 2526 4480 de
2550 4440 2658 4493 quo
2683 4425 2944 4494 propheta
2975 4425 3226 4493 loquitur,
3254 4427 3421 4479 mani-

175 4523 323 4582 δηλοῖ
348 4523 564 4586 Παῦλος,
588 4524 670 4576 τὸν
691 4523 791 4581 ὑπὸ
819 4531 908 4577 τοῦ
938 4530 1229 4597 μονογενοῦς
1254 4526 1538 4596 εἰλημμένον
1564 4524 1755 4602 ἄνθρω-

177 4635 276 4668 πον
303 4610 452 4673 εἶναι’
486 4616 697 4687 εἰρηκὼς
724 4615 840 4691 γὰρ,
864 4611 941 4667 ὄτι
967 4612 1339 4690 διεμαρτύρατο
1366 4616 1418 4671 δέ
1443 4619 1544 4671 πού
1570 4638 1644 4678 τις
1674 4618 1754 4675 λέ·

177 4725 307 4776 γων,
331 4732 403 4744 -
426 4707 488 4757 Τί
512 4708 653 4761 ἔστιν
691 4703 964 4781 ἄνθρωπος,
994 4704 1075 4760 ὅτι
1100 4710 1351 4781 μιμνήσκῃ
1380 4709 1562 4773 αὐτοῦ,
1589 4708 1620 4768 ἦ
1647 4712 1755 4769 υίὸς

120 4842 125 4851 ,
176 4795 468 4868 ἀνῐδρὼπου,
504 4792 580 4847 ὅτι
622 4796 895 4867 έπισκέπτῃ
922 4793 1101 4857 αῦτὸνς
1130 4796 1428 4858 ἠλάττωσας
1455 4800 1602 4854 αὐτὸν
1626 4801 1755 4871 βρα-

178 4884 257 4951 χύ
280 4904 330 4937 τι
361 4884 489 4957 παρ’
509 4884 777 4955 ἀγγέλους,
811 4882 924 4955 δόξῃ
952 4889 1033 4938 καί
1057 4894 1176 4957 τιμῇ
1206 4889 1548 4961 ἐστεφάνωσας
1577 4893 1744 4952 αὐτὸν,

176 4975 264 5027 καί
293 4975 611 5033 κατέστησας
656 4977 804 5029 αὐτὸν
846 4978 931 5029 ἐπὶ
975 4978 1040 5030 τά
1081 4975 1212 5047 ἔργα
1256 4986 1353 5031 τῶν
1401 4989 1589 5053 χειρῶν
1630 5003 1744 5044 σου,

176 5068 347 5122 πάντα
368 5068 624 5129 ὑπέταξας
648 5066 885 5124 ὑποκάτω
914 5075 1011 5123 τῶν
1038 5067 1204 5123 ποδῶν
1231 5072 1387 5125 αὐτοῦ
1404 5112 1419 5136 ,
1448 5100 1512 5111 -
1542 5073 1743 5145 iniu/et“

177 5156 351 5211 -Τὸν
374 5153 425 5208 δὲ
450 5156 631 5231 βραχύ
660 5179 709 5212 τι
730 5157 852 5228 παρ’
873 5157 1112 5229 ἀγγέλους
1132 5159 1466 5231 ἠλαττωμένον
1503 5159 1749 5234 βλέπομεν

175 5242 397 5308 Ἰησοῦν,
428 5244 512 5303 διὰ
539 5247 597 5300 τὸ
619 5248 826 5320 πάθημα
848 5254 937 5301 τοῦ
964 5248 1175 5301 Θανάτου
1209 5246 1321 5320 δόξῃ
1360 5251 1439 5303 καί
1462 5258 1579 5321 τιμῇ
1601 5250 1751 5307 ἐστε-

175 5337 484 5406 φανωμένον⁹
499 5344 744 5409 -σαφῶς
764 5334 952 5395 dum);
973 5335 1049 5391 ὅτι
1066 5343 1253 5395 Ἰησοῦς
1282 5334 1537 5411 ἄνθρωπος
1558 5343 1673 5413 περὶ
1696 5337 1754 5393 οὗ

176 5423 202 5478 ὁ
228 5426 479 5504 μακάριός
501 5448 622 5497 φησι
650 5425 802 5480 Δαϐὶδ
831 5427 1212 5496 ἐκπληττόμενος
1238 5425 1315 5481 ὅτι
1337 5429 1365 5485 ἡ
1389 5428 1496 5480 θεία
1520 5428 1668 5497 φύσις
1697 5430 1754 5488 ἦν

178 5512 311 5586 ἴσχε
338 5517 454 5572 τότε
475 5520 629 5571 αὐτοῦ
652 5519 957 5575 ποιήσασθαι
976 5522 1167 5589 μνήμην
1192 5517 1333 5587 (sic)'
1358 5521 1439 5573 καί
1465 5517 1623 5577 δήκαὶ
1646 5521 1755 5574 έπι-

178 5603 407 5673 σκέψεως
425 5607 687 5670 ἀξιώσασα
708 5612 908 5667 οἰκείας·
933 5609 1113 5681 βραχύ
1137 5610 1223 5676 μέν
1244 5631 1293 5664 τε
1317 5609 1454 5683 παρά
1473 5611 1591 5667 τοὺς

180 5686 296 5751 huc
312 5696 460 5751 αὑτὸν
478 5697 765 5755 ήλάττωσαι
781 5694 899 5760 (sic:
917 5701 972 5754 το
990 5720 1044 5760 γε
1060 5702 1269 5755 ζσασῦαι
1292 5708 1501 5757 ποιῆσαι
1519 5701 1751 5764 θανάτου,

1858 4519 1992 4575 [este
2006 4518 2197 4575 beatus
2216 4517 2414 4571 indicat
2432 4514 2647 4581 Paulus,
2669 4529 2791 4568 eum
2807 4528 2926 4568 esse
2946 4515 3037 4581 qui
3053 4516 3120 4568 ab
3138 4512 3421 4583 Uuigenito

1858 4619 2160 4679 assumptus
2187 4617 2308 4673 est;
2338 4607 2582 4675 inquiens
2610 4604 2799 4678 [Gr-ate.
2835 4619 2957 4659 cum
2996 4605 3135 4661 enim
3179 4607 3419 4681 dixisset}

1860 4701 2216 4757 testimonium
2242 4700 2309 4754 de
2338 4700 2453 4768 ipso
2490 4712 2611 4753 esse
2638 4699 2906 4768 prolatum
2946 4698 3013 4750 ab
3045 4712 3113 4750 eo
3154 4698 3244 4765 qui
3288 4699 3419 4752 dixit

1860 4790 2029 4863 (I’sat.
2057 4805 2168 4856 vnt,
2188 4789 2220 4844 5
2236 4787 2539 4860 seq.):Quid
2564 4797 2637 4841 est
2661 4788 2811 4842 homo
2832 4786 2965 4859 quod
3001 4803 3192 4840 memor
3211 4803 3265 4839 es
3285 4787 3416 4855 ejus,

1857 4890 1943 4934 aut
1965 4882 2102 4951 ﬁlius
2132 4880 2370 4942 hominis,
2394 4880 2513 4949 quia
2542 4878 2834 4931 considems
2859 4877 3014 4930 eum?
3036 4875 3270 4928 Minuisti
3304 4891 3419 4929 eum

1853 4971 2195 5063 pauttuninus
2209 4967 2271 5019 ab
2293 4968 2516 5036 angelis;
2539 4967 2703 5036 gloria
2723 4976 2770 5019 et
2792 4967 2982 5018 honore
3004 4964 3261 5017 coronasti
3280 4979 3417 5031 eum,

1853 5077 1902 5121 et
1923 5058 2228 5119 constituisti
2244 5078 2357 5116 eum
2376 5078 2527 5129 super
2546 5078 2701 5131 opera
2721 5077 2962 5114 manuum
2985 5069 3218 5123 tuarum;
3243 5058 3417 5112 omnia

1856 5156 2112 5226 subjecistt
2162 5154 2253 5207 sub
2281 5153 2491 5224 pedibus
2545 5153 2673 5222 ejus,
2706 5153 2784 5207 sic
2817 5152 2988 5221 pergit
3014 5150 3197 5221 (Hebr.
3229 5165 3284 5214 ιι,
3318 5147 3413 5221 9):

1858 5246 2174 5300 Ninoratunt
2194 5260 2310 5298 vero
2331 5244 2483 5313 paulo
2503 5245 2670 5297 minus
2690 5241 2754 5295 ab
2773 5242 2971 5312 angelis
2992 5240 3216 5293 videmus
3236 5238 3415 5294 Iesum

1851 5345 2061 5409 propter
2085 5336 2376 5406 passionem
2391 5335 2591 5399 mortis,
2605 5334 2773 5405 gloria
2791 5343 2840 5386 et
2861 5333 3052 5385 honore
3071 5341 3373 5385 coronatum
3395 5346 3415 5385 :

1852 5429 2129 5483 evidenter
2153 5426 2430 5481 declarans
2449 5424 2628 5479 Jesum
2648 5440 2772 5479 eum
2793 5423 3062 5477 hominem
3083 5435 3203 5476 esse
3222 5419 3288 5475 de
3307 5435 3414 5489 quo
3440 5458 3468 5481 .

1850 5526 2067 5574 sanctus
2096 5518 2325 5585 loquitur
2351 5515 2514 5569 David
2538 5523 2758 5586 stupore
2784 5512 3023 5578 allectus,
3053 5510 3199 5580 quod
3224 5509 3415 5565 divina

1851 5624 2009 5677 quam
2053 5608 2280 5663 habebat
2328 5614 2529 5661 natura:
2574 5604 2647 5659 ibi
2691 5603 2893 5659 mentio
2940 5603 3079 5657 facta
3126 5608 3306 5665 esset;
3356 5609 3413 5657 et

1856 5699 1995 5771 quod
2023 5701 2235 5764 propria
2285 5700 2455 5764 ipsum
2495 5697 2740 5763 dignatus
2769 5704 2910 5751 esset
2938 5689 3280 5749 \‘isitatione:
3320 5693 3421 5747 nti-
