3958 6288
517 234 652 304 1063

1831 241 2264 302 IUthNIANI
2308 242 2463 302 1MP.

3666 225 3826 292 1064

525 366 638 434 διξῃ
675 361 726 420 δὲ
755 363 908 418 αὐτόν
953 363 1033 416 καὶ
1069 367 1197 434 ,τιμῇ
1225 359 1366 429 πάσῃ
1399 356 1702 430 τεέριϐἰιύεῖλο⁹
1737 355 1866 407 ὥστε
1901 359 1983 404 καὶ
2013 375 2098 416 zu:
2135 394 2138 408 ,

2243 371 2440 402 υιιιιεςιη
2483 367 2596 401 vero
2627 347 2783 415 paulo
2815 348 2982 400 minus
3013 345 3074 399 ab
3123 347 3342 418 angelis,
3391 345 3525 415 quia
3555 355 3819 401 mortem

518 451 638 522 ’ριον
667 455 916 524 ἀποφῆναι
937 458 1036 504 τῶν
1073 449 1306 504 ἁπάντων
1335 445 1418 502 διὰ
1444 454 1534 506 τῆς
1573 445 1697 520 πρὸς
1745 444 1920 498 ἑαυτὸν
1949 464 2104 496 συνα-

532 547 690 620 φείας.
721 562 741 594 ε
767 544 856 596 καί
873 541 1018 596 πάλιν
1037 541 1088 594 ἐν
1107 548 1170 614 τῇ
1194 539 1430 616 ἑρμηνείᾳ
1449 543 1540 592 τοῦ
1564 535 1739 608 ὀγδόου
1764 535 1967 606 ψαλμοῦ
1990 539 2108 608 περί

533 639 625 691 τοῦ
663 633 816 687 αὐτοῦ
858 629 1013 702 ῥητοῦ
1040 629 1066 683 δ
1091 630 1246 688 αὐτὸς
1289 628 1479 687 ἀσεϐής
1513 625 1772 700 Θεόδωρος
1800 625 1932 680 οὕτω
1957 625 2107 694 λέγει’

541 742 560 774 ε
583 726 674 779 Διά
689 729 839 778 τοῦτο
857 722 1024 774 τοίνυν
1042 725 1132 778 τὴν
1151 721 1239 790 μὲν
1256 715 1489 791 διαφορὰν
1505 723 1594 771 τοῦ
1617 737 1672 770 τε
1694 722 1822 770 Θεοῦ
1837 716 2002 784 λόγου,
2025 717 2112 768 καὶ

535 820 622 868 τοῦ
653 812 1010 884 ἀναληφθέντος
1045 811 1330 882 ἀνθρώπου,
1361 808 1614 863 τοσαύτην
1657 808 1780 875 ἡμῖν
1817 803 2060 859 δείκνυσιν
2087 804 2112 859 6

538 903 752 975 ψαλμός·
797 899 1070 974 διῃρημένα
1108 898 1162 954 δὲ
1207 905 1374 955 ταῦτα
1416 901 1463 952 ἐν
1506 905 1569 973 τῇ
1613 907 1754 970 καινῇ
1795 897 2001 970 διαθήκη
2038 898 2115 950 εύ-

539 1001 782 1070 ρίσκεται,
808 999 896 1050 τοῦ
925 995 1014 1064 μέν
1041 997 1218 1068 κυρίου
1249 991 1518 1059 ἐφ’ἒαυτόν
1543 990 1884 1060 λαμϐάνοντος
1911 989 1973 1043 τὰ
1991 988 2116 1063 πρό-

540 1107 664 1158 τερα
705 1090 792 1138 τοῦ
821 1083 1046 1155 ψαλμοῦ,
1095 1084 1146 1136 ἐν
1198 1078 1270 1142 οἶς
1299 1085 1510 1141 ποιητήν
1545 1102 1600 1136 τε
1643 1081 1790 1134 αὑτὸν
1833 1074 1955 1132 εἷναί
1995 1099 2117 1149 φησι

539 1182 632 1234 τῆς
655 1174 884 1234 κτίσεως,
911 1175 996 1226 καί
1025 1172 1300 1242 ἐπηρμένην
1329 1169 1360 1224 ἕ
1362 1191 1476 1240 χειν
1506 1171 1740 1243 ὑπεράνω
1768 1175 1866 1222 τῶν
1903 1171 2117 1242 οὖρανῶν

543 1269 631 1321 τήν
677 1263 1136 1336 μεγαλοπρέπειαν,
1163 1264 1242 1316 καὶ
1287 1262 1741 1330 τεθαυμαστῶσθαι
1785 1259 1834 1311 ἐν
1877 1260 2018 1328 πάσῃ
2056 1265 2120 1330 τῇ

545 1363 630 1429 γῇ·
661 1361 753 1409 τοῦ
781 1353 833 1409 δέ
862 1353 1150 1408 ἀποστόλου
1173 1351 1250 1408 τά·
1269 1351 1482 1428 δεύτερα
1511 1354 1573 1407 τά
1599 1355 1718 1425 περὶ
1743 1357 1832 1405 τοῦ
1860 1352 2120 1428 ἀνθρώπου

547 1454 638 1504 τῆς
676 1445 934 1504 τοσαύτης
979 1444 1274 1518 εὐεργεσίας
1313 1442 1698 1505 καταξιωθέντος
1728 1441 1812 1494 ἐπὶ
1839 1446 1930 1494 τοῦ
1957 1441 2120 1497 Ἰησοῦ

549 1534 915 1606 λαμϐάνοντος,
957 1541 1067 1592 πῶς
1107 1535 1164 1586 ού
1207 1531 1453 1607 πρόδηλον
1501 1529 1578 1588 ὅτι
1603 1524 1898 1604 ἕτερον’μὴ
1935 1533 2069 1602 ἡμᾶς
2093 1533 2124 1589 ἡ

551 1625 658 1678 θεία
683 1629 844 1702 γραφὴ
882 1621 1104 1678 διδάσκει
1143 1629 1313 1696 σαφῶς
1342 1619 1466 1676 εἶναι
1499 1625 1586 1678 τὸν
1613 1624 1736 1677 Θεὸν
1772 1623 1935 1696 λόγον,
1956 1623 2124 1696 ἕτερον

2209 449 2327 495 erat
2354 445 2684 514 gustaturus,
2716 437 2885 507 gloria
2923 451 3086 508 porro
3115 445 3172 490 et
3197 437 3402 490 honore
3432 436 3816 498 εἰτοιιιιιιιςις-ε,

2210 535 2282 588 ita
2312 541 2373 586 ut
2407 531 2664 586 Dominus
2708 530 2874 584 etiam
2919 527 3338 582 constitueretur
3382 524 3816 579 universorum,

2209 625 2279 680 ob
2323 638 2476 678 suam
2521 637 2644 677 cum
2692 621 2814 691 ipso
2859 617 3320 687 conjunctionem.
3367 615 3436 668 Et
3482 613 3708 666 iterum
3761 608 3818 661 in

2209 713 2545 782 expositione
2571 711 2747 766 octavi
2779 709 2966 778 psalmi
3017 708 3087 763 de
3126 707 3315 762 eodem
3347 705 3552 776 prolati
3605 701 3816 771 impius

2212 803 2352 858 idem
2379 800 2694 855 Theodorus
2720 799 2836 852 lucc
2863 799 3058 852 habet:
3089 817 3106 848 ε
3131 796 3258 851 Ideo
3279 808 3409 862 ergo
3432 791 3814 848 differentiam

2213 891 2429 960 quidem
2461 890 2555 945 Dei
2583 889 2778 961 Verbi,
2813 896 2871 943 et
2909 889 2976 942 ab
3023 888 3142 957 ipso
3179 887 3382 956 recepti
3412 885 3664 940 hominis
3694 894 3813 937 tan-

2216 992 2323 1036 tam
2352 981 2508 1036 nobis
2532 979 2767 1035 ostendit
2797 979 2884 1034 hic
2923 977 3180 1048 psalmus.
3233 975 3408 1031 Divisa
3437 990 3580 1030 vero
3609 976 3732 1030 lucc
3761 977 3812 1027 iu

2216 1070 2366 1125 Novo
2414 1068 2760 1124 Testamento
2803 1067 3166 1137 reperiuntur,
3215 1065 3448 1120 Domino
3494 1064 3732 1134 quidem
3763 1066 3813 1118 in

2219 1177 2278 1217 se
2317 1161 2617 1230 accipiente
2643 1157 2936 1228 primordia
2959 1156 3174 1228 psalmi,
3225 1156 3279 1211 in
3315 1156 3509 1226 quibus
3536 1154 3810 1210 {acuirem

2219 1267 2342 1308 eum
2370 1250 2502 1306 dicit
2528 1265 2650 1304 esse
2679 1256 2960 1313 creatum,
3004 1255 3061 1302 et
3101 1247 3370 1302 elevatam
3397 1245 3616 1300 habere
3654 1261 3813 1314 super

2221 1341 2384 1396 cmlos
2413 1339 2880 1408 magniﬁcentiam,
2935 1346 2992 1392 et
3040 1336 3312 1403 miriﬁcari
3358 1335 3412 1390 in
3456 1335 3616 1390 omni
3650 1344 3806 1389 terra.

2224 1430 2487 1500 Apostolo
2509 1438 2687 1484 autem
2712 1429 2938 1498 reliqua,
2979 1442 3100 1498 qua:
3138 1425 3209 1482 de
3255 1425 3479 1480 homine
3525 1435 3686 1488 sunt,
3723 1425 3810 1492 qui

2224 1520 2543 1577 benclicium
2571 1520 2792 1574 meritus
2819 1527 2924 1585 est,
2941 1517 3010 1572 de
3029 1515 3158 1573 Jesu
3181 1516 3500 1586 accipiente,
3532 1515 3809 1584 quomodo

2226 1627 2334 1666 non
2365 1609 2726 1672 manifestum,
2756 1608 2902 1678 quod
2932 1608 3158 1662 alterum
3188 1607 3402 1676 quidem
3445 1605 3638 1661 divina
3667 1606 3808 1660 Scri-

552 1711 606 1769 δέ
630 1716 714 1768 τὸν
739 1711 1022 1791 ἅνθρωπονς
1056 1714 1240 1772 πολλήν
1277 1734 1330 1769 τε
1361 1715 1524 1769 αὐτῶν
1552 1709 1704 1768 οὖσαν
1735 1711 1985 1770 δείκνυσι)
2011 1716 2128 1784 ἡμῖν

2243 1710 2386 1772 ptura
2413 1700 2570 1756 docet
2597 1699 2874 1754 evidenter
2911 1713 3033 1753 esse
3073 1697 3241 1753 Deum
3271 1696 3534 1764 Verbum,
3585 1697 3809 1752 alterm

553 1811 642 1865 την
669 1805 927 1880 διαφράν.
963 1815 1018 1857 '0
1051 1808 1140 1874 μὲν
1175 1807 1275 1878 γάρ
1305 1809 1618 1875 μνημονεύει,
1659 1804 1685 1859 6
1715 1803 1768 1860 δὲ
1805 1813 1896 1866 τῆς
1933 1810 2128 1877 μνήμης

555 1895 895 1959 καταξιοῦταιῖ
939 1896 1024 1948 καὶ
1065 1894 1091 1948 6
1124 1897 1216 1964 μὲν
1259 1896 1652 1960 ἑπισκέπτεται,
1683 1895 1708 1948 ὁ
1739 1893 1792 1949 δέ
1825 1899 1908 1948 καὶ
1938 1897 2130 1956 ταύτης

556 1985 935 2054 καταξιούμενος
963 1988 1318 2057 μακαρίζεται·
1351 1987 1436 2038 καὶ
1466 1985 1492 2039 6
1519 1987 1610 2056 μέν
1644 1987 1912 2060 εὐεργετῶν
1936 1987 2133 2043 ἐλαττοῖ

557 2075 735 2148 βραχύ
770 2095 824 2128 τι
867 2074 990 2150 παρ’
1011 2075 1256 2146 ἀγγέλους
1278 2115 1290 2132 .
1322 2073 1348 2128 6
1372 2073 1434 2142 ,δὲ
1463 2075 1794 2149 εὑεργετεῖται
1817 2078 1901 2130 καὶ
1952 2077 2034 2131 ἐπὶ
2070 2083 2133 2148 τῇ

557 2165 766 2236 τοιαύτῃ
791 2165 1079 2220 ἐλαττώσειο
1111 2168 1196 2218 καὶ
1223 2163 1248 2219 6
1279 2167 1369 2236 μὲν
1407 2165 1524 2239 δόξῃ
1549 2169 1631 2219 καὶ
1657 2175 1777 2239 τιμῇ
1820 2175 2075 2240 στεφανοῖ,
2107 2167 2134 2222 6

558 2253 612 2310 δὲ
641 2262 988 2326 στεφανοῦται,
1031 2257 1114 2310 καὶ
1148 2257 1234 2310 ἕπε
1265 2259 1464 2316 τούτοις
1505 2260 1861 2330 μακαρίζεται·
1887 2262 1971 2312 καὶ
1998 2258 2023 2312 6
2047 2261 2136 2330 μὲν

559 2347 868 2404 κατέστησεν
897 2349 1051 2400 αύτείν
1073 2347 1160 2400 ἐπὶ
1179 2348 1348 2402 πάντα
1369 2349 1434 2400 τά
1461 2345 1588 2422 ἔργα
1612 2357 1712 2402 τῶν
1741 2355 1930 2424 χειρῶν
1956 2351 2133 2416 αὑτοῦ,

561 2437 646 2489 καὶ
687 2439 858 2492 πάντα
900 2437 1146 2500 ὑπέταξεν
1188 2437 1427 2490 ὑποκάτω
1466 2445 1566 2492 τῶν
1606 2437 1775 2492 ποδῶν
1802 2441 1962 2494 αὑτοῦ
1984 2481 1995 2498 .
2026 2440 2050 2494 6
2083 2439 2136 2494 δέ

563 2525 840 2587 κατηξιώθη
863 2529 952 2578 τοῦ
983 2523 1250 2588 δεσπόζειν
1273 2527 1488 2590 τούτων,
1514 2521 1580 2580 ὧν
1603 2527 1850 2602 πρότερον
1879 2530 1969 2582 οὑκ
1999 2525 2113 2600 εἶχε

566 2617 656 2670 τήν
684 2613 930 2676 ἕξουσίαν.
969 2629 986 2662 ε

633 2705 732 2768 neti.
774 2708 939 2756 ταῦτα
987 2705 1080 2773 μὲν
1119 2702 1144 2758 ό
1185 2705 1378 2766 ἀσεϐής
1423 2705 1710 2780 Θεόδωρος,
1751 2713 1830 2764 καὶ
1865 2713 1897 2768 ἡ
1933 2715 2142 2786 μυσαρά

566 2791 722 2848 εκείνη
777 2792 1008 2850 ἐπιστολή
1051 2793 1411 2866 βλασφημοῦσι
1458 2807 1680 2872 φανερῶς
1724 2799 1952 2872 λέγοντες
2000 2800 2143 2857 ἄλλον

568 2877 692 2936 εἶναι
730 2883 814 2937 τὸν
854 2885 978 2937 Θεὸν
1019 2883 1186 2956 λόγον,
1215 2889 1299 2940 καὶ
1345 2883 1489 2941 ἄλλον
1535 2891 1621 2944 τῖν
1670 2892 1916 2964 Χριστὸν,
1944 2891 2017 2954 οἷς
2063 2898 2146 2948 καὶ

568 2973 716 3039 ὑμεῖς
741 2971 1120 3034 ἀκο).ο·.θοῦντες
1163 2982 1534 3051 γεγραφήκατε,
1575 2979 1651 3036 ὅτι
1677 2984 1734 3037 τὸ
1752 3023 1766 3047 ,
1801 3000 1821 3034 ε
1842 2985 2144 3047 ἠλάττωσας

2229 1807 2360 1846 vero
2387 1789 2690 1846 hominem?
2728 1796 2785 1843 et
2807 1789 3031 1842 multam
3061 1801 3249 1842 eorum
3279 1786 3434 1841 nobis
3461 1800 3591 1842 esse
3633 1793 3808 1840 osten-

2228 1883 2308 1938 dit
2331 1879 2708 1936 diﬂ'erentiam.
2738 1877 2872 1932 Nam
2901 1877 3006 1933 iste
3029 1876 3245 1946 quidem
3267 1884 3558 1940 memorat,
3593 1874 3688 1932 ille
3714 1891 3804 1932 au-

2229 1991 2341 2037 tem
2381 1977 2696 2034 memoriam
2743 1985 3146 2042 eommeretur;
3193 1976 3298 2030 iste
3342 1975 3568 2046 quidem
3613 1977 3804 2042 visitat,

2231 2070 2367 2124 alter
2395 2077 2592 2142 autem.
2613 2066 2974 2120 visitationem
3005 2080 3126 2120 eam
3157 2073 3548 2130 commoretur,
3597 2065 3806 2122 beatus’

2232 2174 2338 2230 que
2363 2158 2600 2224 dicitur;
2647 2164 2704 2212 et
2749 2157 2852 2211 iste
2879 2155 3096 2225 quidem
3123 2155 3444 2210 beneﬁcium
3484 2155 3673 2211 dando
3720 2157 3807 2210 mi-

2235 2248 2351 2303 nuit
2377 2247 2538 2317 paulo
2565 2247 2743 2300 minus
2765 2245 2832 2300 ab
2861 2245 3088 2315 angelis.
3119 2244 3208 2299 ille
3235 2252 3418 2299 autem
3446 2253 3506 2300 et
3525 2259 3628 2314 per
3657 2247 3807 2300 talem

2235 2338 2586 2394 minutionem
2614 2336 2932 2392 beneﬁcium
2974 2335 3170 2406 accipit
3195 2353 3210 2402 ;
3239 2345 3298 2391 et
3325 2337 3426 2392 iste
3449 2337 3678 2406 quidem
3704 2338 3810 2406 glo—

2238 2431 2314 2484 ria
2367 2439 2421 2484 et
2459 2430 2667 2484 honore
2715 2436 2963 2496 coronat,
3009 2428 3148 2484 alter
3186 2437 3365 2482 autem
3411 2437 3736 2496 coronatur,
3765 2437 3810 2483 et

2239 2528 2526 2591 pr0pterea
2555 2523 2746 2575 beatus
2775 2519 3008 2585 dicitur;
3056 2528 3112 2574 et
3138 2519 3242 2574 iste
3275 2519 3496 2589 quidem
3540 2522 3810 2575 constituit

2241 2611 2422 2680 ipsum.
2439 2625 2602 2680 super
2629 2610 2810 2665 omnia
2855 2624 3020 2680 opera
3049 2624 3302 2663 manuum
3347 2608 3482 2677 ejus,
3531 2611 3814 2678 omniaque

2241 2703 2472 2772 subjecit
2510 2703 2608 2755 sub
2649 2701 2875 2771 pedibus
2917 2700 3056 2770 ejus,
3098 2701 3238 2756 alter
3266 2709 3444 2755 autem
3475 2701 3721 2756 meritus
3745 2708 3812 2755 est

2243 2794 2505 2851 dominari
2527 2793 2604 2848 eis
2627 2807 2852 2862 quorum
2875 2802 3032 2848 antea
3059 2807 3164 2848 non
3187 2793 3420 2848 habebat
3439 2800 3814 2864 potestatem.»

2245 2884 2514 2938 Hactenus
2560 2881 2755 2951 impius
2782 2880 3118 2948 Theodorus,
3165 2883 3414 2938 similiter
3459 2891 3634 2954 atque
3677 2898 3819 2939 exse-

2247 2973 2462 3030 crabilis
2487 2973 2717 3042 epistola
2743 2973 3120 3043 blasphemant
3150 2983 3338 3044 aperte
3361 2975 3532 3030 alium
3563 2975 3668 3031 Dei
3697 2975 3818 3031 Ver-

567 3057 724 3115 αὑτόν
747 3061 928 3136 βραχύ
957 3085 1016 3119 τι*
1041 3065 1167 3138 παρ’
1194 3067 1452 3139 ἀγγέλους,
1487 3089 1506 3119 ε
1532 3073 1653 3144 περὶ
1673 3073 1953 3148 ἀνθρώπου,
1984 3078 2067 3128 καὶ
2092 3077 2138 3130 οὗ

2246 3066 2372 3122 hum
2400 3079 2550 3134 esse,
2593 3065 2752 3118 alium
2785 3081 2912 3120 vero
2953 3065 3258 3131 Christum;
3301 3081 3441 3135 quos
3485 3082 3588 3122 vos
3632 3069 3814 3132 seum,

567 3155 688 3227 περί
712 3159 804 3209 τοῦ
833 3158 1174 3230 σαρκωθρντος
1202 3167 1328 3213 Θεοῦ
1353 3161 1499 3230 λόγου
1536 3160 1752 3237 εἴρηται’
1781 3169 1860 3218 καί
1884 3187 1963 3221 τοι
1987 3169 2148 3240 ἐχρῆν

569 3244 706 3316 ὑμᾶς
735 3254 890 3310 νοεῖν,
924 3247 1000 3303 ὅτι
1021 3254 1126 3308 πᾶς
1154 3241 1413 3326 ἅνθρωπος
1457 3254 1673 3308 ἐλάττων
1697 3257 1835 3310 ἐστὶν
1865 3267 1964 3312 τῶν
1991 3262 2146 3332 ἀγγέ-

569 3334 687 3402 λων,
719 3338 842 3392 ἀλλὰ
869 3345 1022 3391 τοῦτο
1049 3336 1244 3412 εἴρηται
1271 3339 1355 3395 διὰ
1381 3341 1465 3396 τόν
1492 3353 1728 3414 μονογενῆ
1752 3347 1857 3400 υῖὶν
1883 3355 1974 3403 τοῦ
1995 3358 2144 3404 Θεοῦ.

571 3427 696 3484 Θεὸς
747 3427 845 3498 γὰρ
888 3425 954 3479 ὧν
1001 3427 1208 3490 ἠξίωσεν
1257 3426 1518 3504 ἄνθρωπος
1544 3435 1775 3504 γενέσθαι
1816 3445 1878 3507 τῇ
1929 3440 2150 3514 ἡμετέρᾳ

574 3516 985 3584 συγκαταϐαίνων
1033 3517 1294 3592 ἀσθενείᾳο
1335 3518 1462 3593 ὅπερ
1518 3525 1602 3576 καὶ
1635 3522 1660 3576 ὁ
1692 3526 1974 3587 ἀπόστολος
2015 3531 2150 3600 ἡμᾶς

573 3601 798 3658 δὶδὰσκει
819 3603 994 3674 λέγων,
1021 3622 1040 3653 ι
1069 3605 1156 3660 τὸν
1177 3604 1228 3660 δὲ
1249 3607 1431 3678 βραχύ
1458 3631 1509 3663 τι
1523 3609 1645 3685 παρ’
1663 3613 1905 3683 ἀγγέλους
1927 3617 2150 3674 ἠλαττω-

577 3695 718 3760 μένον
739 3693 985 3764 βλέπομεν
1027 3691 1242 3760 Ἰησοῦν,
1272 3696 1354 3753 διά
1381 3701 1438 3752 τὸ
1467 3703 1668 3770 πάθημα
1688 3709 1775 3757 τοῦ
1799 3705 2012 3760 θανάτου
2034 3706 2151 3779 δόξῃ

575 3788 654 3871 καὶ
691 3793 812 3860 τιμῇ
859 3787 1272 3858 ἐστεφανωμένον.
1297 3808 1314 3839 ε
1347 3792 1403 3843 Εἰ
1439 3794 1625 3858 τοίνυν,
1662 3797 1730 3856 ὡς
1778 3797 1924 3868 ὑμεῖς
1962 3800 2149 3871 λέγετε,

575 3869 718 3934 ἄλλος
755 3875 891 3927 ἐστὶν
936 3881 1130 3934 Ἰησοῦς
1175 3875 1200 3930 6
1239 3877 1422 3950 βραχύ
1446 3902 1497 3936 τι
1521 3882 1892 3960 παρ’ἆγγέλους
1918 3869 2153 3947 ἠλαττω-

550 3963 558 3972 ’
577 3965 752 4033 μένος,
778 3967 866 4018 καὶ
909 3961 1055 4026 ἄλλος
1100 3967 1125 4021 ό
1165 3975 1257 4024 τοῦ
1304 3977 1428 4025 Θεοῦ
1463 3973 1610 4044 λόγος
1655 3975 1680 4029 ὁ
1725 3982 1794 4048 μή
1836 3979 2148 4046 narrarem,

576 4056 922 4128 ἀναμφιϐόλως
949 4055 975 4112 6
998 4062 1205 4136 Χριστὸς
1237 4059 1382 4130 ψιλός
1413 4065 1548 4118 ἐστιν
1578 4063 1838 4143 ἄνθρωπος
1866 4069 1892 4123 6
1917 4072 1974 4124 τό
1998 4073 2153 4133 πάθος

578 4144 878 4214 ὑπομείνας,
911 4149 1046 4202 ὥστε
1074 4149 1177 4202 καθ’
1199 4150 1334 4218 ὑμᾶς
1359 4155 1444 4206 καὶ
1465 4157 1552 4208 τὸν
1577 4156 1852 4211 ἀπόστολον
1877 4158 2154 4228 ψεύδεσθαι

577 4232 802 4307 λὲγοντα,
833 4254 852 4287 ε
879 4241 936 4290 Ei
957 4242 1058 4311 γὰρ
1089 4237 1348 4308 ἔγνωσαν,
1375 4244 1461 4294 οὐκ
1495 4238 1554 4296 ἀν
1581 4245 1664 4298 τὸν
1693 4249 1861 4322 κύριον
1894 4257 1986 4312 τῆς
2011 4249 2155 4314 δόξης

581 4326 940 4403 ἐσταύρωσαν.
964 4349 981 4378 ι
1011 4333 1098 4390 Τίς
1139 4333 1233 4406 γάρ
1263 4333 1400 4386 ἔστιν
1437 4333 1461 4386 ό
1491 4334 1662 4406 κύριος
1691 4347 1784 4400 τῆς
1819 4338 1983 4406 δόξης,
2016 4344 2060 4396 :i
2083 4347 2154 4413 μὴ

2248 3177 2452 3234 panter
2477 3166 2765 3235 scripsistis
2809 3165 2986 3221 locum
3017 3166 3164 3221 illum
3192 3208 3210 3234 ,
3248 3165 3492 3222 Minuisti
3518 3184 3638 3222 eum
3676 3169 3821 3239 paulo

2247 3260 2419 3313 minus
2444 3258 2508 3312 ab
2535 3259 2756 3330 angelis,
2779 3257 2848 3312 de
2873 3257 3093 3314 homine
3109 3299 3125 3324 ,
3157 3259 3378 3314 minime
3406 3267 3594 3315 autem
3623 3261 3696 3316 de
3721 3260 3820 3316 Deo

2251 3346 2427 3404 Verbo
2467 3349 2746 3403 incamato
2788 3361 2910 3402 esse
2945 3347 3236 3418 prolatum.
3285 3346 3590 3418 Oportebat
3633 3360 3822 3414 anteiit,

2251 3447 2310 3494 ut
2335 3437 2704 3506 intelligereu's
2750 3451 2965 3492 omnem
3015 3437 3287 3492 hominem
3335 3438 3544 3506 angelis
3571 3455 3698 3494 esse
3729 3441 3820 3492 mi-

2251 3542 2458 3592 norem,
2489 3527 2585 3582 sed
2614 3527 2666 3581 id
2695 3527 2763 3582 de
2792 3526 3068 3598 unigenito
3098 3529 3207 3582 Deo
3245 3528 3425 3584 Verbo
3453 3528 3666 3585 dictum
3692 3545 3818 3593 esse,

2251 3617 2338 3685 qui
2365 3615 2506 3671 Deus
2525 3617 2759 3672 existens
2791 3617 3041 3684 dignatus
3086 3628 3168 3673 est
3209 3619 3372 3673 homo
3402 3620 3544 3686 ﬁeri,
3593 3630 3822 3676 nostram

2249 3709 2352 3763 sibi
2378 3709 2710 3777 conjungeus
2738 3709 3121 3774 inﬁrmitatem,
3152 3712 3296 3780 quod
3335 3712 3496 3767 docet
3539 3715 3662 3783 ipse
3691 3715 3822 3784 Apo-

2251 3799 2420 3854 stolus
2447 3800 2630 3854 dicens
2654 3818 2666 3852 :
2699 3797 3016 3854 "incretum
3053 3803 3208 3872 paulo
3247 3805 3418 3858 minus
3440 3803 3506 3857 ab
3529 3807 3736 3877 angelis
3757 3809 3823 3860 ri-

2253 3888 2430 3944 demus
2451 3889 2628 3944 Iesum
2655 3907 2746 3958 per
2777 3893 3071 3960 passionem
3099 3896 3298 3960 martis,
3346 3896 3518 3964 gloria
3556 3907 3608 3950 et
3644 3899 3827 3952 honore

2256 3992 2582 4037 coronatum.
2632 3983 2688 4036 Si
2717 3985 2921 4054 itaque,
2963 3996 3023 4039 ut
3051 3995 3224 4040 vestra
3256 3994 3340 4040 est
3367 3989 3659 4054 sententia,
3705 3991 3827 4042 alius

2258 4080 2342 4127 est
2369 4071 2526 4127 Iesus
2554 4074 2714 4136 paulo
2752 4075 2928 4129 minus
2973 4077 3040 4130 ab
3079 4076 3284 4144 angelis
3331 4077 3656 4141 minoratus,
3705 4080 3828 4132 alius

2257 4173 2436 4220 autem
2465 4166 2607 4219 Deus
2643 4164 2878 4220 Verbum
2910 4169 3016 4220 non
3047 4167 3399 4232 minoratum,
3445 4167 3636 4237 procul
3677 4169 3828 4222 dubio

2257 4269 2422 4324 purus
2459 4254 2624 4308 homo
2651 4265 2755 4320 est,
2799 4257 2890 4323 qui
2919 4257 3223 4326 passionem
3269 4257 3542 4324 sustinuit,
3574 4258 3827 4318 Christus.

2258 4343 2592 4414 mendaxque
2637 4345 2776 4401 adeo
2809 4343 2866 4399 ﬁt
2915 4363 2947 4402 a
2975 4349 3128 4402 vobis
3154 4347 3447 4418 Apostolus
3491 4347 3681 4404 dicens
3716 4367 3732 4403 :
3779 4351 3831 4402 Si

581 4418 608 4473 6
631 4420 753 4480 Θεὸς
775 4421 920 4490 λόγος
950 4421 978 4474 ὀ
999 4424 1307 4494 σαρκωθείς,
1335 4421 1386 4478 ὃν
1408 4425 1453 4479 οἱ
1472 4425 1694 4484 Ἰουδαῖοι
1715 4433 1834 4488 Θεὸν
1853 4430 1979 4490 εἶναι
2005 4437 2138 4508 ἁγνοί

2253 4441 2622 4512 cognovissent,
2652 4459 2914 4514 nunquam
2942 4442 3221 4498 Dominum
3252 4443 3433 4515 glorise
3453 4445 3832 4510 cruci/iacias»:

583 4517 758 4572 οῦντες
804 4508 996 4580 ἔλεγον,
1024 4529 1042 4560 ε
1076 4515 1218 4567 Διατί
1251 4517 1317 4568 σύ
1345 4512 1606 4588 ἄνθρωπος
1633 4519 1700 4575 ὢν
1737 4532 1904 4586 ποιεῖς
1942 4530 2156 4582 σεαυτόν

582 4598 733 4660 Θεὸν;
756 4618 774 4650 ε
792 4596 954 4673 Ὀπερ
979 4603 1062 4654 καὶ
1085 4601 1112 4654 ὁ
1131 4603 1283 4672 ὑμέτε
1286 4625 1375 4679 ρος
1394 4605 1690 4672 διδάσκαλος
1709 4611 1792 4669 διὰ
1811 4623 1903 4674 τῆς
1925 4624 2152 4691 πονηρᾶς

587 4693 776 4752 ταύτης
822 4691 1084 4766 ἑρμηνείας
1123 4703 1226 4756 τοῖς
1266 4695 1532 4761 Ἰουδαίοις
1572 4704 1754 4772 μᾶλλον
1790 4706 2150 4776 ἀκολουθήσας,

587 4784 845 4838 κατέναντι
869 4787 962 4838 τοῦ
991 4791 1114 4840 Θεοῦ
1137 4788 1275 4858 ἡμῶν
1296 4790 1554 4848 ἄλάλησεν.

656 5065 779 5138 Πρός
807 5063 863 5120 δὲ
891 5066 1163 5139 βεϐαίωσιν
1191 5075 1292 5123 τῶν
1325 5069 1583 5146 ὑμετίρων
1618 5071 1773 5140 λόγων
1815 5023 2152 5148 amazement

586 5164 695 5216 τοῖς
723 5157 1004 5226 κεφαλαίοις
1051 5159 1192 5228 ὑμῶν
1231 5159 1456 5228 λέγοντες
1497 5163 1554 5214 τὸ
1593 5164 1846 5236 εἰρημένον
1890 5168 2034 5242 ποιρά
2071 5174 2162 5221 τεῦ

587 5243 873 5301 ἀποστόλου
907 5267 925 5299 ι
956 5245 1009 5307 ὃς
1037 5249 1087 5304 ἓν
1109 5258 1274 5324 μορφῇ
1297 5256 1424 5304 Θεοῦ
1448 5253 1704 5328 ὑπάρχων
1729 5255 1964 5310 ἐκένωσεν
1991 5256 2162 5312 ἑαυτὸν

587 5345 778 5411 μορφὴν
818 5337 995 5395 δούλου
1031 5341 1196 5394 λαϐὼν
1223 5359 1244 5393 ε
1271 5339 1504 5416 συνᾴδειν
1634 5345 1856 5418 ὑμετέρᾳ
1899 5345 2164 5419 ἑρμηνεῖς,

589 5435 676 5486 καὶ
699 5435 769 5502 μή
790 5434 910 5502 περὶ
934 5439 1024 5486 τοῦ
1047 5439 1176 5488 Θεοῦ
1199 5434 1350 5507 λόγου
1379 5438 1739 5512 σαρκωθέντος,
1769 5437 1894 5493 ἀλλά
1921 5442 2040 5512 περὶ
2074 5442 2166 5494 ἀν-

585 5525 792 5598 θρώπου
818 5525 960 5594 μόνον
987 5527 1230 5599 εἰρῆσθαι.
1258 5525 1396 5581 Ἀλλὰ
1419 5531 1466 5581 si
1492 5529 1573 5583 taxi
1609 5529 1760 5600 ὑμεῖς
1794 5537 1856 5603 τῇ
1894 5536 1992 5584 τῶν
2017 5531 2156 5605 αῖρεσ

593 5621 742 5666 τινῶν
773 5617 857 5665 καὶ
877 5615 926 5665 ἓν
943 5616 1108 5684 τούτῳ
1129 5618 1516 5676 ἀκολουθοῦντες
1549 5619 1724 5690 πλάνῃ,
1757 5622 1874 5691 περὶ
1897 5621 2160 5689 ἀνθρώπου

603 5703 682 5756 τὸν
717 5702 992 5756 ἀπόστολον
1035 5707 1279 5778 εἰρηκέναι
1325 5704 1763 5773 διαϐεϐαιοῦσθαι,
1803 5707 1879 5764 ὅτι
1924 5708 2160 5763 ἐκένωσεν

2263 4530 2321 4600 (ι
2340 4532 2462 4586 Cor.
2496 4549 2550 4593 ιι,
2589 4531 2666 4604 8).
2705 4531 2839 4598 Quis
2883 4534 3026 4588 enim
3077 4533 3337 4588 Dominus
3383 4542 3465 4589 est
3502 4535 3704 4600 gloria:
3748 4537 3832 4590 nisi

2261 4621 2402 4677 Deus
2429 4621 2658 4677 Verbum
2705 4624 3058 4686 incarnatum,
3109 4639 3268 4693 quem
3298 4623 3465 4678 Judaei
3504 4623 3687 4679 Deum
3733 4643 3830 4680 esse

2261 4719 2520 4780 negantes
2547 4712 2900 4783 increpabant
2926 4713 3070 4770 :Cur
3094 4721 3147 4767 tu
3175 4714 3326 4769 homo
3354 4731 3470 4768 cum
3506 4715 3604 4779 sis,
3635 4718 3772 4787 faris
3794 4729 3832 4769 ιι

2257 4809 2427 4878 ipsum
2453 4808 2618 4864 Deum
2649 4808 2833 4878 (Ioan.
2865 4827 2918 4872 χ,
2945 4809 3083 4880 35)?
3112 4810 3262 4877 Quod
3294 4812 3468 4880 ipsum
3503 4813 3676 4867 etiam
3707 4830 3832 4884 pne-

2261 4908 2454 4970 ceptor
2481 4909 2660 4955 vester
2685 4899 2894 4964 Judmos
2922 4901 3082 4972 impia
3112 4918 3177 4960 ea
3209 4903 3662 4973 interpretatione
3699 4922 3835 4963 secn-

2261 5000 2367 5050 tus.
2395 4989 2600 5059 pariter
2627 4999 2966 5047 commentus
2993 5000 3096 5046 est.

2337 5081 2408 5136 Ut
2432 5097 2563 5138 vero
2615 5084 2912 5138 sententias
2961 5085 3242 5154 przedictas
3295 5088 3629 5154 argumentis
3657 5087 3836 5142 contir-

2265 5173 2506 5233 maretis,
2537 5172 2736 5226 dictum
2771 5160 3176 5255 illudApostoli
3205 5177 3468 5246 capitibus
3496 5179 3698 5233 vestris
3725 5194 3834 5245 pro-

2267 5263 2550 5331 posuistis:
2577 5261 2678 5327 Qui
2705 5281 2819 5319 cum
2847 5267 2900 5320 in
2931 5269 3102 5336 [arma
3129 5267 3231 5322 Dei
3267 5278 3421 5334 esset,
3451 5271 3744 5326 exinaniri:
3769 5289 3838 5324 se-

2267 5355 2538 5422 melipsum
2561 5355 2783 5424 fonnem
2809 5357 2944 5411 servi
2963 5359 3222 5428 accipiens
3251 5359 3471 5432 (Philip.
3498 5377 3554 5422 ιι.
3585 5366 3668 5430 6).
3704 5379 3838 5432 egre-

2267 5442 2354 5506 gie
2383 5459 2504 5498 cum
2548 5445 2886 5515 expositione
2927 5459 3104 5502 vestra
3152 5451 3462 5513 convenire,
3515 5469 3584 5506 ac
3623 5469 3734 5507 non
3784 5455 3836 5503 ei;
3907 5442 3909 5515 ξ

2272 5530 2446 5587 Verbo
2477 5533 2587 5588 Deo
2615 5535 2916 5598 incarnato.
2941 5536 3038 5592 sed
3075 5537 3144 5592 de
3170 5554 3307 5608 puro
3333 5539 3554 5595 homine
3577 5541 3759 5598 solum

2271 5635 2390 5675 esse
2417 5636 2742 5678 sermonem.
2774 5622 2852 5678 Ac
2877 5639 3180 5696 quanquam
3210 5641 3308 5682 vos
3329 5628 3472 5684 circa
3501 5626 3555 5682 id
3586 5629 3753 5684 etiam
3771 5645 3840 5684 se

2265 5711 2396 5768 ctati
2424 5713 2797 5769 haereticorum
2825 5730 3082 5782 errorem,
3116 5717 3182 5774 dc
3237 5719 3451 5775 homine
3505 5726 3838 5781 contendatis
