  <div class='ocr_page' id='page_1' title='image "/cluster/home/n/w/nwhite01/storage/ocr_20150623/86 pars.1/pst.000005712878/566.png"; bbox 0 0 3958 6288; ppageno 0'>
   <div class='ocr_carea' id='block_1_1' title="bbox 156 325 282 387">
    <p class='ocr_par' dir='ltr' id='par_1_1' title="bbox 156 325 282 387">
     <span class='ocr_line' id='line_1_1' title="bbox 156 325 282 387; baseline 0.008 -1"><span class='ocrx_word' id='word_1_1' title='bbox 156 325 282 387; x_wconf 76' lang='lat'><strong>1065</strong></span> 
     </span>
    </p>
   </div>
   <div class='ocr_carea' id='block_1_2' title="bbox 899 317 2670 385">
    <p class='ocr_par' dir='ltr' id='par_1_2' title="bbox 899 317 2670 385">
     <span class='ocr_line' id='line_1_2' title="bbox 899 317 2670 385; baseline 0.002 -5"><span class='ocrx_word' id='word_1_2' title='bbox 899 321 1263 383; x_wconf 79' lang='lat' dir='ltr'><strong>EPISTOI.A</strong></span> <span class='ocrx_word' id='word_1_3' title='bbox 1303 317 1699 385; x_wconf 82' lang='lat' dir='ltr'><strong>ADVERSUS</strong></span> <span class='ocrx_word' id='word_1_4' title='bbox 1731 322 2215 384; x_wconf 81' lang='lat' dir='ltr'><strong>TIIEODORUM</strong></span> <span class='ocrx_word' id='word_1_5' title='bbox 2254 321 2670 383; x_wconf 78' lang='lat' dir='ltr'><strong>MOPSUEST;</strong></span> 
     </span>
    </p>
   </div>
   <div class='ocr_carea' id='block_1_3' title="bbox 3244 312 3381 385">
    <p class='ocr_par' dir='ltr' id='par_1_3' title="bbox 3244 312 3381 385">
     <span class='ocr_line' id='line_1_3' title="bbox 3244 312 3381 385; baseline 0.029 -4"><span class='ocrx_word' id='word_1_6' title='bbox 3244 312 3381 385; x_wconf 77' lang='lat'><strong>1066</strong></span> 
     </span>
    </p>
   </div>
   <div class='ocr_carea' id='block_1_4' title="bbox 149 446 1726 525">
    <p class='ocr_par' dir='ltr' id='par_1_4' title="bbox 149 451 1696 525">
     <span class='ocr_line' id='line_1_4' title="bbox 149 451 1696 525; baseline -0.005 -12"><span class='ocrx_word' id='word_1_7' title='bbox 149 456 337 519; x_wconf 76' lang='grc' dir='ltr'>έαντόν.</span> <span class='ocrx_word' id='word_1_8' title='bbox 365 453 501 518; x_wconf 81' lang='grc' dir='ltr'>ὅμως</span> <span class='ocrx_word' id='word_1_9' title='bbox 544 458 671 508; x_wconf 75' lang='grc' dir='ltr'>πᾶσι</span> <span class='ocrx_word' id='word_1_10' title='bbox 693 461 794 512; x_wconf 80' lang='grc' dir='ltr'>τοῖς</span> <span class='ocrx_word' id='word_1_11' title='bbox 825 454 1103 525; x_wconf 78' lang='grc' dir='ltr'>ὁρθοδόξοις</span> <span class='ocrx_word' id='word_1_12' title='bbox 1134 451 1274 512; x_wconf 73' lang='grc' dir='ltr'>δῆλόν</span> <span class='ocrx_word' id='word_1_13' title='bbox 1310 457 1475 518; x_wconf 79' lang='grc' dir='ltr'>ἐστιν,</span> <span class='ocrx_word' id='word_1_14' title='bbox 1508 453 1536 506; x_wconf 81' lang='grc' dir='ltr'><em>ὁ</em></span> <span class='ocrx_word' id='word_1_15' title='bbox 1563 452 1696 507; x_wconf 87' lang='grc' dir='ltr'>ἀπό-</span> 
     </span>
    </p>
   </div>
   <div class='ocr_carea' id='block_1_5' title="bbox 1832 446 3367 525">
    <p class='ocr_par' dir='ltr' id='par_1_5' title="bbox 1832 446 3367 524">
     <span class='ocr_line' id='line_1_5' title="bbox 1832 446 3367 524; baseline 0.002 -20"><span class='ocrx_word' id='word_1_16' title='bbox 1832 456 2039 521; x_wconf 70' lang='grc' dir='ltr'>οςυιυιιι</span> <span class='ocrx_word' id='word_1_17' title='bbox 2067 462 2184 503; x_wconf 86' lang='lat' dir='ltr'><strong>esse</strong></span> <span class='ocrx_word' id='word_1_18' title='bbox 2205 446 2517 516; x_wconf 85' lang='lat' dir='ltr'><strong>Apostolum</strong></span> <span class='ocrx_word' id='word_1_19' title='bbox 2538 448 2821 517; x_wconf 98' lang='lat' dir='ltr'><strong>dicentem,</strong></span> <span class='ocrx_word' id='word_1_20' title='bbox 2852 451 2995 520; x_wconf 87' lang='lat' dir='ltr'><strong>quod</strong></span> <span class='ocrx_word' id='word_1_21' title='bbox 3020 460 3367 524; x_wconf 74' lang='lat' dir='ltr'><strong>semetipsum</strong></span> 
     </span>
    </p>
   </div>
   <div class='ocr_carea' id='block_1_6' title="bbox 149 540 1705 613">
    <p class='ocr_par' dir='ltr' id='par_1_6' title="bbox 149 540 1705 613">
     <span class='ocr_line' id='line_1_6' title="bbox 149 540 1705 613; baseline -0.004 -15"><span class='ocrx_word' id='word_1_22' title='bbox 149 544 319 607; x_wconf 83' lang='grc' dir='ltr'>στολος</span> <span class='ocrx_word' id='word_1_23' title='bbox 372 540 523 598; x_wconf 71' lang='grc' dir='ltr'>αὑτὸν</span> <span class='ocrx_word' id='word_1_24' title='bbox 574 541 656 595; x_wconf 83' lang='grc' dir='ltr'><strong>τόν</strong></span> <span class='ocrx_word' id='word_1_25' title='bbox 703 542 825 595; x_wconf 83' lang='grc' dir='ltr'>Θεὸν</span> <span class='ocrx_word' id='word_1_26' title='bbox 871 541 1012 613; x_wconf 80' lang='grc' dir='ltr'>λόγον</span> <span class='ocrx_word' id='word_1_27' title='bbox 1063 544 1242 596; x_wconf 82' lang='grc' dir='ltr'>ἑαυτὸν</span> <span class='ocrx_word' id='word_1_28' title='bbox 1290 543 1500 596; x_wconf 83' lang='grc' dir='ltr'>κενῶσαί</span> <span class='ocrx_word' id='word_1_29' title='bbox 1540 562 1705 612; x_wconf 70' lang='grc' dir='ltr'>φησιν,</span> 
     </span>
    </p>
   </div>
   <div class='ocr_carea' id='block_1_7' title="bbox 149 632 1712 708">
    <p class='ocr_par' dir='ltr' id='par_1_7' title="bbox 149 632 1712 708">
     <span class='ocr_line' id='line_1_7' title="bbox 149 632 1712 708; baseline -0.005 -17"><span class='ocrx_word' id='word_1_30' title='bbox 149 632 311 691; x_wconf 55' lang='lat' dir='ltr'><strong>btudit</strong></span> <span class='ocrx_word' id='word_1_31' title='bbox 357 634 406 687; x_wconf 81' lang='grc' dir='ltr'><strong>έν</strong></span> <span class='ocrx_word' id='word_1_32' title='bbox 449 640 611 706; x_wconf 77' lang='grc' dir='ltr'>μορφῇ</span> <span class='ocrx_word' id='word_1_33' title='bbox 653 638 780 685; x_wconf 89' lang='grc' dir='ltr'>Θεοῦ</span> <span class='ocrx_word' id='word_1_34' title='bbox 808 633 1089 708; x_wconf 80' lang='grc' dir='ltr'><strong>ὑπάρχων,</strong></span> <span class='ocrx_word' id='word_1_35' title='bbox 1129 633 1392 686; x_wconf 79' lang='grc' dir='ltr'><strong>τουτέστιν</strong></span> <span class='ocrx_word' id='word_1_36' title='bbox 1431 632 1478 685; x_wconf 84' lang='grc' dir='ltr'><strong>έν</strong></span> <span class='ocrx_word' id='word_1_37' title='bbox 1605 633 1712 705; x_wconf 81' lang='grc' dir='ltr'>θείᾳ</span> 
     </span>
    </p>
   </div>
   <div class='ocr_carea' id='block_1_8' title="bbox 151 719 1706 794">
    <p class='ocr_par' dir='ltr' id='par_1_8' title="bbox 151 719 1706 794">
     <span class='ocr_line' id='line_1_8' title="bbox 151 719 1706 794; baseline -0.003 -16"><span class='ocrx_word' id='word_1_38' title='bbox 151 725 313 792; x_wconf 67' lang='grc' dir='ltr'>ςὺσει,</span> <span class='ocrx_word' id='word_1_39' title='bbox 342 725 552 786; x_wconf 73' lang='grc' dir='ltr'>ἠξίωσεν</span> <span class='ocrx_word' id='word_1_40' title='bbox 590 726 780 794; x_wconf 75' lang='grc' dir='ltr'>μορφὴν</span> <span class='ocrx_word' id='word_1_41' title='bbox 809 720 988 775; x_wconf 80' lang='grc' dir='ltr'>δούλου</span> <span class='ocrx_word' id='word_1_42' title='bbox 1032 721 1216 774; x_wconf 77' lang='grc' dir='ltr'>λαϐεῖν·</span> <span class='ocrx_word' id='word_1_43' title='bbox 1262 723 1293 778; x_wconf 74' lang='grc' dir='ltr'>ἡ</span> <span class='ocrx_word' id='word_1_44' title='bbox 1337 719 1392 774; x_wconf 86' lang='grc' dir='ltr'><strong>δέ</strong></span> <span class='ocrx_word' id='word_1_45' title='bbox 1432 725 1592 793; x_wconf 75' lang='grc' dir='ltr'>μορφὴ</span> <span class='ocrx_word' id='word_1_46' title='bbox 1616 726 1706 775; x_wconf 88' lang='grc' dir='ltr'><strong>τοῦ</strong></span> 
     </span>
    </p>
   </div>
   <div class='ocr_carea' id='block_1_9' title="bbox 148 812 1710 886">
    <p class='ocr_par' dir='ltr' id='par_1_9' title="bbox 148 812 1710 886">
     <span class='ocr_line' id='line_1_9' title="bbox 148 812 1710 886; baseline -0.004 -18"><span class='ocrx_word' id='word_1_47' title='bbox 148 815 317 868; x_wconf 77' lang='grc' dir='ltr'>δούλου</span> <span class='ocrx_word' id='word_1_48' title='bbox 344 819 433 871; x_wconf 77' lang='grc' dir='ltr'>τὴν</span> <span class='ocrx_word' id='word_1_49' title='bbox 460 815 768 886; x_wconf 78' lang='grc' dir='ltr'><strong>ἀνθρωπίνην</strong></span> <span class='ocrx_word' id='word_1_50' title='bbox 790 813 936 883; x_wconf 71' lang='grc' dir='ltr'>φύσιν</span> <span class='ocrx_word' id='word_1_51' title='bbox 965 813 1228 881; x_wconf 73' lang='grc' dir='ltr'>σημαίνει,</span> <span class='ocrx_word' id='word_1_52' title='bbox 1259 812 1314 869; x_wconf 73' lang='grc' dir='ltr'>ἣν</span> <span class='ocrx_word' id='word_1_53' title='bbox 1350 812 1398 863; x_wconf 82' lang='grc' dir='ltr'>ἐν</span> <span class='ocrx_word' id='word_1_54' title='bbox 1428 818 1490 884; x_wconf 73' lang='grc' dir='ltr'>τῇ</span> <span class='ocrx_word' id='word_1_55' title='bbox 1521 813 1710 885; x_wconf 80' lang='grc' dir='ltr'>γαστρὶ</span> 
     </span>
    </p>
   </div>
   <div class='ocr_carea' id='block_1_10' title="bbox 146 899 1708 976">
    <p class='ocr_par' dir='ltr' id='par_1_10' title="bbox 146 899 1708 976">
     <span class='ocr_line' id='line_1_10' title="bbox 146 899 1708 976; baseline -0.003 -20"><span class='ocrx_word' id='word_1_56' title='bbox 146 912 230 961; x_wconf 77' lang='grc' dir='ltr'><strong>τῆς</strong></span> <span class='ocrx_word' id='word_1_57' title='bbox 254 904 532 976; x_wconf 84' lang='grc' dir='ltr'>παρθένου,</span> <span class='ocrx_word' id='word_1_58' title='bbox 577 904 664 955; x_wconf 79' lang='grc' dir='ltr'>καὶ</span> <span class='ocrx_word' id='word_1_59' title='bbox 688 902 739 965; x_wconf 66' lang='grc' dir='ltr'><strong>ἐξ</strong></span> <span class='ocrx_word' id='word_1_60' title='bbox 775 904 929 960; x_wconf 68' lang='grc' dir='ltr'>αὐτῆς</span> <span class='ocrx_word' id='word_1_61' title='bbox 955 908 1017 974; x_wconf 77' lang='grc' dir='ltr'>τῇ</span> <span class='ocrx_word' id='word_1_62' title='bbox 1055 900 1157 974; x_wconf 82' lang='grc' dir='ltr'>ἰδίᾳ</span> <span class='ocrx_word' id='word_1_63' title='bbox 1194 901 1477 955; x_wconf 75' lang='grc' dir='ltr'><strong>ὑποστάσει</strong></span> <span class='ocrx_word' id='word_1_64' title='bbox 1518 899 1544 953; x_wconf 87' lang='grc' dir='ltr'>ὁ</span> <span class='ocrx_word' id='word_1_65' title='bbox 1587 900 1708 959; x_wconf 85' lang='grc' dir='ltr'>Θεὸς</span> 
     </span>
    </p>
   </div>
   <div class='ocr_carea' id='block_1_11' title="bbox 147 989 1705 1066">
    <p class='ocr_par' dir='ltr' id='par_1_11' title="bbox 147 989 1705 1066">
     <span class='ocr_line' id='line_1_11' title="bbox 147 989 1705 1066; baseline -0.002 -21"><span class='ocrx_word' id='word_1_66' title='bbox 147 992 281 1064; x_wconf 83' lang='grc' dir='ltr'>λόγος</span> <span class='ocrx_word' id='word_1_67' title='bbox 306 993 515 1049; x_wconf 78' lang='grc' dir='ltr'>ἥνωσεν.</span> <span class='ocrx_word' id='word_1_68' title='bbox 557 995 658 1045; x_wconf 76' lang='grc' dir='ltr'><strong>Καὶ</strong></span> <span class='ocrx_word' id='word_1_69' title='bbox 694 994 749 1045; x_wconf 85' lang='grc' dir='ltr'><strong>οὑ</strong></span> <span class='ocrx_word' id='word_1_70' title='bbox 782 989 1242 1066; x_wconf 78' lang='grc' dir='ltr'>προδιαπλασθέντι</span> <span class='ocrx_word' id='word_1_71' title='bbox 1270 993 1506 1065; x_wconf 76' lang='grc' dir='ltr'><strong>ἀνθρώπῳ</strong></span> <span class='ocrx_word' id='word_1_72' title='bbox 1527 993 1705 1055; x_wconf 77' lang='grc' dir='ltr'>ἡνώθη,</span> 
     </span>
    </p>
   </div>
   <div class='ocr_carea' id='block_1_12' title="bbox 144 1081 1708 1158">
    <p class='ocr_par' dir='ltr' id='par_1_12' title="bbox 144 1081 1708 1158">
     <span class='ocr_line' id='line_1_12' title="bbox 144 1081 1708 1158; baseline 0.001 -24"><span class='ocrx_word' id='word_1_73' title='bbox 144 1084 357 1157; x_wconf 80' lang='grc' dir='ltr'>καθάπερ</span> <span class='ocrx_word' id='word_1_74' title='bbox 384 1084 414 1140; x_wconf 71' lang='lat' dir='ltr'><strong>vi</strong></span> <span class='ocrx_word' id='word_1_75' title='bbox 433 1084 705 1154; x_wconf 83' lang='grc' dir='ltr'>Νεστορίου</span> <span class='ocrx_word' id='word_1_76' title='bbox 736 1085 822 1136; x_wconf 78' lang='grc' dir='ltr'>καὶ</span> <span class='ocrx_word' id='word_1_77' title='bbox 849 1081 1106 1158; x_wconf 75' lang='grc' dir='ltr'>Θεοδώρου</span> <span class='ocrx_word' id='word_1_78' title='bbox 1133 1081 1477 1155; x_wconf 80' lang='grc' dir='ltr'><strong>παραδέδωκεν</strong></span> <span class='ocrx_word' id='word_1_79' title='bbox 1503 1082 1708 1136; x_wconf 89' lang='grc' dir='ltr'>ἀσέϐεια</span> 
     </span>
    </p>
   </div>
   <div class='ocr_carea' id='block_1_13' title="bbox 145 1167 1710 1246">
    <p class='ocr_par' dir='ltr' id='par_1_13' title="bbox 145 1167 1710 1246">
     <span class='ocr_line' id='line_1_13' title="bbox 145 1167 1710 1246; baseline -0.002 -20"><span class='ocrx_word' id='word_1_80' title='bbox 145 1182 241 1232; x_wconf 75' lang='grc' dir='ltr'>τοῖς</span> <span class='ocrx_word' id='word_1_81' title='bbox 285 1174 636 1227; x_wconf 86' lang='grc' dir='ltr'>ἀκολουθοῦσιν</span> <span class='ocrx_word' id='word_1_82' title='bbox 663 1174 852 1231; x_wconf 78' lang='grc' dir='ltr'>αὐτοῖς.</span> <span class='ocrx_word' id='word_1_83' title='bbox 882 1172 1149 1246; x_wconf 67' lang='grc' dir='ltr'>Νεστόριπ</span> <span class='ocrx_word' id='word_1_84' title='bbox 1182 1174 1269 1242; x_wconf 81' lang='grc' dir='ltr'><strong>μέν</strong></span> <span class='ocrx_word' id='word_1_85' title='bbox 1297 1174 1396 1245; x_wconf 73' lang='grc' dir='ltr'>γὰρ</span> <span class='ocrx_word' id='word_1_86' title='bbox 1431 1170 1562 1238; x_wconf 88' lang='grc' dir='ltr'>λέγει</span> <span class='ocrx_word' id='word_1_87' title='bbox 1581 1212 1595 1235; x_wconf 93' lang='grc'><strong>,</strong></span> <span class='ocrx_word' id='word_1_88' title='bbox 1630 1167 1710 1225; x_wconf 85' lang='grc' dir='ltr'>ὅτι</span> 
     </span>
    </p>
   </div>
   <div class='ocr_carea' id='block_1_14' title="bbox 147 1263 1706 1339">
    <p class='ocr_par' dir='ltr' id='par_1_14' title="bbox 147 1263 1706 1339">
     <span class='ocr_line' id='line_1_14' title="bbox 147 1263 1706 1339; baseline -0.002 -19"><span class='ocrx_word' id='word_1_89' title='bbox 147 1268 174 1320; x_wconf 81' lang='grc' dir='ltr'>ὁ</span> <span class='ocrx_word' id='word_1_90' title='bbox 199 1267 318 1325; x_wconf 86' lang='grc' dir='ltr'>Θεὸς</span> <span class='ocrx_word' id='word_1_91' title='bbox 339 1266 480 1338; x_wconf 81' lang='grc' dir='ltr'>λόγος</span> <span class='ocrx_word' id='word_1_92' title='bbox 510 1274 661 1324; x_wconf 78' lang='grc' dir='ltr'>συνῆν</span> <span class='ocrx_word' id='word_1_93' title='bbox 690 1274 759 1338; x_wconf 84' lang='grc' dir='ltr'><strong>τῷ</strong></span> <span class='ocrx_word' id='word_1_94' title='bbox 786 1267 1029 1339; x_wconf 76' lang='grc' dir='ltr'><strong>ἀνθρώπῳ</strong></span> <span class='ocrx_word' id='word_1_95' title='bbox 1057 1272 1131 1337; x_wconf 84' lang='grc' dir='ltr'>τῷ</span> <span class='ocrx_word' id='word_1_96' title='bbox 1158 1265 1211 1317; x_wconf 74' lang='grc' dir='ltr'>ἐκ</span> <span class='ocrx_word' id='word_1_97' title='bbox 1238 1269 1430 1337; x_wconf 84' lang='grc' dir='ltr'>Μαρίας</span> <span class='ocrx_word' id='word_1_98' title='bbox 1452 1263 1706 1333; x_wconf 81' lang='grc' dir='ltr'><strong>τεχθέντι.</strong></span> 
     </span>
    </p>
   </div>
   <div class='ocr_carea' id='block_1_15' title="bbox 145 1353 1527 1431">
    <p class='ocr_par' dir='ltr' id='par_1_15' title="bbox 145 1353 1527 1431">
     <span class='ocr_line' id='line_1_15' title="bbox 145 1353 1527 1431; baseline -0.006 -20"><span class='ocrx_word' id='word_1_99' title='bbox 145 1357 398 1431; x_wconf 82' lang='grc' dir='ltr'>Θεόδωρος</span> <span class='ocrx_word' id='word_1_100' title='bbox 428 1356 479 1411; x_wconf 82' lang='grc' dir='ltr'><strong>δέ</strong></span> <span class='ocrx_word' id='word_1_101' title='bbox 504 1358 634 1428; x_wconf 81' lang='grc' dir='ltr'>λέγει</span> <span class='ocrx_word' id='word_1_102' title='bbox 663 1353 783 1426; x_wconf 69' lang='grc' dir='ltr'>[ὅτι]</span> <span class='ocrx_word' id='word_1_103' title='bbox 808 1357 915 1413; x_wconf 81' lang='grc' dir='ltr'>ἐνῆν</span> <span class='ocrx_word' id='word_1_104' title='bbox 940 1357 1007 1414; x_wconf 85' lang='grc' dir='ltr'>ὡς</span> <span class='ocrx_word' id='word_1_105' title='bbox 1036 1355 1161 1414; x_wconf 78' lang='grc' dir='ltr'>εἰκὸς</span> <span class='ocrx_word' id='word_1_106' title='bbox 1185 1361 1256 1423; x_wconf 84' lang='grc' dir='ltr'>τῷ</span> <span class='ocrx_word' id='word_1_107' title='bbox 1276 1354 1527 1423; x_wconf 79' lang='grc' dir='ltr'>τεχθέντι.</span> 
     </span>
    </p>
   </div>
   <div class='ocr_carea' id='block_1_16' title="bbox 1811 537 3369 611">
    <p class='ocr_par' dir='ltr' id='par_1_16' title="bbox 1811 537 3369 611">
     <span class='ocr_line' id='line_1_16' title="bbox 1811 537 3369 611; baseline 0.001 -19"><span class='ocrx_word' id='word_1_108' title='bbox 1811 538 2122 601; x_wconf 83' lang='lat' dir='ltr'><strong>cxinanivit,</strong></span> <span class='ocrx_word' id='word_1_109' title='bbox 2178 537 2344 592; x_wconf 87' lang='lat' dir='ltr'><strong>nihilo</strong></span> <span class='ocrx_word' id='word_1_110' title='bbox 2374 544 2551 592; x_wconf 88' lang='lat' dir='ltr'><strong>tamen</strong></span> <span class='ocrx_word' id='word_1_111' title='bbox 2596 540 2770 595; x_wconf 89' lang='lat' dir='ltr'><strong>secius</strong></span> <span class='ocrx_word' id='word_1_112' title='bbox 2816 542 3153 611; x_wconf 87' lang='lat' dir='ltr'><strong>exploratum</strong></span> <span class='ocrx_word' id='word_1_113' title='bbox 3182 542 3369 597; x_wconf 82' lang='lat' dir='ltr'><strong>catho-</strong></span> 
     </span>
    </p>
   </div>
   <div class='ocr_carea' id='block_1_17' title="bbox 1812 626 3369 698">
    <p class='ocr_par' dir='ltr' id='par_1_17' title="bbox 1812 626 3369 698">
     <span class='ocr_line' id='line_1_17' title="bbox 1812 626 3369 698; baseline 0.001 -16"><span class='ocrx_word' id='word_1_114' title='bbox 1812 628 1927 682; x_wconf 88' lang='lat' dir='ltr'><strong>licis</strong></span> <span class='ocrx_word' id='word_1_115' title='bbox 1949 628 2194 682; x_wconf 89' lang='lat' dir='ltr'><strong>omnibus</strong></span> <span class='ocrx_word' id='word_1_116' title='bbox 2220 634 2320 692; x_wconf 86' lang='lat' dir='ltr'><strong>est,</strong></span> <span class='ocrx_word' id='word_1_117' title='bbox 2355 626 2665 696; x_wconf 88' lang='lat' dir='ltr'><strong>Apostolum</strong></span> <span class='ocrx_word' id='word_1_118' title='bbox 2694 630 2760 684; x_wconf 83' lang='lat' dir='ltr'><strong>de</strong></span> <span class='ocrx_word' id='word_1_119' title='bbox 2788 630 2902 698; x_wconf 91' lang='lat' dir='ltr'><strong>ipso</strong></span> <span class='ocrx_word' id='word_1_120' title='bbox 2944 630 3055 686; x_wconf 89' lang='lat' dir='ltr'><strong>Deo</strong></span> <span class='ocrx_word' id='word_1_121' title='bbox 3077 629 3256 684; x_wconf 78' lang='lat' dir='ltr'><strong>Verbo</strong></span> <span class='ocrx_word' id='word_1_122' title='bbox 3286 634 3369 685; x_wconf 85' lang='lat' dir='ltr'><strong>sui</strong></span> 
     </span>
    </p>
   </div>
   <div class='ocr_carea' id='block_1_18' title="bbox 1813 717 3372 787">
    <p class='ocr_par' dir='ltr' id='par_1_18' title="bbox 1813 717 3372 787">
     <span class='ocr_line' id='line_1_18' title="bbox 1813 717 3372 787; baseline -0.001 -15"><span class='ocrx_word' id='word_1_123' title='bbox 1813 718 1979 787; x_wconf 86' lang='lat' dir='ltr'><strong>ipsius</strong></span> <span class='ocrx_word' id='word_1_124' title='bbox 2004 718 2416 773; x_wconf 89' lang='lat' dir='ltr'><strong>exinanitionem</strong></span> <span class='ocrx_word' id='word_1_125' title='bbox 2443 717 2658 785; x_wconf 87' lang='lat' dir='ltr'><strong>docere,</strong></span> <span class='ocrx_word' id='word_1_126' title='bbox 2692 720 2942 787; x_wconf 89' lang='lat' dir='ltr'><strong>quoniam</strong></span> <span class='ocrx_word' id='word_1_127' title='bbox 2971 736 3093 775; x_wconf 90' lang='lat' dir='ltr'><strong>cum</strong></span> <span class='ocrx_word' id='word_1_128' title='bbox 3123 720 3175 775; x_wconf 86' lang='lat' dir='ltr'><strong>in</strong></span> <span class='ocrx_word' id='word_1_129' title='bbox 3202 718 3372 773; x_wconf 81' lang='lat' dir='ltr'><strong>forma</strong></span> 
     </span>
    </p>
   </div>
   <div class='ocr_carea' id='block_1_19' title="bbox 1812 807 3372 877">
    <p class='ocr_par' dir='ltr' id='par_1_19' title="bbox 1812 807 3372 877">
     <span class='ocr_line' id='line_1_19' title="bbox 1812 807 3372 877; baseline 0.001 -16"><span class='ocrx_word' id='word_1_130' title='bbox 1812 808 1906 864; x_wconf 85' lang='lat' dir='ltr'><strong>Dei</strong></span> <span class='ocrx_word' id='word_1_131' title='bbox 1929 815 2089 872; x_wconf 84' lang='lat' dir='ltr'><strong>esset,</strong></span> <span class='ocrx_word' id='word_1_132' title='bbox 2118 808 2170 863; x_wconf 89' lang='lat' dir='ltr'><strong>in</strong></span> <span class='ocrx_word' id='word_1_133' title='bbox 2198 808 2375 863; x_wconf 86' lang='lat' dir='ltr'><strong>divina</strong></span> <span class='ocrx_word' id='word_1_134' title='bbox 2417 808 2621 862; x_wconf 86' lang='lat' dir='ltr'><strong>scilicet</strong></span> <span class='ocrx_word' id='word_1_135' title='bbox 2648 821 2858 874; x_wconf 82' lang='lat' dir='ltr'><strong>natura,</strong></span> <span class='ocrx_word' id='word_1_136' title='bbox 2882 808 3126 877; x_wconf 79' lang='lat' dir='ltr'><strong>dignatus</strong></span> <span class='ocrx_word' id='word_1_137' title='bbox 3156 811 3238 864; x_wconf 86' lang='lat' dir='ltr'><strong>est</strong></span> <span class='ocrx_word' id='word_1_138' title='bbox 3264 807 3372 863; x_wconf 84' lang='lat' dir='ltr'><strong>for-</strong></span> 
     </span>
    </p>
   </div>
   <div class='ocr_carea' id='block_1_20' title="bbox 1813 895 3370 967">
    <p class='ocr_par' dir='ltr' id='par_1_20' title="bbox 1813 895 3370 967">
     <span class='ocr_line' id='line_1_20' title="bbox 1813 895 3370 967; baseline -0.002 -14"><span class='ocrx_word' id='word_1_139' title='bbox 1813 915 1952 953; x_wconf 87' lang='lat' dir='ltr'><strong>mam</strong></span> <span class='ocrx_word' id='word_1_140' title='bbox 1975 898 2115 953; x_wconf 83' lang='lat' dir='ltr'><strong>servi</strong></span> <span class='ocrx_word' id='word_1_141' title='bbox 2139 896 2406 967; x_wconf 89' lang='lat' dir='ltr'><strong>accipere:</strong></span> <span class='ocrx_word' id='word_1_142' title='bbox 2432 895 2599 951; x_wconf 82' lang='lat' dir='ltr'><strong>forma</strong></span> <span class='ocrx_word' id='word_1_143' title='bbox 2628 911 2788 966; x_wconf 89' lang='lat' dir='ltr'><strong>porro</strong></span> <span class='ocrx_word' id='word_1_144' title='bbox 2809 899 2949 953; x_wconf 84' lang='lat' dir='ltr'><strong>servi</strong></span> <span class='ocrx_word' id='word_1_145' title='bbox 2973 900 3258 953; x_wconf 84' lang='lat' dir='ltr'><strong>humanam</strong></span> <span class='ocrx_word' id='word_1_146' title='bbox 3283 908 3370 951; x_wconf 84' lang='lat' dir='ltr'><strong>na-</strong></span> 
     </span>
    </p>
   </div>
   <div class='ocr_carea' id='block_1_21' title="bbox 1811 987 3369 1058">
    <p class='ocr_par' dir='ltr' id='par_1_21' title="bbox 1811 987 3369 1058">
     <span class='ocr_line' id='line_1_21' title="bbox 1811 987 3369 1058; baseline -0.001 -15"><span class='ocrx_word' id='word_1_147' title='bbox 1811 998 1983 1043; x_wconf 88' lang='lat' dir='ltr'><strong>turam</strong></span> <span class='ocrx_word' id='word_1_148' title='bbox 2011 988 2293 1055; x_wconf 69' lang='lat' dir='ltr'><strong>signiﬁcat,</strong></span> <span class='ocrx_word' id='word_1_149' title='bbox 2340 1002 2497 1055; x_wconf 88' lang='lat' dir='ltr'><strong>quam</strong></span> <span class='ocrx_word' id='word_1_150' title='bbox 2534 1003 2599 1042; x_wconf 86' lang='lat' dir='ltr'><strong>cx</strong></span> <span class='ocrx_word' id='word_1_151' title='bbox 2627 987 2878 1056; x_wconf 79' lang='lat' dir='ltr'><strong>Virginea</strong></span> <span class='ocrx_word' id='word_1_152' title='bbox 2934 997 3087 1043; x_wconf 80' lang='lat' dir='ltr'><strong>utero</strong></span> <span class='ocrx_word' id='word_1_153' title='bbox 3115 998 3273 1058; x_wconf 90' lang='lat' dir='ltr'><strong>atque</strong></span> <span class='ocrx_word' id='word_1_154' title='bbox 3303 1003 3369 1043; x_wconf 88' lang='lat' dir='ltr'><strong>ex</strong></span> 
     </span>
    </p>
   </div>
   <div class='ocr_carea' id='block_1_22' title="bbox 1809 1077 3374 1151">
    <p class='ocr_par' dir='ltr' id='par_1_22' title="bbox 1809 1077 3374 1151">
     <span class='ocr_line' id='line_1_22' title="bbox 1809 1077 3374 1151; baseline -0.001 -16"><span class='ocrx_word' id='word_1_155' title='bbox 1809 1079 2024 1151; x_wconf 88' lang='lat' dir='ltr'><strong>propria</strong></span> <span class='ocrx_word' id='word_1_156' title='bbox 2067 1078 2404 1133; x_wconf 75' lang='lat' dir='ltr'><strong>subsistentia</strong></span> <span class='ocrx_word' id='word_1_157' title='bbox 2434 1077 2573 1131; x_wconf 87' lang='lat' dir='ltr'><strong>Deus</strong></span> <span class='ocrx_word' id='word_1_158' title='bbox 2619 1077 2851 1148; x_wconf 83' lang='lat' dir='ltr'><strong>Verbum</strong></span> <span class='ocrx_word' id='word_1_159' title='bbox 2891 1079 2991 1133; x_wconf 88' lang='lat' dir='ltr'><strong>sibi</strong></span> <span class='ocrx_word' id='word_1_160' title='bbox 3021 1077 3285 1147; x_wconf 83' lang='lat' dir='ltr'><strong>perfecit:</strong></span> <span class='ocrx_word' id='word_1_161' title='bbox 3317 1090 3374 1133; x_wconf 90' lang='lat' dir='ltr'><strong>et</strong></span> 
     </span>
    </p>
   </div>
   <div class='ocr_carea' id='block_1_23' title="bbox 1815 1165 3377 1238">
    <p class='ocr_par' dir='ltr' id='par_1_23' title="bbox 1815 1165 3377 1238">
     <span class='ocr_line' id='line_1_23' title="bbox 1815 1165 3377 1238; baseline -0.001 -14"><span class='ocrx_word' id='word_1_162' title='bbox 1815 1186 1921 1224; x_wconf 87' lang='lat' dir='ltr'><strong>non</strong></span> <span class='ocrx_word' id='word_1_163' title='bbox 1942 1169 2087 1238; x_wconf 86' lang='lat' dir='ltr'><strong>prius</strong></span> <span class='ocrx_word' id='word_1_164' title='bbox 2107 1168 2368 1237; x_wconf 88' lang='lat' dir='ltr'><strong>plasmato</strong></span> <span class='ocrx_word' id='word_1_165' title='bbox 2388 1166 2590 1221; x_wconf 89' lang='lat' dir='ltr'><strong>homini</strong></span> <span class='ocrx_word' id='word_1_166' title='bbox 2614 1168 2942 1223; x_wconf 76' lang='lat' dir='ltr'><strong>extrinsecus</strong></span> <span class='ocrx_word' id='word_1_167' title='bbox 2964 1165 3178 1237; x_wconf 82' lang='lat' dir='ltr'><strong>adjecit,</strong></span> <span class='ocrx_word' id='word_1_168' title='bbox 3193 1182 3377 1237; x_wconf 83' lang='lat' dir='ltr'><strong>quem-</strong></span> 
     </span>
    </p>
   </div>
   <div class='ocr_carea' id='block_1_24' title="bbox 1815 1254 3377 1325">
    <p class='ocr_par' dir='ltr' id='par_1_24' title="bbox 1815 1254 3377 1325">
     <span class='ocr_line' id='line_1_24' title="bbox 1815 1254 3377 1325; baseline 0.001 -15"><span class='ocrx_word' id='word_1_169' title='bbox 1815 1256 2097 1310; x_wconf 82' lang='lat' dir='ltr'><strong>admodum</strong></span> <span class='ocrx_word' id='word_1_170' title='bbox 2127 1256 2287 1324; x_wconf 88' lang='lat' dir='ltr'><strong>impia</strong></span> <span class='ocrx_word' id='word_1_171' title='bbox 2315 1255 2544 1309; x_wconf 88' lang='lat' dir='ltr'><strong>Nestorii</strong></span> <span class='ocrx_word' id='word_1_172' title='bbox 2571 1254 2944 1325; x_wconf 88' lang='lat' dir='ltr'><strong>Theodorique</strong></span> <span class='ocrx_word' id='word_1_173' title='bbox 2970 1259 3243 1325; x_wconf 81' lang='lat' dir='ltr'><strong>disciplina</strong></span> <span class='ocrx_word' id='word_1_174' title='bbox 3273 1268 3377 1312; x_wconf 86' lang='lat' dir='ltr'><strong>tra-</strong></span> 
     </span>
    </p>
   </div>
   <div class='ocr_carea' id='block_1_25' title="bbox 1812 1330 3372 1405">
    <p class='ocr_par' dir='ltr' id='par_1_25' title="bbox 1812 1330 3372 1405">
     <span class='ocr_line' id='line_1_25' title="bbox 1812 1330 3372 1405; baseline 0.002 -16"><span class='ocrx_word' id='word_1_175' title='bbox 1812 1335 1981 1390; x_wconf 87' lang='lat' dir='ltr'><strong>ditum</strong></span> <span class='ocrx_word' id='word_1_176' title='bbox 2008 1344 2111 1392; x_wconf 91' lang='lat' dir='ltr'><strong>est.</strong></span> <span class='ocrx_word' id='word_1_177' title='bbox 2136 1336 2315 1405; x_wconf 84' lang='lat' dir='ltr'><strong>lnquit</strong></span> <span class='ocrx_word' id='word_1_178' title='bbox 2338 1336 2481 1389; x_wconf 88' lang='lat' dir='ltr'><strong>enim</strong></span> <span class='ocrx_word' id='word_1_179' title='bbox 2502 1333 2785 1390; x_wconf 86' lang='lat' dir='ltr'><strong>Nestorius</strong></span> <span class='ocrx_word' id='word_1_180' title='bbox 2810 1333 2973 1388; x_wconf 88' lang='lat' dir='ltr'><strong>Deum</strong></span> <span class='ocrx_word' id='word_1_181' title='bbox 2998 1330 3229 1387; x_wconf 85' lang='lat' dir='ltr'><strong>Verbum</strong></span> <span class='ocrx_word' id='word_1_182' title='bbox 3248 1348 3372 1392; x_wconf 85' lang='lat' dir='ltr'><strong>esse</strong></span> 
     </span>
    </p>
   </div>
   <div class='ocr_carea' id='block_1_26' title="bbox 1813 1423 3375 1503">
    <p class='ocr_par' dir='ltr' id='par_1_26' title="bbox 1813 1423 3375 1503">
     <span class='ocr_line' id='line_1_26' title="bbox 1813 1423 3375 1503; baseline 0 -23"><span class='ocrx_word' id='word_1_183' title='bbox 1813 1427 1974 1480; x_wconf 87' lang='lat' dir='ltr'><strong>simul</strong></span> <span class='ocrx_word' id='word_1_184' title='bbox 1999 1442 2119 1481; x_wconf 87' lang='lat' dir='ltr'><strong>cum</strong></span> <span class='ocrx_word' id='word_1_185' title='bbox 2149 1441 2212 1503; x_wconf 73' lang='lat' dir='ltr'><strong>eo</strong></span> <span class='ocrx_word' id='word_1_186' title='bbox 2238 1426 2456 1480; x_wconf 87' lang='lat' dir='ltr'><strong>homine</strong></span> <span class='ocrx_word' id='word_1_187' title='bbox 2478 1426 2566 1494; x_wconf 85' lang='lat' dir='ltr'><strong>qui</strong></span> <span class='ocrx_word' id='word_1_188' title='bbox 2586 1440 2647 1479; x_wconf 75' lang='lat' dir='ltr'><strong>ex</strong></span> <span class='ocrx_word' id='word_1_189' title='bbox 2678 1424 2842 1477; x_wconf 81' lang='lat' dir='ltr'><strong>Maria</strong></span> <span class='ocrx_word' id='word_1_190' title='bbox 2866 1425 3043 1480; x_wconf 81' lang='lat' dir='ltr'><strong>editus</strong></span> <span class='ocrx_word' id='word_1_191' title='bbox 3067 1430 3175 1479; x_wconf 87' lang='lat' dir='ltr'><strong>est:</strong></span> <span class='ocrx_word' id='word_1_192' title='bbox 3197 1423 3375 1480; x_wconf 82' lang='lat' dir='ltr'><strong>Theo-</strong></span> 
     </span>
    </p>
   </div>
   <div class='ocr_carea' id='block_1_27' title="bbox 145 1522 2115 1602">
    <p class='ocr_par' dir='ltr' id='par_1_27' title="bbox 145 1522 2115 1602">
     <span class='ocr_line' id='line_1_27' title="bbox 145 1522 2115 1602; baseline -0.007 -13"><span class='ocrx_word' id='word_1_193' title='bbox 145 1535 304 1591; x_wconf 89' lang='lat' dir='ltr'><strong>dorus</strong></span> <span class='ocrx_word' id='word_1_194' title='bbox 324 1543 516 1599; x_wconf 87' lang='lat' dir='ltr'><strong>autem,</strong></span> <span class='ocrx_word' id='word_1_195' title='bbox 534 1545 675 1602; x_wconf 83' lang='lat' dir='ltr'><strong>quoa</strong></span> <span class='ocrx_word' id='word_1_196' title='bbox 696 1533 745 1586; x_wconf 87' lang='lat' dir='ltr'><strong>ei</strong></span> <span class='ocrx_word' id='word_1_197' title='bbox 767 1548 833 1587; x_wconf 88' lang='lat' dir='ltr'><strong>ex</strong></span> <span class='ocrx_word' id='word_1_198' title='bbox 861 1532 1024 1586; x_wconf 87' lang='lat' dir='ltr'><strong>Maria</strong></span> <span class='ocrx_word' id='word_1_199' title='bbox 1052 1533 1194 1586; x_wconf 89' lang='lat' dir='ltr'><strong>edito</strong></span> <span class='ocrx_word' id='word_1_200' title='bbox 1217 1530 1409 1597; x_wconf 89' lang='lat' dir='ltr'><strong>inerat,</strong></span> <span class='ocrx_word' id='word_1_201' title='bbox 1425 1536 1483 1583; x_wconf 87' lang='lat' dir='ltr'><strong>ut</strong></span> <span class='ocrx_word' id='word_1_202' title='bbox 1503 1527 1693 1593; x_wconf 82' lang='lat' dir='ltr'><strong>simile,</strong></span> <span class='ocrx_word' id='word_1_203' title='bbox 1734 1522 2115 1595; x_wconf 86' lang='lat' dir='ltr'><strong>pronuntiavit.</strong></span> 
     </span>
    </p>
   </div>
   <div class='ocr_carea' id='block_1_28' title="bbox 214 1606 1726 1700">
    <p class='ocr_par' dir='ltr' id='par_1_28' title="bbox 214 1619 1713 1700">
     <span class='ocr_line' id='line_1_28' title="bbox 214 1619 1713 1700; baseline -0.005 -21"><span class='ocrx_word' id='word_1_204' title='bbox 214 1624 326 1682; x_wconf 86' lang='grc' dir='ltr'>ὀτι</span> <span class='ocrx_word' id='word_1_205' title='bbox 365 1626 418 1680; x_wconf 78' lang='grc' dir='ltr'><strong>δέ</strong></span> <span class='ocrx_word' id='word_1_206' title='bbox 447 1630 676 1700; x_wconf 81' lang='grc' dir='ltr'>περὶτοῦ</span> <span class='ocrx_word' id='word_1_207' title='bbox 714 1632 841 1680; x_wconf 85' lang='grc' dir='ltr'>Θεοῦ</span> <span class='ocrx_word' id='word_1_208' title='bbox 868 1626 1009 1695; x_wconf 82' lang='grc' dir='ltr'>λόγου</span> <span class='ocrx_word' id='word_1_209' title='bbox 1040 1632 1128 1679; x_wconf 87' lang='grc' dir='ltr'><strong>τοῦ</strong></span> <span class='ocrx_word' id='word_1_210' title='bbox 1158 1624 1498 1698; x_wconf 76' lang='grc' dir='ltr'>σαρκωθέντος</span> <span class='ocrx_word' id='word_1_211' title='bbox 1518 1619 1713 1694; x_wconf 61' lang='grc' dir='ltr'>ὄρηται</span> 
     </span>
    </p>
   </div>
   <div class='ocr_carea' id='block_1_29' title="bbox 1832 1606 3382 1700">
    <p class='ocr_par' dir='ltr' id='par_1_29' title="bbox 1883 1606 3382 1679">
     <span class='ocr_line' id='line_1_29' title="bbox 1883 1606 3382 1679; baseline -0.003 -12"><span class='ocrx_word' id='word_1_212' title='bbox 1883 1612 2036 1679; x_wconf 85' lang='lat' dir='ltr'><strong>Quod</strong></span> <span class='ocrx_word' id='word_1_213' title='bbox 2078 1619 2257 1666; x_wconf 89' lang='lat' dir='ltr'><strong>autem</strong></span> <span class='ocrx_word' id='word_1_214' title='bbox 2303 1612 2371 1665; x_wconf 92' lang='lat' dir='ltr'><strong>de</strong></span> <span class='ocrx_word' id='word_1_215' title='bbox 2398 1611 2508 1666; x_wconf 90' lang='lat' dir='ltr'><strong>Deo</strong></span> <span class='ocrx_word' id='word_1_216' title='bbox 2535 1610 2712 1668; x_wconf 75' lang='lat' dir='ltr'><strong>Verbo</strong></span> <span class='ocrx_word' id='word_1_217' title='bbox 2770 1614 3048 1667; x_wconf 85' lang='lat' dir='ltr'><strong>incarnato</strong></span> <span class='ocrx_word' id='word_1_218' title='bbox 3075 1606 3278 1666; x_wconf 85' lang='lat' dir='ltr'><strong>dictum</strong></span> <span class='ocrx_word' id='word_1_219' title='bbox 3313 1610 3382 1663; x_wconf 86' lang='lat' dir='ltr'><strong>sit</strong></span> 
     </span>
    </p>
   </div>
   <div class='ocr_carea' id='block_1_30' title="bbox 148 1711 1717 1788">
    <p class='ocr_par' dir='ltr' id='par_1_30' title="bbox 148 1711 1717 1788">
     <span class='ocr_line' id='line_1_30' title="bbox 148 1711 1717 1788; baseline -0.004 -21"><span class='ocrx_word' id='word_1_220' title='bbox 148 1715 232 1777; x_wconf 79' lang='grc' dir='ltr'><strong>τό,</strong></span> <span class='ocrx_word' id='word_1_221' title='bbox 268 1731 287 1764; x_wconf 76' lang='grc' dir='ltr'><strong>ε</strong></span> <span class='ocrx_word' id='word_1_222' title='bbox 313 1713 613 1774; x_wconf 74' lang='grc' dir='ltr'>ἠλάττωσας</span> <span class='ocrx_word' id='word_1_223' title='bbox 646 1711 796 1769; x_wconf 81' lang='grc' dir='ltr'>αὑτὸν</span> <span class='ocrx_word' id='word_1_224' title='bbox 825 1712 1005 1788; x_wconf 83' lang='grc' dir='ltr'>βραχὺ</span> <span class='ocrx_word' id='word_1_225' title='bbox 1053 1736 1101 1768; x_wconf 91' lang='grc' dir='ltr'><strong>τι</strong></span> <span class='ocrx_word' id='word_1_226' title='bbox 1129 1712 1254 1787; x_wconf 79' lang='grc' dir='ltr'>παρ’</span> <span class='ocrx_word' id='word_1_227' title='bbox 1281 1712 1548 1783; x_wconf 81' lang='grc' dir='ltr'>ἀγγέλους,</span> <span class='ocrx_word' id='word_1_228' title='bbox 1580 1726 1599 1758; x_wconf 71' lang='grc' dir='ltr'><strong>ι</strong></span> <span class='ocrx_word' id='word_1_229' title='bbox 1631 1711 1717 1762; x_wconf 82' lang='grc' dir='ltr'>καὶ</span> 
     </span>
    </p>
   </div>
   <div class='ocr_carea' id='block_1_31' title="bbox 150 1799 1712 1878">
    <p class='ocr_par' dir='ltr' id='par_1_31' title="bbox 150 1799 1712 1878">
     <span class='ocr_line' id='line_1_31' title="bbox 150 1799 1712 1878; baseline 0.001 -23"><span class='ocrx_word' id='word_1_230' title='bbox 150 1823 168 1855; x_wconf 90' lang='grc' dir='ltr'><strong>ε</strong></span> <span class='ocrx_word' id='word_1_231' title='bbox 188 1808 418 1860; x_wconf 70' lang='grc' dir='ltr'>ἐκένωσεν</span> <span class='ocrx_word' id='word_1_232' title='bbox 434 1807 610 1860; x_wconf 65' lang='grc' dir='ltr'>ἑαυτὸν</span> <span class='ocrx_word' id='word_1_233' title='bbox 628 1812 816 1878; x_wconf 69' lang='grc' dir='ltr'>μορφήν</span> <span class='ocrx_word' id='word_1_234' title='bbox 837 1804 1010 1859; x_wconf 79' lang='grc' dir='ltr'>δοὺλου</span> <span class='ocrx_word' id='word_1_235' title='bbox 1026 1805 1213 1867; x_wconf 81' lang='grc' dir='ltr'>λαϐὼν,</span> <span class='ocrx_word' id='word_1_236' title='bbox 1237 1820 1255 1853; x_wconf 74' lang='grc' dir='ltr'><strong>ε</strong></span> <span class='ocrx_word' id='word_1_237' title='bbox 1280 1806 1365 1856; x_wconf 78' lang='grc' dir='ltr'>καὶ</span> <span class='ocrx_word' id='word_1_238' title='bbox 1384 1804 1433 1864; x_wconf 79' lang='grc' dir='ltr'><strong>ἐξ</strong></span> <span class='ocrx_word' id='word_1_239' title='bbox 1454 1799 1610 1855; x_wconf 76' lang='grc' dir='ltr'>ἄλλων</span> <span class='ocrx_word' id='word_1_240' title='bbox 1626 1801 1712 1874; x_wconf 67' lang='grc' dir='ltr'>ρη-</span> 
     </span>
    </p>
   </div>
   <div class='ocr_carea' id='block_1_32' title="bbox 146 1892 1713 1963">
    <p class='ocr_par' dir='ltr' id='par_1_32' title="bbox 146 1892 1713 1963">
     <span class='ocr_line' id='line_1_32' title="bbox 146 1892 1713 1963; baseline -0.003 -15"><span class='ocrx_word' id='word_1_241' title='bbox 146 1896 312 1963; x_wconf 83' lang='grc' dir='ltr'>μάτων</span> <span class='ocrx_word' id='word_1_242' title='bbox 343 1901 433 1948; x_wconf 89' lang='grc' dir='ltr'><strong>τοῦ</strong></span> <span class='ocrx_word' id='word_1_243' title='bbox 471 1895 756 1948; x_wconf 83' lang='grc' dir='ltr'>ἀποστόλου</span> <span class='ocrx_word' id='word_1_244' title='bbox 794 1892 1126 1960; x_wconf 75' lang='grc' dir='ltr'>διδασκόμεθα</span> <span class='ocrx_word' id='word_1_245' title='bbox 1162 1892 1293 1947; x_wconf 72' lang='grc' dir='ltr'>οὕτω</span> <span class='ocrx_word' id='word_1_246' title='bbox 1311 1892 1551 1959; x_wconf 84' lang='grc' dir='ltr'>λέγοντος·</span> <span class='ocrx_word' id='word_1_247' title='bbox 1587 1905 1606 1937; x_wconf 73' lang='grc' dir='ltr'><strong>ι</strong></span> <span class='ocrx_word' id='word_1_248' title='bbox 1627 1898 1713 1943; x_wconf 82' lang='grc' dir='ltr'><strong>Γι-</strong></span> 
     </span>
    </p>
   </div>
   <div class='ocr_carea' id='block_1_33' title="bbox 148 1978 1710 2058">
    <p class='ocr_par' dir='ltr' id='par_1_33' title="bbox 148 1978 1710 2058">
     <span class='ocr_line' id='line_1_33' title="bbox 148 1978 1710 2058; baseline -0.004 -23"><span class='ocrx_word' id='word_1_249' title='bbox 148 1986 357 2053; x_wconf 62' lang='grc' dir='ltr'>νώσκετε</span> <span class='ocrx_word' id='word_1_250' title='bbox 381 1985 477 2055; x_wconf 78' lang='grc' dir='ltr'>γὰρ</span> <span class='ocrx_word' id='word_1_251' title='bbox 506 1988 596 2040; x_wconf 72' lang='grc' dir='ltr'><strong>την</strong></span> <span class='ocrx_word' id='word_1_252' title='bbox 625 1984 777 2058; x_wconf 77' lang='grc' dir='ltr'>χάριν</span> <span class='ocrx_word' id='word_1_253' title='bbox 798 1988 889 2035; x_wconf 88' lang='grc' dir='ltr'><strong>τοῦ</strong></span> <span class='ocrx_word' id='word_1_254' title='bbox 909 1983 1083 2055; x_wconf 82' lang='grc' dir='ltr'>κυρίου</span> <span class='ocrx_word' id='word_1_255' title='bbox 1109 1984 1247 2052; x_wconf 74' lang='grc' dir='ltr'><strong>ἡμῶν</strong></span> <span class='ocrx_word' id='word_1_256' title='bbox 1272 1978 1437 2036; x_wconf 80' lang='grc' dir='ltr'>Ἰησοῦ</span> <span class='ocrx_word' id='word_1_257' title='bbox 1464 1982 1710 2051; x_wconf 81' lang='grc' dir='ltr'>Χριστοῦ,</span> 
     </span>
    </p>
   </div>
   <div class='ocr_carea' id='block_1_34' title="bbox 146 2067 1718 2142">
    <p class='ocr_par' dir='ltr' id='par_1_34' title="bbox 146 2067 1718 2142">
     <span class='ocr_line' id='line_1_34' title="bbox 146 2067 1718 2142; baseline -0.005 -16"><span class='ocrx_word' id='word_1_258' title='bbox 146 2072 223 2126; x_wconf 76' lang='grc' dir='ltr'>ὅτι</span> <span class='ocrx_word' id='word_1_259' title='bbox 252 2070 313 2126; x_wconf 83' lang='grc' dir='ltr'>δι’</span> <span class='ocrx_word' id='word_1_260' title='bbox 334 2075 467 2142; x_wconf 76' lang='grc' dir='ltr'><strong>ἡμᾶς</strong></span> <span class='ocrx_word' id='word_1_261' title='bbox 488 2072 817 2139; x_wconf 74' lang='grc' dir='ltr'>ἐπτώχευσεν</span> <span class='ocrx_word' id='word_1_262' title='bbox 847 2071 1087 2129; x_wconf 82' lang='grc' dir='ltr'>πλούσιος</span> <span class='ocrx_word' id='word_1_263' title='bbox 1117 2068 1199 2131; x_wconf 83' lang='grc' dir='ltr'><strong>ὢν,</strong></span> <span class='ocrx_word' id='word_1_264' title='bbox 1231 2069 1316 2122; x_wconf 85' lang='grc' dir='ltr'>’ἱνα</span> <span class='ocrx_word' id='word_1_265' title='bbox 1340 2071 1479 2137; x_wconf 76' lang='grc' dir='ltr'>ἡμεῖς</span> <span class='ocrx_word' id='word_1_266' title='bbox 1506 2075 1567 2137; x_wconf 80' lang='grc' dir='ltr'><strong>τῇ</strong></span> <span class='ocrx_word' id='word_1_267' title='bbox 1598 2067 1718 2119; x_wconf 83' lang='grc' dir='ltr'>έκεί-</span> 
     </span>
    </p>
   </div>
   <div class='ocr_carea' id='block_1_35' title="bbox 148 2156 1717 2233">
    <p class='ocr_par' dir='ltr' id='par_1_35' title="bbox 148 2156 1717 2233">
     <span class='ocr_line' id='line_1_35' title="bbox 148 2156 1717 2233; baseline -0.004 -20"><span class='ocrx_word' id='word_1_268' title='bbox 148 2180 234 2214; x_wconf 79' lang='grc' dir='ltr'><strong>νου</strong></span> <span class='ocrx_word' id='word_1_269' title='bbox 261 2161 499 2233; x_wconf 78' lang='grc' dir='ltr'>πτωχείᾳ</span> <span class='ocrx_word' id='word_1_270' title='bbox 526 2160 903 2228; x_wconf 67' lang='grc' dir='ltr'>πλευτὰσωμεν.</span> <span class='ocrx_word' id='word_1_271' title='bbox 936 2176 955 2209; x_wconf 77' lang='grc' dir='ltr'><strong>ι</strong></span> <span class='ocrx_word' id='word_1_272' title='bbox 988 2162 1072 2218; x_wconf 84' lang='grc' dir='ltr'>Τίς</span> <span class='ocrx_word' id='word_1_273' title='bbox 1096 2160 1259 2212; x_wconf 83' lang='grc' dir='ltr'>τοίνυν</span> <span class='ocrx_word' id='word_1_274' title='bbox 1279 2157 1514 2227; x_wconf 68' lang='grc' dir='ltr'>τολμήσει</span> <span class='ocrx_word' id='word_1_275' title='bbox 1541 2156 1717 2227; x_wconf 82' lang='grc' dir='ltr'>λέγειν,</span> 
     </span>
    </p>
   </div>
   <div class='ocr_carea' id='block_1_36' title="bbox 146 2246 1719 2323">
    <p class='ocr_par' dir='ltr' id='par_1_36' title="bbox 146 2246 1719 2323">
     <span class='ocr_line' id='line_1_36' title="bbox 146 2246 1719 2323; baseline -0.004 -20"><span class='ocrx_word' id='word_1_276' title='bbox 146 2247 226 2303; x_wconf 73' lang='grc' dir='ltr'>ὅτι</span> <span class='ocrx_word' id='word_1_277' title='bbox 255 2248 513 2323; x_wconf 78' lang='grc' dir='ltr'>ἄνθρωπος</span> <span class='ocrx_word' id='word_1_278' title='bbox 553 2249 799 2309; x_wconf 89' lang='grc' dir='ltr'>πλοὺσιος</span> <span class='ocrx_word' id='word_1_279' title='bbox 838 2246 896 2306; x_wconf 74' lang='grc' dir='ltr'>ἧν</span> <span class='ocrx_word' id='word_1_280' title='bbox 915 2289 929 2312; x_wconf 94' lang='grc'><strong>,</strong></span> <span class='ocrx_word' id='word_1_281' title='bbox 960 2252 1046 2302; x_wconf 78' lang='grc' dir='ltr'>καὶ</span> <span class='ocrx_word' id='word_1_282' title='bbox 1071 2250 1405 2318; x_wconf 80' lang='grc' dir='ltr'>ἐπτώχευσεν</span> <span class='ocrx_word' id='word_1_283' title='bbox 1424 2289 1437 2311; x_wconf 93' lang='grc'><strong>,</strong></span> <span class='ocrx_word' id='word_1_284' title='bbox 1464 2247 1546 2299; x_wconf 77' lang='grc' dir='ltr'>ἵνα</span> <span class='ocrx_word' id='word_1_285' title='bbox 1587 2248 1719 2314; x_wconf 76' lang='grc' dir='ltr'>ἡμᾶς</span> 
     </span>
    </p>
   </div>
   <div class='ocr_carea' id='block_1_37' title="bbox 146 2334 1716 2413">
    <p class='ocr_par' dir='ltr' id='par_1_37' title="bbox 146 2334 1716 2413">
     <span class='ocr_line' id='line_1_37' title="bbox 146 2334 1716 2413; baseline -0.004 -22"><span class='ocrx_word' id='word_1_286' title='bbox 146 2339 438 2410; x_wconf 73' lang='grc' dir='ltr'>πλουτήσῃς</span> <span class='ocrx_word' id='word_1_287' title='bbox 468 2336 667 2395; x_wconf 80' lang='grc' dir='ltr'>Ἐπειδὴ</span> <span class='ocrx_word' id='word_1_288' title='bbox 706 2336 758 2391; x_wconf 81' lang='grc' dir='ltr'><strong>δέ</strong></span> <span class='ocrx_word' id='word_1_289' title='bbox 797 2337 963 2408; x_wconf 80' lang='grc' dir='ltr'>λέγετε</span> <span class='ocrx_word' id='word_1_290' title='bbox 982 2379 997 2404; x_wconf 94' lang='grc'><strong>,</strong></span> <span class='ocrx_word' id='word_1_291' title='bbox 1036 2335 1113 2391; x_wconf 84' lang='grc' dir='ltr'>ὅτι</span> <span class='ocrx_word' id='word_1_292' title='bbox 1156 2336 1205 2391; x_wconf 75' lang='grc' dir='ltr'>εἴ</span> <span class='ocrx_word' id='word_1_293' title='bbox 1236 2357 1313 2396; x_wconf 86' lang='grc' dir='ltr'><strong>τις</strong></span> <span class='ocrx_word' id='word_1_294' title='bbox 1341 2334 1454 2413; x_wconf 71' lang='grc' dir='ltr'>εἴπῃ</span> <span class='ocrx_word' id='word_1_295' title='bbox 1482 2337 1599 2407; x_wconf 79' lang='grc' dir='ltr'>περὶ</span> <span class='ocrx_word' id='word_1_296' title='bbox 1630 2340 1716 2387; x_wconf 89' lang='grc' dir='ltr'><strong>τοῦ</strong></span> 
     </span>
    </p>
   </div>
   <div class='ocr_carea' id='block_1_38' title="bbox 145 2425 1716 2503">
    <p class='ocr_par' dir='ltr' id='par_1_38' title="bbox 145 2425 1716 2503">
     <span class='ocr_line' id='line_1_38' title="bbox 145 2425 1716 2503; baseline -0.004 -22"><span class='ocrx_word' id='word_1_297' title='bbox 145 2428 489 2503; x_wconf 78' lang='grc' dir='ltr'>σαρκωθέντος</span> <span class='ocrx_word' id='word_1_298' title='bbox 518 2434 644 2480; x_wconf 84' lang='grc' dir='ltr'>Θεοῦ</span> <span class='ocrx_word' id='word_1_299' title='bbox 679 2426 825 2498; x_wconf 88' lang='grc' dir='ltr'>λόγου</span> <span class='ocrx_word' id='word_1_300' title='bbox 855 2432 943 2481; x_wconf 91' lang='grc' dir='ltr'><strong>τοῦ</strong></span> <span class='ocrx_word' id='word_1_301' title='bbox 985 2430 1280 2496; x_wconf 70' lang='grc' dir='ltr'>μονογενοῦς</span> <span class='ocrx_word' id='word_1_302' title='bbox 1305 2425 1417 2477; x_wconf 84' lang='grc' dir='ltr'>υἱοῦ</span> <span class='ocrx_word' id='word_1_303' title='bbox 1450 2430 1539 2478; x_wconf 91' lang='grc' dir='ltr'><strong>τοῦ</strong></span> <span class='ocrx_word' id='word_1_304' title='bbox 1568 2428 1716 2487; x_wconf 86' lang='grc' dir='ltr'>Θεοῦ,</span> 
     </span>
    </p>
   </div>
   <div class='ocr_carea' id='block_1_39' title="bbox 147 2512 1721 2587">
    <p class='ocr_par' dir='ltr' id='par_1_39' title="bbox 147 2512 1721 2587">
     <span class='ocr_line' id='line_1_39' title="bbox 147 2512 1721 2587; baseline -0.003 -20"><span class='ocrx_word' id='word_1_305' title='bbox 147 2512 234 2569; x_wconf 85' lang='grc' dir='ltr'>ὅτι</span> <span class='ocrx_word' id='word_1_306' title='bbox 260 2515 409 2574; x_wconf 79' lang='grc' dir='ltr'>αὐτὸς</span> <span class='ocrx_word' id='word_1_307' title='bbox 433 2514 710 2578; x_wconf 79' lang='grc' dir='ltr'>ἠλαττώθη,</span> <span class='ocrx_word' id='word_1_308' title='bbox 732 2513 762 2572; x_wconf 77' lang='grc' dir='ltr'><strong>ἦ</strong></span> <span class='ocrx_word' id='word_1_309' title='bbox 786 2514 1014 2576; x_wconf 83' lang='grc' dir='ltr'>έκενώθη,</span> <span class='ocrx_word' id='word_1_310' title='bbox 1038 2518 1228 2587; x_wconf 70' lang='grc' dir='ltr'>τροπήν</span> <span class='ocrx_word' id='word_1_311' title='bbox 1256 2521 1346 2570; x_wconf 83' lang='grc' dir='ltr'>τῆς</span> <span class='ocrx_word' id='word_1_312' title='bbox 1366 2512 1498 2571; x_wconf 86' lang='grc' dir='ltr'>θείας</span> <span class='ocrx_word' id='word_1_313' title='bbox 1525 2512 1721 2581; x_wconf 54' lang='grc' dir='ltr'>ψὺσεως</span> 
     </span>
    </p>
   </div>
   <div class='ocr_carea' id='block_1_40' title="bbox 150 2600 1725 2678">
    <p class='ocr_par' dir='ltr' id='par_1_40' title="bbox 150 2600 1725 2678">
     <span class='ocr_line' id='line_1_40' title="bbox 150 2600 1725 2678; baseline 0 -23"><span class='ocrx_word' id='word_1_314' title='bbox 150 2609 287 2656; x_wconf 85' lang='grc' dir='ltr'>ποιεῖ</span> <span class='ocrx_word' id='word_1_315' title='bbox 329 2603 457 2656; x_wconf 89' lang='grc' dir='ltr'><strong>κατά</strong></span> <span class='ocrx_word' id='word_1_316' title='bbox 484 2607 573 2660; x_wconf 76' lang='grc' dir='ltr'>τὴν</span> <span class='ocrx_word' id='word_1_317' title='bbox 598 2600 935 2678; x_wconf 77' lang='grc' dir='ltr'>’Λπολιναρίου</span> <span class='ocrx_word' id='word_1_318' title='bbox 963 2603 1218 2668; x_wconf 83' lang='grc' dir='ltr'>ἀσέϐειαν,</span> <span class='ocrx_word' id='word_1_319' title='bbox 1246 2601 1276 2660; x_wconf 81' lang='grc' dir='ltr'><strong>ἣ</strong></span> <span class='ocrx_word' id='word_1_320' title='bbox 1299 2604 1516 2660; x_wconf 65' lang='grc' dir='ltr'>παθητὴν</span> <span class='ocrx_word' id='word_1_321' title='bbox 1537 2601 1725 2673; x_wconf 82' lang='grc' dir='ltr'>εἰσάγει</span> 
     </span>
    </p>
   </div>
   <div class='ocr_carea' id='block_1_41' title="bbox 149 2692 1726 2770">
    <p class='ocr_par' dir='ltr' id='par_1_41' title="bbox 149 2692 1726 2770">
     <span class='ocr_line' id='line_1_41' title="bbox 149 2692 1726 2770; baseline -0.003 -22"><span class='ocrx_word' id='word_1_322' title='bbox 149 2698 243 2751; x_wconf 72' lang='grc' dir='ltr'>τήν</span> <span class='ocrx_word' id='word_1_323' title='bbox 264 2694 473 2748; x_wconf 85' lang='grc' dir='ltr'>θεότητα</span> <span class='ocrx_word' id='word_1_324' title='bbox 495 2695 624 2749; x_wconf 85' lang='grc' dir='ltr'><strong>κατά</strong></span> <span class='ocrx_word' id='word_1_325' title='bbox 651 2699 740 2752; x_wconf 79' lang='grc' dir='ltr'>τὴν</span> <span class='ocrx_word' id='word_1_326' title='bbox 759 2692 944 2770; x_wconf 81' lang='grc' dir='ltr'>’Δρείου</span> <span class='ocrx_word' id='word_1_327' title='bbox 973 2697 1177 2765; x_wconf 86' lang='grc' dir='ltr'>μανίαν,</span> <span class='ocrx_word' id='word_1_328' title='bbox 1209 2692 1412 2766; x_wconf 78' lang='grc' dir='ltr'>ἁρμόζει</span> <span class='ocrx_word' id='word_1_329' title='bbox 1442 2694 1567 2767; x_wconf 83' lang='grc' dir='ltr'>πρὸς</span> <span class='ocrx_word' id='word_1_330' title='bbox 1590 2693 1726 2761; x_wconf 81' lang='grc' dir='ltr'>ὑμᾶς</span> 
     </span>
    </p>
   </div>
   <div class='ocr_carea' id='block_1_42' title="bbox 151 2783 1723 2858">
    <p class='ocr_par' dir='ltr' id='par_1_42' title="bbox 151 2783 1723 2858">
     <span class='ocr_line' id='line_1_42' title="bbox 151 2783 1723 2858; baseline 0.001 -20"><span class='ocrx_word' id='word_1_331' title='bbox 151 2783 237 2838; x_wconf 76' lang='grc' dir='ltr'>τὸν</span> <span class='ocrx_word' id='word_1_332' title='bbox 257 2785 567 2857; x_wconf 78' lang='grc' dir='ltr'>εὑαγγελικὸν</span> <span class='ocrx_word' id='word_1_333' title='bbox 587 2785 763 2838; x_wconf 81' lang='grc' dir='ltr'>ἐκεῖνον</span> <span class='ocrx_word' id='word_1_334' title='bbox 777 2785 916 2858; x_wconf 83' lang='grc' dir='ltr'>λόγον</span> <span class='ocrx_word' id='word_1_335' title='bbox 936 2787 1114 2839; x_wconf 84' lang='grc' dir='ltr'>εἰπεῖν·</span> <span class='ocrx_word' id='word_1_336' title='bbox 1145 2802 1163 2835; x_wconf 79' lang='grc' dir='ltr'><strong>ε</strong></span> <span class='ocrx_word' id='word_1_337' title='bbox 1183 2785 1427 2839; x_wconf 74' lang='grc' dir='ltr'>Πλανᾶσθε</span> <span class='ocrx_word' id='word_1_338' title='bbox 1449 2790 1516 2855; x_wconf 77' lang='grc' dir='ltr'><strong>μή</strong></span> <span class='ocrx_word' id='word_1_339' title='bbox 1538 2783 1723 2846; x_wconf 80' lang='grc' dir='ltr'>εἰδότες</span> 
     </span>
    </p>
   </div>
   <div class='ocr_carea' id='block_1_43' title="bbox 149 2871 1719 2948">
    <p class='ocr_par' dir='ltr' id='par_1_43' title="bbox 149 2871 1719 2948">
     <span class='ocr_line' id='line_1_43' title="bbox 149 2871 1719 2948; baseline -0.001 -22"><span class='ocrx_word' id='word_1_340' title='bbox 149 2871 248 2931; x_wconf 75' lang='grc' dir='ltr'><strong>τὰς</strong></span> <span class='ocrx_word' id='word_1_341' title='bbox 277 2875 500 2948; x_wconf 73' lang='grc' dir='ltr'>γραφὰς,</span> <span class='ocrx_word' id='word_1_342' title='bbox 546 2872 669 2941; x_wconf 84' lang='grc' dir='ltr'>μηδέ</span> <span class='ocrx_word' id='word_1_343' title='bbox 697 2879 785 2932; x_wconf 77' lang='grc' dir='ltr'><strong>τήν</strong></span> <span class='ocrx_word' id='word_1_344' title='bbox 821 2872 1026 2945; x_wconf 82' lang='grc' dir='ltr'>δύναμιν</span> <span class='ocrx_word' id='word_1_345' title='bbox 1063 2879 1152 2928; x_wconf 92' lang='grc' dir='ltr'><strong>τοῦ</strong></span> <span class='ocrx_word' id='word_1_346' title='bbox 1183 2879 1308 2927; x_wconf 84' lang='grc' dir='ltr'>Θεοῦ</span> <span class='ocrx_word' id='word_1_347' title='bbox 1331 2875 1670 2944; x_wconf 78' lang='grc' dir='ltr'>ἐπιστάμενοι.</span> <span class='ocrx_word' id='word_1_348' title='bbox 1700 2891 1719 2925; x_wconf 78' lang='grc' dir='ltr'><strong>ε</strong></span> 
     </span>
    </p>
   </div>
   <div class='ocr_carea' id='block_1_44' title="bbox 1817 1701 3379 1773">
    <p class='ocr_par' dir='ltr' id='par_1_44' title="bbox 1817 1701 3379 1773">
     <span class='ocr_line' id='line_1_44' title="bbox 1817 1701 3379 1773; baseline -0.001 -17"><span class='ocrx_word' id='word_1_349' title='bbox 1817 1703 1943 1757; x_wconf 89' lang='lat' dir='ltr'><strong>illud</strong></span> <span class='ocrx_word' id='word_1_350' title='bbox 1979 1722 1998 1754; x_wconf 89' lang='grc' dir='ltr'><strong>ε</strong></span> <span class='ocrx_word' id='word_1_351' title='bbox 2018 1703 2252 1757; x_wconf 84' lang='lat' dir='ltr'><strong>Minuisti</strong></span> <span class='ocrx_word' id='word_1_352' title='bbox 2282 1718 2402 1757; x_wconf 87' lang='lat' dir='ltr'><strong>eum</strong></span> <span class='ocrx_word' id='word_1_353' title='bbox 2425 1703 2585 1773; x_wconf 88' lang='lat' dir='ltr'><strong>paulo</strong></span> <span class='ocrx_word' id='word_1_354' title='bbox 2611 1705 2788 1758; x_wconf 87' lang='lat' dir='ltr'><strong>minus</strong></span> <span class='ocrx_word' id='word_1_355' title='bbox 2808 1705 2874 1757; x_wconf 90' lang='lat' dir='ltr'><strong>ab</strong></span> <span class='ocrx_word' id='word_1_356' title='bbox 2896 1701 3119 1771; x_wconf 76' lang='lat' dir='ltr'><strong>angelis,</strong></span> <span class='ocrx_word' id='word_1_357' title='bbox 3142 1720 3159 1753; x_wconf 72' lang='grc' dir='ltr'><strong>ι</strong></span> <span class='ocrx_word' id='word_1_358' title='bbox 3193 1709 3379 1770; x_wconf 85' lang='lat' dir='ltr'><strong>atque,</strong></span> 
     </span>
    </p>
   </div>
   <div class='ocr_carea' id='block_1_45' title="bbox 1823 1785 3380 1862">
    <p class='ocr_par' dir='ltr' id='par_1_45' title="bbox 1823 1785 3380 1862">
     <span class='ocr_line' id='line_1_45' title="bbox 1823 1785 3380 1862; baseline 0.001 -17"><span class='ocrx_word' id='word_1_359' title='bbox 1823 1813 1841 1845; x_wconf 86' lang='grc'><strong>‹</strong></span> <span class='ocrx_word' id='word_1_360' title='bbox 1859 1793 2515 1862; x_wconf 77' lang='lat' dir='ltr'><strong>Exinanivitsemetipsum</strong></span> <span class='ocrx_word' id='word_1_361' title='bbox 2538 1793 2760 1848; x_wconf 75' lang='lat' dir='ltr'><strong>formam</strong></span> <span class='ocrx_word' id='word_1_362' title='bbox 2775 1795 2912 1849; x_wconf 87' lang='lat' dir='ltr'><strong>servi</strong></span> <span class='ocrx_word' id='word_1_363' title='bbox 2927 1794 3215 1862; x_wconf 85' lang='lat' dir='ltr'><strong>accipiens,</strong></span> <span class='ocrx_word' id='word_1_364' title='bbox 3236 1785 3258 1844; x_wconf 66' lang='grc' dir='ltr'>ι’</span> <span class='ocrx_word' id='word_1_365' title='bbox 3274 1792 3380 1846; x_wconf 90' lang='lat' dir='ltr'><strong>alio</strong></span> 
     </span>
    </p>
   </div>
   <div class='ocr_carea' id='block_1_46' title="bbox 1817 1883 3381 1953">
    <p class='ocr_par' dir='ltr' id='par_1_46' title="bbox 1817 1883 3381 1953">
     <span class='ocr_line' id='line_1_46' title="bbox 1817 1883 3381 1953; baseline 0.003 -18"><span class='ocrx_word' id='word_1_366' title='bbox 1817 1884 2057 1952; x_wconf 86' lang='lat' dir='ltr'><strong>Apostoli</strong></span> <span class='ocrx_word' id='word_1_367' title='bbox 2108 1883 2230 1938; x_wconf 86' lang='lat' dir='ltr'><strong>loco</strong></span> <span class='ocrx_word' id='word_1_368' title='bbox 2269 1884 2522 1938; x_wconf 89' lang='lat' dir='ltr'><strong>docemur</strong></span> <span class='ocrx_word' id='word_1_369' title='bbox 2567 1885 2634 1939; x_wconf 91' lang='lat' dir='ltr'><strong>de</strong></span> <span class='ocrx_word' id='word_1_370' title='bbox 2661 1886 2778 1953; x_wconf 91' lang='lat' dir='ltr'><strong>ipso</strong></span> <span class='ocrx_word' id='word_1_371' title='bbox 2806 1885 3072 1939; x_wconf 85' lang='lat' dir='ltr'><strong>dicentis:</strong></span> <span class='ocrx_word' id='word_1_372' title='bbox 3110 1902 3130 1936; x_wconf 83' lang='grc' dir='ltr'><strong>ε</strong></span> <span class='ocrx_word' id='word_1_373' title='bbox 3164 1884 3381 1950; x_wconf 78' lang='lat' dir='ltr'><strong>Cogno-</strong></span> 
     </span>
    </p>
   </div>
   <div class='ocr_carea' id='block_1_47' title="bbox 1822 1971 3383 2041">
    <p class='ocr_par' dir='ltr' id='par_1_47' title="bbox 1822 1971 3383 2041">
     <span class='ocr_line' id='line_1_47' title="bbox 1822 1971 3383 2041; baseline -0.001 -15"><span class='ocrx_word' id='word_1_374' title='bbox 1822 1973 1959 2026; x_wconf 76' lang='lat' dir='ltr'><strong>scite</strong></span> <span class='ocrx_word' id='word_1_375' title='bbox 2002 1972 2226 2039; x_wconf 77' lang='lat' dir='ltr'><strong>gratiam</strong></span> <span class='ocrx_word' id='word_1_376' title='bbox 2272 1972 2480 2025; x_wconf 85' lang='lat' dir='ltr'><strong>Domini</strong></span> <span class='ocrx_word' id='word_1_377' title='bbox 2510 1974 2678 2026; x_wconf 87' lang='lat' dir='ltr'><strong>nostri</strong></span> <span class='ocrx_word' id='word_1_378' title='bbox 2714 1971 2839 2027; x_wconf 81' lang='lat' dir='ltr'><strong>Jcsu</strong></span> <span class='ocrx_word' id='word_1_379' title='bbox 2885 1971 3099 2036; x_wconf 77' lang='lat' dir='ltr'><strong>Christi,</strong></span> <span class='ocrx_word' id='word_1_380' title='bbox 3131 1973 3383 2041; x_wconf 84' lang='lat' dir='ltr'><strong>quoniam</strong></span> 
     </span>
    </p>
   </div>
   <div class='ocr_carea' id='block_1_48' title="bbox 1821 2060 3384 2131">
    <p class='ocr_par' dir='ltr' id='par_1_48' title="bbox 1821 2060 3384 2131">
     <span class='ocr_line' id='line_1_48' title="bbox 1821 2060 3384 2131; baseline -0.002 -15"><span class='ocrx_word' id='word_1_381' title='bbox 1821 2076 1941 2116; x_wconf 88' lang='lat' dir='ltr'><strong>cum</strong></span> <span class='ocrx_word' id='word_1_382' title='bbox 1966 2060 2114 2115; x_wconf 80' lang='lat' dir='ltr'><strong>dives</strong></span> <span class='ocrx_word' id='word_1_383' title='bbox 2162 2067 2322 2116; x_wconf 87' lang='lat' dir='ltr'><strong>esset.</strong></span> <span class='ocrx_word' id='word_1_384' title='bbox 2364 2068 2582 2131; x_wconf 88' lang='lat' dir='ltr'><strong>propter</strong></span> <span class='ocrx_word' id='word_1_385' title='bbox 2626 2076 2724 2114; x_wconf 87' lang='lat' dir='ltr'><strong>nos</strong></span> <span class='ocrx_word' id='word_1_386' title='bbox 2768 2075 2969 2129; x_wconf 79' lang='lat' dir='ltr'><strong>egenus</strong></span> <span class='ocrx_word' id='word_1_387' title='bbox 2994 2060 3167 2115; x_wconf 77' lang='lat' dir='ltr'><strong>factus</strong></span> <span class='ocrx_word' id='word_1_388' title='bbox 3195 2068 3297 2127; x_wconf 88' lang='lat' dir='ltr'><strong>est,</strong></span> <span class='ocrx_word' id='word_1_389' title='bbox 3327 2070 3384 2115; x_wconf 93' lang='lat' dir='ltr'><strong>ut</strong></span> 
     </span>
    </p>
   </div>
   <div class='ocr_carea' id='block_1_49' title="bbox 1825 2147 3379 2219">
    <p class='ocr_par' dir='ltr' id='par_1_49' title="bbox 1825 2147 3379 2219">
     <span class='ocr_line' id='line_1_49' title="bbox 1825 2147 3379 2219; baseline -0.001 -18"><span class='ocrx_word' id='word_1_390' title='bbox 1825 2164 1921 2203; x_wconf 86' lang='lat' dir='ltr'><strong>nos</strong></span> <span class='ocrx_word' id='word_1_391' title='bbox 1969 2147 2083 2217; x_wconf 85' lang='lat' dir='ltr'><strong>ejus</strong></span> <span class='ocrx_word' id='word_1_392' title='bbox 2126 2148 2305 2217; x_wconf 91' lang='lat' dir='ltr'><strong>inopia</strong></span> <span class='ocrx_word' id='word_1_393' title='bbox 2344 2148 2535 2203; x_wconf 85' lang='lat' dir='ltr'><strong>divites</strong></span> <span class='ocrx_word' id='word_1_394' title='bbox 2563 2164 2799 2203; x_wconf 88' lang='lat' dir='ltr'><strong>essemus</strong></span> <span class='ocrx_word' id='word_1_395' title='bbox 2830 2147 2916 2219; x_wconf 87' lang='lat' dir='ltr'><strong>(II</strong></span> <span class='ocrx_word' id='word_1_396' title='bbox 2943 2149 3060 2203; x_wconf 87' lang='lat' dir='ltr'><strong>Cor.</strong></span> <span class='ocrx_word' id='word_1_397' title='bbox 3109 2161 3213 2212; x_wconf 72' lang='grc' dir='ltr'>ειη,</span> <span class='ocrx_word' id='word_1_398' title='bbox 3244 2148 3320 2219; x_wconf 88' lang='lat'><strong>9).</strong></span> <span class='ocrx_word' id='word_1_399' title='bbox 3360 2167 3379 2200; x_wconf 76' lang='grc' dir='ltr'><strong>ι</strong></span> 
     </span>
    </p>
   </div>
   <div class='ocr_carea' id='block_1_50' title="bbox 1824 2237 3385 2307">
    <p class='ocr_par' dir='ltr' id='par_1_50' title="bbox 1824 2237 3385 2307">
     <span class='ocr_line' id='line_1_50' title="bbox 1824 2237 3385 2307; baseline 0.001 -14"><span class='ocrx_word' id='word_1_400' title='bbox 1824 2240 1953 2306; x_wconf 87' lang='lat' dir='ltr'><strong>Quis</strong></span> <span class='ocrx_word' id='word_1_401' title='bbox 1974 2247 2153 2293; x_wconf 88' lang='lat' dir='ltr'><strong>autem</strong></span> <span class='ocrx_word' id='word_1_402' title='bbox 2175 2239 2352 2293; x_wconf 90' lang='lat' dir='ltr'><strong>dicere</strong></span> <span class='ocrx_word' id='word_1_403' title='bbox 2373 2237 2567 2293; x_wconf 87' lang='lat' dir='ltr'><strong>audeat</strong></span> <span class='ocrx_word' id='word_1_404' title='bbox 2594 2237 2862 2292; x_wconf 90' lang='lat' dir='ltr'><strong>hominem</strong></span> <span class='ocrx_word' id='word_1_405' title='bbox 2885 2238 3101 2293; x_wconf 81' lang='lat' dir='ltr'><strong>divitem</strong></span> <span class='ocrx_word' id='word_1_406' title='bbox 3132 2238 3313 2307; x_wconf 81' lang='lat' dir='ltr'><strong>fuisse,</strong></span> <span class='ocrx_word' id='word_1_407' title='bbox 3333 2249 3385 2295; x_wconf 84' lang='lat' dir='ltr'><strong>et</strong></span> 
     </span>
    </p>
   </div>
   <div class='ocr_carea' id='block_1_51' title="bbox 1823 2327 3387 2399">
    <p class='ocr_par' dir='ltr' id='par_1_51' title="bbox 1823 2327 3387 2399">
     <span class='ocr_line' id='line_1_51' title="bbox 1823 2327 3387 2399; baseline -0.001 -14"><span class='ocrx_word' id='word_1_408' title='bbox 1823 2345 2049 2399; x_wconf 80' lang='lat' dir='ltr'><strong>egenum</strong></span> <span class='ocrx_word' id='word_1_409' title='bbox 2098 2328 2293 2383; x_wconf 80' lang='lat' dir='ltr'><strong>factum</strong></span> <span class='ocrx_word' id='word_1_410' title='bbox 2345 2343 2481 2393; x_wconf 89' lang='lat' dir='ltr'><strong>esse,</strong></span> <span class='ocrx_word' id='word_1_411' title='bbox 2534 2336 2591 2382; x_wconf 88' lang='lat' dir='ltr'><strong>ut</strong></span> <span class='ocrx_word' id='word_1_412' title='bbox 2620 2341 2718 2382; x_wconf 88' lang='lat' dir='ltr'><strong>nos</strong></span> <span class='ocrx_word' id='word_1_413' title='bbox 2746 2328 3124 2398; x_wconf 81' lang='lat' dir='ltr'><strong>locupletaret?</strong></span> <span class='ocrx_word' id='word_1_414' title='bbox 3147 2327 3387 2399; x_wconf 81' lang='lat' dir='ltr'><strong>Cumque</strong></span> 
     </span>
    </p>
   </div>
   <div class='ocr_carea' id='block_1_52' title="bbox 1822 2416 3388 2484">
    <p class='ocr_par' dir='ltr' id='par_1_52' title="bbox 1822 2416 3388 2484">
     <span class='ocr_line' id='line_1_52' title="bbox 1822 2416 3388 2484; baseline -0.001 -10"><span class='ocrx_word' id='word_1_415' title='bbox 1822 2434 2007 2474; x_wconf 86' lang='lat' dir='ltr'><strong>rursus</strong></span> <span class='ocrx_word' id='word_1_416' title='bbox 2031 2417 2219 2472; x_wconf 90' lang='lat' dir='ltr'><strong>dicatis</strong></span> <span class='ocrx_word' id='word_1_417' title='bbox 2247 2432 2367 2471; x_wconf 88' lang='lat' dir='ltr'><strong>eum</strong></span> <span class='ocrx_word' id='word_1_418' title='bbox 2412 2417 2500 2484; x_wconf 90' lang='lat' dir='ltr'><strong>qui</strong></span> <span class='ocrx_word' id='word_1_419' title='bbox 2525 2416 2591 2471; x_wconf 90' lang='lat' dir='ltr'><strong>de</strong></span> <span class='ocrx_word' id='word_1_420' title='bbox 2620 2417 2894 2471; x_wconf 88' lang='lat' dir='ltr'><strong>incarnato</strong></span> <span class='ocrx_word' id='word_1_421' title='bbox 2914 2416 3024 2470; x_wconf 88' lang='lat' dir='ltr'><strong>Deo</strong></span> <span class='ocrx_word' id='word_1_422' title='bbox 3053 2417 3247 2482; x_wconf 81' lang='lat' dir='ltr'><strong>Verbo,</strong></span> <span class='ocrx_word' id='word_1_423' title='bbox 3272 2420 3388 2472; x_wconf 89' lang='lat' dir='ltr'><strong>uni-</strong></span> 
     </span>
    </p>
   </div>
   <div class='ocr_carea' id='block_1_53' title="bbox 1823 2506 3387 2580">
    <p class='ocr_par' dir='ltr' id='par_1_53' title="bbox 1823 2506 3387 2580">
     <span class='ocr_line' id='line_1_53' title="bbox 1823 2506 3387 2580; baseline -0.001 -17"><span class='ocrx_word' id='word_1_424' title='bbox 1823 2510 2107 2580; x_wconf 78' lang='lat' dir='ltr'><strong>genitoque</strong></span> <span class='ocrx_word' id='word_1_425' title='bbox 2151 2506 2248 2561; x_wconf 87' lang='lat' dir='ltr'><strong>Dei</strong></span> <span class='ocrx_word' id='word_1_426' title='bbox 2285 2506 2420 2561; x_wconf 88' lang='lat' dir='ltr'><strong>Filio</strong></span> <span class='ocrx_word' id='word_1_427' title='bbox 2460 2506 2687 2561; x_wconf 80' lang='lat' dir='ltr'><strong>afﬁrmet</strong></span> <span class='ocrx_word' id='word_1_428' title='bbox 2713 2507 3034 2560; x_wconf 87' lang='lat' dir='ltr'><strong>minoratum</strong></span> <span class='ocrx_word' id='word_1_429' title='bbox 3063 2521 3180 2561; x_wconf 88' lang='lat' dir='ltr'><strong>esse</strong></span> <span class='ocrx_word' id='word_1_430' title='bbox 3212 2507 3387 2576; x_wconf 89' lang='lat' dir='ltr'><strong>ipsum</strong></span> 
     </span>
    </p>
   </div>
   <div class='ocr_carea' id='block_1_54' title="bbox 1825 2588 3387 2666">
    <p class='ocr_par' dir='ltr' id='par_1_54' title="bbox 1825 2588 3387 2666">
     <span class='ocr_line' id='line_1_54' title="bbox 1825 2588 3387 2666; baseline -0.001 -14"><span class='ocrx_word' id='word_1_431' title='bbox 1825 2605 1985 2666; x_wconf 83' lang='lat' dir='ltr'><strong>atque</strong></span> <span class='ocrx_word' id='word_1_432' title='bbox 2029 2596 2378 2660; x_wconf 84' lang='lat' dir='ltr'><strong>exinanitum,</strong></span> <span class='ocrx_word' id='word_1_433' title='bbox 2409 2588 2812 2649; x_wconf 67' lang='lat' dir='ltr'><strong>ctﬁnversionem</strong></span> <span class='ocrx_word' id='word_1_434' title='bbox 2843 2594 3033 2648; x_wconf 71' lang='lat' dir='ltr'><strong>divina:</strong></span> <span class='ocrx_word' id='word_1_435' title='bbox 3066 2603 3272 2650; x_wconf 76' lang='lat' dir='ltr'><strong>natura:</strong></span> <span class='ocrx_word' id='word_1_436' title='bbox 3307 2596 3387 2650; x_wconf 58' lang='lat' dir='ltr'><strong>in.</strong></span> 
     </span>
    </p>
   </div>
   <div class='ocr_carea' id='block_1_55' title="bbox 1826 2685 3389 2758">
    <p class='ocr_par' dir='ltr' id='par_1_55' title="bbox 1826 2685 3389 2758">
     <span class='ocr_line' id='line_1_55' title="bbox 1826 2685 3389 2758; baseline 0 -15"><span class='ocrx_word' id='word_1_437' title='bbox 1826 2689 2021 2744; x_wconf 89' lang='lat' dir='ltr'><strong>ducere</strong></span> <span class='ocrx_word' id='word_1_438' title='bbox 2043 2687 2197 2756; x_wconf 80' lang='lat' dir='ltr'><strong>juxta</strong></span> <span class='ocrx_word' id='word_1_439' title='bbox 2226 2686 2540 2755; x_wconf 88' lang='lat' dir='ltr'><strong>Apollinarii</strong></span> <span class='ocrx_word' id='word_1_440' title='bbox 2588 2687 2935 2758; x_wconf 87' lang='lat' dir='ltr'><strong>impietatem,</strong></span> <span class='ocrx_word' id='word_1_441' title='bbox 2973 2685 3058 2740; x_wconf 85' lang='lat' dir='ltr'><strong>vel</strong></span> <span class='ocrx_word' id='word_1_442' title='bbox 3098 2688 3389 2743; x_wconf 88' lang='lat' dir='ltr'><strong>secundum</strong></span> 
     </span>
    </p>
   </div>
   <div class='ocr_carea' id='block_1_56' title="bbox 1828 2778 3391 2851">
    <p class='ocr_par' dir='ltr' id='par_1_56' title="bbox 1828 2778 3391 2851">
     <span class='ocr_line' id='line_1_56' title="bbox 1828 2778 3391 2851; baseline 0.003 -18"><span class='ocrx_word' id='word_1_443' title='bbox 1828 2779 1939 2833; x_wconf 79' lang='lat' dir='ltr'><strong>Arii</strong></span> <span class='ocrx_word' id='word_1_444' title='bbox 1968 2793 2205 2833; x_wconf 90' lang='lat' dir='ltr'><strong>errorem</strong></span> <span class='ocrx_word' id='word_1_445' title='bbox 2233 2778 2564 2832; x_wconf 86' lang='lat' dir='ltr'><strong>divinitatem</strong></span> <span class='ocrx_word' id='word_1_446' title='bbox 2610 2779 2913 2848; x_wconf 86' lang='lat' dir='ltr'><strong>passibilem</strong></span> <span class='ocrx_word' id='word_1_447' title='bbox 2944 2780 3140 2851; x_wconf 82' lang='lat' dir='ltr'><strong>facere,</strong></span> <span class='ocrx_word' id='word_1_448' title='bbox 3178 2783 3391 2851; x_wconf 75' lang='lat' dir='ltr'><strong>egregie</strong></span> 
     </span>
    </p>
   </div>
   <div class='ocr_carea' id='block_1_57' title="bbox 1831 2866 3387 2934">
    <p class='ocr_par' dir='ltr' id='par_1_57' title="bbox 1831 2866 3387 2934">
     <span class='ocr_line' id='line_1_57' title="bbox 1831 2866 3387 2934; baseline 0 -11"><span class='ocrx_word' id='word_1_449' title='bbox 1831 2868 2086 2923; x_wconf 87' lang='lat' dir='ltr'><strong>adversus</strong></span> <span class='ocrx_word' id='word_1_450' title='bbox 2110 2881 2205 2921; x_wconf 90' lang='lat' dir='ltr'><strong>vos</strong></span> <span class='ocrx_word' id='word_1_451' title='bbox 2250 2866 2480 2934; x_wconf 84' lang='lat' dir='ltr'><strong>quadrat</strong></span> <span class='ocrx_word' id='word_1_452' title='bbox 2525 2866 2828 2934; x_wconf 81' lang='lat' dir='ltr'><strong>evangelica</strong></span> <span class='ocrx_word' id='word_1_453' title='bbox 2870 2870 3134 2924; x_wconf 88' lang='lat' dir='ltr'><strong>sententia</strong></span> <span class='ocrx_word' id='word_1_454' title='bbox 3162 2869 3344 2925; x_wconf 83' lang='lat' dir='ltr'><strong>dicens</strong></span> <span class='ocrx_word' id='word_1_455' title='bbox 3369 2886 3387 2923; x_wconf 73' lang='grc' dir='ltr'><strong>ι</strong></span> 
     </span>
    </p>
   </div>
   <div class='ocr_carea' id='block_1_58' title="bbox 153 2956 1726 3038">
    <p class='ocr_par' dir='ltr' id='par_1_58' title="bbox 153 2959 1726 3038">
     <span class='ocr_line' id='line_1_58' title="bbox 153 2959 1726 3038; baseline 0.001 -23"><span class='ocrx_word' id='word_1_456' title='bbox 153 2965 216 3015; x_wconf 79' lang='grc' dir='ltr'>Τί</span> <span class='ocrx_word' id='word_1_457' title='bbox 243 2962 342 3033; x_wconf 79' lang='grc' dir='ltr'>γὰρ</span> <span class='ocrx_word' id='word_1_458' title='bbox 379 2964 529 3014; x_wconf 82' lang='grc' dir='ltr'>εἰπεῖν</span> <span class='ocrx_word' id='word_1_459' title='bbox 571 2960 719 3030; x_wconf 72' lang='grc' dir='ltr'>ἔχετε</span> <span class='ocrx_word' id='word_1_460' title='bbox 751 2965 869 3035; x_wconf 87' lang='grc' dir='ltr'>περί</span> <span class='ocrx_word' id='word_1_461' title='bbox 896 2968 987 3016; x_wconf 90' lang='grc' dir='ltr'><strong>τοῦ</strong></span> <span class='ocrx_word' id='word_1_462' title='bbox 1032 2964 1261 3037; x_wconf 77' lang='grc' dir='ltr'>ῥηθέντος</span> <span class='ocrx_word' id='word_1_463' title='bbox 1289 2959 1391 3017; x_wconf 80' lang='grc' dir='ltr'><strong>ὑπό</strong></span> <span class='ocrx_word' id='word_1_464' title='bbox 1430 2968 1519 3017; x_wconf 92' lang='grc' dir='ltr'><strong>τοῦ</strong></span> <span class='ocrx_word' id='word_1_465' title='bbox 1550 2964 1726 3038; x_wconf 82' lang='grc' dir='ltr'>κυρίου</span> 
     </span>
    </p>
   </div>
   <div class='ocr_carea' id='block_1_59' title="bbox 1832 2956 3395 3038">
    <p class='ocr_par' dir='ltr' id='par_1_59' title="bbox 1832 2956 3395 3029">
     <span class='ocr_line' id='line_1_59' title="bbox 1832 2956 3395 3029; baseline 0.002 -15"><span class='ocrx_word' id='word_1_466' title='bbox 1832 2959 2033 3014; x_wconf 78' lang='lat' dir='ltr'><strong>Erratis</strong></span> <span class='ocrx_word' id='word_1_467' title='bbox 2060 2997 2076 3023; x_wconf 94' lang='lat'><strong>,</strong></span> <span class='ocrx_word' id='word_1_468' title='bbox 2127 2958 2404 3011; x_wconf 77' lang='lat' dir='ltr'><strong>nescientes</strong></span> <span class='ocrx_word' id='word_1_469' title='bbox 2457 2956 2756 3026; x_wconf 69' lang='lat' dir='ltr'><strong>Scriptura:</strong></span> <span class='ocrx_word' id='word_1_470' title='bbox 2809 2974 2968 3029; x_wconf 80' lang='lat' dir='ltr'><strong>neque</strong></span> <span class='ocrx_word' id='word_1_471' title='bbox 3019 2961 3252 3014; x_wconf 76' lang='lat' dir='ltr'><strong>tirtutem</strong></span> <span class='ocrx_word' id='word_1_472' title='bbox 3294 2961 3395 3018; x_wconf 73' lang='lat' dir='ltr'><strong>Dei</strong></span> 
     </span>
    </p>
   </div>
   <div class='ocr_carea' id='block_1_60' title="bbox 159 3049 1727 3124">
    <p class='ocr_par' dir='ltr' id='par_1_60' title="bbox 159 3049 1727 3124">
     <span class='ocr_line' id='line_1_60' title="bbox 159 3049 1727 3124; baseline 0.004 -24"><span class='ocrx_word' id='word_1_473' title='bbox 159 3068 180 3100; x_wconf 93' lang='grc' dir='ltr'><strong>ε</strong></span> <span class='ocrx_word' id='word_1_474' title='bbox 217 3049 301 3105; x_wconf 83' lang='grc' dir='ltr'>ὅτι</span> <span class='ocrx_word' id='word_1_475' title='bbox 327 3049 485 3106; x_wconf 78' lang='grc' dir='ltr'>οὐδεὶς</span> <span class='ocrx_word' id='word_1_476' title='bbox 514 3051 817 3108; x_wconf 88' lang='grc' dir='ltr'>ἀναϐέϐηκεν</span> <span class='ocrx_word' id='word_1_477' title='bbox 846 3054 916 3111; x_wconf 79' lang='grc' dir='ltr'>εἰς</span> <span class='ocrx_word' id='word_1_478' title='bbox 943 3051 1027 3105; x_wconf 84' lang='grc' dir='ltr'>τὸν</span> <span class='ocrx_word' id='word_1_479' title='bbox 1058 3054 1295 3124; x_wconf 73' lang='grc' dir='ltr'>οὑρανίν,</span> <span class='ocrx_word' id='word_1_480' title='bbox 1329 3053 1372 3105; x_wconf 77' lang='grc' dir='ltr'>εἰ</span> <span class='ocrx_word' id='word_1_481' title='bbox 1402 3057 1470 3121; x_wconf 79' lang='grc' dir='ltr'><strong>μὴ</strong></span> <span class='ocrx_word' id='word_1_482' title='bbox 1500 3050 1526 3106; x_wconf 86' lang='grc' dir='ltr'><strong>ό</strong></span> <span class='ocrx_word' id='word_1_483' title='bbox 1561 3054 1613 3105; x_wconf 87' lang='grc' dir='ltr'>ἐκ</span> <span class='ocrx_word' id='word_1_484' title='bbox 1639 3059 1727 3106; x_wconf 86' lang='grc' dir='ltr'><strong>τοῦ</strong></span> 
     </span>
    </p>
   </div>
   <div class='ocr_carea' id='block_1_61' title="bbox 156 3139 1729 3214">
    <p class='ocr_par' dir='ltr' id='par_1_61' title="bbox 156 3139 1729 3214">
     <span class='ocr_line' id='line_1_61' title="bbox 156 3139 1729 3214; baseline 0.001 -21"><span class='ocrx_word' id='word_1_485' title='bbox 156 3141 380 3210; x_wconf 82' lang='grc' dir='ltr'>οὐρανοῦ</span> <span class='ocrx_word' id='word_1_486' title='bbox 402 3139 644 3199; x_wconf 79' lang='grc' dir='ltr'>καταϐὰς.</span> <span class='ocrx_word' id='word_1_487' title='bbox 672 3139 697 3192; x_wconf 86' lang='grc' dir='ltr'><strong>ό</strong></span> <span class='ocrx_word' id='word_1_488' title='bbox 725 3140 834 3199; x_wconf 78' lang='grc' dir='ltr'>υἱὸς</span> <span class='ocrx_word' id='word_1_489' title='bbox 863 3146 952 3194; x_wconf 91' lang='grc' dir='ltr'><strong>τοῦ</strong></span> <span class='ocrx_word' id='word_1_490' title='bbox 982 3142 1247 3214; x_wconf 87' lang='grc' dir='ltr'>ἀνθρώπου</span> <span class='ocrx_word' id='word_1_491' title='bbox 1271 3140 1295 3194; x_wconf 85' lang='grc' dir='ltr'>ὁ</span> <span class='ocrx_word' id='word_1_492' title='bbox 1319 3139 1384 3193; x_wconf 84' lang='grc' dir='ltr'>ὢν</span> <span class='ocrx_word' id='word_1_493' title='bbox 1408 3143 1456 3193; x_wconf 79' lang='grc' dir='ltr'>ἓν</span> <span class='ocrx_word' id='word_1_494' title='bbox 1476 3148 1546 3209; x_wconf 80' lang='grc' dir='ltr'>τῷ</span> <span class='ocrx_word' id='word_1_495' title='bbox 1574 3143 1729 3213; x_wconf 78' lang='grc' dir='ltr'>οὐρα-</span> 
     </span>
    </p>
   </div>
   <div class='ocr_carea' id='block_1_62' title="bbox 120 3225 1738 3303">
    <p class='ocr_par' dir='ltr' id='par_1_62' title="bbox 120 3225 1738 3303">
     <span class='ocr_line' id='line_1_62' title="bbox 120 3225 1738 3303; baseline 0.003 -25"><span class='ocrx_word' id='word_1_496' title='bbox 120 3296 123 3297; x_wconf 6' lang='grc'><strong>,</strong></span> <span class='ocrx_word' id='word_1_497' title='bbox 156 3235 254 3298; x_wconf 61' lang='lat' dir='ltr'><strong>np;</strong></span> <span class='ocrx_word' id='word_1_498' title='bbox 277 3247 295 3278; x_wconf 73' lang='grc' dir='ltr'><strong>ι</strong></span> <span class='ocrx_word' id='word_1_499' title='bbox 321 3231 395 3284; x_wconf 81' lang='grc' dir='ltr'><strong>Μή</strong></span> <span class='ocrx_word' id='word_1_500' title='bbox 418 3225 676 3299; x_wconf 76' lang='grc' dir='ltr'>ἄνθρωπον</span> <span class='ocrx_word' id='word_1_501' title='bbox 696 3229 861 3299; x_wconf 82' lang='grc' dir='ltr'>λέγετε</span> <span class='ocrx_word' id='word_1_502' title='bbox 905 3229 1298 3286; x_wconf 81' lang='grc' dir='ltr'>καταϐεϐηκέναι</span> <span class='ocrx_word' id='word_1_503' title='bbox 1317 3231 1370 3282; x_wconf 80' lang='grc' dir='ltr'><strong>ίκ</strong></span> <span class='ocrx_word' id='word_1_504' title='bbox 1388 3234 1476 3282; x_wconf 91' lang='grc' dir='ltr'><strong>τοῦ</strong></span> <span class='ocrx_word' id='word_1_505' title='bbox 1499 3231 1738 3303; x_wconf 82' lang='grc' dir='ltr'>οὑρανοῦ;</span> 
     </span>
    </p>
   </div>
   <div class='ocr_carea' id='block_1_63' title="bbox 158 3314 1733 3388">
    <p class='ocr_par' dir='ltr' id='par_1_63' title="bbox 158 3314 1733 3388">
     <span class='ocr_line' id='line_1_63' title="bbox 158 3314 1733 3388; baseline -0.001 -18"><span class='ocrx_word' id='word_1_506' title='bbox 158 3316 291 3370; x_wconf 72' lang='grc' dir='ltr'>ἀλλὰ</span> <span class='ocrx_word' id='word_1_507' title='bbox 318 3314 560 3388; x_wconf 78' lang='grc' dir='ltr'>πρόδηλον</span> <span class='ocrx_word' id='word_1_508' title='bbox 602 3314 683 3371; x_wconf 81' lang='grc' dir='ltr'>ὅτι</span> <span class='ocrx_word' id='word_1_509' title='bbox 725 3319 876 3375; x_wconf 81' lang='grc' dir='ltr'>αὑτὸς</span> <span class='ocrx_word' id='word_1_510' title='bbox 917 3316 942 3370; x_wconf 89' lang='grc' dir='ltr'><strong>ό</strong></span> <span class='ocrx_word' id='word_1_511' title='bbox 973 3318 1094 3377; x_wconf 82' lang='grc' dir='ltr'>Θεὸς</span> <span class='ocrx_word' id='word_1_512' title='bbox 1120 3318 1259 3386; x_wconf 88' lang='grc' dir='ltr'>λόγος</span> <span class='ocrx_word' id='word_1_513' title='bbox 1292 3319 1521 3371; x_wconf 69' lang='grc' dir='ltr'>ἐκένωσεν</span> <span class='ocrx_word' id='word_1_514' title='bbox 1558 3316 1733 3372; x_wconf 82' lang='grc' dir='ltr'>έαυτόν</span> 
     </span>
    </p>
   </div>
   <div class='ocr_carea' id='block_1_64' title="bbox 157 3405 1736 3479">
    <p class='ocr_par' dir='ltr' id='par_1_64' title="bbox 157 3405 1736 3479">
     <span class='ocr_line' id='line_1_64' title="bbox 157 3405 1736 3479; baseline 0.001 -19"><span class='ocrx_word' id='word_1_515' title='bbox 157 3408 219 3460; x_wconf 84' lang='grc' dir='ltr'><strong>έκ</strong></span> <span class='ocrx_word' id='word_1_516' title='bbox 252 3412 353 3458; x_wconf 88' lang='grc' dir='ltr'>τῶν</span> <span class='ocrx_word' id='word_1_517' title='bbox 381 3407 600 3479; x_wconf 75' lang='grc' dir='ltr'>οὐρανῶν</span> <span class='ocrx_word' id='word_1_518' title='bbox 631 3407 901 3470; x_wconf 86' lang='grc' dir='ltr'>κατελθὼν,</span> <span class='ocrx_word' id='word_1_519' title='bbox 928 3409 1014 3458; x_wconf 76' lang='grc' dir='ltr'>ναὶ</span> <span class='ocrx_word' id='word_1_520' title='bbox 1041 3406 1314 3479; x_wconf 86' lang='grc' dir='ltr'>σαρκωθεὶς</span> <span class='ocrx_word' id='word_1_521' title='bbox 1341 3407 1441 3459; x_wconf 79' lang='grc' dir='ltr'><strong>ἀπὸ</strong></span> <span class='ocrx_word' id='word_1_522' title='bbox 1469 3413 1560 3469; x_wconf 75' lang='grc' dir='ltr'>τῆς</span> <span class='ocrx_word' id='word_1_523' title='bbox 1591 3405 1736 3477; x_wconf 81' lang='grc' dir='ltr'>ἆγέας</span> 
     </span>
    </p>
   </div>
   <div class='ocr_carea' id='block_1_65' title="bbox 158 3497 1734 3573">
    <p class='ocr_par' dir='ltr' id='par_1_65' title="bbox 158 3497 1734 3573">
     <span class='ocr_line' id='line_1_65' title="bbox 158 3497 1734 3573; baseline 0.005 -27"><span class='ocrx_word' id='word_1_524' title='bbox 158 3497 406 3550; x_wconf 74' lang='grc' dir='ltr'>θεοτόκου</span> <span class='ocrx_word' id='word_1_525' title='bbox 459 3499 544 3548; x_wconf 84' lang='grc' dir='ltr'><strong>καί</strong></span> <span class='ocrx_word' id='word_1_526' title='bbox 579 3497 899 3568; x_wconf 78' lang='grc' dir='ltr'>ἀειπαρθένου</span> <span class='ocrx_word' id='word_1_527' title='bbox 936 3500 1157 3569; x_wconf 69' lang='grc' dir='ltr'>Μαρίας,</span> <span class='ocrx_word' id='word_1_528' title='bbox 1212 3499 1291 3548; x_wconf 80' lang='grc' dir='ltr'>καὶ</span> <span class='ocrx_word' id='word_1_529' title='bbox 1331 3498 1734 3573; x_wconf 77' lang='grc' dir='ltr'>ένανθρωπήσας,</span> 
     </span>
    </p>
   </div>
   <div class='ocr_carea' id='block_1_66' title="bbox 159 3583 1739 3651">
    <p class='ocr_par' dir='ltr' id='par_1_66' title="bbox 159 3583 1739 3651">
     <span class='ocr_line' id='line_1_66' title="bbox 159 3583 1739 3651; baseline 0.004 -14"><span class='ocrx_word' id='word_1_530' title='bbox 159 3586 253 3637; x_wconf 85' lang='grc' dir='ltr'>καὶ</span> <span class='ocrx_word' id='word_1_531' title='bbox 283 3584 484 3651; x_wconf 80' lang='grc' dir='ltr'>τεχθεὶς</span> <span class='ocrx_word' id='word_1_532' title='bbox 517 3585 567 3647; x_wconf 72' lang='grc' dir='ltr'><strong>ἐξ</strong></span> <span class='ocrx_word' id='word_1_533' title='bbox 592 3588 777 3647; x_wconf 71' lang='grc' dir='ltr'>αὐτῆς,</span> <span class='ocrx_word' id='word_1_534' title='bbox 823 3584 904 3637; x_wconf 57' lang='grc' dir='ltr'>καὶ</span> <span class='ocrx_word' id='word_1_535' title='bbox 932 3583 956 3638; x_wconf 87' lang='grc' dir='ltr'>ὁ</span> <span class='ocrx_word' id='word_1_536' title='bbox 991 3585 1214 3644; x_wconf 83' lang='grc' dir='ltr'>καταϐὰς</span> <span class='ocrx_word' id='word_1_537' title='bbox 1239 3589 1388 3645; x_wconf 81' lang='grc' dir='ltr'>αὑτός</span> <span class='ocrx_word' id='word_1_538' title='bbox 1429 3589 1567 3642; x_wconf 73' lang='grc' dir='ltr'>ἔστιν</span> <span class='ocrx_word' id='word_1_539' title='bbox 1603 3592 1688 3644; x_wconf 76' lang='grc' dir='ltr'><strong>καί</strong></span> <span class='ocrx_word' id='word_1_540' title='bbox 1712 3588 1739 3644; x_wconf 87' lang='grc' dir='ltr'>ὁ</span> 
     </span>
    </p>
   </div>
   <div class='ocr_carea' id='block_1_67' title="bbox 159 3674 1737 3747">
    <p class='ocr_par' dir='ltr' id='par_1_67' title="bbox 159 3674 1737 3747">
     <span class='ocr_line' id='line_1_67' title="bbox 159 3674 1737 3747; baseline 0.003 -19"><span class='ocrx_word' id='word_1_541' title='bbox 159 3676 387 3736; x_wconf 72' lang='grc' dir='ltr'>ἀναϐὰς,</span> <span class='ocrx_word' id='word_1_542' title='bbox 416 3677 498 3727; x_wconf 81' lang='grc' dir='ltr'><strong>καί</strong></span> <span class='ocrx_word' id='word_1_543' title='bbox 538 3678 690 3728; x_wconf 82' lang='grc' dir='ltr'>αὑτοῦ</span> <span class='ocrx_word' id='word_1_544' title='bbox 722 3674 918 3747; x_wconf 83' lang='grc' dir='ltr'>λέγεται</span> <span class='ocrx_word' id='word_1_545' title='bbox 958 3677 988 3733; x_wconf 76' lang='grc' dir='ltr'><strong><em>ἦ</em></strong></span> <span class='ocrx_word' id='word_1_546' title='bbox 1017 3675 1318 3744; x_wconf 78' lang='grc' dir='ltr'>έλάττωσις,</span> <span class='ocrx_word' id='word_1_547' title='bbox 1346 3679 1433 3731; x_wconf 82' lang='grc' dir='ltr'>καὶ</span> <span class='ocrx_word' id='word_1_548' title='bbox 1467 3679 1495 3735; x_wconf 75' lang='grc' dir='ltr'>ἡ</span> <span class='ocrx_word' id='word_1_549' title='bbox 1531 3680 1737 3741; x_wconf 79' lang='grc' dir='ltr'>κένωσις</span> 
     </span>
    </p>
   </div>
   <div class='ocr_carea' id='block_1_68' title="bbox 158 3746 689 3822">
    <p class='ocr_par' dir='ltr' id='par_1_68' title="bbox 158 3746 689 3822">
     <span class='ocr_line' id='line_1_68' title="bbox 158 3746 689 3822; baseline -0.002 -4"><span class='ocrx_word' id='word_1_550' title='bbox 158 3763 253 3818; x_wconf 64' lang='grc' dir='ltr'>διὰ</span> <span class='ocrx_word' id='word_1_551' title='bbox 285 3746 372 3822; x_wconf 54' lang='grc' dir='ltr'><strong>την</strong></span> <span class='ocrx_word' id='word_1_552' title='bbox 391 3765 689 3820; x_wconf 80' lang='grc' dir='ltr'>κατάϐασιν.</span> 
     </span>
    </p>
   </div>
   <div class='ocr_carea' id='block_1_69' title="bbox 1832 3045 3399 3119">
    <p class='ocr_par' dir='ltr' id='par_1_69' title="bbox 1832 3045 3399 3119">
     <span class='ocr_line' id='line_1_69' title="bbox 1832 3045 3399 3119; baseline 0.004 -20"><span class='ocrx_word' id='word_1_553' title='bbox 1832 3048 2044 3119; x_wconf 75' lang='lat' dir='ltr'><strong>(Matth.</strong></span> <span class='ocrx_word' id='word_1_554' title='bbox 2065 3061 2196 3114; x_wconf 83' lang='lat' dir='ltr'><strong>xm,</strong></span> <span class='ocrx_word' id='word_1_555' title='bbox 2218 3046 2327 3115; x_wconf 54' lang='lat'><strong>2)).</strong></span> <span class='ocrx_word' id='word_1_556' title='bbox 2359 3045 2495 3111; x_wconf 85' lang='lat' dir='ltr'><strong>Quid</strong></span> <span class='ocrx_word' id='word_1_557' title='bbox 2516 3046 2656 3101; x_wconf 92' lang='lat' dir='ltr'><strong>enim</strong></span> <span class='ocrx_word' id='word_1_558' title='bbox 2684 3048 2836 3102; x_wconf 86' lang='lat' dir='ltr'><strong>vobis</strong></span> <span class='ocrx_word' id='word_1_559' title='bbox 2860 3051 3140 3117; x_wconf 86' lang='lat' dir='ltr'><strong>supererit,</strong></span> <span class='ocrx_word' id='word_1_560' title='bbox 3166 3057 3226 3104; x_wconf 89' lang='lat' dir='ltr'><strong>ut</strong></span> <span class='ocrx_word' id='word_1_561' title='bbox 3250 3050 3399 3105; x_wconf 85' lang='lat' dir='ltr'><strong>dica-</strong></span> 
     </span>
    </p>
   </div>
   <div class='ocr_carea' id='block_1_70' title="bbox 1834 3138 3401 3207">
    <p class='ocr_par' dir='ltr' id='par_1_70' title="bbox 1834 3138 3401 3207">
     <span class='ocr_line' id='line_1_70' title="bbox 1834 3138 3401 3207; baseline -0.001 -12"><span class='ocrx_word' id='word_1_562' title='bbox 1834 3143 1919 3207; x_wconf 83' lang='lat' dir='ltr'><strong>tis,</strong></span> <span class='ocrx_word' id='word_1_563' title='bbox 1950 3140 2017 3195; x_wconf 86' lang='lat' dir='ltr'><strong>de</strong></span> <span class='ocrx_word' id='word_1_564' title='bbox 2039 3154 2104 3194; x_wconf 91' lang='lat' dir='ltr'><strong>eo</strong></span> <span class='ocrx_word' id='word_1_565' title='bbox 2132 3138 2272 3207; x_wconf 89' lang='lat' dir='ltr'><strong>quod</strong></span> <span class='ocrx_word' id='word_1_566' title='bbox 2304 3138 2505 3193; x_wconf 88' lang='lat' dir='ltr'><strong>dictum</strong></span> <span class='ocrx_word' id='word_1_567' title='bbox 2533 3147 2617 3193; x_wconf 90' lang='lat' dir='ltr'><strong>est</strong></span> <span class='ocrx_word' id='word_1_568' title='bbox 2645 3154 2674 3194; x_wconf 91' lang='lat' dir='ltr'><strong>a</strong></span> <span class='ocrx_word' id='word_1_569' title='bbox 2696 3140 2942 3205; x_wconf 88' lang='lat' dir='ltr'><strong>Domino,</strong></span> <span class='ocrx_word' id='word_1_570' title='bbox 2977 3138 3145 3195; x_wconf 80' lang='lat' dir='ltr'><strong>Nemo</strong></span> <span class='ocrx_word' id='word_1_571' title='bbox 3168 3143 3401 3195; x_wconf 67' lang='lat' dir='ltr'><strong>ascendat</strong></span> 
     </span>
    </p>
   </div>
   <div class='ocr_carea' id='block_1_71' title="bbox 1833 3229 3403 3305">
    <p class='ocr_par' dir='ltr' id='par_1_71' title="bbox 1833 3229 3403 3305">
     <span class='ocr_line' id='line_1_71' title="bbox 1833 3229 3403 3305; baseline 0.003 -20"><span class='ocrx_word' id='word_1_572' title='bbox 1833 3235 1888 3286; x_wconf 80' lang='lat' dir='ltr'><strong>in</strong></span> <span class='ocrx_word' id='word_1_573' title='bbox 1909 3231 2106 3295; x_wconf 71' lang='lat' dir='ltr'><strong>castum,</strong></span> <span class='ocrx_word' id='word_1_574' title='bbox 2128 3231 2226 3284; x_wconf 75' lang='lat' dir='ltr'><strong>nisi</strong></span> <span class='ocrx_word' id='word_1_575' title='bbox 2246 3230 2332 3299; x_wconf 77' lang='lat' dir='ltr'><strong>qui</strong></span> <span class='ocrx_word' id='word_1_576' title='bbox 2348 3229 2604 3283; x_wconf 77' lang='lat' dir='ltr'><strong>descendit</strong></span> <span class='ocrx_word' id='word_1_577' title='bbox 2625 3231 2687 3284; x_wconf 84' lang='lat' dir='ltr'><strong>de</strong></span> <span class='ocrx_word' id='word_1_578' title='bbox 2706 3231 2849 3295; x_wconf 72' lang='lat' dir='ltr'><strong>caelo,</strong></span> <span class='ocrx_word' id='word_1_579' title='bbox 2869 3231 3035 3287; x_wconf 79' lang='lat' dir='ltr'><strong>Filius</strong></span> <span class='ocrx_word' id='word_1_580' title='bbox 3057 3233 3298 3299; x_wconf 72' lang='lat' dir='ltr'><strong>hominis,</strong></span> <span class='ocrx_word' id='word_1_581' title='bbox 3313 3234 3403 3305; x_wconf 66' lang='lat' dir='ltr'><strong>qui</strong></span> 
     </span>
    </p>
   </div>
   <div class='ocr_carea' id='block_1_72' title="bbox 1838 3317 3396 3391">
    <p class='ocr_par' dir='ltr' id='par_1_72' title="bbox 1838 3317 3396 3391">
     <span class='ocr_line' id='line_1_72' title="bbox 1838 3317 3396 3391; baseline 0 -15"><span class='ocrx_word' id='word_1_582' title='bbox 1838 3330 1914 3376; x_wconf 72' lang='lat' dir='ltr'><strong>est</strong></span> <span class='ocrx_word' id='word_1_583' title='bbox 1936 3323 1989 3374; x_wconf 85' lang='lat' dir='ltr'><strong>in</strong></span> <span class='ocrx_word' id='word_1_584' title='bbox 2019 3322 2142 3375; x_wconf 71' lang='lat' dir='ltr'><strong>caelo</strong></span> <span class='ocrx_word' id='word_1_585' title='bbox 2197 3319 2371 3391; x_wconf 80' lang='lat' dir='ltr'><strong>(Joan.</strong></span> <span class='ocrx_word' id='word_1_586' title='bbox 2424 3334 2501 3383; x_wconf 84' lang='grc' dir='ltr'>ιιι,</span> <span class='ocrx_word' id='word_1_587' title='bbox 2548 3317 2676 3374; x_wconf 61' lang='lat'><strong>45‘?</strong></span> <span class='ocrx_word' id='word_1_588' title='bbox 2711 3319 2829 3375; x_wconf 85' lang='lat' dir='ltr'><strong>Non</strong></span> <span class='ocrx_word' id='word_1_589' title='bbox 2882 3321 3148 3377; x_wconf 84' lang='lat' dir='ltr'><strong>hominem</strong></span> <span class='ocrx_word' id='word_1_590' title='bbox 3178 3323 3396 3379; x_wconf 79' lang='lat' dir='ltr'><strong>dicitde</strong></span> 
     </span>
    </p>
   </div>
   <div class='ocr_carea' id='block_1_73' title="bbox 1840 3410 3397 3479">
    <p class='ocr_par' dir='ltr' id='par_1_73' title="bbox 1840 3410 3397 3479">
     <span class='ocr_line' id='line_1_73' title="bbox 1840 3410 3397 3479; baseline 0 -11"><span class='ocrx_word' id='word_1_591' title='bbox 1840 3413 1978 3469; x_wconf 62' lang='lat' dir='ltr'><strong>creto</strong></span> <span class='ocrx_word' id='word_1_592' title='bbox 2024 3412 2387 3479; x_wconf 87' lang='lat' dir='ltr'><strong>descendisse,</strong></span> <span class='ocrx_word' id='word_1_593' title='bbox 2441 3410 2537 3466; x_wconf 87' lang='lat' dir='ltr'><strong>sed</strong></span> <span class='ocrx_word' id='word_1_594' title='bbox 2583 3411 2978 3468; x_wconf 77' lang='lat' dir='ltr'><strong>evidentissima</strong></span> <span class='ocrx_word' id='word_1_595' title='bbox 3009 3415 3196 3468; x_wconf 85' lang='lat' dir='ltr'><strong>astruit</strong></span> <span class='ocrx_word' id='word_1_596' title='bbox 3235 3413 3397 3469; x_wconf 89' lang='lat' dir='ltr'><strong>Deum</strong></span> 
     </span>
    </p>
   </div>
   <div class='ocr_carea' id='block_1_74' title="bbox 1840 3505 3415 3575">
    <p class='ocr_par' dir='ltr' id='par_1_74' title="bbox 1840 3505 3415 3575">
     <span class='ocr_line' id='line_1_74' title="bbox 1840 3505 3415 3575; baseline 0.001 -15"><span class='ocrx_word' id='word_1_597' title='bbox 1840 3505 2072 3560; x_wconf 76' lang='lat' dir='ltr'><strong>Verbum</strong></span> <span class='ocrx_word' id='word_1_598' title='bbox 2097 3520 2216 3559; x_wconf 89' lang='lat' dir='ltr'><strong>eum</strong></span> <span class='ocrx_word' id='word_1_599' title='bbox 2247 3520 2364 3559; x_wconf 90' lang='lat' dir='ltr'><strong>esse</strong></span> <span class='ocrx_word' id='word_1_600' title='bbox 2384 3505 2475 3573; x_wconf 90' lang='lat' dir='ltr'><strong>qui</strong></span> <span class='ocrx_word' id='word_1_601' title='bbox 2496 3506 2843 3575; x_wconf 89' lang='lat' dir='ltr'><strong>semetipsum</strong></span> <span class='ocrx_word' id='word_1_602' title='bbox 2869 3506 3176 3570; x_wconf 88' lang='lat' dir='ltr'><strong>cxinanivit,</strong></span> <span class='ocrx_word' id='word_1_603' title='bbox 3207 3506 3298 3574; x_wconf 92' lang='lat' dir='ltr'><strong>qui</strong></span> <span class='ocrx_word' id='word_1_604' title='bbox 3319 3506 3415 3562; x_wconf 86' lang='lat' dir='ltr'><strong>de—</strong></span> 
     </span>
    </p>
   </div>
   <div class='ocr_carea' id='block_1_75' title="bbox 1842 3594 3400 3665">
    <p class='ocr_par' dir='ltr' id='par_1_75' title="bbox 1842 3594 3400 3665">
     <span class='ocr_line' id='line_1_75' title="bbox 1842 3594 3400 3665; baseline 0 -15"><span class='ocrx_word' id='word_1_605' title='bbox 1842 3594 2048 3650; x_wconf 84' lang='lat' dir='ltr'><strong>scendit</strong></span> <span class='ocrx_word' id='word_1_606' title='bbox 2075 3594 2141 3648; x_wconf 92' lang='lat' dir='ltr'><strong>de</strong></span> <span class='ocrx_word' id='word_1_607' title='bbox 2167 3595 2327 3661; x_wconf 63' lang='lat' dir='ltr'><strong>caelo,</strong></span> <span class='ocrx_word' id='word_1_608' title='bbox 2357 3603 2411 3647; x_wconf 90' lang='lat' dir='ltr'><strong>et</strong></span> <span class='ocrx_word' id='word_1_609' title='bbox 2435 3596 2739 3649; x_wconf 85' lang='lat' dir='ltr'><strong>incarnatus</strong></span> <span class='ocrx_word' id='word_1_610' title='bbox 2765 3603 2847 3649; x_wconf 90' lang='lat' dir='ltr'><strong>est</strong></span> <span class='ocrx_word' id='word_1_611' title='bbox 2871 3609 2934 3649; x_wconf 90' lang='lat' dir='ltr'><strong>ex</strong></span> <span class='ocrx_word' id='word_1_612' title='bbox 2966 3603 3150 3651; x_wconf 86' lang='lat' dir='ltr'><strong>sancta</strong></span> <span class='ocrx_word' id='word_1_613' title='bbox 3180 3595 3400 3665; x_wconf 76' lang='lat' dir='ltr'><strong>Deipan</strong></span> 
     </span>
    </p>
   </div>
   <div class='ocr_carea' id='block_1_76' title="bbox 1842 3685 3406 3755">
    <p class='ocr_par' dir='ltr' id='par_1_76' title="bbox 1842 3685 3406 3755">
     <span class='ocr_line' id='line_1_76' title="bbox 1842 3685 3406 3755; baseline 0.001 -14"><span class='ocrx_word' id='word_1_614' title='bbox 1842 3699 2157 3755; x_wconf 86' lang='lat' dir='ltr'><strong>semperque</strong></span> <span class='ocrx_word' id='word_1_615' title='bbox 2203 3686 2406 3751; x_wconf 80' lang='lat' dir='ltr'><strong>virgine</strong></span> <span class='ocrx_word' id='word_1_616' title='bbox 2449 3685 2636 3750; x_wconf 83' lang='lat' dir='ltr'><strong>Maria,</strong></span> <span class='ocrx_word' id='word_1_617' title='bbox 2667 3694 2722 3740; x_wconf 89' lang='lat' dir='ltr'><strong>et</strong></span> <span class='ocrx_word' id='word_1_618' title='bbox 2763 3688 2923 3742; x_wconf 85' lang='lat' dir='ltr'><strong>homo</strong></span> <span class='ocrx_word' id='word_1_619' title='bbox 2951 3685 3118 3742; x_wconf 82' lang='lat' dir='ltr'><strong>factus</strong></span> <span class='ocrx_word' id='word_1_620' title='bbox 3138 3695 3238 3751; x_wconf 88' lang='lat' dir='ltr'><strong>est,</strong></span> <span class='ocrx_word' id='word_1_621' title='bbox 3261 3696 3315 3742; x_wconf 90' lang='lat' dir='ltr'><strong>et</strong></span> <span class='ocrx_word' id='word_1_622' title='bbox 3339 3702 3406 3743; x_wconf 86' lang='lat' dir='ltr'><strong>ex</strong></span> 
     </span>
    </p>
   </div>
   <div class='ocr_carea' id='block_1_77' title="bbox 1842 3773 3398 3845">
    <p class='ocr_par' dir='ltr' id='par_1_77' title="bbox 1842 3773 3398 3845">
     <span class='ocr_line' id='line_1_77' title="bbox 1842 3773 3398 3845; baseline 0.003 -17"><span class='ocrx_word' id='word_1_623' title='bbox 1842 3775 1955 3844; x_wconf 89' lang='lat' dir='ltr'><strong>ipsa</strong></span> <span class='ocrx_word' id='word_1_624' title='bbox 1980 3782 2152 3839; x_wconf 91' lang='lat' dir='ltr'><strong>natus,</strong></span> <span class='ocrx_word' id='word_1_625' title='bbox 2169 3780 2222 3827; x_wconf 89' lang='lat' dir='ltr'><strong>et</strong></span> <span class='ocrx_word' id='word_1_626' title='bbox 2242 3774 2288 3827; x_wconf 88' lang='lat' dir='ltr'><strong>is</strong></span> <span class='ocrx_word' id='word_1_627' title='bbox 2314 3773 2401 3842; x_wconf 90' lang='lat' dir='ltr'><strong>qui</strong></span> <span class='ocrx_word' id='word_1_628' title='bbox 2427 3773 2703 3830; x_wconf 87' lang='lat' dir='ltr'><strong>descendit</strong></span> <span class='ocrx_word' id='word_1_629' title='bbox 2727 3775 2817 3829; x_wconf 92' lang='lat' dir='ltr'><strong>ille</strong></span> <span class='ocrx_word' id='word_1_630' title='bbox 2837 3776 2976 3830; x_wconf 90' lang='lat' dir='ltr'><strong>idem</strong></span> <span class='ocrx_word' id='word_1_631' title='bbox 2998 3785 3077 3831; x_wconf 87' lang='lat' dir='ltr'><strong>est</strong></span> <span class='ocrx_word' id='word_1_632' title='bbox 3105 3778 3194 3845; x_wconf 86' lang='lat' dir='ltr'><strong>qui</strong></span> <span class='ocrx_word' id='word_1_633' title='bbox 3223 3792 3398 3832; x_wconf 87' lang='lat' dir='ltr'><strong>ascen-</strong></span> 
     </span>
    </p>
   </div>
   <div class='ocr_carea' id='block_1_78' title="bbox 1844 3861 3404 3933">
    <p class='ocr_par' dir='ltr' id='par_1_78' title="bbox 1844 3861 3404 3933">
     <span class='ocr_line' id='line_1_78' title="bbox 1844 3861 3404 3933; baseline 0.001 -15"><span class='ocrx_word' id='word_1_634' title='bbox 1844 3863 1939 3926; x_wconf 87' lang='lat' dir='ltr'><strong>dit,</strong></span> <span class='ocrx_word' id='word_1_635' title='bbox 1988 3864 2073 3917; x_wconf 90' lang='lat' dir='ltr'><strong>cui</strong></span> <span class='ocrx_word' id='word_1_636' title='bbox 2120 3863 2189 3917; x_wconf 91' lang='lat' dir='ltr'><strong>ob</strong></span> <span class='ocrx_word' id='word_1_637' title='bbox 2217 3861 2621 3919; x_wconf 87' lang='lat' dir='ltr'><strong>descensionem</strong></span> <span class='ocrx_word' id='word_1_638' title='bbox 2673 3863 2965 3919; x_wconf 86' lang='lat' dir='ltr'><strong>exinanitio</strong></span> <span class='ocrx_word' id='word_1_639' title='bbox 3017 3865 3404 3933; x_wconf 87' lang='lat' dir='ltr'><strong>minoratioque</strong></span> 
     </span>
    </p>
   </div>
   <div class='ocr_carea' id='block_1_79' title="bbox 1846 3951 2828 4006">
    <p class='ocr_par' dir='ltr' id='par_1_79' title="bbox 1846 3951 2828 4006">
     <span class='ocr_line' id='line_1_79' title="bbox 1846 3951 2828 4006; baseline -0.009 -2"><span class='ocrx_word' id='word_1_640' title='bbox 1846 3951 2168 4006; x_wconf 88' lang='lat' dir='ltr'><strong>tribuuntur.</strong></span> <span class='ocrx_word' id='word_1_641' title='bbox 2794 3960 2828 3971; x_wconf 86' lang='lat'>-</span> 
     </span>
    </p>
   </div>
   <div class='ocr_carea' id='block_1_80' title="bbox 241 4032 1726 4119">
    <p class='ocr_par' dir='ltr' id='par_1_80' title="bbox 241 4032 1726 4112">
     <span class='ocr_line' id='line_1_80' title="bbox 241 4032 1726 4112; baseline -0.001 -18"><span class='ocrx_word' id='word_1_642' title='bbox 241 4037 444 4098; x_wconf 79' lang='grc' dir='ltr'>Ἐπειδή</span> <span class='ocrx_word' id='word_1_643' title='bbox 471 4033 525 4094; x_wconf 81' lang='grc' dir='ltr'><strong>δέ</strong></span> <span class='ocrx_word' id='word_1_644' title='bbox 565 4041 649 4092; x_wconf 79' lang='grc' dir='ltr'>καὶ</span> <span class='ocrx_word' id='word_1_645' title='bbox 691 4041 741 4092; x_wconf 79' lang='grc' dir='ltr'>ἓν</span> <span class='ocrx_word' id='word_1_646' title='bbox 945 4037 1083 4109; x_wconf 85' lang='grc' dir='ltr'>τόπῳ</span> <span class='ocrx_word' id='word_1_647' title='bbox 1120 4032 1256 4092; x_wconf 79' lang='grc' dir='ltr'>εἶπεν</span> <span class='ocrx_word' id='word_1_648' title='bbox 1287 4036 1312 4091; x_wconf 87' lang='grc' dir='ltr'>ὁ</span> <span class='ocrx_word' id='word_1_649' title='bbox 1353 4038 1524 4112; x_wconf 80' lang='grc' dir='ltr'>κύριος</span> <span class='ocrx_word' id='word_1_650' title='bbox 1558 4038 1608 4090; x_wconf 81' lang='grc' dir='ltr'><strong>έν</strong></span> <span class='ocrx_word' id='word_1_651' title='bbox 1632 4046 1726 4098; x_wconf 82' lang='grc' dir='ltr'>τοῖς</span> 
     </span>
    </p>
   </div>
   <div class='ocr_carea' id='block_1_81' title="bbox 1832 4032 3400 4119">
    <p class='ocr_par' dir='ltr' id='par_1_81' title="bbox 1912 4047 3400 4119">
     <span class='ocr_line' id='line_1_81' title="bbox 1912 4047 3400 4119; baseline 0.005 -19"><span class='ocrx_word' id='word_1_652' title='bbox 1912 4047 2129 4101; x_wconf 90' lang='lat' dir='ltr'><strong>Dicente</strong></span> <span class='ocrx_word' id='word_1_653' title='bbox 2157 4048 2318 4101; x_wconf 88' lang='lat' dir='ltr'><strong>etiam</strong></span> <span class='ocrx_word' id='word_1_654' title='bbox 2348 4048 2469 4103; x_wconf 89' lang='lat' dir='ltr'><strong>alibi</strong></span> <span class='ocrx_word' id='word_1_655' title='bbox 2491 4063 2702 4119; x_wconf 88' lang='lat' dir='ltr'><strong>quoque</strong></span> <span class='ocrx_word' id='word_1_656' title='bbox 2728 4049 2956 4106; x_wconf 90' lang='lat' dir='ltr'><strong>Domino</strong></span> <span class='ocrx_word' id='word_1_657' title='bbox 2986 4050 3040 4104; x_wconf 86' lang='lat' dir='ltr'><strong>in</strong></span> <span class='ocrx_word' id='word_1_658' title='bbox 3068 4049 3400 4117; x_wconf 77' lang='lat' dir='ltr'><strong>Evangeliis:</strong></span> 
     </span>
    </p>
   </div>
   <div class='ocr_carea' id='block_1_82' title="bbox 160 4123 1741 4205">
    <p class='ocr_par' dir='ltr' id='par_1_82' title="bbox 160 4123 1741 4205">
     <span class='ocr_line' id='line_1_82' title="bbox 160 4123 1741 4205; baseline -0.001 -21"><span class='ocrx_word' id='word_1_659' title='bbox 160 4130 503 4203; x_wconf 73' lang='grc' dir='ltr'>εὐαγγελίοις,</span> <span class='ocrx_word' id='word_1_660' title='bbox 526 4146 552 4179; x_wconf 78' lang='grc' dir='ltr'><strong>ιε</strong></span> <span class='ocrx_word' id='word_1_661' title='bbox 580 4126 657 4183; x_wconf 83' lang='grc' dir='ltr'>ὅτι</span> <span class='ocrx_word' id='word_1_662' title='bbox 677 4134 701 4181; x_wconf 80' lang='grc' dir='ltr'><strong><em>ὁ</em></strong></span> <span class='ocrx_word' id='word_1_663' title='bbox 720 4134 890 4205; x_wconf 77' lang='grc' dir='ltr'>πατήρ</span> <span class='ocrx_word' id='word_1_664' title='bbox 912 4150 1009 4200; x_wconf 84' lang='grc' dir='ltr'>μου</span> <span class='ocrx_word' id='word_1_665' title='bbox 1030 4131 1210 4198; x_wconf 84' lang='grc' dir='ltr'>μείζων</span> <span class='ocrx_word' id='word_1_666' title='bbox 1231 4150 1325 4200; x_wconf 86' lang='grc' dir='ltr'>μου</span> <span class='ocrx_word' id='word_1_667' title='bbox 1347 4129 1476 4195; x_wconf 76' lang='grc' dir='ltr'>ἐστι,</span> <span class='ocrx_word' id='word_1_668' title='bbox 1501 4146 1520 4180; x_wconf 71' lang='grc' dir='ltr'><strong>ι</strong></span> <span class='ocrx_word' id='word_1_669' title='bbox 1546 4134 1616 4197; x_wconf 78' lang='grc' dir='ltr'><strong><em>μή</em></strong></span> <span class='ocrx_word' id='word_1_670' title='bbox 1639 4123 1741 4203; x_wconf 82' lang='grc' dir='ltr'><strong>ἀρα</strong></span> 
     </span>
    </p>
   </div>
   <div class='ocr_carea' id='block_1_83' title="bbox 161 4216 1743 4293">
    <p class='ocr_par' dir='ltr' id='par_1_83' title="bbox 161 4216 1743 4293">
     <span class='ocr_line' id='line_1_83' title="bbox 161 4216 1743 4293; baseline 0.001 -21"><span class='ocrx_word' id='word_1_671' title='bbox 161 4216 438 4293; x_wconf 75' lang='grc' dir='ltr'>ἄνθρωπόν</span> <span class='ocrx_word' id='word_1_672' title='bbox 461 4239 568 4272; x_wconf 81' lang='grc' dir='ltr'>τινα</span> <span class='ocrx_word' id='word_1_673' title='bbox 596 4220 708 4286; x_wconf 80' lang='grc' dir='ltr'>περί</span> <span class='ocrx_word' id='word_1_674' title='bbox 735 4220 892 4272; x_wconf 79' lang='grc' dir='ltr'>αὑτοῦ</span> <span class='ocrx_word' id='word_1_675' title='bbox 921 4223 1086 4274; x_wconf 82' lang='grc' dir='ltr'>ταῦτα</span> <span class='ocrx_word' id='word_1_676' title='bbox 1119 4219 1361 4291; x_wconf 77' lang='grc' dir='ltr'>εἰρηκέναι</span> <span class='ocrx_word' id='word_1_677' title='bbox 1384 4220 1603 4287; x_wconf 77' lang='grc' dir='ltr'>νομίζετε</span> <span class='ocrx_word' id='word_1_678' title='bbox 1619 4260 1633 4285; x_wconf 93' lang='grc'><strong>,</strong></span> <span class='ocrx_word' id='word_1_679' title='bbox 1659 4223 1743 4274; x_wconf 82' lang='grc' dir='ltr'>καὶ</span> 
     </span>
    </p>
   </div>
   <div class='ocr_carea' id='block_1_84' title="bbox 158 4310 1742 4386">
    <p class='ocr_par' dir='ltr' id='par_1_84' title="bbox 158 4310 1742 4386">
     <span class='ocr_line' id='line_1_84' title="bbox 158 4310 1742 4386; baseline 0.001 -21"><span class='ocrx_word' id='word_1_680' title='bbox 158 4313 306 4380; x_wconf 69' lang='grc' dir='ltr'>οὐχὶ</span> <span class='ocrx_word' id='word_1_681' title='bbox 337 4310 419 4363; x_wconf 84' lang='grc' dir='ltr'>τὸν</span> <span class='ocrx_word' id='word_1_682' title='bbox 451 4311 572 4364; x_wconf 82' lang='grc' dir='ltr'>Θεὸν</span> <span class='ocrx_word' id='word_1_683' title='bbox 597 4310 740 4380; x_wconf 85' lang='grc' dir='ltr'>λόγον</span> <span class='ocrx_word' id='word_1_684' title='bbox 766 4310 850 4363; x_wconf 82' lang='grc' dir='ltr'>τὸν</span> <span class='ocrx_word' id='word_1_685' title='bbox 875 4311 1353 4386; x_wconf 70' lang='grc' dir='ltr'>ἐνανθρωπήσαντας</span> <span class='ocrx_word' id='word_1_686' title='bbox 1385 4311 1507 4365; x_wconf 82' lang='grc' dir='ltr'><strong>ἀλλά</strong></span> <span class='ocrx_word' id='word_1_687' title='bbox 1535 4313 1742 4384; x_wconf 75' lang='grc' dir='ltr'>φανερόν</span> 
     </span>
    </p>
   </div>
   <div class='ocr_carea' id='block_1_85' title="bbox 159 4398 1742 4476">
    <p class='ocr_par' dir='ltr' id='par_1_85' title="bbox 159 4398 1742 4476">
     <span class='ocr_line' id='line_1_85' title="bbox 159 4398 1742 4476; baseline 0 -20"><span class='ocrx_word' id='word_1_688' title='bbox 159 4403 342 4464; x_wconf 72' lang='grc' dir='ltr'>ἐστιν,</span> <span class='ocrx_word' id='word_1_689' title='bbox 361 4398 479 4454; x_wconf 84' lang='grc' dir='ltr'><strong>ὅτιὸ</strong></span> <span class='ocrx_word' id='word_1_690' title='bbox 499 4402 668 4463; x_wconf 83' lang='grc' dir='ltr'>εἰπών,</span> <span class='ocrx_word' id='word_1_691' title='bbox 695 4417 711 4449; x_wconf 84' lang='grc' dir='ltr'><strong>ε</strong></span> <span class='ocrx_word' id='word_1_692' title='bbox 732 4400 934 4476; x_wconf 73' lang='grc' dir='ltr'>ὁπατὴρ</span> <span class='ocrx_word' id='word_1_693' title='bbox 953 4422 1050 4470; x_wconf 81' lang='grc' dir='ltr'>μου</span> <span class='ocrx_word' id='word_1_694' title='bbox 1072 4403 1250 4470; x_wconf 81' lang='grc' dir='ltr'>μείζων</span> <span class='ocrx_word' id='word_1_695' title='bbox 1264 4400 1358 4472; x_wconf 74' lang='grc' dir='ltr'>μού</span> <span class='ocrx_word' id='word_1_696' title='bbox 1377 4401 1526 4467; x_wconf 70' lang='grc' dir='ltr'>ἐστιν,</span> <span class='ocrx_word' id='word_1_697' title='bbox 1551 4420 1570 4453; x_wconf 73' lang='grc' dir='ltr'><strong>ι</strong></span> <span class='ocrx_word' id='word_1_698' title='bbox 1591 4405 1742 4462; x_wconf 73' lang='grc' dir='ltr'>αὐτῗς</span> 
     </span>
    </p>
   </div>
   <div class='ocr_carea' id='block_1_86' title="bbox 159 4486 1735 4564">
    <p class='ocr_par' dir='ltr' id='par_1_86' title="bbox 159 4486 1735 4564">
     <span class='ocr_line' id='line_1_86' title="bbox 159 4486 1735 4564; baseline -0.001 -20"><span class='ocrx_word' id='word_1_699' title='bbox 159 4486 341 4551; x_wconf 82' lang='grc' dir='ltr'>εἶπεν,</span> <span class='ocrx_word' id='word_1_700' title='bbox 363 4504 384 4539; x_wconf 81' lang='grc' dir='ltr'><strong>ε</strong></span> <span class='ocrx_word' id='word_1_701' title='bbox 404 4489 499 4558; x_wconf 85' lang='grc' dir='ltr'>έγὼ</span> <span class='ocrx_word' id='word_1_702' title='bbox 517 4491 599 4541; x_wconf 83' lang='grc' dir='ltr'>καὶ</span> <span class='ocrx_word' id='word_1_703' title='bbox 619 4488 643 4540; x_wconf 89' lang='grc' dir='ltr'><strong>ό</strong></span> <span class='ocrx_word' id='word_1_704' title='bbox 664 4493 831 4564; x_wconf 76' lang='grc' dir='ltr'>πατὴρ</span> <span class='ocrx_word' id='word_1_705' title='bbox 850 4489 899 4542; x_wconf 82' lang='grc' dir='ltr'><strong>έν</strong></span> <span class='ocrx_word' id='word_1_706' title='bbox 921 4490 1091 4559; x_wconf 69' lang='grc' dir='ltr'>ἔσμεν.</span> <span class='ocrx_word' id='word_1_707' title='bbox 1118 4507 1137 4540; x_wconf 77' lang='grc' dir='ltr'><strong>ι</strong></span> <span class='ocrx_word' id='word_1_708' title='bbox 1167 4488 1284 4542; x_wconf 78' lang='grc' dir='ltr'>Ἀλλ’</span> <span class='ocrx_word' id='word_1_709' title='bbox 1299 4490 1348 4544; x_wconf 86' lang='grc' dir='ltr'>ἐν</span> <span class='ocrx_word' id='word_1_710' title='bbox 1363 4495 1449 4561; x_wconf 81' lang='grc' dir='ltr'><strong>μὲν</strong></span> <span class='ocrx_word' id='word_1_711' title='bbox 1470 4500 1540 4564; x_wconf 84' lang='grc' dir='ltr'>τῷ</span> <span class='ocrx_word' id='word_1_712' title='bbox 1559 4494 1735 4560; x_wconf 82' lang='grc' dir='ltr'>εἰπεῖν,</span> 
     </span>
    </p>
   </div>
   <div class='ocr_carea' id='block_1_87' title="bbox 163 4581 1739 4653">
    <p class='ocr_par' dir='ltr' id='par_1_87' title="bbox 163 4581 1739 4653">
     <span class='ocr_line' id='line_1_87' title="bbox 163 4581 1739 4653; baseline 0.001 -19"><span class='ocrx_word' id='word_1_713' title='bbox 163 4601 186 4634; x_wconf 88' lang='grc' dir='ltr'><strong>ε</strong></span> <span class='ocrx_word' id='word_1_714' title='bbox 209 4586 325 4653; x_wconf 74' lang='grc' dir='ltr'>ἐγώ</span> <span class='ocrx_word' id='word_1_715' title='bbox 354 4585 439 4635; x_wconf 83' lang='grc' dir='ltr'>καὶ</span> <span class='ocrx_word' id='word_1_716' title='bbox 466 4581 491 4635; x_wconf 85' lang='grc' dir='ltr'><strong><em>ὁ</em></strong></span> <span class='ocrx_word' id='word_1_717' title='bbox 512 4586 678 4653; x_wconf 73' lang='grc' dir='ltr'>πατὴρ</span> <span class='ocrx_word' id='word_1_718' title='bbox 699 4581 749 4634; x_wconf 85' lang='grc' dir='ltr'>ἔν</span> <span class='ocrx_word' id='word_1_719' title='bbox 768 4583 937 4650; x_wconf 82' lang='grc' dir='ltr'>ἐσμεν,</span> <span class='ocrx_word' id='word_1_720' title='bbox 961 4598 979 4630; x_wconf 74' lang='grc' dir='ltr'><strong>ι</strong></span> <span class='ocrx_word' id='word_1_721' title='bbox 1003 4587 1089 4639; x_wconf 73' lang='grc' dir='ltr'><strong>τήν</strong></span> <span class='ocrx_word' id='word_1_722' title='bbox 1114 4583 1339 4646; x_wconf 80' lang='grc' dir='ltr'>ἰσότητα,</span> <span class='ocrx_word' id='word_1_723' title='bbox 1363 4586 1421 4643; x_wconf 76' lang='grc' dir='ltr'>ἣν</span> <span class='ocrx_word' id='word_1_724' title='bbox 1448 4585 1597 4642; x_wconf 84' lang='grc' dir='ltr'>αὑτός</span> <span class='ocrx_word' id='word_1_725' title='bbox 1618 4582 1649 4636; x_wconf 77' lang='grc' dir='ltr'>ἕ</span> <span class='ocrx_word' id='word_1_726' title='bbox 1649 4603 1739 4653; x_wconf 91' lang='grc' dir='ltr'><strong>χει</strong></span> 
     </span>
    </p>
   </div>
   <div class='ocr_carea' id='block_1_88' title="bbox 155 4670 1740 4746">
    <p class='ocr_par' dir='ltr' id='par_1_88' title="bbox 155 4670 1740 4746">
     <span class='ocr_line' id='line_1_88' title="bbox 155 4670 1740 4746; baseline -0.001 -20"><span class='ocrx_word' id='word_1_727' title='bbox 155 4674 311 4746; x_wconf 77' lang='grc' dir='ltr'>πρὸς</span> <span class='ocrx_word' id='word_1_728' title='bbox 350 4673 434 4726; x_wconf 82' lang='grc' dir='ltr'>τὸν</span> <span class='ocrx_word' id='word_1_729' title='bbox 460 4672 658 4743; x_wconf 82' lang='grc' dir='ltr'>πατέρα</span> <span class='ocrx_word' id='word_1_730' title='bbox 687 4674 810 4724; x_wconf 87' lang='grc' dir='ltr'><strong>κατά</strong></span> <span class='ocrx_word' id='word_1_731' title='bbox 837 4675 927 4728; x_wconf 78' lang='grc' dir='ltr'>τήν</span> <span class='ocrx_word' id='word_1_732' title='bbox 953 4670 1086 4724; x_wconf 84' lang='grc' dir='ltr'>θείαν</span> <span class='ocrx_word' id='word_1_733' title='bbox 1123 4673 1271 4742; x_wconf 78' lang='grc' dir='ltr'>φύσιν</span> <span class='ocrx_word' id='word_1_734' title='bbox 1311 4672 1465 4731; x_wconf 78' lang='grc' dir='ltr'>δηλοῖ.</span> <span class='ocrx_word' id='word_1_735' title='bbox 1489 4680 1565 4724; x_wconf 85' lang='lat' dir='ltr'><strong>&#39;Ev</strong></span> <span class='ocrx_word' id='word_1_736' title='bbox 1594 4672 1644 4725; x_wconf 76' lang='grc' dir='ltr'>δέ</span> <span class='ocrx_word' id='word_1_737' title='bbox 1668 4679 1740 4743; x_wconf 84' lang='grc' dir='ltr'><strong>τῷ</strong></span> 
     </span>
    </p>
   </div>
   <div class='ocr_carea' id='block_1_89' title="bbox 155 4759 1741 4835">
    <p class='ocr_par' dir='ltr' id='par_1_89' title="bbox 155 4759 1741 4835">
     <span class='ocr_line' id='line_1_89' title="bbox 155 4759 1741 4835; baseline -0.003 -17"><span class='ocrx_word' id='word_1_738' title='bbox 155 4764 339 4835; x_wconf 76' lang='grc' dir='ltr'>λέγειν</span> <span class='ocrx_word' id='word_1_739' title='bbox 351 4763 431 4815; x_wconf 86' lang='grc' dir='ltr'>τὸν</span> <span class='ocrx_word' id='word_1_740' title='bbox 448 4762 618 4823; x_wconf 82' lang='grc' dir='ltr'>αὑτὸν,</span> <span class='ocrx_word' id='word_1_741' title='bbox 643 4779 661 4808; x_wconf 71' lang='grc' dir='ltr'><strong>ι</strong></span> <span class='ocrx_word' id='word_1_742' title='bbox 682 4760 706 4814; x_wconf 89' lang='grc' dir='ltr'><strong>ό</strong></span> <span class='ocrx_word' id='word_1_743' title='bbox 725 4764 893 4833; x_wconf 83' lang='grc' dir='ltr'>πατήρ</span> <span class='ocrx_word' id='word_1_744' title='bbox 909 4781 1007 4829; x_wconf 84' lang='grc' dir='ltr'>μου</span> <span class='ocrx_word' id='word_1_745' title='bbox 1032 4765 1210 4832; x_wconf 82' lang='grc' dir='ltr'>μείζων</span> <span class='ocrx_word' id='word_1_746' title='bbox 1230 4770 1324 4833; x_wconf 79' lang='grc' dir='ltr'><strong>μού</strong></span> <span class='ocrx_word' id='word_1_747' title='bbox 1353 4765 1510 4821; x_wconf 72' lang='grc' dir='ltr'>ἐστιν,</span> <span class='ocrx_word' id='word_1_748' title='bbox 1531 4780 1548 4809; x_wconf 72' lang='grc' dir='ltr'><strong>ι</strong></span> <span class='ocrx_word' id='word_1_749' title='bbox 1571 4766 1658 4820; x_wconf 75' lang='grc' dir='ltr'>τήν</span> <span class='ocrx_word' id='word_1_750' title='bbox 1678 4759 1741 4814; x_wconf 83' lang='grc' dir='ltr'><strong>δι’</strong></span> 
     </span>
    </p>
   </div>
   <div class='ocr_carea' id='block_1_90' title="bbox 156 4851 1738 4927">
    <p class='ocr_par' dir='ltr' id='par_1_90' title="bbox 156 4851 1738 4927">
     <span class='ocr_line' id='line_1_90' title="bbox 156 4851 1738 4927; baseline 0.001 -24"><span class='ocrx_word' id='word_1_751' title='bbox 156 4856 315 4925; x_wconf 72' lang='grc' dir='ltr'>ἡμᾶς</span> <span class='ocrx_word' id='word_1_752' title='bbox 356 4852 673 4919; x_wconf 79' lang='grc' dir='ltr'>οἰκονομικῶς</span> <span class='ocrx_word' id='word_1_753' title='bbox 703 4852 960 4922; x_wconf 77' lang='grc' dir='ltr'>γενομένην</span> <span class='ocrx_word' id='word_1_754' title='bbox 996 4851 1268 4906; x_wconf 75' lang='grc' dir='ltr'>ἐλάττωσιν</span> <span class='ocrx_word' id='word_1_755' title='bbox 1295 4851 1446 4909; x_wconf 84' lang='grc' dir='ltr'>δηλοῖ.</span> <span class='ocrx_word' id='word_1_756' title='bbox 1480 4855 1738 4927; x_wconf 76' lang='grc' dir='ltr'>Ἑκάτερον</span> 
     </span>
    </p>
   </div>
   <div class='ocr_carea' id='block_1_91' title="bbox 154 4941 1736 5017">
    <p class='ocr_par' dir='ltr' id='par_1_91' title="bbox 154 4941 1736 5017">
     <span class='ocr_line' id='line_1_91' title="bbox 154 4941 1736 5017; baseline -0.001 -22"><span class='ocrx_word' id='word_1_757' title='bbox 154 4944 247 5008; x_wconf 75' lang='grc' dir='ltr'><strong>δέ,</strong></span> <span class='ocrx_word' id='word_1_758' title='bbox 280 4944 370 4995; x_wconf 79' lang='grc' dir='ltr'>καὶ</span> <span class='ocrx_word' id='word_1_759' title='bbox 392 4944 423 4997; x_wconf 76' lang='grc' dir='ltr'><strong>ἦ</strong></span> <span class='ocrx_word' id='word_1_760' title='bbox 445 4941 614 5001; x_wconf 81' lang='grc' dir='ltr'>ἰσότης</span> <span class='ocrx_word' id='word_1_761' title='bbox 650 4944 732 4995; x_wconf 81' lang='grc' dir='ltr'>καὶ</span> <span class='ocrx_word' id='word_1_762' title='bbox 765 4944 794 4999; x_wconf 76' lang='grc' dir='ltr'>ἡ</span> <span class='ocrx_word' id='word_1_763' title='bbox 828 4942 1118 5010; x_wconf 74' lang='grc' dir='ltr'>ἐλάττωσις,</span> <span class='ocrx_word' id='word_1_764' title='bbox 1146 4946 1262 5017; x_wconf 77' lang='grc' dir='ltr'>περὶ</span> <span class='ocrx_word' id='word_1_765' title='bbox 1285 4945 1388 5004; x_wconf 85' lang='grc' dir='ltr'><strong>ένός</strong></span> <span class='ocrx_word' id='word_1_766' title='bbox 1415 4947 1497 4998; x_wconf 79' lang='grc' dir='ltr'>καὶ</span> <span class='ocrx_word' id='word_1_767' title='bbox 1522 4949 1611 4998; x_wconf 90' lang='grc' dir='ltr'><strong>τοῦ</strong></span> <span class='ocrx_word' id='word_1_768' title='bbox 1642 4944 1736 4997; x_wconf 70' lang='grc' dir='ltr'>αὑο</span> 
     </span>
    </p>
   </div>
   <div class='ocr_carea' id='block_1_92' title="bbox 151 5029 1739 5108">
    <p class='ocr_par' dir='ltr' id='par_1_92' title="bbox 151 5029 1739 5108">
     <span class='ocr_line' id='line_1_92' title="bbox 151 5029 1739 5108; baseline 0.003 -26"><span class='ocrx_word' id='word_1_769' title='bbox 151 5039 261 5089; x_wconf 82' lang='grc' dir='ltr'><strong>τοῦ</strong></span> <span class='ocrx_word' id='word_1_770' title='bbox 295 5034 472 5102; x_wconf 83' lang='grc' dir='ltr'>κυρίου</span> <span class='ocrx_word' id='word_1_771' title='bbox 492 5033 574 5083; x_wconf 79' lang='grc' dir='ltr'>καὶ</span> <span class='ocrx_word' id='word_1_772' title='bbox 600 5037 723 5085; x_wconf 89' lang='grc' dir='ltr'>Θεοῦ</span> <span class='ocrx_word' id='word_1_773' title='bbox 748 5034 884 5103; x_wconf 79' lang='grc' dir='ltr'>ἡμῶν</span> <span class='ocrx_word' id='word_1_774' title='bbox 906 5029 1067 5090; x_wconf 81' lang='grc' dir='ltr'>Ἰησοῦ</span> <span class='ocrx_word' id='word_1_775' title='bbox 1091 5039 1341 5108; x_wconf 80' lang='grc' dir='ltr'>Χριστοῦ,</span> <span class='ocrx_word' id='word_1_776' title='bbox 1369 5036 1627 5100; x_wconf 71' lang='grc' dir='ltr'>τουτέστιν</span> <span class='ocrx_word' id='word_1_777' title='bbox 1651 5039 1739 5087; x_wconf 91' lang='grc' dir='ltr'><strong>τοῦ</strong></span> 
     </span>
    </p>
   </div>
   <div class='ocr_carea' id='block_1_93' title="bbox 151 5120 1222 5192">
    <p class='ocr_par' dir='ltr' id='par_1_93' title="bbox 151 5120 1222 5192">
     <span class='ocr_line' id='line_1_93' title="bbox 151 5120 1222 5192; baseline -0.006 -12"><span class='ocrx_word' id='word_1_778' title='bbox 151 5128 305 5180; x_wconf 87' lang='grc' dir='ltr'>Θεοῦ</span> <span class='ocrx_word' id='word_1_779' title='bbox 330 5120 476 5190; x_wconf 69' lang='grc' dir='ltr'>λόγου</span> <span class='ocrx_word' id='word_1_780' title='bbox 501 5126 590 5174; x_wconf 88' lang='grc' dir='ltr'><strong>τοῦ</strong></span> <span class='ocrx_word' id='word_1_781' title='bbox 623 5122 984 5192; x_wconf 87' lang='grc' dir='ltr'>σαρκωθέντος,</span> <span class='ocrx_word' id='word_1_782' title='bbox 1009 5122 1222 5192; x_wconf 78' lang='grc' dir='ltr'>λέγεται.</span> 
     </span>
    </p>
   </div>
   <div class='ocr_carea' id='block_1_94' title="bbox 232 5298 1738 5376">
    <p class='ocr_par' dir='ltr' id='par_1_94' title="bbox 232 5298 1738 5376">
     <span class='ocr_line' id='line_1_94' title="bbox 232 5298 1738 5376; baseline -0.003 -19"><span class='ocrx_word' id='word_1_783' title='bbox 232 5302 344 5357; x_wconf 67' lang='grc' dir='ltr'><strong>Καὶ</strong></span> <span class='ocrx_word' id='word_1_784' title='bbox 382 5303 617 5376; x_wconf 78' lang='grc' dir='ltr'>’Δρειανοί</span> <span class='ocrx_word' id='word_1_785' title='bbox 666 5302 755 5370; x_wconf 82' lang='grc' dir='ltr'><strong>μέν</strong></span> <span class='ocrx_word' id='word_1_786' title='bbox 796 5306 986 5375; x_wconf 82' lang='grc' dir='ltr'>πονηρᾷ</span> <span class='ocrx_word' id='word_1_787' title='bbox 1030 5298 1224 5374; x_wconf 79' lang='grc' dir='ltr'>διανοίᾳ</span> <span class='ocrx_word' id='word_1_788' title='bbox 1269 5303 1322 5354; x_wconf 82' lang='grc' dir='ltr'>ἔκ</span> <span class='ocrx_word' id='word_1_789' title='bbox 1365 5309 1463 5356; x_wconf 86' lang='grc' dir='ltr'>τῶν</span> <span class='ocrx_word' id='word_1_790' title='bbox 1495 5309 1738 5356; x_wconf 83' lang='grc' dir='ltr'>ταπεινῶν</span> 
     </span>
    </p>
   </div>
   <div class='ocr_carea' id='block_1_95' title="bbox 147 5386 1738 5471">
    <p class='ocr_par' dir='ltr' id='par_1_95' title="bbox 147 5386 1738 5471">
     <span class='ocr_line' id='line_1_95' title="bbox 147 5386 1738 5471; baseline -0.004 -23"><span class='ocrx_word' id='word_1_791' title='bbox 147 5393 418 5471; x_wconf 74' lang='grc' dir='ltr'>ῥημάτων</span> <span class='ocrx_word' id='word_1_792' title='bbox 451 5391 715 5461; x_wconf 73' lang='grc' dir='ltr'>όμοοὺσιον</span> <span class='ocrx_word' id='word_1_793' title='bbox 743 5386 864 5446; x_wconf 84' lang='grc' dir='ltr'>εἶναι</span> <span class='ocrx_word' id='word_1_794' title='bbox 900 5398 971 5459; x_wconf 84' lang='grc' dir='ltr'>τῷ</span> <span class='ocrx_word' id='word_1_795' title='bbox 1009 5394 1168 5464; x_wconf 86' lang='grc' dir='ltr'>πατρὶ</span> <span class='ocrx_word' id='word_1_796' title='bbox 1196 5392 1276 5444; x_wconf 83' lang='grc' dir='ltr'><strong>τόν</strong></span> <span class='ocrx_word' id='word_1_797' title='bbox 1315 5391 1417 5444; x_wconf 77' lang='grc' dir='ltr'>υἱὸν</span> <span class='ocrx_word' id='word_1_798' title='bbox 1446 5393 1704 5463; x_wconf 87' lang='grc' dir='ltr'>ἀρνοῦνται</span> <span class='ocrx_word' id='word_1_799' title='bbox 1724 5429 1738 5453; x_wconf 93' lang='grc'><strong>,</strong></span> 
     </span>
    </p>
   </div>
   <div class='ocr_carea' id='block_1_96' title="bbox 1846 4134 3405 4208">
    <p class='ocr_par' dir='ltr' id='par_1_96' title="bbox 1846 4134 3405 4208">
     <span class='ocr_line' id='line_1_96' title="bbox 1846 4134 3405 4208; baseline 0.004 -19"><span class='ocrx_word' id='word_1_800' title='bbox 1846 4134 2007 4189; x_wconf 86' lang='lat' dir='ltr'><strong>Pater</strong></span> <span class='ocrx_word' id='word_1_801' title='bbox 2041 4135 2209 4205; x_wconf 87' lang='lat' dir='ltr'><strong>major</strong></span> <span class='ocrx_word' id='word_1_802' title='bbox 2254 4151 2333 4188; x_wconf 83' lang='lat' dir='ltr'><strong>me</strong></span> <span class='ocrx_word' id='word_1_803' title='bbox 2361 4143 2437 4189; x_wconf 77' lang='lat' dir='ltr'><strong>est</strong></span> <span class='ocrx_word' id='word_1_804' title='bbox 2461 4135 2639 4207; x_wconf 82' lang='lat' dir='ltr'><strong>(Joan.</strong></span> <span class='ocrx_word' id='word_1_805' title='bbox 2674 4152 2780 4200; x_wconf 80' lang='lat' dir='ltr'><strong>xlv,</strong></span> <span class='ocrx_word' id='word_1_806' title='bbox 2807 4134 2925 4208; x_wconf 75' lang='lat'><strong>28),</strong></span> <span class='ocrx_word' id='word_1_807' title='bbox 2955 4153 3022 4193; x_wconf 92' lang='lat' dir='ltr'><strong>ne</strong></span> <span class='ocrx_word' id='word_1_808' title='bbox 3061 4139 3304 4207; x_wconf 80' lang='lat' dir='ltr'><strong>cogitetis</strong></span> <span class='ocrx_word' id='word_1_809' title='bbox 3331 4140 3405 4196; x_wconf 80' lang='lat' dir='ltr'><strong>ibi</strong></span> 
     </span>
    </p>
   </div>
   <div class='ocr_carea' id='block_1_97' title="bbox 1845 4225 3403 4295">
    <p class='ocr_par' dir='ltr' id='par_1_97' title="bbox 1845 4225 3403 4295">
     <span class='ocr_line' id='line_1_97' title="bbox 1845 4225 3403 4295; baseline 0.004 -16"><span class='ocrx_word' id='word_1_810' title='bbox 1845 4225 2113 4279; x_wconf 85' lang='lat' dir='ltr'><strong>hominem</strong></span> <span class='ocrx_word' id='word_1_811' title='bbox 2158 4226 2494 4295; x_wconf 89' lang='lat' dir='ltr'><strong>quempiam,</strong></span> <span class='ocrx_word' id='word_1_812' title='bbox 2543 4242 2647 4280; x_wconf 91' lang='lat' dir='ltr'><strong>non</strong></span> <span class='ocrx_word' id='word_1_813' title='bbox 2695 4234 2872 4282; x_wconf 88' lang='lat' dir='ltr'><strong>autem</strong></span> <span class='ocrx_word' id='word_1_814' title='bbox 2925 4228 3088 4282; x_wconf 87' lang='lat' dir='ltr'><strong>Deum</strong></span> <span class='ocrx_word' id='word_1_815' title='bbox 3134 4228 3403 4285; x_wconf 89' lang='lat' dir='ltr'><strong>hominem</strong></span> 
     </span>
    </p>
   </div>
   <div class='ocr_carea' id='block_1_98' title="bbox 1847 4311 3403 4373">
    <p class='ocr_par' dir='ltr' id='par_1_98' title="bbox 1847 4311 3403 4373">
     <span class='ocr_line' id='line_1_98' title="bbox 1847 4311 3403 4373; baseline 0.003 -7"><span class='ocrx_word' id='word_1_816' title='bbox 1847 4311 2043 4367; x_wconf 79' lang='lat' dir='ltr'><strong>factum</strong></span> <span class='ocrx_word' id='word_1_817' title='bbox 2090 4328 2154 4367; x_wconf 90' lang='lat' dir='ltr'><strong>eo</strong></span> <span class='ocrx_word' id='word_1_818' title='bbox 2183 4314 2341 4368; x_wconf 90' lang='lat' dir='ltr'><strong>modo</strong></span> <span class='ocrx_word' id='word_1_819' title='bbox 2385 4314 2452 4368; x_wconf 90' lang='lat' dir='ltr'><strong>de</strong></span> <span class='ocrx_word' id='word_1_820' title='bbox 2481 4329 2539 4368; x_wconf 90' lang='lat' dir='ltr'><strong>se</strong></span> <span class='ocrx_word' id='word_1_821' title='bbox 2582 4314 2743 4370; x_wconf 82' lang='lat' dir='ltr'><strong>fuisse</strong></span> <span class='ocrx_word' id='word_1_822' title='bbox 2770 4316 3022 4370; x_wconf 89' lang='lat' dir='ltr'><strong>locutum.</strong></span> <span class='ocrx_word' id='word_1_823' title='bbox 3058 4316 3403 4373; x_wconf 82' lang='lat' dir='ltr'><strong>Evidentissi-</strong></span> 
     </span>
    </p>
   </div>
   <div class='ocr_carea' id='block_1_99' title="bbox 1847 4404 3403 4473">
    <p class='ocr_par' dir='ltr' id='par_1_99' title="bbox 1847 4404 3403 4473">
     <span class='ocr_line' id='line_1_99' title="bbox 1847 4404 3403 4473; baseline 0.003 -17"><span class='ocrx_word' id='word_1_824' title='bbox 1847 4418 1991 4457; x_wconf 88' lang='lat' dir='ltr'><strong>mum</strong></span> <span class='ocrx_word' id='word_1_825' title='bbox 2013 4404 2210 4473; x_wconf 88' lang='lat' dir='ltr'><strong>quippe</strong></span> <span class='ocrx_word' id='word_1_826' title='bbox 2234 4410 2315 4458; x_wconf 90' lang='lat' dir='ltr'><strong>est</strong></span> <span class='ocrx_word' id='word_1_827' title='bbox 2339 4404 2579 4458; x_wconf 89' lang='lat' dir='ltr'><strong>eumdem</strong></span> <span class='ocrx_word' id='word_1_828' title='bbox 2610 4404 2779 4473; x_wconf 88' lang='lat' dir='ltr'><strong>ipsum</strong></span> <span class='ocrx_word' id='word_1_829' title='bbox 2803 4406 2890 4473; x_wconf 89' lang='lat' dir='ltr'><strong>qui</strong></span> <span class='ocrx_word' id='word_1_830' title='bbox 2920 4405 3075 4473; x_wconf 79' lang='lat' dir='ltr'><strong>dixit,</strong></span> <span class='ocrx_word' id='word_1_831' title='bbox 3106 4406 3268 4460; x_wconf 81' lang='lat' dir='ltr'><strong>Pater</strong></span> <span class='ocrx_word' id='word_1_832' title='bbox 3293 4416 3403 4461; x_wconf 86' lang='lat' dir='ltr'><strong>ma-</strong></span> 
     </span>
    </p>
   </div>
   <div class='ocr_carea' id='block_1_100' title="bbox 1836 4494 3403 4566">
    <p class='ocr_par' dir='ltr' id='par_1_100' title="bbox 1836 4494 3403 4566">
     <span class='ocr_line' id='line_1_100' title="bbox 1836 4494 3403 4566; baseline 0.002 -18"><span class='ocrx_word' id='word_1_833' title='bbox 1836 4494 1927 4565; x_wconf 81' lang='lat' dir='ltr'><strong>jor</strong></span> <span class='ocrx_word' id='word_1_834' title='bbox 1951 4511 2031 4547; x_wconf 84' lang='lat' dir='ltr'><strong>me</strong></span> <span class='ocrx_word' id='word_1_835' title='bbox 2057 4503 2152 4558; x_wconf 81' lang='grc' dir='ltr'>εει,</span> <span class='ocrx_word' id='word_1_836' title='bbox 2183 4494 2381 4550; x_wconf 88' lang='lat' dir='ltr'><strong>dixisse</strong></span> <span class='ocrx_word' id='word_1_837' title='bbox 2408 4495 2627 4564; x_wconf 90' lang='lat' dir='ltr'><strong>pariter,</strong></span> <span class='ocrx_word' id='word_1_838' title='bbox 2648 4494 2759 4566; x_wconf 86' lang='lat' dir='ltr'><strong>Ego</strong></span> <span class='ocrx_word' id='word_1_839' title='bbox 2788 4504 2836 4549; x_wconf 82' lang='lat' dir='ltr'><strong>et</strong></span> <span class='ocrx_word' id='word_1_840' title='bbox 2859 4495 3019 4549; x_wconf 81' lang='lat' dir='ltr'><strong>Pater</strong></span> <span class='ocrx_word' id='word_1_841' title='bbox 3044 4513 3200 4551; x_wconf 80' lang='lat' dir='ltr'><strong>unum</strong></span> <span class='ocrx_word' id='word_1_842' title='bbox 3228 4513 3403 4552; x_wconf 78' lang='lat' dir='ltr'><strong>summ</strong></span> 
     </span>
    </p>
   </div>
   <div class='ocr_carea' id='block_1_101' title="bbox 1849 4584 3405 4660">
    <p class='ocr_par' dir='ltr' id='par_1_101' title="bbox 1849 4584 3405 4660">
     <span class='ocr_line' id='line_1_101' title="bbox 1849 4584 3405 4660; baseline 0.004 -22"><span class='ocrx_word' id='word_1_843' title='bbox 1849 4584 2091 4655; x_wconf 84' lang='lat' dir='ltr'><strong>(Ibidem,</strong></span> <span class='ocrx_word' id='word_1_844' title='bbox 2121 4601 2171 4651; x_wconf 85' lang='lat' dir='ltr'><strong>x,</strong></span> <span class='ocrx_word' id='word_1_845' title='bbox 2204 4585 2312 4654; x_wconf 67' lang='lat'><strong>50).</strong></span> <span class='ocrx_word' id='word_1_846' title='bbox 2361 4585 2476 4652; x_wconf 91' lang='lat' dir='ltr'><strong>Quo</strong></span> <span class='ocrx_word' id='word_1_847' title='bbox 2517 4587 2657 4642; x_wconf 87' lang='lat' dir='ltr'><strong>enim</strong></span> <span class='ocrx_word' id='word_1_848' title='bbox 2712 4587 2830 4642; x_wconf 91' lang='lat' dir='ltr'><strong>loco</strong></span> <span class='ocrx_word' id='word_1_849' title='bbox 2879 4589 2972 4655; x_wconf 88' lang='lat' dir='ltr'><strong>ait,</strong></span> <span class='ocrx_word' id='word_1_850' title='bbox 3021 4588 3133 4660; x_wconf 81' lang='lat' dir='ltr'><strong>Ego</strong></span> <span class='ocrx_word' id='word_1_851' title='bbox 3160 4598 3209 4643; x_wconf 82' lang='lat' dir='ltr'><strong>et</strong></span> <span class='ocrx_word' id='word_1_852' title='bbox 3243 4588 3405 4644; x_wconf 79' lang='lat' dir='ltr'><strong>Pater</strong></span> 
     </span>
    </p>
   </div>
   <div class='ocr_carea' id='block_1_102' title="bbox 1848 4677 3403 4749">
    <p class='ocr_par' dir='ltr' id='par_1_102' title="bbox 1848 4677 3403 4749">
     <span class='ocr_line' id='line_1_102' title="bbox 1848 4677 3403 4749; baseline 0.006 -23"><span class='ocrx_word' id='word_1_853' title='bbox 1848 4690 2005 4729; x_wconf 85' lang='lat' dir='ltr'><strong>unum</strong></span> <span class='ocrx_word' id='word_1_854' title='bbox 2027 4693 2217 4740; x_wconf 75' lang='lat' dir='ltr'><strong>sumus,</strong></span> <span class='ocrx_word' id='word_1_855' title='bbox 2243 4677 2596 4745; x_wconf 70' lang='lat' dir='ltr'><strong>mqualitatem</strong></span> <span class='ocrx_word' id='word_1_856' title='bbox 2624 4677 2813 4733; x_wconf 67' lang='lat' dir='ltr'><strong>divinae</strong></span> <span class='ocrx_word' id='word_1_857' title='bbox 2848 4687 3071 4747; x_wconf 70' lang='lat' dir='ltr'><strong>naturae,</strong></span> <span class='ocrx_word' id='word_1_858' title='bbox 3100 4695 3258 4749; x_wconf 92' lang='lat' dir='ltr'><strong>quam</strong></span> <span class='ocrx_word' id='word_1_859' title='bbox 3279 4677 3403 4736; x_wconf 83' lang='lat' dir='ltr'><strong>cum</strong></span> 
     </span>
    </p>
   </div>
   <div class='ocr_carea' id='block_1_103' title="bbox 1848 4765 3404 4842">
    <p class='ocr_par' dir='ltr' id='par_1_103' title="bbox 1848 4765 3404 4842">
     <span class='ocr_line' id='line_1_103' title="bbox 1848 4765 3404 4842; baseline 0.005 -24"><span class='ocrx_word' id='word_1_860' title='bbox 1848 4765 2005 4819; x_wconf 78' lang='lat' dir='ltr'><strong>Patre</strong></span> <span class='ocrx_word' id='word_1_861' title='bbox 2029 4766 2207 4829; x_wconf 85' lang='lat' dir='ltr'><strong>habet,</strong></span> <span class='ocrx_word' id='word_1_862' title='bbox 2230 4765 2468 4834; x_wconf 81' lang='lat' dir='ltr'><strong>designat</strong></span> <span class='ocrx_word' id='word_1_863' title='bbox 2491 4783 2504 4818; x_wconf 87' lang='lat'><strong>:</strong></span> <span class='ocrx_word' id='word_1_864' title='bbox 2532 4782 2639 4836; x_wconf 88' lang='lat' dir='ltr'><strong>quo</strong></span> <span class='ocrx_word' id='word_1_865' title='bbox 2661 4776 2836 4821; x_wconf 87' lang='lat' dir='ltr'><strong>autem</strong></span> <span class='ocrx_word' id='word_1_866' title='bbox 2860 4769 2987 4822; x_wconf 91' lang='lat' dir='ltr'><strong>illud</strong></span> <span class='ocrx_word' id='word_1_867' title='bbox 3003 4807 3018 4833; x_wconf 97' lang='lat'><strong>,</strong></span> <span class='ocrx_word' id='word_1_868' title='bbox 3047 4768 3209 4824; x_wconf 81' lang='lat' dir='ltr'><strong>Pater</strong></span> <span class='ocrx_word' id='word_1_869' title='bbox 3236 4766 3404 4842; x_wconf 81' lang='lat' dir='ltr'><strong>major</strong></span> 
     </span>
    </p>
   </div>
   <div class='ocr_carea' id='block_1_104' title="bbox 1844 4856 3403 4928">
    <p class='ocr_par' dir='ltr' id='par_1_104' title="bbox 1844 4856 3403 4928">
     <span class='ocr_line' id='line_1_104' title="bbox 1844 4856 3403 4928; baseline 0.005 -20"><span class='ocrx_word' id='word_1_870' title='bbox 1844 4872 1925 4909; x_wconf 87' lang='lat' dir='ltr'><strong>me</strong></span> <span class='ocrx_word' id='word_1_871' title='bbox 1944 4864 2037 4920; x_wconf 80' lang='lat' dir='ltr'><strong>est,</strong></span> <span class='ocrx_word' id='word_1_872' title='bbox 2069 4857 2286 4925; x_wconf 80' lang='lat' dir='ltr'><strong>profert,</strong></span> <span class='ocrx_word' id='word_1_873' title='bbox 2316 4856 2725 4910; x_wconf 87' lang='lat' dir='ltr'><strong>minorationem</strong></span> <span class='ocrx_word' id='word_1_874' title='bbox 2752 4873 2900 4912; x_wconf 90' lang='lat' dir='ltr'><strong>suam</strong></span> <span class='ocrx_word' id='word_1_875' title='bbox 2923 4868 3141 4928; x_wconf 87' lang='lat' dir='ltr'><strong>propter</strong></span> <span class='ocrx_word' id='word_1_876' title='bbox 3164 4875 3285 4925; x_wconf 91' lang='lat' dir='ltr'><strong>nos,</strong></span> <span class='ocrx_word' id='word_1_877' title='bbox 3305 4876 3403 4916; x_wconf 88' lang='lat' dir='ltr'><strong>sua</strong></span> 
     </span>
    </p>
   </div>
   <div class='ocr_carea' id='block_1_105' title="bbox 1838 4945 3396 5020">
    <p class='ocr_par' dir='ltr' id='par_1_105' title="bbox 1838 4945 3396 5020">
     <span class='ocr_line' id='line_1_105' title="bbox 1838 4945 3396 5020; baseline 0.004 -20"><span class='ocrx_word' id='word_1_878' title='bbox 1838 4947 2264 5014; x_wconf 85' lang='lat' dir='ltr'><strong>dispensatione,</strong></span> <span class='ocrx_word' id='word_1_879' title='bbox 2302 4945 2494 5000; x_wconf 80' lang='lat' dir='ltr'><strong>factam</strong></span> <span class='ocrx_word' id='word_1_880' title='bbox 2542 4949 2789 5002; x_wconf 84' lang='lat' dir='ltr'><strong>ostendit.</strong></span> <span class='ocrx_word' id='word_1_881' title='bbox 2833 4949 3123 5020; x_wconf 89' lang='lat' dir='ltr'><strong>Utrumque</strong></span> <span class='ocrx_word' id='word_1_882' title='bbox 3172 4954 3396 5016; x_wconf 90' lang='lat' dir='ltr'><strong>scilicet,</strong></span> 
     </span>
    </p>
   </div>
   <div class='ocr_carea' id='block_1_106' title="bbox 1838 5034 3400 5107">
    <p class='ocr_par' dir='ltr' id='par_1_106' title="bbox 1838 5034 3400 5107">
     <span class='ocr_line' id='line_1_106' title="bbox 1838 5034 3400 5107; baseline 0.004 -20"><span class='ocrx_word' id='word_1_883' title='bbox 1838 5034 2113 5102; x_wconf 71' lang='lat' dir='ltr'><strong>aequalitas</strong></span> <span class='ocrx_word' id='word_1_884' title='bbox 2151 5041 2310 5100; x_wconf 90' lang='lat' dir='ltr'><strong>atque</strong></span> <span class='ocrx_word' id='word_1_885' title='bbox 2337 5035 2641 5101; x_wconf 83' lang='lat' dir='ltr'><strong>minoratio,</strong></span> <span class='ocrx_word' id='word_1_886' title='bbox 2664 5035 2730 5088; x_wconf 94' lang='lat' dir='ltr'><strong>de</strong></span> <span class='ocrx_word' id='word_1_887' title='bbox 2758 5052 2865 5090; x_wconf 90' lang='lat' dir='ltr'><strong>uno</strong></span> <span class='ocrx_word' id='word_1_888' title='bbox 2893 5049 3053 5107; x_wconf 90' lang='lat' dir='ltr'><strong>atque</strong></span> <span class='ocrx_word' id='word_1_889' title='bbox 3080 5038 3272 5093; x_wconf 90' lang='lat' dir='ltr'><strong>eodem</strong></span> <span class='ocrx_word' id='word_1_890' title='bbox 3294 5040 3400 5094; x_wconf 84' lang='lat' dir='ltr'><strong>Do—</strong></span> 
     </span>
    </p>
   </div>
   <div class='ocr_carea' id='block_1_107' title="bbox 1840 5119 3398 5190">
    <p class='ocr_par' dir='ltr' id='par_1_107' title="bbox 1840 5119 3398 5190">
     <span class='ocr_line' id='line_1_107' title="bbox 1840 5119 3398 5190; baseline 0.006 -16"><span class='ocrx_word' id='word_1_891' title='bbox 1840 5122 1982 5176; x_wconf 89' lang='lat' dir='ltr'><strong>mino</strong></span> <span class='ocrx_word' id='word_1_892' title='bbox 2008 5132 2190 5190; x_wconf 73' lang='lat' dir='ltr'><strong>nostro</strong></span> <span class='ocrx_word' id='word_1_893' title='bbox 2211 5119 2337 5174; x_wconf 82' lang='lat' dir='ltr'><strong>Jesu</strong></span> <span class='ocrx_word' id='word_1_894' title='bbox 2388 5120 2621 5189; x_wconf 87' lang='lat' dir='ltr'><strong>Christo,</strong></span> <span class='ocrx_word' id='word_1_895' title='bbox 2649 5124 2752 5178; x_wconf 91' lang='lat' dir='ltr'><strong>hoc</strong></span> <span class='ocrx_word' id='word_1_896' title='bbox 2780 5133 2863 5179; x_wconf 89' lang='lat' dir='ltr'><strong>est</strong></span> <span class='ocrx_word' id='word_1_897' title='bbox 2889 5125 2956 5180; x_wconf 90' lang='lat' dir='ltr'><strong>de</strong></span> <span class='ocrx_word' id='word_1_898' title='bbox 2997 5127 3273 5184; x_wconf 77' lang='lat' dir='ltr'><strong>incarnato</strong></span> <span class='ocrx_word' id='word_1_899' title='bbox 3302 5131 3398 5185; x_wconf 88' lang='lat' dir='ltr'><strong>Dei</strong></span> 
     </span>
    </p>
   </div>
   <div class='ocr_carea' id='block_1_108' title="bbox 1851 5210 2389 5271">
    <p class='ocr_par' dir='ltr' id='par_1_108' title="bbox 1851 5210 2389 5271">
     <span class='ocr_line' id='line_1_108' title="bbox 1851 5210 2389 5271; baseline 0 -9"><span class='ocrx_word' id='word_1_900' title='bbox 1851 5210 2040 5271; x_wconf 81' lang='lat' dir='ltr'><strong>Verbo,</strong></span> <span class='ocrx_word' id='word_1_901' title='bbox 2067 5211 2264 5263; x_wconf 89' lang='lat' dir='ltr'><strong>dictum</strong></span> <span class='ocrx_word' id='word_1_902' title='bbox 2290 5217 2389 5264; x_wconf 88' lang='lat' dir='ltr'><strong>est.</strong></span> 
     </span>
    </p>
   </div>
   <div class='ocr_carea' id='block_1_109' title="bbox 1918 5298 3402 5378">
    <p class='ocr_par' dir='ltr' id='par_1_109' title="bbox 1918 5298 3402 5378">
     <span class='ocr_line' id='line_1_109' title="bbox 1918 5298 3402 5378; baseline 0.009 -27"><span class='ocrx_word' id='word_1_903' title='bbox 1918 5299 2089 5364; x_wconf 87' lang='lat' dir='ltr'><strong>Atque</strong></span> <span class='ocrx_word' id='word_1_904' title='bbox 2109 5298 2290 5350; x_wconf 86' lang='lat' dir='ltr'><strong>Ariani</strong></span> <span class='ocrx_word' id='word_1_905' title='bbox 2335 5299 2547 5366; x_wconf 88' lang='lat' dir='ltr'><strong>quidem</strong></span> <span class='ocrx_word' id='word_1_906' title='bbox 2576 5315 2798 5356; x_wconf 88' lang='lat' dir='ltr'><strong>erronea</strong></span> <span class='ocrx_word' id='word_1_907' title='bbox 2820 5305 3127 5372; x_wconf 89' lang='lat' dir='ltr'><strong>opinatione</strong></span> <span class='ocrx_word' id='word_1_908' title='bbox 3163 5323 3227 5363; x_wconf 90' lang='lat' dir='ltr'><strong>ex</strong></span> <span class='ocrx_word' id='word_1_909' title='bbox 3257 5309 3402 5378; x_wconf 88' lang='lat' dir='ltr'><strong>ejus-</strong></span> 
     </span>
    </p>
   </div>
   <div class='ocr_carea' id='block_1_110' title="bbox 1848 5386 3402 5453">
    <p class='ocr_par' dir='ltr' id='par_1_110' title="bbox 1848 5386 3402 5453">
     <span class='ocr_line' id='line_1_110' title="bbox 1848 5386 3402 5453; baseline 0.008 -13"><span class='ocrx_word' id='word_1_910' title='bbox 1848 5387 1991 5441; x_wconf 90' lang='lat' dir='ltr'><strong>modi</strong></span> <span class='ocrx_word' id='word_1_911' title='bbox 2021 5386 2266 5453; x_wconf 86' lang='lat' dir='ltr'><strong>loquendi</strong></span> <span class='ocrx_word' id='word_1_912' title='bbox 2315 5386 2557 5441; x_wconf 87' lang='lat' dir='ltr'><strong>demissis</strong></span> <span class='ocrx_word' id='word_1_913' title='bbox 2583 5391 2753 5444; x_wconf 90' lang='lat' dir='ltr'><strong>modis</strong></span> <span class='ocrx_word' id='word_1_914' title='bbox 2779 5390 2969 5447; x_wconf 89' lang='lat' dir='ltr'><strong>Filium</strong></span> <span class='ocrx_word' id='word_1_915' title='bbox 2996 5393 3141 5450; x_wconf 89' lang='lat' dir='ltr'><strong>Patri</strong></span> <span class='ocrx_word' id='word_1_916' title='bbox 3170 5400 3402 5453; x_wconf 77' lang='lat' dir='ltr'><strong>consub-</strong></span> 
     </span>
    </p>
   </div>
   <div class='ocr_carea' id='block_1_111' title="bbox 142 5474 1726 5564">
    <p class='ocr_par' dir='ltr' id='par_1_111' title="bbox 142 5474 1726 5548">
     <span class='ocr_line' id='line_1_111' title="bbox 142 5474 1726 5548; baseline -0.003 -11"><span class='ocrx_word' id='word_1_917' title='bbox 142 5486 253 5540; x_wconf 75' lang='grc' dir='ltr'><strong>καί</strong></span> <span class='ocrx_word' id='word_1_918' title='bbox 283 5480 375 5536; x_wconf 79' lang='grc' dir='ltr'>διὰ</span> <span class='ocrx_word' id='word_1_919' title='bbox 394 5487 544 5534; x_wconf 89' lang='grc' dir='ltr'>τοῦτο</span> <span class='ocrx_word' id='word_1_920' title='bbox 566 5479 802 5533; x_wconf 79' lang='grc' dir='ltr'>ἐλάττονα</span> <span class='ocrx_word' id='word_1_921' title='bbox 822 5480 972 5532; x_wconf 82' lang='grc' dir='ltr'>αὑτὸν</span> <span class='ocrx_word' id='word_1_922' title='bbox 997 5474 1122 5533; x_wconf 81' lang='grc' dir='ltr'>εἶναι</span> <span class='ocrx_word' id='word_1_923' title='bbox 1149 5477 1573 5534; x_wconf 81' lang='grc' dir='ltr'>διαϐεϐαιοῦνται·</span> <span class='ocrx_word' id='word_1_924' title='bbox 1599 5481 1726 5548; x_wconf 75' lang='grc' dir='ltr'>ὑμεῖς</span> 
     </span>
    </p>
   </div>
   <div class='ocr_carea' id='block_1_112' title="bbox 1832 5474 3402 5564">
    <p class='ocr_par' dir='ltr' id='par_1_112' title="bbox 1848 5475 3402 5564">
     <span class='ocr_line' id='line_1_112' title="bbox 1848 5475 3402 5564; baseline 0.01 -33"><span class='ocrx_word' id='word_1_925' title='bbox 1848 5477 2149 5531; x_wconf 76' lang='lat' dir='ltr'><strong>stantialem</strong></span> <span class='ocrx_word' id='word_1_926' title='bbox 2179 5475 2664 5564; x_wconf 45' lang='lat' dir='ltr'><strong>esse.inﬁciantur,</strong></span> <span class='ocrx_word' id='word_1_927' title='bbox 2696 5481 2947 5549; x_wconf 90' lang='lat' dir='ltr'><strong>aiuntque</strong></span> <span class='ocrx_word' id='word_1_928' title='bbox 2975 5494 3255 5555; x_wconf 81' lang='lat' dir='ltr'><strong>prapterea</strong></span> <span class='ocrx_word' id='word_1_929' title='bbox 3284 5503 3402 5545; x_wconf 87' lang='lat' dir='ltr'><strong>esse</strong></span> 
     </span>
    </p>
   </div>
   <div class='ocr_carea' id='block_1_113' title="bbox 1845 5567 3402 5648">
    <p class='ocr_par' dir='ltr' id='par_1_113' title="bbox 1845 5567 3402 5648">
     <span class='ocr_line' id='line_1_113' title="bbox 1845 5567 3402 5648; baseline 0.01 -28"><span class='ocrx_word' id='word_1_930' title='bbox 1845 5567 2014 5635; x_wconf 86' lang='lat' dir='ltr'><strong>ipsum</strong></span> <span class='ocrx_word' id='word_1_931' title='bbox 2060 5568 2219 5621; x_wconf 79' lang='lat' dir='ltr'><strong>l‘atre</strong></span> <span class='ocrx_word' id='word_1_932' title='bbox 2244 5568 2533 5621; x_wconf 79' lang='lat' dir='ltr'><strong>minorem:</strong></span> <span class='ocrx_word' id='word_1_933' title='bbox 2561 5585 2658 5625; x_wconf 86' lang='lat' dir='ltr'><strong>vos</strong></span> <span class='ocrx_word' id='word_1_934' title='bbox 2686 5584 2862 5626; x_wconf 79' lang='lat' dir='ltr'><strong>autem</strong></span> <span class='ocrx_word' id='word_1_935' title='bbox 2897 5573 3052 5630; x_wconf 82' lang='lat' dir='ltr'><strong>fateri</strong></span> <span class='ocrx_word' id='word_1_936' title='bbox 3095 5587 3402 5648; x_wconf 86' lang='lat' dir='ltr'><strong>renuentes,</strong></span> 
     </span>
    </p>
   </div>
   <div class='ocr_carea' id='block_1_114' title="bbox 1845 5658 3397 5727">
    <p class='ocr_par' dir='ltr' id='par_1_114' title="bbox 1845 5658 3397 5727">
     <span class='ocr_line' id='line_1_114' title="bbox 1845 5658 3397 5727; baseline 0.009 -16"><span class='ocrx_word' id='word_1_937' title='bbox 1845 5658 2060 5712; x_wconf 87' lang='lat' dir='ltr'><strong>humilia</strong></span> <span class='ocrx_word' id='word_1_938' title='bbox 2090 5659 2203 5713; x_wconf 73' lang='lat' dir='ltr'><strong>hmc</strong></span> <span class='ocrx_word' id='word_1_939' title='bbox 2229 5659 2365 5713; x_wconf 89' lang='lat' dir='ltr'><strong>dicta</strong></span> <span class='ocrx_word' id='word_1_940' title='bbox 2391 5658 2456 5713; x_wconf 88' lang='lat' dir='ltr'><strong>de</strong></span> <span class='ocrx_word' id='word_1_941' title='bbox 2482 5659 2755 5717; x_wconf 88' lang='lat' dir='ltr'><strong>incarnato</strong></span> <span class='ocrx_word' id='word_1_942' title='bbox 2784 5662 2877 5727; x_wconf 82' lang='lat' dir='ltr'><strong>Dei</strong></span> <span class='ocrx_word' id='word_1_943' title='bbox 2906 5664 3082 5723; x_wconf 85' lang='lat' dir='ltr'><strong>Verbo</strong></span> <span class='ocrx_word' id='word_1_944' title='bbox 3106 5685 3222 5725; x_wconf 89' lang='lat' dir='ltr'><strong>esse</strong></span> <span class='ocrx_word' id='word_1_945' title='bbox 3248 5671 3397 5725; x_wconf 76' lang='lat' dir='ltr'><strong>intel-</strong></span> 
     </span>
    </p>
   </div>
   <div class='ocr_carea' id='block_1_115' title="bbox 1847 5749 3403 5825">
    <p class='ocr_par' dir='ltr' id='par_1_115' title="bbox 1847 5749 3403 5825">
     <span class='ocr_line' id='line_1_115' title="bbox 1847 5749 3403 5825; baseline 0.004 -23"><span class='ocrx_word' id='word_1_946' title='bbox 1847 5750 2072 5818; x_wconf 74' lang='lat' dir='ltr'><strong>ligenda,</strong></span> <span class='ocrx_word' id='word_1_947' title='bbox 2119 5765 2309 5806; x_wconf 79' lang='lat' dir='ltr'><strong>novam</strong></span> <span class='ocrx_word' id='word_1_948' title='bbox 2363 5749 2613 5806; x_wconf 85' lang='lat' dir='ltr'><strong>invehitis</strong></span> <span class='ocrx_word' id='word_1_949' title='bbox 2667 5752 2720 5808; x_wconf 88' lang='lat' dir='ltr'><strong>in</strong></span> <span class='ocrx_word' id='word_1_950' title='bbox 2775 5753 3038 5811; x_wconf 86' lang='lat' dir='ltr'><strong>Trinitate</strong></span> <span class='ocrx_word' id='word_1_951' title='bbox 3092 5774 3403 5825; x_wconf 84' lang='lat' dir='ltr'><strong>personam,</strong></span> 
     </span>
    </p>
   </div>
   <div class='ocr_carea' id='block_1_116' title="bbox 3040 5860 3115 5920">
    <p class='ocr_par' dir='ltr' id='par_1_116' title="bbox 3040 5860 3115 5920">
     <span class='ocr_line' id='line_1_116' title="bbox 3040 5860 3115 5920; baseline 0 0"><span class='ocrx_word' id='word_1_952' title='bbox 3040 5860 3115 5920; x_wconf 54' lang='lat'><strong>3-5</strong></span> 
     </span>
    </p>
   </div>
   <div class='ocr_carea' id='block_1_117' title="bbox 140 5566 1740 5645">
    <p class='ocr_par' dir='ltr' id='par_1_117' title="bbox 140 5566 1740 5645">
     <span class='ocr_line' id='line_1_117' title="bbox 140 5566 1740 5645; baseline -0.001 -22"><span class='ocrx_word' id='word_1_953' title='bbox 140 5575 208 5632; x_wconf 70' lang='grc' dir='ltr'><strong><em>δὲ</em></strong></span> <span class='ocrx_word' id='word_1_954' title='bbox 239 5578 326 5640; x_wconf 73' lang='grc' dir='ltr'><strong>μή</strong></span> <span class='ocrx_word' id='word_1_955' title='bbox 358 5571 576 5631; x_wconf 87' lang='grc' dir='ltr'>θέλοντες</span> <span class='ocrx_word' id='word_1_956' title='bbox 600 5572 717 5642; x_wconf 81' lang='grc' dir='ltr'>περὶ</span> <span class='ocrx_word' id='word_1_957' title='bbox 749 5574 838 5623; x_wconf 84' lang='grc' dir='ltr'><strong>τοῦ</strong></span> <span class='ocrx_word' id='word_1_958' title='bbox 864 5571 1203 5645; x_wconf 79' lang='grc' dir='ltr'>σαρκωθέντος</span> <span class='ocrx_word' id='word_1_959' title='bbox 1238 5576 1366 5624; x_wconf 86' lang='grc' dir='ltr'>Θεοῦ</span> <span class='ocrx_word' id='word_1_960' title='bbox 1385 5569 1532 5641; x_wconf 83' lang='grc' dir='ltr'>λόγου</span> <span class='ocrx_word' id='word_1_961' title='bbox 1560 5568 1623 5622; x_wconf 81' lang='grc' dir='ltr'>τὰ</span> <span class='ocrx_word' id='word_1_962' title='bbox 1650 5566 1740 5622; x_wconf 66' lang='grc' dir='ltr'>τοι·</span> 
     </span>
    </p>
   </div>
   <div class='ocr_carea' id='block_1_118' title="bbox 139 5660 1740 5740">
    <p class='ocr_par' dir='ltr' id='par_1_118' title="bbox 139 5660 1740 5740">
     <span class='ocr_line' id='line_1_118' title="bbox 139 5660 1740 5740; baseline 0 -18"><span class='ocrx_word' id='word_1_963' title='bbox 139 5664 322 5726; x_wconf 69' lang='grc' dir='ltr'>πει·δά</span> <span class='ocrx_word' id='word_1_964' title='bbox 351 5660 600 5727; x_wconf 80' lang='grc' dir='ltr'>δέξασθαι,</span> <span class='ocrx_word' id='word_1_965' title='bbox 627 5660 743 5717; x_wconf 74' lang='grc' dir='ltr'>ἄλλο</span> <span class='ocrx_word' id='word_1_966' title='bbox 765 5664 1036 5740; x_wconf 86' lang='grc' dir='ltr'>πρόσωπον</span> <span class='ocrx_word' id='word_1_967' title='bbox 1058 5674 1120 5739; x_wconf 79' lang='grc' dir='ltr'><strong>τῇ</strong></span> <span class='ocrx_word' id='word_1_968' title='bbox 1144 5664 1308 5739; x_wconf 77' lang='grc' dir='ltr'>τριάδι</span> <span class='ocrx_word' id='word_1_969' title='bbox 1344 5668 1568 5736; x_wconf 77' lang='grc' dir='ltr'>εἰσάγετε</span> <span class='ocrx_word' id='word_1_970' title='bbox 1609 5671 1740 5722; x_wconf 83' lang='grc' dir='ltr'>κατὰ</span> 
     </span>
    </p>
   </div>
   <div class='ocr_carea' id='block_1_119' title="bbox 142 5751 1741 5828">
    <p class='ocr_par' dir='ltr' id='par_1_119' title="bbox 142 5751 1741 5828">
     <span class='ocr_line' id='line_1_119' title="bbox 142 5751 1741 5828; baseline -0.001 -21"><span class='ocrx_word' id='word_1_971' title='bbox 142 5762 254 5818; x_wconf 73' lang='grc' dir='ltr'><strong>τὴν</strong></span> <span class='ocrx_word' id='word_1_972' title='bbox 286 5751 555 5828; x_wconf 78' lang='grc' dir='ltr'>Θεοδώρου</span> <span class='ocrx_word' id='word_1_973' title='bbox 583 5755 669 5807; x_wconf 71' lang='grc' dir='ltr'><strong>καί</strong></span> <span class='ocrx_word' id='word_1_974' title='bbox 694 5755 963 5827; x_wconf 79' lang='grc' dir='ltr'>Νεστορίου</span> <span class='ocrx_word' id='word_1_975' title='bbox 999 5754 1319 5810; x_wconf 76' lang='grc' dir='ltr'>δυσσέϐειαν.</span> <span class='ocrx_word' id='word_1_976' title='bbox 1343 5752 1459 5807; x_wconf 77' lang='grc' dir='ltr'>Ἀλλ’</span> <span class='ocrx_word' id='word_1_977' title='bbox 1489 5756 1627 5813; x_wconf 60' lang='grc' dir='ltr'><strong>ἀπε-’ς</strong></span> <span class='ocrx_word' id='word_1_978' title='bbox 1657 5756 1741 5807; x_wconf 76' lang='grc' dir='ltr'>καὶ</span> 
     </span>
    </p>
   </div>
   <div class='ocr_carea' id='block_1_120' title="bbox 474 5857 1313 5924">
    <p class='ocr_par' dir='ltr' id='par_1_120' title="bbox 474 5857 1313 5924">
     <span class='ocr_line' id='line_1_120' title="bbox 474 5857 1313 5924; baseline -0.005 -1"><span class='ocrx_word' id='word_1_979' title='bbox 474 5862 749 5923; x_wconf 68' lang='grc' dir='ltr'>ΡΑτιιοι..</span> <span class='ocrx_word' id='word_1_980' title='bbox 798 5860 913 5924; x_wconf 80' lang='lat' dir='ltr'><strong>Gtt.</strong></span> <span class='ocrx_word' id='word_1_981' title='bbox 965 5857 1313 5922; x_wconf 72' lang='lat' dir='ltr'><strong>LXXXVI.</strong></span> 
     </span>
    </p>
   </div>
  </div>
