3958 6288
595 290 728 353 1067

1899 292 2333 354 JUSTINIANI
2375 292 2530 352 1MP.

3741 294 3860 364 1ἀΰ3

611 408 676 464 τά
696 408 880 479 ὑψηλὰ,
905 409 985 463 καί
1009 407 1072 460 τὰ
1091 407 1294 461 ταπεινά
1323 406 1440 480 περί
1466 405 1600 469 ένὸς,
1634 406 1716 458 καί
1740 411 1828 458 τοῦ
1857 409 2014 458 αὑτοῦ
2044 412 2166 460 Θεοῦ

2280 403 2541 458 Theodori
2557 403 2893 474 Nestoriique
2915 408 3205 475 probantes
3227 409 3568 480 impietatem
3624 428 3736 468 nos
3753 431 3861 472 vero

610 497 754 568 λόγου
783 505 872 552 τοῦ
896 497 1258 567 σαρκωθέντος,
1287 501 1376 549 τοῦ
1407 498 1581 568 κυρίου
1608 497 1744 566 ἡμῶν
1763 492 1926 551 Ἰησοῦ
1946 501 2170 570 Χριστοῦ

609 591 859 661 λέγοντες,
900 583 1016 641 οῦτε
1064 587 1362 657 σύγχυσιν,
1410 582 1523 639 οὔτε
1569 583 1804 661 διαίρεσιν
1846 591 1937 638 τῶν
1975 585 2174 656 φύσεων

607 675 903 751 εἰσάγομεν,
934 677 984 739 ἐξ
1009 671 1074 728 ὧν
1113 681 1200 733 τὴν
1225 677 1343 744 μίαν
1373 675 1604 728 σύνθετον
1632 674 1917 728 ὑπόστασιν
1953 680 2044 728 τοῦ
2082 695 2172 727 κυ-

604 770 716 843 ρίου
745 769 830 821 καί
851 771 978 821 Θεοῦ
1003 767 1140 835 ἡμῶν
1164 762 1326 822 ἰησοῦ
1353 769 1576 840 Χριστοῦ
1600 763 1950 835 ὁμολογοῦμεν,
1975 762 2088 820 οῗτε
2119 764 2172 819 δὲ

605 860 843 931 τέταρτον
861 858 1134 932 πρόσωπον
1157 857 1488 928 έπεισάγομεν
1515 864 1577 932 τῇ
1605 855 1724 931 ἁγίᾳ
1743 854 1928 932 τριάδι.

671 1037 785 1096 Ὀτι
815 1041 867 1096 δέ
897 1047 1014 1117 περί
1046 1049 1134 1097 τοῦ
1167 1045 1458 1113 μονογενοῦς
1480 1045 1606 1094 Θεοῦ
1631 1038 1792 1106 Λόγου
1828 1036 2164 1108 σαρκωθέντος

605 1135 732 1188 καθά
751 1137 1048 1205 προείρηται
1062 1135 1136 1198 τὸ,
1155 1151 1174 1183 ε
1192 1131 1507 1191 Ἠλάττωσας
1519 1130 1668 1182 αὐτὸν
1678 1127 1859 1200 βραχύ
1877 1147 1926 1180 τι
1942 1126 2162 1196 παρ’άγ-

601 1207 777 1284 γελους
799 1230 816 1261 ε
849 1216 1152 1286 γέγραπται,
1180 1215 1265 1266 καί
1289 1213 1331 1264 οἱ
1365 1213 1498 1284 ἅγιοι
1530 1215 1744 1290 πατέρες
1779 1215 1861 1266 καί
1884 1213 2174 1268 διδάσκαλοι

599 1309 691 1361 τῆς
714 1301 1012 1368 ἐκκλησίας,
1039 1303 1084 1354 οἱ
1109 1303 1204 1360 τὰς
1241 1301 1388 1375 ἁγίοις
1415 1303 1607 1374 γραφάς
1629 1303 2045 1375 ἑρμηνεύσαντες,
2074 1301 2176 1367 ἐδί-

603 1393 759 1458 δαξαν
787 1396 940 1468 ἡμᾶς.
969 1397 1063 1447 Καὶ
1087 1392 1111 1446 6
1135 1395 1185 1446 ἓν
1215 1392 1372 1464 ἁγίοις
1397 1395 1487 1462 μὲν
1509 1393 1738 1468 Κύριλλος
1766 1395 1817 1447 ἐν
1847 1404 1906 1466 τῇ
1933 1397 2062 1468 πρὸς
2089 1400 2180 1456 τήν

601 1483 837 1539 Βασιλίδα
885 1485 1120 1556 ἐπιστολῇ
1163 1483 1322 1544 οὕτως
1367 1480 1500 1538 εἶπεν
1519 1498 1534 1514 ⁶
1573 1501 1591 1534 ε
1622 1491 1726 1543 Πῶς
1763 1479 1848 1539 οὖν
1891 1487 2175 1543 ἠλάττωται

600 1576 744 1644 παρά
771 1576 892 1633 τοὺς
911 1574 1146 1646 ἀγγέλους
1170 1572 1197 1628 6
1227 1573 1348 1648 παρ’
1364 1576 1532 1630 αὐτῶν
1559 1575 2025 1653 προσκυνούμενος;
2051 1579 2174 1634 ἀλλά

601 1666 716 1723 ἔστι
745 1675 903 1740 σαφής
929 1673 960 1730 ἠ
988 1673 1260 1747 πρόφασις.
1283 1675 1536 1727 Καθείκετο
1564 1669 1654 1746 [F.
1680 1671 1974 1744 κατείχετο]
1999 1677 2099 1750 γάρ
2127 1677 2174 1728 έν

599 1765 706 1816 τοῖς
727 1765 819 1818 τῆς
842 1761 1220 1832 ἀνθρωπότητος
1246 1765 1468 1836 μέτροις’
1485 1763 1644 1818 καὶτὸ
1665 1764 1989 1822 ἀποθνήσκειν
2013 1785 2173 1836 πεφυ-

599 1848 684 1906 κός
715 1856 864 1918 σῶμα
887 1849 1074 1915 λαϐὼν,
1111 1850 1234 1906 ἴδιόν
1277 1873 1332 1906 τε
1369 1854 1490 1908 αὐτὸ
1531 1857 1899 1926 ποιησάμενος,
1944 1856 1995 1908 έν
2041 1858 2176 1930 αὐτῷ

597 1939 830 1992 πέπονθεν
845 1939 990 2002 έκών,
1006 1944 1082 1994 καὶ
1105 1949 1214 2000 ταῖς
1232 1943 1468 1998 ἀνωτάτω
1486 1941 1652 2006 δόξα-ς
1673 1950 2003 2016 στεφανοῦται
2017 1943 2101 2000 διὰ
2122 1949 2178 2002 τὸ

596 2027 778 2093 πάθος,
795 2029 862 2088 ὡς
884 2027 950 2083 δι’
977 2031 1132 2084 αὐτοῦ
1158 2033 1489 2106 καταργήσας
1509 2033 1592 2086 τόν
1613 2033 1822 2088 θάνατον
1837 2077 1851 2102 ,
1871 2037 1956 2089 καί
1980 2031 2178 2112 ἄπρακ-

596 2137 678 2170 τον
703 2119 961 2192 ἀποφήνας
989 2123 1078 2177 τήν
1102 2121 1280 2192 φθοράν
1297 2135 1312 2150 ⁶
1333 2117 1421 2175 ἅτε
1445 2118 1504 2178 δή
1533 2123 1618 2174 καί
1647 2121 1902 2198 ὑπάρχων
1925 2125 2178 2200 ἀφθαρσία

597 2212 681 2261 ναὶ
707 2212 830 2272 ζωή.
859 2205 978 2264 Ὀτε
1023 2205 1082 2263 ἂν
1123 2206 1209 2264 οὖν
1245 2211 1437 2270 Ἰησοῦν
1468 2213 1708 2284 ὀνομάζῃ,
1743 2217 1826 2268 καί
1861 2215 2178 2273 ἠλαττῶσθαι

596 2295 728 2370 λέγοι
749 2299 891 2372 παρά
915 2301 1036 2358 τοὺς
1062 2301 1300 2372 ἀγγέλους
1325 2303 1493 2366 αὐτὸν,
1509 2305 1600 2357 οὐκ
1623 2301 1883 2378 ἄνθρωπον
1911 2308 2007 2361 άνά
2025 2309 2176 2382 μέρος

594 2390 680 2442 καί
705 2387 907 2453 ὶδικῶς,
957 2387 1060 2443 ἀλλ’
1085 2388 1237 2446 αὑτὸν
1269 2397 1471 2462 νοοῦμεν
1509 2394 1596 2448 τόν
1634 2403 1875 2465 μονογενῆ
1913 2417 2176 2471 παραχω-

598 2485 782 2551 ροῦντα
821 2480 880 2535 τὸ
918 2477 1174 2556 προῦχειν
1213 2485 1528 2553 ο”κονομικῶς
1573 2492 1685 2545 τοῖς
1727 2485 1888 2558 ἁγίοις
1931 2489 2175 2559 ἀγγέλοις,

597 2569 676 2654 ὅτι
718 2573 851 2626 κατά
921 2573 1150 2631 ἀλήθειαν
1201 2575 1398 2646 γέγονεν
1459 2571 1720 2652 ἅνθρωπος
1772 2577 1800 2634 6
1844 2585 1936 2640 τῆς
1983 2581 2178 2636 ἐκείνων

599 2662 865 2736 ὑπεροχῆς
906 2667 1186 2734 ἡττώμενος
1213 2681 1225 2694 '
1265 2668 1330 2720 τά
1367 2665 1418 2720 δέ
1452 2675 1544 2728 τῆς
1579 2669 1846 2743 ὑπεροχῆς
1882 2679 1995 2732 τοῖς
2022 2671 2182 2744 ἁγίοις

604 2751 850 2823 ἀγγέλοις,
875 2751 954 2808 ὅτι
977 2757 1057 2807 καί
1088 2751 1188 2819 ἔξω
1216 2757 1404 2832 σαρκός
1431 2761 1510 2812 καί
1538 2765 1630 2814 τοῦ
1661 2763 1888 2816 τεθνάναι
1915 2765 2178 2837 κρείττους

597 2843 752 2906 εἰσίν,
783 2842 1046 2915 γεγονότος
1070 2847 1120 2899 έν
1145 2844 1348 2908 τούτοις
1369 2855 1460 2904 τοῦ
1482 2851 1592 2904 υίοῡ
1619 2849 1702 2906 διά
1729 2859 1820 2912 τήν
1851 2853 2072 2910 ίκοῦσιον
2097 2859 2178 2910 κέ·

489 2936 496 2944 ’
589 2951 768 2989 ’νωσιν.
799 2935 920 2990 ’Δλλ’
946 2935 972 2992 ό
1007 2938 1190 3010 βραχύ
1218 2942 1342 3016 παρ’
1371 2943 1612 3016 ἀγγέλους
1636 2945 1982 3017 ἡλοιττωμένος
2011 2946 2092 3002 διά
2121 2949 2180 3004 τό

599 3029 688 3081 τῆς
715 3023 1100 3098 άνθρωπότητος
1125 3031 1310 3103 μέτρον
1338 3030 1388 3084 έν
1407 3031 1648 3108 ὑπεροχῇ
1676 3035 1907 3096 θεότητος
1927 3035 1992 3090 ὢν
2015 3059 2179 3112 προσ-

600 3119 817 3168 κυνεῖται
841 3114 968 3190 παρ’
991 3118 1169 3182 αὐτῶν,
1195 3123 1278 3172 καί
1301 3119 1555 3195 ένίδρυται
1585 3126 1759 3184 θώκοις
1783 3123 1869 3185 οὓς
1905 3135 2174 3198 περιιστᾶ-

599 3221 678 3254 σιν
711 3203 891 3258 ἐκεῖνοι
919 3203 1294 3278 δοξολογοῦντες
1331 3211 1438 3274 άεί,
1481 3215 1690 3268 καὶτῶν
1727 3213 1987 3287 δυνάμεων
2021 3219 2170 3272 αὐτόν

598 3291 920 3362 ’ὀνομάζοντες
957 3299 1142 3370 κύριον.
1177 3315 1194 3347 ι
1223 3294 1338 3354 Ὀτι
1374 3298 1427 3354 δέ
1464 3303 1546 3356 καί
1583 3303 1614 3360 ἡ
1643 3303 1847 3365 κένωσις
1887 3307 2039 3360 αὐτοῦ
2081 3315 2172 3363 τοῦ

597 3385 728 3434 Θεοῦ
747 3381 898 3452 λόγου
925 3385 1268 3456 σαρκωθέντος
1291 3387 1447 3451 ἐστίν,
1471 3387 1496 3442 6
1518 3391 1673 3450 αὐτὸς
1692 3392 1741 3444 έν
1761 3391 1920 3465 ἁγίοις
1944 3395 2179 3471 Κύριλλος

599 3471 648 3523 έν
674 3479 781 3530 τοῖς
807 3472 932 3550 πρὸς
972 3477 1066 3534 τάς
1104 3477 1418 3554 ἀντιρρήσεις
1453 3479 1768 3558 Θεοδωρίτου
1794 3494 2084 3558 γραφεῖσιν,
2117 3487 2178 3549 ἃς

602 3563 880 3621 ἐποιήσατο
906 3565 932 3619 ὁ
961 3567 1110 3628 αὐτὸς
1137 3567 1446 3640 Θεοδώριτος
1477 3574 1602 3626 κατὰ
1626 3581 1718 3628 τοῦ
1743 3577 1986 3652 τετάρτου
2014 3581 2172 3635 αὐτοῦ

601 3653 858 3726 κετοιλχίου
888 3656 1049 3718 οὕτως
1075 3659 1224 3731 λέγει·
1249 3679 1268 3711 ε
1289 3657 1404 3715 Ὀτι
1433 3666 1522 3734 μὲν
1547 3668 1738 3740 σμικρά
1763 3675 1836 3738 τῷ
1861 3669 1914 3721 έκ
1935 3675 2020 3725 τοῦ
2047 3678 2175 3724 Θεοῦ

601 3745 742 3812 φύντι
779 3744 910 3818 λόγῳ
938 3749 1109 3802 πάντα
1154 3751 1266 3805 ἐστὶ
1313 3753 1378 3806 τὰ
1415 3753 1702 3840 ἀνθρώπινα
1750 3760 1896 3828 φαίην
1935 3753 1992 3811 ἂν
2037 3756 2176 3814 ὄκνου

599 3829 733 3902 δίχα
779 3835 987 3895 παντός.
1032 3846 1176 3896 Ζητῶ
1219 3837 1274 3894 δέ
1302 3845 1391 3899 τήν
1432 3829 1637 3898 κένωσιν
1679 3847 1808 3906 τίνος
1858 3842 1916 3900 ἂν
1955 3848 2185 3920 γενέσθαι

601 3928 773 3978 νοοῖτο·
807 3929 888 3979 καί
921 3929 997 3988 τίς
1027 3928 1054 3982 6
1093 3937 1244 3984 τοῦτο
1269 3933 1442 3986 παθὼν
1479 3933 1719 3994 ἑκουσίως
1769 3937 1825 3988 Εἰ
1851 3938 1940 4006 μὲν
1963 3939 2082 4014 γάρ,
2111 3941 2180 3998 ὡς

601 4013 741 4068 αὐτοί
765 4035 936 4086 φασιν,
965 4019 996 4076 ἡ
1017 4024 1106 4074 τοῦ
1141 4017 1319 4074 δούλου
1347 4028 1536 4096 μορφὴ,
1561 4022 1676 4082 ἦτοι
1708 4026 1766 4078 τὸ
1803 4025 1858 4088 έκ
1883 4013 2177 4100 σπέρματος

602 4103 894 4168 Δαϐίδιπῶς
927 4107 958 4167 ἦ
981 4111 1095 4164 τίνα
1119 4113 1378 4168 κεκένωται
1405 4113 1589 4190 τρόπον
1615 4117 1659 4170 εί
1685 4118 2001 4188 προσελήφθη
2027 4121 2173 4192 παρά

600 4202 757 4262 Θεοῦ;
784 4201 840 4252 Ei
863 4197 917 4253 δὲ
951 4201 1103 4260 αὐτὸς
1130 4200 1156 4256 6
1195 4204 1246 4256 ἐν
1277 4211 1440 4280 μορφῇ
1469 4207 1557 4280 καί
1585 4205 1780 4264 ἰσότητι
1818 4213 1907 4261 τοῦ
1937 4213 2062 4261 Θεοῦ
2091 4211 2176 4262 καί

600 4289 800 4362 πατρὸς
819 4289 1074 4360 ὑπάρχων
1097 4291 1262 4363 λόγος,
1291 4293 1469 4348 ἑαυτὸν
1496 4301 1708 4349 κενῶσαι
1733 4295 1949 4369 λέγεται,
1979 4303 2088 4356 πῶς
2113 4295 2174 4357 δή

2271 501 2522 580 humiles,
2547 501 2686 556 haud
2709 517 2866 558 secus
2887 517 3048 573 atque
3061 495 3321 562 sublimes
3334 510 3656 566 sententias
3673 511 3745 566 de
3767 529 3856 570 uno
3920 549 3921 572 ι

2275 590 2574 659 eodemque
2586 591 2694 646 Deo
2707 591 2885 648 Verbo
2899 592 3201 661 incarnato,
3214 611 3278 651 ac
3289 597 3518 655 Domino
3531 599 3855 659 nostr-olant
3919 589 3921 668 (

2277 679 2492 736 Christo
2520 691 2870 750 exponentes,
2882 685 3253 740 confusionem
3272 687 3720 762 divisionemque
3737 697 3852 762 pati-

2279 779 2358 824 ter
2372 769 2598 825 vitamus
2615 778 3017 838 naturarum,ex
3027 775 3221 843 quibus
3236 777 3443 831 unicam
3457 779 3564 834 Dei
3581 795 3657 836 ac
3665 781 3850 838 Domini

2277 859 2446 914 nostri
2463 859 2591 915 Jesu
2606 859 2802 916 Christi
2827 865 3076 918 constitui
3098 856 3496 924 subsistentiam
3516 873 3847 930 conﬁtemur.

2279 963 2452 1018 neque
2463 957 2708 1017 quartam
2727 949 3028 1008 inducimus
3049 968 3334 1023 personam
3363 967 3578 1013 sanctae
3601 959 3844 1015 Trinitau'.

2352 1035 2548 1090 Verum
2589 1039 2763 1093 sancti
2804 1054 3021 1110 quoque
3048 1040 3254 1111 Patres,
3279 1053 3445 1113 atque
3470 1044 3746 1102 Ecclesia:
3768 1048 3848 1101 do-

2279 1134 2477 1192 ctores,
2509 1142 2690 1183 sacras
2729 1109 3064 1200 exponentes
3101 1131 3325 1199 litteras,
3355 1149 3482 1188 eum
3504 1133 3848 1190 locuntuili-

2283 1213 2445 1270 nuisti
2465 1229 2586 1268 eum
2609 1216 2771 1285 paulo
2791 1217 2966 1273 minus
2993 1219 3060 1274 ab
3079 1221 3303 1288 angelis:
3326 1239 3345 1274 ι
3364 1221 3520 1291 juxta
3533 1236 3610 1278 ea
3636 1238 3755 1294 qua:
3775 1242 3846 1280 su—

2280 1297 2462 1373 perius
2487 1303 2756 1373 disputata
2785 1315 2910 1361 sunt
2935 1305 3003 1364 dc
3029 1309 3302 1379 unigenito
3331 1310 3444 1366 Deo
3475 1312 3668 1369 Verbo
3691 1315 3843 1370 incar-

2283 1401 2408 1448 nato
2447 1393 2650 1448 dictum
2688 1409 2808 1450 esse
2838 1395 3159 1453 docuerunt.
3182 1399 3416 1456 Sanctus
3459 1403 3616 1458 enim
3643 1404 3842 1477 Cyl-illus
3920 1415 3921 1488 ξ

2280 1483 2332 1537 in
2357 1484 2580 1554 epistola
2606 1485 2672 1539 ad
2699 1485 2982 1542 Basilidem
3009 1488 3126 1544 haec
3148 1489 3310 1544 habet
3335 1509 3347 1543 :
3399 1509 3418 1543 ι
3447 1491 3740 1558 Quomodo
3763 1496 3842 1562 isi-

2281 1583 2368 1628 tur
2392 1575 2596 1643 angelis
2622 1584 2704 1630 est
2727 1577 3046 1644 minoratus,
3071 1578 3162 1648 qui
3188 1579 3256 1634 ab
3277 1579 3404 1650 ipsis
3433 1581 3735 1638 adorator?
3755 1584 3840 1639 Sed

2279 1664 2498 1720 evidens
2541 1673 2624 1720 est
2667 1665 2782 1722 haec
2828 1681 3011 1734 causa.
3041 1667 3207 1724 Sedet
3233 1671 3376 1724 enim
3419 1671 3477 1725 in
3509 1661 3841 1729 humanitatis
3919 1683 3922 1768 ί

2281 1755 2606 1852 conditione,
2637 1764 2694 1812 et
2734 1771 2965 1826 corpore
3010 1761 3228 1844 mortali
3281 1761 3422 1831 quod
3464 1776 3840 1836 assumpsent,

2281 1844 2490 1914 sibique
2513 1844 2716 1900 fecerat
2738 1847 3048 1916 proprium:
3077 1849 3132 1902 in
3159 1864 3227 1905 eo
3250 1851 3437 1906 volens
3459 1867 3662 1920 passus
3687 1863 3780 1922 est,
3799 1867 3839 1909 et

2281 1950 2526 2004 suprema
2564 1935 2734 2004 gloria
2777 1947 3000 2008 propter
3035 1939 3338 2008 passionem
3365 1950 3691 2008 coronatur,
3718 1944 3838 2012 quod

2282 2039 2380 2094 per
2401 2025 2570 2095 ipsam
2617 2027 2912 2082 aboleverit
2959 2037 3206 2094 mortem,
3256 2036 3311 2083 et
3347 2031 3637 2085 sustulerit
3681 2047 3835 2086 corni-

2283 2105 2540 2185 ptionem,
2571 2116 2807 2172 existens
2837 2118 2953 2188 ipse
2993 2118 3101 2172 vita
3131 2125 3188 2173 et
3232 2119 3594 2188 incorruptio.
3641 2117 3836 2186 Quando

2282 2207 2466 2276 itaque
2487 2205 2668 2262 Jesum
2696 2208 2957 2273 nominat,
2979 2217 3034 2263 et
3054 2209 3227 2278 ipsum
3254 2208 3466 2278 angelis
3481 2224 3609 2264 esse
3636 2210 3841 2264 minora-

2281 2303 2397 2350 tum
2421 2296 2571 2361 dicit,
2603 2312 2712 2352 non
2739 2297 2812 2352 ibi
2841 2298 3114 2353 hominem
3154 2299 3380 2354 seorsim
3426 2307 3486 2354 et
3521 2299 3838 2368 singulariter

2283 2394 2565 2456 acceptum
2609 2387 2974 2456 intelligimus,
3004 2388 3096 2442 sed
3124 2388 3296 2458 ipsum
3325 2387 3525 2443 Filium
3553 2388 3655 2444 Dei
3684 2391 3835 2458 unige-

2284 2474 2454 2530 nitum
2481 2477 2774 2532 secundum
2801 2465 3251 2548 dispensationem
3297 2479 3502 2532 sanctis
3544 2479 3748 2550 angelis
3775 2479 3834 2533 di-

2283 2565 2485 2633 gnitate
2523 2566 2823 2633 cedentem,
2878 2567 3004 2636 quia
3031 2565 3324 2622 secundum
3370 2567 3664 2622 veritatem
3693 2566 3833 2624 facta:

2283 2663 2366 2710 est
2411 2655 2592 2723 homo,
2623 2657 2716 2728 qui
2768 2659 2835 2712 ab
2861 2673 3047 2712 eorum
3088 2657 3376 2713 eminentia
3401 2665 3482 2712 est
3529 2657 3836 2714 m'moratu.
3920 2659 3921 2666 “

2282 2741 2592 2800 Sublimitas
2643 2745 2786 2802 enim
2835 2755 3140 2802 sanctorum
3191 2747 3502 2817 angelorum
3547 2756 3644 2803 est
3709 2757 3835 2806 extra
3920 2757 3921 2790 ί

2279 2847 2494 2889 carnem
2549 2849 2668 2890 esse
2718 2838 2986 2905 mortique
3035 2835 3256 2892 minime
3307 2837 3523 2907 subjici,
3551 2853 3722 2908 quam
3745 2841 3836 2910 ipse
3919 2835 3921 2910 1

2277 2935 2579 2991 voluntaria
2605 2937 2971 2994 exinanitione
3018 2937 3288 3008 suscepit;
3335 2945 3393 2992 et
3437 2938 3535 3006 qni
3562 2953 3754 3008 parum
3781 2939 3839 2992 ab

2282 3025 2484 3094 angelis
2509 3027 2782 3092 minuitur,
2811 3035 3028 3097 propter
3053 3027 3403 3084 humanitatis
3430 3029 3650 3084 scilicet
3673 3029 3836 3085 condi-

2282 3116 2507 3182 tionem,
2531 3117 2585 3171 in
2615 3117 2942 3172 sublimitate
2969 3117 3191 3173 Deitatis
3217 3118 3454 3173 existens
3483 3119 3554 3174 ab
3571 3119 3710 3188 ipsis
3732 3120 3836 3173 ado-

2283 3212 2454 3274 ratur,
2479 3215 2535 3261 et
2571 3205 2626 3260 in
2683 3207 2889 3262 thronis
2939 3207 3108 3274 sedet,
3137 3208 3279 3262 circa
3324 3221 3464 3276 quos
3493 3217 3646 3262 stant
3666 3202 3836 3276 angeli.

2279 3295 2644 3363 gloriﬁcantes
2693 3311 2926 3366 semper,
2957 3297 3236 3366 ipsumque
3267 3296 3556 3351 Dominum
3605 3297 3840 3352 virtutum

2278 3384 2609 3441 incessanter
2653 3386 3066 3456 proclamantes.
3104 3405 3124 3439 ι
3157 3385 3234 3442 De
3279 3385 3472 3442 eadem
3527 3401 3720 3442 rursus
3760 3402 3841 3440 sua

2281 3479 2646 3536 exinanitione
2669 3481 2737 3535 ad
2759 3481 3093 3535 incarnatum
3103 3479 3273 3534 Deum
3291 3479 3523 3534 Verbum
3554 3480 3844 3549 pertinente

2282 3576 2497 3623 constat
2539 3584 2607 3624 ex
2633 3569 2824 3624 eodem
2847 3567 3046 3639 Cyrillo
3076 3568 3131 3622 in
3155 3568 3293 3623 libro
3321 3568 3579 3623 adversus
3608 3568 3835 3624 conlata-

2284 3657 2456 3712 tiones
2505 3656 2848 3722 Theodoreti,
2897 3672 3032 3727 quas
3072 3657 3187 3726 ipse
3215 3656 3342 3712 fecit
3386 3665 3578 3712 contra
3607 3665 3838 3726 quartam

2283 3746 2402 3815 ejus
2425 3747 2732 3816 capitulum.
2772 3765 2790 3799 ε
2826 3746 2976 3812 Quod
3001 3761 3184 3817 parva,
3214 3746 3406 3816 inquit,
3429 3745 3540 3801 sint
3562 3731 3746 3801 oximi:
3767 3747 3836 3801 hu

2287 3851 2446 3892 mana
2461 3836 2634 3892 Verbo
2660 3851 2729 3892 ex
2747 3837 2859 3892 Deo
2902 3845 3026 3891 nato
3055 3837 3258 3904 absque
3285 3851 3437 3890 mora
3461 3837 3592 3904 quin
3619 3838 3839 3893 haeream

2283 3924 2490 3980 dixero.
2522 3925 2714 3991 Quaero
2755 3933 2932 3979 autem
2951 3923 3236 3992 ,cujusdam
3277 3939 3398 3981 esse
3423 3933 3649 3994 putetur
3673 3929 3838 3982 exina-

2283 4014 2437 4078 nitio,
2453 4023 2509 4070 et
2535 4014 2653 4081 quis
2665 4013 2804 4068 hanc
2816 4013 3116 4070 voluntarie
3139 4014 3336 4071 tulerit.
3355 4014 3562 4082 Itaque,
3580 4015 3654 4083 si,
3671 4031 3837 4086 quem-

2279 4113 2562 4168 admodum
2600 4111 2690 4166 alii
2719 4111 2918 4178 dicunt,
2957 4109 3128 4167 forma
3160 4111 3321 4176 servi,
3345 4111 3612 4182 autquod
3663 4123 3749 4170 est
3786 4130 3839 4170 ex

2273 4202 2479 4258 semine
2491 4200 2680 4267 David;
2701 4201 2970 4270 quomodo
2987 4201 3074 4256 vel
3103 4199 3412 4272 quo[Supp.
3429 4201 3637 4274 pacto],
3651 4220 3840 4275 quaso,

2274 4300 2602 4356 exinanitum
2627 4310 2732 4367 est,
2769 4300 2816 4354 si
2844 4314 2874 4354 a
2905 4300 3016 4356 Deo
3043 4306 3374 4368 assumptum
3425 4299 3543 4354 est?
3561 4300 3623 4355 Si
3673 4313 3841 4358 autem

601 4379 749 4435 πάλιν
771 4379 803 4440 ἦ
834 4382 948 4436 τίνοι
971 4383 1161 4456 τρόπον
1189 4385 1483 4451 κεκένωται,
1511 4387 1557 4439 εί
1585 4395 1888 4461 παραιτοῐτο
1914 4395 2003 4448 τὴν
2027 4390 2174 4444 κένω-

2280 4387 2450 4458 ipsum
2472 4388 2724 4455 Verbum,
2739 4389 2880 4458 quod
2903 4390 2959 4444 in
2972 4388 3143 4444 forma
3167 4396 3223 4443 et
3239 4388 3546 4457 aequalitate
3563 4389 3664 4445 Dei
3683 4392 3841 4446 Patris

601 4485 712 4534 σιν;
739 4473 942 4550 κένωσις
979 4470 1032 4526 δέ
1060 4480 1132 4543 τῷ
1160 4483 1267 4544 Θεῷ
1296 4475 1426 4546 λόγῳ
1447 4477 1623 4530 παθεῖν
1651 4478 1738 4530 οὐκ
1765 4476 1918 4534 εἰδότι
1939 4485 2027 4538 τήν
2051 4501 2170 4554 τροο

601 4565 724 4624 πήν,
753 4561 811 4614 τό
857 4559 1050 4634 δράσαι
1084 4585 1134 4618 τι
1161 4567 1240 4616 καί
1284 4566 1442 4618 εἰπεῖν
1477 4572 1574 4620 τῶν
1617 4567 1931 4641 ἀνθρωπίνων
1967 4567 2050 4624 διά
2083 4575 2173 4628 τήν

600 4650 730 4719 πρὸς
757 4649 924 4722 σάρκα
957 4649 1165 4723 σύνοδον
1188 4654 1516 4723 οἰκονομικήν.
1549 4671 1567 4706 ε
1598 4659 1690 4710 Καὶ
1715 4655 1865 4712 πάλιν
1889 4657 1914 4712 ό
1942 4660 2094 4720 αὐτός
2124 4661 2173 4714 έν

602 4736 764 4808 άγίοις
797 4731 1036 4810 supino;
1076 4741 1130 4794 έν
1158 4749 1231 4814 τῷ
1273 4743 1408 4814 αὐτῷ
1449 4743 1626 4814 βιϐλίῳ
1665 4748 1799 4799 κατά
1837 4753 2176 4821 Νεστοριανῶν

600 4825 736 4882 οὕτω
763 4825 1060 4902 λέγειέ’Δρ’
1077 4825 1165 4884 οὖν
1187 4829 1212 4884 ό
1235 4831 1498 4894 θεσπέσιος
1515 4834 1706 4894 Παῦλος
1726 4841 2036 4905 πεφοιινάκικε
2052 4835 2172 4906 (sic)

599 4923 720 4982 τοὺς
750 4923 1083 4994 ἡγιασμένους
1125 4923 1208 4978 διά
1246 4933 1340 4987 τῆς
1385 4927 1608 4986 πίστεως
1646 4929 1988 5001 ἐναργέστατα
2023 4930 2174 5001 λέγων

598 5016 717 5083 περί
754 5019 847 5070 τοῦ
889 5023 1214 5088 μονογενοῦς,
1247 5014 1325 5071 ὅτι
1359 5017 1602 5078 πλούσιος
1643 5015 1709 5070 ὧν
1743 5019 2072 5088 ἐπτώχευσεν
2109 5017 2177 5074 δι’

599 5109 767 5176 ἠμᾶςς
797 5112 867 5178 μῆ
907 5108 1121 5179 γένοιτο⁶
1150 5109 1375 5167 ἀληθεύει
1399 5111 1500 5182 γάρ
1539 5110 1742 5169 πάντως
1775 5117 1866 5169 τῆς
1895 5110 2170 5170 άληθείαςό

597 5197 775 5272 κήρυξ.
806 5194 948 5252 ’Δλλά
973 5203 1071 5272 γὰρ
1109 5199 1186 5256 τίς
1215 5196 1240 5252 6
1278 5198 1516 5258 πλούσιός
1543 5199 1696 5265 ἐστιν,
1725 5202 1810 5254 καὶ
1834 5201 1946 5254 τίνα
1984 5201 2171 5275 τρόπον

599 5285 966 5355 ἐπτώχευσεν;
995 5288 1308 5356 βασανιζέτω
1345 5291 1430 5343 καὶ
1463 5295 1551 5341 νῦν
1589 5287 1616 5342 ό
1653 5289 1800 5361 λόγος
1827 5291 1967 5361 ἡμῖν.
1994 5295 2050 5345 Ei
2085 5295 2174 5360 μέν

599 5376 717 5454 γάρ,
745 5378 870 5445 καθά
896 5380 976 5432 καί
1001 5385 1190 5454 φρονεῖν
1215 5381 1298 5433 καί
1325 5378 1482 5452 λέγειν
1503 5379 1649 5434 αὐτοὶ
1672 5380 2058 5450 τεθαρσήκασιν,
2086 5379 2173 5436 ἄν·

601 5472 802 5549 θρωπος
839 5473 1077 5547 ἀνελήφθη
1121 5474 1262 5550 παρά
1295 5480 1383 5529 τοῦ
1429 5477 1555 5528 Θεοῦ
1573 5513 1589 5538 ,
1628 5479 1738 5532 πῶς
1779 5473 2108 5545 ἐπτώχευσεν
2145 5475 2173 5530 6

603 5567 895 5639 ἀναληφθεὶς
919 5569 1004 5620 καί
1023 5575 1130 5628 τοῖς
1152 5567 1282 5637 ὑπέρ
1307 5566 1456 5636 φύσιν
1490 5566 1764 5635 ἀξιώμασιν
1795 5566 2174 5642 ἐκλελοιμπρυσ-

609 5653 786 5726 ph“;
816 5653 1119 5718 Δεδόξασται
1145 5657 1268 5726 γάρ,
1289 5653 1320 5712 ἧ
1345 5655 1388 5706 εἰ
1406 5657 1476 5723 μή
1501 5651 1650 5706 τοῦτό
1675 5653 1814 5717 ἐστιν
1842 5653 2034 5720 ἀληθές,
2061 5655 2174 5711 διοι-

2277 4479 2480 4547 existit,
2507 4495 2568 4536 se
2593 4481 2765 4550 ipsum
2793 4480 3146 4535 exinanivisse
3173 4479 3402 4546 dicitur;
3431 4481 3739 4548 quomodo,
3769 4483 3840 4537 vel

2277 4584 2385 4638 quo
2401 4578 2558 4639 pacto
2577 4569 2904 4624 exinanitum
2923 4577 3022 4631 est,
3046 4571 3090 4624 si
3111 4569 3364 4624 refutavit
3389 4569 3839 4626 exinanitionen?

2275 4659 2586 4716 Exinanitio
2613 4667 2790 4715 autem
2819 4659 2930 4715 Deo
2955 4660 3132 4714 Verbo
3177 4661 3476 4715 versionem
3510 4661 3630 4729 pati
3673 4662 3839 4717 nescio

2278 4757 2361 4803 est
2387 4747 2562 4804 facere
2582 4764 2647 4804 ac
2679 4749 2862 4804 dicere
2887 4748 3138 4818 quiddam
3178 4748 3466 4803 humanum
3491 4759 3725 4818 propter
3745 4751 3839 4804 dis-

2279 4839 2613 4909 pensativum
2641 4839 2707 4894 ad
2729 4853 2943 4894 carnem
2971 4846 3314 4893 conventum.
3350 4856 3370 4890 ι
3403 4837 3601 4892 lterum
3633 4849 3839 4894 unctus

2229 4947 2232 4950 θ
2277 4925 2507 4999 Cyrillus
2549 4929 2604 4983 in
2632 4929 2822 4984 eodem
2851 4927 2989 4984 libro
3016 4936 3203 4984 contra
3229 4927 3580 4982 Nestorianos
3607 4927 3732 4982 hac
3754 4928 3839 4980 ha-

2277 5017 2400 5073 bet:
2437 5036 2458 5070 ι
2487 5017 2732 5090 Nunquid
2778 5017 2936 5086 igitur
2961 5018 3168 5073 divinus
3192 5015 3387 5072 Paulus
3415 5015 3522 5072 ﬁde
3545 5016 3842 5074 sanctiﬁca-

2277 5117 2363 5163 tos
2391 5107 2620 5174 seduxit,
2643 5109 2920 5178 perspicue
2946 5109 3014 5164 de
3037 5106 3318 5176 Unigenito
3337 5107 3551 5162 dicens:
3577 5107 3726 5163 Cum
3769 5124 3838 5161 es-

2277 5206 2360 5252 set
2403 5197 2570 5262 dives,
2602 5211 2802 5267 egenus
2843 5207 3064 5268 pr0pter
3107 5213 3207 5253 nos
3251 5196 3472 5252 eﬂectns
3510 5199 3640 5252 est?
3679 5197 3840 5252 Absit.

2277 5287 2416 5342 Vera
2443 5303 2674 5359 namque
2693 5289 2912 5344 omnino
2945 5289 3178 5358 loquitur
3201 5287 3458 5344 Veritatis
3481 5301 3698 5358 praeo.
3729 5288 3846 5356 Quis

2276 5389 2420 5443 enim
2439 5397 2522 5444 est
2542 5389 2710 5454 dives,
2725 5396 2780 5444 et
2799 5388 3068 5458 quomodo
3089 5387 3258 5445 factus
3284 5397 3367 5444 est
3383 5403 3586 5458 egenus
3601 5391 3632 5445 ἳ
3657 5391 3724 5446 Si
3743 5391 3845 5460 qui-

2279 5476 2424 5542 dem,
2454 5477 2901 5548 quemadmodum
2945 5477 3144 5533 sentire
3189 5493 3251 5532 ac
3297 5477 3546 5547 proloqui
3583 5481 3716 5534 ausi
3742 5483 3846 5534 sunt

2279 5570 2525 5639 quidam,
2557 5571 2718 5626 homo
2746 5578 3048 5640 assumptus
3091 5577 3171 5626 est
3195 5585 3225 5624 a
3256 5569 3385 5634 Deo,
3409 5569 3702 5638 quomodo
3728 5584 3852 5640 pae-

2279 5675 2374 5729 per
2395 5659 2564 5716 factus
2575 5669 2656 5715 est
2673 5659 3014 5732 derogabitur
3035 5660 3057 5684 ‘
3074 5661 3120 5717 is
3139 5659 3544 5730 quiassumptns
3559 5665 3674 5726 est,
3701 5659 3858 5730 dig-i-

675 5741 697 5762 '
725 5741 1066 5814 Det-ogaer
1084 5740 1494 5812 expungendum
1513 5740 1744 5797 clamant
1765 5750 1939 5802 textus
1959 5745 2176 5805 Graecus
2201 5758 2256 5806 et
2282 5751 2536 5819 syntaxis.
2567 5749 2718 5806 Εοιτ.
