3958 6288
194 333 330 401 1069

939 334 1298 393 EPISTULA
1344 328 1739 391 ADVERSUS
1775 322 2249 390 THEODORUM
2292 317 2706 384 MOPSUEST.

3287 332 3424 389 lUTU

194 465 432 521 ϐίϐληται
471 459 593 533 παρ’
642 459 806 512 αύτῶν
855 458 886 513 ἦ
911 456 917 462 ’
941 454 1182 524 ἀνάληψις
1239 454 1306 512 ὦς
1363 452 1749 523 κατακομίσασα

1858 451 2047 505 latibus
2064 466 2225 520 super
2243 458 2487 504 naturam
2502 446 2802 516 'ellulgens?
2822 460 2940 500 nam
2962 441 3287 513 gloriﬁcatus
3304 455 3407 511 est:

196 555 318 630 πρὸς
344 553 404 608 τὸ
431 558 582 623 μεῖον,
614 552 694 604 καί
720 548 845 622 πρός
867 568 924 619 γε
950 548 1005 601 τὸ
1038 545 1420 618 δυσκλείστερον
1450 548 1507 598 τὸ
1539 552 1629 603 τῆς
1658 545 1747 597 διν·

192 642 505 718 θρωπότητος
539 642 742 713 μέτρον.
771 636 892 691 ’Δλλ’
922 636 1015 691 ὧδε
1066 642 1261 710 φρονεῖν
1306 634 1527 705 ἀπηχίς.
1561 635 1748 687 Οὐκοῦν

193 738 276 789 οὐκ
298 736 621 803 ἐπτώχευσεν
644 731 669 785 ὃ
691 730 999 803 ἀναληφθεὶς·
1024 731 1248 784 λείπεται
1264 731 1428 783 τοίνυν
1454 730 1611 783 εἰπεῖν
1625 771 1638 790 ,
1668 726 1744 782 δτι

192 830 379 900 γίγονεν
404 827 454 879 ίν
476 825 718 896 πτωχείᾳ
740 829 805 897 τῇ
831 822 941 876 καθ’
965 823 1099 892 ἡμᾶς
1129 821 1156 876 ό
1182 821 1418 880 πλούσιος
1447 823 1515 880 ὡς
1543 821 1682 880 Θεός.
1720 838 1739 870 ι

256 1190 473 1260 δομοίως
500 1182 552 1243 δὲ
572 1191 655 1243 καί
681 1187 706 1241 ό
731 1187 778 1240 is
796 1185 957 1256 ἁγίοις
987 1187 1261 1259 Γρηγὸριος
1290 1185 1316 1241 ό
1339 1186 1565 1259 θεολόγοι·
1596 1188 1645 1240 ἐν
1674 1194 1747 1256 τῷ

187 1279 312 1348 λόγῳ
357 1286 429 1347 τῷ
457 1280 575 1351 περὶ
600 1284 699 1331 τῶν
732 1276 996 1347 θεοφανίων
1022 1275 1156 1329 οὕτω
1192 1275 1343 1346 λίγειο
1368 1291 1387 1325 t
1414 1274 1660 1347 Προελθὼν
1692 1272 1747 1329 δὲ

187 1368 309 1426 Θεὸς
346 1367 474 1435 μετά
506 1373 596 1424 τῆς
630 1362 991 1440 προσλήψεως,
1041 1361 1094 1415 ἓν
1138 1364 1194 1416 ἔκ
1233 1360 1324 1417 δύο
1372 1370 1472 1418 τῶν
1515 1365 1745 1418 ἐναντίων

186 1456 376 1528 σαρκὸς
409 1457 490 1508 καὶ
517 1455 821 1523 πνεύματος,
858 1449 924 1505 ὧν
958 1452 1017 1505 τό
1045 1453 1136 1522 μίν
1158 1452 1355 1513 ίθέωσε,
1386 1452 1443 1505 τὸ
1468 1449 1520 1506 δέ
1552 1453 1744 1509 ἐθεώθη.

190 1542 259 1596 Ὠ
278 1554 369 1606 τῆς
396 1554 575 1604 καινῆς·
592 1546 792 1615 μίξεως,
819 1540 857 1594 ὦ
881 1550 972 1601 τῆς
998 1540 1280 1617 παραδόξου
1321 1543 1565 1616 κράσεως.
1596 1551 1654 1594 '0
1682 1540 1748 1596 ὢν

177 1632 391 1703 γίνεται,
410 1635 496 1685 καί
523 1631 548 1685 ὅ
578 1628 804 1689 οἴκτιστος
836 1632 1071 1693 κτίζεται,
1099 1631 1182 1681 καί
1210 1627 1235 1682 ὁ
1259 1630 1530 1702 ἀχὼρητος
1555 1637 1751 1701 χωρεῖ-

1849 540 1935 594 vel
1982 540 2154 594 sihoc
2179 553 2511 607 nequaquam
2538 552 2721 591 verum
2746 543 2849 604 est,
2874 534 2940 589 ab
2966 536 3045 590 eis
3064 537 3409 606 assumptioni

1848 629 1989 698 quod
2020 628 2127 701 [Ρ.
2176 629 2299 699 ιε9.,
2328 628 2681 682 obtrectatum
2727 634 2809 680 est
2838 626 2905 680 ab
2949 626 3028 681 eis
3055 626 3406 694 assumptioni

1846 718 2020 791 quasi]
2045 734 2166 774 eum
2187 718 2256 772 ad
2284 717 2649 787 ignobiliorem
2672 724 2832 784 atque
2850 714 3110 768 minorem
3129 712 3413 768 deduxerit

1847 813 2190 868 humanitatis
2215 807 2620 866 mensuramzid
2648 822 2809 876 porro
2838 804 3121 860 absurdum
3149 816 3233 860 est
3258 805 3408 871 cogi«

1850 910 1985 957 tare.
2033 902 2151 958 Non
2179 902 2338 971 igitur
2364 913 2563 968 egenus
2589 899 2759 953 factus
2784 905 2868 953 est
2906 902 3244 966 assumptus:
3285 894 3412 950 reli—

1848 1006 2012 1059 quum
2031 1000 2113 1047 est
2125 1006 2252 1060 ergo
2275 998 2334 1044 ut
2347 989 2585 1044 dicamus
2606 988 2659 1042 in
2680 995 2989 1057 paupertate
3016 994 3198 1040 nostra
3212 984 3409 1041 factum

1851 1107 1968 1147 esse
1995 1106 2116 1147 eum
2140 1092 2252 1161 qui,
2275 1097 2527 1158 tanquam
2550 1086 2706 1147 Deus.
2735 1087 2883 1141 dives
2903 1096 3037 1141 erat.
3068 1105 3087 1138 ι

1921 1182 2174 1237 Similiter
2215 1181 2270 1236 S.
2309 1179 2598 1248 Gregorius
2634 1175 2932 1247 Theologus
2971 1179 3024 1231 in
3060 1189 3309 1233 sermone
3344 1177 3414 1233 de

1853 1276 2050 1331 Christi
2077 1273 2249 1346 Natali
2286 1272 2598 1327 haechabet
2628 1290 2641 1325 :
2679 1293 2697 1324 ι
2726 1271 3042 1339 Progressus
3068 1277 3245 1323 autem
3274 1269 3413 1325 Deus

1847 1379 1967 1418 cum
1985 1362 2337 1427 humanitate,
2360 1374 2521 1417 unum
2552 1376 2616 1414 ex
2637 1360 2843 1415 duobus
2868 1360 3007 1413 inter
3025 1373 3082 1412 se
3109 1359 3408 1422 contrariis,

1849 1467 2010 1507 carne
2034 1451 2282 1506 nimirum
2310 1459 2363 1505 et
2391 1451 2599 1520 spiritu,
2621 1464 2846 1518 quorum
2876 1449 3099 1503 alterum
3127 1449 3411 1514 deiﬁcavit,

1848 1543 2076 1597 alterum
2104 1541 2406 1596 deiﬁcatum
2433 1549 2532 1595 est.
2564 1541 2608 1594 Ο
2636 1555 2829 1594 novam
2859 1540 3201 1594 mixtionem!
3250 1556 3282 1593 ο
3312 1539 3405 1595 ad-

1851 1632 2144 1687 mirandam
2176 1631 2646 1701 temperationem!
2694 1629 2794 1696 Qui
2818 1636 2921 1698 est,
2951 1627 3039 1696 ﬁt;
3088 1630 3178 1700 qui
3203 1639 3414 1685 creatus

189 1743 269 1778 εαι
295 1721 377 1778 διὰ
415 1724 575 1795 μίσης
602 1721 787 1791 ψυχῆς
827 1725 1005 1792 νοερᾶς
1041 1721 1405 1789 μεσιτευούσης
1432 1720 1629 1778 θεότητι
1662 1723 1746 1774 καί

1858 1738 1959 1777 non
1982 1730 2084 1786 est,
2108 1731 2352 1785 creatur;
2381 1722 2471 1789 qui
2499 1721 2644 1775 nullo
2666 1720 2785 1775 loco
2814 1720 3075 1775 contineri
3099 1730 3293 1790 potest.
3315 1736 3415 1790 per

183 1815 377 1885 σαρκὸς
397 1813 684 1882 παχύτητι,
715 1813 798 1865 καί
823 1811 848 1863 ὀ
874 1811 1151 1872 πλουτίζων
1175 1809 1461 1877 πτωχεύω
1484 1811 1747 1877 πτωχεύει

179 1902 282 1974 γὰρ
323 1906 413 1959 τήν
456 1901 576 1970 ίμήν
614 1901 888 1973 κάθαρσιν,
926 1898 1103 1967 ἶν’ἕγώ
1148 1897 1419 1956 πλουτὴσω
1459 1903 1548 1956 τήν
1593 1899 1746 1953 αὐτοῦ

174 1990 408 2046 θεότητα.
435 1991 514 2041 καί
541 1986 566 2041 ό
590 1989 778 2063 πλήρης
804 1991 1051 2038 κενοῦται’
1074 1991 1302 2039 κενοῦται
1320 1987 1420 2057 γὰρ
1443 1994 1534 2047 τῆς
1561 1987 1745 2041 εαυτοῦ

181 2072 330 2141 Ὲόξης
375 2081 457 2132 ἐπὶ
486 2080 680 2151 μικρὸν,
704 2076 766 2129 ἵν’
796 2074 894 2147 ἐγὼ
923 2082 1011 2135 τῆς
1042 2076 1222 2129 ἐκείνου
1257 2077 1523 2146 maiae...
1552 2078 1750 2154 πληρώ-

185 2182 338 2231 σεως.
367 2186 386 2220 ι

260 2433 397 2493 Ἀλλὰ
439 2433 575 2490 καιό
618 2434 666 2488 ἐν
709 2432 870 2506 ἁγίοις
912 2431 1204 2493 Ἀθανάσιος
1248 2434 1531 2504 ἑρμηνεύων
1563 2436 1628 2489 τὰ
1660 2443 1747 2489 τοῦ

183 2526 466 2581 ἀποστόλου
505 2525 633 2600 ῥητοὶ
660 2523 911 2593 λέγοντος,
945 2539 964 2572 ε
999 2518 1052 2580 ὃς
1072 2522 1120 2574 ἐν
1145 2530 1310 2596 μορφῇ
1338 2528 1462 2575 Θεοῦ
1490 2520 1750 2596 ύπᾶρχων

179 2615 417 2669 ἐκένωσεν
463 2612 656 2676 ἑαυτὸν,
686 2615 877 2683 μορφὴν
907 2609 1085 2664 δούλου
1112 2610 1307 2675 λαϐὼν,
1338 2628 1357 2660 ι
1394 2609 1555 2670 οὕτως
1579 2612 1710 2683 λέγει
1732 2627 1746 2642 ⁸

184 2726 205 2758 ε
230 2711 292 2762 Τί
318 2709 498 2761 τούτου
521 2698 809 2777 λευκότερον
836 2706 921 2756 καί
949 2700 1412 2779 ἀποδεικτικώτερον
1440 2705 1630 2774 γένοιτο
1657 2701 1746 2767 iis;

178 2799 240 2850 ιύ
263 2799 363 2871 γὰρ
397 2793 446 2858 ἔξ
475 2793 746 2848 ἐλαττόνων
784 2792 988 2862 βελτίων
1024 2793 1238 2862 γέγονεν,
1266 2792 1389 2846 ἀλλὰ
1415 2793 1598 2863 μᾶλλον
1626 2794 1748 2852 Θεὸς

1850 1813 2208 1867 interventum
2249 1810 2437 1863 anima:
2474 1809 2760 1877 spiritualis
2798 1808 2935 1863 inter
2984 1809 3311 1864 divinitatem
3359 1824 3413 1864 et

1850 1905 2028 1959 carnis
2056 1901 2353 1957 crassitiem
2380 1900 2587 1953 medius
2629 1900 2949 1954 continetur.
2990 1899 3091 1965 Qui
3120 1900 3412 1970 locupletes

1849 1995 1985 2048 alios
2018 1992 2189 2057 ditat,
2233 1997 2549 2060 paupertate
2596 1988 2858 2043 afﬁcitur:
2897 1990 3071 2045 carnis
3099 1989 3239 2043 enim
3282 2005 3413 2043 mea:

1850 2090 2215 2154 paupertatem
2258 2080 2456 2142 sumit,
2490 2086 2548 2131 ut
2575 2092 2675 2146 ego
2714 2078 3003 2132 divinitatis
3040 2066 3178 2133 illius
3206 2078 3415 2134 divitias

1847 2185 2161 2238 consequar.
2193 2169 2261 2222 Et
2287 2170 2378 2238 qui
2407 2167 2596 2237 plenus
2619 2175 2703 2221 est
2722 2207 2737 2232 ,
2768 2168 3070 2222 exinanitur
3104 2185 3119 2221 :
3148 2182 3242 2223 sua
3271 2168 3411 2223 enim

1850 2260 2021 2328 gloria
2040 2259 2105 2313 ad
2126 2261 2288 2314 breve
2310 2267 2518 2326 tempus
2536 2257 2857 2323 exinanitur,
2879 2263 2939 2311 ut
2959 2271 3059 2324 ego
3076 2256 3416 2327 plenitudinis

1854 2349 2020 2418 ipsius
2044 2348 2314 2417 particeps
2340 2344 2559 2401 emciar.
2598 2363 2618 2397 ι

1921 2437 2026 2492 Sed
2053 2444 2271 2492 sanctus
2307 2437 2472 2490 etiam
2515 2435 2837 2491 Athanasius
2876 2447 3150 2504 exponens
3176 2450 3240 2490 ea
3269 2436 3414 2505 Apo-

1850 2527 1974 2582 stoli
2000 2526 2164 2581 verba
2194 2543 2207 2579 :
2240 2522 2341 2589 Qui
2367 2541 2483 2578 cum
2515 2526 2571 2578 in
2601 2526 2767 2596 {arma
2813 2522 2909 2578 Dei
2950 2534 3106 2591 esset,
3136 2526 3416 2580 exinanieit

1850 2620 2172 2687 semetipsum
2198 2658 2214 2684 ,
2260 2618 2483 2687 formam
2520 2616 2649 2669 aerei
2692 2616 2948 2683 accipiens
2987 2631 3004 2668 :
3043 2615 3157 2669 hmo
3189 2615 3417 2669 scribit:

1857 2724 1875 2759 ι
1905 2706 2040 2773 Quid
2076 2708 2180 2761 hoc
2208 2699 2403 2760 clarius
2428 2713 2523 2758 aut
2564 2703 2838 2773 probatius
2875 2717 2993 2758 esse
3024 2704 3265 2773 poterit?
3300 2702 3416 2756 Non

1851 2796 1995 2850 enim
2016 2810 2083 2850 ex
2104 2794 2374 2849 deteriore
2397 2793 2589 2847 melior
2633 2791 2802 2847 factus
2831 2800 2932 2858 est,
2957 2792 3050 2846 sed
3075 2793 3273 2861 potius,
3296 2808 3416 2847 cum

172 2884 456 2959 ὑπάρχων,
490 2890 579 2939 τοῦ
621 2882 797 2938 δούλου
845 2886 1035 2957 μορφὴν
1070 2880 1269 2945 ἔλαϐεν,
1296 2885 1382 2935 καί
1406 2884 1455 2936 ἐν
1483 2889 1555 2952 τῷ
1581 2884 1749 2937 λαϐεῖν

1858 2884 1990 2939 Deus
2017 2892 2180 2950 esset,
2211 2883 2352 2936 servi
2378 2882 2610 2951 speciem
2645 2881 2960 2950 assumpsit;
2991 2896 3163 2950 neque
3187 2882 3240 2935 in
3268 2897 3417 2936 assus

170 2977 277 3028 οὐκ
294 2975 582 3036 ¹ίϐελτιώθη.
602 2972 704 3026 ἀλλ’
718 2974 1050 3026 ἐταπείνωσεν
1072 2971 1264 3027 ἑαυτὸν.
1279 2989 1297 3021 ι
1323 2975 1415 3026 Καὶ
1430 2972 1542 3041 μετ’
1564 2974 1744 3046 ὀλίγον’

1849 2974 2044 3030 mendo
2073 2974 2386 3027 melioratus
2412 2978 2527 3038 est,
2555 2969 2651 3025 sed
2679 2970 2973 3024 bumiliavit
2998 2972 3356 3040 semetipsum.
3397 2989 3417 3022 ε

185 3081 211 3117 1
236 3068 300 3118 Τί
321 3062 374 3118 δὲ
403 3062 550 3117 τοῦτό
586 3061 750 3127 ἔστιν,
778 3061 808 3118 ἦ
836 3060 918 3114 τὸν
945 3061 994 3113 ἐν
1019 3067 1179 3134 μορφῇ
1216 3067 1342 3115 Θεοῦ
1375 3058 1512 3125 ὅντα,
1539 3066 1623 3117 καί
1643 3026 1748 3117 ἐύ-

1858 3065 1919 3119 Ει
1962 3073 2086 3134 post
2132 3077 2302 3132 pauca
2335 3079 2348 3115 :
2388 3080 2407 3113 ι
2443 3026 2582 3128 Quid
2610 3061 2715 3115 hoc
2743 3068 2825 3115 est
2861 3070 3060 3127 autem,
3090 3026 3248 3131 quam
3277 3078 3419 3128 eum,

177 3160 358 3229 γενοῦς
383 3155 578 3227 πατρὸς
605 3152 710 3205 υίὸν
750 3156 1061 3205 ταπεινῶσαι
1089 3149 1285 3212 ἑαυτὸν,
1317 3152 1401 3203 καί
1425 3148 1597 3219 δοῦλον
1639 3153 1744 3205 ἀνθ’

186 3248 326 3315 ὐμῶν
343 3248 426 3298 καί
452 3245 582 3316 ύπίρ
609 3244 745 3312 ἡμῶν
771 3241 1062 3310 ’γενέσθαιν
1089 3243 1189 3294 Καί
1213 3241 1321 3308 μετ’
1339 3240 1548 3312 ὀλίγον’(
1570 3250 1626 3293 '0
1644 3245 1744 3315 γάρ

178 3333 330 3407 λόγος
356 3335 481 3405 σὰρξ
509 3334 718 3402 ίγίνετο,
745 3334 827 3384 καί
876 3331 1074 3399 λέγεται
1097 3328 1177 3384 ὅτι
1199 3334 1224 3382 ό
1243 3336 1469 3389 τοιοῦτος
1492 3327 1744 3407 ἄνθρωπος

187 3424 239 3489 ἐξ
268 3425 502 3500 ούρανοῦ,
531 3424 616 3475 καί
645 3420 953 3493 ἐπουράνιος,
982 3418 1067 3474 διὰ
1100 3420 1158 3475 τό
1194 3420 1243 3482 ἐξ
1288 3420 1503 3492 ούρανοῦ
1532 3420 1747 3476 καταϐε-

187 3513 394 3572 ςηιέναι
419 3511 504 3565 τὸν
531 3507 696 3578 λόγον.
716 3524 735 3557 ι

256 3599 402 3655 Ἀλλὰ
425 3602 511 3654 καί
539 3597 565 3652 ό
590 3599 640 3651 ἐν
665 3596 823 3667 ἁγίοις
859 3594 1128 3668 Γρηγόριος
1170 3593 1197 3648 ὁ
1235 3594 1506 3654 ἐπίσκοπος
1546 3596 1756 3656 Νύσσης

186 3679 323 3732 κατά
356 3678 671 3746 Εὖνομίουῖν
701 3683 772 3745 τῷ
795 3681 951 3750 τρίτῳ
988 3676 1116 3748 λόγῳ
1147 3677 1308 3737 οὕτως
1337 3679 1497 3748 λέγει·
1531 3697 1550 3731 ε
1581 3688 1757 3737 Ταῦτα

186 3769 313 3839 περί
347 3768 432 3821 τὸν
474 3766 850 3839 ἐσταυρωμένον
895 3768 1042 3834 ἡμεῖς
1084 3770 1520 3839 πεπιστεύκαμεν’
1555 3775 1637 3825 καί
1674 3771 1758 3828 διὰ

186 3860 345 3921 τοῦτο
391 3851 770 3928 ύπερυψοῦντες
812 3854 939 3907 κατὰ
981 3854 1039 3908 τὸ
1084 3849 1322 3929 ἡμέτερον
1370 3864 1461 3915 τῆς
1502 3856 1759 3930 δυνάμεως

188 3943 375 4016 μέτρον
408 3945 497 3995 ούκ
539 3943 881 4013 ἀπολήγομεν,
912 3941 990 3998 ὅτι
1027 3943 1052 3997 ὁ
1085 3943 1257 4014 μηδενὶ
1291 3948 1529 4019 χωρητὸς
1567 3948 1649 4003 διὰ
1671 3956 1760 4009 τήν

189 4030 454 4106 ἄφραστον
475 4035 628 4089 αὐτοῦ
649 4037 736 4087 καί
751 4034 1026 4118 ἀπρόσιτον
1044 4036 1427 4106 μεγαλειότητα,
1447 4039 1572 4096 πλὴν
1593 4040 1761 4114 ἑαυτῷ

190 4128 279 4179 καί
306 4121 377 4195 τῷ
405 4129 579 4198 Πατρί,
603 4127 687 4179 καί
705 4132 776 4195 τῷ
802 4127 1052 4195 Πνεύματι
1073 4134 1146 4196 τῷ
1172 4126 1317 4199 ἁγίῳ,
1349 4125 1497 4188 οὗτος
1526 4132 1609 4184 καί
1632 4134 1762 4205 πρὸς

189 4215 446 4267 κοινωνίαν
473 4221 563 4269 τῆς
598 4214 859 4272 ἀσθενείας
900 4215 1038 4274 ἡμῶν
1068 4215 1320 4268 κατελθεῖν
1353 4212 1595 4275 ἠδυνήθη·
1632 4219 1678 4272 οί
1704 4217 1758 4273 δὲ

1851 3155 1941 3226 qui
1994 3157 2049 3211 in
2111 3154 2283 3209 forma
2335 3153 2429 3208 Dei
2484 3148 2627 3209 esset
2677 3152 2973 3223 nobiliaque
3019 3151 3189 3208 Patris
3238 3154 3420 3221 Filius,

1848 3249 2156 3303 humiliasse
2183 3249 2544 3317 semetipsum,
2573 3254 2630 3302 et
2653 3262 2864 3315 servum
2911 3264 3009 3317 pro
3044 3249 3198 3315 nobis
3223 3248 3420 3305 factum

1852 3337 1996 3392 esse?
2028 3356 2047 3389 ι
2082 3336 2391 3406 Rursusque
2420 3344 2540 3405 post
2570 3351 2740 3406 pauca
2774 3354 2787 3388 :
2824 3355 2843 3388 ι
2871 3336 3103 3391 Verbum
3132 3338 3272 3393 enim
3296 3354 3423 3395 caro

1853 3424 2055 3481 factum
2084 3434 2197 3492 est,
2227 3427 2530 3495 diciturque
2574 3437 2857 3497 propterea
2888 3427 2975 3482 hic
3003 3428 3165 3483 homo
3191 3429 3258 3484 de
3286 3430 3423 3487 cmlo

1867 3514 2752 3588 ctcmlcstis,quiaV’erbumipsum
2790 3516 2858 3571 de
2898 3517 3036 3573 cmlo
3068 3518 3364 3579 descendit.
3399 3539 3418 3573 ι

1927 3605 2155 3658 Sanctus
2192 3605 2395 3673 pariter
2429 3604 2716 3673 Gregorius
2756 3604 3035 3676 Nyssaanus
3063 3608 3116 3661 in
3148 3610 3302 3665 tertio
3332 3611 3422 3666 ad.

1857 3709 2042 3749 versus
2085 3693 2403 3748 Eunomium
2453 3694 2587 3748 libro
2632 3694 2845 3749 disserit
2889 3697 2941 3750 in
2974 3698 3117 3752 hunc
3161 3700 3422 3757 modum:

1863 3800 1883 3835 ε
1918 3780 2044 3836 Ηωο
2091 3782 2192 3851 ipsi
2233 3781 2301 3835 de
2343 3780 2608 3836 Crucilixo
2647 3782 2967 3838 credidimus
3001 3804 3013 3838 :
3049 3785 3230 3854 itaque
3268 3788 3421 3855 juxta

1855 3871 2086 3942 propria:
2113 3870 2325 3924 virtutis
2348 3885 2653 3924 mensuram
2683 3870 2856 3940 ipsum
2886 3874 3144 3928 extollere
3171 3890 3278 3929 non
3306 3890 3423 3930 ces-

1855 3978 2035 4019 samus
2061 3980 2074 4014 :
2104 3963 2246 4033 quod
2283 3962 2484 4016 scilicet
2510 3963 2579 4017 ob
2608 3963 2944 4027 ineﬂ‘abilem,
2977 3966 3421 4025 inaccessibilem-~

1838 4067 1960 4122 tque
1986 4050 2428 4119 magniﬁcentiam
2457 4066 2605 4104 suam
2636 4052 2889 4107 indivisus
2914 4069 2944 4107 a
2973 4053 3130 4110 Patre
3157 4058 3337 4124 etiam,
3368 4071 3422 4117 ct

1852 4156 1882 4195 ο
1912 4140 2112 4210 Spiritu
2158 4148 2345 4196 sancto
2391 4141 2459 4195 ad
2501 4150 2696 4195 nostrae
2742 4140 3065 4201 inﬁrmitatis
3092 4149 3422 4204 communio-

1852 4245 1973 4286 nem
2002 4230 2256 4287 advenire
2300 4232 2535 4300 potuerit
2566 4249 2578 4282 :
2611 4232 2684 4286 illi
2710 4241 2886 4287 autem
2913 4256 2937 4300 ,ν
2960 4235 3014 4288 id
3053 4249 3420 4304 argumentum

186 4306 386 4361 ταύτην
407 4302 663 4367 ’ἀπόδειξιν
686 4312 777 4362 τῆς
804 4307 934 4359 κατὰ
966 4309 1054 4362 τήν
1083 4305 1231 4375 φύσιν
1260 4307 1642 4378 ἀλλοτριότητος
1670 4316 1753 4364 τοῦ

1858 4338 1971 4379 esse
1993 4332 2183 4380 natura
2222 4328 2589 4382 extraneitatis
2638 4327 2759 4383 Filii
2785 4344 2817 4384 a
2845 4329 3005 4387 Patre
3049 4302 3375 4389 constituunt
3404 4352 3417 4386 :

186 4394 313 4451 Υίοῦ
358 4395 488 4467 πρὸς
532 4395 619 4447 τὸν
648 4397 848 4470 Πατέρα
896 4401 1177 4459 ποιοῦνται,
1214 4398 1273 4451 τὸ
1328 4396 1409 4452 διὰ
1458 4402 1645 4474 σαρκός
1683 4405 1762 4455 καί

185 4489 426 4558 σταυροῦ
451 4485 785 4558 φανερωθῆναι
810 4486 893 4540 τὸν
916 4488 1116 4560 Κύριον·
1148 4490 1215 4547 ὡς
1232 4496 1322 4549 τῆς
1345 4492 1434 4558 μίν
1454 4497 1543 4545 τοῦ
1573 4493 1762 4567 Πατρός

186 4571 395 4643 φύσεως
440 4575 666 4645 καθαρῶς
712 4577 762 4628 ἐν
796 4576 1014 4648 ἀπαθείᾳ
1054 4575 1416 4647 διαμενούσης,
1466 4583 1549 4633 καί
1589 4578 1764 4652 μηδενί

186 4661 371 4737 τρόπῳ
409 4668 498 4722 τήν
527 4667 656 4738 πρὸς
685 4666 744 4720 τὸ
776 4664 937 4725 πάθος
965 4670 1213 4721 κοινωνίαν
1249 4667 1579 4734 ἀναδέξασθαι
1612 4670 1764 4746 δυνέ-

190 4757 369 4824 μένης.
398 4762 487 4810 τοῦ
514 4757 567 4812 δί
592 4759 716 4811 Υἱοῦ
747 4750 829 4811 διὰ
856 4760 915 4813 τὸ
948 4760 1074 4833 πρὸς
1101 4760 1159 4814 τὸ
1183 4764 1547 4837 ταπεινὼτερον
1567 4765 1767 4838 παρηλ-

190 4845 391 4918 λάχθαι
429 4852 517 4907 τήν
556 4852 726 4920 φύσιν,
770 4852 897 4923 πρὸς
922 4853 1110 4924 σαρκός
1134 4874 1188 4906 τε
1221 4857 1304 4907 καί
1342 4857 1552 4910 θανάτου
1578 4865 1760 4930 πεῖραν

191 4940 289 4992 ούκ
309 4937 669 5002 ἀδυνατοῦντος
691 4944 861 4997 ἐλθεῖν.
886 4963 902 4992 ι
921 4947 1012 4997 Καί
1031 4945 1133 5013 μεθ’
1152 4946 1323 5015 ἕτερα·
1346 4964 1363 4996 ι
1385 4950 1473 5002 Διά
1493 4954 1645 5004 τοῦτο
1665 4952 1764 5021 ’γὰρ

192 5033 284 5084 καί
311 5026 403 5083 τοῦ
426 5033 610 5103 Κυρίου
635 5041 725 5092 τῆς
755 5033 901 5097 δόξης
934 5033 960 5089 ὃ
1001 5038 1220 5109 σταυρὸς
1254 5037 1476 5107 λέγεται,
1509 5043 1591 5093 καί
1623 5045 1766 5094 πᾶσα

188 5123 410 5193 γλῶσσα
443 5122 835 5193 ἐξομολοσγεῐται,
876 5123 953 5178 ὅτι
978 5127 1160 5198 Κύριος
1193 5127 1389 5187 Ἰησοῦς
1430 5131 1647 5201 Χριστὸς
1691 5135 1763 5192 εἰς

191 5211 347 5278 δόξκν
390 5222 512 5270 Θεοῦ
550 5217 764 5290 Πατρός.
795 5220 851 5272 Ei
880 5215 933 5270 δὲ
965 5223 1073 5292 χρὴ
1109 5222 1194 5273 καί
1231 5222 1296 5275 τὰ
1339 5221 1489 5275 λοιπά
1523 5226 1653 5279 κατά
1683 5225 1766 5277 τίν

185 5304 344 5360 αὐτόν
371 5305 546 5361 διελεῖν
571 5309 779 5380 τρόπον,
807 5308 1098 5380 σκεψόμεθα
1124 5311 1174 5364 τί
1199 5311 1255 5363 τὸ
1275 5312 1600 5376 ἀποθνῆσκον,
1621 5316 1766 5368 καίτί

188 5389 253 5443 τό
282 5387 527 5440 καταλῦον
555 5390 638 5440 τὸν
667 5387 891 5449 θάνατον,
921 5392 1003 5443 καί
1039 5393 1091 5444 τί
1123 5393 1181 5446 τὸ
1210 5397 1642 5466 ἀνακαινούμενον,
1670 5405 1755 5454 καὶ

189 5475 248 5530 τί
274 5475 336 5528 τὸ
363 5477 668 5544 κενούμενον·
693 5473 914 5530 κενοῦται
937 5478 1025 5545 μὶν
1048 5479 1143 5553 ’γὰρ
1171 5482 1201 5538 ἠ
1227 5481 1418 5551 θεότης,
1435 5487 1517 5539 ἶνα
1542 5493 1754 5563 χωρητή

191 5573 259 5631 τῇ
284 5566 562 5641 ἀνθρωπίνῃ
588 5567 788 5636 γίνηται
813 5568 977 5636 φύσει·
1010 5571 1356 5628 ἀνακαινοῦται
1396 5575 1449 5630 δὲ
1476 5577 1533 5630 τὸ
1573 5580 1757 5649 ἀνθρὼ-

192 5673 340 5710 πινον
367 5653 445 5712 διὰ
469 5663 563 5715 τῆς
591 5656 713 5731 πρὸς
738 5656 795 5710 τὸ
811 5657 937 5709 θεῖον
965 5660 1290 5733 ἀνακράσεως
1306 5666 1428 5716 Θεῐον
1449 5669 1716 5738 γινόμενον.
1732 5687 1750 5718 ι

272 5746 361 5797 Καὶ
386 5751 547 5799 ταῦτα
577 5746 661 5816 μὲν
682 5746 734 5797 ἐκ
756 5755 844 5804 τῆς
870 5746 1193 5811 διδασκαλίας
1223 5758 1319 5806 τῶν
1348 5753 1499 5818 ἁγίων
1522 5761 1751 5825 πατέρων

1857 4417 2169 4485 apparuisse
2194 4417 2443 4471 nimirum
2472 4419 2677 4476 aientes
2703 4419 2986 4477 Dominum
3012 4437 3110 4493 per
3130 4438 3346 4480 carnem
3367 4435 3422 4481 et

1855 4518 2090 4570 crucem,
2119 4505 2192 4559 ita
2221 4513 2280 4559 ut
2299 4514 2523 4576 paterna
2554 4515 2743 4563 natura
2772 4509 2826 4565 in
2845 4511 3270 4580 impassibilitate
3293 4529 3420 4584 per-

1855 4602 2123 4657 manente,
2166 4595 2419 4664 nullaque
2465 4598 2674 4653 ratione
2701 4601 2964 4669 passionis
2990 4605 3419 4661 communionem

1855 4684 2125 4753 suscipere
2154 4687 2396 4754 potenti,
2426 4686 2619 4755 Filius,
2653 4690 3060 4748 transformatus
3093 4695 3144 4749 in
3172 4696 3422 4751 humilio-

1854 4785 1967 4826 rem
1994 4782 2257 4840 naturam,
2277 4789 2373 4844 per
2395 4790 2608 4831 carnem
2632 4787 2688 4833 et
2708 4789 2935 4836 mortem
2957 4784 3176 4839 minime
3197 4786 3420 4856 incapux

1854 4864 2118 4930 passionis
2146 4865 2439 4920 advenerit.
2469 4887 2488 4918 ι
2518 4867 2586 4922 Ει
2612 4878 2732 4938 post
2760 4873 2882 4938 alia,
2911 4874 3087 4930 subdit
3117 4894 3131 4929 :
3160 4895 3186 4940 ,ι
3219 4876 3422 4934 Idcirco

1856 4951 2015 5035 enim,
2042 4958 2095 5005 et
2122 4953 2329 5006 Domini
2356 4954 2537 5020 gloriae
2565 4971 2696 5011 crux
2723 4959 2932 5027 dicitur,
2964 4973 3019 5016 et
3047 4966 3220 5018 omnis
3244 4966 3422 5035 lingua

1856 5034 2136 5115 Dominum
2179 5036 2358 5093 Jesum
2396 5039 2660 5097 Christum
2685 5046 2739 5098 in
2785 5049 2952 5114 gloria
2982 5050 3074 5105 Dei
3106 5051 3276 5110 Patris
3304 5070 3422 5111 esse

1858 5124 2159 5177 conﬁtetur.
2191 5124 2428 5194 Namque
2455 5130 2499 5181 si
2529 5139 2720 5185 caetera
2750 5136 2909 5188 etiam
2937 5135 3124 5192 eodem
3155 5142 3313 5196 modo
3342 5124 3423 5197 di-

1858 5214 2041 5268 videre
2066 5223 2330 5283 oporteat,
2361 5219 2479 5284 quis
2506 5221 2575 5274 sit
2602 5222 2689 5276 ille
2715 5225 2803 5291 qui
2834 5235 3074 5283 mortuus
3103 5238 3187 5284 est
3214 5236 3421 5303 prospi-

1859 5304 2087 5372 ciemus,
2116 5306 2232 5374 quis
2259 5306 2349 5374 qui
2383 5318 2607 5364 mortem
2649 5311 2950 5369 dissolverit
2978 5334 2991 5369 :
3020 5326 3075 5372 et
3102 5321 3227 5387 quid
3256 5338 3421 5377 reno-

1860 5403 2037 5447 vatum
2060 5436 2075 5460 ,
2103 5397 2227 5466 quid
2257 5406 2434 5452 autem
2481 5402 2827 5456 exinanitum.
2878 5403 3190 5465 Exinanitur
3224 5415 3421 5483 quippe

1859 5485 2125 5553 divinitas,
2157 5496 2213 5542 ut
2240 5489 2581 5546 humanitatis
2605 5495 2950 5563 suscipienda:
2971 5513 3141 5569 capax
3168 5500 3292 5572 liat;
3322 5505 3420 5559 hu-

1862 5575 2089 5631 manitas
2134 5587 2310 5632 autem
2360 5589 2580 5651 propter
2640 5584 3069 5643 commixtionem
3133 5590 3421 5650 divinitatis

1862 5665 2039 5720 divina
2069 5664 2254 5720 effecta
2285 5678 2586 5724 renovatur.
2624 5692 2642 5725 ι

1930 5759 2102 5826 Atque
2128 5758 2241 5814 hmc
2269 5776 2366 5816 nos
2401 5761 2612 5832 quidem
2651 5780 2717 5820 ex
2746 5774 3051 5825 sanctorum
3078 5769 3291 5829 Patrum
3322 5774 3420 5828 do-
