3924 6294
569 325 701 392 ῙὶΥΗ

1872 330 2301 392 JUSTINIANI
2344 331 2498 390 1MP.

3705 337 3836 402 1072

554 453 860 524 τεθείκαμεν,
883 454 966 509 ’ἱνα
1003 459 1175 510 ’ταῦτα
1208 445 1566 516 κατανοοῦντες
1592 455 1785 526 γνοίητε
1814 458 1879 516 ὡς
1909 457 1973 510 τά
2005 456 2118 528 παρ

2232 453 2403 507 ctrina
2427 450 2846 522 'proposuimus,
2887 458 2944 504 ut
2981 465 3044 506 ea
3085 453 3442 523 percipientes
3478 453 3826 522 intelligatis,

557 547 698 611 ὑμῶν
721 545 1073 618 προτεθειμένα
1090 587 1105 613 ,
1129 550 1215 600 καί
1241 545 1503 621 Ἀρειανοὶ,
1541 551 1624 601 καί
1650 549 1970 621 Νεστοριανοὶ
1997 548 2125 600 κειτά

555 641 644 687 τοῦ
667 638 843 706 κυρίου
867 639 952 689 καί
979 641 1105 690 Θεοῦ
1135 637 1271 706 ἡμῶν
1297 635 1465 694 Ἰησοῦ
1494 645 1714 712 Χριστοῦ
1739 637 1972 708 λέγουσιν
1997 639 2124 691 ἀσε-

556 723 678 784 ϐῶς.
699 724 758 777 Οί
784 725 874 793 μέν
894 726 992 799 γὰρ
1015 723 1254 802 ’Δρειανοί
1278 723 1651 789 σπουδάζοντες
1674 725 1760 780 τὸν
1779 727 1884 778 υίόν
1911 727 2123 794 κτίσμα,

553 818 640 870 καί
679 813 937 888 ἀλλότριον
977 823 1068 874 τῆς
1105 823 1354 892 πατρικῆς
1403 818 1576 874 οὐσίας
1617 814 1908 879 ἀποδεῖξαι,
1945 818 2029 868 καί
2068 815 2126 868 τό

553 907 732 971 πάθος,
746 910 906 961 καίτά
927 904 1053 962 ἄλλα
1065 913 1132 962 τά
1156 909 1366 962 ταπεινά
1387 916 1448 981 τῇ
1468 909 1664 966 θεότητι
1685 911 1836 963 αὐτοῦ
1867 907 1992 980 μόνῃ
2007 909 2128 962 έπά·

551 1020 742 1070 γουσιν,
785 999 831 1053 οἱ
859 997 913 1053 δέ
940 1002 1257 1074 Νεστοριανοί
1284 999 1375 1053 δύο
1409 1000 1549 1059 υίούς
1575 1001 1790 1069 εἷσάγειν
1817 999 2122 1070 βουλόμενοι,

551 1092 940 1164 κεχωρισμένως
963 1091 1168 1162 λέγουσι
1196 1092 1282 1145 τόν
1308 1091 1427 1145 Θεὸν
1450 1090 1612 1160 λόγον,
1633 1094 1716 1144 καί
1734 1091 2124 1164 κεχωρισμένως

551 1185 637 1237 τὸν
666 1183 880 1255 Χριστὸν
917 1181 1057 1252 ψιλὸν
1095 1180 1374 1256 ἄνθρωπον,
1403 1168 1490 1234 καί
1515 1181 1648 1250 μόνῳ
1692 1189 1765 1252 τῷ
1794 1183 2036 1256 ἀνθρώπῳ
2061 1181 2126 1236 τά

551 1274 762 1328 ταπεινά
789 1274 1153 1344 ἀπονέμουσιν.
1191 1271 1313 1328 Ἀλλ’
1337 1273 1435 1341 ούχ
1473 1273 1637 1330 οὕτως
1665 1272 1710 1324 οἱ
1737 1269 1868 1343 ἅγιοι
1907 1273 2125 1343 πατέρες

553 1362 896 1419 διδάσκουσιν
929 1362 1044 1418 ούδέ
1087 1366 1186 1437 γὰρ
1217 1363 1301 1418 διά
1331 1365 1392 1416 τὰ
1433 1365 1651 1419 ταπεινὰ
1677 1368 1869 1437 τροπήν
1896 1363 2124 1434 λέγουσιν

551 1465 644 1514 τῆς
665 1462 760 1510 τοῦ
787 1455 902 1508 υἱοῦ
934 1455 1185 1520 θεότητος,
1219 1452 1329 1508 οὑδὲ
1353 1451 1436 1509 διά
1467 1455 1531 1509 τά
1565 1454 1734 1524 ὑψηλά
1759 1452 2013 1528 διαιροῦσι
2036 1459 2124 1512 τήν

550 1543 917 1622 ἄνθρωπε-ότητα
940 1555 1032 1606 τῆς
1057 1547 1310 1613 θεότητος,
1341 1546 1464 1600 ἀλλά
1491 1552 1580 1600 τοῦ
1611 1546 1718 1605 ένός
1745 1549 1827 1600 καί
1851 1551 1941 1598 τοῦ
1969 1547 2122 1600 αὑτοῦ

551 1645 845 1712 μονογενοῦς
882 1642 1010 1692 θεοῦ
1049 1637 1199 1706 λόγου
1250 1637 1640 1707 σεσαρκωμένου
1685 1639 1766 1690 καὶ
1811 1637 2124 1708 ένανορωπή-

549 1747 758 1792 σιντος,
785 1729 869 1781 καί
918 1727 987 1782 τά
1034 1724 1226 1796 ὑψηλὰ,
1258 1727 1340 1779 καί
1379 1728 1447 1780 τά
1495 1725 1704 1780 ταπεινά
1745 1721 1868 1780 εἶναι
1904 1723 2122 1800 παραδιο

550 1817 745 1872 δόασεν.

615 1995 813 2058 Ἐπειδὴ
841 1996 894 2053 δέ
920 2003 1004 2052 καί
1039 2005 1188 2054 τοῦτο
1211 2006 1321 2058 τοῖς
1350 1999 1613 2074 ὑμετέροις
1641 2000 1934 2054 ἕντεθείκατε
1973 2017 2121 2070 κειρα-

549 2087 702 2150 λαίοις
734 2089 786 2143 ἐκ
816 2097 908 2148 τῆς
935 2091 1092 2150 αὐτῆς
1122 2089 1412 2154 ἐπιστολῆς,
1443 2087 1520 2144 ὅτι
1546 2090 1707 2151 καλῶς
1737 2086 1873 2144 εἶπεν
1905 2087 1996 2143 δύο
2031 2092 2126 2158 φύ-

549 2200 656 2240 σεις
677 2221 692 2243 ,
902 2181 1168 2244 έξουσίαν,
1201 2177 1250 2232 ἓν
1290 2180 1596 2254 πρόσωπον,
1624 2182 1709 2233 καί
1743 2179 1792 2231 έν
1831 2179 1997 2248 τούτῳ
2033 2181 2124 2236 τήν

543 2275 786 2344 πονηρίαν
823 2279 918 2328 τοῦ
945 2273 1234 2349 γράψαντος
1259 2277 1352 2331 τήν
1389 2273 1658 2331 ἐπιστολήν
1697 2270 2038 2342 διελέγξωμεν.
2066 2268 2124 2326 ⁸0

547 2365 646 2438 γάρ
671 2369 740 2434 μή
766 2363 1019 2436 ὁμολογῶν
1037 2405 1051 2428 ,
1079 2361 1158 2416 ὅτι
1183 2363 1333 2422 αὑτός
1360 2357 1387 2413 ὂ
1413 2363 1535 2420 Θεὸς
1577 2361 1720 2431 λόγος
1765 2361 2040 2433 σαρκωθείς
2068 2360 2124 2414 έκ

545 2463 638 2514 τῆς
659 2457 911 2530 παρθένου
939 2456 1336 2524 ίνηνθρῶπησεν,
1361 2455 1497 2514 τίνος
1524 2456 1618 2512 τὰς
1643 2451 1733 2507 δύο
1761 2455 1938 2525 φύσεις
1963 2453 2122 2526 λέγεις

551 2544 689 2600 Ἀλλά
713 2545 984 2622 πρόδηλον,
1011 2545 1092 2602 ὅτι
1118 2549 1231 2600 ἀντὶ
1252 2546 1541 2621 προσώπων
1566 2547 1660 2604 τάς
1689 2542 1780 2599 δύο
1808 2546 1982 2616 φύσεις
2006 2545 2125 2614 ὶαμ-

550 2635 708 2700 ϐάνεε,
731 2638 864 2690 κατά
889 2635 1155 2712 Νεστόριον
1193 2638 1280 2688 καί
1305 2633 1575 2712 Θεόδωρον,
1603 2633 1694 2694 οῦς
1719 2636 1918 2688 ἐπαινεῖ
1942 2637 1974 2692 ἡ
2001 2637 2125 2690 ἀσεο

549 2731 644 2793 ϐῆς
686 2734 815 2790 αὑτὴ
851 2733 1112 2790 ἐπιστολή.
1162 2734 1220 2785 Εἰ
1256 2733 1353 2807 γὰρ
1389 2734 1470 2786 καί
1508 2728 1557 2784 έν
1596 2731 1888 2804 πρόσωπον,
1921 2732 2005 2783 καί
2038 2731 2124 2784 ἕνα

547 2820 661 2877 υίόν
691 2819 832 2876 δοκεῖ
864 2821 1022 2893 λέγειν
1069 2823 1100 2879 ἦ
1141 2820 1410 2881 ἐπιστολὴ,
1441 2825 1589 2874 τοῦτο
1622 2822 1705 2873 καί
1741 2817 2000 2894 Θεόδωρος
2039 2821 2122 2872 καί

549 2911 818 2985 Νεστόριος
863 2913 950 2965 καί
995 2911 1252 2982 λέγουσιν,
1279 2911 1364 2964 τὸν
1393 2910 1616 2987 ’Χριστόν
1665 2907 1924 2984 ἄνθρωπον
1970 2906 2120 2978 μόνον

533 3000 771 3072 ’λέγοντες
815 3003 1020 3073 ίπέχειν
1063 3001 1122 3055 τό
1165 3001 1434 3076 πρόσωπον
1473 3007 1561 3055 τοῦ
1603 3005 1732 3054 Θεοῦ
1777 3000 1947 3072 λόγου,
1977 2997 2118 3068 ἔχειν

547 3095 634 3150 τήν
663 3091 804 3155 ἀξίαν
841 3093 924 3145 καί
949 3097 1038 3149 την
1060 3094 1208 3161 τιμήν
1233 3096 1318 3144 τοῦ
1350 3097 1476 3144 Θεοῦ
1513 3089 1689 3162 λόγου,
1723 3092 1803 3141 καί
1836 3095 1924 3146 τήν
1959 3089 2116 3160 χάριν

2227 559 2290 598 ea
2317 559 2436 614 qua:
2483 543 2770 598 constituta
2799 556 2830 596 a
2857 543 3008 596 vobis
3047 551 3206 609 sunt,
3245 559 3309 598 ea
3337 544 3452 614 ipsa
3484 543 3566 598 ab
3619 543 3826 599 Ariani:

2227 643 2390 703 atque
2409 632 2741 689 Nestorianis
2767 630 3025 687 adversus
3043 632 3326 687 Dominum
3355 640 3623 688 nostrum
3645 630 3820 686 Iesum

2225 726 2494 781 Christum
2517 726 2706 795 .impie
2769 725 3042 780 sustineri.
3110 723 3293 778 Ariani
3343 724 3562 779 scilicet
3639 721 3822 777 Filia

2226 825 2530 871 creaturam
2559 829 2679 870 esse
2705 825 2867 884 atque
2895 823 3210 869 extraneum
3238 829 3271 866 a
3299 823 3536 882 paterna
3566 812 3817 867 substan-

2225 909 2298 961 tia
2328 907 2696 962 demonstrare
2745 905 2965 970 conati,
3009 893 3474 974 passionem'ejus
3513 915 3816 971 cascean

2225 998 2445 1052 humilia
2493 996 2595 1052 soli
2625 996 2864 1049 tribuunt
2907 993 3204 1058 divinitati;
3255 992 3578 1047 Nestoriani
3616 1000 3811 1054 contra,

2223 1089 2314 1156 qui
2343 1088 2478 1142 duos
2525 1087 2776 1142 invehere
2823 1084 2960 1140 ﬁlios
3004 1085 3263 1151 nituntur,
3312 1085 3623 1155 separatim
3661 1085 3812 1140 Dem

2229 1175 2488 1244 Verbum,
2515 1177 2911 1245 separatimque
2945 1189 3138 1244 purum
3168 1175 3442 1230 hominem
3470 1176 3808 1245 proﬁtentur,

2225 1280 2452 1335 quasque
2497 1265 2565 1320 ad
2615 1265 2973 1319 humilitatem
3015 1264 3290 1334 pertinent
3355 1265 3647 1333 passionis
3707 1264 3808 1319 solo

2225 1355 2428 1410 homini
2457 1353 2807 1422 adjudicanda
2835 1367 2952 1408 esse
2981 1352 3295 1408 decernunt.
3322 1352 3534 1408 Verum
3567 1369 3682 1410 εισι
3710 1353 3806 1408 hac

2225 1459 2256 1498 a
2283 1443 2482 1498 sanctis
2509 1443 2756 1498 Patribus
2779 1443 3040 1498 docemur
3068 1460 3082 1494 :
3113 1457 3288 1512 neque
3317 1443 3464 1497 enim
3491 1459 3566 1498 ex
3593 1445 3681 1500 his
3705 1459 3806 1513 qu:

2225 1534 2455 1592 demisse
2483 1533 2622 1588 dicta
2649 1541 2772 1588 sunt
2799 1533 3092 1588 divinitatis
3121 1533 3240 1588 Filii
3272 1537 3702 1591 conversionem
3726 1538 3804 1589 ad-

2224 1625 2462 1687 mittunt,
2492 1623 2943 1692 quemadmodum
2975 1639 3147 1692 neque
3173 1640 3241 1679 ex
3267 1625 3602 1682 sublimibus
3627 1628 3800 1682 divini-

2225 1720 2390 1768 tatem
2419 1713 2664 1768 dividunt
2686 1714 2752 1768 ab
2781 1713 3133 1780 humanitate,
3159 1714 3251 1769 sed
3273 1715 3342 1769 de
3365 1731 3477 1770 uno
3506 1717 3798 1784 eodemque

2154 1811 2200 1871 Β
2225 1802 2338 1858 Deo
2368 1801 2544 1858 Verbo
2573 1804 2848 1858 incarnato
2898 1805 3223 1874 homineque
3249 1803 3391 1860 facto
3420 1813 3533 1860 tam
3561 1806 3798 1863 summ

2222 1907 2384 1962 quam
2413 1892 2630 1947 humilia
2659 1892 2799 1948 dicta
2831 1908 2950 1948 esse
2980 1895 3329 1950 tradiderunt.

2295 1979 2429 2035 Cum
2457 1987 2637 2035 autem
2686 1981 2740 2035 in
2767 1981 2960 2036 vestris
3001 1981 3188 2037 iisdem
3231 1983 3506 2054 capitibus
3531 1985 3642 2041 hoc
3666 1983 3795 2055 adje-

2225 2071 2404 2128 ceritis
2428 2071 2591 2126 etiam
2613 2111 2632 2140 ,
2659 2085 2729 2126 ex
2764 2071 2951 2126 eadem
2979 2071 3229 2128 haustum
3258 2074 3489 2143 epistola
3515 2114 3531 2140 ,
3563 2084 3710 2131 recte
3731 2075 3794 2133 ili

2224 2161 2356 2216 duas
2383 2168 2632 2226 naturas,
2663 2161 2876 2215 unicam
2907 2168 3088 2215 autem
3117 2176 3432 2231 personam,
3465 2165 3682 2220 unicam
3705 2181 3794 2235 po-

2225 2255 2473 2304 testatem
2502 2248 2633 2314 dici,
2662 2249 2800 2304 circa
2847 2249 3078 2319 idipsum
3109 2265 3325 2320 quoque
3356 2252 3501 2307 illius
3526 2255 3794 2324 scriptoris

2223 2347 2558 2416 impietatem
2597 2360 2776 2416 operas
2818 2347 3047 2416 pretium
3077 2347 3180 2402 erit
3206 2347 3483 2418 detegere.
3533 2350 3641 2418 Qui
3669 2354 3791 2407 enim

2224 2459 2332 2498 non
2360 2441 2646 2498 confitetur
2687 2442 2852 2496 Deum
2882 2441 3113 2497 Verbum
3151 2443 3488 2499 incarnatum
3525 2463 3603 2502 ex
3645 2448 3792 2504 lat-ia

2223 2533 2480 2600 Virgine,
2524 2539 2579 2586 et
2606 2531 2877 2585 hominem
2916 2529 3112 2586 factum
3151 2547 3306 2601 esse,
3351 2534 3644 2604 cujusnam
3683 2537 3790 2593 dicit

2221 2623 2354 2678 duas
2397 2638 2516 2679 esse
2558 2623 2816 2677 naturas?
2864 2621 2970 2676 Sed
3017 2631 3172 2693 patet
3214 2624 3388 2694 ipsum
3421 2626 3556 2682 duas
3586 2639 3792 2684 nam

2226 2707 2347 2763 loco
2378 2725 2729 2778 personarum
2773 2713 3082 2779 admittere,
3121 2713 3359 2769 Nestorii
3407 2713 3789 2788 Theodorique

2229 2814 2418 2865 sensu,
2439 2814 2576 2868 quos
2597 2801 2824 2853 summis
2849 2803 3101 2858 laudibus
3122 2805 3479 2860 exsecrabilis
3499 2820 3565 2860 ea
3589 2811 3791 2862 extollit

2220 2891 2464 2962 epistola.
2502 2890 2558 2946 Si
2593 2891 2735 2946 enim
2784 2889 2994 2944 unicam
3025 2905 3308 2958 personam
3348 2891 3685 2961 unicumque
3709 2893 3785 2950 Fi-

2220 2982 2348 3036 lium
2375 2979 2611 3036 indicare
2636 2981 2844 3034 videtur
2880 2979 3126 3048 epistola,
3162 2979 3264 3035 hac
3305 2979 3565 3049 loquendi
3598 2983 3789 3035 ratione

2219 3071 2303 3126 usi
2329 3079 2453 3126 sunt
2480 3069 2758 3124 Nestorius
2783 3070 2943 3124 etiam
2972 3079 3026 3123 et
3055 3068 3384 3133 Theodorus,
3415 3070 3632 3126 aientes
3655 3070 3790 3126 Chri-

545 3189 638 3242 τῆς
680 3183 958 3246 υἱοθεσίας,
991 3185 1079 3234 καί
1113 3183 1182 3241 είς
1223 3181 1373 3234 τόπον
1401 3181 1554 3232 αὑτοῦ
1583 3180 2004 3248 προσκυνεῖσθαι,
2037 3182 2118 3232 καί

2221 3169 2362 3216 stum
2391 3173 2582 3229 purum
2611 3159 2880 3214 hominem
2909 3159 3268 3227 superhabere
3298 3159 3394 3213 Dei
3425 3159 3590 3214 Verbi
3623 3174 3789 3230 perso-

547 3273 632 3330 ὂιά
653 3281 804 3330 τοῦτο
831 3278 1186 3347 ὑποκρίνονται
1221 3275 1378 3345 λέγειν
1403 3273 1490 3326 ἕνα
1526 3273 1632 3325 υἱὸν
1653 3275 1734 3324 καὶ
1769 3271 1817 3324 ἓν
1845 3273 2118 3346 πρόσωπον

550 3373 642 3422 τοῦ
671 3363 822 3436 λόγου
862 3368 948 3418 καί
974 3369 1060 3417 τοῦ
1093 3369 1336 3435 Χριστοῦ,
1362 3368 1711 3420 νοινωνοῦντος
1740 3361 1872 3431 μόνῳ
1910 3369 1981 3430 τῷ
2009 3362 2117 3414 ὀνό-

548 3475 671 3526 ματι
706 3462 797 3512 τῆς
840 3454 1068 3512 υίὸτητος
1089 3467 1102 3480 ⁸
1132 3459 1282 3506 τοῦτο
1311 3451 1364 3506 δέ
1402 3449 1650 3506 δείκνυται
1694 3460 1916 3524 φανεργῶς
1941 3454 1994 3504 ἐκ
2027 3457 2116 3506 τοῦ

547 3543 702 3614 λέγειν
729 3549 817 3601 τήν
863 3543 1127 3606 ἐπιστολήν
1157 3550 1254 3596 τῶν
1295 3541 1384 3596 δύο
1414 3543 1610 3614 φύσεων
1636 3545 1755 3612 μίαν
1783 3543 2026 3606 ἐξουσίαν,
2052 3545 2120 3601 ὡς

549 3639 633 3690 καί
654 3637 802 3705 ὑμεῖς
828 3633 1105 3706 ἐγράψατε.
1152 3636 1248 3688 Μία
1274 3635 1373 3706 γάρ
1402 3634 1599 3697 ἐξουσία
1639 3635 1728 3686 οὑκ
1755 3635 1838 3687 ἐπὶ
1873 3631 2119 3706 διαφόρων

548 3727 765 3798 φύσεων.
789 3725 891 3777 ἀλλ’
935 3725 1018 3780 ἐπί
1041 3723 1284 3796 διαφόρων
1309 3723 1508 3796 λέγεται
1535 3725 1842 3798 προσώπων,
1877 3721 2004 3798 ὅπερ
2035 3725 2120 3776 ἐπί

548 3827 640 3878 τῆς
667 3816 812 3887 ἁγίας
841 3815 1042 3889 τριάδος
1071 3815 1422 3886 ὁμολογοῦμεν.
1450 3811 1596 3868 ὀθεν
1623 3817 1706 3868 καί
1733 3815 1778 3867 οἱ
1804 3813 1938 3886 ἅγιοι
1965 3813 2119 3867 πατέ-

549 3925 635 3982 ρες
664 3906 1028 3976 ἀνεθεμάτισαν
1057 3907 1174 3964 τοὺς
1201 3906 1436 3977 λέγοντας
1463 3905 1592 3958 κατά
1621 3901 1864 3972 δύναμιν,
1894 3901 1924 3960 ἦ
1951 3904 2113 3966 ἀξίαν,

546 3997 576 4054 ἢ
605 3997 882 4057 αὑθεντίαν,
905 3995 935 4055 ἦ
979 3997 1192 4066 σχέσιν,
1223 3995 1253 4054 ἢ
1281 4003 1430 4068 τιμήν
1482 3997 1706 4055 ἡνῶσθαι
1743 4001 1816 4068 τῷ
1862 3994 1990 4066 λόγῳ
2032 3995 2116 4048 τὸν

544 4083 824 4163 ἄνθρωπον,
856 4089 940 4140 καί
969 4091 1039 4156 μή
1067 4085 1426 4158 ὁμολογοῦντας
1461 4085 1562 4138 καθ’
1582 4085 1870 4140 ὑπόστασιν
1899 4093 1997 4138 τῶν
2027 4083 2116 4138 δύο

545 4177 740 4248 φύσεων
763 4180 852 4234 τὴν
875 4176 1050 4230 ἕνωσιν
1081 4174 1087 4180 ’
1116 4176 1418 4245 γεγενῆσθαι.
1445 4171 1619 4234 Ὀπως
1657 4171 1712 4226 δὲ
1739 4176 1819 4227 καί
1843 4178 1994 4228 τοῦτο
2023 4173 2113 4248 ὀρ-

542 4269 642 4328 θῶς
684 4269 940 4342 εἰρημένον
981 4274 1092 4326 τοῖς
1134 4267 1292 4337 ἁγίοις
1339 4267 1568 4335 πατράσι
1600 4267 1720 4334 περὶ
1749 4263 1986 4339 διαφορᾶς
2015 4271 2115 4318 τῶν

542 4359 632 4413 δύο
652 4361 867 4432 φύσεων,
892 4358 939 4410 οί
957 4359 1022 4412 τὰ
1045 4363 1317 4429 Νεστορίου
1340 4354 1644 4418 δοξάζοντες,
1670 4354 1735 4406 ὧν
1759 4363 1850 4414 τῆς
1872 4357 2116 4414 ἀπιστίας

541 4449 778 4522 ἀρχηγός
814 4450 924 4500 ἐστι
963 4445 1238 4518 Θεόδωρος,
1263 4445 1462 4508 ἀσεϐῶς
1491 4445 1878 4513 ἑκλαμϐάνουσι,
1906 4445 1998 4505 τὰς
2025 4446 2116 4516 φύ-

541 4559 648 4598 σεις
677 4541 790 4592 ἀντί
815 4539 1108 4612 προσώπων
1135 4537 1376 4607 λέγνιντες,
1400 4537 1482 4587 καί
1506 4536 1792 4608 προσώπων
1820 4536 1948 4589 κατά
1985 4535 2116 4604 σχέ·

539 4647 624 4681 σιν
673 4626 852 4680 ἕνωσιν
905 4625 1302 4700 πρεσϐεύοντες,
1351 4623 1402 4676 έν
1445 4624 1716 4700 πρόσωπον
1771 4626 2114 4700 ὑποκρίνονται

543 4715 717 4789 λέγειν,
741 4717 893 4776 αὐτὸς
916 4716 941 4770 ὁ
965 4717 1157 4776 ἀσεϐής
1179 4714 1438 4790 Θεόδωρος
1459 4715 1700 4770 δείκνυσιν
1725 4717 1774 4768 ἐν
1794 4724 1864 4785 τῷ
1886 4716 2115 4791 τετάρτῳ

539 4805 667 4880 λόγῳ
692 4813 790 4862 τῶν
803 4805 1302 4880 κατά’Δπολλιναρίου
1327 4813 1418 4860 τοῦ
1438 4807 1683 4880 αἱρετικοῦ
1705 4807 1904 4880 γράφων
1931 4806 2114 4866 οὑτως·

544 4919 564 4953 ε
586 4901 856 4972 Αὑτὰρκως
888 4899 948 4959 δή
976 4901 1034 4956 τὸ
1059 4899 1288 4973 διάφορον
1315 4906 1414 4954 τῶν
1437 4903 1634 4972 φύσεων
1654 4901 1768 4970 ἡμῖν
1795 4899 2117 4955 ὑποδείκνυσι

537 4993 624 5051 ὂιά
647 4995 862 5050 τούτων’
893 4992 943 5048 εἴ
962 5015 1018 5064 γε
1045 4995 1103 5048 τό
1145 4996 1235 5064 μὲν
1267 4993 1615 5057 ἐκπλήττεται,
1642 4994 1709 5052 ὡς
1749 4990 1812 5048 δι’
1837 4993 2115 5070 ὑπερϐολήν

539 5086 906 5158 φιλανθρωπίας
946 5087 1196 5156 ἑλόμενον,
1225 5090 1420 5158 μνήμην
1459 5107 1514 5142 τε
1558 5087 1642 5139 καί
1675 5086 1941 5156 ἑπίσκειέιν
1969 5091 2116 5144 ποιή-

539 5178 733 5231 σασθαι
759 5183 850 5230 τοῦ
893 5177 1054 5236 οὕτως
1080 5177 1331 5236 εὐτελοῦς-⁸
1363 5177 1450 5232 τόν
1493 5175 1546 5230 δέ
1575 5177 1885 5250 μακαριστίν
1922 5179 2115 5250 ἡγεῖται

540 5270 608 5330 ὡς
629 5270 866 5324 τοιούτων
887 5269 1170 5340 ἠξιωμένων
1199 5267 1352 5336 (Sic).
1381 5265 1521 5322 ’Δλλά
1549 5269 1646 5344 γὰρ
1673 5266 1807 5322 οὕτω
1835 5271 1924 5338 μέν
1949 5272 2037 5326 τήν
2059 5289 2112 5324 τε

535 5361 784 5436 διαίρεσιν
805 5368 907 5416 τῶν
928 5363 1124 5434 φύσεων
1145 5369 1365 5416 ποιεῖται
1380 5403 1392 5424 ,
1418 5361 1500 5413 καί
1523 5363 1618 5428 μὴν
1641 5361 1726 5412 καί
1752 5363 1840 5416 τήν
1870 5355 2112 5430 διαφορὰν

539 5460 629 5512 τῆς
656 5471 712 5507 τε
738 5457 828 5507 τοῦ
866 5451 1106 5511 λαϐόντος
1151 5453 1348 5524 φύσεως
1370 5454 1452 5504 καί
1477 5457 1568 5510 τῆς
1597 5455 1688 5504 τοῦ
1711 5449 1971 5521 ληφθέντος
1999 5450 2112 5517 ἡμῖν

537 5539 888 5599 ὑποδείκνυσιν
917 5545 948 5601 ἦ
981 5545 1086 5597 θεία
1116 5546 1297 5620 γραφή·
1339 5545 1674 5617 φροντίζουσα
1711 5539 1766 5595 δέ
1805 5546 1897 5594 τοῦ
1923 5542 2004 5592 καί
2024 5544 2112 5596 τήν

535 5632 716 5685 ἕνωσιν
760 5635 876 5702 ἡμῖν
921 5633 1304 5700 ὑποδεικνύναι,
1343 5635 1461 5702 ἣτῷ
1489 5632 1712 5702 ληφθέντι
1751 5631 2106 5704 προσγέγονεν,

539 5719 672 5781 λέγει
701 5721 934 5782 πολλάκις
960 5724 1062 5776 καθ’
1085 5724 1266 5778 ἕνωσιν
1289 5725 1354 5777 τὰ
1379 5723 1596 5797 ἑκάτερα
1629 5728 1729 5776 τῶν
1755 5721 1949 5792 φύσεων
1975 5717 2109 5774 ἰδια-

521 5804 730 5868 ’ζόθτωε
769 5809 897 5881 πρός
940 5806 1082 5872 ὄντα.
1111 5815 1177 5872 ὡς
1203 5809 1261 5866 ἂν
1289 5819 1377 5871 τήν
1401 5811 1532 5882 πρὸς
1569 5808 1652 5862 τόν
1679 5806 1895 5866 λαϐόντα
1932 5807 2110 5862 ἕνωσιν

2223 3265 2364 3316 nam,
2389 3250 2692 3318 habereque
2710 3249 2806 3304 Dei
2821 3249 2982 3304 Verbi
3003 3250 3260 3305 honorem
3281 3259 3443 3318 atque
3463 3250 3787 3320 dignitatem,

2221 3348 2551 3416 gratiamque
2596 3346 2898 3416 adoptionis
2945 3356 3205 3417 prmterea
3236 3389 3253 3413 ,
3300 3356 3466 3418 atque
3520 3351 3640 3415 ejus
3686 3348 3789 3404 loco

2222 3437 2466 3502 adorari;
2501 3437 2849 3505 quamobrem
2874 3451 2933 3490 se
2963 3437 3176 3490 unicum
3228 3436 3419 3490 Filium
3477 3439 3788 3507 unicamque

2221 3527 2736 3598 Christi‘personam
2767 3527 2944 3582 dicere
2970 3527 3240 3592 simulant,
3271 3527 3389 3582 solo
3417 3529 3788 3583 convenientes

2222 3621 2498 3676 liliationis
2542 3619 2759 3675 nomine
2781 3659 2797 3687 ,
2835 3619 2980 3686 quod
3016 3617 3294 3673 manifeste
3319 3633 3386 3672 ex
3415 3621 3788 3674 sententiarum

2220 3711 2380 3766 modo
2403 3751 2418 3777 ,
2449 3709 2541 3782 qui
2620 3710 2676 3764 in
2705 3708 2931 3778 epistola
2976 3707 3258 3762 adhibetur
3281 3748 3296 3773 ,
3337 3707 3611 3776 colligitur
3631 3749 3648 3773 ,
3695 3722 3788 3776 quo

2218 3799 2412 3854 dicitur
2461 3798 2689 3867 duplicis
2749 3805 2953 3852 natum
3007 3796 3218 3852 unicam
3271 3811 3392 3852 esse
3439 3805 3788 3866 potestatem,

2218 3887 2662 3959 quemadmodum
2709 3887 2910 3956 pari‘er
2949 3901 3045 3941 vos
3094 3885 3195 3955 ipsi
3249 3886 3562 3955 scripsistis.
3631 3885 3789 3942 Unica

2219 3995 2412 4050 nempe
2473 3986 2709 4048 potestas
2770 3993 2876 4031 non
2935 3977 3002 4031 de
3067 3977 3291 4032 diversis
3377 3980 3620 4041 naturis.
3703 3977 3789 4032 sed

2215 4069 2282 4124 de
2362 4067 2584 4122 diversis
2673 4067 2916 4136 personis
2989 4065 3208 4134 dicitur,
3271 4065 3417 4136 quod
3503 4065 3670 4120 etiam
3740 4066 3788 4120 ia

2215 4167 2400 4215 sancta
2471 4157 2730 4212 Trinitate
2805 4157 3140 4226 agnoscimus
3223 4163 3388 4224 atque
3455 4155 3786 4211 conﬁtemw.

2215 4249 2575 4317 Quamobrem
2655 4247 2750 4304 SS.
2811 4246 2996 4303 Patres
3069 4247 3353 4300 anathema
3422 4245 3676 4300 dixerunt
3732 4247 3789 4301 iis

2215 4340 2304 4408 qui
2353 4337 2679 4393 affirmarent
2727 4338 2996 4392 hominem
3044 4335 3153 4390 Deo
3206 4335 3382 4390 Verbo
3433 4337 3641 4389 unitum
3680 4351 3790 4390 esse

2217 4429 2509 4486 secundum
2544 4430 2871 4499 potentiam,
2910 4428 2994 4482 vel
3028 4435 3376 4498 potestatem,
3409 4427 3494 4480 vel
3525 4427 3784 4498 habitum,

2217 4522 2303 4576 vel
2329 4521 2672 4590 dignitatem;
2704 4535 2880 4590 neque
2913 4521 3166 4574 unionem
3190 4518 3381 4572 factam
3403 4533 3525 4572 esse
3544 4517 3598 4570 in
3622 4511 3790 4586 dupli-

2218 4616 2295 4670 cis
2322 4624 2525 4670 naturae
2555 4616 2708 4669 unica
2731 4613 3067 4669 subsistentia
3088 4611 3396 4666 faterentur.
3427 4610 3790 4675 Quemadmo-

2219 4712 2344 4767 dum
2371 4708 2514 4780 quod
2541 4708 2744 4778 pariter
2769 4713 2916 4760 recte
2937 4705 3136 4758 dictum
3166 4720 3195 4757 a
3226 4702 3416 4757 sanctis
3437 4699 3699 4756 Patribus
3720 4710 3790 4755 est

2217 4801 2285 4856 de
2309 4800 2532 4868 duplicis
2558 4805 2762 4851 naturae
2789 4795 3114 4861 discrimine,
3136 4794 3187 4848 id
3217 4792 3443 4848 Nestorii
3463 4802 3789 4858 sectatores,

2220 4889 2506 4945 Theodoro
2535 4885 2864 4942 infidelitatis
2887 4883 3043 4946 duce,
3065 4881 3226 4952 impie
3247 4891 3548 4946 assumunt,
3579 4891 3790 4936 naturas

2220 4982 2339 5038 loco
2358 4993 2705 5051 personarum
2726 4977 3083 5042 nominantes,
3105 4983 3159 5029 et
3179 4987 3528 5044 personarum
3552 4973 3790 5025 habitu:-

2216 5073 2320 5128 lem
2346 5072 2595 5125 unionem
2617 5075 2954 5132 venerantes,
2976 5074 3034 5120 ut
3054 5081 3212 5120 unam
3233 5064 3487 5118 simulent
3507 5077 3789 5131 personam

2215 5181 2276 5221 se
2320 5165 2518 5220 dicere.
2562 5162 2760 5230 Impius
2805 5161 2917 5229 ipse
2964 5159 3016 5212 id
3065 5156 3300 5212 ostendit
3347 5154 3704 5222 Theodorus,
3741 5158 3788 5208 in

2215 5271 2408 5334 quarto
2454 5262 2710 5316 adversus
2749 5257 3134 5328 Apollinarium
3183 5254 3518 5334 haereticum
3542 5267 3790 5308 sermone

2213 5328 2329 5410 hzec
2356 5353 2596 5409 scribens
2628 5369 2640 5404 :
2681 5371 2698 5402 ι
2727 5349 2868 5404 Satis
2907 5347 3150 5417 profecto
3189 5345 3344 5399 nobis
3369 5328 3688 5399 naturarum
3715 5344 3790 5396 ὥς

2212 5446 2442 5498 scrimen
2471 5441 2790 5507 ostenditur,
2819 5454 2916 5508 per
2942 5438 3056 5492 bzec
3095 5449 3210 5504 qua:
3239 5434 3513 5504 proposita
3544 5442 3689 5495 sunt,
3719 5431 3788 5485 si-

2213 5534 2427 5604 quidem
2475 5532 2579 5586 hoc
2625 5529 2980 5592 concluditur,
3011 5536 3262 5596 tauquam
3309 5539 3406 5594 per
3447 5522 3789 5592 benignitat's

2210 5623 2752 5695 superabundantiam
2782 5621 3080 5675 institutum
3117 5632 3238 5672 esse
3265 5623 3322 5671 ut
3349 5617 3428 5670 sic
3456 5621 3656 5684 sumpti
3695 5613 3789 5668 ho-

2210 5713 2368 5768 minis
2395 5711 2653 5765 memoria
2683 5717 2738 5763 et
2767 5709 3003 5763 visitatio
3033 5707 3202 5770 fieret,
3232 5704 3600 5760 beatissimum
3627 5715 3789 5771 porro

2210 5805 2568 5868 existimatur,
2591 5799 2757 5856 veluti
2781 5800 2965 5856 talium
2983 5813 3141 5856 causa
3168 5796 3534 5866 dignationum
3557 5788 3785 5867 (Sie).ld
