3924 6294
212 246 347 314 1073

992 245 1356 305 EPISTOLA
1396 246 1792 305 ADVERSUS
1829 244 2307 305 THEODORUM
2344 242 2757 303 MOPSUEST.

3316 254 3451 319 10H

201 373 292 424 τοῦ
313 367 570 437 ληφθέντος
598 369 714 439 ἡμῖν
740 365 1161 441 παραδηλὼσειεν,
1197 364 1297 421 ὅσα
1323 386 1374 420 τε
1406 366 1570 435 τούτῳ
1600 366 1651 416 ἐκ
1673 372 1761 422 τῆῖ

1869 361 2038 429 ipsum
2062 367 2238 411 autem
2266 368 2572 411 naturarum
2602 356 2989 411 distinctionem
3020 359 3273 426 ostendit,
3296 374 3441 431 quon

199 459 321 533 πρὸς
358 463 534 512 ἐκεῖνον
559 460 751 529 γέγονεν
770 460 1055 529 συναφείας.
1071 455 1468 520 »Ἂποδείξαντες
1493 458 1655 511 τοίνυν
1677 458 1763 510 τὸν

200 546 427 606 δυσσεϐῆ
457 546 708 617 Θεόδωρον
735 550 826 607 τὰς
856 549 1029 620 φὺσεις
1073 549 1182 601 ἀντὶ
1216 550 1508 622 προσώπων
1534 546 1762 617 λέγοντα,

201 636 283 696 ἴτε
309 644 509 708 μείζονα
546 641 913 713 προαγάγωμεν
946 641 1096 692 αὐτοῦ
1131 638 1447 708 βλασφημίαν
1473 635 1767 706 διελέγχου-

203 748 300 781 σαν
325 730 498 791 αὑτὸν,
527 730 668 781 ποίαν
702 727 830 800 λέγει
862 735 953 785 τήν
980 730 1155 782 ἕνωσιν
1192 728 1319 803 πρὸς
1347 729 1640 799 κατάκρισιν
1667 734 1765 781 τῶν

200 817 516 874 δκδικοὺντων
555 819 728 872 αὑτὸν.
759 819 835 871 Ἐν
859 820 955 891 γάρ
985 825 1055 888 τῷ
1080 822 1200 890 περὶ
1238 820 1653 891 ένανθρωπήσεως
1683 820 1765 886 ὀγ-

198 909 293 981 δόῳ
328 911 456 981 λόγῳ
485 910 617 964 οὕτω
646 910 794 979 λέγει·
828 927 847 959 ε
883 909 1122 976 Προδηλον
1151 909 1204 963 δέ
1231 912 1297 967 ὡς·
1327 910 1384 962 τὸ
1419 916 1510 968 τῆς
1544 909 1766 966 ἐνὼσεως

199 1000 493 1072 έφαρμόζει³
526 998 611 1053 διά
653 1001 750 1073 γὰρ
792 1003 984 1057 ταύτης
1024 1000 1358 1066 συναχθεῖσαι
1408 998 1459 1052 αἱ
1496 1004 1689 1067 φύσεις,
1717 996 1766 1048 ἓν

197 1090 465 1163 πρόσωπον
513 1088 644 1141 κατά
680 1092 771 1145 τήν
806 1088 986 1142 ἕνωσιν
1026 1088 1359 1142 ἀπετέλεσαν·
1395 1089 1463 1146 ὥς
1489 1107 1542 1140 τε
1585 1084 1712 1160 ὅπερ
1741 1085 1766 1138 ὁ

198 1188 366 1247 κυριος
397 1177 479 1230 ἐπί
519 1197 575 1229 τε
612 1183 699 1232 τοῦ
727 1174 906 1249 ἀνδρὸς
933 1179 1017 1230 καί
1042 1185 1133 1235 τῆς
1161 1177 1391 1247 γυναικός
1417 1196 1587 1247 φησιν.
1616 1177 1682 1234 ὥς
1711 1196 1765 1230 τε

202 1265 372 1318 οὐκέτι
402 1266 499 1318 εἰσὶ
551 1263 665 1329 δύο,
694 1265 816 1319 ἀλλά
845 1266 972 1334 σὰρξ
996 1267 1107 1335 μία,
1142 1263 1364 1336 εἴποιμεν
1406 1259 1466 1318 ἀν
1509 1269 1590 1319 καί
1626 1267 1787 1331 ἡμεῖς,

198 1354 402 1412 εἰκότως
439 1356 566 1409 κατὰ
588 1356 672 1409 τὸν
699 1362 788 1415 τῆς
828 1355 1054 1418 ένὼσεως
1083 1353 1248 1427 λόγον,
1276 1356 1344 1414 ὥς
1373 1376 1426 1409 τε
1455 1358 1618 1411 οὐκέτι
1646 1359 1767 1409 εἰσὶν

197 1439 291 1493 δύο
330 1441 604 1514 πρόσωπα,
628 1441 732 1495 ἀλλ’
764 1441 834 1505 ἓν,
873 1442 1091 1501 δηλονὸτι
1146 1451 1243 1498 τῶν
1272 1446 1468 1516 φύσεων
1515 1442 1768 1517 διακεκρι-

197 1532 378 1599 μένων.
407 1528 604 1604 Ὠσπερ
656 1535 755 1607 γάρ
792 1535 896 1587 ἐκεῖ
936 1536 993 1588 οὑ
1030 1535 1320 1604 λυμαίνεται
1352 1543 1424 1606 τῷ
1455 1537 1649 1609 ἀριθμῷ
1676 1543 1768 1594 τῆς

196 1615 387 1679 δυάδος
417 1623 475 1674 τὸ
510 1625 626 1691 μίαν
660 1623 887 1692 λέγεσθαι
928 1629 1019 1682 τήν
1046 1626 1211 1698 σάρκα
1242 1622 1505 1700 (πρόδηλον
1529 1631 1624 1698 ’γὰρ
1648 1625 1765 1677 καθό

1865 447 2077 515 quidem
2102 446 2359 499 sumentis
2387 448 2690 516 sumptique
2720 455 2920 501 natura:
2949 447 3233 503 discrimen
3259 450 3437 506 divina

1868 537 1980 606 ipsa
2010 537 2162 590 nobis
2206 535 2438 590 ostendit
2483 536 2779 606 Scriptura.
2829 537 3068 593 lttdicare
3095 540 3292 610 quippe
3318 555 3437 597 eam

1867 627 2121 679 unitatem
2150 626 2335 680 volens
2360 641 2477 694 qua:
2519 626 2583 679 ad
2625 627 2674 679 id
2704 628 2844 696 quod
2872 636 3139 698 sumptum
3169 637 3251 683 est
3277 632 3439 700 perti-

1867 727 1980 783 net,
2010 718 2140 772 dicit
2162 732 2257 787 per
2279 720 2531 772 unitatem
2556 718 2667 772 sive
2688 721 2936 773 unionem
2954 728 3205 789 utrasque
3223 730 3445 777 naturas

1866 808 1965 862 sibi
1996 807 2181 861 fecisse
2209 807 2485 876 proprias;
2510 808 2583 862 ita
2605 816 2682 875 ut,
2706 824 2856 876 aeque
2884 798 2998 875 ejus
3025 810 3114 878 qui
3146 820 3439 881 eratatque

1865 899 2089 965 sumpsit
2108 912 2171 953 ac
2192 899 2305 965 ejus
2324 899 2412 967 qui
2429 906 2669 967 sumptus
2690 907 2773 953 est
2793 895 2942 954 nobis
2965 901 3253 955 ostenderit
3268 904 3441 957 unita-

1868 1006 1994 1064 tem,
2021 1012 2139 1066 qua:
2161 1012 2225 1051 ex
2249 997 2385 1051 facta
2417 1013 2536 1050 cum
2561 998 2674 1066 ipso
2696 999 3073 1067 conjunctione
3100 1002 3383 1068 processit.
3415 1021 3435 1054 ι

1936 1090 2069 1144 Cum
2114 1090 2292 1157 itaque
2329 1089 2750 1143 demonstratum
2801 1090 3097 1145 luculenter
3123 1092 3193 1144 sit
3221 1093 3438 1162 impium

1867 1177 2207 1231 Theodorum
2245 1186 2448 1232 naturae
2488 1193 2681 1232 nomen
2720 1195 2818 1247 pro
2858 1194 3087 1249 persona
3132 1196 3438 1252 usurpasse,

1866 1266 2186 1321 deteriorem
2217 1267 2387 1320 adhuc
2415 1266 2529 1333 ejus
2576 1267 2959 1335 blastthemiam
3003 1270 3336 1337 pro"eremus
3382 1274 3436 1327 iu

1867 1356 2117 1420 medium,
2148 1369 2253 1423 qua
2282 1355 2457 1421 docet,
2489 1356 2616 1423 quid
2645 1357 2756 1425 ipse
2787 1358 3002 1413 unitatis
3034 1359 3249 1414 nomine
3278 1361 3435 1416 intcl~

1868 1446 2032 1512 ligat,
2064 1452 2123 1498 ut
2148 1444 2355 1513 plenius
2380 1445 2803 1499 condemnentur
2838 1446 2953 1513 ejus
2990 1449 3435 1515 patrocinatores.

1866 1536 1922 1588 In
1952 1544 2143 1590 octavo
2182 1535 2341 1604 igitur
2374 1550 2621 1589 sermone
2671 1536 2737 1591 de
2764 1535 3135 1592 lncarnatione
3164 1540 3277 1595 lucc
3301 1543 3443 1598 scri-

1866 1626 1943 1679 bit
1974 1642 1986 1677 :
2024 1644 2042 1676 ι
2073 1623 2297 1680 Constat
2343 1635 2521 1679 autem
2567 1627 2694 1695 quid
2724 1629 2924 1683 unitate
2954 1630 3267 1700 importetur
3298 1651 3310 1686 :
3343 1649 3436 1704 per

195 1708 291 1778 μία
332 1708 572 1795 λέγεται),
598 1710 757 1770 οὕτως
801 1713 1055 1766 κάνταῦθα
1098 1715 1156 1766 οὐ
1200 1712 1492 1780 λυμαίνεται
1536 1718 1623 1769 τήν
1666 1719 1764 1765 τῶν

1869 1723 2006 1777 hanc
2054 1725 2194 1778 enim
2238 1724 2603 1779 coalescentes
2649 1736 2852 1801 natura:
2902 1730 3112 1785 unicam
3152 1746 3436 1800 personam

194 1798 394 1870 φύσεων
440 1798 681 1871 διαφοράν
719 1808 809 1855 τοῦ
848 1805 1123 1876 προσώπου
1166 1803 1197 1858 ἡ
1243 1802 1440 1859 ἕνωσις.
1495 1797 1645 1853 Ὀταν
1675 1803 1762 1870 μέν

194 1889 299 1961 γάρ
326 1890 416 1947 τὰς
441 1891 619 1959 φύσεις
640 1888 989 1964 διακρίνωμεν,
1017 1891 1209 1946 τελείαν
1233 1895 1321 1949 τήν
1346 1892 1497 1960 φύσιν
1521 1896 1611 1945 τοῦ
1635 1897 1765 1943 Θεοῦ

196 1977 350 2047 λόγου
377 1979 557 2049 φαμέν,
589 1981 672 2031 καί
700 1979 882 2031 τέλειον
904 1979 962 2034 τὸ
986 1980 1279 2052 πρόσωπον·
1305 1978 1415 2032 οὑδὲ
1444 1983 1542 2051 γὰρ
1567 1980 1764 2053 ἀπρόσο

197 2065 338 2119 ωηὸν
370 2066 517 2119 ἐστι-ἴ
540 2062 829 2121 ὑπόστασιν
865 2069 1048 2121 εἰπεῖν’
1099 2068 1288 2121 τελείαν
1325 2066 1378 2121 δέ
1420 2072 1503 2121 καί
1534 2074 1624 2125 τήν
1672 2075 1761 2122 τοῦ

189 2156 461 2229 ἀνθρώπου
483 2157 649 2226 φύσιν,
682 2161 764 2210 καί
794 2160 846 2211 τὸ
871 2160 1145 2232 πρόσωπον
1169 2158 1370 2227 ὁμοίως.
1394 2155 1551 2213 Ὀταν
1577 2161 1665 2228 μέν
1686 2180 1765 2212 τοι

192 2243 285 2296 ἐπὶ
330 2247 420 2300 τήν
465 2246 728 2315 συνάφειαν
758 2244 981 2314 εἴδωμεν.
1008 2245 1059 2299 ἓν
1088 2247 1363 2320 πρόσωπον
1388 2247 1499 2302 τότε
1533 2250 1701 2317 φαμέν.
1737 2266 1757 2299 ε

192 2334 372 2383 Ταῦτα
411 2333 582 2399 ὑμεῖς,
612 2335 652 2386 εἰ
697 2336 782 2386 καί
822 2337 1021 2407 φρικτὸν
1067 2337 1180 2388 ἐστι
1225 2336 1379 2407 λέγειν
1418 2345 1759 2411 χριστιανοῑς,

195 2415 340 2487 ὅμως
367 2416 449 2472 διὰ
481 2425 571 2478 τήν
596 2425 776 2488 μανίαν
802 2431 900 2476 τῶν
926 2423 1238 2478 έκδικοὺντων
1287 2423 1541 2497 Θεόδωρον
1569 2428 1646 2477 καί
1671 2431 1758 2482 τήν

190 2508 358 2567 ἀσεϐῆ
386 2511 568 2568 έκεένην
594 2513 875 2576 ἐπιστολήν,
899 2525 1205 2587 προαγαγεῖν
1228 2515 1619 2587 ἠναγκάσθημεν,
1642 2514 1757 2565 ’ἱλεω

188 2598 281 2657 τὸν
319 2601 437 2652 Θεὸν
475 2602 590 2669 ἡμίν
631 2602 1035 2673 παρακαλοῦντες
1084 2606 1331 2673 γενέσθαι·
1367 2601 1517 2675 δι’ὦν
1556 2603 1756 2655 πάντων

188 2685 564 2755 ἀποδέδεικται,
593 2688 670 2743 ὅτι
702 2695 872 2751 πάσης
900 2701 990 2751 τῆς
1016 2692 1275 2766 Θεοδώρου
1318 2694 1551 2751 ἀσεϐείας
1593 2698 1754 2761 μεστή

188 2776 334 2833 ἔστιν
353 2779 383 2835 ἡ
412 2782 686 2853 κατάρατος
712 2779 868 2841 έκείνη
896 2784 1151 2841 ἐπιστολή.

1870 1813 2074 1867 unitate
2100 1811 2405 1882 perficiunt;
2436 1815 2508 1867 ita
2537 1826 2615 1880 ut,
2638 1818 3085 1884 quemadmodum
3112 1822 3178 1877 de
3200 1826 3438 1881 masculo

1870 1910 1925 1953 et
1943 1901 2136 1954 femina
2160 1901 2413 1955 Dominus
2436 1904 2602 1972 inquit
2622 1920 2717 1959 eos
2737 1922 2845 1961 non
2859 1908 2970 1976 jam
2990 1910 3141 1978 duos,
3164 1913 3257 1967 sed
3278 1930 3436 1970 unam

1877 2000 2092 2039 carnem
2111 2001 2250 2052 esse;
2270 1988 2520 2041 similiter
2536 1991 2948 2059 etiam,u9itatis
2962 1996 3196 2050 rationes
3209 1997 3431 2064 nonjam

1877 2076 2014 2139 duae,
2042 2077 2131 2129 sed
2154 2078 2309 2130 unica
2329 2078 2397 2132 sit
2420 2095 2672 2148 persona,
2698 2092 2978 2137 constante
3000 2100 3212 2155 semper
3238 2086 3435 2140 distin-

1877 2165 2055 2217 ctione
2092 2175 2426 2221 naturarum.
2452 2168 2907 2232 Quemadmodum
2939 2176 3081 2227 cnim
3125 2175 3197 2228 ibi
3223 2179 3430 2229 numeri

1878 2269 1985 2308 non
2007 2256 2212 2309 tollitur
2237 2256 2542 2325 duplieitas,
2568 2261 2711 2328 quod
2737 2277 2841 2314 una
2864 2278 2991 2315 caro
3012 2264 3241 2331 dicatur,
3266 2267 3433 2336 liquet

1876 2352 2019 2402 enim
2041 2349 2490 2415 quemadmodum
2518 2368 2620 2405 una
2643 2355 2871 2419 dicatur,
2898 2358 3084 2411 eodem
3111 2361 3308 2427 pariter
3328 2377 3437 2414 mo-

1878 2434 1946 2488 do
1973 2436 2194 2489 minime
2221 2444 2532 2490 naturarum
2565 2441 2809 2496 aufertur
2841 2442 2988 2513 [Leg.
3013 2446 3210 2527 aufert]
3240 2449 3433 2502 discri—

1858 2535 1982 2574 men
2012 2522 2185 2575 unitas
2211 2523 2322 2591 ipsa
2349 2537 2609 2591 personaa.
2638 2524 2771 2579 Cum
2800 2542 2961 2596 porro
2988 2522 3205 2584 naturas
3231 2531 3434 2588 discet-

1858 2609 2355 2680 nimus,perfectam
2376 2612 2467 2666 Dei
2499 2613 2657 2668 Verbi
2687 2624 2930 2670 naturam
2963 2618 3435 2688 profitemur,per-

1856 2700 2156 2767 fectamque
2176 2715 2461 2768 personam
2480 2701 2607 2772 (non
2622 2705 2763 2757 enim
2783 2704 3084 2775 hypostasis
3103 2707 3207 2761 dici
3232 2709 3434 2779 absque

1857 2804 2085 2858 persona
2101 2791 2325 2860 potest),
2339 2791 2630 2860 perfectam
2656 2796 2854 2862 pariter
2874 2797 3158 2852 humanam
3188 2807 3435 2855 naturam

1867 2892 2255 2947 personamque
2275 2879 2537 2933 similiter.
2561 2880 2694 2935 Cum
2718 2892 2895 2939 autem
2922 2886 2975 2940 in
2998 2888 3183 2943 harum
3217 2886 3434 2959 copula-

186 2960 399 3019 tiouem
427 2965 538 3020 sive
566 2966 987 3034 conjunctionem
1016 2970 1249 3027 animum
1278 2972 1616 3036 intendimus,
1652 2971 1858 3024 unicam
1898 2978 2023 3025 tunc
2046 2986 2164 3025 esse
2193 2987 2475 3040 personam
2503 2975 2869 3042 praedicamus.
2893 2996 2910 3029 ι
2944 2977 3067 3034 Ηωο
3105 2995 3232 3045 nos,
3265 2997 3453 3050 quan-4

146 3070 355 3125 .quatn
382 3057 525 3112 dictu
570 3057 879 3115 Christianis
915 3062 1227 3129 horribilia,
1277 3062 1574 3131 producere
1609 3063 1663 3116 in
1713 3063 1942 3117 medium
1988 3064 2162 3119 coacti
2211 3080 2393 3119 sumus
2443 3080 2511 3119 ex
2558 3064 2823 3121 Theodori
2870 3069 3145 3140 impizeque
3198 3075 3435 3143 epistola:

188 3151 542 3213 patronorum
587 3149 811 3210 Insania,
844 3150 1148 3225 lpropitium
1196 3152 1348 3206 nobis
1396 3151 1563 3205 Deum
1615 3150 1729 3206 fieri
1777 3153 2149 3221 postulantes:
2194 3155 2385 3223 quibus
2429 3164 2603 3233 tamen
2632 3157 3053 3216 demonstratum
3080 3173 3161 3218 est
3190 3165 3435 3224 universa

189 3231 563 3289 Theodoriana
595 3238 866 3305 impietate
892 3241 1273 3294 exsecrabilem
1312 3254 1432 3293 eam
1477 3240 1758 3309 epistolam
1797 3257 1913 3297 esse
1941 3242 2210 3297 refertam.

265 3328 358 3378 fieri
374 3334 533 3381 ταῦτα
551 3330 640 3397 μέν
654 3327 850 3383 ἅπαντα
862 3332 1227 3403 ἀπεκρινάμεθα
1240 3332 1364 3402 πρὸς
1379 3334 1443 3385 τά
1455 3339 1525 3402 τῷ
1536 3333 1760 3405 ὑμετέρῳ

1933 3330 2001 3384 Ει
2029 3332 2143 3386 lucc
2172 3334 2387 3402 quidem
2432 3336 2610 3390 omnia
2653 3339 3020 3406 respondimus
3048 3342 3115 3396 ad
3143 3357 3207 3397 ea
3236 3358 3355 3413 quae
3379 3344 3434 3397 in

185 3415 615 3487 κεφαλαιογραφίῳ
646 3417 776 3485 (Sic)
805 3424 1143 3491 περιεχόμενα
1163 3460 1176 3481 ,
1207 3420 1268 3474 δι’
1299 3418 1363 3472 ὧν
1403 3422 1767 3475 ἐσπουδάσατε

184 3513 284 3565 τὴν
311 3509 467 3564 ἀσεϐῆ
495 3509 674 3565 έκείνην
712 3511 970 3567 ἐπιστολήν
1006 3509 1298 3571 ἔκδικὴται,
1331 3514 1415 3563 καί
1454 3508 1535 3563 διὰ
1574 3513 1761 3568 ταύτην

183 3603 285 3653 τήν
315 3595 573 3671 Θεοδώρου
615 3602 697 3651 καί
725 3602 988 3667 Νεστορίου
1036 3597 1321 3661 κακοδοξίαν
1369 3601 1759 3661 ἀνανεώσασθαι,

183 3686 259 3740 ὧν
283 3692 371 3745 τὴν
420 3687 655 3740 ἀσέϐειαν
707 3691 736 3746 ἠ
782 3688 904 3746 αὑτὴ
956 3689 1189 3746 imos-021i
1230 3693 1444 3744 ἐπαινεῖ.
1486 3689 1681 3746 Ἐπειδὴ
1711 3689 1764 3743 δέ

182 3779 357 3833 πολλὰ
383 3786 472 3837 τῆς
495 3781 911 3849 μνημονευθείσης
934 3781 1201 3837 ἐπιστοὶῆξ
1227 3787 1316 3838 τῆς
1353 3781 1479 3855 πρὸς
1501 3782 1658 3852 Μάριν
1680 3784 1763 3834 τσῗν

181 3868 441 3941 αἱρετικὸν
473 3872 817 3941 γεγραμμένης
849 3868 1271 3940 παραλελοίπατε,
1314 3873 1396 3924 καί
1422 3872 1506 3923 οὑκ
1551 3870 1731 3939 έτολμὴ
1751 3901 1761 3909 -

181 3979 318 4013 σατε
345 3965 511 4013 ταῦτα
547 3968 657 4018 τοῖς
693 3961 952 4036 ὑμετέροις
1001 3961 1280 4030 κεφαλαίοις
1323 3963 1538 4019 ἐνθεῖναι,
1584 3962 1666 4013 ἵνα
1697 3966 1764 4030 μή

181 4059 280 4110 καί
306 4057 359 4108 ἐκ
386 4058 574 4110 τούτων
595 4062 683 4113 τήν
712 4058 759 4119 ἐξ
788 4058 926 4126 ὑμῶν
950 4055 1291 4125 ἔκδικουμένην
1327 4058 1561 4110 ἀσέϐειαν
1589 4056 1614 4109 ὁ
1642 4056 1764 4129 παρ’

180 4148 319 4216 ὑμῖν
343 4154 440 4199 τῶν
466 4154 769 4219 Χριστιανῶν
804 4148 937 4216 μάθῃ
974 4147 1109 4213 huic,
1162 4150 1429 4215 ἀναγκαῖον
1469 4147 1764 4215 ἐνομίσαμεν

179 4230 318 4288 εἶναι
343 4236 424 4286 καὶ
447 4240 612 4288 ταῦτα
640 4233 721 4288 διά
751 4236 995 4307 βραχέων
1018 4244 1319 4309 φανερῶσαι.
1352 4238 1646 4311 Περιέλεται
1666 4232 1764 4308 γάρ

177 4332 302 4383 τοῖς
325 4324 446 4397 παρ’
476 4327 614 4391 ὑμῶν
652 4327 1123 4399 παραλελειμμένοις
1171 4328 1363 4399 βήμασι
1410 4337 1497 4385 τῆς
1550 4331 1768 4389 dae-.606;

179 4416 484 4474 έπεστιλῆς.
510 4433 525 4463 ι
555 4412 632 4469 ὅτι
663 4418 902 4489 Κὺριλλος
923 4419 1014 4478 τάς
1037 4420 1187 4478 ἀκοὰς
1208 4417 1409 4471 πάντων
1435 4426 1534 4471 τῶν
1561 4420 1762 4471 έπισκοο

176 4526 305 4559 πων
338 4511 437 4556 τῶν
478 4507 524 4555 ἐν
554 4513 615 4578 τῇ
659 4503 987 4571 κατ’ἼΞᾳεσον
1036 4505 1229 4574 συνόδῳ
1281 4508 1637 4566 συνελθόντων,
1695 4514 1766 4575 τῷ

179 4595 443 4665 φαρμάκῳ
484 4601 557 4665 τῷ
589 4601 830 4667 πηροῦντι
873 4598 993 4654 τοὺς
1021 4596 1298 4666 ὀφθαλμοὺς
1327 4602 1425 4648 τῶν
1458 4602 1621 4662 σοφῶν
1646 4616 1767 4648 κατ-

1862 3431 2042 3476 vestro
2070 3424 2423 3492 capitulorum
2463 3425 2600 3481 libro
2639 3428 3080 3497 continebantur,
3110 3433 3303 3501 quibus
3334 3434 3436 3488 im-

1864 3511 2005 3580 piam
2036 3512 2305 3580 prae-fatain
2337 3516 2613 3583 epistolam
2643 3518 2915 3574 vindicare
2944 3510 3253 3576 nitebamini
3273 3563 3287 3589 ,
3314 3538 3439 3593 pra.

1861 3616 2063 3670 vasque
2111 3604 2396 3672 propterea
2446 3604 2713 3659 Theodori
2759 3607 3092 3676 Nestoriique
3141 3611 3440 3667 instaurare

1865 3690 2179 3756 sententias,
2211 3706 2436 3759 quorum
2465 3692 2680 3760 prmfata
2718 3695 2941 3762 epistola
2971 3697 3311 3751 commendat
3336 3698 3437 3754 iut-

1865 3778 2137 3847 pietatem.
2183 3778 2444 3844 Quoniam
2476 3797 2603 3836 vero
2639 3769 2902 3852 permulta
2933 3784 2985 3837 in
3013 3794 3310 3840 memorata
3337 3788 3439 3841 im-

1866 3866 1954 3936 pia
1977 3867 2198 3935 epistola
2222 3868 2289 3923 ad
2310 3868 2495 3923 Marim
2528 3871 2835 3925 lueretieum
2864 3873 3063 3946 scripta
3090 3876 3438 3943 pmteriistis,

1866 3972 2039 4025 neque
2060 3959 2175 4012 ausi
2196 3959 2325 4013 estis
2345 3974 2405 4014 ea
2433 3961 2623 4015 vestris
2651 3962 2911 4032 capitibus
2932 3963 3186 4029 inserere,
3208 3979 3277 4019 ne
3305 3965 3441 4020 forte

1866 4061 1930 4100 ex
1959 4047 2024 4101 iis
2045 4048 2204 4100 etiam
2233 4046 2566 4104 Christianus
2587 4051 2829 4123 populus,
2854 4061 3054 4121 quanta
3083 4069 3114 4107 a
3141 4055 3292 4115 vobis
3315 4072 3440 4127 pro-

1868 4145 2194 4206 pugnaretur
2239 4138 2484 4211 impietas
2527 4138 2878 4207 intelligeret,
2918 4143 3277 4196 necessarium
3323 4159 3441 4199 esse

1862 4234 2218 4302 judicavimus
2241 4273 2255 4298 ,
2307 4235 2423 4289 Ι]ωο
2458 4250 2671 4306 quoque
2708 4237 2891 4305 paucis
2937 4239 3241 4294 ostendere.
3293 4240 3349 4294 In
3377 4257 3439 4295 ea

1866 4326 2009 4379 enim
2039 4326 2280 4395 epistola:
2318 4334 2470 4394 parte
2493 4366 2507 4390 ,
2556 4342 2674 4395 qua:
2723 4327 3076 4396 prmtermissa
3103 4343 3135 4381 a
3165 4330 3311 4383 vobis
3336 4340 3442 4397 est,

1867 4415 2093 4469 habetur
2121 4423 2143 4449 ⁸
2177 4431 2190 4466 :
2227 4433 2245 4465 ι
2272 4414 2525 4485 Cyrillum
2552 4432 2709 4470 aures
2732 4417 2967 4470 omnium
2991 4419 3365 4488 episcoporum
3389 4421 3441 4474 in

1868 4503 2137 4571 Ephesum
2166 4505 2594 4558 convenientium
2630 4520 2839 4560 veneno
2873 4506 3166 4561 obczecanti
3203 4509 3441 4562 omnium

1868 4595 2055 4649 oculos
2084 4593 2376 4649 obtinuisse
2419 4595 2772 4664 sapientium;
2825 4597 3091 4651 invenisse
3119 4608 3297 4653 autem
3329 4614 3444 4653 mo-

177 4684 373 4753 ἇσχεν,
406 4680 545 4755 εὗρεν
575 4682 627 4736 δέ
656 4684 875 4757 ἆοηορμήν
901 4686 954 4737 ἐκ
981 4689 1074 4737 τοῦ
1107 4687 1239 4737 κατὰ
1262 4685 1532 4755 Νεοτορίου
1561 4684 1763 4751 μίσους,

1870 4687 1995 4742 dum
2024 4704 2091 4742 ex
2114 4687 2236 4741 odio
2261 4689 2313 4742 in
2339 4687 2638 4742 Nestorium
2669 4697 3041 4760 prteconcepto
3070 4707 3083 4742 :
3114 4698 3276 4759 atque
3303 4691 3443 4749 nulla

182 4776 282 4827 καί
309 4770 385 4824 ὅτι
410 4772 595 4825 καθεῖλε
619 4781 708 4832 τῆς
738 4774 1011 4831 ἐπισκοπῆς
1036 4775 1298 4846 Νεστὸριον
1318 4776 1348 4831 ἡ
1377 4772 1626 4844 ἕνἚφέσῳ
1647 4774 1767 4826 σὺν·

181 4860 332 4923 οδος,
363 4864 574 4934 κρίσεως
595 4866 676 4915 καί
703 4867 962 4925 ζητήσεως
982 4868 1049 4931 μή
1081 4866 1361 4934 γενομένης.
1377 4884 1393 4913 ι
1417 4866 1509 4917 Καί
1534 4864 1688 4917 πάλιν
1720 4864 1767 4915 ἐν

180 4959 256 5024 τῇ
443 4952 677 5026 ἐπιστολῇ
704 4955 1043 5024 περιέχεται·
1075 4970 1093 5002 ε
1123 4952 1199 5006 ὅτι
1226 4957 1288 5007 τά
1321 4952 1516 5008 δώδεκα
1537 4954 1769 5023 κεφάλαια

182 5045 260 5100 τὰ
292 5044 436 5118 παρά
464 5043 692 5117 κυρίλλου
717 5049 991 5119 γραφέντα,
1023 5047 1216 5100 ἐναντία
1243 5042 1362 5099 ὅντα
1387 5054 1476 5105 τῆς
1507 5047 1650 5117 ὀρθῆς
1680 5049 1767 5097 πί-

183 5154 383 5197 στεως,
413 5138 695 5209 προέθηκαν
719 5138 765 5189 οί
805 5136 855 5191 έν
873 5140 1058 5207 Ἐφέσῳ
1087 5141 1429 5208 συναχθέντες
1466 5142 1728 5192 ἐπίσκοποι
1750 5178 1763 5199 ,
1794 5132 1799 5135 ’

183 5229 280 5281 καί
309 5226 636 5294 ἐϐεϐαίωσαν,
689 5231 774 5281 καὶ
814 5231 1097 5299 συνῄνεσαν
1127 5232 1321 5293 αὐτοῖς,
1358 5232 1424 5288 ὡς
1449 5238 1509 5303 τῇ
1539 5230 1657 5302 ὀρθῇ
1681 5231 1765 5281 πί-

181 5336 311 5374 στει
331 5317 650 5391 συνᾴδουσιν·
700 5322 787 5373 καί
816 5319 893 5374 ὄτι
942 5322 1211 5397 Νεστόριος
1248 5320 1417 5381 ἐπειδή
1458 5324 1676 5392 ἆμισεῑτο
1715 5324 1765 5375 ἐν

180 5420 257 5486 τῇ
289 5411 390 5485 ἰδία
416 5413 575 5471 πόλει.
608 5416 693 5468 καί
719 5416 859 5489 παρά
883 5422 981 5467 τῶν
1002 5419 1215 5489 πρώτων
1241 5418 1412 5475 αὐτῆς,
1444 5415 1764 5488 ὑποστρέψαι

179 5505 306 5560 ἐκεῖ
326 5505 413 5557 οὑκ
433 5503 668 5564 ἠδυνήθη.
702 5524 721 5556 ι
754 5509 839 5557 Καὶ
872 5503 953 5558 διά
977 5507 1178 5559 πάντων
1206 5506 1231 5559 ὁ
1260 5506 1458 5579 γράψας
1492 5511 1581 5563 τήν
1608 5508 1763 5561 αὑτήν

182 5593 365 5652 ἀσεϐῆ
397 5596 689 5655 ἐπιστολήν,
732 5596 788 5646 οὑ
819 5592 963 5661 μόνον
1002 5596 1120 5652 τοὺς
1156 5596 1432 5667 αἱρετικοὺς
1476 5593 1661 5649 ἓκδικεῖ
1688 5595 1768 5645 καί

1868 4784 2110 4836 instituta
2139 4783 2504 4852 disquisitione
2529 4793 2583 4838 et
2607 4783 2805 4851 judicio
2827 4784 3129 4839 Nestorium
3160 4786 3227 4840 ab
3256 4785 3443 4845 eadem

1870 4871 2137 4940 Ephesina
2184 4872 2389 4943 synodo
2455 4873 2589 4927 sede
2659 4889 2753 4928 sua
2808 4873 2966 4929 fuisse
3016 4875 3378 4935 deturbatum.
3416 4893 3436 4925 θ

1873 4959 2077 5014 Pariter
2106 4962 2157 5014 in
2202 4962 2389 5014 eadem
2438 4961 2664 5030 epistola
2710 4962 2938 5018 habetur
2966 4982 2980 5017 :
3017 4982 3035 5014 ι
3064 4963 3350 5021 Duodecim
3379 4977 3444 5018 ea

1873 5051 2104 5120 capitula
2141 5051 2208 5104 ab
2240 5050 2437 5120 Cyrillo
2465 5051 2784 5120 conscripta,
2818 5067 3127 5121 quanquam
3147 5067 3268 5107 cum
3298 5061 3442 5107 recta

1874 5142 1975 5194 title
2004 5148 2319 5209 pugnarent,
2345 5140 2413 5193 ab
2442 5139 2720 5209 Ephesium
2746 5143 2931 5213 synodi
2961 5142 3221 5213 episcOpis
3242 5157 3444 5212 propo-

1872 5232 1970 5283 sita
2025 5228 2185 5282 fuisse
2232 5235 2394 5297 atque
2440 5227 2752 5283 confirmata
2777 5271 2792 5295 ,
2824 5231 3033 5299 illisque
3060 5246 3156 5285 eos
3190 5238 3442 5299 tanquam

1870 5333 2012 5372 verae
2055 5318 2176 5371 fidei
2205 5318 2624 5372 consonantibus
2661 5319 3026 5386 consensisse;
3066 5329 3226 5387 atque
3254 5318 3443 5376 Nesto-

1872 5410 2029 5474 rium,
2053 5416 2339 5477 propterea
2361 5407 2505 5475 quod
2531 5406 2655 5461 odio
2679 5407 2966 5463 haberetur
2991 5409 3058 5464 ab
3078 5410 3295 5464 civitate
3321 5425 3436 5477 sua,

1872 5498 2240 5568 primariisque
2269 5496 2477 5551 civibus
2504 5495 2619 5563 ejus
2642 5534 2658 5560 ,
2700 5496 2826 5550 illuc
2852 5498 3067 5552 minime
3096 5499 3329 5567 potuisse
3354 5514 3444 5554 re-

1878 5590 2027 5643 verti.
2071 5605 2089 5637 ι
2124 5588 2301 5655 'Atque
2330 5586 2435 5641 hoc
2460 5584 2622 5641 modo
2645 5585 2848 5642 nefarie
2875 5587 3014 5644 illius
3042 5587 3280 5658 epistola:
3303 5589 3442 5646 scri-

270 5689 301 5718 ⁸
336 5679 524 5740 Exstat
554 5683 607 5738 in
647 5683 778 5735 actis
821 5694 975 5738 conc.
1016 5682 1419 5751 Constantinop.
1461 5699 1516 5747 ιι,
1549 5682 1681 5737 Coll.
1716 5680 1763 5745 5,
1807 5680 1945 5749 apud
1999 5679 2162 5734 Labb.
