3924 6294
480 271 614 342 1(πὸ

1796 265 2234 330 JUSTiNlANl
2279 266 2431 326 IMP.
3121 292 3125 295 -
3629 242 3728 308 10'!

3697 242 3764 268 ﬁ;-

3733 261 3768 308 δ

491 401 698 458 ίπαινεῖ,
720 397 843 452 ἀλλὰ
871 397 954 448 καί
987 393 1102 452 τοὺς
1133 388 1422 469 όρθοδόξους
1461 389 1612 458 λέγει.
1668 390 1784 461 Περὶ
1826 388 1925 456 γάρ
1965 391 2052 438 τοῦ

2179 389 2294 440 itor,
2315 395 2418 431 non
2443 374 2601 430 modo
2623 373 2903 427 haereticos
2927 379 3106 426 tuetur
3124 386 3187 426 ac
3208 369 3406 434 laudat,
3423 368 3524 424 sed
3544 370 3747 426 callu-

494 487 742 562 κακαρίου
769 485 1069 540 Ῥαϐϐούλον
1099 489 1189 538 τοῦ
1215 479 1420 539 Ἐδὲσης
1447 478 1726 532 ἐπισκόπου
1743 517 1756 542 ,
1790 473 1970 552 ἀνδρὸς
2012 477 2062 527 ἐν

491 576 786 634 ὲπισκὸποὶς
813 577 1087 642 ἐπισήμου,
1109 568 1167 626 οὗ
1187 572 1244 626 τὸ
1269 578 1434 641 μνῆμα
1457 569 1693 638 θαύματα
1731 573 1870 620 ποιεῖ
1902 567 2064 638 μέχρι

490 675 578 724 τῆς
620 669 870 740 σήμερον,
903 662 1065 722 οὕτως
1093 663 1242 734 φησίν
1271 658 1322 714 ἐν
1350 667 1412 734 τῇ
1439 659 1563 732 αὐτῇ
1603 657 1782 712 ἀσεϐεῖ
1805 657 2060 728 ἐπιστολῇ·

495 775 511 804 ι
541 753 658 809 Ὀτι
704 753 997 829 ὃτύραννος
1026 759 1116 810 τῆς
1157 751 1404 824 ἡμετέρας
1441 748 1654 807 πόλεως,
1684 743 1736 799 ὃν
1781 743 1887 798 ούδέ
1918 746 2065 804 αὐτὸς

492 846 708 914 ἀγνοεῖς,
736 845 987 916 προφάσει
1015 849 1106 901 τῆς
1131 842 1356 899 πίστεως
1377 839 1434 892 ού
1455 833 1603 908 μόνον
1650 837 1768 894 τοὺς
1809 839 2066 896 συζῶντας

493 937 626 1006 αὐτῷ
652 932 849 996 διώκει,
887 933 1009 987 ἀλλά
1055 935 1140 986 καί
1176 934 1296 992 τούς
1339 928 1434 988 ἤδη
1463 929 1616 984 πάλαι
1641 930 1767 998 πρὸς
1797 927 1878 980 τὸν
1898 923 2068 1000 κύριον

489 1025 794 1083 ἀπελθόντας
815 1021 880 1076 ὧν
903 1019 974 1082 εἷς
995 1021 1130 1076 ἐστιν
1155 1019 1180 1074 ὁ
1201 1021 1447 1096 μακάριος
1469 1015 1728 1088 Θεόδωρος
1757 1015 1782 1068 ὁ
1807 1015 1958 1087 κῆρυξ
1979 1021 2069 1072 τῆς

495 1114 742 1172 ἀληθείας.
767 1114 851 1165 καί
871 1109 1168 1170 διδάσκαλος
1195 1117 1286 1170 τῆς
1331 1108 1618 1170 ἐκκλησίας,
1649 1101 1703 1163 ὃς
1743 1106 1802 1157 οὐ
1843 1103 1986 1174 μόνον
2021 1104 2071 1154 ἐν

494 1211 556 1276 τῇ
578 1205 735 1277 οἰκείᾳ
765 1203 873 1272 ζωῇ
893 1204 1012 1261 τοὺς
1035 1202 1317 1271 αἰρετικοὺς
1346 1197 1638 1268 ἔκολάφισεν
1670 1193 1752 1248 διὰ
1775 1201 1864 1252 τῆς
1888 1193 2070 1249 οἰκείας

497 1298 737 1360 πίστεως,
761 1296 880 1348 ἀλλά
919 1297 1004 1347 καί
1043 1295 1171 1363 μετὰ
1197 1293 1406 1345 θάνατον
1447 1287 1576 1342 ὅπλα
1619 1278 1937 1356 πνευματικᾶ
1968 1291 2073 1343 τοῖς

497 1384 640 1446 ἰδίοις
683 1385 898 1456 βιϐλίοις
949 1391 1053 1442 τοῖς
1103 1391 1194 1442 τῆς
1243 1381 1502 1438 ἐκκλησίας
1549 1379 1732 1436 τέκνοις
1769 1372 2072 1443 κατέλειψεν,

499 1481 569 1538 ὡς
591 1481 674 1531 καί
699 1479 728 1534 ἡ
748 1481 813 1535 σή
837 1475 1069 1529 εὖλάθεια
1096 1471 1204 1544 μετ’
1238 1473 1389 1527 αὐτοῦ
1417 1471 1681 1528 λαλήσασα
1704 1468 1960 1537 γινώσκει,
1993 1469 2076 1518 καί

498 1571 554 1620 ὶκ
577 1575 672 1622 τῶν
695 1566 819 1636 παρ’
837 1567 993 1620 αὐτοῦ
1021 1563 1408 1637 συγγραφέντων
1431 1561 1723 1614 ἐπίστευον
1746 1561 1924 1608 τοῦτον
1951 1555 2078 1608 ἐτόλ-

499 1677 660 1724 μησεν
681 1655 706 1709 ὁ
727 1653 898 1710 πάντα
918 1654 1111 1724 τολμῶν
1131 1653 1206 1706 ἐπ’
1235 1651 1498 1710 ἐκκλησίας
1519 1654 1738 1722 φανερῶς
1771 1645 2046 1710 ἀναθεματί
2059 1671 2071 1682 -

499 1769 606 1802 σαι,
623 1765 640 1797 ε
661 1751 749 1800 Καὶ
768 1745 914 1800 πάλιν
935 1745 1234 1821 περιέχεται
1255 1749 1316 1816 τῇ
1340 1743 1464 1816 αὐτῇ
1487 1739 1669 1794 ἀσεϐεῖ
1677 1737 1922 1810 ἐπιστολῇ
1940 1736 2040 1808 πρό

499 1839 642 1912 ξϐριν
669 1845 758 1894 τοῦ
786 1840 834 1894 ἐν
864 1837 1024 1908 άγίοις
1065 1835 1316 1912 Κυρίλλου³
1349 1850 1366 1884 ε
1393 1829 1510 1886 Ὀτι
1531 1833 1561 1889 ἡ
1584 1829 1768 1906 καρδία
1805 1833 1896 1883 τοῦ
1928 1830 2076 1898 Αἰγυ-

497 1932 646 1986 πτίου
678 1929 977 2000 ἐμαλάχθη,
1005 1931 1089 1984 καί
1131 1928 1296 2000 χωρίς
1342 1923 1601 1981 σκύλσεως
1637 1929 1699 1990 τῇ
1747 1920 1867 1994 ὀρθῇ
1903 1919 2076 1971 πίστει

497 2021 760 2090 νυνῄνεσε.
813 2022 902 2072 Καὶ
931 2015 1008 2070 ὅτι
1045 2017 1272 2074 ἀτάκτως
1310 2013 1434 2068 κατά
1469 2019 1567 2067 τῶν
1615 2013 1809 2074 ζώντων
1858 2009 1940 2060 καί
1976 2012 2093 2060 τῶν.

497 2107 898 2167 τιλευτησὰντων
927 2105 1261 2182 ὁρμήσαγτες,
1293 2104 1343 2157 ἐν
1380 2102 1611 2172 αἰσχύνῃ
1637 2100 1764 2152 είσίν
1803 2096 1936 2169 ύπέρ
1974 2100 2075 2146 τῶν

497 2194 632 2251 ἰδίων
659 2197 1052 2270 ἀπολογούμενοι
1081 2195 1436 2262 πταισμάτων,
1461 2193 1545 2244 καί
1575 2188 1768 2242 ἐναντία
1894 2185 2073 2258 πρώτῃ

497 2287 660 2340 αὐτῶν
695 2284 1000 2358 διδασκαλία
1053 2282 1395 2346 διδάσκοντες,
1444 2281 1532 2332 καί
1569 2274 1646 2330 ὅτι
1679 2281 1787 2349 χρή
1819 2274 2074 2345 ὁμολογεῖν

496 2381 568 2435 εἰς
594 2377 679 2430 τὸν
701 2376 837 2438 ναὸν,
859 2377 943 2428 καί
974 2377 1044 2432 εἰς
1064 2374 1145 2426 τόν
1181 2371 1459 2424 ἐνοικοῦντα
1492 2369 1539 2420 ἐν
1565 2367 1720 2435 αὐτῷ.
1737 2383 1754 2414 ε
1784 2366 1873 2417 Καὶ
1912 2369 2075 2418 ταῦτα

498 2469 585 2533 μὲν
625 2468 873 2537 ἐγκείμενα
911 2460 974 2541 τῇ
1011 2462 1398 2534 μνημονευθείσῃ
1444 2458 1680 2531 ἐπιστολῇ
1722 2457 1911 2530 φανερά
1958 2455 2076 2526 ὑμῖν

498 2555 884 2625 ἐσπουδάσαμεν
923 2561 1247 2610 καταστῆσαι
1265 2592 1276 2614 ,
1306 2551 1389 2605 ἶνα
1425 2543 1515 2602 κᾶν
1545 2547 1706 2606 οὕτως
1736 2545 1830 2616 ὀψέ
1853 2564 1976 2599 ποτε
2009 2546 2076 2599 τά

499 2647 617 2719 ίρθά
654 2647 990 2718 ἐπιλεγόμενοι
1019 2646 1387 2718 ἀναχνρήσητε
1422 2642 1614 2699 ταύτης
1642 2646 1731 2698 τῆς
1762 2633 2072 2699 κακοδοξίας.

567 2825 804 2882 Τοσαύτη
843 2822 898 2880 δέ
942 2825 1077 2878 ἐστιν
1105 2823 1136 2881 ἦ
1163 2829 1252 2883 τῆς
1277 2825 1516 2897 μυσαροῖς
1553 2820 1818 2878 ἐπιστολῆς
1844 2816 1996 2871 aiax-{5:
2019 2839 2072 2882 α,

503 2914 583 2972 ὅτι
601 2913 712 2970 οὐδὲ
735 2916 879 2984 ὑμεῖς
899 2917 1197 2986 ἐτολμήσατε
1217 2914 1404 2977 πάντα,
1442 2913 1510 2971 ὡς
1551 2909 1746 2984 εἴρηται
1769 2951 1783 2968 .
1813 2910 1882 2964 τά
1900 2928 2072 2982 περιεο

501 3005 694 3078 χόμενα
717 3007 844 3082 αὐτῇ
864 3013 972 3065 τοῖς
995 3006 1119 3081 παρ’
1134 3006 1163 3058 ύ
1171 3011 1277 3075 μῶν
1295 3007 1596 3076 πεμφθεῖσιν
1613 3003 1895 3076 κεφαλαίοις
1922 3002 2075 3054 ἐνθεῖ-

503 3119 603 3162 ναι,
635 3097 679 3150 εί
703 3099 785 3151 καί
801 3116 912 3153 τινα
932 3097 982 3160 ἐξ
1005 3099 1166 3151 αὐτῶν
1186 3093 1558 3169 διεστραμμένη
1597 3095 1757 3167 ἐννοίᾳ
1788 3092 2075 3169 ἑρμηνεύειν

501 3189 812 3260 ἐπειράθητε.
833 3190 920 3248 Τίς
946 3191 1046 3262 γὰρ
1078 3195 1401 3262 χριστιανοῖς
1427 3175 1641 3241 δύναται
1665 3185 2075 3257 συναριθμεῖσξαι

503 3285 572 3352 μή
594 3283 748 3358 λέγων
785 3281 947 3338 ἀσεϐῆ
974 3288 1063 3336 τιίν
1095 3279 1382 3342 ἐπιστολὴν,
1429 3279 1475 3330 ἐν
1581 3278 1912 3332 τοιαῦταικαί
1949 3296 2074 3330 τοσ-

501 3379 651 3428 αὗται
687 3373 1020 3444 περιέχονται
1057 3371 1394 3443 βλασφημίαις
1442 3380 1496 3424 '0
1535 3371 1635 3443 γάρ
1684 3373 1772 3427 τὴν
1810 3369 2077 3426 ἐπιστολήν

503 3461 710 3521 ἐκδικῶν
732 3467 821 3520 τήν
845 3463 930 3516 τὸν
955 3461 1091 3532 ἅγιον
1117 3459 1350 3536 ιίύριλλον
1381 3461 1624 3534 α’ρετικόν
1660 3460 1912 3514 καλοῦσαν
1931 3500 1946 3526 ,
1995 3464 2078 3514 καί

511 3557 590 3613 τήν
616 3547 871 3624 ἐνἘφίσῳ
916 3555 1121 3627 πρώτην
1173 3550 1379 3606 σύνοδον
1432 3550 1804 3614 ἐκϐάλλουσαν,
1853 3557 2077 3621 φανερῶς·

505 3639 772 3716 Νεστόριον
812 3645 898 3696 καί
937 3647 1025 3700 την
1073 3644 1226 3696 αὐτοῦ
1273 3641 1510 3695 άσέξειαν
1552 3639 1784 3710 δέχεται,
1818 3636 1868 3692 ὃν
1897 3643 1926 3698 ἦ
1953 3641 2078 3697 αύτή

504 3731 734 3790 ἐπιστολή
761 3733 892 3804 λέγει
937 3731 1065 3802 δίχα
1109 3734 1326 3808 κρίσεως
1365 3735 1450 3785 καί
1495 3736 1752 3796 ζητήσεως
1803 3729 2077 3787 καταδικα-

503 3821 698 3885 σοῆναί,
719 3826 804 3878 καί
829 3825 887 3878 ού
911 3821 992 3878 διὰ
1011 3825 1076 3878 τά
1117 3823 1366 3896 δόγματα,
1394 3820 1518 3878 ἀλλά
1543 3820 1626 3876 διὰ
1671 3823 1730 3878 τὸ
1777 3831 1936 3894 μῖσος
1979 3830 2078 3877 τῶν

506 3917 712 3971 πολιτῶν
739 3919 806 3976 εἰς
833 3921 920 3976 τὴν
949 3917 1202 3978 ἐκκλησίαν
1238 3921 1307 3987 μή
1342 3913 1686 3988 ὑποστρέψαι·
1717 3916 1798 3968 καί
1837 3916 1894 3966 ού
1937 3915 2078 3983 μόνον

503 4008 574 4065 εἰς
595 4010 748 4062 τοῦτο
788 3999 1065 4080 ἁμαρτάνει
1111 4005 1136 4058 ὁ
1186 4013 1274 4064 τήν
1320 4004 1480 4062 ἀσεϐῆ
1529 4003 1790 4062 ἐπιστολήν
1835 4001 2075 4066 ἐκδικῶν,

503 4094 622 4152 ἀλλά
643 4097 727 4149 καί
751 4095 1032 4150 κελεστῖνον
1058 4097 1142 4150 τόν
1185 4095 1360 4154 Πάπαν
1388 4091 1730 4157 καταδικάζει,
1765 4094 1850 4147 τόν
1879 4092 2080 4147 εἰπόντα

504 4188 896 4264 περίκυρίλλου,
951 4185 1032 4242 ὅτι
1075 4190 1104 4245 ἡ
1147 4189 1322 4246 πίστις
1367 4185 1622 4260 κυρίλλου,
1661 4185 1882 4258 ἡμετέρα
1912 4186 2082 4244 πίστις
2115 4190 2158 4245 D

503 4278 657 4333 ἐστίν·
689 4283 772 4332 καῖ
804 4279 828 4334 ὃ
859 4271 924 4332 τά
949 4276 1140 4333 δώδεκα
1170 4277 1405 4348 κεφάλαια
1431 4282 1520 4330 τοῦ
1551 4277 1601 4328 ἐν
1631 4273 1790 4346 ἁγίοις
1823 4275 2080 4348 κυρίλλου,

505 4369 699 4424 ἐναντία
723 4376 784 4442 τῇ
809 4370 927 4442 ὀρθῇ
954 4371 1127 4422 πίστει
1155 4367 1310 4436 λείχων
1339 4367 1626 4440 ὑπάρχειν,
1661 4367 1717 4420 οὐ
1758 4364 1901 4436 μόνον
1937 4367 2082 4420 αύτῖν

504 4459 587 4518 τόν
631 4459 678 4511 ἐν
715 4458 874 4528 ἁγίοις
905 4446 1152 4530 ῑξύριλλον,
1187 4459 1274 4508 καί
1313 4458 1398 4509 τῖν
1446 4457 1497 4508 ἓν
1537 4457 1766 4528 μακαρία
1809 4462 1872 4528 τῇ
1915 4461 2081 4526 μνήμῃ

505 4547 810 4610 κελεστῖνον,
828 4548 912 4598 καί
935 4551 1024 4603 τὴν
1051 4547 1255 4619 πρώτην
1279 4545 1324 4596 ἐν
1339 4544 1527 4614 Ἐφέσῳ
1549 4541 1757 4596 σύνοδον
1773 4546 2077 4617 κατακρίνει,

505 4637 626 4693 ἄλλά
653 4640 740 4690 καί
765 4643 854 4694 τὴν
881 4638 932 4690 ἐν
955 4635 1228 4693 Χαλκηδόνι
1255 4633 1463 4688 σ·ἴνοδ;ν
1492 4633 1836 4698 καταδικάζει,
1861 4640 1949 4692 τήν
1978 4656 2079 4689 πα-

505 4728 626 4800 τέρα
677 4731 762 4781 καί
811 4726 1112 4782 διδάσκαλον
1166 4725 1290 4782 ἴδιον
1339 4725 1568 4802 Κύριλλον
1623 4725 2032 4800 ἐπιγραψαμένην
2064 4743 2076 4757 ·

505 4815 654 4871 ὁπότε
681 4819 762 4870 καί
788 4817 976 4870 Δίοντα
1001 4818 1086 4870 τόν
1108 4817 1156 4869 ἓν
1186 4816 1342 4890 ἁγίοις
1367 4818 1540 4871 πάπαν
1562 4819 1749 4886 Ῥώμης
1781 4816 1966 4885 ὁμοίως
1989 4840 2082 4870 καο

511 4914 781 4980 εαδικάζει,
831 4912 884 4976 ὃς
931 4917 1058 4991 πρὸς
1083 4917 1171 4977 τήν
1219 4917 1267 4970 ἐν
1291 4913 1580 4994 Χαλκηδόνι
1621 4912 1829 4972 σύνοδον
1857 4914 2080 4988 γράφων,

506 5003 638 5070 εἶπεν
669 5010 788 5082 περί
810 5015 908 5062 τῶν
935 5005 1126 5062 δώδεκα
1157 5009 1428 5080 κεφαλαίων
1457 5015 1544 5064 τοῦ
1569 5010 1618 5062 ἐν
1639 5008 1795 5082 ἁγίοις
1824 5008 2080 5081 κυρίλλου⁶

511 5113 528 5148 ε
561 5098 620 5150 Οί
651 5093 766 5173 ὅροι
789 5097 834 5150 οἰ
861 5099 1254 5171 προενεχθέντες
1298 5101 1430 5151 κατά
1474 5100 1746 5172 Νεστορίου
1799 5099 1939 5174 παρά
1991 5112 2083 5148 κυ-

505 5187 670 5264 ρίλλοη
708 5193 801 5252 τοῦ
825 5195 918 5248 τῆς
945 5186 1092 5258 ἁγίας
1120 5187 1316 5258 “unum;
1341 5189 1390 5240 ἐν
1410 5187 1603 5266 βεϐαίῳ
1629 5189 1970 5258 μενέτωσαν.»

575 5417 742 5472 nde»:
767 5409 822 5467 δέ
841 5409 1082 5472 ἀσεϐείας
1107 5411 1474 5482 πεπληρωμένη
1507 5412 1540 5468 ἢ
1569 5411 1777 5486 μυσαρά
1812 5408 2080 5472 ἐπιστολή,

507 5503 559 5558 ἐν
586 5506 733 5578 μόνον
759 5511 860 5559 τῶν
899 5504 1087 5560 ἀληθῶν
1130 5501 1425 5576 αποκρύψαι
1452 5503 1542 5554 οὐκ
1565 5498 1814 5568 ἴσχυσεν,
1861 5496 1942 5552 ὅτι
1982 5501 2082 5551 ἀπὸ

509 5594 777 5666 ὃρθοδόξων
803 5596 883 5647 καί
915 5592 1068 5662 ἁγίων
1105 5593 1376 5662 ἀνθρώπων
1405 5587 1665 5663 Θεόδωρος
1693 5587 1784 5642 ἀπ’
1821 5588 2084 5644 ἐκκλησίας

584 5705 602 5722 ⁶
641 5702 854 5756 [’lxrasis
899 5703 1116 5756 omnino
1155 5704 1374 5764 vitiosa,
1421 5717 1536 5770 quae
1562 5743 1575 5762 ,
1617 5703 1660 5755 si
1700 5700 1867 5755 Gneci
1907 5707 2084 5754 textus

509 5782 672 5850 atque
710 5771 1134 5830 antecedentium
1163 5771 1297 5825 ratio
1331 5769 1619 5830 habeatur,
1662 5770 1738 5828 sic
1772 5769 2083 5846 corrigenda

2163 469 2295 522 licos
2323 467 2482 521 etiam
2511 463 2788 518 nominare
2817 477 2922 516 non
2947 470 3184 516 veretur.
3212 461 3290 515 De
3314 461 3480 514 beato
3511 473 3752 528 namque

2166 559 2369 614 [tabula
2397 555 2790 610 Edessenorum
2818 551 3092 622 episcopo,
3123 549 3330 606 eximia:
3356 549 3581 620 pietatis
3609 549 3754 605 anti-

2164 650 2288 705 stite
2313 689 2326 712 .
2369 645 2522 714 cujus
2557 643 2624 698 ad
2660 643 2963 712 sepulcrum
3015 640 3082 694 ad
3128 641 3242 695 haec
3282 653 3451 707 usque
3499 648 3752 708 tempora

2167 735 2428 792 mirabilia
2457 739 2760 803 patrantur,
2787 731 2893 786 hoc
2921 729 3082 784 modo
3111 729 3164 782 in
3193 729 3356 798 impia
3385 729 3478 782 illa
3506 743 3610 782 sua
3637 729 3754 797 epi-

2166 825 2304 880 stola
2346 822 2532 878 scribit
2560 839 2572 874 :
2611 840 2630 872 :
2659 818 2938 891 Tyrannus
2969 827 3170 898 ‘nostrte
3199 817 3431 872 civitatis
3450 857 3468 882 ,
3501 831 3672 886 quem
3701 823 3755 870 tu

2168 915 2326 970 etiam
2357 913 2468 982 ipse
2498 927 2603 966 non
2632 911 2876 978 ignoras,
2904 909 2995 976 qui
3021 907 3307 962 occasione
3340 905 3498 970 tidei,
3529 922 3643 960 non
3671 921 3756 960 so-

2168 1005 2277 1058 lum
2307 1017 2431 1056 cum
2461 1015 2527 1055 eo
2551 1001 2792 1054 viventes
2820 996 3184 1068 persequitur,
3215 995 3308 1051 sed
3347 995 3516 1050 etiam
3543 1009 3644 1050 eos
3667 995 3754 1062 qu‘

2176 1090 2375 1145 dudum
2401 1089 2470 1142 ad
2496 1087 2778 1142 Dominum
2807 1085 3069 1139 abierunt.
3099 1083 3338 1149 Quorum
3363 1099 3504 1138 unus
3525 1093 3613 1137 est
3632 1084 3754 1137 bea-

2173 1191 2256 1258 tus
2284 1179 2597 1234 Theodorus
2623 1175 2944 1246 praedicator
2973 1172 3232 1240 veritatis,
3262 1180 3316 1226 et
3343 1172 3542 1226 doctor
3568 1171 3750 1226 Eccle-

2139 1273 2282 1335 siae,
2317 1271 2406 1339 qui
2436 1284 2542 1322 non
2590 1266 2763 1321 solum
2808 1265 2989 1318 vivens
3027 1263 3308 1317 hmreticos
3346 1277 3447 1332 per
3482 1263 3750 1332 propriam

2174 1359 2328 1414 ﬁdem
2356 1356 2656 1428 percussit,
2685 1353 2780 1408 sed
2807 1353 2968 1407 etiam
2999 1358 3120 1420 post
3157 1361 3387 1404 mortem
3419 1364 3575 1402 arma
3600 1348 3750 1416 spiri-

2175 1450 2298 1503 talia
2329 1449 2380 1502 in
2413 1446 2562 1501 libris
2589 1444 2699 1498 suis
2727 1441 3013 1510 dereliquit
3041 1439 3294 1494 Ecclesiae
3323 1437 3446 1491 tiliis
3471 1477 3490 1502 ,
3533 1439 3676 1492 sicut
3705 1447 3751 1490 et

2177 1549 2265 1594 tua
2286 1537 2604 1599 reverentia,
2631 1549 2750 1589 curn
2775 1548 2840 1587 eo
2865 1532 3132 1587 collocuta
3155 1529 3426 1597 cognovit,
3449 1537 3508 1582 et
3534 1529 3621 1582 his
3645 1543 3750 1596 qua

2180 1631 2247 1685 ab
2273 1645 2339 1686 eo
2363 1629 2562 1698 scripta
2589 1633 2716 1681 sunt
2751 1624 2978 1694 praebuit
3027 1621 3206 1676 tidem.
3257 1619 3410 1674 nunc
3451 1634 3624 1673 ausus
3659 1629 3749 1684 est,

2045 1755 2069 1794 ς·
2105 1731 2141 1786 Β
2172 1722 2263 1792 qui
2309 1718 2489 1774 omnia
2543 1717 2726 1782 audet,
2787 1713 2855 1768 ab
2901 1711 3137 1767 Ecclesia
3200 1709 3687 1764 anatliematizare.
3729 1725 3746 1758 ε

2177 1813 2490 1881 Rursusque
2517 1810 2568 1863 in
2597 1807 2770 1864 sancti
2814 1805 2994 1876 Cyrilli
3037 1802 3455 1868 contumeliam,
3496 1801 3625 1856 haec
3651 1801 3750 1870 ipsa

2175 1903 2228 1956 iu
2255 1898 2570 1956 exsecrabili
2597 1911 2660 1951 ea
2688 1894 2915 1966 epistola
2943 1893 3284 1948 continentur
3308 1908 3322 1942 :
3352 1909 3370 1941 :
3400 1889 3513 1944 Cor
3545 1889 3750 1960 [Egypti

2177 1991 2469 2046 emollitum
2500 1995 2581 2041 est
2603 2025 2618 2048 ,
2650 1993 2704 2038 et
2731 1984 2848 2040 sine
2876 1983 3160 2036 vexatione
3181 2021 3196 2046 ,
3229 1986 3394 2034 rectas
3419 1977 3548 2032 ﬁdei
3579 1993 3750 2032 asseu-

2177 2083 2303 2136 titus
2319 2086 2399 2134 est
2415 2095 2429 2144 ;
2451 2085 2508 2132 et
2526 2073 2828 2130 inordinate
2838 2079 3024 2128 contra
3038 2069 3189 2124 vivos
3208 2077 3262 2124 et
3282 2075 3536 2121 mortuos
3558 2068 3751 2120 irruen-

2177 2183 2258 2226 tes
2281 2172 2334 2224 in
2360 2167 2673 2224 confusione
2695 2169 2839 2228 sunt,
2863 2157 3254 2216 satisfacientes
3278 2173 3380 2226 pro
3410 2157 3631 2212 delictis
3653 2159 3752 2210 suis

2175 2270 2230 2318 et
2258 2258 2525 2316 contraria
2583 2235 2746 2324 priori
2785 2267 2894 2306 suae
2933 2249 3190 2304 doctrina:
3224 2246 3503 2310 docentes,
3539 2253 3598 2300 et
3620 2245 3752 2315 quod

2177 2358 2425 2424 Oporteat
2449 2347 2691 2403 conﬁteri
2721 2345 2773 2398 in
2801 2341 3060 2411 templum
3094 2347 3256 2406 atque
3289 2337 3684 2391 inhabitantem
3704 2337 3750 2389 iu

2177 2460 2261 2499 eo.
2285 2463 2303 2494 ι
2329 2440 2500 2508 Atque
2517 2439 2629 2492 lucc
2643 2435 2856 2506 quidem
2881 2433 2932 2486 in
2961 2437 3258 2486 memorata
3277 2427 3507 2497 epistola
3528 2426 3752 2496 sparsim

2178 2535 2447 2590 intricata.
2466 2527 2742 2584 manifeste
2763 2523 2914 2580 vobis
2934 2523 3005 2577 ob
3024 2519 3211 2576 oculos
3239 2533 3442 2588 ponere
3461 2520 3648 2574 conati
3665 2535 3752 2574 su-

2179 2639 2316 2687 mus,
2336 2629 2410 2685 ut,
2429 2620 2534 2674 etsi
2557 2631 2702 2681 sero,
2721 2613 3044 2684 quandoque
3067 2618 3268 2676 tamen,
3287 2617 3436 2664 recta
3452 2609 3754 2676 cogitantes

2183 2715 2249 2773 ab
2278 2710 2456 2783 pravis
2499 2709 2563 2762 iis
2595 2703 3012 2778 opinationibus,
3043 2699 3418 2768 erroribusque
3443 2699 3752 2755 disoedatis.

2105 2814 2150 2878 α
2251 2803 2421 2857 Tanta
2448 2814 2612 2869 porro
2640 2795 2916 2851 scelerata:
2943 2793 3082 2846 illius
3108 2790 3350 2859 epistola:
3375 2796 3459 2844 est
3485 2789 3753 2859 impietas,

2177 2903 2235 2951 ut
2259 2907 2436 2962 neque
2463 2904 2560 2944 vos
2589 2888 2687 2958 ipsi
2717 2885 2832 2940 ausi
2860 2885 2995 2948 sitis,
3018 2889 3078 2937 ut
3101 2881 3316 2946 dicitur,
3347 2879 3602 2934 universa
3640 2895 3752 2948 qua:

2175 2987 2290 3058 ipsa
2318 2979 2711 3052 complectitur,
2759 2977 2812 3030 in
2857 2973 3122 3044 capitibus
3177 2985 3298 3040 qua:
3329 2969 3584 3036 misistis,
3631 2985 3752 3038 pro-

2174 3087 2376 3148 ponere
2401 3113 2417 3140 ,
2464 3082 2770 3138 quanquam
2813 3063 3068 3120 nonnulla
3109 3076 3362 3132 perversa
3400 3061 3753 3128 explicatione

2177 3159 2520 3231 interpretari
2551 3155 2902 3212 tentaveritis.
2947 3153 3077 3220 Quis
3115 3153 3256 3206 enim
3298 3149 3626 3206 Christianis
3659 3151 3754 3205 erit

2176 3247 2639 3312 annumerandus,
2670 3247 2761 3316 qui
2785 3259 2903 3300 eam
2934 3243 3150 3314 impiam
3188 3256 3295 3296 non
3323 3240 3498 3304 dicat,
3531 3255 3655 3310 qua:
3682 3247 3753 3294 tot

2178 3351 2462 3412 tantasque
2492 3337 2734 3394 continet
2759 3332 3156 3404 blasphemias?
3190 3329 3443 3398 Quisquis
3470 3331 3617 3383 enim
3647 3327 3756 3398 ejus

2172 3431 2414 3504 epistolae
2443 3426 2812 3488 defensionem
2839 3423 3060 3492 suscipit
3083 3422 3137 3474 in
3165 3435 3270 3488 qua
3299 3419 3357 3474 S.
3386 3419 3624 3488 Cyrillus
3648 3420 3752 3474 lue-

2179 3523 2378 3576 reticus
2414 3517 2745 3588 appellatur,
2772 3513 3051 3585 primaque
3089 3510 3354 3580 Ephesina
3393 3509 3644 3578 rejicitur
3668 3523 3750 3578 sy-

2180 3611 2370 3674 nodus,
2393 3609 2483 3663 bic
2505 3604 2786 3668 manifeste
2805 3610 2914 3657 stat
2935 3617 2966 3655 a
2989 3599 3214 3656 Nestorii
3240 3598 3509 3668 partibus,
3537 3596 3757 3666 ejusque

2181 3699 2419 3754 adlueret
2457 3695 2718 3766 impietati
2743 3736 2765 3762 ,
2798 3708 2959 3762 quem
2989 3693 3104 3760 ipsa
3153 3689 3384 3758 epistola
3413 3687 3758 3756 inquisitione

2175 3789 2483 3858 judicioque
2518 3787 2602 3842 bis
2629 3785 2939 3848 damnatum
2969 3781 3132 3835 fuisse
3168 3778 3368 3832 fatetur
3393 3777 3638 3846 quidem,
3666 3776 3756 3830 sed

2183 3892 2290 3931 non
2317 3875 2626 3944 dogmatum
2655 3887 2815 3927 causa
2835 3913 2856 3938 ,,
2881 3884 3063 3926 verum
3094 3869 3290 3923 civium
3319 3867 3450 3921 odio
3479 3867 3547 3920 ad
3578 3865 3758 3920 Eccle-

2182 3967 2316 4021 siam
2341 3979 2449 4020 non
2478 3979 2596 4018 esse
2617 3976 2892 4016 reversum
2917 3961 2934 3980 '
2963 3967 3166 4026 :atque
3185 3973 3290 4012 non
3315 3956 3526 4026 peccati
3541 3971 3670 4010 reus
3681 3963 3760 4010 est

2185 4058 2344 4112 modo
2373 4056 2442 4112 ob
2470 4056 2608 4110 hanc
2631 4066 2868 4120 causam,
2898 4051 2988 4122 qui
3016 4051 3132 4119 ejus
3155 4049 3399 4118 epistola:
3431 4057 3618 4102 tuetur
3647 4063 3760 4118 par-

2187 4157 2268 4204 tes
2291 4189 2305 4212 ,
2351 4161 2534 4202 verum
2564 4145 2690 4214 quia
2715 4143 3063 4198 Caelestinum
3091 4154 3310 4209 quoque
3336 4154 3536 4208 papam
3565 4138 3765 4194 conde-

2187 4246 2336 4294 mnat
2357 4276 2372 4302 ,
2413 4236 2481 4291 de
2515 4233 2715 4306 Cyrillo
2745 4234 3009 4288 dicentem
3032 4271 3047 4297 ,
3099 4229 3284 4302 Cyrilli
3329 4229 3492 4284 tidem
3527 4237 3760 4283 nostram

2184 4325 2344 4380 ﬁdem
2367 4340 2506 4380 esse.
2528 4323 2606 4378 Ac
2625 4323 2846 4393 pariter,
2865 4322 2957 4391 qui
2979 4319 3261 4376 duodecim
3290 4334 3356 4374 ea
3381 4320 3558 4372 sancti
3582 4317 3762 4389 Cyrilli

2185 4417 2358 4484 capita
2389 4429 2509 4469 cum
2537 4422 2686 4467 recta
2711 4411 2812 4464 ﬁde
2840 4423 3077 4480 pugnare
3099 4407 3398 4472 contendit,
3429 4407 3476 4461 is
3504 4423 3618 4460 non
3647 4422 3764 4460 san-

2181 4512 2328 4558 ctum
2355 4501 2610 4573 Cyrillum
2640 4501 2800 4554 modo
2829 4509 2992 4568 atque
3024 4499 3195 4552 beatae
3221 4495 3495 4550 memoriae
3523 4495 3766 4552 C(eiesti-

2183 4607 2342 4655 num,
2374 4591 2708 4660 primamque
2737 4587 3060 4657 Ephesinam
3085 4585 3350 4657 synodum
3378 4585 3606 4642 damnat
3627 4625 3646 4646 ,
3677 4583 3764 4639 sed

2182 4683 2437 4738 adversus
2472 4695 2688 4750 quoque
2727 4688 2974 4733 sanctum
3001 4676 3440 4732 Cbalcedonense
3477 4677 3763 4730 concilium

2177 4773 2434 4844 judicium
2462 4773 2567 4827 fert
2585 4771 2727 4841 quod
2749 4770 3004 4841 Cyrillum
3034 4769 3247 4837 scriptis
3275 4769 3486 4822 Patrem
3514 4781 3640 4820 esse
3668 4765 3763 4819 sibi

2183 4871 2345 4933 atque
2373 4861 2650 4916 doctorem
2676 4859 3001 4922 declaravit;
3050 4865 3212 4926 atque
3257 4857 3474 4924 insuper
3511 4855 3769 4909 adversus

2187 4959 2433 5007 sanctum
2472 4948 2711 5004 Leonem
2752 4947 3116 5002 Romanorum
3162 4943 3509 5016 pontiﬁcem,
3563 4943 3662 5011 qui
3705 4942 3768 4996 ad

2191 5041 2636 5100 Cbalcedonense
2737 5037 3026 5092 concilium
3079 5037 3319 5091 scribens
3371 5034 3440 5090 de
3483 5033 3770 5089 duodecim

2121 5156 2151 5173 ι
2191 5131 2363 5186 sancti
2407 5127 2590 5200 Cyrilli
2625 5127 2888 5198 capitibus
2929 5127 3045 5181 hinc
3085 5125 3250 5180 habet
3287 5141 3299 5178 :
3355 5141 3374 5175 :
3420 5121 3772 5176 Deﬂnitiones

2193 5223 2450 5279 adversus
2481 5220 2785 5276 Nestorium
2820 5219 2886 5273 ab
2913 5227 3111 5274 sanctae
3137 5215 3537 5291 recordationis~
3565 5213 3772 5284 Cyrillo

2195 5315 2484 5386 proposita:
2530 5313 2584 5368 in
2615 5319 2730 5368 tuto
2773 5314 3121 5380 perstiterunt
3148 5308 3343 5383 [στας.
3375 5303 3714 5378 persistant].
3747 5323 3768 5354 ε

2263 5404 2582 5472 Quanquam
2621 5416 2751 5456 vero
2791 5399 2966 5456 omnis
3000 5399 3161 5470 plena
3187 5400 3258 5454 sit
3295 5397 3592 5468 iniquitatis
3627 5408 3776 5451 exso-

2192 5494 2408 5549 crabilis
2435 5509 2502 5548 ea
2529 5493 2754 5562 epistola
2772 5531 2787 5556 ,
2831 5507 2989 5544 unam
3019 5500 3194 5545 tamen
3223 5490 3444 5544 minime
3471 5488 3662 5543 celare
3693 5501 3780 5556 po-

2193 5587 2296 5640 tuit
2328 5585 2629 5646 veritatem,
2664 5581 2950 5636 Theodoro
2977 5581 3182 5636 scilicet
3209 5589 3330 5650 post
3357 5588 3586 5634 mortem
3613 5579 3780 5635 etiam

2192 5706 2275 5750 est
2307 5714 2319 5748 :
2501 5709 2648 5764 quem
2685 5693 2798 5766 ipsa
2829 5692 3030 5761 epistol.
3061 5707 3174 5746 smn
3211 5688 3555 5766 inquis._jud.
3595 5689 3784 5743 dum».

2194 5769 2351 5840 fuisse
2380 5756 2536 5832 tum,
2572 5779 2660 5822 nec
2691 5756 2866 5833 dogzn.‘
2895 5777 3071 5828 causa,
3099 5756 3378 5815 ceruum...
3411 5756 3568 5814 Eutr.
