3924 6294
159 263 285 328 Πῑττ

940 242 1299 303 EPISTULA
1340 242 1739 313 ADVERSUS

1859 212 2255 303 {nonnum
2296 240 2711 301 MOPSU‘EST.
2779 264 2784 268 -

3295 234 3425 301 Ν)τῖ

164 396 244 437 aut
268 378 394 438 μετά
422 379 630 433 θάνατον
666 371 1023 442 ἀνεθεματίσθη
1042 409 1055 433 ,
1091 365 1141 420 ὂν
1180 366 1341 420 ἀσεϐῆ
1371 362 1623 436 Θεόδωρον
1654 360 1732 416 δι-

1858 377 1869 415 ι
1899 360 2001 430 piis
2029 357 2450 426 ortlrodoxisque
2476 356 2778 411 hominibus
2822 344 2982 408 ΐιιίδέθ
3026 353 3225 407 ἀίοιηηι
3288 375 3426 415 δηλί-

167 468 413 527 δᾶσκαλον
436 476 526 529 τῆς
553 466 838 527 ἐκκλησίας,
868 464 949 515 γαί
975 460 1167 533 κήρυκα
1193 465 1283 515 τῆς
1317 455 1546 512 ἀληθείας
1586 454 1732 506 καλεί

172 564 196 619 ὁ
224 562 353 619 αὐτή
374 559 560 619 ἀσεϐής
583 555 836 615 ἐπιστολή,
864 553 949 605 τὸν
974 551 1106 625 ὑπὲρ
1149 548 1339 605 πάντας
1384 546 1503 604 τοῦς
1546 545 1736 617 «ipen-

169 654 285 711 ,τοὺς
332 652 783 722 βλασφημήσαντα.
831 640 1039 701 Οὗτινος
1078 646 1178 693 τῶν
1224 639 1548 709 βλασφημιῶν
1586 636 1734 707 μέρος

169 743 442 811 ἐλάχιστον
468 737 530 795 δι’
556 738 733 812 ἐτέρας
759 737 875 805 ὑμῖν
901 733 1166 792 ἐπιστολῆς
1193 730 1273 784 ἐπ’
1302 731 1467 784 αὐτῶν
1498 732 1616 798 ὑμῖν
1640 734 1738 782 τῶν

174 834 408 903 ῥημάτων
426 829 521 888 ἤδη
542 830 926 899 ἒφανερὼσαμεν
947 820 1315 885 ἀποδείξαντες,
1343 821 1425 874 καί
1453 821 1505 873 τί
1531 818 1574 870 οί
1606 815 1739 887 ἅγιοι

171 924 408 996 πατέρες,
442 918 690 996 Κύριλλος,
739 919 821 969 καί
871 914 1103 987 Πρόκλος,
1152 915 1237 965 καὶ
1272 906 1583 968 Ῥαϐϐουλᾶς
1611 910 1739 962 κατὰ

172 1009 424 1086 Θεοδώρου
440 1049 454 1073 ,
470 1008 473 1011 ’
489 1011 575 1061 καί
601 1015 699 1062 τῶν
725 1006 921 1059 ἀσεϐῶν
950 1005 1106 1057 αὐτοῦ
1132 1002 1288 1073 λόγων
1309 999 1557 1076 ἔγραψαν,
1585 1019 1743 1051 κατα-

173 1105 420 1177 κρίναντες
439 1101 588 1155 αὐτὸν
613 1102 741 1169 μετὰ
763 1107 854 1157 τῆς
869 1100 1028 1155 αὐτῆς
1053 1095 1289 1153 ἀσεϐείας
1318 1098 1561 1150 Τοιαῦται
1571 1094 1669 1164 γὰρ
1690 1090 1741 1142 αί

173 1190 437 1266 Θεοδώρου
451 1190 759 1262 βλασφημίαι
782 1189 925 1254 εἰσιν,
943 1184 1021 1240 ὅτι
1037 1182 1126 1255 [Ιθ.
1143 1181 1299 1251 ὥστε]
1315 1182 1429 1236 οὺδέ
1453 1183 1596 1251 ὑμεῖς
1612 1179 1745 1266 ἐτολ-

174 1282 369 1347 μήσατε
389 1277 580 1337 ταύτας
602 1274 869 1338 ἐκδικῆσαι,
892 1277 936 1328 εί
953 1276 1036 1327 καί
1055 1273 1139 1327 τὸν
1167 1273 1414 1341 ἐκθέμενον
1440 1270 1596 1328 αὐτὰς
1617 1265 1744 1321 ἐκδι-

174 1378 326 1428 κῆτε⁶
357 1374 568 1440 φανεροῦ
607 1364 744 1424 ὄντος
775 1364 850 1420 ὅτι
878 1363 1035 1424 οὐδείς
1060 1363 1125 1416 τά
1154 1362 1281 1415 κακὰ
1317 1361 1636 1434 κατα-κρίνων,
1662 1358 1745 1411 τὸν

175 1460 429 1528 ἐπιθέμενον
450 1459 580 1512 αὐτὰ
604 1456 798 1517 ἐκδικεῖ,
812 1455 937 1512 πλήν
957 1456 998 1507 εἰ
1018 1458 1086 1523 μή
1106 1455 1287 1506 ἐκεῖνον
1302 1452 1386 1505 τόν
1408 1453 1747 1519 μετανοήσαν-

174 1570 261 1611 τα,
293 1550 376 1602 καί
400 1557 490 1607 τῆς
521 1548 649 1607 ἰδίας
677 1547 973 1600 ἀποστάντα
995 1544 1209 1607 πλάνης,
1235 1543 1320 1595 καί
1348 1547 1516 1595 ταῦτα
1543 1536 1747 1595 καταδι-

173 1636 424 1693 κάσαντα.
456 1645 580 1696 Ταῖς
602 1635 654 1690 δέ
678 1633 848 1695 ἄλλαις
877 1630 1059 1711 ὕϐρεσι
1084 1640 1196 1691 ταῖς
1219 1632 1267 1684 ἐν
1294 1639 1356 1704 τῇ
1383 1632 1511 1698 αὐτῇ
1536 1630 1745 1683 ἐπιστο-

1837 452 2012 505 thema
2032 488 2047 514 ,
2078 457 2135 502 et
2161 449 2229 502 ab
2255 446 2493 501 Ecclesia
2518 445 2775 515 rejectnm
2804 458 2949 508 esse,
2977 458 3132 513 quem
3160 442 3419 501 Theoao-

1836 554 1954 593 rum
2003 536 2238 591 omnium
2287 534 2380 602 qui
2428 535 2687 587 hactenus
2729 532 2984 587 exstitere
3034 531 3408 587 lanreticornm

1836 629 2224 698 blasphemum,
2258 626 2419 695 impia
2446 625 2535 679 illa
2563 623 2787 695 epistola
2819 623 3070 677 Ecclesia:
3099 623 3413 690 magistrum

1837 726 1995 773 vocat
2032 730 2440 786 prmconemque
2476 714 2739 779 veritatis,
2775 712 2925 781 cujus
2964 712 3414 782 blasphemiarum

1840 811 2084 876 exiguam
2113 816 2317 876 partem
2347 807 2515 861 altera
2537 804 2649 873 jam
2686 803 2837 857 vobis
2881 802 3107 871 epistola
3156 805 3412 870 exposui-

1839 917 1960 956 mus
1986 918 1999 954 :
2031 900 2209 955 verbis
2251 911 2483 968 namque
2502 895 2597 950 SS.
2626 893 2831 965 Cyrilli,
2862 891 3039 948 Procli
3087 907 3151 946 ac
3188 890 3410 948 [tabulae

1842 989 1971 1058 quid
2001 989 2097 1057 ipsi
2122 994 2308 1042 contra
2335 983 2674 1039 Theodorum
2698 981 3039 1049 scripserint,
3062 978 3421 1042 ostendimus,

1843 1088 2004 1146 atque
2039 1073 2484 1146 quemadmodum
2512 1087 2655 1136 eum,
2698 1070 3021 1139 impiamque
3066 1067 3183 1136 ejus
3217 1066 3420 1121 doctri-

1845 1181 1986 1231 nam,
2028 1174 2189 1232 alque
2227 1162 2560 1230 iniquitatem
2597 1157 3088 1214 condemnaverint.
3147 1154 3423 1224 Ejusmodi

1845 1264 2022 1311 autem
2053 1262 2177 1308 sunt
2198 1251 2466 1305 Theodori
2493 1249 2853 1319 blasphemiae,
2879 1255 2936 1301 ut
2961 1261 3135 1315 neque
3173 1262 3270 1300 vos
3295 1246 3418 1315 ipsi,
3488 1263 3493 1269 ν

1844 1347 1935 1417 qui
1961 1343 2299 1399 Theodorum
2326 1356 2419 1395 eas
2446 1346 2837 1410 proponentem
2867 1338 3110 1402 tuemini,
3141 1337 3259 1391 illas
3297 1351 3422 1406 pro-

1846 1450 2083 1505 pugnare
2109 1432 2224 1488 ausi
2265 1432 2426 1486 sitis:
2463 1445 2585 1485 cum
2624 1437 2805 1483 tamen
2851 1436 3061 1482 constet
3110 1442 3138 1479 a
3186 1427 3420 1488 nemine,

1846 1526 1937 1594 qui
1982 1524 2317 1593 impietatem
2363 1520 2565 1590 judicio
2603 1535 2701 1575 suo
2744 1518 3154 1588 proscripserit,
3209 1516 3421 1573 defendi

1847 1630 2006 1686 posse
2026 1614 2263 1684 ejusdem
2284 1613 2570 1683 impietatis
2591 1620 2892 1680 patronum,
2918 1611 3017 1665 nisi
3041 1611 3085 1665 is
3108 1609 3334 1664 fortasse
3354 1611 3421 1664 ab

174 1730 232 1804 λῇ
285 1731 412 1784 κατὰ
453 1735 543 1782 τοῦ
589 1735 635 1782 ἐν
665 1726 824 1798 ἁγίοις
867 1725 1099 1800 Κυρίλλου
1151 1724 1404 1800 ῥηθείσαις
1448 1720 1745 1794 πρόσκειται

1858 1725 2031 1765 errore
2052 1707 2335 1764 recesserit
2362 1706 2615 1775 primum,
2639 1715 2799 1772 atque
2825 1702 3132 1773 resipuerit,
3153 1711 3313 1770 atque
3334 1702 3424 1757 illa

173 1822 389 1881 κάκεῖνο,
420 1816 500 1873 ὅτι
520 1819 868 1886 ἁνάισχύντης
890 1816 1042 1875 αὐτὸς
1078 1816 1134 1869 ἓν
1165 1813 1325 1884 ἁγίος
1351 1811 1582 1885 nepote;
1613 1812 1742 1874 ἔστι,

177 1913 258 1962 καὶ
285 1905 360 1961 ὅτι
385 1906 740 1984 μεταμεληθεὶς
770 1905 965 1961 ἐναντία
1000 1910 1063 1972 τῇ
1102 1904 1280 1975 πρώτῃ
1308 1903 1465 1954 αὐτοῦ
1496 1898 1742 1954 διδασκα-

176 1997 261 2073 λίᾳ
281 1998 481 2060 ἐξέθετο·
521 1996 573 2058 ἐξ
610 1992 676 2047 ὧν
722 1992 748 2047 ὃ
783 1999 873 2051 τήν
902 1991 1167 2048 ἐπιστολήν
1186 1992 1372 2047 ίκεῖνην
1399 1987 1603 2063 γράψας
1643 1986 1747 2041 δεί-

177 2108 356 2142 κνυται
383 2087 553 2144 πάσης
574 2086 743 2143 ἀνοίας
764 2082 967 2152 μεστός.
990 2087 1091 2135 Ποῦ
1118 2084 1218 2153 γὰρ
1247 2079 1273 2133 ό
1300 2082 1350 2132 ὲν
1379 2078 1541 2148 ἁγίοις
1566 2077 1748 2150 κύριλη

178 2179 263 2238 λος
289 2180 484 2230 ἐναντία
504 2184 566 2248 τῇ
595 2179 769 2248 πρώτῃ
798 2175 954 2227 αὐτοῦ
974 2170 1271 2243 διδασκαλία
1299 2171 1516 2235 ἐξέθετο,
1546 2167 1576 2227 ἦ
1599 2189 1746 2239 μετε-

177 2266 388 2329 νόησενς
434 2263 465 2323 ἦ
510 2270 618 2323 πῶς
655 2264 686 2320 ἡ
731 2264 780 2315 ὲν
816 2259 1091 2317 Χαλκηδόνι
1125 2259 1244 2332 ἁγία
1291 2256 1504 2318 σύνοδος
1550 2259 1747 2332 πατέρα

177 2360 363 2409 τοῦτον
404 2355 732 2429 ἐπεγράφετο.
764 2352 810 2404 εἰ
852 2350 1151 2422 μετεμελήθη
1171 2391 1185 2416 ,
1234 2351 1355 2402 καθά
1397 2355 1460 2422 τῇ
1506 2348 1745 2420 ἐπιστολῇ

178 2447 511 2521 περιέχεται;
542 2452 596 2496 '0
619 2444 718 2516 γὰρ
747 2448 1002 2512 μετανοῶν
1031 2442 1086 2494 οὐ
1117 2447 1222 2499 τοῖς
1249 2436 1569 2498 διδασκάλοις
1600 2459 1752 2492 συνα-

179 2534 465 2603 ριθμεῖται,
515 2531 617 2587 ἀλλ’
660 2533 727 2588 ὡς
779 2530 879 2584 ἀπὸ
924 2529 1113 2588 πλάνης
1153 2525 1489 2603 ὑποστρέψας
1522 2524 1748 2587 ’δεκτεός

178 2643 316 2678 εστι·

1848 1799 2303 1864 condemnaverit,
2335 1796 2456 1866 quae
2485 1796 2614 1852 olim
2640 1796 2804 1864 impie
2832 1794 3120 1849 docuisset.
3156 1793 3235 1847 Ad
3273 1800 3426 1848 caete-

1847 1904 1937 1944 ras
1966 1896 2144 1943 autem
2170 1887 2520 1942 contumelias
2544 1886 2798 1940 adversus
2817 1894 3062 1940 sanctum
3084 1884 3336 1954 Cyrillum
3361 1900 3427 1940 ea

1851 1977 1904 2031 in
1932 1977 2159 2046 epistola
2193 1977 2423 2045 jactatas
2461 1974 2711 2042 adjicitur
2755 1973 2937 2039 etiam,
2986 1974 3210 2042 turpiter
3256 1974 3428 2040 egisse

1851 2068 2128 2139 Cyrillum,
2172 2067 2313 2122 adeo
2359 2072 2440 2133 ut,
2464 2080 2648 2120 eorum
2685 2065 2953 2134 paenitens
2994 2078 3114 2132 qua:
3160 2063 3424 2120 docuisset

1852 2159 2362 2233 pridemmdversam
2390 2158 2493 2212 illis
2516 2156 2823 2212 doctrinam
2845 2156 3200 2227 proposuerit.
3226 2155 3428 2215 Exinde

1852 2268 1983 2308 vero
2015 2251 2256 2321 epistolae
2295 2250 2531 2318 scriptor
2579 2248 2949 2303 insanissimus
3000 2263 3121 2303 esse
3164 2247 3425 2317 proditur.

1856 2342 1973 2408 Quo
2010 2355 2240 2408 namque
2284 2339 2388 2395 loci
2431 2338 2731 2395 doctrinam
2770 2338 2996 2391 astruxit
3039 2337 3264 2408 Cyrillus
3307 2352 3429 2393 cum

1851 2447 1948 2487 sua
1979 2430 2156 2500 priore
2193 2429 2557 2498 pugnantem?
2592 2442 2699 2494 quo
2728 2427 3010 2496 paenituit?
3034 2426 3120 2481 vel
3161 2425 3430 2496 quomodo

1850 2520 1964 2575 ﬁeri
1993 2520 2165 2589 potuit
2193 2525 2300 2572 uta
2331 2526 2515 2571 sancta
2544 2515 2966 2571 C;.alcedonensi
2996 2516 3201 2584 synodo
3227 2518 3430 2572 sanctis

1850 2608 2097 2663 Patribns
2137 2615 2600 2671 annumeraretur,
2649 2606 2716 2674 si,
2752 2607 3203 2675 quemadmodum
3249 2615 3430 2671 narrat

1862 2700 2110 2770 epistola,
2139 2699 2330 2768 prioris
2349 2714 2469 2753 eum
2498 2713 2609 2752 sua:
2640 2698 2898 2752 doctrinae
2934 2699 3305 2767 poetiituisset?
3332 2697 3431 2766 Qui

177 2801 322 2856 enim
349 2801 415 2856 ab
443 2800 933 2856 errore-revertitur
958 2799 1022 2853 ad
1043 2798 1325 2853 sanitatem
1355 2811 1462 2850 non
1484 2796 1622 2850 inter
1649 2794 1900 2849 doctores
1929 2790 2235 2855 ascribitur,
2266 2788 2361 2844 sed
2384 2789 2547 2843 veluti
2568 2789 2635 2843 ab
2658 2802 2842 2842 errore
2868 2802 3180 2844 conversus.

253 2895 402 2954 Τέλος
431 2892 482 2948 δέ
502 2899 650 2947 τοῦτο
669 2893 824 2950 αὐτῆς
851 2889 877 2944 ό
918 2890 1121 2961 γράψας
1158 2893 1247 2947 τήν
1282 2889 1544 2945 ἐπιστολὴν
1584 2888 1752 2945 ἐποιή-

180 3005 314 3039 σατο
338 2985 513 3055 λέγων·
548 2999 566 3032 ε
598 2979 713 3036 Ὀτι
733 2980 811 3035 δεῖ
830 2980 1078 3050 ὁμολογεῖν
1108 2982 1178 3039 εἰς
1203 2981 1288 3032 τὸν
1311 2979 1446 3043 ναόν,
1474 2974 1553 3031 καί
1579 2982 1650 3037 εἰς
1666 2980 1752 3031 τόν

183 3077 466 3128 ἐνοικοῦντα
494 3075 539 3125 ἐν
570 3080 637 3142 νῷ
660 3079 782 3144 ναῷ.
828 3088 852 3126 o
887 3081 967 3124 Ἐκ
991 3073 1183 3126 τούτων
1207 3069 1258 3125 δὲ
1292 3068 1408 3124 ὅσον
1434 3068 1544 3131 ἧκεν
1569 3072 1638 3129 εἰς
1663 3075 1752 3128 τήν

182 3164 340 3219 ἁσέϐε
364 3184 424 3217 αν
458 3170 548 3223 τῆς
595 3162 878 3225 ἐπιστολῆς,
926 3165 1010 3215 καὶ
1055 3164 1173 3220 τοὺς
1213 3159 1539 3221 ἒ›.δικοῦντας
1573 3162 1749 3226 αὐτὴν,

183 3257 338 3306 πᾶσα
359 3253 388 3309 ἡ
415 3252 534 3326 ὀρθὴ
558 3254 730 3311 πίστις
751 3252 1100 3325 ἀνατρέπεται.
1134 3261 1184 3303 Ἦ
1209 3253 1310 3325 γὰρ
1336 3250 1564 3309 καθολεκή
1584 3250 1748 3306 ἐκκλη-

183 3345 277 3395 σία
299 3341 383 3394 ἕνα
423 3344 593 3415 αὔριον
631 3339 818 3398 Ἰησοῦν
854 3342 1065 3414 Χριστὸν
1107 3348 1336 3411 μονογενῆ
1379 3342 1484 3393 υἱόν
1508 3345 1598 3394 τοῦ
1627 3346 1753 3394 Θεοῦ
1783 3312 1828 3375 C

183 3430 437 3502 ὁμολογεῖ,
462 3433 549 3484 καί
573 3432 698 3500 οὐχί
724 3433 795 3490 είς
818 3432 902 3484 τόν
928 3431 1044 3484 ναόν
1068 3434 1150 3484 καί
1175 3433 1245 3490 εἰς
1270 3430 1354 3485 τόν
1390 3431 1669 3484 ἐνοικοῦντα
1710 3431 1756 3482 ἐν

184 3532 261 3595 τῷ
287 3530 388 3595 ναῷ
408 3525 664 3577 πιστεύειν
708 3522 738 3581 ἦ
769 3521 1020 3595 ὁμολογεῖν
1074 3520 1315 3576 διδάσκει.
1351 3519 1495 3575 Ὀθεν
1528 3524 1614 3585 καί
1652 3530 1758 3601 τοῖς

184 3620 283 3671 τοῦ
315 3613 458 3683 ἁγίου
488 3614 790 3682 ἀξιουμένοις
829 3613 1188 3682 βαπτίσματος
1223 3610 1560 3684 παραδίδοται
1588 3610 1761 3682 ὁμολο-

185 3711 295 3773 γεῖν
319 3706 406 3757 καὶ
431 3705 685 3757 πιστεύειν
710 3706 781 3762 είς
804 3702 890 3756 ἕνα
917 3698 1113 3774 πατέρα
1134 3704 1548 3778 παντοκράτορα,
1574 3705 1658 3756 καί
1686 3706 1760 3761 εἰς

184 3796 279 3848 ἕνα
302 3794 470 3869 κύριον
492 3799 682 3850 Ἰησοῦν
707 3792 919 3868 Χριστόν
937 3793 1023 3846 τόν
1050 3791 1158 3843 υἱὸν
1186 3793 1336 3845 αὐτοῦ
1371 3792 1453 3846 τόν
1496 3801 1751 3864 μονογενῆ,

186 3888 275 3939 καὶ
307 3889 377 3944 εἰς
422 3887 480 3939 τό
515 3883 659 3957 ἅγιον·
693 3891 926 3955 πνεῦμα,
962 3885 1018 3938 οὐ
1053 3891 1149 3954 μήν
1174 3887 1244 3944 είς
1271 3883 1362 3939 δύο
1401 3886 1574 3945 υἱοὺς.
1612 3885 1644 3944 ἦ
1668 3885 1758 3940 δύο

187 3977 468 4046 Χριστοὺς,
492 3972 615 4049 ὅπερ
643 3977 672 4032 ἡ
695 3976 823 4051 πρὸς
850 3975 1004 4047 Μάριν
1018 3975 1103 4028 τόν
1124 3974 1317 4048 Πέρσην
1338 3975 1575 4033 ἐπιστολὴ
1603 3972 1759 4035 δηλοῖ,

187 4066 412 4137 λέγουσα
434 4073 623 4140 χρῆναι
647 4066 894 4137 ὁμολογεῖν
920 4069 992 4126 εἰς
1019 4068 1102 4120 τὸν
1151 4066 1267 4119 ναόν
1310 4069 1389 4118 γαί
1421 4069 1492 4125 εἰς
1516 4068 1601 4120 τόν
1642 4068 1764 4120 ἐνοι-

188 4162 378 4210 κοῦντα
399 4157 446 4208 ἐν
466 4163 536 4225 τῷ
554 4164 678 4223 ναῷ,
703 4159 787 4209 καί
825 4158 878 4209 ἐκ
906 4157 1087 4210 τούτου
1120 4156 1360 4228 τέταρτον
1398 4155 1674 4229 πρόσωπον
1700 4163 1765 4229 τῇ

187 4246 318 4319 ἁγίᾳ
343 4245 516 4321 Τριὰδε
543 4243 907 4316 ἐπεισάγουσα.

263 4426 344 4478 Ἐκ
375 4429 568 4482 τούτων
608 4427 772 4479 τοίνυν
807 4424 1040 4480 ἁπάντων
1079 4423 1352 4493 δέδεικται,
1395 4424 1473 4480 ὅτι
1513 4428 1763 4502 ἀλλότριος

188 4515 305 4569 ἐστι
335 4521 425 4572 τῆς
460 4511 717 4589 ὀρθοδόξου
759 4515 981 4573 πίστεως
1019 4512 1044 4566 ό
1079 4520 1169 4571 την
1207 4517 1561 4589 προειρημένην
1603 4518 1764 4575 ἀσεϐῆ

189 4602 463 4659 ἐπιστολὴν
488 4603 719 4665 ἐπαινῶν,
749 4602 779 4660 ἧ
806 4601 1029 4656 ἐκδικῶν.
1055 4602 1248 4662 Ἐπειδὴ
1278 4602 1331 4658 δέ
1355 4605 1518 4676 λέγετε
1536 4646 1549 4668 ,
1578 4612 1641 4665 ὡς
1664 4605 1689 4659 ό
1716 4608 1763 4658 ἐν

1926 2878 2041 2932 Hoc
2069 2876 2300 2947 denique
2330 2879 2487 2931 modo
2514 2877 2794 2946 epistolam
2839 2878 3068 2946 scriptor
3120 2878 3430 2937 concludit;

1866 2990 1883 3023 ε
1913 2970 2171 3026 Conliteri
2217 2985 2283 3029 ac
2317 2968 2535 3024 credere
2581 2977 2797 3038 oportet
2841 2970 2897 3023 in
2923 2970 3198 3039 templum,
3227 2979 3283 3026 et
3308 2985 3435 3027 eum

1857 3061 1949 3130 qui
1978 3061 2029 3114 in
2055 3059 2251 3129 templo
2276 3058 2554 3112 inhabitat.
2586 3077 2605 3110 ι
2653 3058 2769 3124 Quo
2799 3073 2865 3113 ex
2894 3058 3037 3122 loco,
3067 3066 3324 3126 quantum
3367 3059 3433 3112 ad

1858 3151 2187 3221 impietatem
2216 3150 2457 3220 epistolae
2483 3157 2703 3218 spectat
2731 3149 2953 3219 ejusque
2995 3158 3273 3219 patronos,
3322 3152 3434 3205 nni~

1857 3255 2012 3295 versa
2047 3240 2369 3294 subvertitur
2400 3251 2547 3294 recta
2590 3238 2740 3294 fides.
2786 3238 3062 3294 Catholica
3089 3240 3286 3310 quippe
3329 3238 3435 3295 Ee-

1859 3329 2020 3384 clesia
2046 3329 2261 3384 unicum
2290 3329 2570 3383 Dominum
2599 3327 2781 3383 Jesnm
2819 3328 3090 3384 Christum
3116 3329 3308 3385 Filium
3337 3330 3439 3393 Dei,

1858 3420 2190 3488 unigenitum
2218 3421 2524 3486 conlitetur,
2572 3435 2749 3490 neque
2779 3421 2987 3491 uspiam
3018 3422 3177 3477 docet
3210 3422 3435 3478 creden-

1857 3511 1982 3566 dum
2027 3526 2146 3566 esse
2186 3512 2240 3566 in
2285 3513 2563 3582 templum,
2593 3511 2815 3581 ejusque
2862 3513 3297 3579 inbabitatorem,
3341 3524 3434 3570 aut

1858 3601 1974 3655 haec
2020 3600 2262 3656 confiteri
2317 3609 2602 3671 oportere,
2650 3602 3103 3671 quemadmodum
3146 3603 3214 3657 ad
3261 3606 3435 3660 sancti

1859 3689 2194 3759 baptismatis
2219 3692 2445 3758 gratiam
2487 3691 2553 3745 ad
2578 3732 2586 3742 .
2610 3692 2730 3747 issis
2769 3694 2946 3760 tradit,
2990 3704 3049 3749 ut
3083 3695 3434 3751 conliteantur

1861 3784 1916 3831 et
1943 3779 2165 3832 credant
2193 3781 2246 3833 in
2274 3794 2438 3837 unum
2460 3779 2625 3834 Deum
2656 3781 2871 3835 Patrem
2908 3787 3350 3854 omnipotentem,
3382 3794 3438 3842 et

1862 3867 1915 3921 in
1947 3884 2107 3921 nnnm
2138 3868 2419 3924 Dominum
2447 3867 2629 3924 Jesum
2657 3869 2927 3924 Christum
2965 3871 3158 3929 Filium
3196 3873 3287 3928 Dei
3318 3876 3438 3930 uni.

1863 3955 2118 4022 genitum,
2147 3963 2202 4010 et
2224 3956 2276 4009 in
2299 3955 2554 4025 Spiritum
2580 3968 2844 4026 sanctum,
2876 3975 2981 4015 non
3010 3963 3062 4015 in
3092 3961 3225 4017 duos
3252 3963 3437 4030 Filios,

1863 4043 1947 4099 vel
1976 4044 2029 4097 in
2056 4043 2195 4103 duos
2211 4044 2481 4112 Christos,
2510 4054 2672 4116 prout
2719 4048 2943 4116 epistola
2988 4049 3055 4103 ad
3094 4050 3278 4105 Marim
3309 4053 3438 4108 Per-

1863 4151 1976 4189 sam
2005 4136 2206 4190 diserte
2229 4138 2416 4191 statuit
2438 4152 2557 4192 esse
2584 4138 2927 4206 credendum,
2967 4142 3150 4210 templi
3195 4150 3355 4212 atque
3385 4146 3436 4198 in

1864 4227 1979 4298 ipso
2018 4227 2362 4282 inhabitantis
2410 4225 2514 4282 ﬁde
2559 4212 2856 4299 proposita,
2901 4244 3008 4297 quo
3048 4231 3108 4283 lit
3150 4240 3210 4286 ut
3246 4245 3435 4302 quarta

1864 4326 2061 4372 sanctre
2083 4316 2357 4372 Trinitatis
2387 4334 2615 4386 persona
2637 4319 3012 4374 constituatur.

1936 4409 2371 4466 Demonstratum
2415 4420 2499 4467 est
2544 4413 2723 4480 itaque
2763 4413 2848 4467 bis
2880 4414 3149 4480 omnibus,
3208 4416 3438 4485 prrefatre

1864 4501 2208 4556 exsecrabilis
2236 4502 2477 4571 epistola:
2522 4509 2778 4572 patronos
2816 4512 2977 4573 atque
3018 4505 3324 4562 laudatores
3369 4511 3438 4563 ab

1866 4597 2163 4657 orthodoxa
2184 4596 2286 4652 ﬁde
2315 4600 2533 4658 omnino
2562 4599 2767 4655 alienos
2794 4616 2914 4655 esse
2949 4600 3234 4670 judicatos.
3268 4604 3439 4661 Caele.

190 4694 359 4765 ἁγίοις
386 4691 614 4763 ιύριλλος
639 4691 721 4747 διὰ
745 4699 898 4747 τοῦτο
925 4696 1067 4768 παρὰ
1100 4701 1198 4748 τῶν
1222 4695 1516 4748 ἀνατολικῶν
1551 4694 1752 4765 ἐδέχθη,

1864 4705 2006 4759 rum,
2035 4691 2159 4759 quia
2187 4699 2423 4746 sanctum
2444 4690 2699 4763 Cyrillum
2738 4693 2939 4751 idcirco
2976 4693 3042 4748 ab
3082 4694 3440 4763 Orientalibus

191 4782 276 4837 ὅτε
304 4784 368 4836 τὰ
395 4781 500 4836 ἴδια
535 4782 777 4854 κεφάλαια
805 4785 1136 4857 ἡρμήνευσεν,
1168 4785 1225 4837 οὐ
1251 4783 1571 4855 θαυμάζομεν
1605 4785 1758 4854 ὑμᾶς,

190 4870 277 4927 ὅτι
308 4875 393 4925 καί
428 4873 479 4925 ἓν
513 4880 619 4931 τοῖς
650 4875 915 4942 πεμφθεῖσι
951 4874 1073 4948 παρ’
1118 4874 1256 4943 ὑμῶν
1298 4874 1574 4944 κεφαλαίοις
1601 4872 1762 4931 οὕτως

193 4962 512 5024 ἠπατήθητε,
557 4962 600 5015 οἱ
638 4965 721 5016 καὶ
759 4964 887 5017 αὐτὰ
926 4963 990 5015 τὰ
1017 4963 1065 5015 ἐν
1105 4971 1166 5035 τῇ
1203 4963 1312 5018 κατ’
1340 4960 1551 5033 "lieno-1
1586 4965 1763 5036 πρώτῃ

190 5048 392 5120 συνόδῳ
418 5054 735 5127 γεγραμμένα
758 5052 1074 5122 ἠγνοηκότες.
1119 5055 1211 5106 Καὶ
1238 5054 1333 5124 γὰρ
1367 5057 1449 5106 καὶ
1477 5051 1501 5106 ὁ
1530 5053 1581 5107 ἐν
1607 5053 1763 5123 ἁγίοις

192 5141 528 5208 Κεὴστῖνος,
569 5145 649 5197 καὶ
687 5145 717 5201 ἠ
765 5146 814 5196 ἐν
842 5142 1024 5213 Ἐφέσῳ
1063 5146 1241 5217 πρώτη
1282 5142 1521 5206 σύνοδος,
1552 5147 1633 5196 καί
1659 5143 1685 5198 ό
1714 5146 1764 5197 ἐν

190 5233 361 5302 ἁγίοις
391 5234 550 5297 Λέων,
578 5237 656 5288 καὶ
686 5235 715 5291 ἡ
750 5235 799 5286 ἐν
826 5232 1097 5290 Χαλκηδόνι
1120 5233 1240 5304 ἁγία
1266 5232 1471 5292 σύνοδος
1496 5237 1626 5288 αὺτά
1656 5233 1765 5288 καθ’

191 5322 330 5378 αὖτά
354 5322 681 5394 τότ’κεφάλαια
706 5327 798 5375 τοῦ
835 5323 886 5375 ἐν
925 5320 1083 5394 ἁγίοις
1124 5322 1355 5395 Κυρίλλου
1392 5325 1477 5375 καί
1512 5320 1761 5386 ἐδέξαντο,

192 5413 284 5466 καί
308 5412 632 5478 ἐϐεϐαίωσαν,
664 5416 747 5467 καὶ
763 5412 992 5482 οὐδεμίαν
1012 5415 1200 5467 τούτων
1221 5413 1478 5486 ἑρμηνείαν
1498 5416 1763 5476 ἐζήτησαν’
1789 5484 1799 5496 .

191 5506 226 5562 ἢ
250 5503 354 5578 γὰρ
379 5504 613 5579 ἐρμηνεία
633 5508 689 5557 οὐ
715 5504 797 5559 διὰ
819 5508 938 5565 τοὺς
966 5504 1260 5580 όρθοδόξους
1284 5506 1474 5577 ἐγένετο
1491 5547 1504 5571 ,
1535 5506 1656 5560 ἀλλά
1682 5505 1764 5562 διὰ

190 5595 322 5654 τοὺς
359 5596 667 5669 αἱρετικούς,
699 5598 740 5652 οἳ
773 5596 1036 5670 Νεστόριον
1073 5594 1409 5660 ἐκδικοῦντες,
1441 5604 1548 5654 τοῖς
1574 5618 1762 5666 μνημο·

195 5683 417 5739 νιυθεῖσι
446 5684 721 5753 κεφαλαίοις
743 5685 1019 5755 ἀντέλεγον.
1045 5683 1129 5743 Ὠς
1153 5687 1250 5758 γὰρ
1272 5687 1415 5753 ὑμεῖς
1443 5687 1624 5756 λέγετε,
1650 5683 1761 5739 οὔτε

1866 4793 1984 4833 esse
2012 4788 2286 4848 receptum
2324 4780 2516 4845 dicitis,
2565 4788 2850 4850 propterea
2898 4782 3043 4852 quod
3084 4799 3180 4838 sua
3226 4785 3313 4839 illa
3356 4802 3438 4840 ca-

1864 4867 1974 4935 pita
2003 4869 2381 4937 interpretatus
2409 4870 2498 4933 sit,
2528 4871 2746 4925 minime
2771 4872 3026 4927 miramur
3051 4888 3147 4928 vos
3176 4875 3227 4928 in
3248 4878 3438 4939 vostris

1865 4958 1930 5012 ad
1952 4974 2050 5013 nos
2072 4960 2245 5014 missis
2268 4960 2528 5029 capitibus
2566 4962 2811 5021 similiter
2834 4977 2951 5018 esse
2995 4963 3269 5034 deceptos,
3316 4982 3436 5029 cum

1868 5046 2112 5101 videlicet
2138 5060 2255 5103 acta
2275 5064 2487 5118 quoque
2513 5051 2704 5118 prioris
2738 5051 3018 5120 Ephesium
3061 5055 3253 5124 synodi
3288 5055 3433 5122 igno-

1866 5151 1987 5190 rare
2012 5136 2313 5192 videamini.
2338 5137 2575 5206 Namque
2594 5148 2809 5194 sanctus
2828 5139 3167 5209 leestinus,
3193 5151 3248 5196 et
3266 5145 3438 5213 prima

1869 5224 2137 5294 Ephesina
2172 5228 2424 5297 synodus,
2455 5235 2509 5283 et
2545 5228 2604 5284 S.
2651 5228 2782 5296 Leo,
2827 5238 2883 5285 et
2911 5231 3080 5300 ipsum
3126 5248 3342 5302 quoque
3379 5234 3436 5291 ὃ.

1869 5323 2306 5381 Cbalcedonense
2335 5327 2640 5392 concilium,
2671 5342 2734 5383 ea
2771 5327 2826 5383 S.
2870 5327 3047 5399 Cyrilli
3083 5332 3316 5400 capitula
3347 5346 3441 5387 ex-

1871 5421 2144 5483 ceperunt,
2178 5430 2381 5485 suoque
2417 5415 2666 5484 suﬂ‘ragio
2702 5416 3165 5485 confirmaverunt,
3211 5413 3441 5476 nullam-

1870 5520 1974 5573 que
2001 5520 2188 5560 eorum
2222 5507 2607 5574 expositionem
2635 5523 2868 5576 unquam
2904 5512 3213 5579 qumsivere.
3257 5511 3438 5583 Expli-

1871 5596 2012 5648 catio
2036 5596 2175 5649 enim
2202 5594 2432 5648 adhibita
2462 5604 2543 5649 est
2569 5612 2673 5649 non
2703 5597 3087 5652 catholicorum
3115 5602 3309 5669 gratia,
3341 5604 3434 5658 sed

1866 5690 2088 5754 propter
2117 5684 2414 5754 haereticos,
2444 5686 2545 5754 qui-
2566 5685 2789 5741 Ncstorii
2830 5687 3066 5755 partibus
3093 5689 3288 5747 addicti
3319 5702 3431 5743 me-
