3924 6294
226 216 364 285 1031

960 217 1320 283 EPISTOLA
1361 226 1757 293 ADVERSUS
1797 235 2277 303 THEODORUM
2318 241 2733 305 MOPSUEST.

3320 257 3456 323 11182

214 334 351 395 εἶναι
375 344 465 398 τήν
495 337 640 409 ἁγίαν
668 339 905 413 παρθένον
933 345 1140 418 Μαρίαν
1180 343 1225 395 οἷ
1264 341 1316 397 δὲ
1348 342 1480 413 ἅγιοι
1510 346 1720 418 πατέρες
1745 352 1779 400 οὲ

219 428 401 443 .--ς
478 425 525 443 ι.
734 427 811 443 ...η
1084 428 1193 443 ε.-
1288 440 1309 443 _
1414 432 1424 443 .
1567 429 1592 443 ..
1749 440 1756 443 .

1890 353 2200 420 sumpsisse,
2231 371 2294 411 ac
2329 374 2395 412 ex
2440 360 2550 429 ipsa
2588 370 2768 419 natum
2793 380 2911 423 esse
2961 383 3066 424 non
3109 370 3450 443 conﬁtentur,

210 430 276 483 ἐν
305 425 576 485 Χαλκηδόνι
618 427 925 487 συνελθόντες
954 428 1250 495 συνοδικῶς,
1279 432 1511 486 Θεοτόκον
1544 429 1670 488 εἶναι
1702 440 1791 493 τήν

213 516 375 589 ἁγίαν
401 519 642 590 παρθένον
666 521 855 590 Μαρίαν
884 519 1222 590 ὡμολόγησαν.
1241 520 1497 597 Θεόδωρος
1525 522 1551 577 ό
1581 525 1792 587 ἀσεϐής,

207 610 311 661 καί
336 609 366 664 ’ό
413 607 667 674 ἀνώνυμος
714 607 950 667 ὶπιστολή
995 607 1087 663 δύο
1127 610 1372 684 πρόσωπα
1418 612 1642 685 λέγοντες
1668 619 1796 670 κατά

221 703 473 766 σχετικὴν
497 698 671 751 ἕνωσιν
694 697 742 751 ἓν
771 700 1038 773 πρόσωπον
1069 703 1483 758 ἀναπλάττουσιν.
1512 716 1562 758 Ἦ
1586 705 1794 766 σύνοδος

222 784 281 838 δὲ
310 795 405 839 τῶν
436 786 525 840 δίο
549 791 747 859 φύσεων
784 795 872 849 τήν
911 793 1018 844 καθ’
1050 793 1332 848 ύπόστασιν
1358 796 1531 848 ἕνωσιν
1556 797 1789 866 λέγουσα,

222 872 277 925 ἓν
300 876 533 946 κηρύττει
561 876 853 950 πρόσωπον,
884 879 990 936 ἦτοι
1013 884 1129 950 μίαν
1154 882 1437 936 ὑπόστασιν
1460 891 1672 959 Χριστοῦ
1706 895 1791 940 τοῦ

221 971 524 1032 μονογενοῦς
561 974 686 1020 Θεοῦ
713 968 877 1038 λόγου.
917 971 1057 1024 Πάλιν
1083 972 1112 1027 ἡ
1153 971 1339 1032 ἀσεϐής
1366 974 1517 1029 ἐκείνη
1540 973 1793 1034 ἐπιστολὴ

220 1049 549 1115 καταδικάζει
584 1060 674 1113 την
717 1057 763 1108 ἔν
792 1054 976 1129 Ἐφέσῳ
1020 1062 1222 1131 πρώτην
1266 1060 1490 1129 σύνοδον,
1524 1065 1714 1117 καὶτὸν
1741 1067 1791 1118 ἐν

219 1136 386 1209 ἁγίοις
409 1142 678 1213 Κύριλλον,
713 1146 797 1197 καὶ
828 1145 988 1203 ἀσεϐἠ
1015 1149 1078 1200 τά
1107 1149 1259 1201 αὐτοῦ
1291 1150 1520 1218 κεφάλαια
1544 1151 1788 1218 ὀνομάζει.

221 1232 492 1305 Νεστόριον
531 1232 582 1288 δέ
609 1236 692 1287 καί
730 1233 984 1310 Θεόδωρον
1013 1235 1199 1291 ἐκδικεῖ
1240 1242 1323 1292 καί
1359 1240 1551 1294 ἐπαινεῖ
1561 1255 1575 1269 ⁸
1607 1244 1636 1299 η
1663 1240 1713 1296 δέ
1743 1242 1792 1295 ἐν

223 1319 497 1378 Χαλκηδόνι
528 1321 737 1382 σύνοδος
765 1322 846 1378 διά
880 1326 1078 1379 πάντων
1103 1326 1359 1381 ἀκολουθεῖ
1378 1336 1437 1398 τῇ
1459 1331 1585 1403 αὐτῇ
1613 1333 1789 1401 πρώτῃ

220 1411 276 1463 ἕν
300 1408 482 1481 Ἐφέσῳ
506 1410 702 1483 συνόδῳ
719 1453 734 1477 ,
771 1417 852 1469 καί
878 1417 1076 1489 πατέρα
1106 1420 1188 1470 καὶ
1225 1416 1518 1472 διδάσκαλον
1550 1418 1790 1493 Κύριλὶον

219 1502 581 1575 ἐπιγράφεται,
609 1509 689 1558 καὶ
714 1510 801 1563 τήν
823 1506 1080 1566 συνοδικήν
1110 1512 1260 1562 αύτοῦ
1289 1512 1570 1571 ἐπιστολήν.
1599 1515 1645 1565 ἐν
1725 1519 1788 1568 τά

220 1589 424 1646 δώδεκα
449 1596 689 1665 κεφάλαια
710 1597 1064 1658 ὑποτέτακται,
1094 1600 1309 1668 βεξαιοῖ,
1342 1602 1605 1675 Νεστόριον
1626 1601 1676 1656 δὲ
1705 1606 1787 1658 τόν

1895 454 2060 508 quare
2083 444 2241 498 etiam
2271 442 2652 506 sanctissimam
2681 453 2947 523 Virginem
2969 458 3184 514 Mariam
3216 442 3452 518 inﬁcian-

1898 540 1984 585 tur
2007 531 2292 601 Deiparam
2320 551 2471 592 esse:
2499 543 2669 597 sancti
2700 559 2828 599 vero
2856 545 3040 602 Patres
3077 549 3128 602 in
3157 548 3453 607 Chalcedo-

1896 624 2045 676 nensi
2074 626 2302 681 co'ncilio
2331 633 2633 697 congregati
2662 636 3047 691 sanctissimam
3085 638 3303 693 Mariam
3333 641 3454 696 Dei-

1893 732 2077 786 param
2103 721 2330 777 confessi
2359 732 2499 778 sunt.
2553 725 2748 795 Impius
2777 728 3086 786 Theodorus
3123 742 3282 802 atque
3321 751 3453 793 ano-

1896 822 2053 876 nyma
2091 810 2312 877 epistola
2353 813 2484 869 duas
2523 815 2867 886 admittentes
2906 836 3186 889 personas,
3241 827 3451 880 unicam

1896 902 2071 950 tamen
2104 913 2383 966 personam
2412 918 2508 970 per
2548 904 2871 960 habitualem
2920 910 3169 964 unionem
3214 913 3451 980 proﬁteri

1892 999 1950 1036 se
1977 986 2225 1040 simulant
2251 1006 2263 1040 :
2289 991 2521 1058 synodus
2544 1003 2719 1047 autem
2748 996 2942 1065 duplici
2972 1006 3175 1053 natura:
3203 1000 3452 1070 hyposta-

1894 1072 2050 1124 ticam
2093 1089 2212 1129 esse
2263 1078 2509 1131 unionem
2558 1080 2859 1147 afﬁrmans,
2912 1088 3118 1140 unicam
3172 1104 3493 1157 personam~

1892 1158 2165 1225 prmdicat,
2210 1163 2322 1217 sive
2363 1167 2538 1232 potius
2566 1170 2777 1224 unicam
2822 1174 3212 1228 subsistentiam
3254 1175 3451 1235 Christi

1892 1248 2145 1313 unigeniti
2170 1249 2283 1304 Filii
2314 1252 2425 1307 Dei.
2457 1254 2661 1310 Rursus
2682 1274 2743 1311 ea
2774 1261 2997 1327 epistola
3021 1263 3252 1330 priorem
3276 1264 3451 1334 Ephe-

1890 1334 2059 1388 sinam
2087 1339 2364 1406 synodum,
2396 1357 2461 1395 ac
2487 1354 2724 1398 sanctum
2753 1345 3005 1416 Cyrillum
3033 1350 3269 1417 damnat,
3303 1356 3451 1422 cujus

1890 1423 2049 1476 etiam
2105 1427 2333 1490 capitula
2362 1429 2519 1497 impia
2566 1442 2767 1487 vocat:
2821 1435 3117 1491 Nestorium
3168 1450 3344 1495 autem
3397 1452 3451 1500 et

1891 1511 2227 1569 Theodorum
2257 1518 2489 1573 vindicat
2516 1536 2579 1575 ac
2608 1522 2789 1577 laudat
2813 1542 2825 1576 :
2849 1525 3294 1583 Chalcedonensis
3324 1546 3449 1597 vero

1889 1604 2121 1670 synodus
2162 1607 2213 1659 in
2250 1609 2495 1663 omnibus
2538 1609 2858 1679 Ephesinam
2907 1617 3136 1683 priorem
3191 1620 3449 1688 synodum

218 1681 386 1740 ἀσεϐῆ
412 1686 713 1758 καψκρίνει,
744 1689 822 1739 καὶ
848 1686 977 1760 πρὸς
993 1690 1190 1747 τούτοις
1218 1691 1272 1741 τὸ
1302 1687 1566 1744 Ἰουδαϊκόν
1595 1691 1779 1763 σύμξο-

1892 1694 2150 1759 sequitur,
2189 1694 2439 1766 Cyrillum
2481 1698 2655 1755 Patris
2684 1681 3025 1772 doctorisqlie
3068 1681 3236 1762 titulis
3272 1719 3449 1779 ornat,

218 1770 310 1823 λον
337 1773 395 1824 τό
422 1771 521 1826 ύπό
544 1773 799 1850 Θεοδώρου
834 1778 1310 1847 συμπεπλασμένον,
1337 1780 1395 1833 τὸ
1416 1784 1500 1834 καί
1523 1783 1570 1834 ἄν
1590 1791 1650 1856 τῇ
1676 1784 1785 1837 κατ’

218 1857 431 1932 Ἐφεσον
468 1866 643 1938 πρώτη
679 1864 875 1935 συνόδῳ
913 1870 1224 1940 κατακριθέν,
1270 1872 1349 1922 καὶ
1390 1871 1439 1922 ἄν
1467 1872 1592 1942 αὐτῇ
1633 1880 1693 1946 τῇ
1744 1876 1788 1925 ἐν

217 1950 497 2019 Χαλκηδόνι
540 1949 733 2024 συνόδῳ
783 1956 910 2024 μετά
954 1962 1119 2010 ταῦτα
1158 1960 1491 2030 προκομισθὲν
1531 1962 1658 2028 μετὰ
1695 1968 1783 2016 τοῦ

217 2038 516 2111 γράψαντος
539 2043 665 2097 αύτό
691 2043 1056 2116 παραπλησίως
1077 2044 1407 2109 καταδικάζει.

1892 1783 2304 1854 synodicamque
2332 1786 2471 1842 illius
2491 1790 2789 1858 epistolam,
2819 1795 2903 1847 cui
2927 1795 3206 1850 duodecim
3234 1813 3297 1853 ea
3323 1801 3449 1855 sub-

1896 1886 2029 1925 nexa
2067 1880 2189 1926 sunt
2217 1876 2467 1943 capitula,
2500 1878 2798 1948 conﬁrmat,
2846 1882 3167 1938 Nestorium‘
3190 1886 3445 1954 damnat;

1892 1966 2050 2027 atque
2079 1961 2144 2013 ad
2168 1962 2280 2015 hcce
2302 1963 2574 2019 Judaicum
2603 1969 2900 2036 symbolum
2934 1987 2964 2024 a
3005 1971 3287 2030 Theodoro
3316 1992 3446 2037 con-

1889 2047 2224 2111 sarcinatum,
2252 2052 2393 2119 quod
2415 2051 2539 2106 olim
2566 2054 2723 2108 etiam
2753 2058 2805 2109 in
2833 2060 2998 2127 prima
3026 2060 3288 2130 Ephesina
3314 2081 3443 2137 syn-

217 2127 330 2184 odo
374 2127 678 2183 damnatum
719 2130 927 2195 fuerat,
979 2141 1033 2185 et
1076 2142 1195 2200 post
1243 2149 1304 2187 ea
1352 2150 1467 2203 quze
1515 2136 1754 2203 superius
1809 2137 2171 2191 recensuimus
2216 2139 2269 2192 in
2316 2140 2499 2195 eadem
2543 2153 2727 2198 sancta
2771 2145 3193 2207 Chalcedonensi
3237 2156 3444 2226 synodo

219 2219 491 2290 prolatum
534 2220 727 2288 fuerat,
776 2222 1016 2276 similiter
1068 2235 1395 2293 exsecratur,
1445 2235 1603 2293 atque
1655 2242 1774 2280 cum
1813 2235 2028 2280 auctore
2055 2242 2151 2283 suo
2178 2231 2603 2286 anathematizat.

295 2316 469 2363 Ταῦτα
496 2309 548 2364 δὲ
575 2311 622 2362 ἓν
651 2320 752 2366 τοῖς
782 2311 1053 2386 ὁρισθεῖσιν
1079 2318 1107 2372 ἡ
1136 2304 1252 2384 ἁγία
1275 2317 1322 2369 ἐν
1344 2317 1608 2373 Χαλκηδόνι
1638 2321 1785 2372 σύνοο

217 2395 310 2457 δος
339 2399 553 2461 ἐξέθετο,
583 2399 640 2451 ού
662 2403 952 2462 καινίζουσά
986 2423 1035 2455 τι
1062 2407 1178 2473 περὶ
1198 2409 1288 2461 τήν
1314 2403 1568 2478 όρθόδοξον
1590 2408 1780 2468 πίστιν,

216 2486 344 2540 ἀλλά
381 2486 461 2541 διά
482 2490 679 2542 πάντων
709 2490 1046 2544 ἀκολουθοῦσα
1073 2500 1133 2564 τῇ
1163 2491 1398 2566 ὁμολογίᾳ
1424 2503 1511 2551 τῆς
1538 2497 1778 2559 πίστεως,

215 2579 281 2634 ἣν
311 2576 335 2630 ό
361 2579 532 2648 κύριος
562 2576 644 2632 διά
672 2586 768 2632 τῶν
798 2579 947 2650 ἁγίων
967 2582 1259 2634 ἀποστόλων
1285 2582 1598 2655 ἐδωρήσατο,
1630 2587 1711 2636 καὶ
1736 2585 1782 2638 οί

214 2667 354 2738 ἅγιοι
373 2670 644 2723 ἀπόστολοι
667 2672 924 2742 ἐκήρυξαν,
949 2675 1030 2725 καὶ
1051 2674 1094 2725 οἱ
1114 2674 1391 2748 τριακόσιοι
1415 2673 1535 2727 δέκα
1554 2677 1633 2727 καὶ
1654 2675 1778 2730 όκτώ

214 2759 352 2831 ἅγιοι
378 2761 595 2833 πατέρες
628 2759 1020 2831 παραδεῖὠκασι
1045 2770 1107 2834 τῇ
1132 2768 1224 2815 τοῦ
1255 2769 1380 2816 Θεοῦ
1402 2763 1667 2835 ἐκκλησίᾳ,
1698 2770 1781 2819 καὶ

212 2850 262 2901 οἱ
293 2849 465 2903 ἑκατὸν
493 2856 796 2906 πεντήκοντα
831 2853 1042 2927 πατέρες
1070 2852 1396 2917 ὶϐεϐαίωσαν,
1428 2857 1781 2923 σαφηνίσαντες

213 2942 336 3015 περί
359 2948 447 2997 τῆς
477 2937 707 2997 θεότητος
735 2946 825 2992 τοῦ
851 2941 989 3010 ἁγίιυ
1014 2943 1317 3013 πνεύματος.
1347 2945 1518 3016 Ταύτῃ
1549 2942 1600 2998 δέ
1628 2948 1711 2998 καὶ
1737 2946 1782 2997 οἱ

214 3030 268 3083 ἓν
290 3026 478 3097 Ἐφέσῳ
512 3031 569 3081 τό
609 3033 779 3101 πρώην
807 3031 1142 3097 συναχθέντις
1169 3028 1299 3100 ἆγιοι
1335 3033 1549 3104 πατέρες
1573 3033 1783 3090 ἠκολούπ-

1954 2314 2077 2369 Haec
2101 2317 2281 2387 itaque
2315 2319 2707 2378 deﬁnitionibus
2759 2339 2953 2384 sancL'e
2999 2331 3443 2396 Chalcedonensis

1883 2407 2067 2474 synodi
2099 2411 2384 2464 constituta
2412 2422 2553 2478 sunt,
2583 2431 2682 2470 nec
2709 2418 2991 2475 obscurum
3019 2424 3285 2494 quidpiam
3320 2444 3443 2498 pro-

1880 2494 2057 2548 locuta
2089 2505 2169 2549 est
2198 2499 2337 2552 circa
2363 2500 2517 2554 ﬁdem
2547 2506 2807 2572 synodus,
2852 2524 3037 2563 verum
3065 2513 3258 2582 ubique
3284 2494 3338 2571 et
3387 2520 3441 2573 in

1879 2584 2121 2639 omnibus
2141 2602 2259 2641 eam
2281 2598 2480 2645 sectata
2501 2602 2581 2646 est
2602 2593 2985 2653 confessionem
3007 2603 3146 2666 ﬁdei,
3172 2621 3201 2658 a
3217 2604 3441 2664 Domino

1878 2671 2109 2741 benigne
2135 2691 2443 2732 concessam
2473 2697 2570 2749 per
2587 2686 2862 2751 apostolos
2900 2704 3044 2755 suos,
3072 2708 3230 2759 quam
3270 2699 3441 2754 sancti

1882 2762 1979 2830 ipsi
2009 2766 2362 2831 praedicarunt
2388 2774 2634 2839 apostoli,
2666 2791 2824 2844 quam
2853 2782 3019 2834 sancti
3051 2786 3275 2839 trecenti
3301 2796 3450 2863 octo;

1881 2852 2052 2908 decim
2092 2856 2274 2911 Patres
2311 2859 2402 2913 Dei
2450 2860 2698 2918 Ecclesia:
2748 2868 3092 2935 tradiderunt,
3121 2888 3281 2941 quam
3308 2858 3439 2932 ceu;

1883 2950 1993 2996 tum
2022 2952 2073 2998 et
2101 2947 2688 3022 quinquagintafatres
2719 2956 2897 3011 itidem
2927 2960 2993 3012 de
3021 2960 3247 3029 Spiritus
3267 2964 3438 3020 sancti

1883 3031 2159 3090 divinitate
2181 3037 2427 3106 dogmata
2448 3041 2785 3099 declarantes
2803 3047 3266 3107 conﬁrmaverunt.
3289 3054 3437 3113 Hanc

213 3121 394 3178 θησαν.
421 3119 471 3173 ’11
499 3120 549 3174 δὲ
591 3123 636 3171 ἐν
666 3120 931 3176 Χαλκηδόνι
971 3120 1088 3192 ἁγία
1116 3121 1319 3182 σύνοδος
1345 3126 1426 3175 καὶ
1459 3124 1777 3191 άνεθεμάτισε

1886 3123 2047 3176 secuti
2077 3133 2202 3178 sunt
2227 3129 2392 3181 sancti
2421 3128 2605 3185 Patres
2633 3131 2899 3200 Ephesum
2936 3143 3310 3198 convenientes
3331 3145 3436 3214 prio

215 3214 337 3271 τούς
365 3213 531 3283 ἕτερον
566 3213 815 3280 σύμϐολον
851 3211 880 3270 ἦ
921 3210 1107 3266 ἔκθεσιν
1141 3217 1360 3272 πίστεως
1385 3214 1776 3286 παραδιδόντας,

213 3307 361 3377 παρά
381 3307 435 3357 τὸ
456 3306 555 3356 ύπό
582 3312 678 3358 τῶν
703 3306 1001 3378 τριακοσίων
1038 3302 1161 3359 δέκα
1197 3309 1281 3360 καὶ
1306 3306 1435 3359 ὀκτὼ
1457 3304 1607 3377 ἁγίων
1629 3309 1780 3361 πατέ-

206 3418 317 3474 ρων
344 3394 640 3469 παραδοθὶν.

286 3574 460 3633 Οὕτως
483 3577 647 3628 τοίνυν
684 3584 775 3635 τῆς
803 3576 1029 3635 ἀληθείας
1055 3576 1298 3645 ἐχούσης,
1329 3574 1419 3645 όψὶ
1461 3583 1580 3646 γοῦν
1618 3599 1775 3631 κατα-

203 3666 429 3720 νοήσατε
448 3701 462 3724 ,
492 3668 569 3722 τίς
597 3665 752 3738 ὀρθῶς
785 3670 873 3722 την
907 3665 1052 3736 ἁγίαν
1080 3664 1131 3718 εν
1166 3664 1429 3723 Χαλκηδόνι
1468 3664 1674 3720 σύνοδον
1702 3668 1778 3719 ἐκ·

211 3758 379 3813 δικεί;
421 3753 632 3826 Πότερον
684 3752 708 3807 ό
748 3752 978 3807 δεικνύων
1022 3751 1095 3808 ὅτι
1140 3763 1245 3812 τοῖς
1288 3757 1560 3823 εἰρημένοις
1617 3755 1776 3827 ἁγίοις

211 3844 469 3912 πατράσιν
498 3843 877 3901 ἀκολουθήσασα
901 3843 1067 3898 πάντα
1097 3846 1247 3920 ὀρθῶς
1287 3846 1498 3906 ἐξέθετο.
1538 3844 1567 3902 ἦ
1608 3844 1632 3897 ό
1656 3848 1776 3904 τούς

212 3936 414 3995 ἀσεϐεῖς
457 3942 555 3990 τῶν
601 3937 858 4007 αέρετικῶν
900 3937 1075 4007 λόγους
1123 3938 1431 4008 προσάπτειν
1477 3935 1775 3999 σπουδάζων

211 4028 367 4089 αὐτῇ
414 4029 542 4085 Τούς
581 4030 679 4097 γὰρ
725 4028 918 4103 καθαρᾷ
966 4025 1277 4088 συνειδήσει,
1321 4030 1401 4080 καί
1441 4027 1569 4099 ὀρθῷ
1603 4034 1774 4095 σκοπῷ

210 4113 521 4184 δεχομένους
564 4124 652 4174 τὴν
701 4118 747 4168 ἐν
777 4118 961 4188 Ἐφέσῳ
1006 4122 1210 4191 πρώτην
1249 4116 1482 4179 σύνοδον,
1531 4121 1614 4171 καί
1656 4121 1776 4178 τούς

210 4201 387 4272 ἁγίους
412 4210 636 4279 πατέρας
664 4208 979 4276 Κελεστῐνον,
1020 4210 1279 4282 κύριλλον,
1323 4212 1405 4262 καὶ
1443 4209 1652 4275 Λέοντα,
1693 4211 1776 4262 καί

211 4294 299 4346 τόν
350 4292 460 4359 ὅρον
506 4305 598 4356 τῆς
648 4298 697 4349 δν
747 4298 1013 4355 Χαλκηδόνι
1064 4296 1294 4360 συνόδου,
1350 4297 1590 4352 ἀδύνατόν
1641 4301 1775 4353 ἐστιν

210 4378 455 4450 δέχεσθαι
497 4387 626 4452 μετά
670 4386 860 4438 τούτων
906 4390 986 4440 καί
1031 4393 1120 4445 τήν
1166 4388 1293 4460 πρὸς
1335 4389 1498 4460 Μάριν
1539 4391 1774 4462 μυσαρὰν

210 4469 478 4529 ἐπιστολήν
495 4478 584 4530 τήν
605 4479 733 4528 κατὰ
751 4475 913 4528 πάντα
933 4477 1128 4534 τούτοις
1155 4477 1542 4541 ἐναντιουμένην.
1570 4481 1656 4536 Τίς
1673 4482 1773 4552 γὰρ

1879 3227 2056 3279 mum;
2085 3213 2224 3271 hanc
2244 3219 2484 3286 amplexa
2507 3231 2589 3274 est
2614 3233 2796 3278 sancta
2814 3225 3167 3287 Chalcedonis
3182 3213 3438 3304 synodus,

1880 3321 1997 3375 quae
2025 3310 2364 3364 anathemate
2403 3310 2560 3378 feriit,
2593 3316 2893 3386 quicunque
2946 3321 3087 3376 aliud
3139 3326 3435 3395 symbolum

1881 3398 2131 3459 traderet,
2165 3400 2275 3454 sive
2305 3400 2425 3455 ﬁdei
2453 3404 2860 3472 expositionem,
2887 3418 3079 3477 praeter
3104 3426 3222 3467 eam
3245 3430 3362 3484 qua:
3406 3432 3435 3470 a

1879 3488 2076 3544 sanctis
2104 3492 2356 3545 trecentis
2391 3501 2444 3546 et
2473 3495 2766 3550 octodecim
2796 3497 3039 3554 Putribus
3071 3503 3258 3558 tradita
3285 3514 3389 3561 est.

1949 3577 2077 3644 Qum
2101 3594 2221 3633 cum
2249 3580 2322 3633 ita
2352 3596 2410 3635 se
2438 3582 2684 3647 habeant,
2717 3600 2838 3640 sero
2867 3589 3078 3643 tandem
3110 3596 3434 3661 cognoscite,

1878 3676 1997 3723 uter
2023 3671 2221 3724 rectius
2249 3679 2483 3726 sanctam
2512 3671 2999 3731 Chalcedonensem
3039 3689 3251 3736 tueatur
3275 3700 3434 3755 syno«

1878 3759 2001 3813 dum
2024 3799 2040 3824 ,
2073 3761 2186 3815 isne
2209 3762 2299 3828 qui
2321 3777 2437 3814 eam
2480 3764 2723 3831 praefatos
2753 3765 2846 3819 SS.
2888 3767 3074 3823 Patres
3102 3770 3328 3828 ﬁdeliter
3355 3791 3434 3831 se-

1878 3857 2075 3912 cutam,
2103 3857 2249 3903 recte
2270 3849 2515 3905 universa
2545 3850 2813 3908 deﬁniisse
2840 3858 3133 3926 contendit,
3164 3875 3231 3913 an
3274 3862 3318 3916 is
3344 3866 3434 3932 qui

1878 3939 1926 3992 ei
1955 3939 2181 3992 tribuere
2208 3940 2394 3993 nititur
2420 3940 2609 4010 impios
2647 3942 2892 4010 loquendi
2933 3947 3121 4003 modos
3157 3950 3434 4008 heretico-

1878 4030 2032 4082 rum?
2079 4029 2216 4082 Ficri
2258 4044 2486 4098 namque
2528 4032 2744 4086 minime
2797 4043 2973 4102 potest
3028 4046 3085 4091 ut
3136 4039 3228 4108 qui
3275 4057 3433 4110 puras

1879 4119 2062 4187 prima:
2108 4118 2386 4186 Ephesium
2432 4120 2621 4190 synodi
2668 4123 2990 4188 sanctiones,
3040 4127 3433 4199 catholicasque

1879 4222 2036 4261 voces
2057 4207 2358 4268 admittunt,
2389 4209 2585 4275 quique
2612 4206 2704 4262 SS.
2738 4208 2838 4263 PP.
2878 4211 3241 4280 Caelestinum,
3263 4216 3432 4289 Cyril.

1878 4296 2020 4360 lum,
2064 4295 2299 4350 Leonem
2344 4311 2407 4350 ac
2448 4295 2893 4355 Chalcedonensis
2939 4304 3127 4372 synodi
3168 4304 3425 4362 deﬁnitio-

1879 4400 2001 4437 nem
2047 4384 2327 4453 recipiunt,
2379 4384 2416 4437 ii
2443 4385 2724 4439 scelestam
2754 4402 2965 4457 quoque
3005 4392 3070 4445 ad
3104 4391 3291 4447 Marim
3322 4396 3432 4465 epi-

1877 4474 2090 4541 stolam,
2115 4487 2234 4527 cum
2269 4473 2334 4528 iis
2359 4487 2477 4541 quae
2506 4477 2920 4542 percensuimus,
2952 4481 3169 4536 omnino
3198 4496 3432 4553 pugnan-

211 4560 332 4617 τούς
353 4557 684 4622 διδασκάλους
710 4571 799 4621 τῆς
826 4562 1104 4629 ἐκκλησίας,
1136 4567 1218 4617 καί
1241 4567 1359 4623 τούς
1385 4567 1450 4619 τά
1477 4563 1671 4621 ἐναντία
1701 4565 1776 4621 δι-

1886 4570 1980 4615 Lem
2011 4563 2306 4617 admittant.
2352 4564 2480 4631 Quis
2508 4568 2648 4620 enim
2676 4567 2931 4624 Ecclesia:
2958 4575 3240 4641 magistros
3274 4585 3431 4645 atque

210 4647 493 4711 δάσκοντας
512 4692 523 4712 ,
550 4652 581 4711 ἢ
619 4656 738 4713 τοὺς
765 4654 1087 4729 ὁρθοδόξους,
1134 4658 1220 4709 καὶ
1245 4660 1363 4716 τούς
1400 4658 1710 4730 αἱρετικοὺς,
1743 4659 1773 4718 ἢ

211 4741 324 4798 τούς
355 4742 811 4807 καταδικάσαντας,
834 4749 915 4800 καί
935 4750 1054 4807 τούς
1073 4750 1460 4822 κατακριθέντας
1481 4746 1604 4817 ὁμοῦ
1624 4747 1775 4803 δύνα-

212 4848 295 4883 ται
320 4829 580 4895 δέξασθαι;
624 4832 731 4888 Ἵνα
763 4835 816 4890 δὲ
851 4838 1150 4912 τελειότερον
1178 4842 1239 4893 τά
1269 4837 1352 4893 διὰ
1379 4835 1520 4891 ἰϐαν
1548 4842 1627 4893 καὶ
1653 4850 1766 4894 Θεο-

211 4916 420 4989 δὼριτον
462 4929 751 4996 κεκινημένοι
804 4935 987 4999 γνῶτε,
1037 4930 1300 5000 ἀναγκαῖον
1348 4930 1645 4999 ἐνομίσαμεν
1692 4932 1772 4984 καὶ

213 5014 375 5063 ταῦτα
399 5011 514 5079 ύμῖν
542 5025 844 5091 φανερῶσαι.

275 5102 538 5157 Γινώσκετε
570 5107 736 5159 τοίνυν
762 5106 838 5163 ὅτι
868 5109 994 5161 κατὰ
1026 5106 1290 5180 διαφόρους
1318 5109 1526 5178 καιρούς
1570 5104 1653 5162 διά
1676 5113 1767 5166 την

206 5190 438 5243 ἀσέϐειαν
465 5191 724 5264 Θεοδώρου
752 5198 830 5248 καί
856 5199 1128 5267 Νεστορίου
1164 5203 1253 5255 τήν
1288 5204 1348 5269 τῇ
1373 5198 1502 5270 αὐτῇ
1534 5198 1766 5270 ἐπιστολῇ

207 5284 585 5353 περιεχομένην.
610 5285 693 5335 καί
722 5281 806 5337 διά
825 5286 917 5343 τάς
946 5283 1115 5356 ὕϐρεις
1144 5287 1236 5343 τάς
1261 5287 1391 5338 κατὰ
1417 5291 1508 5337 τοῦ
1532 5286 1580 5336 ἐν
1608 5284 1765 5355 ἁγίοις

207 5367 436 5438 κυρίλλου
476 5373 562 5423 καί
595 5378 694 5424 τῶν
719 5374 871 5426 αύτοῦ
905 5374 1169 5443 κεφαλαίων
1210 5373 1507 5442 λεχθείσας,
1547 5392 1758 5441 κατηγο-

207 5457 430 5522 ρηθέντος
449 5455 563 5514 Ἴϐα
589 5464 731 5535 παρὰ
766 5461 1016 5531 Θεοδοσίῳ
1049 5470 1121 5533 τῷ
1147 5471 1238 5522 τῆς
1264 5461 1502 5520 εὐσεϐοῦς
1530 5461 1711 5524 λήξεως
1740 5460 1756 5492 ⁸

206 5544 425 5609 βασιλεῖ,
452 5553 535 5603 καί
568 5555 709 5627 παρὰ
745 5554 946 5628 Πρόκλῳ
978 5560 1050 5622 τῷ
1089 5555 1138 5606 ἓν
1184 5551 1339 5622 ἁγίοις
1367 5553 1757 5624 άρχιεπισκόπῳ

286 5636 299 5667 ⁸
342 5636 437 5692 γει
461 5640 654 5705 λέξεως.
677 5643 887 5717 Πρόκλος
916 5658 1241 5699 κωνσταντιν.
1267 5639 1503 5713 ’Δρχιεπο

1873 4653 2136 4706 contraria
2166 4653 2419 4709 docentes
2439 4657 2521 4710 vel
2545 4658 2872 4715 orthodoxos
2899 4663 3053 4717 simul
3079 4672 3239 4733 atque
3266 4667 3425 4722 hatre-

1875 4742 2025 4806 ticos,
2074 4743 2157 4796 vel
2205 4743 2587 4802 condemnatos
2638 4764 2743 4803 una
2792 4766 2909 4804 cum
2958 4753 3462 4813 condenmantibus‘

1870 4830 2046 4884 valeat
2062 4832 2342 4900 amplecti?
2362 4832 2642 4901 Caeterum,
2671 4846 2730 4892 ut
2754 4840 2959 4908 plenius
2977 4857 3041 4896 ea
3060 4858 3176 4909 quae
3199 4860 3229 4898 a
3252 4845 3430 4900 Theo-

1872 4917 2058 4973 doreto
2088 4929 2143 4974 et
2166 4920 2255 4974 Iba
2286 4924 2494 4977 turbata
2524 4934 2645 4979 sunt
2672 4926 2993 4995 intelligatis,
3025 4930 3138 4985 bzec
3166 4932 3267 4984 alia
3297 4948 3431 5001 quo-

1872 5021 1976 5074 que
2005 5008 2152 5062 vobis
2180 5024 2448 5076 exponere
2488 5026 2665 5080 operae
2715 5016 2942 5081 pretium
2991 5017 3426 5076 existimavimus.

1942 5096 2203 5150 Noveritis
2248 5098 2457 5164 itaque,
2500 5100 2642 5168 quod
2679 5115 2796 5155 cum
2836 5104 3055 5157 diversis
3103 5106 3428 5171 temporibus

1871 5195 2146 5241 accusatus
2194 5194 2337 5239 esset
2386 5187 2501 5241 lbas
2554 5189 2692 5256 apud
2748 5190 2993 5258 piissimae
3045 5192 3427 5250 recordationis

1868 5289 2046 5342 regem
2070 5274 2447 5343 Theodosium,
2480 5278 2549 5333 ob
2574 5278 2946 5335 Nestorianam
2974 5280 3424 5337 Theodorianam~

1868 5380 1972 5434 que
2006 5365 2333 5434 impietatem
2369 5366 2423 5419 in
2461 5382 2556 5420 sua
2607 5383 2670 5422 ca
2723 5368 2948 5437 epistola
2993 5377 3316 5433 contentam,
3360 5386 3425 5426 ac

1861 5466 2081 5528 propter
2123 5458 2474 5512 contumelias
2513 5458 2565 5513 in
2614 5468 2852 5515 sanctum
2899 5459 3154 5531 Cyrillum
3202 5459 3426 5530 ejusque

1863 5547 2090 5618 capitula
2136 5546 2388 5616 prolatas,
2421 5556 2475 5605 et
2513 5550 2652 5619 apud
2700 5549 2947 5609 Proclum
2992 5561 3233 5606 sanctum
3271 5553 3419 5612 Con-
