3924 6294
484 208 622 272 1083

1763 214 2204 275 JUSTINIANI
2248 213 2404 273 1MP.

3601 207 3746 274 Ῑυδί

483 323 1074 391 κωνσταντινουπόλεως,
1133 326 1218 379 καὶ
1261 328 1401 400 ποιρά
1446 323 1696 397 διαφόροις
1730 322 2039 392 Ἀντιοχείας

2147 323 2566 392 stantinopoleos
2589 323 3070 394 archiepiscopum,
3107 331 3270 394 atque
3294 323 3436 393 apud
3463 308 3734 394 complu-

480 408 936 485 ἀρχιεπισκόποις,
971 414 1245 468 τελευταῖον
1281 417 1422 487 παρά
1453 419 1544 468 τοῦ
1573 415 1728 466 αὐτοῦ
1764 411 2040 486 βασιλέως,

482 512 566 562 καί
589 509 858 562 ὒλαυιανοῦ
879 509 1008 577 μιτά
1033 508 1240 584 Πρόκλον
1267 514 1354 562 τοῦ
1380 509 1428 560 ἐν
1451 506 1612 578 ἁγίοις
1631 504 2044 578 ἀρχιεπισκὸπου

483 599 1041 660 κωνσταντινουπὸλεως
1079 601 1374 671 γενομένου,
1409 599 1686 664 ἀπενεμήθη
1725 597 1756 652 ἡ
1785 596 2044 664 κινουμένη

480 687 590 746 δίκη
617 690 749 743 κοιτά
775 694 863 742 τοῦ
897 691 1053 743 αὐτοῦ
1076 687 1218 750 Ἴδα,
1245 691 1414 758 Φωτίῳ
1449 687 1712 755 ἐπισκᾶπῳ
1739 685 1936 757 Τύρου,
1962 686 2044 737 καί

480 779 736 848 Εύσταθίῳ
763 774 1028 849 ἐπισκόπῳ
1065 783 1318 850 Βηρυτοῦ,
1348 775 1470 847 παρ’
1497 771 1568 834 οἷς
1600 776 1718 850 περί
1743 793 1796 828 τε
1823 774 2043 832 πίστεως

479 869 790 942 κατηγορήθη
817 867 842 920 ὁ
873 867 1023 926 αὐτὸς
1050 863 1222 930 Ἰϐας,
1249 867 1336 918 καί
1361 867 1478 939 περὶ
1505 862 1698 937 ὕϐρεων
1727 862 1852 914 κατά
1879 865 1968 914 τοῦ
1997 860 2044 911 ἐν

479 956 640 1029 ἁγίοις
684 956 916 1027 κυρίλλου
964 957 1252 1026 γενομένων.
1299 958 1507 1010 Ἐκεῖνος
1551 948 1604 1004 δέ
1649 946 2044 1019 ἀπολογούμενος

477 1047 796 1120 ἀπεκρίνατο,
824 1043 977 1114 μηδέν
1001 1045 1245 1113 ύϐριστόν
1264 1043 1392 1112 μετά
1416 1045 1504 1098 τὴν
1525 1041 1700 1094 ἕνωσιν
1725 1044 1816 1096 τήν
1841 1040 2043 1111 γενομέσ

477 1157 562 1194 νην
587 1137 774 1205 μεταξύ
809 1143 908 1189 τῶν
931 1136 1277 1196 ’Δνατολικῶν,
1309 1135 1393 1186 καί
1429 1139 1512 1186 τοῦ
1541 1132 1592 1186 ἐν
1616 1130 1775 1199 ἁγίοις
1805 1130 2040 1202 ιυρίλλου

479 1228 662 1287 εἰπεῖν,
694 1225 724 1282 ἦ
749 1225 942 1298 γράψαι
978 1226 1087 1279 κατ’
1127 1226 1306 1278 αὐτοῦ.
1338 1233 1390 1276 Ἦ
1429 1221 1484 1277 δέ
1521 1222 1735 1294 μυσαρά
1773 1218 1902 1276 αὕτη
1935 1220 2042 1274 ἑπι-

479 1313 632 1370 στο>.ἡ
653 1315 684 1369 ἠ
702 1313 1101 1386 προκομισθεῖσα
1121 1314 1258 1386 παρά
1279 1318 1377 1365 τῶν
1399 1311 1686 1382 κατηγόρων
1710 1309 1864 1363 αὐτοῦ
1904 1305 2046 1365 δηλοῖ

483 1398 562 1456 ὅτι
587 1403 722 1470 μετά
745 1406 834 1460 την
858 1401 1035 1456 ἔνωσιν
1059 1403 1361 1475 γέγραπται.

551 1586 806 1638 Δείκνυται
831 1586 996 1640 τοίνυν
1022 1582 1163 1644 Ἴδας
1205 1587 1257 1638 ἐκ
1281 1594 1370 1645 τῆς
1399 1587 1583 1646 οἰκείας
1614 1585 1921 1642 καταθέσεως
1950 1589 2038 1642 τὴν

2142 431 2230 470 res
2255 415 2548 470 Antiochiae
2581 415 3012 486 archiepiscopos
3033 453 3049 479 ,
3096 415 3382 470 novissime
3423 421 3622 469 autem
3670 414 3738 471 ab

2143 507 2328 562 eodem
2356 519 2502 574 rege,
2534 521 2597 562 ac
2621 506 2904 574 Flaviano,
2950 507 3044 575 qui
3074 505 3262 561 Proclo
3309 509 3364 560 in
3409 505 3738 562 Constanti-

2143 597 2451 665 nopolitana
2476 596 2602 651 sede
2627 611 2906 652 successor
2932 595 3188 650 sull'ectus
3224 595 3341 660 fuit,
3388 596 3606 664 judicio
3637 597 3733 652 ad-

2140 701 2326 741 versus
2353 685 2598 741 eumdem
2625 685 2772 740 Ibam
2799 687 3024 742 ferendo
3047 686 3267 742 Photius
3285 687 3433 758 Tyri,
3455 697 3520 742 et
3539 687 3734 746 Eusta-

2141 776 2282 830 thius
2308 775 2485 846 Beryti
2515 774 2750 844 episcopi
2777 775 2969 830 delecti
3006 785 3132 830 sunt
3175 793 3188 828 :
3237 791 3267 830 a
3297 777 3494 845 quibus
3523 779 3596 833 de
3625 777 3734 834 ﬁde

2141 879 2236 920 sua
2258 865 2616 934 reprehensus
2648 863 2784 929 lbas,
2817 863 2991 934 deque
3020 864 3227 933 injuriis
3260 865 3314 918 in
3341 875 3601 924 sanctum
3629 865 3728 938 Cy-

2139 952 2318 1006 rillum
2343 952 2576 1020 jactatis,
2609 967 2731 1006 cum
2769 952 2870 1006 sibi
2911 951 3236 1008 defensionis
3281 953 3504 1009 daretur
3550 956 3734 1024 locus,

2142 1044 2352 1111 negavit
2379 1043 2644 1112 quidpiam
2669 1043 2738 1096 ab
2767 1057 2825 1096 se
2854 1043 2906 1097 in
2950 1051 3193 1097 sanctum
3227 1042 3486 1114 Cyrillum
3530 1055 3735 1100 contn-

2141 1135 2360 1188 meliose
2401 1133 2598 1188 dictum
2638 1133 2723 1187 vel
2759 1133 3014 1202 scriptum
3045 1148 3183 1198 esse,
3231 1142 3352 1202 post
3397 1135 3722 1190 reconcilia-

2141 1228 2337 1282 tionem
2365 1228 2505 1282 inter
2531 1226 2830 1281 Orientales
2857 1233 3208 1293 sanctumque
3235 1223 3493 1296 Cyrillum
3545 1226 3718 1296 ipsum

2140 1317 2516 1382 constitutam;
2549 1330 2732 1370 verum
2779 1315 3063 1370 criminosa
3099 1329 3166 1368 ea
3205 1315 3434 1384 epistola
3462 1315 3537 1369 ab
3565 1332 3720 1371 accu.

2138 1406 2404 1461 satoribus
2426 1403 2686 1474 producta
2712 1405 2886 1475 palam
2915 1419 3033 1460 eam
3057 1411 3180 1474 post
3199 1405 3716 1468 reconciliationem,

2138 1497 2492 1566 conscriptam
2515 1495 2678 1551 fuisse
2697 1496 3051 1552 demonstrat.

2208 1585 2326 1640 lbas
2353 1585 2531 1653 igitur,
2555 1601 2621 1640 ex
2641 1594 2855 1642 suamet
2879 1587 3064 1642 eadem
3087 1587 3420 1657 depositione
3446 1605 3714 1644 memora-

479 1676 892 1742 μνημονευθεῖσαν
921 1677 1184 1734 ἐπιστολὴν
1211 1676 1580 1748 ἀπαρνούμενος
1597 1692 1608 1704 ’
1651 1672 1757 1728 ὅθεν
1787 1675 1831 1728 oi
1861 1694 2034 1747 προει-

2147 1681 2248 1727 tam
2329 1674 2608 1742 epistolam
2671 1675 2892 1729 omnino
2959 1675 3266 1745 repudiasse
3329 1679 3714 1745 cognoscitur:

480 1762 676 1835 ρημένοι
702 1764 961 1818 ἐπίσκοποι
1003 1764 1215 1839 ὁρῶντες
1240 1770 1328 1822 τήν
1355 1764 1589 1819 ἀσέϐειαν
1615 1772 1706 1824 τῆς
1743 1765 2031 1826 ἐπιστολῆς,

479 1855 524 1907 εί
551 1855 633 1906 καὶ
658 1850 804 1914 Ἷϐας
843 1856 950 1924 οὐχ
979 1853 1290 1926 ὡμολὰγησεν
1333 1857 1521 1912 ταύτην
1553 1853 1682 1909 ἰδίαν
1726 1850 1872 1918 εἶναι,
1901 1853 2036 1924 ὅμως

479 1941 638 2015 ψῆφον
679 1941 956 2016 ἐξήνεγκαν,
981 1943 1064 1999 διά
1089 1946 1288 1999 πάντων
1331 1945 1550 2000 ἐναντίαν
1666 1945 1874 2016 ἀσεϐείᾳ
1901 1951 1964 2013 τῇ
1989 1946 2036 1996 ἐν

479 2040 540 2106 τῇ
569 2035 696 2107 αὐτῇ
721 2034 957 2107 ἐπιστολῇ
986 2035 1340 2107 περιεχομένῃ.
1390 2033 1712 2086 Διετύπωσαν
1751 2035 1846 2106 γάρ
1881 2032 1949 2090 ὥς
1981 2051 2037 2086 τε

436 2172 442 2179 _
479 2115 616 2174 ἰϐαν
643 2121 1005 2192 ἀναθεματίσαι
1047 2123 1136 2192 μέν
1169 2110 1570 2194 Νεστόριον,’καὶ
1593 2123 1660 2174 τά
1685 2120 1845 2177 ἀσεϐῆ
1887 2121 2036 2174 αὐτοῦ

479 2205 725 2280 δόγματα,
770 2213 854 2263 καί
893 2213 1014 2269 τούς
1055 2208 1365 2270 ἐκδικοῦντας
1403 2210 1574 2273 αὑτὸν,
1603 2207 1734 2279 ἅπερ
1778 2209 1810 2266 ἡ
1848 2208 2038 2268 ἀσεϐής

479 2297 717 2356 ἐπιστολή
753 2297 982 2362 ἐξεδίκει⁸
1012 2296 1242 2360 δέξασθαι
1285 2295 1338 2351 δὲ
1384 2299 1562 2356 ἐπίσης
1603 2303 1701 2352 τῶν
1743 2298 2038 2370 τριακοσίων

480 2383 726 2440 δεκαοκτώ
749 2385 902 2456 ἁγίων
926 2385 1180 2458 πατέρων,
1203 2386 1288 2437 καί
1314 2388 1402 2441 τήν
1423 2385 1470 2436 ἐν
1489 2387 1672 2456 Ἐφέσῳ
1697 2387 1901 2458 πρώτην
1927 2385 2042 2437 σύν-

481 2473 610 2542 οδον,
641 2477 709 2535 ὡς
739 2476 837 2530 ἀπὸ
865 2474 1008 2544 ἁγίου
1035 2475 1323 2544 πνεύματος
1348 2474 1713 2542 συναχθεῖσαν,
1743 2473 1846 2526 καθ’
1869 2473 2040 2544 ὁμοιό-

481 2583 606 2622 τητα
631 2570 729 2617 τών
765 2565 1062 2636 τριακοσίων
1101 2561 1350 2617 δεκαοκτώ
1387 2561 1542 2632 ἁγίων
1569 2564 1818 2636 πατέρων,
1851 2563 1908 2620 ἦν
1930 2583 2040 2616 τινα

484 2653 530 2704 ἐν
553 2649 736 2722 Ἐφέσῳ
761 2649 972 2706 σύνοδον
1001 2651 1109 2722 μετ’
1128 2653 1279 2705 αὐτοῦ
1309 2655 1400 2705 τοῦ
1425 2651 1474 2704 ἐν
1501 2649 1663 2720 ἁγίοις
1700 2651 1931 2725 Ιίυρίλλου
1959 2654 2042 2705 καί

485 2749 578 2796 τῶν
623 2741 810 2796 δώδεκα
851 2744 1006 2801 αὑτοῦ
1057 2741 1328 2814 κεφαλαίων
1355 2739 1653 2815 ἐνυϐριζειὴ
1682 2742 1810 2798 «ora
1855 2740 2042 2799 ἀσεϐὴς

485 2832 738 2892 ἐπιστολή.

2137 1761 2484 1830 quamobrem
2505 1761 2819 1830 praelaudati
2846 1763 3082 1834 episc0pi
3110 1763 3437 1834 impietatem
3463 1767 3712 1834 epistola:

2137 1852 2555 1916 considerantes,
2581 1853 2788 1906 etiamsi
2832 1853 2952 1908 [bas
2978 1868 3097 1908 eam
3145 1855 3214 1910 ab
3249 1869 3309 1909 se
3349 1855 3551 1910 editam
3599 1872 3710 1913 esse

2139 1941 2354 1994 minime
2377 1941 2740 2004 conﬁteretur,
2769 1955 2866 2011 par
2902 1956 2998 2011 per
3023 1943 3201 1996 omnia
3235 1943 3548 2012 ωσι-σείσω
3596 1961 3711 2016 pro-

2140 2031 2310 2083 tulere
2329 2029 2582 2084 adversus
2607 2029 2931 2100 impietatem
2951 2046 3110 2101 quam
3131 2031 3360 2100 epistola
3387 2033 3710 2102 complecte-

2139 2118 2311 2172 batur.
2363 2118 2697 2174 Censuerunt
2744 2120 2942 2189 quippe
2993 2123 3060 2175 ab
3117 2120 3208 2176 [ba
3261 2121 3706 2178 anathematizari

2139 2208 2440 2263 Nestorium
2464 2223 2583 2262 cum
2606 2209 2782 2278 impiis
2801 2209 3136 2276 dogmatibus
3152 2211 3280 2276 suis,
3308 2226 3430 2280 qua:
3455 2211 3511 2266 in
3550 2213 3704 2282 impia

2139 2299 2364 2367 epistula
2416 2299 2826 2367 colligebantur,
2877 2299 3050 2368 excipi
3114 2306 3294 2354 autem
3347 2309 3706 2355 trecenton

2140 2397 2302 2455 atque
2328 2386 2626 2442 octodecim
2652 2387 2866 2442 Patrum
2888 2387 3045 2443 ﬁdem
3067 2395 3338 2458 oportere,
3369 2389 3707 2460 prioremque

2140 2475 2457 2544 Ephesinam
2484 2474 2744 2544 synodum
2771 2490 2868 2530 ceu
2897 2475 2949 2530 in
2978 2474 3179 2544 Spiritu
3195 2485 3388 2530 sancto
3414 2491 3708 2544 congrega-

2143 2573 2270 2630 tam,
2291 2563 2477 2618 eodem
2505 2563 2664 2618 modo
2689 2571 2850 2632 atque
2875 2578 2992 2620 eam
3012 2578 3130 2632 quae
3147 2578 3214 2618 ex
3247 2567 3499 2619 trecentis
3520 2564 3710 2618 iisdem

2141 2661 2300 2720 atque
2355 2649 2658 2707 octodecim
2704 2651 2902 2707 sanctis
2943 2650 3188 2706 Patribus
3239 2651 3494 2718 constitit,
3541 2665 3714 2720 quam

2140 2739 2458 2810 Ephesiuam
2479 2739 2759 2809 synodum,
2781 2754 2886 2793 una
2905 2755 3024 2795 cum
3045 2747 3232 2794 sancto
3253 2737 3474 2810 Cyrillo,
3503 2737 3712 2792 duode-

2141 2831 2352 2899 cimque
2389 2829 2632 2900 capitulis
2671 2827 2786 2898 ejus
2813 2843 2876 2884 ea
2905 2829 3068 2898 impia
3104 2828 3332 2898 epistola
3376 2827 3716 2883 contumeliis

2143 2921 2462 2976 lacessebat.

553 3015 628 3068 Τά
650 3014 814 3068 τοίνυν
836 3013 978 3088 παρά
1003 3018 1101 3066 τῶν
1127 3009 1373 3065 δικαστῶν
1402 3010 1656 3086 κεκριμένα
1681 3013 1748 3080 μη
1773 3007 2044 3080 πληρώσας

2215 3008 2348 3063 Cum
2375 3021 2537 3078 porro
2581 3007 2648 3062 ab
2689 3006 2781 3061 Iba
2827 3007 3044 3062 minime
3077 3005 3459 3076 perﬁcerentur
3488 3022 3556 3062 ea
3599 3021 3719 3076 quae

485 3101 630 3164 Ἶϐας
673 3110 764 3162 τῆς
801 3105 1084 3160 ἐπισκοπῆς
1128 3101 1392 3174 καθῃρέθη,
1423 3103 1509 3153 καί
1551 3099 1682 3169 μετά
1726 3104 1889 3152 ταῦτα
1927 3118 2047 3152 συν·

485 3194 622 3266 ἤχθη
661 3195 692 3250 ἠ
731 3194 784 3244 ἐν
825 3188 1096 3246 Χαλκηδόνι
1145 3189 1264 3261 ἁιία
1313 3185 1558 3252 σύνοδος,
1583 3188 1631 3239 ἐν
1727 3184 1838 3240 οὐδὲ
1882 3186 2050 3246 ἐκλήθη

485 3281 640 3347 Ἴδας,
672 3279 786 3336 ούδέ
815 3283 882 3340 ὡς
922 3279 1196 3336 ἐπίσκοπος
1224 3278 1590 3350 παραγέγονεν,
1621 3276 1802 3328 Νόννου
1843 3273 1936 3332 ἤδη
1979 3279 2050 3336 εἰς

486 3375 636 3430 τόπον
671 3375 830 3426 αὐτοῦ
880 3369 1331 3443 χειροτονηθέντος,
1363 3373 1452 3420 τοῦ
1501 3369 1586 3418 καί
1631 3367 1888 3426 κληθέντος
1912 3367 1962 3419 ἐν
1987 3375 2050 3436 τῇ

486 3463 606 3534 ἁγία
635 3462 684 3512 ἐν
705 3457 976 3516 Χαλκηδόνι
1005 3453 1222 3526 συνόδῳ.
1263 3453 1402 3510 ’Δλλά
1430 3455 1558 3524 μετά
1584 3457 1669 3510 τὸν
1697 3453 1809 3530 ὅρον
1829 3457 1914 3510 τὶν
1931 3459 2052 3527 περί

487 3559 578 3609 τῆς
621 3553 842 3606 πίστεως
881 3545 1138 3616 δεδομένον
1177 3545 1404 3599 εἰσελθὼν
1433 3543 1460 3598 ὃ
1486 3545 1838 3614 μνημονευθείς
1879 3541 2044 3609 Ἴδας,

487 3639 672 3712 ᾔτησεν
718 3640 806 3694 τήν
848 3637 966 3708 περὶ
1011 3636 1164 3688 αὐτοῦ
1211 3632 1443 3688 ὑπόθεσιν
1485 3636 1768 3697 ζητηθῆναι,
1795 3631 1856 3687 δι’
1879 3634 1936 3692 ἢν
1961 3641 2052 3692 τῆς

487 3730 767 3784 ἐπισκοπῆς
813 3723 1077 3796 καθῃρέθη,
1107 3725 1184 3776 καί
1220 3719 1550 3798 προεκόμισεν
1578 3727 1666 3779 τήν
1693 3723 2050 3799 προειρημένην

490 3817 643 3888 ψῆφον
677 3815 863 3868 Φωτίου
907 3816 990 3866 καί
1015 3813 1301 3866 Εὖσταθίου·
1343 3809 1403 3871 ἧς
1439 3813 1859 3883 ἀναγνωσθείσης,
1891 3813 2050 3866 εἰσελ-

487 3906 652 3963 θόντες
691 3906 769 3956 καὶ
797 3903 842 3955 οἱ
867 3904 1052 3957 τούτου
1081 3904 1340 3974 κατήγοροι
1364 3901 1700 3973 προεκόμισαν
1727 3903 1793 3956 τά
1819 3903 1867 3955 ἐν
1903 3900 2052 3976 Τύρῳ

487 3994 833 4068 πεπραγμένα,
857 3993 908 4045 ἐν
933 3988 1002 4051 οἷς
1035 3994 1328 4064 περιείχετο
1353 3993 1384 4048 ἡ
1405 3993 1530 4049 αύτὴ
1568 3991 1759 4052 ἀσεϐὴς
1790 3991 2048 4050 ἐπιστολή·

489 4081 547 4143 ὗς
573 4081 988 4155 ἀναγνωσθείσης,
1019 4078 1164 4138 εἰδὼς
1186 4077 1348 4145 Ἴδας,
1381 4081 1448 4137 ὡς
1475 4081 1517 4132 εί
1539 4077 1840 4150 ὁμολογήσω
1862 4081 2051 4137 ταύτην

487 4171 618 4228 ἰδίαν
643 4169 788 4236 εἶναι,
817 4169 898 4226 διὰ
924 4175 1012 4228 τήν
1059 4169 1292 4223 ἀσέϐειαν
1319 4169 1470 4229 αὐτῆς
1513 4167 1887 4232 κατεδικάζετο,
1917 4169 2050 4239 ἐγκό-

487 4263 590 4334 4“
633 4268 722 4319 τήν
766 4268 869 4318 τῶν
914 4260 1279 4331 πεπραγμένων
1325 4259 1628 4330 ἀνάγνωσιν,
1678 4257 1838 4318 οὕτως
1891 4255 2046 4312 εἶπεν·

2147 3099 2358 3154 fuerant
2401 3099 2470 3176 ab
2515 3098 2783 3166 judicibus
2819 3099 3125 3160 constituta,
3157 3097 3270 3166 ipse
3304 3097 3374 3150 ab
3407 3106 3714 3166 episcopale

2147 3190 2388 3260 dejectus
2425 3199 2526 3256 est,
2570 3197 2731 3258 atque
2770 3189 2975 3243 interea
3026 3197 3210 3242 sancta
3260 3179 3714 3242 Chalcedonensis

2148 3279 2384 3350 synodus
2426 3287 2642 3345 coacta,
2691 3277 2758 3332 ad
2777 3293 2940 3346 quam
2978 3293 3150 3346 neque
3184 3287 3408 3333 vocatus
3451 3287 3536 3332 est
3580 3278 3716 3339 Ibas,

2150 3387 2324 3442 neque
2345 3380 2402 3426 ut
2428 3371 2710 3440 episcOpus
2739 3369 2998 3437 interfuit,
3026 3368 3215 3440 Nonno
3239 3368 3355 3438 jam
3395 3370 3450 3422 in
3480 3371 3601 3437 ejus
3641 3369 3718 3423 lo-

2149 3480 2270 3520 cum
2295 3478 2396 3535 per
2420 3479 2671 3518 manuum
2691 3463 3082 3533 impositionem
3106 3463 3416 3533 subrogato,
3439 3465 3531 3532 qui
3559 3466 3718 3518 etiam

2149 3553 2219 3607 ad
2239 3560 2476 3607 sanctam
2515 3550 2756 3606 eamdem
2783 3549 3138 3608 Chalcedonis
3183 3551 3450 3623 synodum
3497 3553 3715 3608 advoca-

2148 3649 2234 3695 tus
2260 3640 2448 3695 fuerat.
2481 3639 2735 3695 Perfectis
2763 3647 2942 3694 autem
2970 3640 3034 3694 iis
3059 3655 3178 3710 quae
3216 3640 3363 3696 circa
3400 3640 3565 3696 ﬁdem
3593 3657 3722 3696 con-

2148 3728 2417 3785 stituenda
2443 3730 2676 3794 Inerant,
2701 3729 2993 3784 adveniens
3019 3729 3138 3784 [bas
3157 3730 3471 3800 postulavit,
3503 3730 3573 3784 de
3603 3731 3718 3784 sub-

2150 3818 2424 3874 stitutione
2443 3818 2542 3873 sibi
2571 3817 2710 3873 facta
2731 3833 2945 3873 causam
2967 3819 3175 3886 agitari,
3196 3833 3303 3888 qua
3331 3821 3401 3875 ab
3415 3821 3722 3891 episcopatu

2151 3905 2517 3974 dcjiciebatur,
2547 3905 2934 3976 pmfatumque
2973 3905 3148 3962 Photii
3194 3906 3567 3977 EustathiEque
3614 3910 3722 3963 sul-

2149 3994 2372 4062 fragium
2403 3995 2456 4048 in
2501 3994 2733 4050 medium
2769 3995 3025 4064 protulit;
3075 3995 3222 4065 quod
3269 4011 3394 4050 cum
3435 3997 3721 4064 legeretur,

2151 4087 2496 4140 advenientes
2523 4085 2721 4154 pariter
2747 4093 3088 4140 accusatores
3113 4085 3250 4154 ejus,
3279 4093 3404 4140 acta
3447 4084 3577 4158 Tyri
3612 4102 3728 4155 pro-

2151 4176 2434 4240 duxerunt,
2461 4175 2514 4229 in
2545 4176 2738 4247 quibus
2765 4175 2930 4230 etiam
2959 4175 3118 4244 impia
3139 4189 3204 4228 ea
3230 4174 3458 4244 epistola
3489 4177 3731 4231 contine-

2150 4266 2326 4320 batur.
2368 4263 2481 4319 llac
2525 4264 2629 4332 legi
2657 4264 2902 4318 similiter
2928 4273 3121 4334 coepta,
3151 4251 3488 4332 cognoscens
3513 4263 3634 4318 Ilias
3659 4266 3724 4317 ob

493 4371 514 4403 ι
539 4353 816 4405 Κελεύσατε
843 4353 1122 4422 ἀναγνῶναι
1146 4350 1210 4402 τὰ
1235 4349 1516 4421 γράμματα
1544 4355 1640 4402 τῶν
1668 4348 1902 4422 κληρικῶν
1921 4345 2045 4402 Ἐδέ-

2152 4355 2268 4423 ejus
2292 4355 2621 4424 impietatem
2649 4353 3112 4408 condemnandum
3151 4353 3453 4409 seomnino
3501 4354 3640 4416 fore,
3681 4355 3724 4408 si

488 4465 583 4504 σης
601 4484 614 4505 ,
638 4445 717 4497 ἶνα
743 4443 791 4506 ἐξ
826 4444 996 4495 αὐτῶν
1024 4443 1210 4512 μάθητε
1239 4438 1321 4494 ὅτι
1349 4439 1598 4512 ἀλλότριος
1626 4441 1725 4508 εἰμι
1749 4447 1846 4494 τῶν
1886 4443 2052 4510 ἐπαχ-

487 4536 662 4586 θέντων
691 4549 824 4600 μοι.)
847 4533 935 4583 Καὶ
962 4531 1374 4600 ἀναγνωσθέντων
1401 4531 1561 4582 αὐτῶν
1588 4523 1985 4588 κατανοήσαντες
2007 4531 2054 4583 οί

489 4623 752 4678 ἐπίσκοποι
793 4627 880 4678 τὴν
924 4621 1084 4690 ψῆφον
1125 4623 1312 4673 Φωτίου
1365 4623 1448 4674 καὶ
1485 4620 1766 4678 Εὐσταθίου
1787 4659 1802 4684 ,
1847 4623 1930 4674 καὶ
1963 4627 2051 4678 τὴν

467 4713 621 4766 ’κατά
665 4709 777 4764 Ἰϐα
813 4713 1070 4782 γενομένην
1115 4713 1440 4784 κατηγορίαν.
1493 4715 1750 4785 ἀπῄτησαν
1793 4713 1945 4766 αὐτὸν
1989 4715 2053 4766 τὰ

489 4804 631 4876 παρὰ
673 4804 991 4860 «lim-ioqu
1029 4805 1306 4857 Εύσταθίου
1355 4803 1618 4876 κεκριμένα
1655 4802 1940 4878 πληρῶσαι,
1967 4808 2052 4856 καί

486 4893 728 4958 δέξασθαι
759 4895 842 4948 τὸν
872 4893 1007 4968 ὅρον.
1039 4889 1090 4946 ὃν
1121 4895 1151 4950 η
1180 4895 1308 4952 αύτή
1336 4893 1456 4966 ἁγία
1494 4890 1704 4952 σύνοδος
1731 4893 2048 4964 ἐξεφώνησεν,

485 4986 569 5036 καί
596 4983 890 5056 ύπογραψαι
909 4985 956 5036 ἐν
984 4985 1136 5056 αὐτῷ,
1161 4981 1226 5036 δι’
1247 4979 1306 5036 οὗ
1336 4987 1420 5036 καί
1445 4987 1534 5041 τὴν
1562 4985 1766 5056 πρώτην
1791 4983 1842 5041 ἐν
1867 4983 2052 5054 Ἐφέσῳ

485 5071 719 5136 σύνοδον,
750 5080 835 5128 καί
873 5077 958 5130 τὸν
985 5077 1032 5128 ἐν
1057 5075 1216 5146 ἁγίοις
1251 5077 1513 5148 ιύριλλον,
1543 5078 1624 5130 καί
1653 5080 1744 5134 την
1775 5077 1932 5130 αὐτοῦ
1975 5073 2052 5128 δι·-

487 5160 756 5219 δασκαλίλν
787 5165 1008 5229 ἐδέξατο’
1039 5165 1168 5244 ἅπερ
1204 5166 1424 5228 ἅπαντα,
1469 5169 1538 5226 ὡς
1567 5169 1868 5240 εἰρήκαμεν,
1899 5168 1930 5224 ἡ
1957 5187 2057 5236 μυ-

489 5256 627 5329 σαρὰ
676 5256 832 5314 ἐκείνη
885 5258 1128 5332 ἐνυϐρίζει
1182 5259 1450 5317 έπιστολήο
1502 5254 1649 5310 δι’ὦν
1697 5255 2051 5311 ἀποδείκνυται

486 5343 654 5405 νέωτα
677 5352 842 5400 ταῦτα
871 5351 960 5404 την
999 5347 1143 5416 ἁγίαν
1169 5347 1219 5398 ἐν
1245 5345 1511 5403 Χαλκηδόνι
1549 5343 1752 5399 σύνοδον
1781 5347 1862 5398 ἐπί
1887 5365 2049 5399 κατα·

489 5437 653 5496 κρίσει
676 5438 762 5490 καί
782 5438 1036 5511 ἀνατροπῇ
1061 5445 1150 5496 τῆς
1172 5437 1383 5496 ἀσεϐοῦς
1417 5436 1600 5497 ἐκείνης
1626 5437 1892 5494 ἐπιστολῆς
1912 5432 2050 5488 ἰϐαν

489 5521 879 5590 παρασκευάσαι
921 5535 1144 5584 ποιῆσαι.
1198 5529 1530 5596 Θαυμάζομεν
1573 5527 1734 5580 τοίνυν
1769 5525 1940 5594 ύμᾷς,
1970 5521 2050 5579 ὅτι

491 5614 582 5670 τὴν
609 5617 847 5683 μυσαράν
876 5616 1052 5674 ἐκείνην
1097 5615 1366 5672 ἐπιστολήν
1395 5614 1648 5681 ἓκδικιίτε,
1677 5615 1733 5672 ἢν
1761 5614 1866 5668 ούδέ
1901 5615 2050 5668 αὐτὸς

2155 4458 2307 4500 suam
2330 4457 2450 4497 esse
2479 4442 2752 4506 fateretur,
2785 4449 3028 4499 actorum
3049 4442 3395 4512 interpellans
3421 4443 3724 4510 lectionem,

2154 4535 2233 4588 sic
2255 4534 2462 4588 locutus
2481 4541 2600 4587 est:
2631 4529 2960 4588 Clericorum
2981 4531 3375 4588 Edessenorum
3405 4533 3617 4590 litteras
3629 4535 3738 4603 legi

2150 4621 2354 4690 jubete,
2386 4628 2460 4685 ut,
2491 4634 2651 4690 quam
2671 4620 2877 4674 alienus
2904 4620 2972 4675 ab
3000 4620 3065 4676 iis
3091 4621 3211 4685 sim,
3237 4637 3465 4690 quorum
3512 4623 3734 4677 insimu-

2156 4712 2258 4776 lor,
2288 4709 2648 4777 cognoscatis.
2675 4707 2810 4764 Cum
2837 4709 2953 4765 haec
2979 4711 3180 4780 pariter
3200 4710 3340 4764 lecta
3365 4721 3568 4778 essent,
3596 4729 3718 4768 con-

2154 4803 2452 4858 siderantes
2489 4800 2732 4872 episcopi
2778 4799 2956 4856 Photii
2991 4799 3359 4870 Eustathiique
3399 4801 3726 4871 suﬂragium.

2154 4902 2317 4962 atque
2343 4892 2640 4946 institutam
2667 4891 2922 4946 adversus
2961 4890 3107 4945 Ibam
3145 4890 3563 4953 accusationem,
3592 4908 3724 4947 con-

2155 4983 2378 5040 stituere
2406 4997 2590 5037 rursus
2617 4983 2686 5037 ab
2714 4983 2831 5052 ipso
2858 4982 3066 5052 impleri
3087 4989 3339 5052 oportere
3363 4997 3484 5050 quae
3506 4981 3728 5038 Photins

2155 5083 2316 5144 atque
2343 5074 2654 5130 Eustathius
2691 5073 3079 5143 judicaveraut,
3123 5088 3186 5127 ac
3223 5074 3420 5142 suscipi
3459 5074 3718 5130 definitio-

2155 5182 2278 5224 nem
2299 5181 2459 5234 quam
2484 5166 2598 5236 ipsa
2625 5173 2810 5220 sancta
2837 5164 3072 5236 synodus
3099 5163 3472 5231 conclamavit,
3523 5165 3730 5236 ipsique

2155 5257 2433 5323 subscribi,
2463 5271 2569 5324 qua
2593 5255 2810 5324 quidem
2847 5253 3173 5320 deﬁnitione,
3213 5260 3268 5307 et
3293 5254 3523 5322 primum
3547 5253 3716 5324 Ephe-

2155 5347 2323 5402 sinam
2376 5345 2637 5416 synodum
2659 5387 2675 5412 ,
2731 5353 2788 5400 et
2835 5353 3076 5399 sanctum
3136 5342 3394 5413 Cyrillum
3447 5345 3728 5414 complexa

2155 5434 2344 5498 fuerat,
2375 5432 2593 5502 ejusque
2617 5432 2932 5496 doctrinam,
2961 5447 3079 5500 qute
3123 5433 3320 5496 omnia,
3377 5441 3440 5488 ut
3487 5433 3728 5488 animad-

2154 5525 2432 5589 vertimus,
2458 5525 2510 5578 in
2534 5522 2734 5579 nefaria
2760 5538 2824 5577 ea
2853 5522 3076 5592 epistola
3124 5522 3364 5578 ludibriis
3407 5532 3726 5579 contemne-

2157 5615 2368 5670 bantur.
2393 5613 2484 5668 llis
2506 5621 2679 5670 autem
2702 5613 2978 5669 manifeste
2999 5611 3271 5679 docemur,
3295 5623 3539 5671 sanctam
3554 5613 3727 5706 ipsum
