3924 6294
175 198 319 262 1085

932 203 1290 262 EPISTOLA
1333 203 1728 263 ADVERSUS
1764 200 2240 262 THEODORUM
2283 202 2697 263 MOPSUEST.

3318 217 3451 285 1086

189 318 362 389 Ἴδας,
393 319 425 381 ἦ
450 322 500 375 ἒν
527 326 691 399 Τύρῳ,
729 322 864 383 una!
899 326 1028 394 μετὰ
1070 330 1237 379 ταῦτα
1274 322 1322 375 ίν
1471 321 1590 395 ἁγίᾳ
1639 322 1755 375 κατὰ

1862 319 2354 376 Chalcedonensem
2393 324 2651 392 synodum
2693 325 3033 394 disposuisse,
3066 335 3125 383 ut
3161 342 3226 384 ea
3252 332 3431 388 omnia

192 416 481 475 Χαλκηδόνα
509 417 704 488 συνόδῳ
733 420 1002 488 ἐτόλμησεν
1041 417 1170 472 ἰδίαν
1200 422 1393 477 εἰπεῖν,
1419 415 1448 474 ἦ
1481 415 1758 477 ἐκδικῆσαι,

189 510 321 567 ἀλλά
362 512 444 564 καί
487 518 598 569 τοῖς
623 512 884 586 γράμμασι
925 517 1024 565 τῶν
1062 511 1300 584 κληρικῶν
1325 507 1556 572 Ἐδὲσης,
1589 510 1672 560 καὶ
1699 514 1762 580 τῇ

190 600 342 674 ψήφω
369 603 557 655 Φωτίου
586 605 667 654 καί
694 603 970 656 Εὑσταθίου
1014 603 1277 675 ἐχρήσατο
1314 600 1444 674 πρὸς
1471 600 1529 652 τὸ
1569 598 1762 666 ἀποφυ-

187 697 297 760 γεῖν
430 694 546 750 περὶ
564 698 653 751 τῆς
678 690 897 750 ἀσεϐοῦς
918 692 1183 750 ἐπιστολῆς
1203 690 1310 744 κατ’
1327 690 1483 745 αὑτοῦ
1505 690 1764 759 γενομένην

189 779 513 855 κατηγορίαν.

1861 413 1926 466 ab
1953 410 2041 465 Iba
2067 410 2275 480 tierent,
2305 415 2372 467 ad
2420 415 2595 484 impia:
2623 417 2815 485 saepius
2861 429 3167 475 memorata:
3194 421 3435 490 epistola:

1861 502 2189 556 eversionem
2219 513 2382 570 atque
2422 504 2940 559 condemnationem.
2983 507 3234 562 Miramur
3272 510 3433 577 igitur

1860 606 1954 644 vos
1975 590 2148 645 adhuc
2178 591 2369 659 iniqua:
2390 591 2438 645 ei
2458 591 2696 660 epistola:
2716 594 3056 661 patrocinari,
3080 610 3239 663 quam
3264 613 3435 667 neque

1861 682 1980 737 lbas
2009 683 2142 752 ipse,
2170 683 2254 736 vel
2284 683 2429 753 Tyri,
2462 683 2541 737 vel
2572 691 2694 752 post
2722 699 2806 744 ea.
2847 701 2964 753 qua:
3010 686 3082 739 ibi
3125 695 3245 740 acta
3288 695 3430 750 sunt,

1863 772 1914 825 in
1944 783 2127 827 sancta
2154 772 2567 827 Cbalcedonensi
2597 772 2801 843 synodo
2829 788 2980 826 suam
3029 787 3187 827 ausus
3216 782 3298 829 est
3337 790 3404 843 ap

1860 862 2083 930 pellare,
2112 876 2283 930 neque
2311 862 2575 915 sustinere
2597 903 2610 926 ,
2640 862 2764 930 quin
2806 862 2983 932 potius
3010 862 3136 916 cleri
3178 862 3435 916 Edessen't

188 959 401 1025 litteris,
426 958 729 1028 Photiique,
758 970 918 1029 atque
945 956 1207 1012 Eustathii
1227 954 1478 1023 suffragio
1511 968 1636 1008 usus
1664 960 1742 1006 est
1767 992 1782 1016 ,
1824 960 1881 1004 ut
1920 951 2212 1005 institutam
2241 949 2523 1005 adversum
2565 965 2623 1004 se
2656 951 2723 1005 ob
2745 950 2958 1019 impiam
2989 950 3131 1004 illam
3156 952 3435 1019 epistulam

186 1048 489 1105 declinaret
511 1049 925 1104 accusationem.

264 1142 388 1214 Πρὸς
416 1139 467 1195 δέ
493 1149 597 1201 τοῖς
626 1139 786 1200 ἄλλοις
816 1140 982 1194 ἅπασι
1004 1146 1117 1199 τοῖς
1141 1145 1306 1198 κακῶς
1319 1134 1439 1210 παρ’
1454 1137 1592 1204 ὑμῶν
1613 1135 1759 1207 ἑρμη-

188 1234 539 1295 νευθεῖσιλκαὶ
567 1254 653 1290 την
682 1234 914 1301 [ὐνομιου
945 1229 1204 1284 διαλαλιὰν
1230 1233 1318 1287 τήν
1343 1230 1459 1300 περὶ
1486 1223 1597 1279 Ἷϐα
1620 1245 1759 1298 γενο-

190 1322 343 1390 μένην
384 1321 510 1393 πρὸς
545 1320 705 1392 ψευδῆ
740 1319 929 1373 ἔννοιαν
971 1320 1298 1390 μετηγάγετε,
1330 1316 1759 1385 διαϐεϐαιούμενοι

187 1419 279 1471 τήν
321 1410 575 1466 διαλαλιάν
625 1413 867 1480 Εὑνομίου
912 1412 1042 1483 ὑπὲρ
1084 1417 1175 1467 τῆς
1224 1407 1449 1466 ἀσεϐοῦς
1489 1405 1759 1463 ἐπιστολῆς

186 1500 504 1572 γεγενῆσθαι.
543 1501 748 1572 Λέγεται
783 1500 881 1573 γὰρ
909 1497 1165 1571 περιέχειν
1194 1502 1281 1552 τήν
1308 1497 1459 1553 αὐτὴν
1486 1493 1754 1553 διαλαλιάν,
1788 1533 1835 1593 Β

189 1589 275 1644 ὅτε
302 1592 353 1643 ἐν
378 1597 480 1648 τοῖς
511 1589 771 1664 ἀνωτέροις
811 1596 902 1647 τῆς
943 1587 1209 1645 ἐπιστολῆς
1253 1585 1473 1659 ὑϐρίσας
1498 1580 1643 1643 Ἰϐας
1672 1583 1757 1635 τὸν

185 1681 241 1734 ἕν
267 1680 425 1752 ἁγίοις
450 1680 709 1754 Κύριλλον,
732 1680 779 1731 ἐν
808 1686 918 1737 τοῖς
940 1679 1242 1737 τελευταίοις
1273 1678 1446 1731 ἑαυτὸν
1462 1676 1760 1749 ὶπανωρϐὡ-

187 1784 343 1823 σατο⁹
371 1764 521 1823 ὁπότε
552 1766 693 1826 δῆλόν
730 1768 843 1822 ἐστι
870 1772 958 1824 τὴν
984 1768 1231 1835 Εὑνομίου
1261 1764 1529 1828 διαλαλιάν,
1554 1766 1612 1818 οὐ
1642 1768 1759 1838 περί

186 1868 278 1919 τῆς
294 1858 511 1916 ἀσεϐοῦς
538 1859 725 1917 ἐκείνης
746 1858 1034 1920 ίπιστολῆς,
1051 1855 1175 1909 ἀλλὰ
1195 1857 1313 1927 περὶ
1335 1862 1425 1913 τῆς
1445 1855 1759 1912 καταθέσεως

187 1948 306 2003 ἰϐα
333 1956 422 2007 τῆς
452 1949 501 2000 ίν
528 1948 677 2020 Τύρῳ
704 1948 965 2019 γενομένης
1010 1947 1155 2019 ποιρὰ
1197 1946 1365 2013 Φωτίῳ
1390 1946 1471 1995 καί
1498 1945 1759 2010 Εὑσταθίνρ

189 2041 435 2118 εἰρῆσθαι.
461 2037 538 2092 Ἐν
557 2040 658 2111 γάρ
679 2051 783 2096 τοῖς
811 2037 1125 2094 παράὑτοίς
1150 2035 1516 2107 πεπραγμένοις
1544 2039 1760 2106 φανερῶς

185 2120 333 2187 Ἵϐας
363 2127 699 2195 ὡμολόγησεν,
726 2127 789 2184 ὡς
810 2126 890 2177 καί
906 2126 1137 2198 ἀνωτ’ρω
1155 2124 1431 2196 εἰρήκαμεν,
1454 2122 1551 2194 πρὸ
1575 2121 1758 2175 τούτου

204 2220 278 2272 ιίν
303 2219 432 2284 μετά
460 2224 557 2270 τῶν
588 2214 745 2269 ἄλλων
785 2214 1081 2268 ἀνατολικῶν
1109 2213 1399 2267 ἐπισκόπων
1434 2212 1648 2285 ὑϐρίσαι
1674 2215 1761 2265 τὸν

188 2310 238 2361 ἓν
264 2306 422 2379 ἁγίοις
450 2307 703 2380 Κὺριλλον,
736 2301 816 2359 ὅτε
840 2306 1028 2374 μετοιξὺ
1056 2305 1218 2357 αὐτῶν
1256 2302 1484 2372 διχόνοια
1520 2300 1595 2360 ἧν·
1628 2304 1757 2372 μετά

188 2392 243 2448 δέ
266 2400 354 2452 τήν
378 2394 555 2447 ἕνωσιν
577 2398 667 2451 τήν
696 2394 881 2462 μεταξὺ
915 2392 1075 2446 αὐτῶν
1115 2390 1376 2460 γενομένην
1394 2431 1405 2447 .
1436 2388 1586 2460 μηδὲν
1611 2389 1760 2463 ὑϐρι-

188 2486 353 2540 στικὸν
378 2487 536 2538 εἰπεῖν
583 2485 712 2537 κατά
737 2490 826 2537 τοῦ
856 2484 906 2536 ίν
935 2483 1098 2552 ἁγίοις
1139 2481 1404 2555 κυρίλλουί
1425 2481 1473 2543 ἐξ
1501 2478 1559 2539 ἧς
1586 2480 1758 2547 ὁμολο-

180 2576 298 2645 γίας
324 2575 566 2641 εὑρίσκων
591 2573 827 2642 Εὐνόμιος
852 2569 998 2625 ἰϐαν
1025 2578 1226 2645 πρῶτον
1254 2573 1342 2639 μὲν
1366 2570 1650 2642 ὑϐρίσαντα
1676 2570 1759 2623 τὸν

185 2668 241 2719 ἓν
281 2664 438 2735 ἁγίοις
486 2663 735 2737 Κύριλλον,
760 2663 889 2733 μετὰ
932 2668 1097 2715 ταῦτα
1135 2658 1187 2715 δέ
1232 2660 1648 2730 ἀπολογούμενον,
1678 2663 1760 2715 καί

180 2750 385 2819 λέγοντα
413 2746 488 2802 ὅτι
519 2749 648 2819 μετά
676 2752 765 2805 τήν
798 2747 972 2800 ἕνωσιν
1008 2744 1144 2800 οὐδέν
1171 2745 1464 2819 ὑϐριστικὸν
1513 2746 1642 2799 κατὰ
1665 2750 1758 2800 τοῦ

180 2842 234 2894 ἐν
263 2838 420 2909 ἁγίοις
457 2835 563 2894 εἷπε
609 2838 878 2912 Κυρίλλου,
918 2841 1006 2895 τήν
1050 2836 1475 2906 μνημονευθεῖσαν
1521 2837 1755 2893 ἐποίησεν

182 2928 458 2985 διαλαλιάν.
502 2924 616 2980 Ὀτι
655 2925 708 2980 δὲ
747 2927 777 2983 ἦ
818 2928 1151 2999 προειρημένη
1192 2925 1380 2983 ἀσεϐής
1414 2925 1681 2984 ἐπιστολή,
1722 2926 1752 2981 ἠ

179 3016 416 3086 λεγομένη
462 3012 596 3079 Ἴϐα,
627 3017 798 3076 πάσης
827 3015 1085 3077 ἀσεϐείας,
1114 3018 1195 3069 καί
1229 3021 1327 3069 τῶν
1353 3015 1479 3068 κατά
1522 3014 1752 3090 Κυρίλλου

181 3104 380 3181 ὕϐρεων
415 3107 503 3163 ἀπ’
534 3111 706 3180 ἀρχῆς
734 3108 828 3166 ἕως
853 3108 1030 3167 τέλους
1074 3109 1418 3182 πεπλήρωται,
1463 3107 1621 3162 οὐδενί
1654 3110 1752 3178 άμ-

183 3198 489 3269 ςιιϐάλλεταυ
525 3197 630 3251 ἀλλ’
665 3196 772 3253 οὑδέ
801 3195 915 3267 ἔχει
944 3198 1084 3268 λόγον
1110 3199 1166 3252 τὸ
1196 3204 1473 3252 πιστεῐσαι
1500 3194 1575 3251 ὅτι
1603 3199 1749 3251 Εὐνό-

184 3305 296 3358 ριος
324 3287 388 3340 τά
427 3294 606 3361 πρῶτα
632 3289 721 3357 μέν
751 3285 943 3341 διέϐαλε
971 3295 1058 3347 τῆς
1090 3287 1375 3348 ἐπιστολῆς,
1409 3289 1476 3345 ὡς
1519 3289 1663 3350 κακά,
1693 3288 1755 3340 τά

180 3376 447 3431 τελευταῖα
478 3376 531 3431 δὲ
560 3379 768 3450 χείρονα
795 3374 913 3431 ὅντα
954 3379 1210 3449 ἐπῄνεσεν.
1239 3375 1413 3435 Οὐδείς
1441 3377 1536 3449 γὰρ
1579 3378 1754 3449 εὐφρο-

180 3474 279 3520 νῶν
305 3467 617 3536 ἀποδέχεται
655 3472 737 3522 τὸν
766 3470 850 3520 ἐπὶ
881 3468 985 3526 ἑνὸς
1013 3472 1097 3520 καί
1124 3473 1214 3522 τοῦ
1252 3469 1401 3521 αὑτοῦ
1430 3470 1749 3540 πράγματος,

182 3558 309 3626 ὁμοῦ
342 3559 424 3611 τὸν
460 3558 614 3611 αὐτὸν
661 3558 957 3611 ἐπαινοῦντα
998 3559 1080 3609 καί
1119 3556 1359 3627 ψέγντα.
1392 3555 1455 3607 Εἴ
1484 3577 1561 3614 τις
1589 3557 1751 3621 τοίνυν

180 3656 274 3704 τήν
296 3648 527 3717 Εὖνομίου
559 3646 812 3702 διαλαλιὼ
841 3647 1073 3716 τολμήσει
1095 3648 1250 3718 λέγειν
1274 3650 1341 3712 μὴ
1369 3654 1431 3719 τῇ
1454 3643 1567 3699 ἰϐα
1597 3667 1752 3699 κατα·-

176 3739 312 3795 θίσει
339 3744 398 3810 τῇ
441 3738 489 3791 ἐν
524 3739 671 3809 Τύρῳ
711 3738 960 3809 γενομένῃ.
999 3736 1122 3789 ἀλλὰ
1163 3743 1231 3807 τῷ
1258 3735 1368 3804 ὕφει
1404 3733 1635 3808 συνᾴδειν
1660 3743 1751 3795 τῆς

182 3827 602 3894 μνημονευθείσης
659 3827 882 3886 ἀσεϐοῦς
923 3825 1222 3889 ἐπιστολῆς,
1264 3830 1353 3882 τήν
1393 3832 1484 3884 τῆς
1526 3825 1751 3883 ἀληθείας

176 3912 470 3968 ἀκολουθίαν
490 3918 545 3969 οὑ
575 3915 829 3985 φυλάττει.
858 3914 960 3968 ἀλλ’
983 3917 1050 3974 ὡς
1079 3915 1327 3992 αἱρετικός
1352 3914 1494 3990 ὕϐριν
1518 3922 1623 3974 τοῖς
1646 3937 1751 3970 πα·

186 4005 365 4076 τράσιν
392 4006 705 4077 προσάπτειν
731 4003 1023 4068 σπουδάζει.

1936 1131 2014 1186 Ad
2040 1141 2231 1185 emtera
2260 1147 2421 1200 porro
2472 1132 2650 1185 omnia
2679 1132 2906 1199 pessime
2934 1148 2964 1185 a
2996 1132 3147 1186 vobis
3189 1134 3429 1201 exposita

1863 1221 2130 1289 adjecistis
2158 1221 2340 1285 etiam,
2382 1230 2439 1274 ut
2482 1220 2730 1274 Eunomii
2775 1220 3185 1288 divulgationem
3233 1222 3299 1275 de
3345 1222 3433 1276 Iba

1861 1313 2053 1366 factam
2080 1311 2322 1367 mendaci
2352 1311 2698 1378 intelligentia
2727 1314 3132 1380 perverteretis,
3163 1313 3435 1366 allirman-

1862 1410 1940 1456 tes
1968 1417 2086 1456 eam
2118 1400 2361 1455 Eunomii
2392 1401 2803 1466 divulgationem
2836 1416 2997 1469 super
3035 1401 3194 1470 impia
3224 1416 3288 1453 ea
3325 1401 3437 1472 epi-

1860 1492 1997 1546 stola
2027 1491 2322 1546 institutam
2350 1507 2488 1545 esse.
2521 1490 2711 1544 Fertur
2738 1491 2876 1544 enim
2905 1491 3018 1545 haec
3047 1491 3099 1544 in
3123 1492 3236 1560 ipsa
3264 1492 3436 1544 conti-

1860 1579 1975 1633 neri
2003 1597 2014 1630 :
2040 1579 2183 1647 quod
2205 1596 2326 1633 cum
2349 1579 2402 1632 in
2429 1579 2605 1649 priore
2625 1579 2861 1648 epistola:
2886 1587 3032 1648 parte
3061 1579 3175 1634 lbas
3195 1588 3436 1634 sanctum

1860 1665 2114 1737 Cyrillum
2159 1666 2365 1734 injuriis
2388 1666 2751 1737 proscidissct,
2781 1669 2923 1722 circa
2966 1668 3125 1722 linem
3155 1677 3334 1722 tamen
3376 1683 3435 1722 se

1861 1758 2032 1825 ipsum
2078 1758 2393 1826 corrigendo
2432 1758 2830 1813 emendaverit:
2872 1774 2993 1814 cum
3042 1767 3219 1814 tamen
3267 1762 3434 1814 mani-

1860 1847 2053 1903 festum
2090 1849 2161 1903 sit
2198 1848 2443 1903 Eunomii
2482 1863 2601 1903 eam
2631 1848 3074 1903 declamationem
3102 1850 3321 1919 minime
3366 1849 3434 1905 ad

1862 1938 2077 2005 impiam
2107 1954 2226 1992 eam
2275 1939 2557 2006 epistolam
2606 1940 2893 2007 pertinere,
2940 1938 3032 1991 sed
3061 1939 3128 1993 de
3176 1940 3433 2008 subroga-

1862 2026 2027 2091 tione,
2064 2039 2181 2092 quae
2226 2025 2351 2094 Tyri
2388 2025 2490 2080 Iba:
2539 2025 2675 2080 facta
2717 2026 2890 2079 fuerat
2937 2043 3034 2097 per
3092 2028 3334 2081 l‘botium
3381 2036 3432 2085 et

1860 2111 2191 2167 Eustathium
2237 2114 2289 2168 in
2323 2130 2385 2168 ea
2416 2129 2719 2168 sermonem
2763 2115 2986 2170 institui.
3036 2114 3094 2169 ln
3123 2118 3255 2173 actis
3289 2118 3433 2174 enim

1862 2204 2003 2271 apud
2028 2203 2171 2272 ipsos
2199 2201 2477 2257 manifeste
2508 2203 2679 2257 fassus
2710 2212 2791 2257 est
2814 2203 2952 2268 lbas,
2986 2205 3433 2271 quemadmodum

1861 2293 2020 2346 etiam
2050 2292 2292 2361 superius
2312 2291 2678 2357 indicavimus,
2702 2306 2759 2345 se
2780 2299 2906 2346 ante
2931 2292 3044 2345 hate
3066 2306 3186 2347 cum
3216 2294 3431 2363 reliquis

1861 2381 2091 2435 Orientis
2136 2379 2403 2447 episcopis
2450 2387 2693 2432 sanctum
2741 2377 2994 2448 Cyrillum
3048 2380 3253 2449 injuriis
3304 2380 3432 2436 alle-

1860 2478 2013 2543 cisse,
2043 2493 2160 2533 cum
2184 2477 2390 2531 scilicet
2408 2476 2644 2544 ipsorum
2669 2475 2889 2545 ejusque
2921 2477 3103 2546 dispar
3129 2486 3271 2534 esset
3307 2495 3430 2534 sen-

1860 2567 2025 2621 tentia
2052 2584 2065 2617 :
2098 2574 2221 2634 post
2247 2574 2444 2629 autem,
2473 2563 2670 2619 unione
2691 2564 2830 2618 inter
2854 2565 2998 2635 ipsos
3019 2567 3272 2637 perfecta,
3297 2570 3428 2625 nihil

1859 2657 2077 2710 omnino
2101 2656 2168 2711 ab
2196 2671 2254 2710 se
2279 2657 2590 2726 injuriosum
2620 2659 2673 2713 in
2701 2668 2943 2714 sanctum
2968 2658 3222 2731 Cyrillum
3265 2660 3428 2717 fuisse

1859 2746 2155 2816 prolatum;
2188 2762 2254 2801 ex
2281 2763 2386 2817 qua
2426 2747 2530 2802 Iba:
2560 2749 2913 2814 confessione,
2948 2748 3238 2805 Eunomius
3283 2747 3428 2806 Ibam

1860 2836 2087 2904 primum
2126 2837 2182 2889 iu
2221 2845 2462 2891 sanctum
2490 2836 2744 2906 Cyrillum
2791 2839 3010 2907 injurias
3052 2849 3433 2908 congerentem

1855 2927 2148 2996 reperiens,
2179 2934 2302 2997 post
2328 2934 2508 2982 autem
2529 2928 2947 2997 resipiscentem,
2976 2930 3316 2999 aientemque
3336 2931 3435 2988 abs

1856 3038 1915 3078 se
1944 3023 2072 3076 nihil
2094 3022 2333 3085 omnino,
2365 3030 2488 3091 post
2505 3024 2849 3077 constitutam
2873 3024 3143 3089 unionem,
3173 3025 3435 3082 adversus

1855 3121 2094 3167 sanctum
2120 3110 2374 3182 Cyrillum
2401 3109 2560 3166 fuisse
2595 3112 2879 3181 prolatum,
2921 3122 3266 3167 memoratam
3300 3128 3427 3183 per-

1856 3201 1983 3256 fecit
2007 3200 2472 3256 declamationem.
2503 3201 2714 3255 Nemini
2745 3217 2908 3271 porro
2936 3202 3154 3256 dubium
3184 3218 3303 3258 esse
3329 3217 3427 3273 po-

1859 3301 1979 3358 test,
2012 3293 2299 3348 indicatam
2341 3293 2557 3362 impiam
2583 3293 2864 3362 epistolam
2911 3293 3014 3348 lba:
3038 3295 3313 3360 tributam,
3356 3296 3426 3350 ab

1860 3382 2012 3437 initio
2055 3382 2122 3436 ad
2167 3390 2464 3436 extremum
2492 3383 2636 3438 omni
2684 3382 2961 3450 iniquitate
3023 3390 3182 3452 atque
3212 3384 3262 3437 in
3304 3399 3426 3438 sau-

1859 3484 2000 3528 ctum
2067 3474 2323 3544 Cyrillum
2366 3473 2691 3528 contumelia
2737 3482 2946 3529 scatere
2975 3516 2989 3539 ,
3037 3490 3208 3542 neque
3254 3489 3425 3529 causa!

1857 3564 2125 3632 quidpiam
2154 3572 2253 3629 est,
2285 3572 2343 3617 ut
2387 3563 2655 3629 credatur,
2705 3562 3018 3617 Eunumium
3065 3565 3270 3633 priores
3315 3566 3424 3633 epi-

1856 3653 2009 3707 stolas
2048 3659 2246 3720 partes,
2299 3659 2548 3718 tauquam
2586 3665 2779 3719 pravas
2825 3651 3146 3716 traduxisse,
3196 3652 3426 3720 reliquas

1855 3759 2004 3808 vero,
2047 3757 2161 3810 quae
2189 3741 2400 3810 pejores
2446 3749 2592 3807 sunt,
2647 3740 2891 3794 laudibus
2934 3740 3124 3795 ell'erre
3171 3742 3424 3796 voluisse.

1855 3833 2023 3887 Nemo
2072 3833 2213 3886 enim
2254 3832 2508 3886 cordatus
2549 3831 2741 3898 probat
2787 3845 2909 3884 eum
2954 3830 3046 3899 qui
3089 3832 3240 3885 unius
3288 3831 3424 3898 ejus-

1855 3922 2083 3989 demque
2121 3936 2186 3975 ac
2224 3920 2410 3975 similis
2450 3921 2526 3974 rei
2572 3919 2728 3972 simul
2776 3919 3019 3972 laudator
3044 3920 3132 3982 sit,
3183 3922 3424 3989 idemque

1855 4009 2203 4078 vituperator.
2237 4008 2486 4076 Quisquis
2515 4007 2674 4075 igitur
2693 4007 2939 4061 Eunomii
2986 4008 3425 4063 declamationem

1846 4114 1962 4152 non
2009 4097 2077 4151 ad
2123 4097 2228 4151 Iba:
2281 4097 2712 4164 subrogationem
2751 4095 2874 4166 Tyri
2921 4095 3115 4150 factam
3159 4107 3424 4168 spectare,

188 4189 366 4236 verum
408 4184 478 4237 ad
525 4186 697 4254 impia:
737 4195 1043 4240 memorata:
1085 4187 1410 4255 epistolae....
1457 4188 1761 4257 pertinere,
1801 4188 2057 4258 quisquis,
2091 4188 2328 4254 inquam,
2370 4185 2426 4240 id
2470 4184 2650 4239 dicere
2675 4185 2855 4253 audet,
2903 4187 2948 4240 is
2968 4187 3185 4242 minime
3213 4190 3422 4242 veritati

188 4272 514 4340 obsequitur,
553 4289 758 4341 verum,
797 4274 961 4327 veluti
1005 4274 1284 4329 haareticus
1322 4273 1567 4330 Patribus
1612 4275 1859 4344 injuriam
1889 4274 2079 4330 atl‘erre
2106 4276 2310 4330 nititur.

257 4363 347 4413 Καί
371 4364 439 4420 εἰς
463 4367 613 4416 τοῦτο
634 4360 685 4415 δὲ
710 4363 1063 4434 ίθαυμάσαμεν
1106 4360 1181 4417 ὅτι
1206 4365 1403 4436 γράψαι
1423 4366 1742 4433 ὑπεμείνατε,

1920 4365 2093 4436 Atque
2120 4366 2172 4420 id
2200 4365 2358 4420 etiam
2389 4365 2565 4419 mirati
2589 4380 2790 4431 sumus,
2820 4365 2962 4435 quod
2991 4366 3228 4421 scribere
3268 4368 3421 4423 veriti

189 4452 253 4504 τά
278 4452 517 4521 κεφάλαια
543 4454 630 4521 μὲν
655 4459 742 4506 τοῦ
772 4454 820 4506 ἐν
846 4452 1005 4525 ἁγίοις
1051 4456 1294 4526 Κυρίλλου
1339 4459 1566 4509 σκοτεινὰ
1600 4452 1746 4510 εἶναι’

189 4544 276 4597 τὴν
301 4537 352 4593 δὲ
378 4541 538 4597 ἀσεϐῆ
565 4540 849 4602 ἐπιστολήν,
883 4543 949 4599 ὡς
977 4546 1063 4594 τοῦ
1102 4541 1246 4613 ἁγίου
1274 4544 1556 4612 πνεύματος
1589 4544 1751 4611 μεσά-

190 4632 359 4690 ζοντος
404 4628 658 4699 ἀποδεχθε
683 4650 778 4682 σαν
824 4631 1122 4699 ἐπῃνέσατε·
1153 4634 1237 4684 καί
1262 4627 1463 4705 φανερόν
1508 4633 1645 4685 ἐστιν
1675 4630 1753 4687 ὅτι

192 4727 353 4774 ταῦτα
388 4723 451 4775 τά
491 4723 687 4798 ῥήματα
713 4725 802 4775 οὐκ
827 4723 877 4784 ἕξ
905 4722 1049 4792 ἁγίου
1077 4724 1381 4792 πνεύματος.
1424 4722 1522 4775 ἀλλ’
1540 4724 1589 4785 ἐξ
1617 4724 1753 4794 ἐνερ-

191 4812 325 4879 γείας
351 4816 443 4863 τοῦ
468 4818 684 4886 πονηροῦ
726 4814 1014 4884 πνεύματος
1057 4813 1382 4884 προηγάγετε·
1416 4811 1493 4869 ὅτι
1519 4816 1639 4873 τοὺς

191 4898 415 4970 πατέρας
445 4903 529 4951 καὶ
555 4898 885 4961 διδασκάλους
908 4909 999 4961 τῆς
1026 4902 1292 4961 ἐκκλησίας
1331 4905 1614 4961 σκοτεινούς
1643 4904 1759 4956 ἕκα-

190 4983 392 5053 λέσατε,
421 4994 508 5045 τήν
535 4987 586 5042 δὲ
619 4990 907 5053 κακοδοξίαν
933 4999 1022 5050 τῆς
1064 4992 1329 5052 ἐπιστολῆς
1367 4995 1494 5062 μετὰ
1521 4993 1753 5063 βλασφην

192 5076 313 5145 μίας
339 5077 631 5146 ἐπῃνέσατε·
679 5075 784 5130 ὅθεν
809 5079 969 5137 καλῶς
997 5077 1201 5151 ἁρμόζει
1239 5082 1325 5133 καί
1368 5080 1503 5150 ὑμῖν,
1532 5083 1617 5134 καί
1643 5088 1755 5141 τοῖς

193 5161 357 5225 ἄλλοις
380 5172 492 5226 τοῖς
517 5168 583 5219 τὰ
604 5166 934 5240 παραπλήσια
954 5168 1074 5236 ὑμῖν
1097 5171 1213 5240 περὶ
1232 5174 1329 5226 τῶν
1354 5168 1507 5238 ἁγίων
1525 5170 1757 5244 πατέρων

192 5263 426 5330 φρονοῦσι
444 5297 457 5320 ,
499 5258 558 5311 τὸ
601 5258 743 5332 παρά
780 5262 872 5311 τοῦ
917 5256 1062 5327 ἁγίου
1104 5258 1296 5331 Πέτρου
1339 5263 1426 5311 τοῦ
1475 5258 1754 5312 ἀποστόλου

192 5347 333 5419 ῥηθὲν
357 5349 473 5418 περὶ
496 5352 595 5401 τῶν
619 5352 782 5404 κακῶς
806 5342 1047 5398 νοούντων
1073 5347 1162 5404 τὰς
1189 5346 1458 5404 ἐπιστολάς
1487 5352 1573 5398 τοῦ
1606 5345 1751 5417 ἁγίου

194 5437 381 5490 Παύλου
412 5455 430 5486 t
464 5436 541 5493 ὅτι
561 5443 726 5491 ταῦτα
751 5438 794 5489 oi
827 5438 1029 5507 ἀμαθεῖς
1068 5440 1150 5490 καί
1178 5440 1473 5510 ἀστήρικτοι
1498 5438 1754 5510 στρεϐλώ-

194 5546 368 5580 σουσιν
393 5526 443 5596 [ἢ
464 5525 832 5601 στρεϐλοῦσιν],
863 5531 930 5587 ὡς
955 5530 1040 5581 καί
1067 5530 1156 5587 τὰς
1182 5527 1366 5585 λοιπάς.
1384 5528 1598 5601 γραφάς,
1622 5550 1687 5601 πρ
1697 5530 1750 5588 ὸς

200 5635 283 5670 τγιν
310 5616 432 5673 ἰδίαν
459 5621 619 5674 αὐτῶν
642 5620 902 5674 ἀπώλειαν.
931 5638 947 5669 ι
976 5618 1118 5672 Οὕτω
1147 5624 1308 5673 τοίνυν
1332 5623 1412 5672 καί
1437 5624 1558 5687 ὑμῖν
1585 5628 1747 5679 κακῶς

1851 4457 2067 4510 minime
2094 4457 2220 4510 sitis.
2257 4457 2438 4510 Sancti
2460 4456 2638 4526 Cyrilli
2665 4457 2838 4527 capita
2864 4457 3086 4511 obseura
3115 4472 3252 4523 esse,
3276 4472 3449 4517 eam:

1853 4560 1956 4614 que
1982 4546 2197 4615 impiam
2244 4547 2540 4618 epistolam,
2591 4556 2839 4616 tanquam
2882 4549 3080 4619 Spiritu
3123 4561 3312 4608 sancto
3339 4554 3419 4616 af-

1853 4633 2031 4697 ﬂante,
2064 4635 2448 4690 clarescentem
2480 4637 2835 4692 laudaveritis.
2869 4639 3201 4696 Manifestum
3232 4651 3316 4698 est
3351 4644 3421 4699 si-

1853 4722 2067 4790 quidem
2095 4724 2255 4777 verba
2280 4725 2393 4778 haec
2433 4741 2537 4779 non
2580 4725 2808 4795 Spiritus
2845 4731 3013 4782 sancti
3061 4732 3277 4795 virtute,
3329 4733 3421 4789 sed

1856 4812 2071 4880 maligni
2113 4815 2328 4885 spiritus
2371 4815 2571 4883 impetu
2597 4831 2625 4868 a
2656 4816 2806 4869 vobis
2833 4832 2953 4870 esse
2998 4818 3202 4887 prolata
3236 4837 3249 4870 :
3298 4837 3421 4875 cum

1857 4899 2041 4956 Patres
2066 4900 2426 4971 Ecclesiteque
2452 4905 2734 4970 magistros
2756 4904 3099 4959 obscuritatis
3128 4908 3419 4977 redargue-

1855 4990 1989 5056 ritis,
2021 4992 2262 5059 epistola:
2289 5000 2467 5047 autem
2494 4993 2632 5047 illius
2660 4994 2914 5048 malitiam
2957 4995 3420 5065 blasphemiasque

1858 5078 2100 5133 laudibus
2127 5082 2425 5136 extuleritis
2450 5099 2462 5134 :
2496 5084 2841 5150 quamobrem
2866 5092 3013 5137 recte
3039 5085 3292 5139 convenit
3322 5103 3420 5138 vu-

1857 5167 1939 5220 bis
1966 5168 2278 5239 caeterisque
2307 5168 2551 5225 omnibus
2593 5172 2785 5226 similia
2825 5171 2891 5224 de
2927 5171 3126 5225 sanctis
3168 5170 3418 5227 Ecclesia:

1857 5256 2104 5313 Patribus
2130 5259 2497 5325 sentientibus,
2531 5259 2659 5313 illud
2679 5276 2730 5321 ,a
2774 5259 2934 5314 Petro
2977 5260 3224 5329 apostolo
3256 5259 3325 5314 de
3356 5260 3416 5318 iis

1855 5348 2071 5413 dictum,
2096 5350 2186 5418 qui
2217 5349 2480 5417 Epistolas
2508 5351 2677 5403 sancti
2706 5349 2852 5403 Pauli
2882 5365 3131 5418 perverse
3159 5349 3416 5418 intelligo.

1853 5438 1984 5493 bant
2008 5456 2020 5490 :
2051 5439 2187 5508 quod
2209 5440 2300 5492 has
2325 5439 2515 5492 indocti
2541 5450 2688 5509 alque
2715 5439 2978 5493 instabiles
3027 5441 3327 5509 depravant,
3363 5453 3422 5496 ut

1852 5544 1901 5586 et
1939 5544 2148 5587 crateras
2186 5532 2502 5599 Scripturas,
2533 5533 2601 5583 ad
2631 5549 2775 5584 suam
2815 5532 3041 5600 ipsorum
3081 5534 3427 5603 perditionem

1854 5623 1937 5692 (II
1972 5624 2107 5678 I’ctr.
2142 5641 2213 5687 ut.
2254 5622 2353 5675 ιϐ’.
2387 5623 2470 5674 Sir
2504 5624 2677 5689 itaque
2705 5623 2855 5675 vobis
2876 5622 3036 5680 etiam
3067 5639 3229 5695 prave
3258 5624 3417 5680 intel-
