3924 6294
535 227 673 292 108³1

1799 231 2234 294 JUSTl-XIANI
2275 191 2438 292 liii-Pi

3640 221 3783 287 1038

543 355 712 406 νοοῦσι
754 348 978 403 σκοτεινά
1006 340 1130 400 εἶναι
1156 343 1292 398 δοτεῖ
1318 343 1382 397 τά
1404 345 1546 416 παρά
1585 350 1680 397 τῶν
1717 349 1808 400 τῆς
1833 344 2091 400 ἐκκλησίας

2196 339 2479 408 ligentibus
2503 353 2570 396 ea
2594 353 2712 410 qua:
2739 339 2810 395 ab
2831 339 3090 397 Ecclesia:
3116 341 3382 408 magistris
3405 341 3618 398 tradita
3639 356 3784 410 sum.

546 443 871 506 διδασκάλων,
889 444 968 494 καί
990 447 1091 493 τῶν
1111 439 1252 491 Θείων
1271 448 1466 510 γραφῶν
1484 434 1804 503 έκτεθειμένα.
1833 435 1917 486 καί
1938 439 2102 487 ταῦτα

545 535 632 606 μέν
671 535 735 586 τά
779 534 894 605 περί
935 526 1069 590 Ἴδα.
1099 531 1184 581 καί
1235 535 1324 586 τῆς
1371 527 1589 584 άσεῗοῦς
1629 526 1808 582 ἑκείνης
1839 522 2102 582 ἐπιστολῆς

545 621 674 675 οὕτω
689 621 1196 692 παρακολουθήσαντα
1223 617 1278 671 ἕν
1297 639 1402 672 τισι
1429 617 1634 686 βιϐλίοις
1664 616 1991 688 εὑρίσκονται.

611 708 795 762 Εἰδέναι
839 707 891 762 δέ
933 709 1068 778 ὑμᾶς
1109 713 1216 781 χρὴ
1249 705 1325 762 ὃτι
1366 707 1428 759 τά
1468 705 1916 779 πεπραγμίναςέν
1956 701 2027 762 οἷς
2069 705 2101 760 ἠ

544 801 732 858 ἀσεϐής
780 801 930 856 ἐκείνη
984 800 1218 856 ἐπιστολή
1261 799 1581 870 περιέχεται.
1612 800 1716 864 οὐχ
1762 795 2100 848 ὑποτέτακται

543 900 648 951 τοῖς
672 893 990 952 αὐθεντικοῖς,
1016 887 1088 948 οἷς
1117 889 1162 942 οἱ
1202 890 1463 942 ἐπίσκοποι
1496 888 1814 958 ὑπέγραψαν,
1843 882 1908 936 ὧν
1933 887 2014 937 καί
2037 885 2102 936 τά

545 981 768 1034 ίσότυπα
796 982 1072 1040 αὐθεντικά,
1107 977 1155 1031 ἔν
1175 999 1229 1032 τε
1347 977 1601 1047 ὴιωτάτη
1628 974 1858 1046 έκγλησίᾳ
1881 972 2096 1041 Ῥώμης,

545 1074 625 1126 καί
653 1073 701 1123 iv
811 1069 1344 1132 κωνσταντινουπόλει,
1375 1072 1454 1120 καί
1482 1069 1530 1119 ἐν
1572 1074 1644 1137 τῷ
1683 1067 1797 1134 θείῳ
1823 1067 1963 1134 ἡμῶν
2001 1084 2103 1116 πα-

543 1159 695 1228 λατίῳ
717 1159 1150 1228 παραδεδώκασιν.
1177 1159 1313 1210 Ἐπεί
1333 1164 1436 1210 τοίν
1450 1178 1496 1209 ,ν
1517 1155 1763 1210 δείκνυται
1781 1154 2101 1220 πανταχόθεν

544 1251 712 1308 πάσης
756 1250 990 1306 ἀσεϐείας
1015 1249 1378 1320 πεπληρωμένη
1408 1249 1437 1302 ἠ
1467 1248 1590 1302 αὐτή
1621 1245 1811 1302 ἀσεϐὴς
1839 1244 2096 1304 ἐπιστολή,

545 1341 622 1391 καί
649 1339 846 1391 ἐναντία
873 1333 1007 1390 οὖσα
1032 1345 1137 1396 τοῖς
1166 1337 1430 1406 ὁρισθεῖσιν
1453 1336 1553 1390 ὑπὸ
1578 1342 1668 1392 τῆς·
1709 1333 1856 1404 ἁγίας
1885 1334 1933 1385 ἐν
1969 1337 2102 1386 Χαλ-

545 1425 712 1482 κηδόνι
752 1426 982 1483 συνόδου.
1011 1429 1055 1478 oi
1095 1423 1284 1482 ταύτην
1325 1425 1547 1494 λέγοντες
1587 1425 1825 1495 δεδέχθαι
1868 1426 1967 1478 ὑπὸ
2011 1433 2102 1484 τῆς

545 1516 692 1584 ἁγίας
717 1517 766 1568 iv
788 1513 1056 1570 Χαλκηδόνι
1081 1515 1293 1568 συνόδου
1313 1557 1327 1577 ,
1361 1519 1417 1568 οὗ
1446 1516 1589 1584 μόνον
1613 1523 1704 1573 τήν
1731 1517 1914 1568 οἰκείαν
1951 1535 2101 1568 κακο-

545 1601 709 1665 δοξίαν
754 1603 1125 1666 σπουδάζουσιν
1169 1603 1388 1666 ἐκδικεῖν,
1415 1605 1534 1656 ἀλλά
1560 1607 1644 1656 καί
1683 1604 1829 1678 ὕϐριν

2201 439 2362 498 atque
2389 446 2459 485 ex
2485 430 2676 485 divinis
2719 430 2914 486 litteris
2952 431 3140 486 hausta
3167 433 3394 487 obscura
3422 448 3554 488 esse
3589 435 3784 491 videa-

2201 525 2304 572 tur.
2331 518 2504 589 Atque
2523 519 2636 574 haec
2661 519 2878 587 quidem
2905 519 2972 574 de
3000 518 3089 573 Iba
3110 529 3268 588 atque
3315 521 3482 590 impia
3530 523 3632 576 illa
3671 525 3783 596 epi-

2199 607 2334 660 stola
2361 607 2412 660 in
2444 608 2708 677 aliquibus
2739 607 2888 662 libris
2913 619 3245 678 perscrutata
3267 612 3647 680 reperiuntur.

2269 695 2506 764 Namque
2534 710 2711 764 operae
2738 697 2968 766 pretium
3007 708 3089 752 est
3130 707 3190 752 ιιι
3215 700 3400 754 sciatis
3442 711 3579 756 acta
3622 717 3693 758 ea
3731 701 3783 756 in

2198 777 2390 855 quib-us
2419 786 2579 855 impia
2610 786 2699 840 illa
2739 787 3045 841 continetur
3068 789 3314 858 epistcla.
3354 792 3590 847 minime
3635 809 3780 875 con.»

2198 875 2357 944 plecti
2384 875 2438 928 in
2460 875 2784 929 authenticis
2817 875 2884 931 iis
2918 877 3112 946 quibus
3158 879 3396 949 episcopi
3438 882 3778 952 subscripse-

2199 977 2344 1031 runt,
2373 979 2600 1034 quorum
2638 965 2948 1019 authentica
2981 968 3308 1037 exemplaria
3342 970 3396 1022 in
3433 975 3778 1028 sanctissima

2201 1053 2440 1107 Romana
2488 1053 2724 1108 Ecclesia
2762 1062 2818 1108 et
2861 1055 2916 1108 in
2958 1054 3556 1128 ConstantinOpolitica,
3624 1073 3777 1132 atque

2201 1144 2361 1197 etiam
2386 1143 2440 1196 in
2467 1158 2623 1198 sacro
2649 1151 2833 1198 nostro
2860 1144 3062 1213 palatio
3089 1155 3297 1202 servata
3325 1157 3468 1202 sunt.
3510 1151 3775 1216 Quoniam

2201 1233 2361 1300 igitur
2398 1233 2630 1300 undique
2659 1232 2995 1287 manifestum
3024 1243 3106 1290 est
3141 1235 3359 1306 impiam
3402 1254 3528 1293 eam
3573 1242 3772 1310 episto-

2203 1321 2306 1376 lam
2336 1321 2481 1375 omni
2511 1321 2788 1390 iniquitate
2814 1322 3064 1377 refertam
3093 1339 3228 1390 esse,
3259 1329 3578 1397 sanctisque
3613 1346 3773 1386 sata:

2201 1409 2651 1472 Chalcedonensis
2677 1409 2865 1480 synodi
2893 1410 3287 1468 definitionibus
3325 1415 3632 1486 adversari,
3661 1420 3772 1474 reli-

2201 1513 2364 1568 quum
2391 1508 2472 1554 est
2499 1508 2557 1554 ut
2584 1501 2676 1568 qui
2701 1501 2932 1556 dixerint
2975 1502 3143 1572 ipsam
3177 1505 3232 1558 in
3265 1519 3453 1561 sancta
3477 1507 3770 1564 Chalcel-o-

2203 1588 2354 1642 nensi
2373 1588 2576 1669 synodo
2605 1589 2887 1653 contineri,
2919 1591 2957 1644 ii
2986 1607 3091 1646 non
3121 1593 3281 1648 modo
3307 1597 3596 1666 propriam
3621 1601 3770 1654 tutari

546 1695 667 1768 ἁγίᾳ
693 1695 886 1763 συνόδῳ
924 1697 1258 1771 προσάπτειν.
1285 1697 1358 1748 Τά
1384 1698 1482 1767 γάρ
1507 1695 1752 1765 ὣχθέντα
1775 1697 1856 1748 καί
1885 1695 2091 1763 βεϐαιω-

2205 1681 2462 1735 malitiam
2483 1683 2626 1736 omni
2656 1691 2852 1736 conatu
2885 1683 3017 1737 eniti
3042 1693 3400 1751 censeantur;
3437 1701 3634 1740 verum
3657 1689 3772 1742 insi.

545 1784 687 1840 θέντα
715 1787 855 1856 παρὰ
881 1793 970 1844 τῆς
998 1785 1416 1853 μνημονευθείσης
1436 1785 1582 1856 άγίας
1606 1784 1837 1848 συνόδου,
1861 1786 2104 1852 ὀνομαστί

546 1875 596 1928 iv
622 1882 692 1942 τῷ
717 1875 840 1948 παρ’
867 1877 1024 1934 αὐτῆς
1049 1873 1298 1944 δεδομένῳ
1324 1877 1441 1950 περὶ
1467 1883 1557 1934 τῆς
1581 1877 1800 1934 πίστεως
1825 1871 1926 1947 ὅρῳ
1963 1893 2103 1948 πεμ-

545 1963 740 2032 έχεται.

614 2145 873 2195 Γινώσκειν
912 2141 963 2195 δέ
1009 2143 1144 2211 ὑμᾶς
1184 2143 1459 2212 βουλόμεθα
1483 2183 1498 2206 ,
1545 2140 1625 2196 ὅτι
1655 2145 1738 2194 καί
1773 2140 2100 2218 Θεοδὼριτος,

545 2229 714 2290 έπειδή
735 2233 864 2288 κατά
888 2239 984 2286 τῶν
1019 2230 1213 2286 δώδεκα
1251 2232 1520 2300 κεφαλαίων
1547 2237 1638 2286 τοῦ
1664 2231 1713 2283 έν
1742 2231 1902 2302 ἁγίοις
1929 2232 2100 2302 κυρίλ·

545 2318 630 2376 λου
663 2321 882 2394 ἔγραψε,
912 2325 1208 2396 Νεστόριον,
1237 2326 1320 2376 καί
1348 2328 1437 2380 τήν
1469 2324 1621 2375 αὐτοῦ
1653 2321 1943 2385 κακοδοξίαν
1968 2323 2104 2377 έκδι-

546 2419 658 2468 κῶν.
689 2415 818 2482 μετά
860 2414 944 2465 τόν
991 2409 1107 2486 ὅρον
1149 2420 1241 2469 τῆς
1286 2412 1332 2463 ἐν
1378 2408 1650 2466 Χαλκηδόνι
1697 2408 1842 2480 ἁγίας
1887 2409 2100 2464 συνέδου

547 2503 799 2559 συνωθήθη
819 2543 833 2566 ,
872 2509 1072 2570 πρῶτον
1107 2503 1196 2572 μέν
1232 2500 1586 2569 άναθεματίσαι
1621 2501 1878 2570 Νεστόριον
1906 2501 1991 2552 καί
2013 2505 2102 2557 τὴν

545 2591 780 2644 άσέέειαν
805 2595 893 2646 τὴν
934 2591 1110 2652 αὑτοῦ,
1140 2591 1220 2641 καὶ
1249 2585 1552 2658 όμολοῂσαι
1593 2584 1814 2640 θεοτόκον
1841 2591 1930 2644 τὴν
1955 2586 2100 2658 άγάν

545 2676 736 2741 ἔνδοξον
783 2679 1100 2750 άειπάρθενον
1143 2677 1346 2743 Μαρίαν,
1391 2677 1474 2728 καί
1513 2675 1672 2733 οὕτως
1713 2673 1918 2744 ἐδέχθη.
1961 2671 2102 2728 Ὀθεν

545 2770 628 2820 καί
655 2764 796 2826 Ἴϐας
826 2769 908 2821 καί
957 2765 1260 2842 Θεοδὼριτος
1284 2769 1387 2836 οὺχ
1417 2768 1484 2826 ὡς
1521 2763 1808 2820 διδάσκαλοι
1841 2769 1920 2819 καί
1947 2767 2102 2821 πατέ-

545 2876 646 2928 ρες,
663 2857 766 2909 ἀλλ’
788 2857 856 2914 ὡς
879 2862 1251 2924 μετανοοῦντες,
1269 2858 1353 2909 καί
1377 2857 1820 2927 ἀναθεματίζοντες
1847 2861 1936 2914 τήν
1963 2876 2101 2910 κακο-

543 2944 723 3008 δοξίαν.
756 2947 885 3021 ὑπὲρ
909 2943 968 3008 ἧς
994 2947 1420 3021 κατηγορήθησαν,
1445 2949 1527 2998 καὶ
1564 2943 1823 3014 δεξάμενοι
1863 2947 1951 3002 τόν
1981 2944 2100 3018 ὅρον

2203 1783 2361 1839 gnem
2388 1787 2601 1841 quoque
2625 1782 2807 1828 sancto
2835 1774 3064 1828 concilio
3092 1775 3296 1829 faciant
3321 1775 3600 1845 injuriam.
3631 1779 3769 1844 Qu-

2203 1879 2414 1932 cunque
2454 1866 2596 1919 enim
2623 1867 2918 1934 approbata
2956 1875 3115 1936 atque
3142 1867 3456 1924 confirmata
3497 1886 3534 1926 a
3573 1887 3766 1928 memo-

2201 1961 2318 2006 rata
2363 1962 2548 2008 sancta
2593 1955 2797 2026 synodo
2839 1963 2981 2020 sunt,
3025 1971 3090 2010 ea
3137 1958 3316 2011 omnia
3363 1959 3681 2015 nominatim
3721 1962 3764 2016 in

2206 2041 2323 2096 ﬁdei
2351 2042 2658 2099 definitione
2685 2045 2752 2099 ab
2777 2045 2892 2114 ipsa
2923 2047 3117 2104 tradita
3143 2049 3510 2104 continentur.

2271 2133 2526 2188 Volumus
2545 2144 2722 2189 autem
2743 2137 2893 2190 vobis
2917 2136 3074 2191 simul
3093 2147 3360 2204 constare,
3391 2138 3763 2195 Theodorittm.

2201 2238 2432 2293 quoque,
2461 2234 2742 2296 postquam
2775 2226 3031 2283 adversus
3057 2228 3340 2283 duodecim
3377 2233 3558 2285 sancti
3597 2233 3764 2304 Cyrilli

2202 2315 2378 2382 capita
2423 2315 2684 2370 calamum
2735 2317 3152 2386 perstrinxisset,
3202 2319 3506 2375 Nestorium
3555 2323 3763 2392 ejusque

2200 2403 2517 2472 pravitatem
2541 2404 2932 2470 defendentem,
2959 2415 3080 2476 post
3114 2417 3312 2463 sanctae
3349 2411 3544 2480 synodi
3587 2412 3762 2467 delini-

2203 2491 2402 2545 tionem
2436 2491 2492 2545 id
2527 2491 2776 2548 habuisse
2795 2494 2869 2556 ,in
2895 2496 3181 2560 mandatis,
3229 2499 3404 2566 primo
3450 2503 3670 2568 quidem
3713 2511 3760 2556 ut

2201 2579 2672 2635 anathematizaret
2694 2581 3020 2650 Nestorium,
3044 2593 3389 2655 sanctamque
3410 2596 3464 2642 et
3480 2589 3764 2656 gloriosam

2200 2681 2413 2738 semper
2439 2669 2698 2738 virginem
2735 2669 2956 2726 Mariam
2991 2673 3274 2742 Deiparam
3317 2675 3684 2743 confiteretur.
3716 2691 3762 2736 et

2199 2757 2428 2826 idipsnm
2481 2768 2765 2814 exsecutus
2809 2770 2910 2816 est.
2955 2761 3133 2828 Quare
3192 2763 3314 2820 [bas
3365 2768 3571 2834 pariter
3599 2777 3759 2839 atque

2201 2845 2572 2914 Theodoritus,
2609 2864 2715 2904 non
2748 2851 2912 2905 veluti
2933 2854 3172 2921 magistri
3215 2864 3309 2909 aut
3335 2855 3547 2921 Patres,
3577 2860 3674 2914 sed
3697 2869 3754 2915 ιιι

2199 2935 2538 3003 pmnitentcs,
2570 2945 2624 2990 et
2654 2939 2984 3006 perniciosas
3022 2945 3317 2998 sententias
3343 2945 3678 3005 detestantes
3701 2951 3764 3006 de

541 3041 630 3092 τῆς
657 3035 706 3086 iv
730 3031 1000 3090 Χαλκηδόνι
1039 3031 1276 3094 συνόδου,
1313 3036 1395 3086 καί
1432 3033 1818 3106 ὑπογράψαντες
1851 3035 1901 3086 iv
1925 3035 2090 3102 αὐτῷ,

2199 3021 2390 3090 quibus
2417 3023 2626 3078 fuerant
2648 3029 2904 3096 accusati,
2931 3039 3092 3100 atque
3132 3031 3502 3090 definitionem
3543 3037 3758 3096 Chalce

539 3119 838 3190 ἐδέχθησαν.
875 3117 1067 3180 Ἐπειδή
1107 3120 1215 3180 ἔθος
1257 3123 1391 3178 έστίν
1433 3124 1482 3174 ἓν
1505 3130 1568 3194 τῇ
1602 3123 1829 3194 καθολικῇ
1857 3121 2093 3198 ἐκκλησίᾳ

538 3209 766 3270 ἅπαντας
794 3211 912 3270 τούς
938 3212 1216 3284 αἱρετικοῦς
1236 3219 1325 3270 τῆς
1351 3212 1527 3267 οἰκείας
1555 3211 1742 3270 πλάνης
1772 3213 2094 3286 ἀναχωροῦν-

538 3320 649 3359 τας,
671 3303 754 3352 καί
775 3301 900 3372 πρὸς
925 3306 1014 3356 την
1037 3297 1292 3374 όρθόδοξον
1315 3300 1603 3358 ἐπανιόντας
1629 3303 1822 3364 πίστιν,
1849 3299 2091 3371 δεχθῆναι

538 3393 606 3450 εἰς
653 3394 924 3454 κοινωνίαν,
967 3393 1028 3442 οὺ
1073 3394 1168 3460 μὴν
1217 3392 1284 3448 ὡς
1331 3387 1659 3448 διδασκάλους
1707 3399 1819 3450 τοῖς
1859 3391 2091 3466 πατράσι

538 3483 955 3554 συναριθμεῖσθαι.
998 3477 1142 3534 Ὀθεν
1176 3485 1257 3535 καί
1282 3483 1400 3542 τοὺς
1438 3478 1611 3543 ἄλλους
1639 3485 1954 3544 ἀνατολικόὼς
1982 3487 2091 3541 ἐπι-

539 3572 793 3634 σκόπους,
837 3573 882 3624 οῗ
922 3592 1052 3632 τινες
1093 3572 1356 3646 Νεστόρινν
1399 3571 1701 3634 έκδικοῦντες
1746 3577 1982 3629 ἀντεῖπον
2027 3585 2088 3650 τῇ

539 3663 712 3734 πρώτῃ
758 3667 803 3714 ἕν
843 3659 1024 3732 Ἐφέσῳ
1070 3661 1286 3733 συνόδῳ,
1315 3667 1396 3718 καί
1441 3672 1512 3736 τῷ
1551 3667 1598 3717 έν
1643 3665 1803 3736 ἁγίοις
1849 3669 2084 3742 Κυρίλλῳ,

530 3751 706 3809 ἔπειδὴ
733 3755 860 3820 μετά
897 3760 1062 3808 ταῦτα
1105 3755 1367 3826 Νεστὸριον
1405 3758 1486 3810 καί
1543 3761 1627 3814 τὴν
1655 3755 1938 3821 κακοδοξίαν
1965 3761 2084 3812 ἀνε-

535 3847 808 3914 θεμάτισαν
833 3851 922 3904 τήν
954 3848 1132 3911 αὐτοῦ,
1161 3845 1355 3910 ἐδέξατο
1382 3846 1408 3900 ό
1433 3849 1562 3902 κατά
1589 3847 1773 3916 Ῥώμην
1811 3851 2086 3905 ἀποστολι-

534 3934 618 3992 κός
644 3935 831 4008 Θρόνος,
857 3935 989 3989 καὶὸ
1021 3935 1068 3987 iv
1095 3936 1254 4006 ἁγίοις
1279 3937 1526 4014 κυριλλος,
1553 3940 1634 3991 καί
1661 3935 1744 3992 διὰ
1772 3945 1923 3996 τοῦτο
1949 3943 2030 3998 καί
2056 3943 2086 3998 ἡ

532 4023 653 4095 ἆγία
677 4030 763 4080 τοῦ
791 4032 916 4080 Θεοῦ
946 4025 1182 4083 ἐκκλησία
1205 4023 1412 4095 δέχεται
1440 4028 1640 4086 αὐτούς.

599 4263 873 4347 Καίίτοῦτο
917 4289 970 4346 δέ
1013 4297 1146 4365 ὑμᾶς
1183 4291 1359 4348 εἰδέναι
1395 4293 1682 4366 βουλόμεθα,
1709 4295 1786 4352 ὅτι
1829 4301 1888 4351 οὗ
1939 4299 2082 4368 μόνον

2193 3109 2445 3168 donensis
2483 3117 2672 3184 synodi
2718 3119 2967 3188 amplexi,
3012 3122 3218 3191 ipsique
3257 3127 3679 3194 subscribentes,
3709 3131 3756 3184 ia

2191 3216 2258 3256 ea
2295 3205 2498 3274 recepti
2535 3214 2685 3272 sunt;
2715 3223 2837 3263 cum
2876 3210 2928 3263 in
2975 3209 3216 3268 Ecclesia
3263 3215 3534 3272 catholica
3580 3220 3652 3273 sit
3691 3221 3743 3273 in

2191 3307 2343 3346 more
2375 3295 2604 3362 positum
2644 3295 2926 3353 haereticos
2966 3301 3058 3368 qui
3099 3304 3380 3372 proprium
3416 3317 3759 3363 exsecrentur

2190 3397 2428 3437 errorem
2449 3385 2517 3440 ad
2538 3385 3000 3458 orthodoxamque
3020 3389 3174 3445 fidem
3187 3402 3549 3461 revertantur,
3572 3399 3758 3468 suscipi

2189 3471 2245 3525 in
2273 3474 2726 3539 communionem,
2754 3491 2862 3531 non
2885 3487 3064 3533 autem
3093 3481 3254 3536 veluti
3281 3485 3569 3552 magistros
3595 3485 3758 3542 Patri-

2187 3561 2286 3616 bus
2314 3566 2704 3622 connumerari.
2727 3565 2912 3636 Itaque
2937 3569 3070 3625 alios
3111 3571 3274 3625 etiam
3317 3573 3621 3630 Orientales
3653 3578 3758 3648 epi-

2187 3660 2400 3721 scopos,
2429 3669 2654 3722 quorum
2684 3655 2898 3725 quidam
2935 3673 2964 3712 a
3007 3657 3237 3715 Nestorii
3264 3665 3508 3730 partibus
3534 3674 3756 3734 stantes,

2186 3742 2354 3812 priori
2375 3742 2654 3812 Ephesina:
2695 3745 2899 3816 synodo
2939 3759 3229 3818 sanctoque
3256 3750 3460 3822 Cyrillo
3496 3757 3754 3811 contradi-

2189 3840 2397 3896 xerant,
2445 3848 2566 3888 cum
2613 3843 2801 3902 postea
2855 3837 3137 3892 anathema
3179 3838 3443 3897 dixissent
3496 3842 3758 3910 Nestorio,

2187 3943 2552 3998 perversaeque
2607 3931 2773 3998 ipsius
2825 3934 3126 4002 sententia),
3168 3937 3468 4004 apostolica
3519 3939 3760 3995 Romana

2186 4019 2342 4075 sedes
2361 4028 2684 4090 sanctusque
2704 4019 2933 4090 Cyrillus
2971 4023 3024 4076 in
3065 4027 3498 4082 communionem
3537 4044 3759 4099 recepe-

2187 4119 2332 4174 runt,
2365 4118 2526 4179 atque
2551 4117 2834 4180 propterea
2863 4112 2931 4167 ab
2957 4121 3140 4169 sancta
3169 4113 3266 4170 Dei
3305 4113 3549 4172 Ecclesia
3576 4133 3760 4174 susce-

2165 4267 2168 4271 ὓ
2185 4200 2265 4268 pti
2279 4199 2666 4268 intelliguntur.

2258 4290 2317 4345 ld
2343 4297 2523 4344 autem
2543 4305 2576 4344 a
2593 4290 2748 4345 vobis
2772 4290 2934 4345 etiam
2960 4291 3308 4349 animadverti
3335 4295 3608 4364 cupimus,
3655 4312 3758 4352 non

530 4377 674 4440 ἰϐας
724 4387 810 4436 καὶ
859 4382 1160 4456 Θεοδὼριτος
1207 4383 1290 4439 διὰ
1335 4387 1394 4440 τό
1439 4389 1685 4441 ἀντειπεῖν
1729 4394 1836 4446 τοῖς
1899 4377 2334 4447 δὼδεκαΒῙδθω
2365 4387 2571 4433 tantum
2617 4387 2672 4433 ει
2709 4377 3088 4435 Τδθοάοτίιυιη
3117 4382 3187 4436 οι)
3215 4392 3523 4452 ορρυειιδιε
3569 4386 3758 4441 δυοδε-

531 4468 806 4539 κεφαλαίοις
841 4475 926 4522 τοῦ
957 4471 1004 4520 ἐν
1039 4470 1198 4540 ἁγίοις
1243 4472 1475 4544 κυρίλλου
1498 4473 1822 4534 ἐξεϐλήθησαν
1857 4483 1948 4534 τῆς
1975 4476 2086 4530 ἑπι-

529 4567 742 4618 σκοπῆς.
781 4559 902 4612 ἀλλὰ
941 4561 1024 4611 καί
1048 4558 1280 4628 Δὸμνοςό
1320 4557 1627 4630 ’Δντιοχείας
1675 4563 2084 4636 ἀρχιεπίσκοπος

529 4645 612 4701 διά
631 4653 779 4700 τοῦτο
805 4647 1152 4710 κατεδικάσθη,
1172 4650 1239 4708 ὡς
1260 4648 1464 4722 γράψας
1493 4651 1690 4721 ὀφείλειν
1715 4651 1862 4719 μόνον
1883 4673 2082 4711 σιωπη-

527 4740 666 4794 θῆναι
706 4739 772 4791 τά
815 4740 940 4792 αὐτά
981 4737 1170 4793 δώδεκα
1218 4740 1478 4812 κεφάλαια⁶
1524 4742 1581 4798 ἦν
1627 4763 1737 4796 τινα
1785 4743 2082 4819 κατάκρισιν

529 4830 653 4883 κατά
698 4829 882 4898 Δόμνου
929 4833 1205 4902 γεναμένην,
1237 4836 1316 4887 καὶ
1355 4835 1486 4902 μετά
1530 4835 1734 4888 θάνατον
1779 4839 1938 4890 αὑτοῦ
1973 4839 2003 4896 ἡ
2029 4841 2081 4892 iv

528 4918 789 4976 Χαλκηδόνι
813 4920 1023 4980 σύνοδος
1064 4921 1264 4984 έδέξατό
1303 4943 1356 4976 τε
1399 4927 1481 4976 καί
1519 4924 1837 4979 έϐεϐαίωσεν.
1885 4925 2000 4980 Ὀτι
2027 4925 2078 4981 δέ

525 5015 674 5064 τοῦτο
701 5011 870 5069 ἀληθές
911 5011 1041 5073 ἔστι,
1068 5014 1149 5064 καί
1175 5013 1328 5072 αὐτὸς
1369 5011 1674 5088 Θεοδῶριτος
1711 5017 1838 5091 πρός
1864 5013 2078 5074 Ἰωάννην

523 5100 606 5155 τὸν
631 5103 950 5176 Γερμανικίας
975 5103 1248 5156 ἐπίσκοπον
1269 5113 1518 5180 μαρτυρεῖ
1530 5105 1730 5179 γράφων
1757 5105 1942 5165 οὗτωςτ
1978 5123 1997 5156 t
2021 5109 2080 5160 Τί

523 5185 707 5248 δήποτε
735 5193 820 5243 καί
849 5199 1114 5262 προφανῶς
1138 5190 1427 5261 ⁴ψεύδονται.
1452 5199 1534 5249 καί
1565 5215 1691 5265 φασι
1729 5193 1972 5264 μηδεμίαν
1995 5215 2078 5266 γε·

520 5281 753 5350 γενῆσθαι
793 5286 912 5358 περί
953 5281 1116 5356 δόγμα
1165 5290 1510 5356 καινοτομίανς
1560 5287 1643 5342 διά
1685 5292 1862 5350 ποίους
1901 5289 2078 5362 φόνους

521 5372 604 5424 καί
629 5375 858 5442 γοητείας
886 5373 1113 5435 ίξηλάθην
1151 5375 1274 5446 έγώς
1303 5375 1329 5429 ό
1356 5376 1493 5430 δεῖνα
1513 5379 1648 5438 τίνας
1673 5380 1911 5448 μοιχείας
1938 5379 2074 5432 ἐτόλ-

517 5477 684 5527 μησα
712 5466 889 5522 ποίους
915 5463 942 5516 ὁ
965 5463 1092 5518 δεῖνα
1113 5463 1320 5537 διώρυξε
1344 5469 1556 5536 τάφουςς
1577 5466 1720 5526 δῆλόν
1740 5470 1847 5522 ἐστι
1866 5471 1952 5522 καί
1972 5477 2074 5528 τοῖς

523 5547 819 5621 βαρϐάροις
850 5552 1122 5624 παρακαλῶ
1148 5549 1265 5619 (sic)
1291 5555 1355 5610 ὡς
1380 5551 1637 5622 δογμάτων
1664 5556 1819 5628 χάριν
1839 5557 1969 5625 κάμέ
1992 5559 2072 5610 καί

523 5635 638 5690 τοὺς
662 5631 834 5696 ἄλλους
862 5640 1112 5701 ἐξήλασαν.
1143 5643 1232 5693 καί
1264 5644 1361 5712 γάρ
1384 5645 1466 5698 τόν
1494 5645 1661 5709 κύριον
1687 5645 1882 5716 Δὸμνον,
1914 5647 1981 5707 ὡς
2006 5648 2072 5702 τά

2190 4469 2293 4525 cim
2322 4483 2385 4524 ea
2405 4469 2577 4525 sancti
2609 4469 2795 4539 Cyrilli
2830 4471 3006 4540 capita
3034 4469 3195 4528 fuisse
3220 4472 3290 4528 ab
3319 4474 3637 4544 episcopatu
3663 4476 3757 4532 de-

2181 4559 2376 4629 iectos,
2398 4575 2582 4614 verum
2609 4560 2874 4616 Domnum
2901 4576 3114 4632 quoque
3139 4563 3558 4621 Antiochensetn
3585 4568 3759 4624 archi-

2185 4659 2490 4728 episcopum
2533 4657 2989 4714 condemnationis
3039 4662 3264 4718 subiisse
3296 4662 3589 4731 judicium,
3631 4679 3758 4734 pro-

2185 4755 2374 4816 pterea
2419 4746 2566 4817 quod
2614 4747 2938 4817 scripsisset,
2980 4749 3233 4817 expedire
3261 4759 3322 4804 ut
3356 4750 3651 4807 duodecim
3695 4767 3758 4806 ea

2185 4835 2360 4904 capita
2387 4835 2597 4891 silentio
2616 4845 3007 4905 premerentur;
3045 4836 3190 4906 quod
3212 4837 3472 4906 judicium
3507 4841 3558 4894 in
3592 4841 3754 4896 Dom-

2185 4939 2313 4978 num
2343 4923 2661 4990 institutum,
2691 4925 2926 4996 synodus
2947 4924 3414 4991 Chalcedonensis,
3442 4943 3512 4982 eo
3537 4945 3756 5000 quoque

2184 5028 2216 5069 e
2262 5015 2395 5069 vivis
2435 5015 2663 5080 sublato,
2720 5017 2966 5086 probavit
3011 5025 3173 5086 atque
3225 5019 3580 5075 confirmavit.
3627 5023 3754 5081 Ha:

2181 5118 2344 5172 porro
2391 5105 2666 5159 verissima
2709 5120 2858 5172 esse,
2904 5116 3065 5177 atque
3106 5109 3179 5163 ita
3216 5109 3674 5177 quemadmodum
3717 5131 3756 5170 a

2181 5192 2334 5247 nobis
2361 5194 2602 5262 exposita
2630 5203 2776 5260 sunt,
2817 5210 2876 5250 se
2903 5194 3098 5251 habere
3143 5198 3368 5266 ipsemet
3395 5199 3758 5260 Theodori":

2185 5291 2410 5338 testatur
2436 5284 2488 5338 in
2514 5285 2738 5355 epistola
2765 5285 2833 5340 ad
2857 5285 3116 5343 Joannem
3150 5289 3502 5347 Germanicis:
3541 5295 3756 5362 episco-

2181 5390 2307 5445 pum
2330 5374 2442 5429 hmc
2460 5375 2725 5430 scribens:
2745 5393 2764 5427 t
2783 5376 2920 5442 Quid
2939 5379 3081 5433 enim
3105 5379 3310 5448 profani
3331 5383 3676 5439 mentiuntur
3693 5399 3757 5438 ac

2179 5465 2382 5530 dicunt,
2423 5465 2622 5520 nullam
2657 5465 2802 5521 circa
2843 5466 3091 5535 dogmata
3131 5485 3325 5524 novam
3379 5471 3580 5526 factam
3635 5488 3758 5530 esse

2177 5553 2499 5611 sectionem?
2515 5563 2741 5626 propter
2765 5570 2900 5624 quas
2925 5557 3099 5614 ctedes
3130 5559 3308 5626 igitur,
3337 5561 3451 5616 sive
3479 5563 3757 5634 praestigia

2175 5644 2424 5714 expulsus
2469 5659 2568 5714 ego
2615 5648 2770 5703 sum?
2817 5663 3073 5718 quasnam
3114 5651 3374 5709 mmehiaa
3418 5657 3756 5724 perpetravit
