3924 6294
217 334 352 401 1089

941 322 1302 381 EPISTULA
1340 323 1736 385 ADVERSUS
1770 325 2247 384 TIIEODORUM
2284 324 2700 386 MOPSUEST.

3299 336 3434 403 1090

208 454 443 528 κεφάλαια
469 458 538 524 μή
578 453 832 522 δεξάμενον
865 455 1081 509 καθεῖλον
1113 455 1158 508 οἱ
1187 453 1439 525 βέλτιστοι
1478 450 1776 520 πανεύφημα

1897 447 2178 514 [uispiatn?
2203 461 2442 515 quamam
2473 449 2590 517 quis
2611 449 2852 518 sepulcra
2890 448 3183 518 pervertit?
3211 448 3302 503 sed
3330 464 3430 505 no-

208 551 371 602 τσῦτα
399 544 717 607 καλέσαντες,
754 547 837 598 καὶ
860 543 1081 616 ἐμμένειν
1109 547 1305 602 τούτοις
1349 541 1764 611 ὁμολογήσαντες.

207 637 326 704 Ἐγὼ
349 637 446 706 γάρ
486 635 650 688 αύτῶν
680 636 772 693 τάς
801 637 1091 695 καταθέσεις
1123 637 1332 705 ἀνέγνων
1351 673 1363 694 ,
1395 634 1478 701 ἐμὲ
1507 629 1557 684 δέ
1584 633 1649 688 ὡς
1678 639 1767 688 τῆς

209 725 445 796 αἱρέσεως
463 721 686 798 ἔξαρχον
713 726 1047 798 ἀπεκήρυξαν.
1072 724 1150 778 Ἐκ
1172 727 1361 778 τούτων
1385 725 1550 776 τοίνυν
1573 720 1765 774 δείκνυ-

209 834 309 879 ται,
337 812 412 867 ὅτι
440 810 523 867 διὰ
553 816 616 867 τά
644 816 880 882 κεφάλαια
901 824 991 870 τοῦ
1021 817 1067 868 ἐν
1106 817 1266 888 ἁγίοις
1294 814 1524 888 Κυρίλλου
1548 814 1612 866 τά
1641 813 1766 863 κατά

208 904 479 974 Νεστορίου
509 905 834 975 προτεθέντα,
864 909 945 958 καὶ
989 905 1190 978 Δόμνςς,
1221 908 1302 956 καὶ
1338 904 1492 962 αὑτός
1527 900 1770 971 Θιοδώρι-

209 1009 314 1051 τος,
356 993 438 1044 καὶ
480 988 644 1054 Ἴδας,
676 995 762 1046 καί
808 991 946 1046 ἄλλοι
987 998 1114 1052 τινὲς
1158 994 1504 1056 ἐξεϐλήθησαν·
1545 993 1628 1042 καί
1655 998 1774 1042 Θεο-

211 1078 415 1147 δῶριτον
460 1085 568 1152 μὲν,
598 1087 682 1136 καί
715 1081 858 1137 Ἴδαν
897 1085 1341 1154 μεταμεληθέντας,
1375 1086 1457 1135 καί
1483 1080 1773 1149 δεξαμένους

212 1170 277 1224 τὰ
312 1172 704 1241 μνημονευθὲντα
749 1173 1003 1242 κεφάλαια,
1034 1177 1118 1226 καὶ
1156 1175 1221 1225 τά
1263 1169 1406 1228 ἄλλα,
1436 1168 1549 1223 δι’όὶ
1580 1168 1775 1230 ἐξεϐλή-

213 1259 386 1320 θησαν,
415 1259 444 1314 ἦ
473 1257 589 1328 ἁγία
622 1258 825 1318 σύνοδος
851 1263 879 1316 ἡ
909 1262 957 1314 ἐν
984 1259 1254 1317 Χαλκηδόνι
1299 1259 1516 1322 ἐδέξατο.
1548 1259 1606 1310 Oi
1639 1255 1776 1312 ἄλλοι

214 1343 266 1398 δέ
309 1345 353 1397 οἱ
393 1350 460 1415 μὴ
503 1350 915 1416 μεταμεληθέντες
958 1351 1047 1401 οὐκ
1083 1348 1398 1417 ἐδέχθησαν·
1430 1349 1458 1404 ἡ
1489 1345 1539 1400 δέ
1584 1347 1772 1414 Δόμνου

217 1437 506 1509 κατάκρισις
530 1438 611 1488 καί
637 1439 764 1506 μετὰ
791 1438 994 1490 θάνατον
1021 1439 1175 1491 αὐτοῦ
1198 1437 1492 1492 ἐϐεϐαιώθη.

1874 545 1986 589 tum
2011 536 2138 606 ipsis
2165 550 2377 604 quoque
2408 535 2654 590 Barbaris
2676 547 2758 590 est
2781 546 2940 605 atque
2968 539 3325 606 perspicuum,
3347 553 3434 594 me

1875 637 2202 694 caaterosque
2242 627 2546 695 dogmatum
2578 643 2737 682 causa
2778 627 2938 683 fuisse
2973 628 3228 695 dejectos.
3283 627 3433 681 Enim

1873 733 2002 772 vero
2047 717 2318 770 dominum
2365 718 2525 770 etiam
2575 717 2856 785 Dotunum,
2908 728 3156 786 tanquam
3206 719 3434 785 capitula

1874 821 1982 858 non
2007 806 2369 859 admittentem
2399 807 2738 874 expulerunt,
2779 821 2842 859 ea
2872 808 3014 859 omni
3067 806 3220 859 laude
3257 807 3435 872 digna,

1878 895 2062 962 optimi
2089 895 2160 947 illi
2185 905 2458 960 vocantes,
2479 910 2643 963 seque
2678 896 2727 947 in
2759 896 2842 948 his
2871 911 3242 963 permansuros
3277 895 3440 962 proli-

1880 988 2068 1034 tentes.
2101 981 2184 1034 Me
2226 991 2402 1034 autem
2433 983 2520 1049 qui
2553 984 2787 1049 ipsorum
2837 985 3242 1038 constitutiones
3290 984 3436 1049 lege-

1879 1088 2025 1135 rem,
2084 1081 2144 1124 ut
2200 1073 2460 1125 hazreseos
2518 1074 2808 1142 principem
2877 1073 3236 1132 abdicarunt.
3283 1091 3300 1122 ι
3360 1071 3437 1125 Ex

1881 1162 2070 1229 quibus
2119 1169 2300 1228 aperte
2347 1161 2612 1228 colligitur
2676 1163 2744 1215 ob
2799 1163 2967 1216 sancti
3019 1161 3200 1231 Cyrilli
3265 1161 3437 1228 capita

1884 1251 2135 1303 adversus
2163 1249 2460 1302 Nestorium
2484 1251 2775 1318 proglosita,
2793 1259 2846 1304 et
2867 1252 3125 1305 Domuum
3149 1289 3163 1316 ,
3197 1260 3250 1304 et
3274 1250 3315 1303 Τ
3320 1254 3440 1305 heo-

1882 1339 2125 1392 doretum
2158 1337 2345 1406 ipsum,
2379 1337 2621 1401 et-Ibam,
2653 1349 2707 1392 et
2745 1341 3024 1393 nonnullos
3064 1349 3320 1408 praeterea
3349 1339 3440 1394 de—

1883 1429 2122 1482 turbatos
2149 1427 2364 1481 sedibus
2385 1427 2495 1481 suis
2523 1427 2702 1491 fuisse,
2728 1444 2790 1482 ac
2811 1428 3202 1482 Theodoretum
3229 1429 3438 1496 quidem

1880 1528 1934 1572 et
1999 1518 2139 1571 Ibam
2195 1518 2606 1586 resipiscentes,
2655 1529 2814 1587 atque
2861 1531 3151 1574 memorata
3207 1521 3440 1588 capitula

216 1613 524 1683 probantes,
552 1629 615 1669 ac
633 1615 835 1684 reliqua
881 1617 1055 1670 omnia
1093 1632 1318 1685 quorum
1363 1629 1522 1669 causa
1570 1613 1679 1668 suis
1717 1610 1853 1681 pulsi
1891 1608 2102 1663 sedibus
2159 1607 2396 1674 fuerant,
2454 1623 2486 1661 a
2537 1619 2720 1662 sancta
2767 1609 3185 1666 Chalcedonensi
3238 1611 3442 1681 synodo

217 1704 377 1758 fuisse
417 1713 660 1773 receptos

218 1800 324 1846 tem
345 1791 460 1860 ejus
488 1790 648 1848 fuisse
676 1792 1057 1848 conﬁrmatam.

711 1723 723 1757 ε
769 1707 985 1759 minime
1033 1722 1160 1760 vero
1211 1721 1306 1760 eos
1345 1706 1433 1775 qui
1475 1720 1582 1760 non
1635 1705 2008 1772 resipuerant:
2041 1698 2230 1753 Domni
2273 1715 2404 1754 vero
2443 1700 2942 1755 condemnationem
2977 1701 3134 1754 etiam
3156 1708 3276 1770 post
3297 1715 3442 1754 inor-

286 1879 489 1940 Ἐπειδή
515 1881 566 1936 δὲ
596 1883 867 1957 ἐγράψατε,
901 1883 977 1937 ὅτι
1015 1887 1108 1943 τάς
1157 1881 1417 1956 Θεοδώρου
1464 1883 1782 1953 βλασφημίας

1960 1875 2090 1929 Cum
2114 1881 2289 1928 autem
2319 1875 2638 1942 scripseritis
2681 1874 2881 1943 pariter
2923 1875 3187 1928 exsecrari
3228 1889 3258 1927 ει
3295 1875 3444 1930 vobis

219 1975 313 2032 τάς
359 1970 483 2045 παρ’
509 1974 644 2041 ἡμῶν
678 1973 984 2042 πεμφθείσας
1012 1971 1128 2040 ύμῖν
1155 1974 1552 2041 άναθεματίζετε,
1577 1969 1625 2022 εἴ
1649 1990 1782 2028 τινος

223 2056 281 2113 ἂν
309 2055 451 2126 ὦσιν,
473 2060 622 2113 αὐτὸν
643 2058 694 2112 δὲ
716 2059 970 2133 Θεόδωρον
992 2060 1298 2130 ἀμφεϐάλετε
1323 2060 1680 2130 άναθεματίσαι
1699 2056 1782 2110 διά

222 2154 279 2207 τό
306 2150 399 2209 ἤδη
426 2152 823 2224 προτελευτῆσαι
850 2151 993 2204 αὐτὸν
1020 2152 1065 2202 ἐν
1099 2159 1159 2223 τῇ
1206 2153 1448 2222 κοινωνίᾳ,
1477 2152 1542 2208 ὡς
1571 2150 1780 2218 λέγεται,

223 2248 322 2293 τῶν
359 2240 646 2302 ἐκκλησιῶν,
673 2243 935 2310 γινώσκετε
961 2237 1048 2309 [Ρ.
1073 2255 1220 2308 supp.
1254 2236 1352 2307 ὅτι]
1396 2241 1440 2292 οί
1467 2240 1686 2310 λέγοντες
1716 2244 1784 2310 μὴ

225 2330 325 2390 ἐξὸν
343 2324 466 2381 εἶναι
485 2327 732 2405 Θεόδωρον
750 2330 1215 2397 ἀναθεματίζεσθαι,
1231 2328 1348 2381 άλλά
1367 2336 1472 2387 τοῖς
1494 2327 1785 2386 ἐπισκόποις·

227 2421 656 2492 συναριθμεῖσθαι,
688 2419 856 2476 ἐπειδὴ
883 2421 932 2471 ἐν
959 2427 1020 2493 τῇ
1058 2423 1302 2492 κοινωνίᾳ,
1333 2421 1489 2477 καθώς
1533 2421 1782 2491 εἰρήκατε,

225 2517 317 2567 τῆς
366 2508 630 2566 ἐκκλησίας
672 2507 1017 2572 ἐτελεύτησεν,
1050 2509 1322 2578 ὀφείλουσιν
1345 2511 1426 2561 καί
1465 2506 1653 2560 Ἰούδαν
1682 2514 1785 2565 τοῖς

226 2598 526 2656 ἀποστόλοις
572 2600 890 2670 συναριθμεῖν
941 2598 1022 2650 τὸν
1069 2601 1134 2657 ὡς
1179 2599 1402 2665 ἐνόμισεν
1449 2597 1655 2650 λαθόντα
1703 2596 1785 2649 τόν

227 2689 528 2757 γινώσκοντα
571 2687 635 2738 τά
677 2686 878 2757 κρυπτά
911 2694 1010 2739 τῶν
1057 2686 1324 2758 ἀνθρώπων
1369 2687 1509 2746 Θεὸν,
1535 2688 1618 2738 καί
1661 2687 1788 2756 μετά

227 2781 326 2830 τῶν
355 2774 510 2830 ἄλλων
539 2777 768 2846 μαθητῶν
794 2778 1041 2830 κοινωνίαν
1067 2775 1324 2845 δεξάμενον
1349 2777 1436 2830 ἀπ’
1458 2780 1632 2830 αὑτοῦ·
1668 2774 1786 2829 ὅσον

227 2870 324 2940 γάρ
352 2866 461 2928 ἧκεν
489 2870 557 2925 εἰς
603 2868 721 2924 τούς
762 2873 930 2920 ταῦτα
968 2867 1222 2936 λέγοντας,
1249 2866 1485 2936 μέμψεώς
1513 2868 1635 2918 εἰσιν
1665 2863 1788 2927 ἄξιοι

227 2961 311 3012 καὶ
339 2957 384 3009 oi.
411 2953 679 3010 ἀπόστολοι
705 2957 748 3008 οἱ
773 2959 900 3025 μετὰ
927 2959 1011 3010 τόν
1056 2961 1206 3012 αὐτοῦ
1245 2961 1444 3012 θάνατον
1479 2957 1636 3027 ψῆφον
1681 2957 1789 3010 κατ’

230 3049 392 3098 αὐτοῦ
425 3045 804 3118 προαγαγόντες,
830 3050 1207 3118 κατακρίναντες
1236 3049 1400 3109 αὐτόν,
1429 3049 1512 3100 καί
1540 3049 1609 3104 εἰς
1640 3047 1788 3100 τόπον

229 3135 387 3187 αὐτοῦ
428 3129 568 3186 ἄλλον
612 3135 1078 3206 ἁντεισαγαγόντες.
1122 3139 1208 3189 Καὶ
1241 3137 1388 3190 πάλιν
1417 3135 1584 3194 ἐπειδὴ
1612 3139 1659 3188 ἐν
1685 3145 1788 3195 τοῖς

229 3221 390 3293 ἁγίοις
430 3223 729 3293 εὐαγγελίοις
775 3224 829 3276 τό
879 3221 1032 3292 ὄνομα
1081 3227 1232 3278 αὐτοῦ
1273 3229 1456 3297 μεταξύ
1503 3234 1598 3278 τῶν
1637 3224 1790 3279 ἄλλων

230 3311 523 3363 ἀποστόλων
551 3313 798 3383 άναγινόισ
829 3333 953 3372 εται,
984 3319 1051 3383 μή
1097 3311 1194 3388 ἆρα
1235 3315 1286 3365 ἐκ
1317 3311 1500 3366 τούτου
1526 3314 1554 3370 ἦ
1579 3317 1641 3370 ὡς
1667 3316 1794 3367 άπό-

230 3397 408 3459 στολος
464 3397 702 3468 δέχεται,
753 3401 781 3456 ἦ
822 3409 908 3457 τῆς
955 3405 1302 3470 κατακρίσεως
1350 3409 1439 3455 τοῦ
1487 3404 1793 3472 ἀναθέματος

231 3487 431 3560 ὤφειλεν
477 3489 876 3552 ἐλευθερωθῆναι.
937 3500 1218 3544 Κατανοεῐτε
1263 3495 1425 3545 τοίνυν
1475 3490 1554 3545 ὅτι
1615 3494 1794 3553 ἐκεῖνος·

232 3581 437 3649 τελευτᾷ
486 3581 533 3632 ἐν
567 3590 627 3652 τῇ
667 3584 889 3653 κοινωνίᾳ
916 3589 1014 3632 τῶν
1060 3583 1344 3646 ἐκκλησιῶν,
1378 3582 1515 3640 ότὴν
1544 3582 1794 3657 ὀρθόδοξον

233 3671 405 3722 πίστιν
431 3670 590 3741 μέχρι
619 3671 831 3742 πέρατος
858 3679 940 3728 τῆς
975 3673 1152 3730 οἰκείας
1183 3677 1311 3734 ζωῆς
1341 3673 1577 3744 φυλάξας.

302 3851 392 3900 Καὶ
413 3851 509 3921 γάρ
537 3850 578 3902 εί
602 3852 685 3902 καί
710 3858 1020 3919 Μανιχαῑος,
1053 3849 1080 3908 ἦ
1108 3850 1370 3923 Ἀρειανὸς.
1395 3851 1424 3909 ἦ
1445 3853 1793 3924 Νεστοριανίς,

232 3937 264 3995 ἧ
289 3939 715 4007 Εὐτυχιανιστὴς,
749 3941 776 3998 ἦ
805 3939 948 4000 ἄλλος
973 3940 1068 4002 οἷος
1095 3939 1176 3994 οὖν
1198 3943 1470 4016 αίρετικός,
1498 3943 1526 4001 ἧ
1557 3945 1796 4018 Ἑλληνικῇ

234 4032 388 4103 μανία
415 4033 747 4104 κρατούμενος
776 4032 893 4103 λάθῃ
917 4041 1149 4085 κοινωνῶν
1185 4043 1246 4106 τῇ
1287 4035 1540 4105 ἐκκλησία,
1568 4038 1644 4088 καί
1668 4035 1798 4088 οὕτω

234 4119 541 4191 τελευτήσῃ,
573 4125 654 4175 καί
695 4123 820 4193 μετὰ
864 4122 1069 4174 θάνατον
1098 4121 1127 4178 ἢ
1158 4125 1205 4174 ἐκ
1244 4129 1340 4174 τῶν
1389 4124 1799 4194 συγγραμμάτιον

233 4213 410 4272 αὑτοῦ,
439 4209 467 4268 ἦ
496 4210 600 4262 καθ’
623 4211 786 4282 ἕτερον
835 4209 1020 4284 τρόπον
1061 4212 1310 4283 αίρετικός
1340 4208 1462 4265 εἶναι
1486 4221 1630 4286 φανῇ,
1663 4209 1799 4282 ὅμως

234 4298 326 4349 οὐκ
367 4298 418 4348 ἐκ
455 4299 633 4351 τούτου
665 4300 692 4353 η
723 4297 970 4369 ὀρθόδιξος
1009 4299 1283 4370 βλάπτεται
1327 4301 1526 4358 πίστις.
1557 4300 1585 4356 ἦ
1614 4302 1800 4358 ἐκεῖνος

234 4385 580 4456 ἐλευθεροῦται
621 4393 712 4443 τῆς
753 4389 1107 4459 κατακρίσεως,
1141 4389 1182 4439 εἰ
1232 4386 1316 4456 [In
1345 4387 1466 4440 Cod.
1573 4389 1618 4440 ἐν
1647 4397 1707 4462 τῇ
1731 4391 1800 4440 εἶ-

237 4479 362 4548 ρήνῃ
408 4483 505 4528 τῶν
549 4475 816 4532 ἐκκλησιῶν
872 4477 1068 4548 λέγεται
1114 4477 1435 4535 τελευτῆσαι·
1480 4483 1557 4530 καί
1596 4486 1799 4547 γενικῶς

1884 1979 1977 2018 eas
2004 1962 2268 2016 Theodori
2295 1963 2672 2032 blasphemias,
2692 1978 2822 2031 quas
2847 1963 2912 2017 ad
2942 1979 3037 2019 vos
3065 1965 3162 2034 ipsi
3199 1965 3442 2018 transmi-

1887 2053 2076 2114 simus,
2104 2052 2464 2119 cujuscunque
2494 2052 2595 2105 illa:
2622 2053 2763 2105 sint:
2797 2052 3077 2108 Theodoro
3121 2069 3282 2123 porro
3317 2071 3442 2109 ana-
3484 2103 3494 2120 ,

1887 2125 2062 2193 thema
2090 2140 2268 2193 dicere
2299 2140 2571 2204 dubitetis,
2601 2142 2744 2208 quod
2777 2141 2887 2209 jam
2914 2143 3025 2210 ipse
3053 2144 3122 2196 sit
3163 2144 3216 2196 in
3257 2143 3434 2199 Eccle-

1886 2227 2105 2292 siarum,
2137 2235 2197 2280 ut
2216 2227 2427 2294 dicitur,
2451 2231 2823 2284 communione
2846 2241 3191 2298 praemortuus
3215 2251 3227 2284 :
3257 2234 3443 2290 scitote

1888 2331 2010 2368 eum
2032 2315 2122 2382 qui
2146 2315 2340 2368 dixerit
2371 2317 2587 2370 minime
2619 2316 2953 2372 Theodorum
3007 2321 3443 2376 anathematizari

1886 2401 2068 2469 licere,
2099 2403 2192 2456 sed
2233 2404 2497 2472 episcopis
2543 2420 2660 2459 esse
2704 2407 3176 2473 adnumerandum,
3220 2411 3288 2463 ob
3328 2426 3443 2466 eam

1887 2505 2121 2557 causam,
2152 2491 2313 2558 quod,
2353 2500 2410 2544 ut
2443 2494 2758 2558 asseruistis,
2807 2495 2860 2548 in
2909 2494 3155 2549 Ecclesia:
3207 2512 3455 2551 commus.

1887 2580 2046 2632 nione
2083 2579 2406 2642 decesserit,
2459 2596 2579 2635 eum
2618 2583 2814 2652 pariter
2864 2592 2918 2637 et
2962 2583 3147 2637 Judam
3189 2601 3344 2654 posse
3390 2587 3442 2642 in

1887 2668 2250 2735 apostolorum
2280 2684 2556 2722 numerum
2577 2672 2856 2735 asciscere,
2891 2673 2977 2739 qui
3007 2673 3194 2736 latens,
3219 2683 3274 2728 et
3293 2687 3447 2730 notus

1887 2759 2056 2812 solum
2080 2760 2431 2825 perscrutanti
2458 2759 2686 2813 humana
2719 2771 2927 2815 secreta
2960 2763 3086 2828 Deo,
3119 2764 3215 2818 fuit
3241 2767 3307 2818 ab
3335 2767 3447 2833 ipso

1889 2861 2008 2900 cum
2038 2848 2240 2899 caeteris
2261 2847 2531 2915 discipulis
2564 2849 2629 2901 ad
2674 2841 3102 2904 communionem
3151 2853 3448 2918 admissus;

1889 2951 2012 3008 nam
2045 2935 2194 3003 juxta
2234 2936 2285 2988 id
2314 2937 2458 3004 quod
2513 2939 2710 2992 sentire
2765 2939 2880 2993 ha3e
2925 2941 3128 2994 aientes
3179 2943 3445 3006 videntur,

1889 3024 2028 3090 digni
2053 3026 2465 3093 reprehensione
2493 3039 2615 3080 sunt
2650 3029 2876 3096 apostoli
2912 3044 3142 3098 quoque,
3183 3033 3272 3100 qui
3324 3043 3446 3101 post

1891 3122 2118 3166 mortem
2155 3115 2287 3181 ejus,
2337 3114 2587 3182 suﬁragio
2635 3118 2885 3171 adversus
2935 3118 3106 3186 ipsum
3150 3121 3276 3184 lato,
3328 3137 3446 3178 eum

1818 3201 1861 3260 C
1893 3201 2384 3254 condenmaverunt
2422 3203 2688 3271 aliumque
2730 3205 2781 3257 in
2825 3204 2995 3257 locum
3025 3227 3036 3255 ε
3051 3206 3136 3273 jus
3165 3209 3448 3263 substitue-

1894 3297 2032 3340 runt.
2063 3287 2342 3351 Prmterea,
2375 3304 2493 3342 cum
2525 3306 2717 3343 nomen
2749 3292 2910 3360 ipsius
2949 3290 3002 3342 in
3038 3297 3235 3347 sanctis
3274 3294 3448 3348 Evan-

1893 3376 2042 3441 geliis
2063 3376 2268 3442 legatur
2296 3376 2433 3429 inter
2458 3386 2678 3432 caeteros
2708 3383 3002 3449 apostolos,
3032 3399 3134 3436 non
3167 3392 3342 3436 tamen
3371 3384 3448 3436 id-

1894 3466 2035 3519 circo
2054 3506 2068 3530 ,
2093 3467 2176 3519 vel
2207 3475 2264 3519 ut
2291 3468 2562 3535 apostolus
2583 3469 2860 3536 recipitur,
2887 3472 2970 3524 vel
3007 3473 3198 3526 exinde
3233 3474 3451 3526 anathe-

1893 3556 2048 3608 matis
2073 3556 2272 3623 judicio
2300 3559 2471 3624 potuit
2499 3558 2727 3611 liberari.
2771 3559 2859 3613 Sic
2894 3561 3053 3627 igitur
3087 3563 3296 3626 habete,
3325 3578 3449 3616 eum

1895 3647 1948 3700 in
2001 3645 2359 3700 Ecclesiarum
2413 3648 2785 3701 communione
2828 3649 3104 3713 decedere,
3156 3651 3244 3718 qui
3293 3650 3450 3704 ﬁdem

1897 3735 2216 3789 catholicam
2236 3735 2303 3788 ad
2323 3743 2548 3789 mortem
2576 3750 2746 3804 usque
2775 3737 3029 3790 illibatam
3049 3740 3375 3794 custodierit.

1965 3844 2270 3908 Enimvero,
2325 3844 2368 3898 si
2399 3843 2718 3899 Manichmus
2763 3847 3042 3916 quispiam,
3083 3849 3167 3902 vel
3206 3849 3452 3918 Arianus,

1898 3939 2007 3991 sive
2032 3935 2395 4000 Nestorianus,
2440 3935 2521 3988 vel
2556 3933 2938 4005 Eutychianus,
2967 3945 3059 3991 aut
3105 3939 3237 3992 alius
3277 3940 3455 4008 cujus-

1899 4041 2107 4094 cunque
2169 4026 2378 4092 generis
2427 4025 2706 4079 haereticus
2763 4026 2846 4079 vel
2899 4025 3204 4082 Graecorum
3255 4031 3452 4084 insania

1900 4126 2114 4186 captus,
2168 4115 2416 4168 Ecclesia:
2453 4115 2852 4170 communicans
2891 4117 3112 4182 vixerit,
3158 4128 3316 4187 atque
3355 4120 3458 4177 hoc

1901 4209 2060 4263 modo
2089 4206 2394 4269 decesserit,
2418 4215 2539 4273 post
2559 4213 2784 4259 mortem
2815 4217 2991 4260 autem
3019 4209 3102 4262 vel
3144 4225 3208 4263 ex
3252 4213 3461 4280 scriptis

1902 4297 2038 4364 ejus,
2065 4297 2150 4349 vel
2177 4296 2278 4348 alia
2305 4295 2490 4361 quavis
2517 4295 2724 4348 ratione
2754 4295 3033 4351 haereticus
3074 4297 3234 4353 fuisse
3273 4300 3463 4367 depre-

1903 4387 2190 4448 hendatur,
2259 4386 2386 4438 nihil
2442 4395 2618 4438 tamen
2671 4386 2930 4441 catholica
2984 4388 3112 4442 ﬁdes
3163 4390 3463 4446 detrimenti

1903 4478 2064 4545 capit,
2095 4492 2266 4543 neque
2292 4478 2402 4544 ipse
2425 4486 2705 4544 propterea
2736 4492 2763 4529 a
2804 4479 3245 4532 condemnatione
3278 4480 3464 4532 libera-

237 4551 416 4616 σύδένᾶ
431 4573 527 4618 τῶν
554 4566 812 4636 αἱρετικῶν
835 4567 1040 4624 θάνατος
1067 4569 1119 4618 ἐκ
1149 4575 1238 4624 τῆς
1267 4569 1383 4638 περὶ
1409 4575 1495 4624 τῆς
1520 4566 1789 4630 κακοδοξίας

1906 4577 2011 4633 tur,
2041 4565 2181 4634 quod
2213 4567 2262 4617 in
2292 4563 2644 4617 Ecclesiarum
2675 4580 2804 4632 pace
2831 4565 3038 4619 dicatur
3065 4567 3382 4631 decessisse;
3407 4582 3466 4622 ac

239 4651 397 4706 αὖτοῦ
437 4656 779 4725 κατακρίσεως
809 4655 1078 4725 ἐλευθεροῖ·
1111 4656 1291 4724 μᾶλλον
1320 4659 1408 4711 μέν
1437 4651 1520 4708 οὖν
1549 4655 1629 4710 διά
1657 4663 1804 4712 τοῦτο

241 4742 578 4809 καταδικάζει,
605 4743 681 4798 ὅτι
708 4749 804 4808 ζῶν
824 4746 879 4800 ού
905 4746 1226 4816 μετεμελήθη.

315 5011 430 5070 ’Ὅτι
453 5013 505 5068 δέ
537 5015 580 5068 οί
607 5016 842 5090 αἱρετικοί
872 5017 916 5070 οἱ
947 5018 994 5071 ἐν
1111 5022 1211 5089 ζωῇ
1252 5021 1412 5074 αὐτῶν
1440 5025 1508 5088 μὴ
1535 5019 1809 5088 μεταμελη-

241 5110 430 5175 Θένεες,
458 5113 540 5163 καὶ
566 5112 690 5178 μετὰ
726 5113 928 5164 θάνατον
975 5114 1353 5184 κατεκρίθησαν,
1383 5114 1436 5164 ἐκ
1480 5113 1670 5165 πολλῶν
1708 5110 1810 5164 διί-

242 5219 443 5259 κνυται·
470 5205 550 5256 καί
570 5203 804 5272 Εύνόμιος
828 5199 1430 5275 γὰρ,καί⁹Απολλ.ινάριος,
1457 5207 1539 5256 καί
1559 5205 1804 5268 Βόνωσος,

237 5295 334 5352 καί
369 5295 418 5350 ἐν
458 5303 564 5354 τοῖς
608 5295 962 5366 ἀρχαιοτέροις
991 5313 1192 5367 χρόνοις
1220 5294 1568 5356 Ούαλεντίνος,
1595 5294 1812 5347 Βασιλεί-

243 5387 355 5447 δης.
409 5388 673 5460 Μαρκίων,
722 5389 800 5439 καί
842 5388 1086 5460 Κήρινθος,
1138 5389 1222 5438 καί
1268 5383 1400 5438 ἄλλοι
1445 5387 1614 5440 πολλοὶ
1656 5389 1702 5438 ἐν
1749 5395 1809 5461 τῇ

243 5479 402 5548 cini-.1.
428 5481 530 5550 ζωῇ
565 5481 632 5545 μή
662 5477 1141 5544 άναθεματισθέντες,
1171 5480 1300 5547 μετά
1337 5479 1540 5530 θάνατον
1587 5481 1812 5550 κατεκρί-

242 5572 424 5629 θησαν,
449 5571 531 5622 καί
552 5569 650 5621 ύπὸ
672 5575 761 5626 τῆς
783 5567 1039 5626 καθολικῆς
1061 5568 1316 5626 ἐκκλησίας
1344 5569 1806 5637 άναθεματίζονται,

247 5654 419 5713 ἐπειδὴ
447 5660 493 5708 ἐν
629 5659 782 5729 οἰκείᾳ
825 5658 984 5730 πλάνῃ
1026 5659 1351 5716 ἐτελεύτησαν
1396 5659 1566 5730 ὥσπερ
1597 5660 1642 5714 οἱ
1673 5661 1723 5711 ἐν
1748 5667 1809 5734 τῇ

248 5745 355 5820 ἐδίᾳ
386 5751 487 5821 ζωῇ
516 5746 696 5808 ἀδίκως
724 5749 1115 5820 κατακριθέντες,
1157 5751 1282 5820 μετὰ
1326 5751 1535 5806 θάνατον
1581 5751 1680 5805 ὑπὸ
1720 5759 1808 5812 τῆς

1909 4672 2091 4711 revera
2123 4671 2452 4724 nequaquam
2484 4655 2728 4707 interitus
2775 4655 3051 4709 harreticos
3088 4671 3117 4708 a
3144 4658 3467 4711 condemna-

1911 4747 2068 4799 tionis
2090 4745 2310 4813 judicio,
2352 4744 2491 4812 quod
2517 4759 2766 4811 perversa
2803 4759 2986 4797 eorum
3029 4748 3339 4799 commerita
3389 4753 3465 4799 est

1910 4842 2162 4911 opinatio,
2199 4842 2406 4905 liberat,
2433 4841 2668 4907 quinimo
2700 4841 2874 4906 potius
2901 4842 2984 4894 vel
3026 4844 3094 4894 ob
3141 4843 3244 4895 hoc
3273 4843 3466 4910 ipsum,

1911 4932 2049 5000 quod
2065 4931 2300 4982 viventes
2316 4944 2420 4980 non
2449 4929 2785 4995 resipuerint,
2813 4931 3006 4996 justius
3027 4931 3468 4984 condenmantur.

1983 5020 2158 5072 Multis
2180 5026 2354 5070 autem
2385 5018 2435 5069 id
2466 5017 2634 5084 ipsum
2665 5018 2968 5072 conﬁrmari
2991 5028 3166 5088 potest
3193 5021 3468 5088 exemplis,

1913 5107 2193 5161 haereticos
2217 5104 2480 5167 videlicet,
2505 5105 2595 5171 qui
2622 5106 2744 5158 dum
2785 5107 3045 5172 viverent,
3088 5108 3152 5160 ad
3191 5107 3470 5161 sanitatem

1913 5196 2113 5248 reversi
2141 5209 2246 5246 non
2275 5200 2417 5258 sunt,
2446 5202 2567 5260 post
2595 5202 2820 5247 mortem
2865 5195 3028 5250 fuisse
3067 5197 3469 5252 condemnatos.

1914 5285 2205 5339 Eunomius
2234 5283 2397 5346 enim,
2425 5291 2479 5335 et
2505 5283 2882 5351 Apollinarius,
2924 5295 2978 5339 et
3003 5287 3266 5350 Bonosus,
3297 5302 3362 5340 ac
3381 5303 3469 5342 su-

1913 5385 2207 5457 perioribus
2229 5383 2552 5451 temporibus
2571 5381 2900 5446 Valentinus,
2920 5383 3194 5449 Basilides,
3219 5385 3472 5456 Marcion,

1917 5485 1973 5531 et
2013 5476 2316 5535 Cerinthus,
2359 5474 2553 5542 aliique
2600 5475 2866 5542 permulti,
2912 5476 3002 5542 qui
3052 5477 3472 5536 anathematibus

1915 5567 2038 5620 dum
2065 5565 2326 5631 viverent,
2373 5564 2594 5631 subjecti
2653 5580 2756 5618 non
2806 5565 3035 5630 fuerant,
3084 5575 3205 5636 post
3248 5563 3473 5625 mortem

1915 5653 2149 5708 damnati
2174 5660 2314 5718 sunt,
2343 5659 2503 5722 atque
2531 5654 2596 5706 ab
2617 5652 2857 5708 Ecclesia
2883 5655 3145 5711 catholica
3168 5659 3472 5714 anathema-

1917 5746 2163 5806 tizantur,
2185 5751 2468 5823 propterea
2491 5743 2631 5813 quod
2662 5744 2714 5799 in
2740 5745 2846 5800 suis
2873 5747 3146 5803 erroribus
3172 5746 3275 5801 vita
3301 5741 3474 5800 finicti
