3924 6294
535 357 664 424 1091

1815 355 2249 425 JUSTINIANI
2298 365 2378 422 1M
2391 364 2449 423 Ρ.

3661 362 3685 423 l
3695 367 3804 428 0:12

521 472 783 532 καθολικῆς
837 472 1096 532 ἐκκλησίας
1143 472 1511 532 ἀνεκλήθησαν,
1557 471 1820 524 τουτέστιν
1867 468 2088 531 Ἰωάννης

2206 479 2336 537 sunt,
2360 470 2806 538 quemadmodum
2834 481 3056 528 econtra
3101 473 3138 528 ii
3172 490 3263 543 qui
3302 484 3504 543 unjuste
3545 473 3792 530 damm-

517 563 607 614 καί
627 561 909 625 Φλαυιανός,
941 563 987 616 οί
1017 564 1066 615 ἐν
1089 561 1246 634 ἁγίοις
1277 563 1676 636 ἆρχιεπίσκοπςι
1705 574 2089 614 κωνσταντινου-

529 655 733 710 πόλεως·
761 653 890 706 κατά
927 654 1024 728 γᾶρ
1051 659 1139 712 τήν
1180 653 1428 726 ὑμετέραν
1469 649 1662 704 ἔννοιαν
1692 655 1800 725 χρὴ
1827 654 1944 710 τοὺς
1968 653 2099 722 α’ρε-

519 744 690 804 τικοῦς
727 743 775 794 ἐν
901 747 1054 818 οἰκεία
1083 745 1247 818 πλάνη
1271 749 1670 802 τελευτήσαντας
1698 743 2092 814 ἐλευθεροῦσθαι.

529 833 644 892 τοὺς
669 831 724 886 δέ
749 831 1048 905 ὀρθοδόξους
1093 837 1212 894 τοὺς
1236 833 1415 893 ἀδίκως
1443 834 1852 908 κατακριθέντας,
1880 839 1951 902 μή
1976 834 2096 885 ἁνα-

527 919 784 975 καλεῖσθαι
804 924 932 994 μετὰ
953 923 1035 978 τὸν
1056 923 1284 978 θάνατον·
1309 921 1432 996 ὅπερ
1455 925 1626 983 πάσης
1645 923 1883 982 ἀσεϐείας
1905 918 2096 979 πεπλήῖ

523 1027 707 1082 ρωται.

597 1277 712 1340 Ὀτι
739 1283 792 1340 δέ
821 1285 1202 1344 ἐκκλησιαστική
1241 1286 1349 1340 ἔστι
1369 1283 1654 1356 παράδοσις
1677 1287 1797 1344 τοὺς
1820 1286 2102 1357 αίρετικούς

531 1377 611 1428 καί
637 1375 764 1443 μετὰ
806 1375 1012 1428 θάνατον
1044 1373 1482 1437 καταδικάζεσθαι,
1509 1376 1596 1426 καί
1633 1374 2098 1442 ἁναθεματίζεσθαι,

530 1465 734 1535 φανερόν
773 1465 861 1532 μὲν
889 1465 944 1515 ὲκ
985 1461 1180 1517 τούτων
1225 1465 1562 1530 ἐποιήσαμενο
1609 1462 1738 1520 πλήν
1777 1461 1910 1533 ὅμως
1947 1468 2022 1516 γαί
2049 1465 2102 1516 ἐκ

531 1560 630 1606 τῶν
667 1549 937 1615 διατάξεων
979 1560 1077 1606 τῶν
1120 1551 1272 1621 ἁγίων
1318 1551 1606 1606 ἀποστόλων
1641 1558 1794 1606 τοῦτο
1835 1550 2100 1606 δείκνυται⁹

532 1641 756 1710 λέγοντες
782 1645 880 1714 γάρ
905 1647 1173 1714 προσήκειν
1199 1643 1329 1713 ὑπὲρ
1359 1643 1696 1698 ἀναπαύσεως
1717 1645 1816 1690 τῶν
1841 1637 2103 1692 τελευτῶν.

537 1751 629 1783 των
667 1729 1000 1800 ἐλεημοσύνας
1027 1732 1364 1803 παρέχεσθαι,
1397 1728 1554 1786 οὕτως
1585 1727 1852 1798 ἐπάγουσι’
1885 1745 1904 1776 ε
1933 1732 2105 1780 Ταῦτα

2195 561 2357 615 tionis
2410 561 2552 629 passi
2603 561 2815 617 fuerant
2855 563 3141 632 judicium,
3184 563 3468 620 Flavianus
3517 564 3790 622 videlicet

2194 659 2353 717 atque
2380 650 2636 718 Joannes,
2685 653 2859 706 sancti
2906 652 3452 723 ConstantinOpoleos
3498 654 3788 726 archiepi-

2193 741 2364 809 scopi,
2387 751 2508 809 post
2535 750 2762 796 mortem
2791 751 2914 797 sunt
2959 743 3027 798 ab
3057 744 3170 813 ipsa
3217 745 3481 800 catholica
3525 743 3782 800 Ecclesia

2193 831 2445 884 restituti.
2475 831 2668 886 Vestro
2695 847 2855 902 porro
2880 831 3082 901 judicio
3109 833 3388 889 haereticos
3414 837 3511 903 qui
3543 838 3786 905 propriis

2194 919 2516 976 inhaerentes
2553 922 2824 976 erroribus
2860 921 3202 990 decesserint,
3245 923 3606 980 damnatione
3647 927 3782 979 libe-

2193 1009 2300 1062 rari
2340 1023 2476 1078 Opus
2527 1018 2610 1066 est
2643 1027 2656 1062 ι
2692 1011 2986 1066 catholicos
3030 1021 3209 1068 autem
3266 1013 3462 1082 injuste
3501 1013 3779 1082 judicatus

2197 1099 2416 1152 minime
2451 1107 2574 1168 post
2601 1109 2826 1154 mortem
2866 1103 3107 1157 revocari
3153 1101 3220 1156 ad
3259 1101 3518 1158 Ecclesiae
3563 1118 3775 1172 pacem,

2198 1191 2340 1259 quod
2361 1200 2559 1260 quanta
2587 1193 2802 1262 plenum
2829 1195 2899 1250 sit
2925 1197 3224 1266 iniquitate,
3255 1197 3342 1251 vix
3369 1197 3478 1254 dici
3503 1205 3712 1268 potest.

2270 1279 2472 1346 Quibus
2499 1283 2758 1352 exemplis
2789 1286 3068 1354 perspicue
3108 1285 3468 1353 ostendimus,
3509 1285 3776 1342 Ecclesia

2206 1383 2327 1423 esse
2375 1367 2664 1424 traditione
2726 1373 2988 1426 sancitum
3043 1372 3322 1428 hmreticos
3371 1383 3499 1443 post
3546 1384 3774 1429 mortui

2201 1472 2416 1526 quoque
2439 1457 2665 1527 judicari
2693 1475 2882 1529 posse,
2927 1469 3086 1530 atque
3113 1463 3554 1518 anathematibus
3583 1463 3774 1520 conde-

2202 1549 2394 1602 mnari.
2435 1547 2700 1603 Carterum
2731 1550 2950 1606 ulterius
2978 1551 3153 1606 adhuc
3180 1545 3407 1621 idipsum
3456 1567 3532 1608 ex
3573 1566 3776 1610 sancto

2203 1649 2321 1692 rum
2389 1639 2753 1708 apostolorum
2814 1639 3296 1698 Constitutionibus
3371 1643 3774 1700 demonstratur

2204 1727 2467 1782 validius:
2514 1743 2622 1796 quo
2655 1744 2885 1798 namque
2925 1730 3029 1785 loci
3069 1731 3402 1786 constituunt
3443 1734 3618 1787 utiles
3669 1746 3774 1788 esse

533 1817 586 1873 δὲ
610 1826 726 1890 περὶ
747 1828 844 1874 τῶν
867 1822 1086 1874 εὐσεξῶν
1107 1822 1327 1892 λέγομεν·
1355 1823 1470 1894 περὶ
1495 1817 1547 1872 δὲ
1569 1826 1668 1871 τῶν
1693 1819 1908 1879 ἀσεϐῶν,
1939 1815 2020 1871 ἐὰν
2040 1821 2102 1872 τὰ

2208 1835 2306 1888 pro
2353 1826 2683 1874 mortuorum
2729 1822 2914 1891 requie
2962 1823 3421 1892 eleemosynarum
3445 1806 3770 1884 oblationes.

531 1917 618 1958 τοῦ
666 1905 856 1973 κόσμου
904 1905 975 1972 δῷ
1017 1911 1250 1970 πένησιν,
1299 1905 1441 1960 οὐδὲν
1490 1907 1656 1964 ὀνήσει
1700 1905 1874 1959 αὐτόν’
2001 1908 2100 1982 γὰρ

533 1997 752 2064 περιίντι
801 1997 1012 2050 Evam-iw
1053 1994 1112 2054 ἦν
1159 1997 1215 2050 τό
1264 1999 1410 2058 θεῖον,
1463 1995 1606 2054 δῆλον
1645 1991 1723 2049 ὅτι
1771 1997 1858 2048 καί
1905 2014 2104 2066 μετασ-

532 2084 694 2138 τάντι.
732 2102 752 2136 ι
801 2083 977 2140 Ὀπότε
1023 2090 1184 2138 τοίνυν
1233 2087 1277 2138 oi
1329 2085 1606 2138 ἀπόστολοι
1657 2087 1774 2158 πηοί
1815 2091 1912 2136 τῶν
1959 2087 2104 2139 εὐσε-

532 2175 634 2230 ϐῶν
674 2175 805 2231 οῦτω
835 2175 1181 2238 διετύπωσαν,
1221 2180 1299 2236 τίς
1329 2173 1460 2228 εἴποι
1499 2181 1690 2250 χρῆναι
1731 2174 1860 2238 μετά
1895 2175 2104 2228 θάνατον

533 2289 644 2326 τους.
679 2269 992 2342 αἱρετικοῦς,
1033 2269 1063 2328 ἢ
1099 2271 1247 2322 αὒτίν
1285 2269 1504 2337 μάλιστα
1548 2267 1802 2340 Θεόδωρον
1827 2275 1918 2328 τῆς
1943 2289 2102 2324 καταο

535 2361 744 2430 κρίσεως
781 2365 872 2414 τοῦ
901 2361 1211 2430 ἀναθέματος
1242 2361 1636 2435 ἐλευθεροῦσθαι,
1669 2357 1723 2413 ὄν
1748 2381 1860 2414 τινα
1897 2361 1944 2414 οἱ
1972 2359 2106 2432 ἅγιοι

535 2450 748 2523 πατέρες
779 2451 842 2509 ὡς
875 2451 1084 2520 χείρονα
1124 2447 1400 2508 Ἰουδαίων,
1434 2452 1519 2502 διαί
1545 2449 1812 2512 Ἑλλήνων,
1848 2452 1931 2503 καί
1959 2447 2103 2504 Σοδο⁴

535 2545 692 2606 μιτῶν
709 2578 724 2601 ,
753 2541 835 2592 καί
863 2541 1064 2593 πάντων
1091 2547 1191 2593 τῶν
1218 2539 1476 2614 αίρετικῶν
1501 2539 1928 2610 βλασφημήσαντα
1945 2580 1960 2604 ,
1987 2541 2104 2594 τοῦ-

541 2645 639 2685 τοις
659 2628 1034 2700 συνηρίθμησαν
1053 2665 1068 2694 ,
1105 2631 1187 2681 καί
1219 2631 1345 2700 μετὰ
1363 2636 1454 2689 τῆς
1495 2630 1652 2682 αὐτοῦ
1691 2629 1928 2690 ἀσεϐείας
1955 2632 2102 2684 κατέδ

533 2733 701 2784 κριναν
715 2729 731 2776 ;

2206 1909 2286 1964 sic
2311 1918 2729 1979 prosequuntur:
2749 1929 2767 1962 ε
2793 1909 2851 1965 Id
2880 1920 3058 1966 autem
3086 1910 3153 1965 de
3180 1911 3282 1980 piis
3307 1911 3627 1966 hominibus
3653 1911 3772 1966 dici-

2207 2013 2362 2051 mus:
2409 1998 2476 2050 de
2504 1997 2678 2066 impiis
2703 1997 2846 2052 enim
2891 1998 3098 2052 etiamsi
3145 1999 3396 2053 universa
3444 1998 3644 2053 mundi
3667 2001 3770 2054 sub»

2205 2085 2401 2140 stantia
2429 2099 2528 2156 pro
2556 2085 2685 2154 ipsis
2713 2087 3033 2156 pauperibus
3056 2087 3502 2152 distribueretur,
3555 2104 3666 2144 non
3706 2091 3772 2143 eis

2207 2175 2494 2244 quidquam
2521 2175 2802 2248 proderit:
2853 2176 2940 2231 cui
2968 2177 3110 2230 enim
3136 2177 3415 2246 superstiti
3456 2178 3644 2232 divina
3688 2179 3772 2232 ad-

2209 2265 2580 2330 versabantur,
2611 2271 2815 2318 certum
2840 2273 2923 2318 est
2961 2265 3121 2320 etiam
3150 2273 3332 2319 amoto
3361 2281 3470 2320 non
3502 2281 3629 2320 ese
3659 2281 3772 2335 pro-

2207 2353 2403 2406 futura.
2433 2371 2453 2406 ›
2498 2352 2769 2423 Apostolis
2811 2354 2974 2422 igitur
2999 2355 3104 2410 hoc
3144 2355 3309 2410 modo
3334 2355 3481 2410 circa
3514 2357 3661 2424 pios,
3695 2358 3772 2424 qui

2205 2442 2535 2498 decesserint
2557 2443 2826 2509 homines,
2854 2440 3248 2508 deﬁnientibus,
3272 2445 3394 2513 quis
3425 2453 3670 2500 statuere
3690 2461 3770 2498 au-

2205 2535 2350 2600 deat,
2373 2535 2654 2590 haareticos
2673 2543 2794 2604 post
2821 2543 3070 2599 mortem,
3098 2536 3434 2604 potissimum
3459 2550 3597 2590 vero
3617 2535 3766 2590 Theo

2205 2628 2392 2682 dorum
2414 2630 2607 2698 ipsum,
2636 2645 2666 2682 a
2689 2629 3134 2685 condemnatione
3147 2629 3348 2682 liberos
3366 2643 3480 2682 esse
3500 2637 3772 2700 oportere.

2206 2732 2364 2784 quem
2387 2719 2559 2772 sancti
2589 2717 2802 2786 Patres,
2820 2717 2986 2772 veluti
3013 2715 3230 2772 Judecis.
3262 2717 3456 2771 Grzecis
3480 2725 3653 2779 atque
3677 2716 3772 2774 So-

536 2800 749 2856 domitis
762 2801 992 2858 deterius
1013 2801 1488 2876 blasphemantem,
1516 2807 1641 2877 ipsis
1663 2817 2132 2874 connumerarunt,
2177 2817 2340 2875 atque
2363 2823 2468 2862 una
2492 2822 2612 2862 cum
2642 2808 2916 2878 impietate
2941 2823 3037 2863 sua
3065 2802 3561 2863 condemnaverunt
3579 2810 3605 2863 ἲ

600 2887 714 2946 Ὀτι
737 2891 790 2946 δέ
811 2897 893 2946 καί
923 2896 1048 2964 μετὰ
1083 2898 1289 2949 θάνατον
1325 2898 1442 2956 τοὺς
1477 2898 1789 2971 αίρετικοὺς,
1824 2902 1893 2960 ὡς
1929 2903 2104 2974 προεί-

537 2996 688 3050 πομεν
707 2983 1157 3051 ἀναθεματίζεσθαι
1190 2980 1297 3046 δεῖ,
1332 2985 1464 3040 καὶὸ
1496 2987 1542 3039 ἐν
1579 2987 1738 3057 ἁγίοις
1768 2991 2104 3056 Δύγουστῐνος

535 3069 810 3130 ἕπίσκοπος
838 3073 890 3125 ἐκ
929 3080 1020 3134 τῆς
1057 3080 1155 3128 τῶν
1189 3075 1378 3148 ’Δφρῶν
1410 3078 1590 3148 χώρας
1639 3077 1772 3130 οὕτω
1807 3078 1937 3148 λέγει
1965 3079 2014 3130 ἐν
2041 3086 2103 3152 τῇ

2277 2895 2540 2952 Cmtertmi
2569 2896 2847 2952 haereticos
2873 2906 2994 2968 post
3017 2906 3242 2952 mortem
3268 2913 3507 2968 quoque,
3539 2907 3600 2954 ut
3617 2914 3769 2969 supe-

2205 3003 2317 3042 l‘lllS
2361 2988 2748 3054 constituimus,
2797 3003 2914 3044 esse
2953 2987 3309 3055 damnandos,
3352 2997 3578 3043 sanctus
3615 2992 3769 3044 etiam

2204 3079 2529 3146 Augustinus
2569 3078 2833 3134 Africana:
2868 3079 3148 3148 cujusdam
3191 3079 3338 3134 urbis
3385 3081 3678 3151 episcopus
3722 3081 3766 3133 iu

536 3160 767 3234 ἐπιστολῇ
805 3169 867 3238 τῇ
897 3165 1026 3236 πρὸς
1066 3166 1336 3234 Βονιφὰτιον
1369 3167 1710 3240 γεγραμμένῃο
1747 3183 1766 3216 t
1793 3165 1969 3220 Ὀπότε
2014 3163 2102 3220 κᾶν

2206 3167 2428 3235 epistola
2455 3167 2520 3221 ad
2542 3167 2870 3222 Bonifacium
2900 3168 3098 3224 diserte
3127 3169 3286 3223 tradit
3314 3187 3328 3222 :
3365 3189 3382 3220 ε
3403 3169 3684 3236 Quamvis,
3707 3171 3768 3223 in-

535 3251 684 3310 ἇληθῆ
793 3251 1002 3307 δυνατὸν
1044 3251 1304 3322 δειχθῆναι
1343 3257 1408 3308 τὰ
1446 3254 1570 3328 παρ’
1599 3257 1764 3309 αὐτῶν
1793 3258 2103 3313 ἀντιτεθέντα

537 3341 822 3408 κεκιλιανῷ,
864 3347 946 3396 καί
969 3344 1120 3412 ὑμῖν,
1147 3348 1232 3397 καί
1258 3345 1568 3400 ἀποθανόντα
1601 3342 1658 3400 ἂν
1687 3349 1838 3402 αὐτόν
1871 3351 2103 3422 ἀναθεμα·

531 3432 751 3499 τίζομεν·
781 3429 884 3482 ἀλλ’
912 3428 1046 3502 ὅμως
1066 3437 1154 3490 τήν
1182 3440 1272 3486 τοῦ
1296 3443 1517 3507 Χριστοῦ
1541 3436 1826 3502 ἐκκλησίαν,
1869 3442 1904 3498 ἦ
1929 3462 2008 3502 τις
2043 3445 2101 3496 οὗ

537 3525 656 3576 ταῖς
691 3517 1032 3585 ἐμφιλονείκοις
1058 3519 1088 3574 δ
1115 3523 1221 3585 Em;
1247 3523 1634 3590 μεταϐάλλεται,
1670 3527 1792 3582 ἀλλά
1819 3537 1927 3590 ταῖς
1949 3531 2102 3592 θείαις

533 3607 840 3675 μαρτυρίαις
863 3605 1154 3678 βεϐαιοῦται
1172 3651 1186 3673 ,
1219 3610 1282 3666 δι’
1310 3609 1406 3666 οἷον
1435 3611 1614 3672 δήποτε
1643 3613 1904 3692 ἄνθρωπον
1949 3641 2101 3676 κατα·

537 3696 722 3750 λείπειν
741 3698 832 3751 οὐκ
852 3697 1114 3768 ὀφείλομεν.
1147 3719 1166 3752 ι

609 3790 708 3839 Καί
743 3793 908 3842 ταῦτα
954 3791 1042 3858 μὲν
1087 3789 1111 3845 ό
1153 3794 1202 3846 ἐν
1243 3793 1400 3866 ἁγίοις
1439 3798 1787 3869 Δῦγουστῖνος.
1827 3798 1999 3872 Ὀμως
2045 3806 2102 3858 οὐ

535 3875 678 3948 μόνον
717 3881 835 3938 τοὺς
877 3881 946 3940 εἰς
990 3883 1160 3936 πίστιν
1211 3883 1588 3960 ἁμαρτάνοντας
1644 3892 1772 3959 μετὰ
1812 3892 2019 3947 Θάνατον
2060 3895 2104 3946 οἱ

538 3965 671 4036 ἅγιοι
706 3970 922 4042 πατέρες
961 3972 1432 4036 ἁναθεματίζουσιν,
1465 3977 1586 4029 ἀλλά
1631 3981 1858 4038 καὶτοὺς
1902 3980 2104 4035 ἐπισκέ-

539 4075 684 4122 πους,
705 4061 829 4119 τοὺς
856 4061 907 4114 ἐν
942 4070 1004 4135 τῇ
1025 4062 1284 4138 τελευταίᾳ
1326 4067 1484 4120 αὐτᾶν
1513 4067 1778 4136 βουλήσει,
1822 4069 1851 4128 ii
1887 4073 1938 4134 ἐξ
1961 4069 2104 4126 ἀδια-

537 4145 674 4200 οέτου
706 4148 981 4218 αίρετικοῐς
1006 4155 1296 4224 συγγενέσιν
1313 4194 1327 4220 ,
1369 4155 1399 4214 ἦ
1425 4157 1672 4218 ἐξωτικοῐς
1712 4159 2106 4230 καταλιμπάνον-

543 4252 647 4294 εας.
679 4245 777 4296 Τῆς
808 4241 908 4311 γὰρ
952 4243 1000 4293 ἓν
1038 4239 1236 4318 ’Δφρικῇ
1280 4243 1495 4298 συνόδου
1541 4246 1866 4318 ὀγδοηκοστὸς
1903 4260 2102 4325 πρῶτος

539 4329 688 4380 κανὼν
709 4327 840 4382 οὕτω
863 4330 991 4402 λέγει
1015 4345 1030 4362 ⁸
1059 4348 1080 4381 ι
1105 4333 1246 4385 Πάλιν
1275 4336 1485 4406 ὡρίσθη,
1517 4335 1568 4390 εἴ
1591 4360 1668 4398 τις
1694 4340 1962 4402 ἐπίσκοπος
1991 4342 2104 4402 κλη-

539 4417 778 4488 ρονόμους
805 4419 1072 4480 ἆξωτικοὺς
1107 4430 1198 4480 τῆς
1239 4421 1368 4482 ἰδίας
1397 4431 1717 4496 συγγενείας,
1747 4429 1776 4487 ἦ
1804 4432 2100 4506 ατρετικούς,

539 4501 630 4558 κᾶν
671 4505 828 4567 ἰδίους
854 4519 1115 4580 συγγενεῖς
1132 4555 1142 4568 .
1170 4511 1200 4570 ἣ
1227 4511 1459 4574 Ἐλληνας
1478 4523 1780 4590 προτιμήσει
1812 4531 1902 4582 τῆς
1931 4525 2100 4582 ἔκκλη-

541 4685 694 4737 αὐτοῦ
721 4688 906 4754 μεταξὺ
935 4698 1032 4743 τῶν
1077 4699 1166 4745 τοῦ
1195 4699 1320 4747 Θεοῦ
1363 4696 1530 4768 ἱερέων
1560 4703 1629 4768 μή
1666 4701 2100 4770 ἀναγινωσκέσθω,

542 4777 624 4828 καί
647 4775 756 4830 οὐδὲ
783 4779 1050 4850 ἐξαιρεῖται
1069 4792 1160 4844 τῆς
1185 4791 1544 4860 κατανρίσεως,
1581 4793 1626 4844 εἰ
1651 4790 1910 4855 ἀδιάθετος
1935 4797 2100 4850 τελευι

543 4869 701 4923 τήσει⁸
732 4869 901 4929 ἐπειδὴ
929 4872 1086 4944 ἐχρῆν
1116 4877 1264 4930 αὐτόν
1287 4877 1559 4933 ἐπίσκοπον
1585 4882 1834 4952 γενόμενον
1859 4883 2102 4956 μηδαμῶς

543 4957 880 5014 ἀναϐαλέσθαι
907 4967 995 5020 τήν
1032 4971 1122 5022 τῆς
1161 4963 1288 5027 ἰδίας
1328 4969 1504 5028 οὐσίας
1549 4969 1815 5034 διοίκησιν,
1860 4973 2102 5048 ἁρμοδίαι

542 5055 614 5116 τῷ
634 5049 792 5119 οἰκείῳ
813 5051 1168 5124 ἱπαγγίλματι.
1199 5074 1218 5108 ε
1243 5061 1298 5110 Εἰ
1320 5063 1501 5121 τοίνυν,
1529 5066 1689 5123 καθὼς
1712 5062 1737 5116 ό
1757 5065 2101 5124 ἐκκλησιαστι-

545 5137 628 5196 κός
653 5137 806 5209 ὥρισε
835 5145 1014 5208 κανὼν,
1045 5144 1176 5219 ὑπὲρ
1197 5144 1334 5206 »ἰδίας
1362 5148 1408 5200 oi
1429 5149 1687 5204 ίπίσκοποι
1714 5156 2008 5224 περιουσίας
2034 5159 2102 5223 μή

547 5226 703 5299 ὀρθῶς
739 5227 1090 5296 διοικηθείσης,
1123 5237 1210 5288 καί
1241 5239 1367 5305 μετά
1404 5237 1608 5294 θάνατον
1641 5241 2100 5310 ἀναθεματίζονται,

547 5315 688 5386 πόσῳ
721 5318 900 5388 μᾶλλον
939 5322 1374 5394 ἀναθεματίζεσθαι
1411 5325 1610 5398 ὤφειλον
1652 5329 1699 5383 οἱ
1724 5331 1794 5388 είς
1835 5333 1984 5386 αὐτὸν
2017 5334 2102 5386 τὸν

547 5405 662 5459 Θιόν
690 5405 1086 5481 ἁμαρτάνοντες,
1126 5421 1216 5473 τῆς
1244 5412 1388 5483 ἁγίας
1421 5425 1614 5489 γραφῆς
1653 5417 1912 5488 λεγούσης,
1945 5436 1963 5469 ε
1993 5425 2102 5474 Ἐὰν

549 5491 801 5568 ἅνθρωπος
829 5501 898 5560 εἰς
936 5498 1194 5578 ἄνθρωπον
1230 5503 1456 5577 ἁμάρτῃ,
1487 5511 1569 5560 καί
1592 5505 1956 5578 προσεύξονται
1982 5513 2100 5584 περί

551 5586 734 5638 αὐτοῦ’
763 5591 808 5642 εί
838 5587 892 5644 δέ
917 5593 988 5650 είς
1015 5591 1138 5646 Θεὸν
1163 5613 1240 5653 τις
1269 5592 1489 5666 ἁμάρτῃ,
1517 5597 1594 5655 τίς
1621 5599 1951 5661 προσεύξεται
1984 5602 2100 5675 περί

556 5676 737 5741 uinci;
1704 5680 1822 5702 ’“”

2203 3259 2336 3328 quit,
2368 3267 2422 3312 et
2446 3259 2490 3312 si
2515 3273 2638 3312 vera
2668 3267 2846 3312 essent
2873 3273 2992 3327 quae
3018 3259 3085 3313 ab
3101 3259 3191 3312 .eis
3221 3258 3432 3326 objecta
3461 3268 3592 3313 sunt
3613 3259 3768 3314 Ceci—

2203 3347 2345 3402 liano
2374 3357 2428 3402 et
2455 3347 2607 3402 nobis
2648 3347 2869 3417 po'ssent
2911 3345 3199 3416 aliquando
3249 3349 3564 3414 monstrari,
3609 3349 3770 3416 ipsum

2197 3439 2308 3508 jam
2334 3445 2600 3493 mortuum
2630 3439 3200 3492 anathematizaremus
3225 3455 3240 3503 ;
3267 3437 3361 3491 sed
3383 3447 3566 3492 tamen
3591 3437 3768 3493 Eccle-

2202 3530 2334 3584 siam
2360 3529 2578 3598 Christi,
2601 3545 2718 3598 qua:
2740 3545 2846 3583 non
2887 3513 3506 3598 litigiosis‘opinionibus
3537 3530 3768 3599 ﬁngitur,

2203 3620 2296 3673 sed
2354 3619 2546 3674 divinis
2596 3619 3028 3674 attestationibus
3079 3620 3500 3688 comprobatur,
3559 3631 3769 3692 propter

2203 3709 2495 3778 quemlibet
2523 3709 2795 3764 hominem
2825 3710 3129 3778 relinquere
3155 3710 3385 3764 minime.
3401 3711 3684 3766 debemus.
3715 3731 3732 3764 ι

2275 3799 2399 3854 llrec
2427 3801 2772 3868 Augustinus.
2807 3799 3076 3854 Similiter
3101 3810 3278 3856 autem
3309 3817 3417 3856 non
3448 3803 3616 3858 modo
3658 3820 3769 3874 pen

2203 3889 2436 3952 multos,
2485 3889 2575 3956 qui
2624 3889 2878 3944 adversus
2927 3890 3081 3944 [idem
3131 3901 3480 3957 erraverunt,
3530 3905 3772 3950 mortuos

2204 3979 2672 4032 anathematizavit
2698 3977 2934 4034 Ecclesia
2985 3988 3040 4032 et
3083 3980 3254 4034 sancti
3285 3979 3494 4040 Patres,
3544 3983 3645 4038 sed
3673 3984 3771 4052 epi-

2201 4083 2395 4138 scopos
2418 4069 2576 4122 etiam
2605 4069 2694 4134 qui
2725 4068 2805 4122 vel
2835 4069 2888 4121 in
2919 4069 3102 4122 ultima
3129 4083 3224 4122 sua
3252 4069 3552 4135 voluntate,
3595 4071 3682 4124 vel
3708 4072 3769 4124 ab

2201 4158 2454 4212 intestato
2483 4157 2749 4212 hzcreticis
2794 4157 3220 4225 consanguineis,
3271 4157 3356 4211 vel
3395 4160 3562 4212 etiam
3596 4170 3772 4214 extra-

2203 4249 2317 4302 neis
2344 4263 2436 4301 sua
2466 4247 2604 4301 bona
2636 4248 2989 4316 reliquissent.
3031 4245 3431 4316 Octuagesimus
3479 4252 3628 4304 enim
3670 4253 3771 4320 pri-

2201 4354 2321 4394 mus
2349 4339 2607 4395 Africanae
2634 4341 2820 4412 synodi
2850 4357 3023 4396 canon
3053 4341 3166 4396 haec
3191 4342 3354 4398 habet
3381 4363 3393 4397 :
3434 4363 3455 4396 ι
3481 4345 3620 4400 ltem
3649 4363 3770 4402 con-

2205 4432 2443 4488 stitutum
2474 4439 2576 4498 est,
2609 4439 2664 4484 ut
2695 4433 2738 4486 si
2767 4433 2887 4502 quis
2907 4435 3190 4502 episcopus
3215 4433 3455 4490 haeredes
3482 4447 3770 4493 extraneos

2129 4557 2178 4616 Β
2204 4537 2232 4574 a
2260 4521 2722 4588 consanguinitate
2759 4537 2876 4587 sua,
2925 4523 3009 4576 vel
3050 4522 3330 4576 haereticos
3357 4525 3522 4579 etiam
3551 4543 3772 4584 consan-

541 4597 686 4657 σίας,
725 4599 808 4649 καί
834 4603 960 4664 μετὰ
999 4601 1206 4656 θάνατον
1245 4605 1703 4674 ἆναθεματιζὲσθω,
1743 4614 1906 4666 καίτὸ
1947 4612 2132 4686 ὄνομα’

2203 4613 2444 4679 guineos,
2477 4619 2568 4666 aut
2594 4629 2828 4682 paganos
2855 4613 3109 4668 Ecclesia:
3125 4614 3436 4685 prtmulerit,
3467 4619 3636 4672 etiam
3657 4631 3770 4689 post

2205 4711 2428 4755 mortem
2480 4702 2528 4756 ei
2577 4702 2782 4756 dicatur
2810 4704 3122 4769 anathema,
3173 4715 3231 4759 et
3258 4721 3452 4760 nomen
3484 4708 3607 4775 ejus
3635 4711 3768 4765 inter

2205 4790 2512 4845 sacerdotes
2542 4791 2632 4844 Dei
2675 4807 2782 4846 non
2829 4803 3203 4862 computetur;
3256 4809 3356 4848 nec
3405 4801 3769 4853 excusationis

2203 4879 2278 4932 illi
2310 4879 2456 4932 locus
2482 4880 2568 4945 sit,
2596 4881 2737 4949 quod
2767 4875 3044 4936 intestatus
3072 4882 3397 4938 decesserit:
3429 4886 3558 4952 quia
3589 4889 3770 4956 utique

2205 4967 2388 5020 debuit
2413 4966 2584 5022 factus
2605 4970 2906 5039 episcopus,
2957 4972 3038 5025 rei
3074 4987 3183 5026 suae
3211 4971 3614 5031 ordinationem
3645 4994 3770 5033 eon-

2203 5069 2386 5123 gruam
2415 5071 2523 5110 suae
2551 5055 2869 5126 professioni
2905 5075 3238 5130 nequaquam
3287 5061 3341 5115 in
3383 5063 3526 5118 aliud
3561 5074 3774 5138 tempus

2203 5145 2436 5200 dill'erre.
2481 5165 2499 5198 ι
2544 5146 2600 5202 Si
2649 5148 2844 5218 itaque,
2898 5151 3348 5218 quemadmodum
3399 5156 3771 5216 ecclesiastico

2203 5247 2271 5287 eo
2299 5249 2505 5288 canone
2542 5235 2818 5291 deﬁnitum
2848 5247 2948 5302 est,
2991 5251 3113 5312 post
3140 5251 3367 5296 mortem
3397 5260 3618 5316 quoque
3645 5264 3774 5304 ana-

2207 5323 2442 5380 themate
2472 5326 2734 5380 feriuntur
2748 5329 2982 5401 episcOpi
2997 5331 3066 5387 ob
3080 5330 3290 5386 divitias
3323 5335 3467 5403 ipsas
3509 5337 3662 5393 haud
3688 5356 3770 5395 re—

2201 5421 2290 5468 cte
2345 5413 2685 5481 distributas,
2747 5427 2949 5486 quanto
2978 5421 3172 5487 justius
3216 5429 3772 5485 excommunicationi

2203 5502 2516 5571 subjiciendi
2543 5513 2699 5559 erunt
2726 5507 2817 5576 qui
2858 5508 2911 5560 in
2951 5507 3117 5563 Deum
3162 5511 3336 5580 ipsum
3383 5529 3770 5584 peccaverunt,

2205 5595 2416 5652 dicente
2442 5599 2758 5669 Scriptura:
2809 5599 2869 5655 Si
2907 5601 3056 5656 homo
3096 5592 3150 5658 in
3175 5605 3431 5660 hominem
3457 5615 3769 5678 peccaueris,

2203 5690 2301 5743 erit
2323 5691 2407 5758 qui
2437 5707 2528 5758 pro
2554 5693 2666 5760 ipso
2695 5701 2842 5758 oret;
2893 5694 2938 5748 si
2981 5703 3149 5750 autem
3187 5696 3238 5751 in
3280 5695 3446 5752 Deum
3471 5701 3770 5777 deliquerit,

2204 5781 2316 5848 quis
2342 5782 2504 5833 orabit
2527 5797 2621 5852 pro
2648 5797 2706 5835 eo
2727 5782 2754 5834 1‘
