3924 6294
291 349 428 415 1Π93

337 460 705 525 ’Δποδείξαντες
759 462 812 516 δὲ
875 462 953 519 ὅτι
1002 466 1052 517 ἓν
1111 474 1222 525 τοῖς
1273 464 1590 538 προλαϐοῦσι
1637 465 1839 538 χρόνοις
1872 472 1912 526 Λ

273 555 461 630 ὡρίσθη
481 555 621 627 παρά
644 560 742 607 τῶν
770 553 923 624 ὰγίων
952 556 1187 629 πατέρων
1218 564 1407 630 χρῆναι
1435 560 1519 610 καί
1537 558 1664 627 μετά
1684 556 1840 612 θοίνα-

276 665 358 701 εον
377 645 811 714 άναθεματίζεσθαι
835 648 950 705 τοὺς
989 644 1086 700 εἴτε
1117 650 1189 705 είς
1213 651 1412 715 πίστιν,
1439 645 1538 702 εἴτε
1576 651 1647 708 είς
1690 647 1841 703 κανό-

274 751 359 794 νας
384 733 804 804 ἁμαρτήσαντας,
836 735 1105 805 ἀναγκαῖον
1134 732 1254 790 εἶναι
1280 737 1565 806 συνείδομεν
1594 740 1677 792 καὶ
1700 741 1766 793 τά
1792 740 1840 792 έν

274 833 372 884 τοῖς
409 825 666 897 ἡμετέροις
695 824 901 897 χρόνοις
930 825 1168 896 γενόμενα
1208 831 1342 880 πᾶσι
1371 824 1492 883 δῆλα
1519 836 1840 885 καταστῆσαι

271 916 396 987 πρθς
424 916 673 989 άναίρεση
699 916 867 974 πάσης
895 916 1120 989 ἀφορμῆς
1142 923 1239 969 τῶν
1266 919 1384 976 τούς
1410 925 1675 991 προφανεῖς
1701 918 1839 990 αίρε-

270 1005 457 1063 τικούς,
477 1005 560 1056 καί
579 1008 670 1062 τήν
688 1007 880 1057 τούτων
903 1005 1001 1057 ἆσέ
1007 1006 1142 1057 ξειαν
1166 1003 1507 1059 ἐκδικούντων.
1535 1008 1838 1079 Λαυρέντιον

272 1095 365 1167 γάρ
387 1133 401 1153 ,
445 1096 526 1147 καί
552 1094 839 1167 Διόσκορον,
883 1098 1004 1154 τοὺς
1032 1096 1079 1148 ἐν
1107 1094 1354 1170 διαςόροις
1383 1096 1588 1169 χρόνοις
1618 1103 1705 1156 τὴν
1739 1104 1831 1153 τοῦ

271 1182 597 1237 ἀποστολικοῦ
622 1183 798 1257 θρόνου
828 1186 1102 1256 ίερωσύπν
1128 1184 1527 1259 ὑφαρπάσαντας
1543 1232 1556 1255 ,
1588 1191 1631 1242 εἰ
1655 1193 1737 1243 καί
1760 1195 1831 1259 μή

270 1271 338 1327 εἷς
378 1273 549 1325 πίστιν
588 1273 838 1344 ἥμαρτον,
881 1273 985 1327 ἀλλ’
1027 1269 1111 1325 οὖν
1151 1273 1321 1333 ἐπειδή
1367 1279 1495 1329 κατά
1527 1275 1829 1353 περιδρομὴν

271 1357 594 1413 ἐσπούδασαν
618 1368 708 1420 τῆς
737 1363 1014 1422 ἐπισκοπῆς
1039 1358 1358 1417 έπιλαϐέσθαι
1376 1403 1391 1427 ,
1420 1366 1547 1431 μετά
1570 1367 1774 1421 θάνατον
1801 1367 1826 1421 ὁ

271 1446 596 1508 άποστολφκὸς
618 1448 785 1523 θρόνος
814 1452 1077 1522 κατέκρινε,
1106 1454 1190 1504 καί
1212 1452 1575 1518 ἀνεθεμάτισεν.

1029 335 1391 395 EPISTOLA
1435 331 1829 400 ADVERSUS
1866 340 2344 400 THEODORUM
2384 340 2797 405 MOPSUEST.

2012 468 2143 522 Cum
2173 478 2352 523 autem
2373 472 2770 530 ostenderimus
2798 476 2959 531 fuisse
2984 477 3265 548 praeteritis
3294 490 3502 555 tempo-

1945 558 2091 613 ribus
2120 574 2150 612 a
2180 562 2378 615 sanctis
2405 560 2653 617 Ecclesia:
2676 564 2919 622 Patribus
2944 568 3059 636 lege
3078 573 3359 641 sancitum,
3381 582 3508 643 post

1945 661 2173 706 mortem
2203 653 2383 718 etiam,
2427 669 2519 709 eos
2547 656 2634 725 qui
2664 657 2751 710 vel
2777 667 2964 713 contra
3004 661 3178 729 (idem,
3211 664 3295 718 vel
3322 665 3518 722 adver-

1944 753 2033 793 sus
2044 738 2292 797 Ecclesia:
2310 757 2545 798 canones
2565 747 2876 812 erraverint,
2893 750 3323 808 anathematizari
3345 771 3505 824 opor—

1947 838 2061 885 tere
2086 850 2098 884 :
2138 835 2497 888 uecessarimu
2528 837 2728 905 pariter
2755 853 2871 893 esse
2900 843 3245 910 prospicimus
3273 860 3335 898 ea
3364 861 3502 914 quo»

1942 932 2047 986 que
2075 936 2192 988 quae
2220 932 2402 976 nostra
2446 924 2547 978 hac
2591 932 2750 979 aetate
2782 924 2922 980 facta
2972 937 3097 983 sunt
3122 933 3368 987 omnibus
3397 950 3502 986 ma-

1935 1009 2128 1062 nifesta
2174 1012 2522 1076 constituere,
2576 1020 2633 1065 ut
2676 1014 2848 1067 omnis
2877 1016 3093 1069 tollatur
3120 1019 3499 1082 contradictio,

1933 1114 2051 1166 qua":
2078 1115 2107 1152 a
2137 1099 2480 1169 profanorum
2510 1101 2902 1169 haereticorum,
2936 1105 3278 1174 ipsorumque
3307 1107 3501 1177 impiea

1936 1189 2059 1240 tatis
2098 1188 2588 1256 patrocinatoribus
2635 1192 2804 1258 possit
2854 1192 3099 1246 excitari.
3152 1193 3499 1251 Laurentium

1934 1288 2165 1341 namque
2205 1282 2259 1328 et
2288 1274 2619 1342 Dioscorum,
2642 1278 2733 1345 qui
2762 1278 2983 1333 diversis
3012 1283 3337 1348 temporibus
3359 1299 3496 1353 apo-

1931 1362 2106 1416 stolici
2145 1364 2324 1418 throni
2370 1366 2708 1420 sanctitatem
2755 1368 3149 1445 subripuerant,
3196 1387 3497 1440 quanquam

1932 1451 2062 1505 nihil
2090 1451 2143 1504 in
2175 1449 2278 1506 ﬁde
2299 1462 2629 1521 peccassent,
2654 1455 2724 1509 ob
2754 1455 2982 1525 idipsum
3005 1465 3207 1527 tamen,
3229 1462 3372 1529 quod
3400 1480 3496 1532 per

1934 1542 2183 1610 ambages
2209 1543 2574 1613 episcopatum
2602 1546 2872 1615 suscipere
2900 1548 3081 1602 conati
3109 1549 3350 1616 fuerant,
3391 1554 3496 1612 vita

268 1620 369 1690 iam
398 1621 607 1678 functos
634 1626 924 1694 apostolica
945 1625 1198 1695 judicavit
1224 1630 1401 1697 sedes,
1433 1639 1592 1701 atque
1618 1634 1992 1687 condemnavit

336 1713 530 1773 Ἐπειδὴ
572 1714 624 1770 δέ
667 1720 749 1772 καί
796 1725 942 1773 τοῦτο
1005 1728 1110 1780 τοῖς
1168 1723 1432 1796 ὑμετέροις
1486 1725 1819 1797 προσεθήκατε

2004 1722 2201 1777 Verum
2223 1738 2342 1776 cum
2381 1723 2435 1777 in
2467 1725 2659 1780 vestris
2683 1725 2875 1781 litteris
2904 1728 2956 1782 id
2978 1730 3138 1784 etiam
3160 1732 3493 1801 adjcceritis:

264 1803 581 1877 γράμμασιν,
614 1803 692 1862 ὅτι
724 1809 807 1862 ἐάν
845 1830 921 1869 τις
958 1813 1044 1864 τὸν
1071 1812 1407 1886 αίρεσιάρχην
1450 1815 1793 1886 άναθεματίσῃ
1813 1854 1828 1878 ,

265 1898 348 1949 καί
373 1893 487 1968 εἴπῃ
507 1901 833 1971 κατακρίνων,
863 1904 941 1953 καί
966 1904 1080 1960 τοὺς
1101 1905 1163 1956 τά
1185 1901 1331 1973 ὃμοια
1350 1911 1645 1974 φρονοῦντας
1673 1908 1827 1976 αὐτῷ,

265 1988 729 2060 συμπεριλαμϐάνει
763 1991 954 2051 πάντας
981 1995 1098 2051 τοὺς
1134 1991 1214 2047 ὅτε
1242 1992 1424 2051 δήποτε
1459 2001 1623 2049 ταῦτα
1658 1999 1828 2069 φρονήδ

265 2090 475 2133 σαντας·
498 2079 584 2129 καὶ
610 2073 693 2149 διά
725 2084 870 2131 τοῦτο
898 2077 1069 2137 ἐπειδὴ
1098 2081 1287 2134 Παῦλον
1310 2082 1393 2134 τὸν
1418 2085 1832 2151 Σαμοσατέανκαὶ

264 2168 464 2231 Φὼτιον,
491 2169 575 2220 καί
600 2168 818 2222 Βὸνωσον
837 2209 849 2229 ,
878 2173 961 2222 καί
1002 2171 1266 2244 Νεστὸριον
1292 2173 1672 2242 άναθεματίζετε
1694 2218 1707 2239 ,
1739 2177 1830 2228 οὐκ

264 2256 472 2324 ὀφείλετε
500 2259 582 2309 καί
604 2256 861 2330 Θεόδωρον
895 2260 978 2313 τὸν
1003 2261 1069 2314 τά
1112 2258 1259 2330 ὅμοια
1296 2262 1490 2321 ἐκείνοις
1516 2268 1830 2336 φρονήσαντα

259 2345 498 2413 ὀνομαστί
561 2347 945 2417 άναθεματίσαι.
1009 2352 1284 2403 Γινώσκετε
1352 2346 1430 2405 ὅτι
1492 2358 1691 2424 πρῶτον
1737 2356 1829 2420 μέν

262 2434 429 2488 ἐκεῖνοι
473 2433 602 2506 δίχα
644 2436 882 2508 ὀνόματος
927 2438 1370 2508 άναθεματίζονται
1406 2440 1451 2493 οἱ
1480 2442 1612 2494 κατά
1640 2441 1826 2499 πλάνην

261 2523 683 2585 ἀκολουθήσαντες
726 2533 838 2586 τοῖς
872 2526 1271 2603 αίρεσιάρχαις,
1319 2530 1376 2581 οὐ
1415 2533 1511 2597 μην
1561 2530 1606 2582 οί
1648 2526 1825 2589 ἄλλους

260 2615 606 2673 ἀπατήσαντες
656 2617 780 2674 Τοὺς
809 2617 902 2690 γάρ
940 2619 1204 2689 ἀρχηγοὺς
1235 2625 1332 2672 τῶν
1357 2618 1590 2692 αἱρέσεων
1615 2620 1699 2673 και
1722 2622 1827 2672 ονο-

259 2704 415 2770 μαστὶ
440 2703 471 2759 ἡ
499 2703 733 2760 ἐκκλησία
753 2710 841 2757 τοῦ
867 2713 992 2759 Θεοῦ
1019 2708 1381 2773 dardana-riter
1411 2704 1670 2776 Θεόδωρος
1696 2705 1746 2759 δέ
1769 2709 1825 2758 οὐ

260 2792 400 2861 μόνον
420 2789 717 2854 διδάσκαλος
739 2790 796 2852 ἧν
821 2802 911 2854 τῆς
937 2799 1207 2871 Νεστορίου
1237 2794 1561 2856 δυσσεϐείας,
1586 2796 1708 2849 άλλά
1737 2801 1821 2850 καί

259 2886 465 2947 πολλοὺς
487 2886 568 2941 διά
594 2894 695 2942 τῶν
717 2888 914 2943 ἀσεϐῶν
934 2891 1083 2943 αὐτοῦ
1108 2888 1521 2962 συγγραμμάτων
1544 2890 1818 2947 ἠπάτησεν.

254 2971 451 3051 Ὠσπερ
488 2979 584 3055 γάρ
613 2979 658 3031 οί
684 2980 815 3053 ὀρθοί
840 2988 930 3038 τῆς
969 2981 1236 3039 ἐκκλησίας
1275 2979 1563 3034 διδάσκαλοι
1603 2978 1684 3034 διά
1722 2988 1820 3033 τῶν

1931 1814 1975 1867 si
2004 1815 2123 1883 quis
2166 1813 2472 1869 haereticum
2521 1818 3074 1886 anathematizaverit,
3123 1831 3177 1877 et
3224 1825 3277 1878 in
3321 1826 3492 1897 ipsum

1929 1904 2251 1969 sententiam
2275 1905 2470 1967 ferens,
2500 1922 2673 1959 omnes
2695 1923 2890 1979 quoque
2919 1925 3032 1962 cum
3057 1912 3168 1979 ipso
3197 1917 3490 1983 sentientes,

1931 1992 2255 2059 adjunxerit,
2291 2007 2412 2046 eum
2461 1993 2578 2046 illos
2614 2010 2801 2061 omnes
2828 1998 3133 2066 complecti,
3175 2002 3264 2068 qui
3306 2006 3493 2071 quavis

1930 2082 2139 2136 ratione
2177 2081 2230 2135 id
2276 2082 2448 2150 ipsum
2476 2083 2618 2150 quod
2645 2084 2928 2139 damnatur
2972 2088 3354 2154 probaverim:
3387 2092 3492 2146 ita-

1929 2186 2034 2240 que
2077 2186 2199 2224 cum
2250 2168 2471 2224 Paulum
2516 2171 2968 2239 Samosatensem,
3017 2183 3073 2228 et
3118 2174 3383 2244 Photium,
3434 2188 3490 2233 et

1928 2261 2253 2326 Nestorium,
2305 2267 2360 2313 et
2394 2259 2671 2337 Bonosum
2716 2262 3214 2329 condemnaveritis,
3270 2266 3490 2321 minime
3572 2337 3584 2343 η

1930 2366 2064 2421 opus
2106 2362 2225 2403 esse
2270 2356 2328 2402 ut
2366 2336 2706 2402 Theodorum
2735 2365 2948 2418 quoque
2983 2352 3169 2406 eadem
3206 2368 3326 2407 cum
3355 2356 3485 2426 ipsis

1927 2440 2244 2494 sentientem
2274 2438 2586 2491 nominatim
2638 2439 3042 2493 condemnetis:
3088 2442 3278 2496 scitote
3315 2446 3489 2512 primo

1925 2531 2139 2599 quidem
2169 2529 2288 2584 illos
2317 2543 2603 2598 suppresso
2632 2530 2848 2584 nomine
2891 2532 3347 2599 anathematizari,
3399 2536 3487 2605 qui

1927 2620 2187 2674 haeresum
2209 2625 2456 2671 auctores
2483 2624 2605 2671 sunt
2631 2617 2685 2670 in
2709 2632 2893 2672 errore
2919 2619 3109 2684 secuti,
3142 2630 3366 2676 caeteros
3394 2638 3486 2674 au-

1926 2717 2031 2761 tem
2060 2705 2275 2759 minime
2314 2704 2657 2774 deceperunt.
2691 2704 2759 2758 At
2782 2721 2912 2760 vero
2950 2707 3210 2762 haeresqu
3246 2708 3408 2764 duces
3434 2719 3485 2764 et

1926 2796 2205 2864 magistros
2233 2792 2472 2848 Ecclesia
2498 2793 2814 2847 nominatim
2845 2797 3276 2851 anathematizat.
3310 2795 3486 2853 Theo-

1924 2886 2086 2938 dorus
2113 2898 2275 2953 porro
2304 2898 2410 2937 non
2439 2882 2599 2936 modo
2626 2881 2856 2938 Nestorii
2874 2885 3126 2953 magister
3153 2888 3375 2952 exstitit,
3397 2903 3484 2943 ve-

1923 2994 2039 3032 rum
2069 2979 2233 3032 etiam
2261 2976 2446 3045 impiis
2473 2976 2687 3044 scriptis
2713 2976 2824 3029 suis
2851 2976 3146 3044 permultos
3187 2977 3391 3030 induxit
3426 2977 3485 3030 in

258 3066 442 3120 οίκείων
470 3067 706 3121 ἐκθέσεων
729 3071 1068 3140 γνωρίζονται,
1100 3071 1180 3122 καί
1211 3069 1549 3130 ἐπαινοῦνται,
1577 3067 1712 3122 οὕτω
1741 3070 1819 3122 καί

1924 3081 2181 3122 errorem.
2231 3064 2440 3121 Etenim
2475 3063 2923 3132 quemadmodum
2952 3065 3082 3118 recti
3112 3063 3363 3119 Ecclesiae
3388 3066 3483 3120 do-

258 3154 310 3207 έκ
349 3159 436 3207 τοῦ
473 3155 690 3208 ἕναντίου
732 3157 917 3214 πάντες
953 3156 1001 3208 οἱ
1043 3164 1133 3214 τῆς
1159 3154 1447 3219 κακοδοξίας
1473 3159 1700 3232 ἀρχηγοὶ
1738 3155 1819 3212 διὰ

258 3249 351 3296 τῶν
384 3242 517 3297 ἰδίων
543 3246 743 3299 ἀσεϐῶν
770 3247 1177 3319 συγγραμμάτων
1203 3247 1527 3320 ἐλέγχονται,
1572 3250 1654 3300 καὶ
1699 3247 1818 3303 ἀνα·

257 3335 620 3401 θεματίζονται.
650 3334 833 3391 Ὀπότε
871 3341 1033 3392 τοίνυν
1081 3338 1336 3414 Θεόδωρος
1364 3344 1448 3393 καί
1484 3341 1816 3416 ατρεσιάιςχης

259 3425 445 3494 γέγονε,
487 3429 568 3478 καί
611 3428 976 3498 ἀναριθμήτους
1022 3428 1339 3504 βλασφημίας
1386 3431 1435 3482 ἓν
1475 3437 1586 3489 τοῖς
1621 3433 1815 3494 οἰκείοις

255 3512 464 3580 βιϐλίοις
492 3514 747 3584 ἐξήμεσεν,
778 3515 1007 3585 οὐδεμίαν
1035 3514 1183 3586 ἴχετε
1213 3516 1405 3572 δικαίαν
1450 3521 1667 3595 ἀφορμὴν
1690 3523 1815 3595 πρὸς

256 3602 309 3654 τὸ
336 3605 744 3676 παραιτήσασθαι
763 3605 846 3658 τὸν
871 3606 981 3659 κατ’
1008 3606 1158 3659 αὐτοῦ
1186 3607 1600 3678 άναθεματισμὸν.

316 3875 433 3946 Περί
461 3870 514 3927 δέ
536 3880 627 3931 τῆς
655 3873 891 3930 ἐκθέσεως
916 3881 1006 3931 τῆς
1032 3874 1248 3932 πίστεως
1269 3910 1284 3936 ,
1317 3874 1377 3931 ἣν
1404 3881 1509 3932 τοῖς
1551 3876 1810 3949 ὑμετέροις

253 3965 537 4037 γράμμασιν
578 3964 858 4027 ἐνεθήκατε,
892 3965 934 4017 εί
977 3963 1240 4019 καὶπολλὰ
1266 3961 1471 4034 εἴχομεν
1494 3965 1809 4036 μέμψασθαι,

250 4054 350 4107 ἀλλ’
378 4051 462 4108 οὖν
488 4053 624 4116 ὅπως
659 4055 742 4110 διά
781 4062 870 4114 την
898 4056 1144 4130 ὑμετέραν
1179 4053 1376 4128 ἄγνοιαν
1422 4061 1505 4111 καὶ
1556 4056 1810 4115 ἁπλότητα

251 4150 396 4199 τοῦτο
442 4147 763 4219 παραλείπειν
805 4148 930 4207 τέως
976 4145 1076 4201 δεῖν
1114 4148 1435 4218 ἐνομίσαμεν,
1476 4147 1527 4201 ἕν
1560 4169 1666 4203 τισι
1708 4151 1809 4222 γάρ

250 4239 537 4307 ἀνσσφαλῶς
562 4239 836 4312 ἐγράψατε.
876 4238 960 4294 Ἐν
1000 4263 1103 4296 τισι
1140 4243 1332 4316 ῥήματα
1365 4242 1639 4315 τεθείκατε,
1684 4242 1810 4313 μηδέ

248 4334 356 4387 ταῖς
379 4327 531 4385 θείαις
556 4336 773 4401 γραφαῖς
790 4369 806 4393 ,
850 4328 972 4402 μηδέ
1000 4338 1105 4389 τοῖς
1139 4334 1298 4402 ἁγίοις
1335 4335 1590 4402 πατράσιν
1618 4335 1806 4404 ἔγνωσ-

239 4418 385 4486 μένα·
415 4423 462 4470 ἱν
487 4413 653 4478 ἄλλοις
691 4417 744 4472 δέ
771 4422 889 4497 τοὺς
922 4418 1249 4481 διδασκάλους
1277 4429 1367 4481 τῆς
1404 4424 1659 4484 ἐκκλησίας
1691 4422 1804 4493 τόγε

1923 3165 2100 3212 ctores
2128 3170 2195 3210 ex
2227 3153 2457 3225 propriis
2491 3153 2746 3207 doctrinis
2770 3163 3135 3221 agnoscuntur
3163 3163 3324 3222 atque
3354 3169 3481 3223 pro-

1923 3256 2042 3316 pter
2068 3246 2211 3315 ipsas
2237 3244 2705 3309 commendantur,
2738 3243 2810 3297 ita
2840 3252 3078 3309 econtra,
3112 3259 3480 3312 perversarum

1922 3337 2307 3392 sententiarum
2357 3343 2602 3390 auctores
2632 3350 2696 3389 ex
2729 3336 2957 3404 propriis
3002 3336 3240 3405 ipsorum
3289 3337 3479 3392 litteris

1919 3427 2309 3497 redarguuntur
2351 3428 2511 3495 atque
2555 3426 3087 3481 anathematizantur.
3145 3427 3278 3481 Cum
3321 3429 3479 3496 igitur

1923 3518 2237 3572 Theodorus
2283 3525 2337 3570 et
2365 3517 2746 3571 haeresiarches
2789 3518 3054 3571 exstiterit
3081 3525 3137 3573 et
3175 3519 3479 3573 innumeras

1918 3623 2084 3678 prope
2108 3605 2462 3675 blasphemias
2489 3607 2543 3659 in
2568 3606 2678 3659 suis
2710 3604 2857 3659 libris
2885 3607 3183 3674 protulerit,
3228 3607 3355 3660 nihil
3383 3622 3477 3661 vo-

1918 3699 1999 3753 bis
2040 3705 2284 3767 superest
2311 3712 2484 3752 causze
2521 3711 2618 3750 cur
2662 3697 2946 3750 anathema
2984 3698 3038 3751 in
3085 3697 3259 3766 ipsum
3299 3698 3478 3754 dicere

1915 3788 2243 3843 detrectetis.

1985 3876 2141 3931 Circa
2172 3875 2291 3930 lidei
2320 3890 2448 3930 vero
2479 3875 2889 3943 expositionem,
2919 3890 3078 3945 quam
3117 3877 3309 3933 vestris
3335 3878 3476 3934 litte-

1915 3967 1987 4022 ris
2016 3963 2309 4020 inseru'istis
2329 4005 2344 4031 ,
2383 3964 2484 4019 etsi
2529 3964 2695 4018 multa
2724 3966 2831 4018 sint
2875 3965 2942 4019 de
2979 3965 3172 4034 quibus
3198 3968 3354 4022 nobis
3382 3984 3476 4023 νιν

1913 4056 2116 4111 hiscum
2143 4061 2284 4109 esset
2311 4054 2767 4122 conquerendum,
2820 4053 2984 4108 nihilo
3015 4062 3191 4108 tamen
3219 4055 3394 4112 minus
3423 4057 3477 4110 id

1916 4150 2088 4198 totum
2148 4141 2460 4210 ignorantia:
2496 4140 2927 4208 simplicitatique
2980 4141 3268 4196 condonari
3316 4157 3474 4212 Opor-

1917 4242 2030 4288 tere
2052 4230 2488 4288 existimavimus.
2526 4230 2739 4285 Alicubi
2762 4246 2993 4300 namque
3023 4239 3231 4286 versate
3256 4234 3473 4302 scripsi-

1912 4326 2028 4390 stis,
2055 4323 2247 4378 alicubi
2276 4323 2454 4379 verbis
2482 4322 2562 4377 usi
2588 4321 2737 4386 estis,
2764 4337 2943 4392 neque
2970 4324 3024 4377 in
3052 4325 3220 4379 sacris
3258 4325 3472 4393 litteris,

1914 4429 2090 4483 neque
2116 4429 2148 4468 a
2174 4413 2378 4469 sanctis
2399 4411 2653 4466 Ecclesiae
2677 4411 2918 4465 Patribus
2937 4425 3168 4480 unquam
3191 4412 3470 4478 adhibitis;

246 4510 311 4568 είς
332 4509 465 4578 ὑμᾶς
489 4506 603 4567 ἧκον
629 4508 1011 4565 κατεδικάσατε.
1041 4514 1169 4583 Πρὸς
1189 4511 1384 4571 τούτοις
1408 4511 1459 4566 δὲ
1486 4516 1569 4567 καί
1596 4536 1707 4569 τινα
1733 4519 1806 4574 εἰς

1924 4503 2032 4557 Ilibi
2063 4502 2313 4557 Ecclesiae
2339 4500 2587 4555 doctores
2613 4501 2775 4569 ipsos,
2795 4499 2947 4568 juxta
2969 4501 3112 4570 quod
3129 4502 3280 4556 vobis
3301 4502 3470 4557 visum

250 4602 329 4656 τήν
374 4596 628 4672 ὀρθὸδοξον
679 4603 994 4655 συντείνοντα
1050 4605 1218 4656 πίστιν
1261 4602 1618 4675 παρελείφθη.
1664 4601 1805 4658 Ὀθεν

246 4692 349 4762 χρὴ
374 4690 508 4759 ὑμᾶς
545 4691 673 4743 κατὰ
706 4693 794 4746 τήν
838 4691 1132 4760 παραίνεσιν
1175 4696 1273 4743 τῶν
1319 4690 1470 4760 ἁγίων
1516 4694 1745 4765 πατέρων
1772 4693 1802 4752 ἧ

236 4781 571 4857 γινώσκοντας
612 4780 791 4843 λαλεῖν,
830 4780 863 4840 ἦ
892 4781 1194 4853 ἀγνοοῦντας
1221 4787 1438 4853 σιωπᾷν,
1471 4787 1554 4837 καί
1579 4785 1679 4839 άπὸ
1705 4792 1803 4838 τῶν

234 4868 579 4935 ὶπισταμένων
607 4867 944 4923 διδάσκεσθαι.

310 5135 511 5196 Ἐπειδή
554 5135 606 5191 δέ
649 5137 902 5212 ἐγράψατε
941 5140 1085 5206 ἡμῖν,
1133 5146 1240 5198 πῶς
1285 5139 1532 5210 ὀφείλομεν
1573 5148 1679 5201 τοῖς
1722 5142 1799 5195 Δί-

239 5229 466 5294 γυπτίοις
490 5229 867 5301 ἀποκρίνασθαι,
892 5226 1206 5298 θαυμάζομεν
1231 5229 1387 5297 ὑμᾶς,
1416 5226 1498 5284 ὅτι
1522 5234 1610 5288 τήν
1633 5233 1795 5288 άσεεῆ

237 5316 501 5374 επιστολὴν
529 5315 710 5373 ἐκείνην
743 5319 825 5368 καί
851 5313 1132 5388 Θεόδωρον,
1162 5319 1247 5369 καί
1271 5315 1566 5391 Νεστόριον,
1599 5321 1678 5371 καί
1705 5324 1793 5377 τήν

237 5402 522 5468 κακοδοξίαν
559 5410 647 5462 τήν
684 5406 850 5458 αὐτῶν
892 5402 1223 5467 ἐκδικοῦντες,
1253 5410 1369 5474 ἡμῖν
1406 5417 1659 5480 παραινεῖν
1686 5411 1795 5462 έπιο

237 5504 489 5565 χειρεῖτε,
536 5494 588 5547 τί
633 5493 882 5565 ὀφείλομεν
936 5488 1097 5553 ἄλλοις
1123 5494 1362 5553 ἐναντίοις
1404 5504 1494 5554 τῆς
1539 5496 1796 5558 ἐκκλησίας

234 5583 614 5656 ἀποκρίνασθαι.
644 5582 699 5634 Ei
725 5583 822 5654 γάρ
849 5601 926 5640 τις
953 5589 1059 5638 τοῖς
1081 5579 1202 5651 παρ’
1223 5584 1360 5654 ὑμῶν
1388 5591 1625 5657 γραφεῖσι
1650 5606 1796 5640 συνε-

236 5670 364 5722 θέσει
403 5670 547 5739 (sic),
581 5668 722 5723 οὐδέν
749 5671 912 5743 ἕτερον
945 5671 1241 5745 παραινέσει
1279 5680 1386 5732 τοῖς
1412 5670 1734 5746 ’Διγυπτίοις,
1765 5674 1795 5734 ἦ

234 5758 594 5834 Θεόδωρονααί
627 5756 891 5833 Νεστόρισν
939 5764 1054 5820 τοὺς
1089 5760 1368 5834 αἱρετικῶς
1414 5761 1677 5830 sagaces!"
1711 5767 1795 5818 καὶ

1907 4601 2006 4658 est,
2039 4591 2455 4659 condemnastis,
2485 4596 2647 4658 atque
2675 4588 2852 4644 adhuc
2880 4590 3160 4658 quemdam
3191 4591 3257 4645 ad
3285 4592 3468 4648 ortho-

1903 4684 2098 4738 doxam
2128 4678 2288 4737 [idem
2313 4681 2534 4735 omnino
2569 4680 2926 4750 pertinentem
2967 4679 3179 4734 silentio
3206 4681 3466 4750 praeterii-

1901 4774 2017 4827 stis.
2059 4771 2398 4841 Quapropter
2418 4777 2632 4838 oportet
2672 4785 2781 4834 vos,
2828 4769 2980 4837 juxta
3009 4778 3318 4824 sanctorum
3357 4769 3463 4824 Pa-

1900 4872 2040 4918 tium
2072 4861 2512 4922 admonitionem,
2543 4859 2628 4913 vel
2657 4859 2888 4914 scientes
2912 4859 3077 4928 loqui,
3107 4861 3193 4912 vel
3221 4860 3266 4913 si
3293 4860 3464 4927 ignari

1902 4955 2059 5020 estis,
2115 4960 2322 5016 tacere,
2371 4957 2533 5017 atque
2590 4949 2658 5002 ab
2701 4948 2873 5004 doctis
2911 4957 2968 5003 et
3011 4949 3300 5004 scientibus
3339 4964 3463 5005 eru-

1896 5041 2015 5095 diri.

1966 5138 2084 5193 Jam
2112 5151 2240 5190 vero
2279 5149 2400 5189 cum
2430 5132 2778 5202 scripseritis,
2809 5130 3252 5199 quemadmodum
3287 5128 3460 5200 Egyo

1899 5226 2020 5296 ptiis
2065 5221 2390 5291 respondere
2436 5221 2745 5283 debeamus,
2791 5221 3050 5273 miramur
3075 5218 3311 5286 quidem,
3359 5234 3456 5300 vos

1895 5314 2102 5368 scilicet
2129 5310 2220 5380 qui
2251 5310 2467 5381 impiam
2488 5324 2606 5363 eam
2635 5308 2933 5377 epistolam,
2964 5308 3327 5375 Theodorum,
3354 5302 3458 5362 Ne;

1893 5402 2133 5467 storium,
2161 5411 2544 5468 perversasque
2565 5410 2748 5450 eorum
2776 5396 3067 5451 sententias
3091 5394 3456 5464 defeaideritis,

1895 5506 2036 5545 nunc
2060 5502 2405 5545 commonere
2442 5502 2541 5541 nos
2584 5487 2893 5552 instituisse,
2935 5486 3061 5554 quid
3099 5477 3170 5541 sit
3217 5502 3248 5541 a
3276 5486 3433 5541 nobis

1896 5581 2012 5634 aliis
2055 5577 2301 5634 Ecclesitn
2332 5577 2574 5632 hostibus
2619 5573 3070 5645 respondendum.
3111 5575 3381 5644 Siquidem
3409 5575 3459 5630 si

1896 5686 1960 5726 ea
2005 5684 2122 5739 quae
2164 5668 2359 5736 scripta
2402 5682 2433 5721 a
2478 5666 2629 5721 vobis
2678 5673 2804 5720 sunt
2847 5665 2970 5733 quis
3013 5663 3456 5730 consideraverit,

1896 5760 2027 5817 nihil
2056 5759 2198 5816 aliud
2222 5758 2503 5829 Egyptios
2529 5759 2845 5829 hortabitur,
2878 5774 3041 5828 quam
3074 5769 3132 5816 ut
3153 5759 3458 5816 Nestorium
