3924 6294
561 228 698 293 1099

567 446 598 485 a
628 437 851 503 sceptris
889 449 1008 504 qua:
1039 445 1163 491 ante
1189 451 1286 492 nos
1323 437 1530 494 inerunt
1563 453 1747 498 contra
1792 449 1959 516 ipsum
1999 450 2130 503 scri-

566 535 711 589 ptum
739 535 851 577 erat
877 565 892 591 ,
935 527 1096 582 variis
1123 527 1431 598 dogmatutn
1462 541 1515 586 et
1551 547 1580 586 a
1628 535 1947 592 rectitudine
2002 541 2130 594 alie-

562 615 699 668 natis
721 611 994 671 fraudibus
1023 625 1078 673 et
1106 623 1422 675 commentis
1473 637 1535 678 ac
1582 624 1924 692 blasphemiis
1975 647 2126 685 nsum

561 701 742 770 fuisse,
761 720 822 759 ac
843 706 1086 762 universa
1111 711 1478 775 conturbasse,
1507 721 1560 767 et.
1587 715 1732 769 illum
1756 732 2127 789 quemcunque

559 809 798 851 errorem
855 799 1292 855 abominabilium
1326 802 1803 860 haeresiarcharum
1835 819 1889 861 et
1919 811 1968 862 in
1995 827 2126 877 qun-

557 901 676 940 rum
705 888 1007 959 dogmatnm
1041 893 1299 961 recipere,
1333 894 1560 950 Nestorii
1591 899 1820 952 dicimus
1845 941 1857 961 ,
1908 913 1964 953 et
2015 902 2123 954 Eu-

559 977 733 1049 t‘ychis
752 997 764 1006 ·
786 991 974 1035 etcum
995 997 1218 1051 uterque
1247 984 1434 1039 borum
1462 995 1842 1058 praeceptorum
1873 990 2122 1044 contrarii

555 1070 948 1137 quodammodo
976 1075 1201 1130 invicem
1235 1091 1356 1131 esse
1382 1077 1678 1145 videantur,
1711 1079 1778 1133 ad
1808 1096 1966 1133 unum
1997 1095 2123 1133 vero

553 1160 842 1230 impietatis
893 1162 1052 1218 ﬁnem
1101 1167 1341 1232 tendant,
1396 1169 1553 1221 etiam
1585 1169 1792 1221 illorum
1823 1169 2121 1238 divulgatos

557 1261 838 1305 sermones
864 1292 879 1318 ,
911 1267 1033 1308 eum
1065 1257 1114 1308 in
1145 1271 1308 1310 unum
1343 1258 1676 1310 formavisse.
1725 1256 1939 1310 Duobus
1976 1259 2118 1311 enim

556 1338 910 1394 existentibus
937 1343 1272 1410 dogmatibus
1317 1344 1382 1397 ad
1430 1345 1655 1399 invicem
1683 1348 2118 1415 repugnantibus,

554 1424 777 1496 quarum
818 1439 1104 1500 utrumque
1148 1433 1392 1487 similiter
1431 1435 1496 1488 ad
1547 1435 1737 1489 animm
1770 1437 2117 1504 perditionem

521 1501 533 1510 ’
551 1517 766 1573 adducit
791 1556 810 1587 ,
839 1520 1070 1576 Nestorii
1099 1523 1346 1578 videlicet
1374 1534 1428 1579 et
1456 1525 1708 1596 Eutycbis
1731 1501 2119 1598 (quemadmo-

551 1607 674 1662 dum
705 1608 932 1664 dicendo
957 1613 1313 1682 narra-vimus)
1335 1617 1424 1683 qui
1454 1629 1519 1670 ex
1545 1619 1860 1672 Arianorum
1883 1631 1938 1676 et
1959 1623 2117 1690 Apol-

1875 242 2313 303 JUSTINIANI
2354 243 2509 304 IMP.

562 345 714 397 simis
743 342 998 399 Ecclesiis
1028 346 1090 398 ad
1123 347 1345 401 invicem
1378 348 1709 408 immitteret.
1742 355 1808 410 Et
1836 357 1935 412 hoc
1966 363 2100 414 ctian

2202 414 2203 418 η
2231 366 2346 419 ταῖς
2377 359 2685 430 ἁγιωτάταις
2713 363 3002 427 ὶκκλησίαις
3033 367 3265 436 ἐμϐαλεῖν
3304 372 3437 444 πρὸς
3472 371 3730 433 ἀλλήλας
3775 390 3847 419 πθ-

3749 243 3763 304 l
3784 243 3852 307 hil

2230 450 2393 518 λεμον,
2438 455 2519 506 καί
2561 459 2715 508 τοῦτο
2763 458 2848 510 καί
2875 463 2986 515 τοῖς
3032 460 3132 534 πρὸ
3173 459 3316 530 ὑμῶν
3360 467 3694 536 σκήπτροις
3737 485 3846 536 πρά

2229 537 2382 592 αὐτόν
2426 543 2716 615 γεγράφθαι,
2766 546 3016 607 ποικίλαις
3044 549 3135 617 μὶν
3184 547 3459 622 δογμάτων
3488 557 3596 607 καί
3641 555 3836 610 ἄπηλὶι

2226 631 2525 700 τριωμέναις
2551 640 2641 692 τῆς
2671 633 2933 706 ὀρθότητος
2960 644 3236 712 περινοίαις
3256 662 3333 705 τε,
3359 646 3451 696 καί
3478 644 3832 716 βλασφημίαις

2229 722 2576 793 χρησάμενον.
2613 724 2818 781 ἅπαντα
2867 726 2922 782 δί
2961 734 3370 806 συνταράξαντα,
3423 739 3518 788 καὶ
3552 733 3723 806 μόνον
3755 748 3827 792 τίει

2226 818 2318 868 τῆς
2365 811 2604 883 ἐκατέρου
2651 822 2751 869 τῶν
2790 818 3143 894 αἷρεσιαρχῶν
3190 823 3384 883 πλάνης
3439 823 3734 899 βδελυρῶν
3767 849 3822 888 τε,

2226 902 2308 952 καί
2334 901 2546 954 ἀνοσίων
2584 901 2850 974 δογμάτων
2893 909 3248 979 ἀντεχόμενον..
3278 919 3586 984 Νεστορίου
3635 935 3716 978 τε,
3764 941 3823 969 n2

2224 989 2514 1058 Et‘rruxoﬁc,
2563 994 2646 1044 καί
2689 1002 2786 1046 τῶν
2835 994 3074 1072 ἐκατέρου
3123 1001 3318 1055 τούτων
3363 1003 3747 1075 καθηγεμόνων
3781 1008 3820 1069 ἔξ

2225 1077 2453 1139 ἐναντίας
2489 1084 2578 1152 μέν
2621 1105 2731 1142 πως
2777 1082 2903 1140 εἶναι
2933 1086 3205 1143 δοκούντων
3232 1093 3490 1159 ἀλλήλοις,
3527 1097 3673 1169 πρὸς
3708 1095 3754 1148 ἓν
3776 1096 3815 1149 εἰ

2223 1167 2361 1226 τέλος
2405 1177 2496 1228 τῆς
2524 1171 2766 1234 ἀσεϐείας
2805 1177 3162 1248 ἐπειγομένων,
3199 1185 3438 1242 καὶτοὺς
3491 1167 3705 1238 ἐκείνων
3729 1209 3812 1256 χι-

2221 1264 2648 1332 ρακτηριστικοῦς
2675 1266 3091 1339 ἰντυπωσάμενον
3119 1271 3316 1342 λόγους.
3350 1283 3513 1327 Δυοῖν
3545 1278 3652 1348 γάρ
3682 1277 3809 1332 όντων

2221 1346 2449 1401 ἐναντίων
2504 1353 2730 1413 ἀλλήλοις
2773 1355 3060 1428 δογμάτων,
3110 1359 3175 1413 ὧν
3225 1363 3468 1438 ίκάτερτν
3522 1365 3719 1429 ὁμοίως
3753 1375 3805 1425 εἱς

2210 1439 2450 1513 ,ψυχικήν
2478 1446 2726 1501 ἀπώλειαν
2757 1445 2888 1523 ἄγει,
2937 1460 3027 1506 τοῦ
3071 1458 3372 1528 Νεστορίου,
3425 1465 3526 1512 τοῦ
3560 1479 3620 1512 τε
3671 1462 3804 1514 Εὐτυ-

2219 1536 2374 1599 χοῦς,
2400 1535 2623 1592 καθάπερ
2649 1538 2874 1598 εἰπόντες
2901 1535 3124 1611 ἶγθημεν,
3157 1543 3287 1618 ἅπερ
3315 1548 3369 1598 ἐκ
3392 1555 3508 1601 τῶν
3533 1546 3800 1621 ’Δρειανςςῃ
3887 1535 3894 1621 ς

2218 1621 2299 1672 καί
2324 1627 2422 1672 τῶν
2453 1619 2788 1700 ’Δπολιναρίου
2819 1629 3042 1686 συνέστη
3071 1628 3398 1700 μιασμάτων,
3433 1636 3601 1696 αὐτός
3633 1659 3684 1690 τι
3716 1659 3798 1689 πι-

549 1697 724 1756 linarii
763 1704 1081 1770 contagione
1099 1705 1432 1769 consistunt;
1483 1708 1597 1774 ipse
1635 1710 1956 1776 paradoxum
1984 1714 2100 1780 quid

2216 1707 2420 1781 ράδοξον
2447 1714 2642 1776 παθὼν,
2677 1714 2859 1783 ὁμοίως
2887 1721 2957 1777 εἰς
2985 1720 3215 1794 ἑκάτερον
3245 1723 3580 1792 ἐμπέπτωκε.
3615 1733 3714 1781 Καὶ
3745 1737 3797 1783 πῆ

547 1801 832 1858 perpessus
860 1792 912 1845 in
947 1801 1230 1861 utrumque
1258 1797 1506 1850 similiter
1547 1797 1732 1852 incidit
1760 1817 1774 1853 :
1801 1812 1855 1855 et
1881 1795 2110 1871 ibi'qui-

542 1877 662 1932 dem
689 1880 814 1935 illud
837 1884 1130 1949 mittendo,
1161 1886 1395 1954 seipsum
1429 1897 1482 1941 et
1511 1903 1788 1946 sermones
1808 1907 1935 1947 suos
1963 1895 2110 1949 visus

540 1977 622 2022 est
666 1971 1008 2028 constituisse
1055 1989 1338 2030 commune
1390 1981 1785 2047 receptaculum
1838 1989 2106 2038 tantorum

538 2062 872 2116 delictorum.
909 2067 989 2120 Sit
1027 2065 1206 2136 itaque
1232 2076 1285 2121 et
1310 2070 1422 2138 ipse
1466 2071 1567 2125 sub
1606 2073 1859 2140 prmdicto
1888 2075 2105 2130 anathe-

543 2152 807 2216 matismo,
842 2171 997 2222 quem
1028 2159 1308 2213 universus
1338 2161 1727 2231 patriarchalis,
1763 2164 2102 2231 pontiﬁcalis,

537 2256 598 2295 ac
630 2244 972 2302 monachicus
1023 2257 1219 2302 nostra:
1243 2293 1257 2316 ,
1311 2261 1365 2304 ut
1406 2251 1478 2303 ita
1505 2250 1764 2320 dicamus,
1797 2253 2104 2322 reipublicae

538 2346 707 2388 cmtus
730 2336 874 2404 iuste
908 2339 958 2392 in
991 2338 1164 2406 ipsum
1191 2339 1397 2396 induxit
1428 2358 1442 2394 :
1473 2343 1538 2396 de
1567 2342 1949 2410 TheOpolitana
1979 2348 2100 2413 qui-

534 2423 654 2477 dem
701 2424 940 2479 Ecclesia
985 2428 1220 2495 ejectns,
1259 2431 1458 2484 idcirco
1505 2431 1644 2499 quod
1687 2433 1906 2487 thronus
1961 2435 2101 2489 illius

531 2512 703 2578 ipsum
742 2515 972 2568 removit
995 2553 1010 2580 ,
1049 2531 1114 2571 eo
1159 2519 1300 2586 quod
1334 2511 1524 2586 ipsius
1574 2521 1925 2590 principatum
1957 2535 2100 2579 recte

535 2621 642 2659 non
672 2616 977 2675 acceperat,
1009 2608 1106 2662 sed
1126 2592 1312 2663 adhuc
1337 2609 1547 2665 vivente
1572 2626 1637 2665 eo
1661 2652 1675 2675 ,
1709 2622 1764 2666 et
1786 2613 1837 2666 in
1867 2615 2095 2668 sanctis-

531 2695 685 2750 simis
734 2695 988 2752 Ecclesiis
1026 2709 1464 2767 commemorato,
1499 2703 1588 2770 qui
1637 2714 1760 2758 ante
1800 2704 1973 2772 ipsum
2014 2721 2098 2760 Sn-

534 2786 830 2843 cerdotium
863 2789 1111 2858 habebat,
1138 2800 1192 2845 et
1222 2805 1438 2861 propter
1465 2808 1584 2848 eum
1613 2796 1704 2864 qui
1757 2807 1874 2866 post
1922 2798 2094 2866 ipsum

529 2878 627 2931 fuit
650 2917 666 2943 ,
697 2877 765 2934 de
794 2880 1096 2937 sacerdotio
1122 2881 1414 2937 exciderat.
1445 2883 1554 2940 Nec
1599 2899 1728 2940 vero
1781 2902 2095 2959 progressus

529 2969 633 3026 hnc
662 2984 830 3039 usque
855 2970 1130 3040 substitit,
1156 2972 1249 3028 sed
1277 2982 1332 3028 et
1359 2973 1460 3029 sub
1481 2978 1746 3032 communi
1779 2980 2094 3034 orthodoxae

529 3075 589 3116 ac
618 3063 897 3118 catholicae
916 3061 1168 3118 Ecclesiae
1189 3065 1636 3121 anathematismo
1665 3068 1888 3134 positus,
1911 3069 2093 3125 multis

2202 3067 2504 3141 βλασφήμων
2531 3088 2606 3134 τε,
2638 3077 2722 3128 καί
2747 3077 3161 3151 ἀπηγορευμένων
3205 3081 3548 3149 ἐμπλήσαντα
3594 3087 3650 3138 τό
3691 3107 3769 3138 πν-

526 3152 696 3221 tibris,
720 3153 1170 3224 blaspliemiisque
1197 3163 1250 3209 et
1278 3157 1759 3230 abominationibus
1781 3161 1933 3214 nobis
1959 3175 2092 3216 rem-

525 3243 789 3311 publicam
842 3245 1102 3315 implevit.
1179 3245 1354 3311 Quare
1406 3247 1668 3303 universis
1727 3249 2091 3308 interdicimus

523 3334 722 3405 ‘aliquid
755 3334 820 3389 de
848 3333 998 3390 libris
1036 3335 1203 3404 ipsius
1237 3335 1532 3405 possidere.
1566 3339 1633 3392 Et
1661 3339 1796 3394 sicut
1835 3357 1940 3395 non
1967 3340 2092 3396 licet

524 3425 754 3481 Nestorii
777 3426 943 3481 libros
971 3428 1228 3493 scribere,
1255 3431 1341 3484 vel
1367 3429 1644 3499 possidere
1672 3433 1692 3501 (
1725 3433 1846 3502 quia
1882 3427 2088 3500 praedo-

523 3511 828 3570 cessoribus
875 3518 1069 3572 nostris
1097 3518 1507 3586 imperatoribus
1537 3522 1590 3576 in
1616 3523 1728 3577 suis
1756 3525 2091 3580 constitutio-

525 3607 678 3661 nibus
713 3609 884 3663 ‘visum
932 3619 1012 3663 est
1054 3618 1289 3665 statuere
1337 3613 1528 3667 similia
1579 3615 1659 3668 his
1703 3630 1822 3685 qua:
1863 3617 2004 3670 dicta
2035 3626 2090 3671 et

521 3697 716 3768 scripta
764 3709 888 3754 sunt
932 3714 960 3754 a
1005 3700 1297 3773 Porphyrio
1329 3704 1380 3756 in
1407 3702 1815 3775 Christianos),
1864 3707 1943 3760 sic
1989 3721 2088 3761 nec

518 3790 657 3846 dicta
683 3799 738 3847 et
765 3793 962 3861 scripta
994 3795 1176 3848 Severi
1208 3805 1458 3850 maneant
1486 3811 1648 3864 penes
1674 3795 1902 3866 aliquem
1932 3797 2086 3852 Chri-

520 3881 752 3936 stianum
779 3923 793 3947 ,
825 3883 919 3938 sed
945 3885 1053 3939 sint
1086 3885 1304 3953 profana
1337 3896 1392 3940 et
1430 3887 1599 3941 aliena
1632 3889 1698 3940 ab
1729 3889 1963 3942 Ecclesia
2000 3905 2086 3942 ca-

523 3972 715 4027 tholica
743 4013 757 4038 ,
788 3971 1013 4044 igneque
1049 3975 1430 4030 comburantur
1457 3991 1485 4030 a
1516 3978 1913 4046 possidentibus
1939 4020 1953 4043 ,
1986 3979 2085 4033 nisi

518 4066 609 4131 qui
639 4065 753 4134 ipsa
783 4065 1000 4133 habent,
1035 4065 1203 4121 velint
1251 4067 1546 4137 periculum
1594 4069 1722 4136 pati.
1775 4071 1816 4122 A
1871 4070 2086 4124 nemine

518 4171 648 4225 ergo
699 4156 1032 4222 scribantur,
1081 4172 1254 4228 neque
1297 4159 1364 4212 ad
1413 4158 1878 4227 pulchritudinem,
1913 4173 2086 4228 neque

517 4249 582 4301 ad
622 4247 955 4304 velocitatem
981 4245 1350 4315 scribentium,
1381 4248 1602 4303 sciendo
1629 4249 1751 4318 quia
1792 4247 2086 4317 amputatio

519 4357 706 4401 manus
749 4341 834 4396 his
859 4343 946 4411 qui
999 4343 1197 4410 scripta
1252 4340 1371 4411 ejus
1406 4342 1736 4410 scripserint,
1770 4346 1924 4409 piens
1955 4341 2080 4394 erit.

2216 1801 2306 1870 μὲν
2335 1807 2501 1862 τοῦτο,
2527 1811 2598 1860 πῆ
2627 1802 2679 1856 δὲ
2710 1807 2866 1860 ἐκεῖνο
2886 1811 3208 1882 πρεσϐεύων,
3242 1815 3401 1868 κοινόν
3427 1813 3575 1877 ἔδοξε
3611 1817 3795 1887 Sextis-1

2211 1890 2387 1945 ἔαυτόν
2415 1913 2470 1947 τε
2500 1896 2578 1946 καί
2602 1899 2722 1957 τοὺς
2753 1899 2908 1951 αὐτοῦ
2943 1898 3124 1971 λόγους
3152 1910 3252 1956 τῶν
3287 1905 3616 1960 τηλικούτων
3646 1910 3787 1976 πλερι-

2209 1979 2506 2049 μελημάτων
2537 1993 2880 2042 καταστῆσαι.
2909 1979 3078 2042 Ἐστω
3103 1992 3266 2042 τοίνυν
3289 1996 3373 2044 καί
3401 1995 3566 2054 αὐτὸς
3593 2000 3616 2046 ηξ
3630 1999 3696 2050 πό
3722 2001 3788 2050 τόν

2207 2069 2462 2142 εἰρημένον
2492 2075 2917 2146 ἀναθεματισμόν,
2950 2076 3001 2131 ὃν
3032 2079 3166 2133 ἅπαν
3209 2083 3267 2136 τὸ
3294 2089 3692 2158 πατρεαρχηιέν
3723 2108 3788 2147 τε,

2206 2165 2292 2214 καί
2332 2162 2605 2234 ἱερατικὸν,
2644 2169 2727 2219 καί
2755 2169 3032 2238 μοναχικόν
3061 2177 3151 2229 τῆς
3189 2172 3463 2245 ἡμετέρας,
3509 2179 3580 2236 ὡς
3621 2180 3782 2239 εἰπεῖν,

2204 2249 2460 2310 πολιτείας
2489 2261 2678 2323 σχῆμα
2703 2253 2906 2317 δικαίως
2930 2259 3179 2333 ἐπήγαγεν
3206 2263 3366 2333 αὐτῷ,
3392 2270 3491 2322 τῆς
3644 2275 3784 2318 Θεον-

2201 2339 2416 2394 ⁸πολιτῶν
2455 2344 2830 2415 ἐκϐεϐλημένος,
2870 2346 2994 2403 διότι
3039 2371 3135 2427 περ
3199 2354 3351 2406 αὐτὸν
3399 2353 3426 2407 ό
3465 2357 3584 2410 κατ’
3612 2360 3784 2413 ἐκτίνει

2199 2429 2518 2486 ἀπεσείσατο
2545 2435 2734 2507 Θρόνος,
2769 2433 2848 2492 οἷα
2897 2437 3024 2510 μηδὲ
3071 2450 3156 2500 την
3206 2441 3380 2516 ἀρχόν
3431 2447 3599 2519 ὀρθῶς
3638 2450 3780 2504 αὐτῆς

2197 2519 2571 2591 ἐπειλημμένον,
2607 2526 2712 2579 ἀλλ’
2739 2526 2820 2582 ἔτι
2848 2530 3030 2591 ζῶντός
3055 2551 3109 2584 τε
3140 2535 3220 2585 καί
3250 2533 3298 2584 ἐν
3332 2541 3445 2592 ταῖς
3473 2536 3775 2603 ἁγιωτάταις

2199 2610 2484 2674 fulua-ian;
2517 2617 3006 2689 ἀνακηρυττομένου,
3037 2630 3126 2676 τοῦ
3168 2625 3270 2698 πρὸ
3301 2627 3452 2681 αὐτοῦ
3502 2634 3594 2685 τήν
3637 2631 3780 2702 ἱερω-

2197 2702 2351 2760 σύνην
2379 2705 2687 2774 ἐσχηκότος,
2715 2711 2855 2781 παρὰ
2883 2707 2935 2763 δὲ
2960 2717 3052 2766 τοῦ
3072 2713 3184 2783 μετ’
3206 2715 3361 2768 αὐτὸν
3387 2724 3476 2774 τῆς
3508 2717 3781 2790 ἱερωσύνης

2198 2791 2592 2855 ἐκπεπτωκότας*
2625 2799 2683 2850 οὐ
2713 2799 2908 2854 στάντα
2947 2798 3001 2854 δί
3045 2803 3206 2877 μέχρι
3245 2807 3432 2858 τούτου
3473 2807 3648 2872 μόνον,
3679 2809 3776 2861 ἀλλ’

2194 2877 2289 2940 ἤδη
2333 2887 2416 2939 καὶ
2440 2885 2541 2939 ὐπό
2586 2889 2742 2943 κοινὸν
2783 2891 3186 2960 άναθεματισμόν
3239 2902 3330 2954 τῆς
3385 2896 3660 2970 ὀρθοόίξου
3707 2903 3777 2952 ni

2195 2974 2455 3036 καθολικῆς
2485 2976 2743 3040 ἐκκλησίας
2769 2981 3051 3052 γενόμενον,
3081 2988 3160 3037 καί
3187 2986 3378 3039 πολλῶν
3407 2991 3530 3058 rigata
3554 2991 3772 3062 βιϐλίων,

2195 3157 2426 3228 λίτευμα.
2454 3158 2613 3216 Ὠστε
2638 3168 2722 3217 καὶ
2764 3166 3148 3237 άπαγορεύομεν
3187 3168 3356 3222 ἅπασι
3385 3177 3489 3224 τῶν
3537 3176 3698 3226 αὐτοῦ
3729 3194 3770 3227 τι

2195 3243 2464 3305 κεκτῆσθαι
2487 3250 2711 3320 βιϐλίων.
2755 3256 2853 3307 Καὶ
2882 3255 3054 3328 ὥσπερ
3084 3257 3176 3308 οὐκ
3204 3253 3375 3319 ἔξεστι
3404 3262 3470 3313 τά
3501 3265 3769 3334 Neo-topica

2192 3335 2418 3409 γράφειν,
2450 3337 2479 3396 ἧ
2507 3343 2782 3398 κεκτῆσθαι
2809 3342 3003 3415 βιϐλία,
3034 3342 3160 3400 διότι
3185 3346 3421 3420 τοῖςπρὸ
3451 3351 3598 3420 ήμῶν
3622 3354 3770 3405 αὐτο-

2191 3425 2479 3502 κράτορσιν,
2509 3429 2558 3482 ἓν
2587 3438 2704 3491 ταῖς
2745 3433 2937 3488 ἑαυτῶν
2963 3433 3271 3501 διατάξεσιν,
3304 3436 3441 3500 ἔδοξε
3486 3448 3600 3501 τοῖς

2192 3521 2469 3589 Πορφυρίου
2499 3521 2628 3574 κατά
2672 3531 2983 3595 Χριστιανῶν
3021 3527 3299 3600 εἰρημένοις
3339 3526 3490 3596 ὅμοια
3530 3534 3766 3585 καθεστά-

2191 3627 2293 3668 ναι,
2325 3608 2455 3662 οὖτω
2483 3614 2608 3678 μήτε
2635 3615 2701 3668 τὰ
2724 3618 2922 3690 Σευήρῳ
2950 3618 3167 3689 ρηθέντα
3191 3640 3266 3679 τε,
3296 3623 3380 3672 καί
3404 3625 3662 3696 γραφέντα
3690 3643 3767 3694 με·

2188 3714 2310 3750 νετω
2339 3699 2483 3773 παρά
2510 3713 2607 3754 τινι
2632 3710 2944 3778 Χριστιανῷ,
2982 3706 3087 3762 ἀλλ’
3121 3707 3256 3763 ἔστω
3284 3709 3497 3778 βέϐηλοι,
3529 3716 3615 3765 καί
3638 3713 3768 3767 ἀλλό-

2189 3809 2307 3862 τρια
2334 3798 2424 3850 τῆς
2466 3793 2723 3854 καθολικῆς
2750 3797 3037 3865 ἐκκλησίας,
3077 3803 3207 3874 πυρί
3243 3821 3298 3854 τε
3341 3802 3598 3876 φλεγίσϐω
3640 3807 3770 3878 παρὰ

2185 3885 2287 3932 τῶν
2315 3884 2642 3951 κεκτημένων,
2676 3887 2718 3936 εἰ
2757 3890 2825 3954 μή
2865 3887 3128 3956 βούλονται
3174 3887 3480 3945 κινδυνεύειν
3521 3893 3569 3945 οἰ
3614 3902 3768 3947 τες-ζει

2187 3966 2422 4040 ἔχοντες.
2465 3975 2736 4045 Γραφέσθω
2779 3995 2832 4030 τε
2878 3978 3020 4051 παρά
3061 3975 3272 4047 μηδενὸς
3312 3981 3369 4033 τὸ
3413 3979 3612 4045 λοιπόν,
3651 3981 3768 4052 μηδὲ

2185 4069 2284 4117 τῶν
2311 4067 2382 4124 εἰς
2427 4065 2623 4129 κάλλος,
2657 4065 2784 4136 μηδί
2829 4075 2927 4122 τῶν
2974 4071 3044 4129 εἰς
3073 4070 3242 4138 τάχος
3286 4072 3603 4142 γραφόντων,

2186 4149 2333 4206 ἄλλου
2377 4155 2509 4214 τινός
2548 4164 2648 4210 τῶν
2691 4155 2922 4218 πάντων,
2971 4155 3163 4218 εἰδότος
3209 4159 3278 4218 ὡς
3322 4161 3566 4219 ἀποκοπή
3598 4165 3767 4235 χειρός

2184 4242 2332 4300 ἔσται
2359 4255 2469 4307 τοῖς
2492 4249 2558 4302 τά
2587 4250 2774 4302 ἐκείνου
2801 4252 3077 4320 γράφουσιν
3107 4252 3137 4307 ἧ
3162 4254 3329 4307 ποινή.
3363 4251 3493 4305 Οὐδὲ
3519 4255 3624 4328 γάρ
3649 4256 3762 4324 βον-

2182 4334 2367 4406 λόμεθα
2395 4340 2576 4409 καὶτῷ
2611 4338 2888 4410 λειπομένῳ
2929 4341 3104 4410 χρόνῳ
3142 4346 3232 4398 την
3275 4341 3325 4404 ἐξ
3359 4343 3561 4397 ἓκείνων
3593 4346 3764 4399 ἐπισύ-

521 4435 703 4502 Neque
734 4437 880 4486 enim
901 4432 1149 4486 volumus
1173 4433 1227 4486 in
1260 4431 1440 4486 futuro
1463 4443 1706 4500 tempore
1726 4447 1794 4486 ex
1829 4433 1934 4485 illis
1975 4431 2087 4485 bla-

2202 4425 2367 4478 υεσθαι
2390 4425 2732 4497 βλασφημίαν.
2764 4426 2977 4498 Ὀμοίως
3007 4427 3059 4483 δὲ
3104 4427 3165 4487 δη
3192 4433 3276 4483 καί
3303 4436 3487 4485 τοῦτον
3515 4435 3763 4490 ratio:

518 4522 812 4588 sphemiam
859 4521 1117 4588 protrahi.
1149 4521 1410 4582 Similiter
1431 4531 1605 4576 autem
1631 4529 1686 4575 et
1705 4522 1833 4576 huic
1862 4521 2085 4575 interdi-

521 4615 692 4666 cimus
741 4612 960 4664 omnino
996 4611 1200 4682 regiam
1225 4612 1491 4666 civitatem
1523 4613 1751 4679 ingredi,
1779 4621 1868 4665 aut
1899 4612 2087 4666 distri-

521 4714 663 4756 ctum
688 4701 828 4772 ejus,
855 4715 956 4756 nec
981 4702 1212 4771 aliquam
1242 4702 1401 4756 aliam
1446 4702 1515 4756 de
1561 4702 1874 4772 insignibus,
1909 4706 2001 4778 sed
2031 4705 2086 4760 in

519 4803 696 4872 aliqua
723 4799 1007 4856 solitudine
1031 4806 1088 4857 et
1111 4801 1166 4855 in
1193 4799 1406 4855 silentio
1435 4801 1624 4855 sedere
1642 4839 1658 4865 ,
1707 4810 1761 4856 et
1812 4817 1922 4855 non
1967 4817 2086 4857 cor-

519 4910 768 4963 rumpere
827 4902 1075 4962 σαίνει-ος,
1126 4907 1302 4962 neque
1330 4893 1382 4946 in
1402 4891 1789 4961 blasphemiam
1814 4893 1960 4962 ipsos
1989 4893 2084 4948 ad-

518 4989 744 5053 ducere,
778 4995 833 5041 et
877 5000 985 5042 non
1011 4993 1225 5055 semper
1253 4982 1454 5052 aliquid
1483 4983 1605 5036 novi
1634 4982 1874 5039 invenire
1899 4992 2086 5037 contra

518 5094 640 5133 vero
679 5078 927 5148 dogmata
959 5119 974 5142 ,
1023 5090 1121 5146 per
1151 5073 1292 5144 quod
1341 5085 1526 5128 rursus
1567 5071 1722 5127 nobis
1763 5071 2086 5128 conturbare

516 5173 879 5227 sanctissimas
910 5169 1180 5224 Ecclesias
1207 5166 1444 5223 festinet.

586 5263 716 5318 Car.
759 5261 820 5318 ll.
852 5288 926 5302 —
953 5261 1055 5316 Sed
1080 5273 1179 5314 nec
1206 5258 1418 5313 Petrum
1467 5259 1774 5327 episcopum
1804 5256 2043 5324 Apamia:
2064 5297 2079 5322 ,

514 5365 568 5409 et
595 5354 750 5409 simul
791 5352 858 5406 ab
889 5349 1039 5419 ipsis,
1071 5363 1099 5401 a
1129 5347 1319 5417 quibus
1372 5349 1604 5402 churus
1627 5387 1641 5410 ,
1700 5345 1799 5399 sub
1829 5339 2082 5412 praedicto

515 5441 856 5496 anathemate
910 5439 1160 5508 positum,
1214 5437 1492 5505 imperium
1548 5436 1818 5500 admittit,
1851 5436 1944 5489 sed
1977 5437 2086 5490 sint

516 5532 692 5586 valida
717 5545 834 5598 quae
873 5540 1057 5584 contra
1085 5529 1258 5596 ipsum
1287 5525 1435 5581 fuere
1475 5536 1694 5581 stituta.
1741 5527 1811 5578 Et
1851 5527 1936 5594 qui
1985 5525 2084 5579 sub

518 5621 789 5674 conunutti
821 5620 1265 5673 anntbematismo
1297 5618 1500 5686 positus
1527 5628 1632 5683 est,
1663 5617 1760 5672 sub
1787 5617 1902 5686 ipso
1925 5626 2040 5669 esto
2067 5634 2080 5680 ;
2116 5689 2117 5692 η

2189 4515 2568 4585 άπαγορεύσμεν
2598 4531 2686 4577 τῆς
2707 4513 2965 4587 βασιλίδος
2992 4518 3264 4572 ἐπίϐαίνειν
3291 4517 3484 4581 πολεως
3504 4520 3535 4578 ἦ
3571 4542 3760 4595 περιοι-

2185 4603 2322 4666 κίδος
2360 4609 2538 4673 αὐτῆς,
2572 4604 2723 4666 ἄλλης
2749 4628 2801 4660 τε
2833 4613 2930 4663 τῶν
2975 4611 3355 4685 ἐπισημοτίρων
3391 4615 3548 4684 τινὸς,
3719 4621 3764 4670 ἓν

2187 4700 2370 4773 ἐρημίᾳ
2397 4701 2514 4761 τινὶ.
2557 4701 2642 4752 καί
2683 4700 2884 4773 ἠσυχίᾳ
2931 4703 3198 4764 καθῆσθαι,
3242 4708 3323 4758 aui
3350 4710 3422 4774 μή
3464 4704 3760 4782 διωγθείριεο

2185 4788 2409 4860 ἑτέρους,
2453 4786 2578 4857 pandi
2611 4790 2682 4848 εἰς
2727 4789 3043 4860 βλασφημίαν
3093 4793 3276 4852 αὐτοὺς
3320 4796 3592 4869 προάγειν,

2183 4879 2262 4932 ἀεί
2287 4899 2337 4932 τι
2365 4879 2530 4931 καινὸν
2554 4879 2856 4950 ἐξευρίσκειν
2880 4881 3011 4934 κατά
3035 4887 3134 4935 τῶν
3156 4877 3347 4939 ἀληθῶν
3367 4873 3664 4956 δογμάτων,
3694 4887 3757 4942 δι’

2184 4965 2245 5022 οὗ
2287 4968 2436 5024 πάλιν
2485 4970 2602 5038 ἡμῖν
2647 4971 2959 5044 συνταράξαι
3008 4971 3100 5030 τὰς
3145 4966 3435 5045 ἆγιωτάτας
3493 4977 3756 5036 ἐκκλησίας

2184 5079 2474 5114 πευσειεν.

2257 5258 2327 5307 Οὐ
2371 5260 2465 5323 μὴν
2508 5252 2623 5308 οὐδε
2655 5264 2835 5326 Πετρον
2861 5253 2952 5306 τὸν
2973 5252 3247 5324 ’Δπαμείας
3272 5255 3531 5326 γενόμενον
3560 5255 3766 5308 istic!!-

2189 5367 2303 5408 πον,
2333 5349 2418 5400 καί
2459 5345 2567 5414 ἅμα
2595 5347 2684 5414 μὲν
2711 5346 3062 5420 καθῃρημένον,
3094 5344 3202 5416 ἅμα
3229 5343 3283 5399 δὲ
3322 5344 3408 5398 ἐπὶ
3449 5354 3556 5405 τοῖς
3600 5348 3765 5404 αὐτοῖς

2190 5433 2260 5508 ἐφ’
2283 5433 2356 5496 οἷς
2383 5443 2594 5510 Σευῆρος
2632 5431 2751 5488 ὑπό
2776 5435 2833 5488 τὸ
2874 5435 3128 5504 εἰρημένον
3157 5436 3378 5508 ἀνάθεμα
3421 5435 3701 5507 γενόμενον,
3733 5439 3768 5493 ἦ

2189 5526 2425 5596 βασιλεία
2453 5525 2740 5600 προσίεται,
2770 5525 2872 5578 ἀλλ’
2902 5524 3034 5579 ἴστω
3063 5534 3215 5602 κῦρια
3241 5531 3324 5580 καί
3349 5530 3416 5580 τά
3457 5527 3572 5580 κατ’
3606 5529 3764 5582 αὐτου

2192 5617 2518 5686 ψηφισθέντα.
2554 5617 2651 5668 Καὶ
2679 5615 2778 5668 ὑπὸ
2803 5615 2883 5670 τὸν
2908 5616 3062 5668 κοινὸν
3085 5619 3298 5685 ταχθείς
3329 5618 3761 5689 ἀναθεματισμὸν,
