3924 6294
160 225 293 288 2101

1384 230 1681 292 CONTRA
1720 232 2214 295 SEVERIANOS.

3282 233 3412 297 1102

168 348 258 404 ὑπ’
284 347 433 404 αὑτὸν
473 345 630 409 ἔστω,
662 355 751 406 τῆς
790 354 914 402 τῶν.
933 346 1222 418 ἅγιωτάτων
1249 346 1537 420 ἀρχιερέων
1563 345 1744 418 προελ-

1850 353 1898 397 et
1927 347 2190 399 sententia
2218 348 2672 404 sanctissimorum
2706 350 3010 416 pontificum
3041 393 3056 418 ,
3085 367 3202 421 quae
3235 355 3407 420 ipsum

165 440 355 498 θούσης
384 434 465 492 έπ⁹
487 438 660 496 αὑτοῖς
689 435 852 506 ψήφου
883 437 1057 512 κυρίας
1091 430 1442 506 διαμενούσης.
1485 435 1583 487 Οὐκ
1618 435 1743 504 ἐφίε-

168 552 260 598 μεν
287 528 340 584 δὲ
382 527 499 583 οὑδέ
540 529 704 597 ἐκείνῳ
745 528 932 585 ταύτην
970 528 1114 582 οἰκεῖν
1141 532 1229 584 τήν
1260 523 1498 596 βασιλίδα
1525 525 1683 584 πόλιν,
1713 524 1744 581 ἦ

169 626 261 679 τήν
297 621 456 678 αὐτῆς
498 615 799 693 περιοικίδα,
843 616 874 674 ἦ
895 636 1006 672 τινα
1032 623 1131 670 τᾶν
1169 617 1502 689 σεμνοτέρων,
1547 614 1650 667 ἀλλ’
1679 610 1744 666 ὧν

171 710 474 772 ἠκολούθησε
501 716 564 782 τῇ
590 707 774 775 πλάνῃ,
811 707 1004 761 τούτων
1031 708 1279 776 μιμείσθω
1301 709 1385 759 καὶ
1413 709 1500 762 την
1525 703 1742 766 δίαιταν,

173 799 524 868 ἀπῳκισμένος
555 796 634 851 ὅτι
675 796 1014 868 ποὸῥωτάτω,
1060 798 1144 849 καί
1182 796 1414 871 κρύπτων
1444 793 1637 856 ἑαυτὸν,
1678 795 1747 852 ὡς

173 897 282 949 τοῖς
307 911 364 959 γε
403 890 652 947 τοιούτοις
697 889 754 943 τὸ
795 888 1108 962 κρύπτεσθαι
1156 887 1335 958 μᾶλλον
1361 893 1450 940 τοῦ
1491 887 1747 956 φαίνεσθαι

169 977 611 1051 λυσιτελέστερον.
643 975 871 1048 ’Δφανεῐς
913 978 1002 1046 μὲν
1033 977 1130 1047 γὰρ
1160 974 1296 1037 Em;
1337 975 1546 1036 έαυτοὺς
1591 997 1748 1029 κατα-

176 1065 434 1136 ϐλὰψουσι
463 1067 643 1134 μόνους
663 1081 676 1094 ⁸
708 1063 1097 1134 δημοσιεύοντες
1124 1065 1174 1118 δέ
1205 1067 1269 1118 τὰ
1290 1065 1484 1119 ἑαυτῶν
1516 1062 1748 1134 δόγματα

175 1155 381 1215 πολλοῖς
404 1162 504 1209 τῶν
531 1154 872 1225 ἅφελεστὲρων
899 1154 1121 1226 ἀφορμὴν
1138 1155 1386 1214 ἀπωλείας
1408 1153 1744 1229 παρέχουσιν,

181 1245 312 1316 ὅπερ
340 1244 449 1300 κατ’
497 1243 676 1299 οὑδένα
704 1246 933 1316 γίνεσθαι
970 1244 1176 1316 τρόπον
1220 1243 1269 1294 έν
1313 1250 1374 1311 τῇ
1419 1247 1748 1317 Χριστιανικῇ

175 1343 270 1392 τοῦ
299 1341 425 1390 Θεοῦ
455 1337 665 1408 ποίμνῃ,
712 1336 791 1387 καί
833 1339 905 1402 τῷ
949 1329 1193 1405 ὀρθοδόξῳ
1239 1333 1344 1404 λαῷ
1373 1330 1561 1386 δίκαιόν
1589 1335 1740 1399 ἐστιν,

174 1425 290 1482 οὑδέ
318 1427 460 1500 παρά
479 1432 570 1483 τῆς
596 1423 854 1493 βασιλείας
877 1423 1331 1522 συγχωρούμενον.

183 1517 194 1522 -
245 1539 380 1588 Ἐπεί
407 1533 459 1588 δέ
487 1537 569 1589 καί
600 1534 796 1608 Ζωὸραν
822 1531 1043 1596 ἠξίωσαν
1073 1528 1195 1603 ὅλως
1219 1533 1318 1585 ὑπὸ
1339 1532 1746 1602 ἁναθεματισμὸν

174 1625 221 1678 oi
255 1606 684 1693 σεϐαοῗαιὼτατοι,
733 1625 820 1677 καί
866 1624 931 1677 τὰ
973 1620 1146 1677 δίκαια
1183 1625 1439 1696 κρίναντες
1482 1622 1745 1676 ἐπίσκοποι

1847 435 2123 501 praavenit,
2155 434 2305 489 ﬁrma
2338 449 2666 505 permancto.
2698 439 2878 508 Neque
2907 455 3032 495 vero
3057 441 3412 510 permit-timus

1845 523 1920 575 illi
1953 523 2089 578 hanc
2121 523 2317 593 regiam
2342 526 2525 581 urbem
2559 527 2798 583 habitare
2829 571 2843 592 ,
2883 539 2972 584 aut
3027 531 3190 599 ipsius
3235 531 3414 611 distri-

1844 620 1986 664 ctum
2011 656 2024 680 ,
2060 615 2142 668 vel
2171 615 2400 682 aliquam
2431 617 2499 670 de
2531 619 2852 686 insignibus;
2886 621 2978 674 sed
3003 637 3230 689 quorum
3255 636 3411 676 secu-

1849 711 1930 756 tus
1979 713 2061 758 est
2110 719 2369 774 errorem,
2414 707 2602 761 horum
2637 709 2872 762 imitetur
2902 715 3070 764 victus
3103 711 3360 767 rationem
3395 753 3411 776 ,

1847 807 2005 861 quam
2033 794 2344 863 longissime
2373 797 2481 852 abst
2501 800 2666 852 edens
2711 805 2763 852 et
2803 800 3078 853 occultans
3129 802 3362 869 seipsum
3397 818 3412 864 ;

1848 899 1970 937 nam
2000 886 2190 940 talibus
2218 888 2497 950 occultari,
2520 906 2675 956 quam
2706 891 2870 946 videri
2904 893 3079 946 utilius
3109 902 3209 946 est.
3245 894 3412 962 Ignoti

1847 975 2044 1027 etenim
2076 975 2392 1045 existentes,
2420 993 2478 1033 se
2509 978 2650 1047 ipsos
2689 980 2884 1035 laedunt
2912 984 3058 1036 solos
3089 1001 3102 1034 :
3138 982 3415 1051 publican-

1862 1069 1939 1114 tes
1968 1077 2094 1116 vero
2123 1080 2215 1118 sua
2248 1065 2523 1134 dogmata,
2556 1069 2735 1123 multis
2765 1086 2827 1124 ex
2872 1071 3283 1138 simplicioribus
3318 1086 3416 1125 oc-

1849 1149 2116 1204 casionem
2178 1153 2491 1220 perditionis
2545 1159 2808 1224 praebent;
2867 1160 3007 1226 quod
3055 1159 3199 1213 nullo
3252 1161 3410 1213 modo

1851 1239 1960 1293 fleri
2014 1241 2065 1294 in
2115 1241 2422 1298 Christiano
2469 1247 2592 1301 ovili
2649 1249 2740 1302 Dei
2782 1258 2836 1303 et
2865 1250 3162 1304 orthodoxo
3217 1251 3413 1319 populo

1846 1337 2056 1393 equum
2083 1339 2181 1393 est,
2212 1343 2382 1398 neque
2406 1332 2474 1385 ab
2504 1333 2726 1401 imperio
2754 1337 3071 1402 permissum
3096 1347 3197 1391 est.

1921 1515 2045 1570 CAP.
2093 1515 2179 1570 Ill.
2204 1549 2274 1560 —
2297 1520 2558 1587 Quoniam
2592 1540 2717 1579 vero
2744 1535 2798 1580 et
2825 1527 3045 1583 Zoaram
3069 1529 3283 1600 dignum
3316 1546 3405 1599 pe-

1849 1604 1996 1658 nitus
2038 1605 2344 1674 judicarunt
2395 1613 2494 1665 sub
2542 1615 3132 1674 anathematismoesse
3162 1635 3410 1675 reveren-

169 1713 500 1778 ποιήσασθαι,
541 1713 722 1786 μικράν
757 1733 869 1765 τινα
909 1713 1217 1784 παρενθήκην
1244 1718 1342 1763 τῶν
1361 1710 1596 1764 τοιούτων
1625 1707 1745 1764 ὅντα

1850 1691 2052 1746 dissimi
2080 1737 2096 1759 ,
2130 1705 2181 1748 et
2217 1698 2308 1765 qui
2347 1695 2491 1765 justa
2527 1700 2763 1769 iudicant
2813 1705 3044 1773 episcopi
3075 1706 3217 1774 (cum
3252 1721 3412 1775 parva

174 1810 361 1865 κακῶν,
393 1805 442 1856 ἐν
471 1799 542 1862 οἷς
577 1805 872 1875 ἠτίμασται,
915 1803 973 1854 τὸ
1012 1806 1130 1871 γοῦν
1158 1799 1282 1861 ὅλως
1306 1809 1488 1868 τυχεῖν
1513 1801 1646 1860 τινὸς
1671 1802 1750 1855 ea.

171 1897 477 1963 «optio-avra:
506 1897 721 1962 μνήμης,
753 1891 886 1946 ἔστω
915 1894 999 1944 καί
1028 1891 1230 1962 Ζωόρας
1257 1899 1348 1949 τῆς
1376 1897 1598 1963 πονηρᾶς
1624 1894 1751 1946 ταύ-

173 2001 268 2038 της
297 1977 522 2051 μερίδος,
549 1983 771 2046 ’Δνθίμου
802 1999 878 2043 τε,
902 1982 980 2032 καί
1011 1983 1246 2054 Σευῆρον,
1279 1980 1360 2031 καί
1387 1980 1573 2052 Πέτρου
1590 1982 1751 2048 φαμὲν

174 2068 467 2138 παρενθήκη
508 2088 586 2126 τις
627 2067 846 2129 εὐτελὴς,
889 2070 968 2120 καί
1001 2069 1051 2119 ἓν
1081 2075 1187 2126 τοῖς
1222 2069 1750 2135 ἀνατεθεματισμένοις

175 2159 264 2208 καί
299 2157 454 2214 αὐτὸς
495 2154 732 2225 τετάχθω
763 2164 853 2214 τῆς
897 2156 1148 2228 ἱερατικῆς
1178 2156 1324 2209 αὑτὸν
1352 2157 1750 2227 κατενεγκούσης

175 2244 366 2315 ψήφου,
403 2245 461 2300 ἣν
488 2246 664 2316 κυρίαν
692 2247 777 2298 καί
815 2245 971 2302 αὐτὴν
1006 2241 1074 2316 ἔφ’
1097 2244 1278 2302 εαυτῆς
1309 2238 1484 2301 οὖσαν.
1509 2245 1750 2318 κυριωτέ-

174 2352 273 2403 ραν
297 2331 328 2384 ἕ
329 2354 379 2386 τι
403 2334 587 2402 μᾶλλον
607 2335 638 2390 ἡ
664 2333 897 2402 βασιλεία
924 2341 1078 2396 ποιεῖ,
1105 2335 1187 2386 καί
1212 2339 1382 2387 τοῦτον
1420 2333 1750 2396 έξελαὺνουσα

173 2428 265 2479 τῆς
291 2419 550 2489 βασιλίδος
572 2419 764 2480 ταύτης
791 2421 1003 2482 πόλεως,
1023 2423 1106 2474 καί
1132 2427 1222 2479 τῆς
1245 2422 1398 2480 αὐτῆς
1419 2419 1742 2494 περιοικίδος,

173 2507 262 2556 καί
292 2505 375 2556 ἕπί
397 2509 486 2561 τήν
523 2512 622 2556 τῶν
661 2505 848 2558 πόλεων
873 2503 1065 2562 οἴκησιν
1103 2505 1242 2572 αὐτῷ
1272 2507 1520 2563 παντοίως
1554 2507 1746 2578 ἀπαγο-

173 2587 420 2656 ρεύουσα.
447 2588 578 2641 ὥστε
592 2589 703 2657 μετ’
723 2590 916 2641 ἐκείνων
936 2589 1098 2659 μόνων
1121 2589 1265 2642 οἰκεῖν
1285 2608 1360 2651 τε,
1386 2591 1468 2641 καί
1488 2587 1747 2657 βουλεύεσ-

175 2679 258 2727 θαι
282 2682 381 2728 τῶν
423 2673 707 2748 ἔμπροσθεν
732 2679 848 2746 ἡμῖν
888 2679 1174 2750 εἰρημένων,
1207 2677 1356 2748 ὅμοια
1394 2681 1484 2749 μὲν
1519 2679 1746 2751 βλασφη-

173 2767 420 2833 μούντων,
449 2763 600 2834 ὅμοια
630 2764 682 2819 δέ
724 2769 807 2819 καί
849 2767 1120 2829 παθόντων,
1145 2766 1327 2838 ὁμοίως
1355 2767 1407 2823 δέ
1446 2772 1526 2822 καί
1553 2789 1745 2843 περιω-

173 2855 444 2924 ρισμένων.
467 2857 526 2905 Εἰ
549 2852 601 2908 δέ
616 2877 667 2910 τι
691 2857 773 2909 καί
797 2857 966 2928 ἕτερον
996 2863 1057 2930 τῇ
1087 2864 1185 2910 τῶν
1214 2856 1509 2927 ἁγιωτάτων
1537 2860 1745 2913 ἐπισκύ-

174 2962 288 2996 πων
313 2942 613 3015 περιέχεται
636 2944 781 3016 ψήφῳ
808 2952 868 3017 τῇ
887 2947 1003 3006 τούς
1023 2948 1413 3020 προειρημένους
1439 2949 1744 3021 καθαιρούσῃ

1852 1784 2096 1850 qutedam
2126 1788 2308 1841 talium
2337 1790 2596 1845 malorum
2620 1793 2952 1863 interpositio
2977 1797 3043 1850 sit
3061 1802 3106 1869 ),
3132 1809 3186 1853 et
3215 1800 3266 1853 in
3295 1801 3414 1869 qui-

1851 1869 1951 1926 bus
1975 1875 2354 1932 dcbouestatus
2394 1887 2506 1943 est,
2549 1885 2727 1936 omnia
2757 1884 2999 1940 videlicet
3019 1888 3414 1955 comprehendo

1851 1981 1914 2019 ex
1948 1972 2201 2023 memoria
2233 1974 2460 2041 quadam
2493 1976 2821 2042 abundanti;
2854 1981 2922 2033 sit
2952 1992 3001 2034 et
3027 1981 3221 2034 Zoaras
3252 1982 3413 2035 inter-

1851 2057 2044 2124 positio
2081 2062 2322 2128 qumdam
2370 2079 2529 2132 parva
2573 2067 2730 2136 hujus
2779 2071 2929 2123 mala:
2960 2073 3122 2139 partis
3149 2073 3413 2143 (Anthimi

1849 2143 2073 2200 dicimus
2124 2155 2179 2202 et
2220 2150 2404 2206 Severi
2458 2167 2521 2208 ac
2559 2155 2782 2226 Petri),
2829 2167 2884 2212 et
2936 2171 3247 2215 numeretur
3298 2163 3414 2230 ipse

1849 2246 2060 2303 quoque
2087 2235 2228 2292 inter
2255 2241 2748 2313 anathematizatos,
2780 2261 2929 2302 sacra
2958 2248 3216 2304 sententia
3243 2251 3412 2318 ipsum

1848 2322 2130 2392 dejiciente
2161 2345 2174 2380 :
2203 2345 2359 2394 quam
2409 2331 2614 2387 ﬁrmam
2669 2345 2725 2392 et
2776 2339 2942 2406 ipsam
2991 2354 3055 2393 ex
3087 2343 3259 2408 seipsa
3297 2343 3414 2396 eai-

1849 2422 2111 2478 stentem,
2158 2418 2330 2472 adhuc
2383 2422 2666 2477 ﬁrmiorem
2738 2425 3018 2495 imperium
3066 2429 3238 2484 reddit
3287 2446 3301 2482 :
3363 2441 3418 2484 et

1851 2500 1990 2556 hunc
2017 2504 2089 2558 de
2117 2506 2214 2559 hac
2242 2510 2386 2574 regis
2418 2513 2554 2572 urbe
2579 2523 2630 2566 et
2659 2513 2779 2582 ejus
2807 2515 3046 2570 districtu
3092 2518 3273 2587 abiicit
3301 2561 3315 2585 ,
3362 2529 3419 2574 et

1848 2587 2228 2648 habitationem
2260 2596 2314 2649 in
2341 2598 2461 2653 aliis
2499 2602 2802 2658 civitatibus
2843 2605 2942 2673 ipsi
2992 2607 3208 2660 omnino
3250 2608 3416 2662 inter-

1847 2678 1977 2735 dicit
2001 2697 2017 2746 ;
2045 2682 2223 2753 itaque
2242 2701 2362 2740 cum
2394 2687 2498 2743 illis
2526 2691 2654 2745 solis
2677 2692 2874 2747 habitet
2899 2705 2955 2750 et
2979 2698 3246 2752 consultet
3271 2701 3359 2769 qui
3383 2714 3412 2752 a

1848 2773 2002 2826 nobis
2032 2783 2155 2828 ante
2187 2780 2464 2832 memorati
2495 2789 2658 2833 sunt:
2684 2783 2773 2851 qui
2815 2785 3004 2839 similia
3053 2789 3264 2856 quidem
3296 2790 3409 2844 bla-

1848 2861 2127 2928 sphemant
2155 2904 2171 2926 ,
2223 2863 2416 2919 similia
2473 2883 2597 2922 vero
2642 2873 2930 2938 patiuntur,
2975 2885 3028 2928 et
3080 2876 3327 2931 similiter
3355 2879 3408 2932 in

1848 2949 2068 3008 exilium
2117 2952 2416 3009 mittuntur.
2464 2955 2520 3010 Si
2557 2959 2680 3026 quid
2729 2975 2855 3016 vero
2895 2961 3038 3016 aliud
3065 2963 3116 3018 in
3145 2969 3411 3022 sententia

178 3056 256 3093 τε,
286 3035 369 3084 καί
405 3033 855 3106 ἀναθεματιζούσῃ,
890 3037 1057 3111 κύριον
1101 3034 1155 3088 δέ
1196 3038 1282 3089 καί
1308 3041 1460 3090 τοῦτο
1489 3038 1741 3108 τιθέμεθα,

1850 3042 2304 3100 sanctissimorum
2359 3047 2728 3115 episcoporum
2777 3053 3101 3119 continetur,
3131 3071 3252 3126 qua
3274 3074 3412 3128 prm—

174 3123 265 3174 καί
289 3129 391 3180 τοῖς
429 3123 596 3184 θείοις,
629 3126 708 3174 καί
736 3123 1009 3194 βασιλικοῖς
1038 3127 1175 3194 ἡμῶν
1225 3127 1350 3180 αὑτό
1377 3127 1544 3196 νόμοις
1573 3129 1738 3181 ἐπικυ-

176 3217 384 3284 ροῡμεν,
413 3214 478 3271 ὡς
501 3207 562 3264 ἂν
604 3215 649 3265 εἰ
692 3216 837 3287 παρὰ
881 3223 971 3274 τῆς
1008 3215 1270 3283 βασιλείας
1313 3218 1473 3276 αὐτῆς
1507 3218 1743 3293 προελθὸν

179 3303 476 3372 ἐτύγχανεν.
499 3305 554 3356 Εἰ
580 3301 632 3357 δὲ
654 3305 738 3357 καί
762 3326 838 3364 τις
867 3307 1029 3360 αὑτῶν
1061 3308 1197 3363 ἁλοίη
1222 3309 1276 3362 τὸ
1303 3307 1480 3362 λοιπὸν
1503 3311 1740 3383 πράττων

179 3413 228 3444 τι
250 3393 393 3459 παρά
438 3394 504 3445 τὰ
548 3390 980 3463 διατετυπωμὲνα,
1011 3392 1142 3448 ἵστω
1188 3399 1272 3448 καί
1319 3404 1427 3456 τοῖς
1467 3397 1746 3466 βασιλικοῖς

177 3482 598 3550 ὑποπεσούμενος
626 3483 825 3552 νόμοις,
859 3483 904 3536 οἳ
929 3478 1022 3542 τοὶς
1056 3485 1293 3544 ἐλάττους
1329 3493 1428 3540 τῶν
1455 3495 1634 3541 ποινῶν
1666 3495 1746 3542 έκ-

179 3568 447 3633 κλίνοντες,
489 3573 559 3630 είς
610 3574 812 3640 μείζους
867 3572 1171 3640 έμϐἀλλουσι
1217 3576 1313 3632 τὰς
1351 3575 1742 3646 ἀγανακτήσεις.

179 3658 579 3731 ’Λπαγορεύομεν
602 3660 659 3714 δέ
685 3664 769 3719 καί
791 3665 942 3716 παντί
968 3671 1041 3735 τῷ
1064 3669 1156 3720 τήν
1185 3665 1442 3723 καθολικῆν
1488 3665 1748 3725 ἐκκλησίαν

180 3757 275 3805 τοῦ
300 3757 428 3804 Θεοῦ
455 3751 679 3822 διασπᾷν
707 3753 1070 3827 ἐπιχειροῦντι,
1091 3753 1190 3809 εἴτε
1213 3757 1342 3811 κατὰ
1356 3762 1446 3816 τήν
1468 3763 1744 3831 Νεστορίον

180 3845 276 3894 τοῦ
301 3842 670 3912 φρινοϐλαϐοὖς
695 3843 959 3914 ὑφήγησιν,
993 3842 1090 3900 εἴτε
1128 3848 1254 3899 κατὰ
1287 3851 1374 3906 τὴν
1400 3848 1609 3905 ἀνόητον
1648 3846 1749 3900 Εὑ-

181 3939 386 4001 τυχοῠς
431 3932 726 4007 παράδοσιν,
754 3933 854 3989 εἴτε
893 3939 1021 3990 κατὰ
1057 3943 1150 3995 τήν,
1177 3943 1394 4015 Σευήρου
1430 3942 1748 4014 βλασφημίαν

183 4025 348 4076 ταυτά
369 4025 609 4082 κάκείνοις
635 4031 922 4090 νοήσαντος,
955 4025 1049 4081 εἴτε
1079 4036 1176 4082 τῶν
1205 4033 1405 4091 ἐκείνοις
1424 4034 1749 4088 ἀκολουθούν-

181 4135 282 4167 των
309 4121 417 4172 ταῖς
442 4114 749 4186 ἁγιωτάταις
767 4118 1077 4178 Ἐκκλησίαις
1098 4123 1340 4194 ταραχὰς
1361 4125 1633 4195 ἐμϐάλλειν,
1662 4129 1748 4180 καί

174 4204 477 4275 φθέγγεσθαί
505 4228 552 4258 τι
580 4209 698 4277 περὶ
737 4210 980 4267 πίστεως·
1029 4211 1150 4264 ἀλλά
1199 4214 1496 4283 θεσπίζομεν
1537 4217 1747 4270 ἕκαστον

181 4301 284 4345 τῶν
310 4295 544 4346 τοιούτων
575 4301 664 4352 τὴν
692 4297 917 4365 ἡσυχίαν
947 4294 1104 4370 ἄγειν,
1138 4305 1220 4354 καὶ
1248 4301 1367 4360 μηδὲ
1391 4305 1649 4376 συγκαλεῖν
1674 4309 1744 4366 εἰς

1844 3131 2013 3186 dictos
2037 3131 2288 3202 deponit,
2310 3143 2366 3189 et
2388 3137 2818 3205 anathematizat,
2852 3141 2953 3196 hoc
2982 3142 3187 3199 firmius
3219 3147 3400 3201 reddi-

1845 3236 1962 3276 mus
1983 3231 2037 3277 et
2064 3223 2280 3291 divinis,
2313 3239 2376 3280 ac
2404 3227 2762 3296 imperialibus
2783 3235 2981 3288 nostris
3008 3234 3210 3305 legibus
3240 3236 3410 3306 ipsum

1854 3311 2291 3379 corroboramus,
2321 3329 2384 3370 ac
2413 3317 2458 3370 si
2475 3317 2544 3372 ab
2571 3320 2796 3388 imperio
2827 3323 2948 3391 ipso
2975 3326 3322 3393 provenisset.
3354 3330 3411 3383 Si

1848 3413 1976 3455 vero
1997 3400 2188 3470 aliquis
2214 3403 2448 3474 ipsorum
2473 3407 2903 3478 deprehendatur
2923 3414 2990 3469 de
3019 3423 3214 3471 ctetero
3235 3415 3412 3473 faccre

1847 3490 2045 3560 aliquid
2078 3504 2270 3561 printer
2298 3499 2602 3568 constituta,
2649 3502 2784 3557 sciat
2814 3518 2872 3558 se
2899 3504 3154 3562 incidisse
3177 3505 3232 3562 in
3259 3507 3405 3579 leges

1849 3582 2176 3652 imperiales,
2201 3601 2320 3656 quas
2350 3591 2585 3645 minores
2617 3607 2800 3659 prunas
2817 3596 3167 3663 declinantes,
3202 3599 3270 3654 ad
3299 3616 3412 3654 ma-

1843 3673 1992 3742 jores
2021 3669 2314 3732 immittunt
2357 3677 2765 3749 indignationes.
2813 3685 3186 3743 lnterdicimus
3231 3700 3406 3745 autem

1849 3770 1903 3815 et
1926 3763 2172 3819 omnibus
2193 3769 2512 3823 conantibus
2537 3773 2851 3827 catholicam
2876 3776 2969 3831 Dei
3001 3779 3292 3834 Ecclesiam
3330 3784 3412 3836 di-

1850 3851 2051 3908 vellere
2074 3855 2214 3926 (sive
2235 3860 2524 3914 secundum
2545 3861 2772 3920 Nestorii
2813 3867 3050 3924 haeretici
3086 3870 3406 3939 doctrinam,

1849 3942 1962 3997 sive
2001 3945 2293 4000 secundum
2325 3948 2580 4006 insensati
2612 3955 2864 4025 Eutychis
2913 3959 3272 4029 traditionem,
3298 3965 3413 4020 sive

1849 4034 2142 4088 secundum
2189 4036 2570 4105 blasphemiam
2606 4044 2812 4112 Severi,
2839 4047 2929 4117 qui
2968 4059 3026 4106 et
3073 4051 3268 4108 similia
3311 4054 3415 4111 illis

1849 4120 2124 4188 intellexit,
2151 4135 2241 4179 aut
2263 4141 2449 4183 eorum
2472 4133 2558 4198 qui
2587 4133 2706 4188 illos
2724 4143 3064 4210 sequuntur),
3094 4141 3410 4200 seditionem

1849 4212 2134 4269 immittere
2161 4218 2511 4274 sanctissimis
2536 4221 2806 4291 Eccles‘is,
2835 4235 2888 4280 et
2928 4227 3069 4298 loqui
3106 4230 3300 4300 aliquid
3343 4233 3411 4288 de

1851 4303 1984 4366 lide;
2018 4304 2112 4361 sed
2137 4307 2404 4366 sancimus
2433 4313 2726 4376 quemlibet
2771 4317 2952 4371 talium
2974 4319 3210 4388 quietum
3239 4337 3359 4378 esse
3391 4363 3407 4387 ,

184 4378 368 4436 ἔαυτόν
397 4405 557 4444 τινας,
586 4390 710 4454 μήτε
743 4387 1042 4460 προσιόντας
1071 4388 1339 4459 δέχεσθαι,
1361 4391 1390 4450 ἧ
1419 4394 1746 4466 παραϐαπτί-

1855 4403 1908 4448 et
1934 4410 2038 4449 non
2066 4410 2364 4456 convocare
2392 4402 2595 4476 aliquos
2633 4405 2697 4458 ad
2728 4420 2786 4461 se
2811 4446 2828 4474 ,
2880 4423 3050 4479 neque
3095 4412 3411 4468 accedentes

183 4478 286 4536 ζειν
313 4475 529 4549 θαρρεῖν·
566 4474 594 4531 ἢ
628 4480 718 4532 τὴν
746 4476 880 4547 ἱερὸν
917 4483 1170 4533 κοινωνίαν
1196 4482 1476 4553 ῥυπαίνειν,
1511 4487 1596 4540 καὶ
1622 4487 1748 4539 ταύ-

185 4582 278 4622 της
306 4564 627 4636 μεταδιδόναι
654 4571 807 4630 τισὶν,
835 4567 864 4626 ἢ
886 4571 979 4629 τὰς
1003 4572 1411 4646 ἀπηγορευμένας
1431 4574 1751 4638 διδασκαλίας

189 4657 507 4725 ὑφηγεῖσθαι,
541 4656 570 4714 ἢ
600 4659 684 4710 ἐπὶ
710 4661 898 4718 ταύτης
926 4669 1017 4720 τῆς
1047 4662 1310 4732 βασιλίδος
1358 4668 1495 4736 ἡμῶν
1539 4671 1750 4733 πόλεως,

187 4741 217 4800 ἦ
245 4743 315 4813 ἐφ’
346 4745 540 4817 ἐτέρας,
568 4745 671 4798 ἀλλ’
700 4747 976 4819 ὑφορᾶσθαι
998 4753 1163 4805 πάντα
1190 4752 1428 4818 κίνδυνον,
1462 4755 1511 4811 εἴ
1524 4780 1574 4812 τι
1601 4765 1755 4812 τοιοῦ-

190 4851 272 4884 τον
293 4833 550 4910 πράξαιεν.
584 4833 981 4908 ’Δπαγορεύομεν
1007 4838 1061 4892 δὲ
1108 4845 1188 4895 καί
1226 4849 1359 4898 πᾶσι
1385 4849 1595 4908 τούτους
1624 4853 1752 4903 ύπο-

186 4919 452 4990 δέχεσθαι.
482 4924 792 4980 ’Δπελαύνειν
831 4934 922 4996 μέν
968 4925 1053 4984 οὑν
1093 4933 1386 5004 θεσπίζομεν
1429 4929 1615 4998 αὐτούς
1652 4947 1748 4994 τῶν

121 5051 123 5053 ι
189 5012 279 5064 ὑπ’
306 5015 472 5067 αὑτῶν
512 5021 892 5088 ταραττομένων
927 5020 1132 5087 πόλεων,
1176 5024 1370 5086 εἰδότας
1417 5031 1510 5088 τὰς
1553 5032 1748 5094 ποινὰς,

188 5105 280 5161 τὰς
300 5112 416 5163 ταῖς
439 5107 587 5165 θείαις
611 5109 748 5171 ἡμῶν
767 5106 860 5165 ἤδη
882 5115 1247 5182 περιεχομένας
1268 5112 1574 5182 διατάξεσιν,
1598 5121 1748 5192 αἵπερ

188 5196 272 5246 καί
300 5196 392 5252 τὰς
417 5196 576 5253 οἶκίας
604 5189 778 5257 αὑτὰς,
818 5197 865 5248 ἐν
895 5194 972 5257 αἷς
999 5200 1223 5254 τοιοῦτὸν
1254 5206 1636 5275 τιπρὰττεται,
1666 5211 1751 5261 καί

189 5289 253 5338 τὰ
283 5289 454 5358 χωρία
474 5286 523 5346 ἐξ
550 5281 614 5337 ὧν
641 5287 732 5343 τὰς
755 5285 1039 5360 ἀποτροφὰς
1069 5298 1428 5362 χορηγοῦνται,
1453 5303 1569 5355 ταῖς
1598 5296 1750 5372 ἁγιῳ-

189 5373 365 5432 τάταις
391 5374 706 5434 Ἐκκλησίαις
747 5383 1116 5452 προσκυροῦσι,
1168 5387 1267 5433 τῶν
1307 5383 1398 5448 μὲν
1443 5387 1749 5453 κεκτημένων

187 5463 565 5534 ἀφαιρούμεναι,
596 5463 724 5519 διότι
765 5467 953 5534 βλάϐης
984 5470 1121 5522 αἰτία
1158 5478 1264 5532 τοῖς
1289 5469 1652 5548 ἁπλουστέροις
1678 5479 1748 5544 γί-

186 5573 344 5614 νεται,
377 5555 476 5606 ὑπό
506 5553 558 5607 δέ
585 5556 678 5612 τὰς
698 5555 982 5625 ἁγιωτάτας
1004 5563 1107 5612 -καί
1147 5559 1430 5626 ὁρθοδὸξους
1457 5564 1748 5625 Ἐκκλησίας

1852 4485 2110 4555 recipere,
2141 4495 2231 4539 aut
2256 4503 2534 4564 perperam
2561 4492 2830 4563 baptizare
2853 4498 3067 4564 audere,
3091 4509 3184 4555 aut
3207 4516 3410 4557 sacram

1851 4574 2284 4632 communionem
2309 4568 2603 4654 sordidare,
2621 4591 2676 4646 et
2704 4586 2868 4653 ipsam
2890 4589 3158 4657 aliquibus
3178 4593 3410 4659 tradere,

1855 4671 1941 4716 aut
1971 4662 2282 4724 interdictas
2319 4666 2586 4724 doctrinas
2616 4688 2882 4748 exponere
2902 4679 3013 4734 sive
3037 4681 3089 4741 in
3111 4681 3210 4742 hac
3228 4694 3408 4739 nostra

1853 4753 2019 4820 regia,
2072 4754 2184 4809 sive
2230 4757 2281 4809 in
2329 4759 2431 4822 alia
2471 4761 2722 4830 civitate;
2774 4766 3069 4828 sed-omne
3119 4771 3408 4839 periculum

1856 4841 2205 4900 reformidare
2231 4886 2244 4906 ,
2274 4847 2321 4902 si
2353 4849 2475 4916 quid
2509 4853 2610 4905 tale
2638 4851 2813 4908 faciat.
2857 4859 3224 4913 lnterdicimus
3247 4865 3405 4916 etiam

1851 4931 2120 4997 omnibus,
2154 4949 2221 4988 ne
2248 4937 2378 4991 istos
2407 4941 2720 5008 suscipiant.
2749 4943 2928 5013 Abjici
2963 4961 3088 5015 ergo
3121 4949 3260 5016 ipsos
3289 4966 3413 5004 san-

1851 5021 2018 5071 cimus
2062 5021 2129 5074 de
2181 5024 2482 5079 civitatibus
2521 5029 2587 5082 ab
2641 5031 2766 5098 ipsis
2801 5035 3079 5090 concitatis
3112 5075 3127 5100 ,
3177 5039 3409 5093 scientes

1854 5122 2037 5173 ptenas
2063 5109 2172 5176 jam
2203 5123 2477 5168 contentas
2507 5117 2558 5170 in
2595 5121 2790 5174 nostris
2827 5121 3020 5178 divinis
3072 5127 3408 5183 constituuio-

1847 5196 2026 5260 nibus,
2058 5213 2174 5266 quae
2201 5209 2255 5254 et
2283 5202 2469 5256 domos
2521 5206 2678 5274 ipsas,
2730 5210 2784 5264 in
2827 5211 3018 5278 quibus
3049 5215 3152 5270 tale
3178 5217 3300 5285 quid
3331 5218 3408 5284 iit,

1851 5293 1904 5336 et
1940 5298 2156 5353 campos
2185 5303 2250 5341 ex
2277 5290 2470 5358 quibus
2498 5295 2817 5352 nutrimenta
2842 5301 3160 5371 praebentur,
3186 5309 3410 5363 sanctis-

1850 5384 1994 5437 simis
2010 5385 2261 5442 Ecclesiis
2284 5393 2569 5460 assignant,
2593 5403 2689 5449 eta
2721 5399 3108 5466 possidentibus
3133 5405 3402 5472 auferunt,

1847 5478 1968 5545 quia
1992 5479 2295 5534 detrimenti
2320 5497 2474 5537 causa
2507 5486 2561 5539 tit
2587 5490 3028 5559 simplicioribus;
3056 5499 3408 5558 sanctissimis

1853 5583 1976 5619 vero
2029 5578 2081 5621 et
2127 5571 2436 5630 orthodoxis
2471 5577 2719 5634 Ecclesiis
2769 5580 2880 5636 hinc
2924 5583 3066 5653 juste
3101 5590 3414 5665 subjiciunt.
