3924 6294
168 367 308 442 ὶ105

1092 372 1535 439 TRACTATUS
1568 376 1869 440 CONTRA
1907 375 2510 439 MONOPHYSITAS.

3291 372 3427 438 1106

166 494 364 560 ιγγὺς,
428 490 543 543 ὅσοι
594 488 654 540 τὸ
703 488 798 564 τῆς
844 487 1081 550 πίστεως
1130 492 1226 543 καὶ
1270 491 1496 562 εἰρήνης
1544 490 1752 559 ἀγαθὸν

1858 490 2206 556 mandamus,
2240 488 2436 544 audito
2461 503 2529 543 ex
2565 487 2657 542 his
2678 502 2802 557 qua:
2824 486 2894 543 ad
2926 502 3030 543 nos
3063 488 3269 559 scripta
3300 498 3429 546 sunt

166 574 543 652 ἀσπαζόμενοι
593 579 896 646 φαίνονται.
956 580 1143 635 Ταῦτα
1177 581 1235 636 δέ
1270 599 1453 652 φαμεν
1485 584 1623 655 πρὸς
1656 584 1748 652 τὴν

164 671 448 744 ὖμετὲραν
476 665 760 738 ’θεοφιλίαν
781 710 797 735 ,
856 671 1243 744 μεμαθηκότες
1273 673 1341 728 ὲκ
1371 673 1481 728 τῶν
1510 675 1749 746 γραφέν..

166 784 278 820 των
321 767 455 834 ἡμῖν
505 765 657 834 παρὰ
703 762 800 817 τοῦ
848 768 1274 837 μακαριωτάτου
1314 766 1748 838 ἁρχιεπισκόπου

165 857 271 926 τῆς
306 854 705 931 ’ᾼλεξανδρέων
748 855 845 908 καὶ
878 857 1221 929 πατριάρχου
1250 856 1479 923 Ζωΐλου,
1528 859 1612 914 ὃτι
1651 858 1752 929 τὴν

163 948 245 1018 τῷ
276 947 397 1017 Θεῷ
438 945 603 1017 φίλην
643 947 873 1018 εἰρήνην
908 948 1297 1019 ἀσπασάμενοι
1337 951 1750 1021 προσεδράμετε

163 1040 233 1110 τῇ
273 1038 407 1111 ἁγία
452 1038 550 1093 τοῦ
588 1037 729 1093 Θεοῦ
764 1039 1086 1111 Ἐκκλησία,
1120 1042 1419 1114 εὑρηκότες
1448 1043 1587 1114 ὀρθὰ
1612 1039 1752 1097 εἶναι

164 1131 238 1184 τὰ
269 1132 329 1184 ὲν
353 1130 490 1203 αὖτῇ
521 1130 907 1203 κηρυττόμενα
936 1132 1184 1203 δόγματα
1207 1170 1223 1200 ,
1258 1133 1341 1188 ’δι’
1364 1128 1439 1189 ὧν
1474 1135 1625 1189 πᾶσα
1654 1134 1754 1204 μὲν

168 1221 383 1294 αἵρεσις
443 1224 783 1296 ἀπελήλαται
809 1263 823 1289 ,
886 1227 1287 1297 κατακέκριται
1331 1225 1389 1279 δὲ
1449 1227 1545 1280 καὶ
1594 1226 1755 1281 ἐκϐέ-

168 1314 419 1388 Βληταιῆ
439 1333 497 1369 τε
526 1315 740 1371 Παύλου
765 1318 860 1372 καὶ
881 1317 1185 1391 Νεστορίου
1206 1318 1490 1390 διαίρεσις,
1517 1318 1624 1372 τῶν
1646 1321 1754 1383 τοῖς

170 1406 271 1477 τῆς
317 1406 498 1479 ψυχῆς
543 1407 758 1480 δμμασι
807 1409 1238 1479 τυφλωττόντων
1264 1451 1278 1473 ,
1332 1411 1426 1464 καὶ⁸
1478 1411 1618 1465 κατὰ
1658 1413 1757 1482 τὴν

168 1498 282 1552 τῶν
303 1500 576 1556 Ἰουδαίων
604 1500 805 1573 μανίαν
830 1498 930 1574 τὴν
955 1501 1186 1573 θεότητα
1208 1502 1304 1557 τοῦ
1324 1503 1567 1574 Χριστοῦ
1587 1506 1760 1575 ἀπαρ-

169 1588 452 1660 νουμὲνων
472 1607 489 1625 ο
544 1591 749 1661 ὁμοίως
780 1592 836 1646 δὲ
874 1593 1272 1665 κατακέκριται
1305 1596 1400 1648 καὶ
1429 1593 1758 1662 ὶκδέδληται

166 1685 203 1747 ἠ
240 1680 657 1755 ’Δπολλιναρίου
701 1701 760 1738 τε
805 1685 900 1740 καὶ⁵
934 1685 1211 1757 Εὕτυχοῦς
1242 1687 1556 1759 συναίρεσις
1590 1687 1760 1756 ἤγουν

165 1771 436 1843 σύγχυσις
468 1775 576 1829 τῶν
607 1774 947 1831 ἀθετούντων
975 1778 1077 1849 τὴν
1102 1778 1197 1831 τοῦ
1225 1777 1469 1850 Χριστοῦ
1494 1777 1759 1848 ἀληθινὴν

164 1864 592 1937 ἁνθρωπότητα.
660 1866 825 1922 Ὅθεν
887 1869 1276 1939 προτρέπομεν
1332 1869 1436 1939 τὴν
1483 1867 1756 1940 ὑμετέραν

165 1953 445 2020 θεοφιλιαν
496 1957 624 2020 τοὺς
656 1959 753 2029 τῆς
790 1958 1030 2022 πίστεως
1057 1959 1243 2013 λοιπὸν
1272 1960 1523 2030 καρποὺς
1551 1959 1755 2012 ἐπιδεί-

166 2041 384 2108 ξασθαι,
423 2044 520 2098 καὶ
550 2047 677 2110 τοὺς
707 2046 785 2100 ιἔτι
817 2050 884 2119 τῇ
913 2047 1528 2121 πλάνηκρατουμένους
1554 2048 1756 2119 δδηγῆ·

1850 601 1879 639 a
1896 582 2219 639 beatissimo
2235 581 2661 652 archiepiscopo
2672 578 3017 635 Alexandriae
3033 594 3097 635 ac
3111 582 3430 650 patriarcha

1850 674 2025 740 Zoilo,
2055 674 2204 745 quod
2232 674 2348 731 Deo
2378 672 2604 728 charum
2629 688 2820 742 pacem
2855 672 3171 743 diligentes,
3201 673 3270 729 ad
3299 691 3420 729 san-

1851 779 1994 821 ctam
2023 766 2122 821 Dei
2164 765 2467 821 Ecclesiam
2498 765 2885 822 accurrissetis
2910 805 2927 831 ,
2967 765 3223 837 dogmata
3274 766 3329 821 in
3366 783 3432 823 ea

1851 860 2151 930 praedicata
2178 875 2307 914 vera
2332 856 2650 930 iudicantes
2681 900 2696 924 ,
2732 858 2939 928 quibus
2980 859 3162 914 omnis
3199 859 3433 915 heresis

1851 939 2097 1017 exciuSa,
2126 950 2383 1006 danmata
2413 959 2580 1021 atque
2609 952 2841 1021 expulsa
2862 959 2951 1007 est
2965 951 3082 1006 sive
3100 950 3282 1016 Pauli,
3316 952 3432 1005 sive

1853 1041 2119 1107 Nestorii,
2140 1040 2334 1096 oculos
2355 1040 2561 1096 mentis
2588 1056 2704 1097 sua:
2726 1039 3433 1109 obcaecaturumjuxtaque
3493 1055 3526 1095 .·

1851 1134 2168 1200 Judaeorum
2187 1134 2456 1190 insaniam
2470 1134 2680 1191 Christi
2705 1131 3056 1190 divinitatem
3076 1131 3430 1203 negantium;

1854 1226 2170 1296 quibusque
2203 1226 2465 1295 similiter
2489 1226 2751 1282 damnata
2780 1212 3124 1297 expulsaque
3164 1232 3250 1280 est
3276 1224 3438 1292 Apol-

1854 1316 2039 1373 Iinarii
2064 1331 2131 1372 ac
2152 1317 2415 1390 Eutychis
2429 1317 2750 1389 coniunctio
2772 1333 2871 1373 seu
2904 1317 3218 1375 commistio
3241 1330 3435 1372 eorum

1857 1408 2061 1478 quibus
2103 1424 2233 1464 vera
2282 1408 2487 1464 Christi
2536 1410 2854 1465 humanitas
2892 1410 3148 1465 solvitur.
3182 1407 3435 1464 Vestram

1858 1500 2027 1571 igitur
2053 1501 2343 1555 hortamur
2373 1501 2638 1572 pietatem
2667 1510 2730 1558 ut
2771 1500 2900 1557 ﬁdei
2935 1516 3050 1557 suae
3077 1499 3293 1556 fructus
3327 1512 3437 1556 σαι-

1859 1599 2040 1646 terum
2063 1591 2306 1662 colligat,
2325 1591 2562 1663 illosque
2578 1591 2672 1663 qui
2698 1591 2882 1648 adhuc
2900 1606 3094 1647 errore
3106 1580 3437 1645 detinentur

1859 1681 2028 1741 ducat
2080 1683 2146 1738 ad
2187 1683 2479 1740 veritatem
2534 1694 2948 1755 congregetque
3000 1682 3069 1738 ad
3103 1680 3434 1742 Ecclesium.

1862 1775 2020 1845 cujus
2052 1789 2239 1830 veram
2294 1790 2361 1830 ac
2405 1775 2703 1831 salutarem
2756 1774 3204 1846 praedicationem
3263 1772 3438 1827 sacris

1862 1867 2167 1937 Scripturis
2193 1867 2702 1938 traditionibusque
2727 1868 2953 1923 Patrum
2981 1867 3160 1937 primo
3189 1864 3313 1920 loco
3341 1863 3439 1918 de-

1860 1959 2296 2016 monstrabimus
2321 1999 2335 2024 ,
2380 1967 2436 2015 et
2467 1959 2640 2024 falsa,
2681 1974 2806 2030 quas
2844 1959 3011 2029 impie
3055 1957 3124 2012 ah
3158 1954 3439 2012 haereticis

1861 2059 2209 2114 asseruntur,
2249 2050 2683 2106 confutabimus.

167 2149 260 2187 σαι
302 2133 440 2206 πρὸς
476 2134 574 2206 τὴν
607 2135 869 2208 ἀλήθειαν
894 2178 909 2201 ,
966 2120 1071 2192 καὶν
1106 2141 1484 2211 προσαγαγεῖν
1548 2141 1614 2210 τῇ
1686 2138 1819 2211 ἁγίᾳ
1856 2138 1949 2193 τοῦ
1975 2138 2113 2193 Θεοῦ
2143 2139 2463 2212 Ἐκκλησίᾳ,
2497 2134 2566 2213 ἧς
2594 2140 2657 2194 τὸ
2687 2138 2884 2211 ἀληθὲς
2919 2140 3014 2193 καὶ
3043 2138 3312 2211 σωτήριον
3338 2120 3439 2205 κήὲ

167 2242 358 2299 ρυγμα
428 2228 714 2299 προϊόντες
781 2229 1144 2300 ἀποδείξομεν
1199 2232 1290 2305 διά
1333 2249 1396 2286 τε
1446 2233 1561 2287 τῶν
1613 2230 1774 2286 θείων
1809 2231 2046 2304 Γραφῶν
2098 2232 2194 2286 καὶ
2242 2233 2356 2289 τῶν
2436 2232 2727 2306 Πατρικῶν
2773 2231 3158 2301 παραδόσεων,
3210 2230 3304 2286 καὶ
3336 2229 3437 2298 τὴν

160 2316 275 2369 τῶν
308 2317 620 2388 εἰρημένων
654 2318 871 2373 ἀσεϐῶν
895 2322 1193 2392 αἱρετικῶν
1225 2325 1523 2379 κακόνοιαν
1547 2323 1919 2394 διελέγξομεν.

239 2406 513 2477 Κηρύττει
544 2409 651 2481 γὰρ
679 2411 711 2480 ἡ
744 2410 1001 2480 ἁγίατοῦ
1027 2413 1163 2468 Θεοῦ
1209 2414 1507 2485 Ἐκκλησία
1543 2414 1747 2485 μονάδα

163 2496 224 2549 ἄν
253 2495 445 2566 Τριάδι
475 2496 569 2550 καὶ
599 2497 806 2569 Τριάδα
827 2502 885 2554 ὲν
911 2500 1097 2570 μονάδι
1121 2518 1136 2533 ·
1170 2495 1250 2564 εἷς
1274 2502 1383 2573 γὰρ
1411 2502 1543 2569 Θεὸς
1569 2507 1598 2557 6
1633 2506 1747 2558 [Ια-

163 2587 272 2667 τὴρ
298 2629 312 2651 ,
350 2584 409 2650 ἐξ
435 2580 497 2641 οῦ
526 2588 596 2641 τὰ
621 2589 834 2643 πάνταο
868 2592 963 2645 καὶ
998 2586 1080 2656 εἴς
1120 2593 1322 2664 Κύριος
1359 2594 1566 2665 Ἰησοῦς
1613 2595 1747 2669 Χρι-

167 2675 290 2740 στὸς
321 2675 393 2761 διί
417 2670 478 2731 οὗ
507 2678 576 2732 τὰ
600 2679 778 2734 πάντα
801 2691 818 2711 ⁸
850 2683 943 2737 καὶ¹
976 2681 1034 2736 ἓν
1064 2683 1290 2755 Πνεῦμα
1329 2686 1484 2755 ἅγιον
1518 2690 1576 2741 ὲν
1602 2680 1648 2756 ᾧ
1682 2688 1750 2743 τὰ

166 2768 350 2823 πάντα
378 2784 393 2800 ο
452 2768 514 2822 τδ
560 2771 619 2838 ἑξ
663 2766 724 2827 οὗ
772 2773 868 2827 καὶ
911 2774 979 2828 δι’
1007 2768 1068 2829 οῦ
1114 2776 1210 2830 καί⁸
1238 2778 1297 2830 ὲν
1446 2776 1746 2851 μὴ’φύσεσι

164 2861 481 2929 τεμνόντων
512 2861 649 2917 ἀλλὰ
685 2864 1203 2936 χαρακτηριζόντων
1236 2871 1364 2938 μιᾶς
1400 2869 1493 2922 καὶ
1520 2868 1750 2941 ἀσυγχύ·

165 2967 261 3003 του
311 2949 526 3019 φύσεως
554 2952 850 3024 ,ἰδιότητας
876 2971 891 2986 ο
931 2955 1061 3025 μίαν
1103 2955 1214 3028 γὰρ
1239 2957 1425 3012 οὐσίαν
1458 2958 1518 3012 ὲν
1572 2959 1752 3028 τρισὶν

168 3040 505 3100 ὕποπὸωεσι
533 3042 964 3115 προσκυνοῦμεν,
997 3045 1056 3099 ὲν
1097 3046 1304 3118 ἑκάστῃ
1333 3047 1625 3102 ὑποστάσει
1655 3046 1753 3114 τὴν

1919 2416 2014 2470 Dei
2056 2424 2242 2473 autem
2270 2418 2518 2473 Ecclesia
2550 2419 2819 2475 unitatem
2841 2417 2903 2474 ln
2935 2417 3207 2473 Trinitate
3233 2433 3296 2473 ac
3317 2415 3440 2472 Tri.

1846 2505 2075 2577 nitatem
2112 2508 2168 2565 in
2207 2509 2419 2566 unitate
2453 2511 2660 2577 docet;
2686 2527 2832 2567 unus
2861 2521 2949 2567 est
2973 2510 3123 2567 enim
3157 2509 3303 2566 Deus
3334 2509 3439 2565 Pa-

1850 2604 1953 2660 ter,
1972 2613 2039 2652 ex
2055 2613 2167 2668 quo
2200 2599 2408 2665 omnia,
2432 2616 2577 2656 unus
2598 2602 2864 2657 Dominus
2884 2601 3049 2657 Jesus
3065 2599 3321 2657 Christus
3340 2614 3438 2671 per

1849 2692 2012 2754 quem
2048 2686 2254 2753 omnia,
2299 2697 2468 2760 atque
2506 2705 2649 2746 unus
2693 2689 2935 2761 Spiritus
2977 2697 3203 2746 sanctus
3237 2689 3295 2745 in
3326 2704 3437 2760 quo

1855 2776 2066 2843 omnia;
2097 2792 2166 2832 cx
2197 2793 2330 2847 quo,
2355 2794 2454 2850 per
2475 2795 2639 2851 quem
2669 2790 2726 2859 et
2755 2781 2810 2836 in
2842 2797 2974 2851 quo.
3004 2781 3136 2838 Ideo
3167 2798 3303 2839 vero
3326 2798 3430 2837 non

1860 2867 1916 2922 in
1939 2876 2168 2924 naturas
2182 2869 2506 2931 dividimus.
2531 2871 2630 2927 sed
2658 2871 2825 2929 unius
2841 2889 2906 2930 ac
2930 2874 3203 2946 simplicis
3226 2882 3439 2930 natum

1860 2961 2233 3030 proprietates
2258 2962 2595 3020 indicamus'
2625 2979 2791 3019 unam
2816 2968 2964 3020 enim
2990 2966 3353 3022 substantiam
3380 2967 3395 3021 i
3419 2986 3432 3021 I

1863 3048 2045 3105 tribus
2082 3053 2338 3120 personis
2372 3052 2702 3120 adoramus,
2741 3055 2797 3110 in
2836 3070 3169 3127 unaquaque
3203 3072 3435 3126 persona

168 3131 344 3202 αὐτὴν
396 3131 824 3203 ὲπιθεωροῦντες
846 3133 1058 3191 ούσίαν.
1103 3136 1214 3191 Καὶ
1250 3138 1486 3209 ἑκάστην
1518 3139 1615 3208 μὲν
1643 3138 1752 3192 τῶν

1857 3138 2110 3195 eamdem
2131 3139 2952 3200 substantiamconsiderantes.
2979 3144 3433 3216 Uuamquamquo
3456 3208 3474 3215 ν,

171 3223 528 3278 ύποστάσεων
601 3226 851 3297 μοναχῶς
899 3226 1337 3299 ἐξαγγέλλομεν
1395 3230 1616 3293 ἐπειδὰν
1694 3231 1753 3285 δὲ

171 3315 581 3388 συναριθμῆσαι
614 3317 709 3391 δὲῃ
733 3356 748 3383 ,
777 3318 899 3390 οὐχὶ
927 3319 1240 3391 ἀπαιδεύτῳ
1288 3321 1584 3393 ἀριθμήσει
1621 3324 1755 3396 πρὸς

172 3407 465 3474 πολυθεῖας
497 3409 707 3465 ἔννοιαν
736 3410 1088 3481 ἐκφερόμεθα
1111 3429 1124 3444 ’
1179 3412 1300 3466 οὐδὲ
1329 3411 1437 3484 γὰρ
1468 3413 1608 3468 κατὰ
1636 3414 1759 3469 σύν-

170 3500 323 3553 θεσιν
351 3499 695 3579 ἀριθμοῦμεν
717 3503 811 3571 ἀφ’
836 3502 952 3565 ἐνὸς
980 3504 1060 3567 είς
1084 3496 1288 3571 πλῆθος
1317 3504 1631 3576 ποιούμενοι
1660 3506 1758 3579 τὴν

171 3576 541 3661 παραύξησιν,
570 3591 706 3644 ἀλλὰ
729 3592 794 3646 ’τὸ
824 3592 1024 3658 ἰδιάζον
1056 3592 1165 3648 τῶν
1186 3594 1543 3665 ύποστᾴσεων
1569 3576 1760 3667 ὁμολο-

170 3679 398 3748 γοῦντες
455 3680 692 3752 μένομεν
744 3683 837 3738 ἐπὶ
891 3684 990 3755 τῆς
1045 3686 1364 3756 μοναρχίας,
1418 3688 1499 3752 είς
1554 3686 1759 3757 πλῆθος

171 3770 578 3843 ἀπεσχισμένον
599 3773 699 3845 τὴν
724 3772 1006 3844 θεολογίαν
1030 3776 1106 3847 μὴ
1143 3775 1546 3842 σκεδαννύντες,
1583 3778 1760 3832 διατο-

174 3863 305 3933 μίαν
348 3863 406 3916 ὲν
444 3862 617 3936 Πατρὶ
663 3865 758 3918 καὶ
826 3864 940 3937 Υίῷ
988 3866 1085 3920 καὶ
1132 3864 1275 3937 ἁγίῳ
1323 3865 1623 3936 Πνεύματι,
1659 3866 1759 3938 τὴν

167 3956 334 4009 οίονεὶ
366 3953 580 4027 μορφὴν
611 3940 955 4027 θεωρεῖσθαι,
988 3955 1067 4026 τῷ
1095 3956 1503 4028 ἀπαραλλάκτῳ
1527 3957 1626 4028 τῆς
1654 3958 1757 4028 φύ-

168 4062 312 4109 σεως
339 4045 654 4117 ἐνιζομὲνην
677 4062 693 4077 ·
716 4048 811 4101 καὶ
833 4047 965 4102 Θεὸν
985 4047 1081 4102 οῦν
1102 4047 1334 4102 ἕκαστον
1355 4047 1755 4119 ὁμολογοῦμεν,

167 4137 234 4189 ἂν
255 4134 546 4209 θεωρῆίῖαι,
576 4140 735 4209 μόνον
756 4139 848 4192 τοῦ
879 4137 971 4193 νοῦ
992 4138 1322 4211 χωρίζοντος
1349 4140 1417 4193 τὰ
1438 4138 1722 4210 ἅχώριστα
1737 4180 1753 4207 ,

168 4230 267 4282 καὶ
295 4228 426 4282 Θεὸν
454 4231 524 4284 τὰ
554 4229 679 4302 τρία
718 4232 834 4301 μετ’
866 4230 1112 4303 ἀλλήλων
1144 4230 1375 4302 νοοῦμεν
1398 4272 1413 4297 ,
1461 4230 1540 4303 τῷ
1571 4233 1755 4304 ταυτῷ

168 4319 272 4386 τῆς
330 4319 601 4389 κινήσεως
665 4322 761 4375 καὶ
832 4322 929 4392 τῆς
984 4321 1238 4390 φύσεως’
1305 4323 1475 4393 Τριὰς
1519 4319 1611 4377 οῦν
1679 4324 1755 4388 ὡς

171 4402 389 4475 ἀληθῶς
442 4407 475 4476 ἡ
522 4406 725 4478 Τριὰςο
776 4409 905 4481 τρία
943 4410 1001 4463 δὲ
1045 4412 1106 4464 ού
1157 4412 1500 4482 πραγμάτων
1552 4412 1755 4467 ἀνίσων

1856 3239 2043 3286 autem
2070 3247 2435 3311 personarum
2470 3234 2754 3306 sigillatim
2803 3234 3168 3300 conﬁtemur,
3199 3250 3430 3307 cumque

1859 3324 2264 3379 numerandum
2297 3334 2418 3390 est,
2458 3326 2565 3382 hoc
2616 3343 2852 3383 numero
2901 3329 2967 3384 ad
3005 3327 3427 3400 polytheismum

1857 3410 2053 3466 rudem
2070 3428 2182 3468 non
2202 3402 2542 3479 inducimus,
2568 3432 2681 3471 non
2706 3418 2855 3472 enim
2887 3433 2989 3488 per
3013 3418 3315 3491 synthesim
3336 3435 3432 3474 uu-

1859 3518 2140 3559 meramus
2195 3505 2264 3560 ab
2299 3522 2410 3560 uno
2456 3506 2523 3562 ad
2561 3506 2937 3576 pluralitatem
2997 3510 3317 3564 auctionem
3360 3510 3430 3563 fa-

1830 3588 2090 3657 cientes,
2107 3594 2204 3649 sed
2231 3596 2625 3667 proprietatem
2650 3612 3013 3667 personarum
3031 3598 3361 3654 conﬁtentes
3379 3599 3436 3654 in

1860 3682 2073 3738 unitate
2097 3686 2401 3755 majestatis
2430 3702 2843 3757 permanemus.
2865 3704 3054 3746 vocem
3090 3704 3302 3745 sacram
3324 3705 3436 3766 non

1858 3772 2219 3829 extendentes
2251 3785 2487 3830 numero
2530 3786 2782 3843 remoto,
2825 3779 2899 3832 ita
2937 3786 2999 3832 ut
3021 3777 3434 3834 distinctionem

1860 3861 1916 3916 in
1947 3860 2109 3917 Patre
2147 3871 2204 3917 et
2234 3863 2376 3918 Filio
2414 3873 2471 3919 et
2523 3863 2733 3934 Spiritu
2771 3875 2975 3936 sancto
3021 3866 3437 3921 consideremus

1859 3954 2012 4009 velut
2042 3953 2276 4009 formam
2307 3955 2600 4011 identitate
2630 3965 2844 4013 natura:
2880 3956 3127 4024 unitam;
3154 3958 3436 4026 Deumque

1859 4044 2028 4116 igitur
2067 4060 2524 4117 unumquemque
2567 4049 2917 4111 conﬁtemur,
2955 4046 3000 4101 si
3047 4047 3435 4103 consideretur

1857 4141 2041 4189 mente
2081 4140 2294 4188 tantum
2325 4142 2617 4204 separante
2663 4149 2787 4206 quae
2829 4136 3075 4205 separari
3123 4150 3429 4206 nequeunt,

1857 4224 2145 4296 Deumque
2194 4226 2301 4281 tria
2342 4226 2462 4283 hac
2503 4242 2677 4283 unum
2713 4234 2837 4297 post
2883 4227 3117 4315 alterum
3153 4237 3431 4297 putamus.

1855 4314 2050 4371 eadem
2077 4316 2437 4373 distinctione
2465 4326 2523 4373 et
2543 4328 2764 4376 natura.
2793 4314 3041 4374 Trinitas
3062 4321 3227 4392 igitur
3257 4321 3432 4377 veris-

1836 4398 1995 4461 sime
2028 4416 2114 4462 est
2135 4406 2397 4463 Trinitas.
2423 4406 2552 4463 Tria
2577 4416 2763 4465 autem
2785 4425 2894 4465 non
2933 4409 3285 4481 inarquaiium
3325 4426 3433 4468 uu-

169 4493 569 4566 ἀπαρίθμησις,
628 4497 743 4551 ἀλλ’
801 4498 930 4552 ἴσων
982 4499 1076 4553 καὶ
1121 4500 1402 4571 ὁμοτίμων
1461 4500 1746 4572 σύλληψις,

1857 4510 2064 4560 merus,
2115 4495 2213 4552 sed
2258 4496 2558 4567 aequalium
2611 4506 2670 4555 et
2713 4500 2932 4570 parium
2982 4500 3427 4570 comprehensio.

171 4582 396 4657 ἐνούσης
416 4586 517 4656 τῆς
543 4589 913 4659 προσηγορίας
933 4587 1002 4641 τὰ
1026 4590 1283 4660 ἡνωμένα
1308 4592 1373 4645 ἐκ
1403 4589 1639 4660 φύσεως.
1659 4596 1752 4647 καὶ

170 4675 270 4728 οὐκ
300 4674 471 4747 ἐώσης
502 4678 857 4749 σκεδασθῆναι
890 4679 1109 4752 ἀριθμῷ
1133 4680 1410 4767 λελυμένῳ
1441 4680 1510 4736 τὰ
1532 4680 1609 4754 μὴ
1637 4682 1751 4736 λυό-

177 4783 334 4833 μενα.

254 4855 653 4932 Ὀμολογοῦμεν
682 4862 739 4916 δὲ
778 4866 858 4919 ὅτι
890 4866 918 4919 ὁ
949 4864 1248 4936 μονογενὴς
1282 4865 1404 4928 Tib;
1444 4864 1539 4919 καὶ
1576 4866 1750 4934 Λόγος

171 4944 264 5002 τοῦ
298 4947 433 5003 Θεοῦ
457 4991 474 5017 ,
500 4952 529 5004 ὁ
583 4954 680 5007 σὺν
717 4954 891 5024 “arpi.
923 4957 1016 5010 καὶ
1050 4956 1191 5027 ἁγίῳ
1225 4954 1503 5028 Πνεύματι
1527 4955 1748 5021 505505-

174 5035 334 5101 μενός
374 5055 436 5092 τε
487 5041 580 5095 καὶ
627 5046 1135 5116 προσκυνούμενος,
1168 5048 1198 5101 ὁ
1231 5030 1514 5117 γεννηθεὶς
1546 5047 1613 5099 ὲκ
1650 5045 1747 5100 τοῦ

132 5124 379 5212 ,Πατρος
428 5131 674 5202 ἀχρόνως
723 5134 820 5189 καὶ
853 5136 1183 5206 ἀσωμάτως,
1233 5138 1296 5191 τὸ
1323 5140 1391 5192 ὲκ
1429 5137 1521 5191 τοῦ
1566 5137 1746 5209 φωτὸς

170 5214 306 5280 φῶς,
343 5220 377 5289 ή
415 5223 564 5291 πηγὴ
592 5221 692 5292 τῆς
724 5223 868 5296 ζωῆς
915 5227 1010 5279 καὶ
1037 5228 1135 5298 τῆς
1185 5228 1487 5292 ἀθανασίας
1513 5267 1527 5294 ,
1562 5229 1625 5284 τὸ
1652 5231 1746 5283 ὲκρ

171 5310 389 5374 μαγεῖον
414 5310 510 5364 τοῦ
549 5313 908 5383 Ἀρχετύπου,
936 5319 970 5387 ἡ
1000 5317 1073 5388 μὴ
1103 5319 1396 5391 κινουμένη
1434 5318 1744 5392 σφραγὶς.ή

86 5452 135 5486 εἰ
167 5394 581 5467 ἀπαράλλακτος
615 5403 799 5471 εἰκὼν,
828 5408 856 5460 ὁ
885 5406 978 5460 τοῦ
1012 5398 1230 5477 [ἰατρὸς
1260 5410 1386 5478 ὅρος
1412 5411 1506 5461 καὶ
1549 5410 1742 5479 Λόγος,

86 5475 143 5535 Σὲ
163 5487 225 5538 οὐ
242 5488 613 5560 περιείδεντδν
639 5495 924 5567 ἄνθρωπον
959 5475 1146 5571 φθόνῳ.
1169 5475 1422 5553 διαὸδλου
1447 5501 1540 5554 καὶ
1569 5475 1745 5572 πικρᾷ

168 5575 348 5641 γεύσει
377 5583 477 5653 τῆς
508 5586 780 5658 ἁμαρτίας
806 5630 821 5651 ,
847 5589 984 5643 Θεοῦ
1010 5590 1105 5643 τοῦ
1138 5593 1500 5662 πεποιηκότος
1525 5592 1744 5657 ὲλεῖνῶς

169 5669 548 5743 χωριζόμενον.
593 5677 752 5731 Ἀλλὰ
785 5677 882 5750 τὴν
921 5668 1198 5753 ἡμετέραν
1241 5682 1608 5755 ἐργαζόμενος
1633 5699 1743 5736 σω-

171 5758 389 5831 τηρίαν,
423 5766 513 5819 ἐπὶ
546 5766 643 5842 τὴν
678 5769 810 5822 ἰδίαν
842 5772 1022 5828 εἰκόνα
1053 5776 1225 5847 χωρεῖ
1250 5813 1264 5840 ,
1299 5759 1391 5828 xui
1443 5772 1742 5855 σαρκοῦται

1855 4591 2225 4660 appellatione
2265 4591 2491 4651 uniente
2528 4601 2729 4648 natura
2782 4593 2895 4664 jam
2939 4593 3126 4656 unita,
3172 4592 3431 4663 hancque

1853 4681 2070 4738 sinente
2119 4683 2365 4755 separari
2408 4695 2644 4741 numero
2698 4682 2885 4741 soluto
2934 4693 3055 4759 quae
3096 4681 3275 4739 soluta
3320 4699 3428 4737 non

1851 4782 2000 4829 sunt.
2818 4846 2827 4854 _

1921 4861 2265 4922 Conﬂtemur
2284 4876 2470 4923 autem
2492 4866 2691 4924 Filium
2712 4865 3060 4938 unigenitum
3075 4865 3429 4935 Verbumque
3477 4855 3495 4874 ⁸

1820 4955 1968 5020 'Dei,
1998 4972 2127 5013 cum
2152 4957 2318 5013 Patre
2360 4973 2426 5014 ac
2464 4957 2676 5028 Spiritu
2727 4967 2921 5014 sancto
2960 4956 3328 5027 gloriﬁcatum
3373 4968 3427 5010 et

1849 5042 2136 5099 adoratum
2164 5086 2179 5109 ,
2223 5045 2293 5100 ab
2324 5055 2534 5101 aeterno
2562 5045 3101 5117 incorporaliterque
3157 5061 3224 5099 ex
3267 5044 3425 5099 Patre

1847 5136 2120 5206 genitum,
2147 5137 2335 5193 lumen
2365 5137 2434 5192 de
2469 5136 2704 5204 lumine,
2733 5137 2945 5194 fontem
2975 5136 3105 5191 vitae
3127 5144 3292 5206 atque
3320 5138 3425 5189 im-

1847 5228 2225 5293 mortalitatis,
2253 5229 2539 5301 archetypi
2572 5230 3019 5300 impressionem,
3051 5228 3288 5298 sigillum
3335 5231 3418 5285 in-

1850 5318 2201 5385 temeratum,
2219 5320 2519 5391 imaginem
2535 5320 2688 5375 nullo
2703 5320 2868 5375 modo
2884 5319 3229 5382 dissimilem,
3245 5319 3423 5375 Patris

1849 5411 2146 5467 terminum
2161 5420 2327 5482 atque
2337 5410 2602 5472 Verbum,
2619 5426 2729 5467 non
2756 5409 3117 5480 dereliquisse
3138 5410 3421 5465 hominem

1846 5500 2052 5557 diaboli
2081 5502 2325 5567 invidiae,
2357 5500 2828 5569 amaritudinique
2853 5499 3090 5569 peccati,
3124 5499 3233 5553 Deo
3264 5497 3419 5552 illum

1846 5589 2285 5647 misericorditer
2323 5588 2618 5643 liberante.
2672 5586 2778 5643 Sed
2810 5595 2869 5642 ut
2900 5595 3145 5642 nostram
3185 5586 3417 5642 salutem

1844 5689 2149 5752 operetur,
2195 5679 2262 5734 ad
2304 5680 2595 5752 imaginem
2627 5694 2782 5734 suam
2836 5679 3026 5744 venit,
3078 5679 3149 5734 ob
3195 5692 3417 5734 carnem

1843 5781 2089 5837 nostram
2124 5772 2466 5842 incernatur,
2489 5773 2668 5847 obque
2685 5772 3191 5833 animamnosuam.
3225 5786 3417 5827 :lmuw
