  <div class='ocr_page' id='page_1' title='image "/cluster/home/n/w/nwhite01/storage/ocr_20150623/86 pars.1/pst.000005712878/588.png"; bbox 0 0 3924 6294; ppageno 0'>
   <div class='ocr_carea' id='block_1_1' title="bbox 151 360 292 435">
    <p class='ocr_par' dir='ltr' id='par_1_1' title="bbox 151 360 292 435">
     <span class='ocr_line' id='line_1_1' title="bbox 151 360 292 435; baseline 0.028 -4"><span class='ocrx_word' id='word_1_1' title='bbox 151 360 292 435; x_wconf 74' lang='grc'><strong>1105</strong></span> 
     </span>
    </p>
   </div>
   <div class='ocr_carea' id='block_1_2' title="bbox 1080 366 2497 431">
    <p class='ocr_par' dir='ltr' id='par_1_2' title="bbox 1080 366 2497 431">
     <span class='ocr_line' id='line_1_2' title="bbox 1080 366 2497 431; baseline -0.004 -1"><span class='ocrx_word' id='word_1_2' title='bbox 1080 366 1521 431; x_wconf 76' lang='lat' dir='ltr'><strong>TRACTATUS</strong></span> <span class='ocrx_word' id='word_1_3' title='bbox 1557 369 1853 430; x_wconf 76' lang='lat' dir='ltr'><strong>CONTRA</strong></span> <span class='ocrx_word' id='word_1_4' title='bbox 1895 366 2497 430; x_wconf 79' lang='lat' dir='ltr'><strong>MONOPHYSITAS.</strong></span> 
     </span>
    </p>
   </div>
   <div class='ocr_carea' id='block_1_3' title="bbox 3279 363 3414 427">
    <p class='ocr_par' dir='ltr' id='par_1_3' title="bbox 3279 363 3414 427">
     <span class='ocr_line' id='line_1_3' title="bbox 3279 363 3414 427; baseline 0.007 -1"><span class='ocrx_word' id='word_1_5' title='bbox 3279 363 3414 427; x_wconf 85' lang='lat'><strong>1106</strong></span> 
     </span>
    </p>
   </div>
   <div class='ocr_carea' id='block_1_4' title="bbox 147 476 1743 554">
    <p class='ocr_par' dir='ltr' id='par_1_4' title="bbox 147 481 1739 554">
     <span class='ocr_line' id='line_1_4' title="bbox 147 481 1739 554; baseline 0 -19"><span class='ocrx_word' id='word_1_6' title='bbox 147 487 349 552; x_wconf 59' lang='grc' dir='ltr'>ἔγγὺς,</span> <span class='ocrx_word' id='word_1_7' title='bbox 416 486 529 538; x_wconf 79' lang='grc' dir='ltr'>ὅσοι</span> <span class='ocrx_word' id='word_1_8' title='bbox 581 482 640 534; x_wconf 78' lang='grc' dir='ltr'>τὸ</span> <span class='ocrx_word' id='word_1_9' title='bbox 690 483 784 550; x_wconf 76' lang='grc' dir='ltr'>τῆς</span> <span class='ocrx_word' id='word_1_10' title='bbox 831 481 1068 543; x_wconf 74' lang='grc' dir='ltr'>πίστεως</span> <span class='ocrx_word' id='word_1_11' title='bbox 1117 486 1212 535; x_wconf 69' lang='grc' dir='ltr'>καὶ</span> <span class='ocrx_word' id='word_1_12' title='bbox 1257 485 1482 554; x_wconf 72' lang='grc' dir='ltr'>εἰρήνης</span> <span class='ocrx_word' id='word_1_13' title='bbox 1531 482 1739 551; x_wconf 73' lang='grc' dir='ltr'>ἀγαθὸν</span> 
     </span>
    </p>
   </div>
   <div class='ocr_carea' id='block_1_5' title="bbox 1847 476 3416 554">
    <p class='ocr_par' dir='ltr' id='par_1_5' title="bbox 1847 476 3416 548">
     <span class='ocr_line' id='line_1_5' title="bbox 1847 476 3416 548; baseline -0.002 -10"><span class='ocrx_word' id='word_1_14' title='bbox 1847 481 2192 546; x_wconf 77' lang='lat' dir='ltr'><strong>mandamus,</strong></span> <span class='ocrx_word' id='word_1_15' title='bbox 2228 479 2422 534; x_wconf 89' lang='lat' dir='ltr'><strong>audito</strong></span> <span class='ocrx_word' id='word_1_16' title='bbox 2449 493 2515 532; x_wconf 82' lang='lat' dir='ltr'><strong>ex</strong></span> <span class='ocrx_word' id='word_1_17' title='bbox 2553 477 2642 532; x_wconf 89' lang='lat' dir='ltr'><strong>his</strong></span> <span class='ocrx_word' id='word_1_18' title='bbox 2666 493 2788 546; x_wconf 73' lang='lat' dir='ltr'><strong>qua:</strong></span> <span class='ocrx_word' id='word_1_19' title='bbox 2812 476 2881 532; x_wconf 86' lang='lat' dir='ltr'><strong>ad</strong></span> <span class='ocrx_word' id='word_1_20' title='bbox 2914 492 3017 533; x_wconf 82' lang='lat' dir='ltr'><strong>nos</strong></span> <span class='ocrx_word' id='word_1_21' title='bbox 3051 478 3257 548; x_wconf 81' lang='lat' dir='ltr'><strong>scripta</strong></span> <span class='ocrx_word' id='word_1_22' title='bbox 3289 489 3416 535; x_wconf 87' lang='lat' dir='ltr'><strong>sunt</strong></span> 
     </span>
    </p>
   </div>
   <div class='ocr_carea' id='block_1_6' title="bbox 147 569 1734 646">
    <p class='ocr_par' dir='ltr' id='par_1_6' title="bbox 147 569 1734 646">
     <span class='ocr_line' id='line_1_6' title="bbox 147 569 1734 646; baseline -0.001 -17"><span class='ocrx_word' id='word_1_23' title='bbox 147 569 530 646; x_wconf 69' lang='grc' dir='ltr'><strong>ἀσπαζόμενοι</strong></span> <span class='ocrx_word' id='word_1_24' title='bbox 581 573 882 639; x_wconf 71' lang='grc' dir='ltr'>φαίνονται.</span> <span class='ocrx_word' id='word_1_25' title='bbox 943 573 1130 627; x_wconf 84' lang='grc' dir='ltr'>Ταῦτα</span> <span class='ocrx_word' id='word_1_26' title='bbox 1165 575 1222 628; x_wconf 69' lang='grc' dir='ltr'><strong>δέ</strong></span> <span class='ocrx_word' id='word_1_27' title='bbox 1258 592 1440 644; x_wconf 79' lang='grc' dir='ltr'>φαμεν</span> <span class='ocrx_word' id='word_1_28' title='bbox 1472 577 1608 646; x_wconf 73' lang='grc' dir='ltr'>πρὸς</span> <span class='ocrx_word' id='word_1_29' title='bbox 1644 577 1734 644; x_wconf 74' lang='grc' dir='ltr'><strong>τὴν</strong></span> 
     </span>
    </p>
   </div>
   <div class='ocr_carea' id='block_1_7' title="bbox 146 660 1737 737">
    <p class='ocr_par' dir='ltr' id='par_1_7' title="bbox 146 660 1737 737">
     <span class='ocr_line' id='line_1_7' title="bbox 146 660 1737 737; baseline 0 -17"><span class='ocrx_word' id='word_1_30' title='bbox 146 666 436 736; x_wconf 74' lang='grc' dir='ltr'><strong>ὑμετέραν</strong></span> <span class='ocrx_word' id='word_1_31' title='bbox 465 660 746 732; x_wconf 78' lang='grc' dir='ltr'>’θεοφιλίαν</span> <span class='ocrx_word' id='word_1_32' title='bbox 767 704 782 728; x_wconf 97' lang='grc'><strong>,</strong></span> <span class='ocrx_word' id='word_1_33' title='bbox 843 665 1230 736; x_wconf 73' lang='grc' dir='ltr'><strong>μεμαθηκότες</strong></span> <span class='ocrx_word' id='word_1_34' title='bbox 1261 665 1328 720; x_wconf 74' lang='grc' dir='ltr'>ἐκ</span> <span class='ocrx_word' id='word_1_35' title='bbox 1359 665 1468 719; x_wconf 77' lang='grc' dir='ltr'>τῶν</span> <span class='ocrx_word' id='word_1_36' title='bbox 1497 667 1737 737; x_wconf 81' lang='grc' dir='ltr'>γραφέν-</span> 
     </span>
    </p>
   </div>
   <div class='ocr_carea' id='block_1_8' title="bbox 147 757 1736 830">
    <p class='ocr_par' dir='ltr' id='par_1_8' title="bbox 147 757 1736 830">
     <span class='ocr_line' id='line_1_8' title="bbox 147 757 1736 830; baseline 0 -18"><span class='ocrx_word' id='word_1_37' title='bbox 147 777 260 812; x_wconf 83' lang='grc' dir='ltr'><strong>των</strong></span> <span class='ocrx_word' id='word_1_38' title='bbox 305 762 441 827; x_wconf 83' lang='grc' dir='ltr'>ἡμῖν</span> <span class='ocrx_word' id='word_1_39' title='bbox 493 759 644 828; x_wconf 70' lang='grc' dir='ltr'>παρὰ</span> <span class='ocrx_word' id='word_1_40' title='bbox 690 757 787 810; x_wconf 90' lang='grc' dir='ltr'><strong>τοῦ</strong></span> <span class='ocrx_word' id='word_1_41' title='bbox 835 761 1260 830; x_wconf 86' lang='grc' dir='ltr'>μακαριωτάτου</span> <span class='ocrx_word' id='word_1_42' title='bbox 1303 759 1736 830; x_wconf 85' lang='grc' dir='ltr'>ἀρχιεπισκόπου</span> 
     </span>
    </p>
   </div>
   <div class='ocr_carea' id='block_1_9' title="bbox 145 849 1738 920">
    <p class='ocr_par' dir='ltr' id='par_1_9' title="bbox 145 849 1738 920">
     <span class='ocr_line' id='line_1_9' title="bbox 145 849 1738 920; baseline 0.003 -20"><span class='ocrx_word' id='word_1_43' title='bbox 145 851 252 919; x_wconf 79' lang='grc' dir='ltr'><strong>τῆς</strong></span> <span class='ocrx_word' id='word_1_44' title='bbox 289 849 692 919; x_wconf 78' lang='grc' dir='ltr'><strong>Ἀλεξανδρέων</strong></span> <span class='ocrx_word' id='word_1_45' title='bbox 735 849 831 902; x_wconf 75' lang='grc' dir='ltr'>καὶ</span> <span class='ocrx_word' id='word_1_46' title='bbox 865 851 1208 920; x_wconf 77' lang='grc' dir='ltr'><strong>πατριάρχου</strong></span> <span class='ocrx_word' id='word_1_47' title='bbox 1239 849 1466 915; x_wconf 79' lang='grc' dir='ltr'>Ζωΐλου,</span> <span class='ocrx_word' id='word_1_48' title='bbox 1517 852 1598 905; x_wconf 85' lang='grc' dir='ltr'><strong>ὅτι</strong></span> <span class='ocrx_word' id='word_1_49' title='bbox 1640 851 1738 920; x_wconf 78' lang='grc' dir='ltr'>τὴν</span> 
     </span>
    </p>
   </div>
   <div class='ocr_carea' id='block_1_10' title="bbox 144 940 1737 1012">
    <p class='ocr_par' dir='ltr' id='par_1_10' title="bbox 144 940 1737 1012">
     <span class='ocr_line' id='line_1_10' title="bbox 144 940 1737 1012; baseline 0.002 -20"><span class='ocrx_word' id='word_1_50' title='bbox 144 942 225 1010; x_wconf 79' lang='grc' dir='ltr'>τῷ</span> <span class='ocrx_word' id='word_1_51' title='bbox 258 941 382 1011; x_wconf 86' lang='grc' dir='ltr'>Θεῷ</span> <span class='ocrx_word' id='word_1_52' title='bbox 426 940 590 1010; x_wconf 83' lang='grc' dir='ltr'>φίλην</span> <span class='ocrx_word' id='word_1_53' title='bbox 631 941 860 1011; x_wconf 74' lang='grc' dir='ltr'>εἰρήνην</span> <span class='ocrx_word' id='word_1_54' title='bbox 895 941 1284 1010; x_wconf 69' lang='grc' dir='ltr'><strong>ἀσπασάμενοι</strong></span> <span class='ocrx_word' id='word_1_55' title='bbox 1326 943 1737 1012; x_wconf 72' lang='grc' dir='ltr'>προσεδράμετε</span> 
     </span>
    </p>
   </div>
   <div class='ocr_carea' id='block_1_11' title="bbox 144 1031 1740 1105">
    <p class='ocr_par' dir='ltr' id='par_1_11' title="bbox 144 1031 1740 1105">
     <span class='ocr_line' id='line_1_11' title="bbox 144 1031 1740 1105; baseline 0.001 -21"><span class='ocrx_word' id='word_1_56' title='bbox 144 1035 213 1103; x_wconf 76' lang='grc' dir='ltr'>τῇ</span> <span class='ocrx_word' id='word_1_57' title='bbox 255 1033 393 1104; x_wconf 72' lang='grc' dir='ltr'>ἀγίᾳ</span> <span class='ocrx_word' id='word_1_58' title='bbox 440 1032 538 1086; x_wconf 82' lang='grc' dir='ltr'><strong>τοῦ</strong></span> <span class='ocrx_word' id='word_1_59' title='bbox 577 1031 714 1086; x_wconf 80' lang='grc' dir='ltr'>Θεοῦ</span> <span class='ocrx_word' id='word_1_60' title='bbox 751 1032 1072 1104; x_wconf 76' lang='grc' dir='ltr'>Ἐκκλησία,</span> <span class='ocrx_word' id='word_1_61' title='bbox 1108 1034 1407 1105; x_wconf 76' lang='grc' dir='ltr'><strong>εὑρηκότες</strong></span> <span class='ocrx_word' id='word_1_62' title='bbox 1437 1035 1574 1105; x_wconf 84' lang='grc' dir='ltr'>ὀρθά</span> <span class='ocrx_word' id='word_1_63' title='bbox 1601 1031 1740 1088; x_wconf 72' lang='grc' dir='ltr'>εἶναι</span> 
     </span>
    </p>
   </div>
   <div class='ocr_carea' id='block_1_12' title="bbox 145 1120 1742 1196">
    <p class='ocr_par' dir='ltr' id='par_1_12' title="bbox 145 1120 1742 1196">
     <span class='ocr_line' id='line_1_12' title="bbox 145 1120 1742 1196; baseline 0.002 -21"><span class='ocrx_word' id='word_1_64' title='bbox 145 1125 218 1176; x_wconf 73' lang='grc' dir='ltr'>τὰ</span> <span class='ocrx_word' id='word_1_65' title='bbox 251 1126 312 1177; x_wconf 80' lang='grc' dir='ltr'>ὲν</span> <span class='ocrx_word' id='word_1_66' title='bbox 338 1127 478 1196; x_wconf 75' lang='grc' dir='ltr'>αὐτῇ</span> <span class='ocrx_word' id='word_1_67' title='bbox 510 1124 895 1196; x_wconf 82' lang='grc' dir='ltr'>κηρυττόμενα</span> <span class='ocrx_word' id='word_1_68' title='bbox 924 1125 1171 1195; x_wconf 79' lang='grc' dir='ltr'><strong>δόγματα</strong></span> <span class='ocrx_word' id='word_1_69' title='bbox 1194 1163 1210 1192; x_wconf 91' lang='grc'><strong>,</strong></span> <span class='ocrx_word' id='word_1_70' title='bbox 1261 1125 1328 1179; x_wconf 85' lang='grc' dir='ltr'>δι’</span> <span class='ocrx_word' id='word_1_71' title='bbox 1352 1120 1427 1180; x_wconf 86' lang='grc' dir='ltr'>ὧν</span> <span class='ocrx_word' id='word_1_72' title='bbox 1463 1128 1614 1180; x_wconf 80' lang='grc' dir='ltr'>πᾶσα</span> <span class='ocrx_word' id='word_1_73' title='bbox 1643 1127 1742 1196; x_wconf 78' lang='grc' dir='ltr'><strong>μὲν</strong></span> 
     </span>
    </p>
   </div>
   <div class='ocr_carea' id='block_1_13' title="bbox 149 1215 1742 1289">
    <p class='ocr_par' dir='ltr' id='par_1_13' title="bbox 149 1215 1742 1289">
     <span class='ocr_line' id='line_1_13' title="bbox 149 1215 1742 1289; baseline 0.003 -21"><span class='ocrx_word' id='word_1_74' title='bbox 149 1215 369 1287; x_wconf 71' lang='grc' dir='ltr'>αἵρεσις</span> <span class='ocrx_word' id='word_1_75' title='bbox 432 1218 812 1289; x_wconf 76' lang='grc' dir='ltr'><strong>ἀπελήλαται,</strong></span> <span class='ocrx_word' id='word_1_76' title='bbox 875 1221 1275 1289; x_wconf 78' lang='grc' dir='ltr'>κατακέκριται</span> <span class='ocrx_word' id='word_1_77' title='bbox 1320 1218 1377 1271; x_wconf 83' lang='grc' dir='ltr'>δὲ</span> <span class='ocrx_word' id='word_1_78' title='bbox 1438 1219 1534 1272; x_wconf 79' lang='grc' dir='ltr'>καὶ</span> <span class='ocrx_word' id='word_1_79' title='bbox 1583 1218 1742 1272; x_wconf 75' lang='grc' dir='ltr'>ἐκϐέ-</span> 
     </span>
    </p>
   </div>
   <div class='ocr_carea' id='block_1_14' title="bbox 149 1309 1743 1383">
    <p class='ocr_par' dir='ltr' id='par_1_14' title="bbox 149 1309 1743 1383">
     <span class='ocr_line' id='line_1_14' title="bbox 149 1309 1743 1383; baseline 0.002 -22"><span class='ocrx_word' id='word_1_80' title='bbox 149 1309 355 1380; x_wconf 66' lang='grc' dir='ltr'>ϐληται</span> <span class='ocrx_word' id='word_1_81' title='bbox 370 1311 408 1382; x_wconf 70' lang='grc' dir='ltr'><strong>ἢ</strong></span> <span class='ocrx_word' id='word_1_82' title='bbox 428 1327 486 1363; x_wconf 84' lang='grc' dir='ltr'><strong>τε</strong></span> <span class='ocrx_word' id='word_1_83' title='bbox 515 1309 729 1364; x_wconf 84' lang='grc' dir='ltr'>Παύλου</span> <span class='ocrx_word' id='word_1_84' title='bbox 755 1312 850 1365; x_wconf 68' lang='grc' dir='ltr'><strong>καὶ</strong></span> <span class='ocrx_word' id='word_1_85' title='bbox 872 1311 1174 1383; x_wconf 82' lang='grc' dir='ltr'>Νεστορίου</span> <span class='ocrx_word' id='word_1_86' title='bbox 1196 1311 1478 1381; x_wconf 85' lang='grc' dir='ltr'>διαίρεσις,</span> <span class='ocrx_word' id='word_1_87' title='bbox 1506 1311 1612 1363; x_wconf 81' lang='grc' dir='ltr'>τῶν</span> <span class='ocrx_word' id='word_1_88' title='bbox 1635 1314 1743 1375; x_wconf 84' lang='grc' dir='ltr'>τοῖς</span> 
     </span>
    </p>
   </div>
   <div class='ocr_carea' id='block_1_15' title="bbox 1838 569 3418 642">
    <p class='ocr_par' dir='ltr' id='par_1_15' title="bbox 1838 569 3418 642">
     <span class='ocr_line' id='line_1_15' title="bbox 1838 569 3418 642; baseline -0.003 -12"><span class='ocrx_word' id='word_1_89' title='bbox 1838 593 1866 630; x_wconf 88' lang='lat' dir='ltr'><strong>a</strong></span> <span class='ocrx_word' id='word_1_90' title='bbox 1883 573 2206 630; x_wconf 87' lang='lat' dir='ltr'><strong>beatissimo</strong></span> <span class='ocrx_word' id='word_1_91' title='bbox 2223 570 2647 642; x_wconf 80' lang='lat' dir='ltr'><strong>archiepiscOpo</strong></span> <span class='ocrx_word' id='word_1_92' title='bbox 2661 569 3004 625; x_wconf 69' lang='lat' dir='ltr'><strong>Alexandria:</strong></span> <span class='ocrx_word' id='word_1_93' title='bbox 3021 585 3084 624; x_wconf 86' lang='lat' dir='ltr'><strong>ac</strong></span> <span class='ocrx_word' id='word_1_94' title='bbox 3100 571 3418 640; x_wconf 71' lang='lat' dir='ltr'><strong>patriarcha</strong></span> 
     </span>
    </p>
   </div>
   <div class='ocr_carea' id='block_1_16' title="bbox 1838 662 3408 735">
    <p class='ocr_par' dir='ltr' id='par_1_16' title="bbox 1838 662 3408 735">
     <span class='ocr_line' id='line_1_16' title="bbox 1838 662 3408 735; baseline -0.001 -15"><span class='ocrx_word' id='word_1_95' title='bbox 1838 665 2011 730; x_wconf 79' lang='lat' dir='ltr'><strong>Zoilo,</strong></span> <span class='ocrx_word' id='word_1_96' title='bbox 2042 665 2191 735; x_wconf 89' lang='lat' dir='ltr'><strong>quod</strong></span> <span class='ocrx_word' id='word_1_97' title='bbox 2220 664 2334 720; x_wconf 83' lang='lat' dir='ltr'><strong>Deo</strong></span> <span class='ocrx_word' id='word_1_98' title='bbox 2365 663 2590 717; x_wconf 83' lang='lat' dir='ltr'><strong>eharam</strong></span> <span class='ocrx_word' id='word_1_99' title='bbox 2618 677 2807 730; x_wconf 87' lang='lat' dir='ltr'><strong>pacem</strong></span> <span class='ocrx_word' id='word_1_100' title='bbox 2842 662 3158 732; x_wconf 78' lang='lat' dir='ltr'><strong>diligentes,</strong></span> <span class='ocrx_word' id='word_1_101' title='bbox 3189 663 3258 718; x_wconf 86' lang='lat' dir='ltr'><strong>ad</strong></span> <span class='ocrx_word' id='word_1_102' title='bbox 3287 680 3408 718; x_wconf 88' lang='lat' dir='ltr'><strong>sau-</strong></span> 
     </span>
    </p>
   </div>
   <div class='ocr_carea' id='block_1_17' title="bbox 1839 753 3420 823">
    <p class='ocr_par' dir='ltr' id='par_1_17' title="bbox 1839 753 3420 823">
     <span class='ocr_line' id='line_1_17' title="bbox 1839 753 3420 823; baseline -0.002 -11"><span class='ocrx_word' id='word_1_103' title='bbox 1839 771 1982 812; x_wconf 88' lang='lat' dir='ltr'><strong>ctam</strong></span> <span class='ocrx_word' id='word_1_104' title='bbox 2012 757 2109 811; x_wconf 85' lang='lat' dir='ltr'><strong>Dei</strong></span> <span class='ocrx_word' id='word_1_105' title='bbox 2153 756 2453 810; x_wconf 84' lang='lat' dir='ltr'><strong>Ecclesiam</strong></span> <span class='ocrx_word' id='word_1_106' title='bbox 2486 753 2872 810; x_wconf 88' lang='lat' dir='ltr'><strong>accurrissetis</strong></span> <span class='ocrx_word' id='word_1_107' title='bbox 2899 794 2915 818; x_wconf 91' lang='lat'><strong>,</strong></span> <span class='ocrx_word' id='word_1_108' title='bbox 2955 753 3211 823; x_wconf 77' lang='lat' dir='ltr'><strong>dogmata</strong></span> <span class='ocrx_word' id='word_1_109' title='bbox 3262 755 3317 808; x_wconf 90' lang='lat' dir='ltr'><strong>in</strong></span> <span class='ocrx_word' id='word_1_110' title='bbox 3355 771 3420 810; x_wconf 80' lang='lat' dir='ltr'><strong>ea</strong></span> 
     </span>
    </p>
   </div>
   <div class='ocr_carea' id='block_1_18' title="bbox 1839 846 3422 921">
    <p class='ocr_par' dir='ltr' id='par_1_18' title="bbox 1839 846 3422 921">
     <span class='ocr_line' id='line_1_18' title="bbox 1839 846 3422 921; baseline -0.001 -17"><span class='ocrx_word' id='word_1_111' title='bbox 1839 852 2138 921; x_wconf 65' lang='lat' dir='ltr'><strong>praedicata</strong></span> <span class='ocrx_word' id='word_1_112' title='bbox 2166 865 2294 904; x_wconf 85' lang='lat' dir='ltr'><strong>vera</strong></span> <span class='ocrx_word' id='word_1_113' title='bbox 2320 849 2636 920; x_wconf 83' lang='lat' dir='ltr'><strong>judicantes</strong></span> <span class='ocrx_word' id='word_1_114' title='bbox 2669 888 2683 912; x_wconf 90' lang='lat'><strong>,</strong></span> <span class='ocrx_word' id='word_1_115' title='bbox 2720 846 2926 916; x_wconf 88' lang='lat' dir='ltr'><strong>quibus</strong></span> <span class='ocrx_word' id='word_1_116' title='bbox 2969 847 3150 901; x_wconf 90' lang='lat' dir='ltr'><strong>omnis</strong></span> <span class='ocrx_word' id='word_1_117' title='bbox 3189 847 3422 902; x_wconf 72' lang='lat' dir='ltr'><strong>hau-esis</strong></span> 
     </span>
    </p>
   </div>
   <div class='ocr_carea' id='block_1_19' title="bbox 1841 938 3420 1010">
    <p class='ocr_par' dir='ltr' id='par_1_19' title="bbox 1841 938 3420 1010">
     <span class='ocr_line' id='line_1_19' title="bbox 1841 938 3420 1010; baseline -0.003 -13"><span class='ocrx_word' id='word_1_118' title='bbox 1841 943 2085 1007; x_wconf 79' lang='lat' dir='ltr'><strong>exclusa,</strong></span> <span class='ocrx_word' id='word_1_119' title='bbox 2115 941 2372 996; x_wconf 87' lang='lat' dir='ltr'><strong>damnata</strong></span> <span class='ocrx_word' id='word_1_120' title='bbox 2402 949 2568 1010; x_wconf 91' lang='lat' dir='ltr'><strong>atque</strong></span> <span class='ocrx_word' id='word_1_121' title='bbox 2598 940 2828 1009; x_wconf 72' lang='lat' dir='ltr'><strong>expulsa</strong></span> <span class='ocrx_word' id='word_1_122' title='bbox 2850 947 2939 994; x_wconf 81' lang='lat' dir='ltr'><strong>est</strong></span> <span class='ocrx_word' id='word_1_123' title='bbox 2954 939 3070 994; x_wconf 87' lang='lat' dir='ltr'><strong>sive</strong></span> <span class='ocrx_word' id='word_1_124' title='bbox 3090 938 3271 1003; x_wconf 88' lang='lat' dir='ltr'><strong>Pauli,</strong></span> <span class='ocrx_word' id='word_1_125' title='bbox 3305 939 3420 992; x_wconf 84' lang='lat' dir='ltr'><strong>sive</strong></span> 
     </span>
    </p>
   </div>
   <div class='ocr_carea' id='block_1_20' title="bbox 1842 1028 3512 1098">
    <p class='ocr_par' dir='ltr' id='par_1_20' title="bbox 1842 1028 3512 1098">
     <span class='ocr_line' id='line_1_20' title="bbox 1842 1028 3512 1098; baseline -0.005 -11"><span class='ocrx_word' id='word_1_126' title='bbox 1842 1033 2106 1098; x_wconf 83' lang='lat' dir='ltr'><strong>Nestorii,</strong></span> <span class='ocrx_word' id='word_1_127' title='bbox 2128 1031 2322 1087; x_wconf 90' lang='lat' dir='ltr'><strong>oculos</strong></span> <span class='ocrx_word' id='word_1_128' title='bbox 2343 1030 2549 1086; x_wconf 89' lang='lat' dir='ltr'><strong>mentis</strong></span> <span class='ocrx_word' id='word_1_129' title='bbox 2577 1045 2691 1085; x_wconf 70' lang='lat' dir='ltr'><strong>suae</strong></span> <span class='ocrx_word' id='word_1_130' title='bbox 2715 1028 3421 1096; x_wconf 69' lang='lat' dir='ltr'><strong>obczecatorum,juxtaque</strong></span> <span class='ocrx_word' id='word_1_131' title='bbox 3508 1045 3512 1047; x_wconf 95' lang='grc'>·</span> 
     </span>
    </p>
   </div>
   <div class='ocr_carea' id='block_1_21' title="bbox 1841 1120 3419 1192">
    <p class='ocr_par' dir='ltr' id='par_1_21' title="bbox 1841 1120 3419 1192">
     <span class='ocr_line' id='line_1_21' title="bbox 1841 1120 3419 1192; baseline -0.004 -12"><span class='ocrx_word' id='word_1_132' title='bbox 1841 1125 2155 1191; x_wconf 72' lang='lat' dir='ltr'><strong>Judaeorum</strong></span> <span class='ocrx_word' id='word_1_133' title='bbox 2176 1125 2444 1180; x_wconf 86' lang='lat' dir='ltr'><strong>insaniam</strong></span> <span class='ocrx_word' id='word_1_134' title='bbox 2459 1123 2670 1180; x_wconf 79' lang='lat' dir='ltr'><strong>Christi</strong></span> <span class='ocrx_word' id='word_1_135' title='bbox 2695 1121 3044 1178; x_wconf 87' lang='lat' dir='ltr'><strong>divinitatem</strong></span> <span class='ocrx_word' id='word_1_136' title='bbox 3065 1120 3419 1192; x_wconf 83' lang='lat' dir='ltr'><strong>negantium;</strong></span> 
     </span>
    </p>
   </div>
   <div class='ocr_carea' id='block_1_22' title="bbox 1843 1214 3426 1288">
    <p class='ocr_par' dir='ltr' id='par_1_22' title="bbox 1843 1214 3426 1288">
     <span class='ocr_line' id='line_1_22' title="bbox 1843 1214 3426 1288; baseline -0.002 -18"><span class='ocrx_word' id='word_1_137' title='bbox 1843 1217 2159 1288; x_wconf 85' lang='lat' dir='ltr'><strong>quibusque</strong></span> <span class='ocrx_word' id='word_1_138' title='bbox 2193 1217 2453 1271; x_wconf 88' lang='lat' dir='ltr'><strong>similiter</strong></span> <span class='ocrx_word' id='word_1_139' title='bbox 2479 1216 2739 1272; x_wconf 90' lang='lat' dir='ltr'><strong>damnata</strong></span> <span class='ocrx_word' id='word_1_140' title='bbox 2769 1215 3112 1285; x_wconf 75' lang='lat' dir='ltr'><strong>expulsaque</strong></span> <span class='ocrx_word' id='word_1_141' title='bbox 3152 1222 3239 1270; x_wconf 90' lang='lat' dir='ltr'><strong>est</strong></span> <span class='ocrx_word' id='word_1_142' title='bbox 3265 1214 3426 1281; x_wconf 73' lang='lat' dir='ltr'><strong>Apol-</strong></span> 
     </span>
    </p>
   </div>
   <div class='ocr_carea' id='block_1_23' title="bbox 1844 1307 3424 1379">
    <p class='ocr_par' dir='ltr' id='par_1_23' title="bbox 1844 1307 3424 1379">
     <span class='ocr_line' id='line_1_23' title="bbox 1844 1307 3424 1379; baseline -0.003 -16"><span class='ocrx_word' id='word_1_143' title='bbox 1844 1308 2026 1363; x_wconf 91' lang='lat' dir='ltr'><strong>linarii</strong></span> <span class='ocrx_word' id='word_1_144' title='bbox 2053 1323 2117 1363; x_wconf 90' lang='lat' dir='ltr'><strong>ac</strong></span> <span class='ocrx_word' id='word_1_145' title='bbox 2142 1308 2404 1379; x_wconf 87' lang='lat' dir='ltr'><strong>Eutychis</strong></span> <span class='ocrx_word' id='word_1_146' title='bbox 2419 1308 2738 1379; x_wconf 74' lang='lat' dir='ltr'><strong>coniunctio</strong></span> <span class='ocrx_word' id='word_1_147' title='bbox 2761 1323 2860 1362; x_wconf 89' lang='lat' dir='ltr'><strong>seu</strong></span> <span class='ocrx_word' id='word_1_148' title='bbox 2894 1307 3206 1364; x_wconf 88' lang='lat' dir='ltr'><strong>commistio</strong></span> <span class='ocrx_word' id='word_1_149' title='bbox 3230 1320 3424 1360; x_wconf 88' lang='lat' dir='ltr'><strong>eorum</strong></span> 
     </span>
    </p>
   </div>
   <div class='ocr_carea' id='block_1_24' title="bbox 151 1398 1743 1474">
    <p class='ocr_par' dir='ltr' id='par_1_24' title="bbox 151 1399 1743 1474">
     <span class='ocr_line' id='line_1_24' title="bbox 151 1399 1743 1474; baseline 0.001 -22"><span class='ocrx_word' id='word_1_150' title='bbox 151 1399 254 1471; x_wconf 73' lang='grc' dir='ltr'>τῆς</span> <span class='ocrx_word' id='word_1_151' title='bbox 302 1400 486 1472; x_wconf 77' lang='grc' dir='ltr'>ψυχῆς</span> <span class='ocrx_word' id='word_1_152' title='bbox 532 1401 748 1474; x_wconf 69' lang='grc' dir='ltr'>ὄμμασι</span> <span class='ocrx_word' id='word_1_153' title='bbox 797 1403 1267 1472; x_wconf 80' lang='grc' dir='ltr'>τυφλωττόντων,</span> <span class='ocrx_word' id='word_1_154' title='bbox 1322 1404 1414 1456; x_wconf 76' lang='grc' dir='ltr'><strong>καὶ</strong></span> <span class='ocrx_word' id='word_1_155' title='bbox 1467 1403 1607 1456; x_wconf 73' lang='grc' dir='ltr'>κατὰ</span> <span class='ocrx_word' id='word_1_156' title='bbox 1648 1404 1743 1472; x_wconf 81' lang='grc' dir='ltr'>τὴν</span> 
     </span>
    </p>
   </div>
   <div class='ocr_carea' id='block_1_25' title="bbox 1847 1398 3424 1474">
    <p class='ocr_par' dir='ltr' id='par_1_25' title="bbox 1847 1398 3424 1470">
     <span class='ocr_line' id='line_1_25' title="bbox 1847 1398 3424 1470; baseline -0.002 -16"><span class='ocrx_word' id='word_1_157' title='bbox 1847 1401 2050 1470; x_wconf 88' lang='lat' dir='ltr'><strong>quibus</strong></span> <span class='ocrx_word' id='word_1_158' title='bbox 2093 1415 2222 1454; x_wconf 88' lang='lat' dir='ltr'><strong>vera</strong></span> <span class='ocrx_word' id='word_1_159' title='bbox 2271 1399 2476 1454; x_wconf 86' lang='lat' dir='ltr'><strong>Christi</strong></span> <span class='ocrx_word' id='word_1_160' title='bbox 2525 1400 2843 1455; x_wconf 83' lang='lat' dir='ltr'><strong>humanitas</strong></span> <span class='ocrx_word' id='word_1_161' title='bbox 2882 1399 3136 1455; x_wconf 79' lang='lat' dir='ltr'><strong>solvitur.</strong></span> <span class='ocrx_word' id='word_1_162' title='bbox 3171 1398 3424 1454; x_wconf 84' lang='lat' dir='ltr'><strong>Vestram</strong></span> 
     </span>
    </p>
   </div>
   <div class='ocr_carea' id='block_1_26' title="bbox 150 1489 1743 1566">
    <p class='ocr_par' dir='ltr' id='par_1_26' title="bbox 150 1492 1743 1566">
     <span class='ocr_line' id='line_1_26' title="bbox 150 1492 1743 1566; baseline 0.003 -23"><span class='ocrx_word' id='word_1_163' title='bbox 150 1492 265 1546; x_wconf 83' lang='grc' dir='ltr'><strong>τῶν</strong></span> <span class='ocrx_word' id='word_1_164' title='bbox 288 1494 565 1548; x_wconf 81' lang='grc' dir='ltr'><strong>Ἰουδαίων</strong></span> <span class='ocrx_word' id='word_1_165' title='bbox 593 1494 794 1566; x_wconf 83' lang='grc' dir='ltr'>μανίαν</span> <span class='ocrx_word' id='word_1_166' title='bbox 819 1495 920 1566; x_wconf 82' lang='grc' dir='ltr'>τὴν</span> <span class='ocrx_word' id='word_1_167' title='bbox 946 1494 1176 1565; x_wconf 86' lang='grc' dir='ltr'>θεότητα</span> <span class='ocrx_word' id='word_1_168' title='bbox 1198 1495 1292 1550; x_wconf 82' lang='grc' dir='ltr'><strong>τοῦ</strong></span> <span class='ocrx_word' id='word_1_169' title='bbox 1314 1495 1556 1566; x_wconf 78' lang='grc' dir='ltr'>Χριστοῦ</span> <span class='ocrx_word' id='word_1_170' title='bbox 1576 1499 1743 1566; x_wconf 75' lang='grc' dir='ltr'>ἀπαρι</span> 
     </span>
    </p>
   </div>
   <div class='ocr_carea' id='block_1_27' title="bbox 1847 1489 3426 1566">
    <p class='ocr_par' dir='ltr' id='par_1_27' title="bbox 1849 1489 3426 1562">
     <span class='ocr_line' id='line_1_27' title="bbox 1849 1489 3426 1562; baseline 0 -17"><span class='ocrx_word' id='word_1_171' title='bbox 1849 1493 2016 1562; x_wconf 80' lang='lat' dir='ltr'><strong>igitur</strong></span> <span class='ocrx_word' id='word_1_172' title='bbox 2042 1493 2332 1546; x_wconf 87' lang='lat' dir='ltr'><strong>hortamur</strong></span> <span class='ocrx_word' id='word_1_173' title='bbox 2363 1492 2627 1562; x_wconf 87' lang='lat' dir='ltr'><strong>pietatem</strong></span> <span class='ocrx_word' id='word_1_174' title='bbox 2657 1501 2719 1547; x_wconf 90' lang='lat' dir='ltr'><strong>ut</strong></span> <span class='ocrx_word' id='word_1_175' title='bbox 2761 1490 2889 1546; x_wconf 82' lang='lat' dir='ltr'><strong>Ildei</strong></span> <span class='ocrx_word' id='word_1_176' title='bbox 2925 1507 3038 1546; x_wconf 67' lang='lat' dir='ltr'><strong>suae</strong></span> <span class='ocrx_word' id='word_1_177' title='bbox 3066 1489 3282 1545; x_wconf 79' lang='lat' dir='ltr'><strong>fructus</strong></span> <span class='ocrx_word' id='word_1_178' title='bbox 3317 1503 3426 1545; x_wconf 66' lang='lat' dir='ltr'><strong>cm-</strong></span> 
     </span>
    </p>
   </div>
   <div class='ocr_carea' id='block_1_28' title="bbox 151 1581 1743 1658">
    <p class='ocr_par' dir='ltr' id='par_1_28' title="bbox 151 1582 1743 1658">
     <span class='ocr_line' id='line_1_28' title="bbox 151 1582 1743 1658; baseline 0.003 -25"><span class='ocrx_word' id='word_1_179' title='bbox 151 1582 440 1653; x_wconf 87' lang='grc' dir='ltr'>νουμένων</span> <span class='ocrx_word' id='word_1_180' title='bbox 461 1601 477 1618; x_wconf 87' lang='grc'><strong>·</strong></span> <span class='ocrx_word' id='word_1_181' title='bbox 534 1585 738 1654; x_wconf 78' lang='grc' dir='ltr'>ὁμοίως</span> <span class='ocrx_word' id='word_1_182' title='bbox 770 1586 824 1639; x_wconf 70' lang='grc' dir='ltr'>δὲ</span> <span class='ocrx_word' id='word_1_183' title='bbox 863 1586 1262 1658; x_wconf 83' lang='grc' dir='ltr'>κατακέκριται</span> <span class='ocrx_word' id='word_1_184' title='bbox 1294 1589 1388 1640; x_wconf 68' lang='grc' dir='ltr'><strong>καὶ</strong></span> <span class='ocrx_word' id='word_1_185' title='bbox 1419 1586 1743 1654; x_wconf 70' lang='grc' dir='ltr'>ὲκϐἐϐληται</span> 
     </span>
    </p>
   </div>
   <div class='ocr_carea' id='block_1_29' title="bbox 1847 1581 3426 1658">
    <p class='ocr_par' dir='ltr' id='par_1_29' title="bbox 1849 1581 3426 1653">
     <span class='ocr_line' id='line_1_29' title="bbox 1849 1581 3426 1653; baseline -0.001 -17"><span class='ocrx_word' id='word_1_186' title='bbox 1849 1591 2028 1636; x_wconf 88' lang='lat' dir='ltr'><strong>terum</strong></span> <span class='ocrx_word' id='word_1_187' title='bbox 2052 1582 2296 1652; x_wconf 81' lang='lat' dir='ltr'><strong>colligat,</strong></span> <span class='ocrx_word' id='word_1_188' title='bbox 2315 1582 2550 1653; x_wconf 90' lang='lat' dir='ltr'><strong>illosque</strong></span> <span class='ocrx_word' id='word_1_189' title='bbox 2567 1582 2661 1652; x_wconf 90' lang='lat' dir='ltr'><strong>qui</strong></span> <span class='ocrx_word' id='word_1_190' title='bbox 2687 1581 2870 1637; x_wconf 87' lang='lat' dir='ltr'><strong>adhuc</strong></span> <span class='ocrx_word' id='word_1_191' title='bbox 2890 1597 3082 1636; x_wconf 87' lang='lat' dir='ltr'><strong>errore</strong></span> <span class='ocrx_word' id='word_1_192' title='bbox 3103 1581 3426 1635; x_wconf 84' lang='lat' dir='ltr'><strong>detinentur</strong></span> 
     </span>
    </p>
   </div>
   <div class='ocr_carea' id='block_1_30' title="bbox 148 1671 1743 1750">
    <p class='ocr_par' dir='ltr' id='par_1_30' title="bbox 148 1675 1743 1750">
     <span class='ocr_line' id='line_1_30' title="bbox 148 1675 1743 1750; baseline 0.001 -22"><span class='ocrx_word' id='word_1_193' title='bbox 148 1679 184 1740; x_wconf 87' lang='grc' dir='ltr'>ὴ</span> <span class='ocrx_word' id='word_1_194' title='bbox 222 1675 646 1747; x_wconf 77' lang='grc' dir='ltr'>’Δπολλιναρίου</span> <span class='ocrx_word' id='word_1_195' title='bbox 690 1695 748 1731; x_wconf 86' lang='grc' dir='ltr'><strong>τε</strong></span> <span class='ocrx_word' id='word_1_196' title='bbox 795 1679 889 1732; x_wconf 78' lang='grc' dir='ltr'>καὶ</span> <span class='ocrx_word' id='word_1_197' title='bbox 923 1679 1200 1750; x_wconf 82' lang='grc' dir='ltr'>Εὐτυχοῦς</span> <span class='ocrx_word' id='word_1_198' title='bbox 1232 1680 1545 1750; x_wconf 81' lang='grc' dir='ltr'>συναίρεσις</span> <span class='ocrx_word' id='word_1_199' title='bbox 1580 1681 1743 1747; x_wconf 68' lang='grc' dir='ltr'>ἤγουν</span> 
     </span>
    </p>
   </div>
   <div class='ocr_carea' id='block_1_31' title="bbox 1847 1671 3422 1750">
    <p class='ocr_par' dir='ltr' id='par_1_31' title="bbox 1849 1671 3422 1746">
     <span class='ocr_line' id='line_1_31' title="bbox 1849 1671 3422 1746; baseline -0.003 -18"><span class='ocrx_word' id='word_1_200' title='bbox 1849 1674 2017 1730; x_wconf 90' lang='lat' dir='ltr'><strong>ducat</strong></span> <span class='ocrx_word' id='word_1_201' title='bbox 2069 1674 2134 1728; x_wconf 85' lang='lat' dir='ltr'><strong>ad</strong></span> <span class='ocrx_word' id='word_1_202' title='bbox 2177 1674 2468 1730; x_wconf 85' lang='lat' dir='ltr'><strong>veritatem</strong></span> <span class='ocrx_word' id='word_1_203' title='bbox 2524 1684 2937 1746; x_wconf 84' lang='lat' dir='ltr'><strong>congregetque</strong></span> <span class='ocrx_word' id='word_1_204' title='bbox 2989 1672 3058 1728; x_wconf 85' lang='lat' dir='ltr'><strong>ad</strong></span> <span class='ocrx_word' id='word_1_205' title='bbox 3093 1671 3422 1732; x_wconf 84' lang='lat' dir='ltr'><strong>Ecclesiam.</strong></span> 
     </span>
    </p>
   </div>
   <div class='ocr_carea' id='block_1_32' title="bbox 148 1763 1743 1842">
    <p class='ocr_par' dir='ltr' id='par_1_32' title="bbox 148 1766 1743 1842">
     <span class='ocr_line' id='line_1_32' title="bbox 148 1766 1743 1842; baseline 0 -21"><span class='ocrx_word' id='word_1_206' title='bbox 148 1766 425 1836; x_wconf 76' lang='grc' dir='ltr'>σύγχυσις</span> <span class='ocrx_word' id='word_1_207' title='bbox 458 1769 565 1822; x_wconf 84' lang='grc' dir='ltr'><strong>τῶν</strong></span> <span class='ocrx_word' id='word_1_208' title='bbox 597 1769 936 1824; x_wconf 86' lang='grc' dir='ltr'>ἀθετούντων</span> <span class='ocrx_word' id='word_1_209' title='bbox 965 1771 1066 1841; x_wconf 76' lang='grc' dir='ltr'><strong>τὴν</strong></span> <span class='ocrx_word' id='word_1_210' title='bbox 1091 1771 1184 1824; x_wconf 87' lang='grc' dir='ltr'><strong>τοῦ</strong></span> <span class='ocrx_word' id='word_1_211' title='bbox 1215 1770 1453 1842; x_wconf 82' lang='grc' dir='ltr'>Χριστοῦ</span> <span class='ocrx_word' id='word_1_212' title='bbox 1484 1769 1743 1840; x_wconf 79' lang='grc' dir='ltr'>ἀληθινὴν</span> 
     </span>
    </p>
   </div>
   <div class='ocr_carea' id='block_1_33' title="bbox 1847 1763 3427 1842">
    <p class='ocr_par' dir='ltr' id='par_1_33' title="bbox 1851 1763 3427 1836">
     <span class='ocr_line' id='line_1_33' title="bbox 1851 1763 3427 1836; baseline -0.004 -15"><span class='ocrx_word' id='word_1_213' title='bbox 1851 1767 2010 1836; x_wconf 82' lang='lat' dir='ltr'><strong>cujus</strong></span> <span class='ocrx_word' id='word_1_214' title='bbox 2042 1781 2228 1821; x_wconf 84' lang='lat' dir='ltr'><strong>veram</strong></span> <span class='ocrx_word' id='word_1_215' title='bbox 2283 1782 2348 1821; x_wconf 90' lang='lat' dir='ltr'><strong>ac</strong></span> <span class='ocrx_word' id='word_1_216' title='bbox 2394 1765 2692 1820; x_wconf 86' lang='lat' dir='ltr'><strong>salutarem</strong></span> <span class='ocrx_word' id='word_1_217' title='bbox 2746 1765 3193 1836; x_wconf 84' lang='lat' dir='ltr'><strong>praedicationem</strong></span> <span class='ocrx_word' id='word_1_218' title='bbox 3253 1763 3427 1817; x_wconf 81' lang='lat' dir='ltr'><strong>sacris</strong></span> 
     </span>
    </p>
   </div>
   <div class='ocr_carea' id='block_1_34' title="bbox 146 1853 1743 1932">
    <p class='ocr_par' dir='ltr' id='par_1_34' title="bbox 146 1859 1743 1932">
     <span class='ocr_line' id='line_1_34' title="bbox 146 1859 1743 1932; baseline 0.003 -23"><span class='ocrx_word' id='word_1_219' title='bbox 146 1859 582 1930; x_wconf 79' lang='grc' dir='ltr'>ἀνθρωπότητα.</span> <span class='ocrx_word' id='word_1_220' title='bbox 650 1860 814 1915; x_wconf 87' lang='grc' dir='ltr'>Ὅθεν</span> <span class='ocrx_word' id='word_1_221' title='bbox 877 1862 1266 1932; x_wconf 84' lang='grc' dir='ltr'>προτρέπομεν</span> <span class='ocrx_word' id='word_1_222' title='bbox 1322 1863 1426 1930; x_wconf 83' lang='grc' dir='ltr'><strong>τὴν</strong></span> <span class='ocrx_word' id='word_1_223' title='bbox 1473 1859 1743 1932; x_wconf 80' lang='grc' dir='ltr'>ὑμετέραν</span> 
     </span>
    </p>
   </div>
   <div class='ocr_carea' id='block_1_35' title="bbox 1847 1853 3426 1932">
    <p class='ocr_par' dir='ltr' id='par_1_35' title="bbox 1852 1853 3426 1929">
     <span class='ocr_line' id='line_1_35' title="bbox 1852 1853 3426 1929; baseline -0.004 -15"><span class='ocrx_word' id='word_1_224' title='bbox 1852 1859 2156 1928; x_wconf 88' lang='lat' dir='ltr'><strong>Scriptnris</strong></span> <span class='ocrx_word' id='word_1_225' title='bbox 2183 1858 2691 1929; x_wconf 84' lang='lat' dir='ltr'><strong>traditionibusque</strong></span> <span class='ocrx_word' id='word_1_226' title='bbox 2716 1859 2942 1914; x_wconf 85' lang='lat' dir='ltr'><strong>Patrum</strong></span> <span class='ocrx_word' id='word_1_227' title='bbox 2972 1857 3148 1928; x_wconf 89' lang='lat' dir='ltr'><strong>primo</strong></span> <span class='ocrx_word' id='word_1_228' title='bbox 3178 1855 3300 1910; x_wconf 88' lang='lat' dir='ltr'><strong>loco</strong></span> <span class='ocrx_word' id='word_1_229' title='bbox 3330 1853 3426 1908; x_wconf 88' lang='lat' dir='ltr'><strong>de-</strong></span> 
     </span>
    </p>
   </div>
   <div class='ocr_carea' id='block_1_36' title="bbox 147 1935 1743 2022">
    <p class='ocr_par' dir='ltr' id='par_1_36' title="bbox 147 1935 1743 2022">
     <span class='ocr_line' id='line_1_36' title="bbox 147 1935 1743 2022; baseline 0.004 -24"><span class='ocrx_word' id='word_1_230' title='bbox 147 1947 435 2013; x_wconf 80' lang='grc' dir='ltr'>θεοφιλιαν</span> <span class='ocrx_word' id='word_1_231' title='bbox 487 1951 614 2012; x_wconf 83' lang='grc' dir='ltr'>τοὺς</span> <span class='ocrx_word' id='word_1_232' title='bbox 647 1953 743 2022; x_wconf 86' lang='grc' dir='ltr'><strong>τῆς</strong></span> <span class='ocrx_word' id='word_1_233' title='bbox 780 1951 1019 2014; x_wconf 89' lang='grc' dir='ltr'>πίστεως</span> <span class='ocrx_word' id='word_1_234' title='bbox 1048 1953 1232 2005; x_wconf 76' lang='grc' dir='ltr'>λοιπδν</span> <span class='ocrx_word' id='word_1_235' title='bbox 1261 1953 1510 2022; x_wconf 80' lang='grc' dir='ltr'>καρποὺς</span> <span class='ocrx_word' id='word_1_236' title='bbox 1541 1935 1743 2004; x_wconf 58' lang='grc' dir='ltr'>ὲπιδείὲ</span> 
     </span>
    </p>
   </div>
   <div class='ocr_carea' id='block_1_37' title="bbox 1847 1935 3427 2022">
    <p class='ocr_par' dir='ltr' id='par_1_37' title="bbox 1850 1945 3427 2021">
     <span class='ocr_line' id='line_1_37' title="bbox 1850 1945 3427 2021; baseline -0.003 -17"><span class='ocrx_word' id='word_1_237' title='bbox 1850 1950 2284 2006; x_wconf 85' lang='lat' dir='ltr'><strong>moustrabimus</strong></span> <span class='ocrx_word' id='word_1_238' title='bbox 2310 1991 2324 2015; x_wconf 88' lang='lat'><strong>,</strong></span> <span class='ocrx_word' id='word_1_239' title='bbox 2369 1959 2425 2007; x_wconf 88' lang='lat' dir='ltr'><strong>et</strong></span> <span class='ocrx_word' id='word_1_240' title='bbox 2457 1950 2628 2014; x_wconf 80' lang='lat' dir='ltr'><strong>falsa,</strong></span> <span class='ocrx_word' id='word_1_241' title='bbox 2671 1965 2795 2021; x_wconf 64' lang='lat' dir='ltr'><strong>qua</strong></span> <span class='ocrx_word' id='word_1_242' title='bbox 2834 1951 3000 2020; x_wconf 85' lang='lat' dir='ltr'><strong>impie</strong></span> <span class='ocrx_word' id='word_1_243' title='bbox 3045 1948 3113 2002; x_wconf 67' lang='lat' dir='ltr'><strong>ali</strong></span> <span class='ocrx_word' id='word_1_244' title='bbox 3147 1945 3427 2002; x_wconf 66' lang='lat' dir='ltr'><strong>hmreticis</strong></span> 
     </span>
    </p>
   </div>
   <div class='ocr_carea' id='block_1_38' title="bbox 149 2035 1743 2116">
    <p class='ocr_par' dir='ltr' id='par_1_38' title="bbox 149 2035 1743 2112">
     <span class='ocr_line' id='line_1_38' title="bbox 149 2035 1743 2112; baseline 0.007 -25"><span class='ocrx_word' id='word_1_245' title='bbox 149 2035 374 2100; x_wconf 75' lang='grc' dir='ltr'>ξασθαι,</span> <span class='ocrx_word' id='word_1_246' title='bbox 413 2037 510 2091; x_wconf 76' lang='grc' dir='ltr'>καὶ</span> <span class='ocrx_word' id='word_1_247' title='bbox 541 2041 668 2102; x_wconf 77' lang='grc' dir='ltr'>τοὺς</span> <span class='ocrx_word' id='word_1_248' title='bbox 697 2039 775 2092; x_wconf 76' lang='grc' dir='ltr'><strong>ἔτι</strong></span> <span class='ocrx_word' id='word_1_249' title='bbox 807 2044 874 2111; x_wconf 77' lang='grc' dir='ltr'>τῇ</span> <span class='ocrx_word' id='word_1_250' title='bbox 904 2041 1080 2112; x_wconf 84' lang='grc' dir='ltr'>πλάνῃ</span> <span class='ocrx_word' id='word_1_251' title='bbox 1110 2042 1516 2111; x_wconf 82' lang='grc' dir='ltr'>κρατουμένους</span> <span class='ocrx_word' id='word_1_252' title='bbox 1544 2041 1743 2111; x_wconf 82' lang='grc' dir='ltr'>δδηγῆ·</span> 
     </span>
    </p>
   </div>
   <div class='ocr_carea' id='block_1_39' title="bbox 1847 2035 3417 2116">
    <p class='ocr_par' dir='ltr' id='par_1_39' title="bbox 1851 2042 3417 2116">
     <span class='ocr_line' id='line_1_39' title="bbox 1851 2042 3417 2116; baseline 0.003 -20"><span class='ocrx_word' id='word_1_253' title='bbox 1851 2051 2198 2104; x_wconf 87' lang='lat' dir='ltr'><strong>asseruntur,</strong></span> <span class='ocrx_word' id='word_1_254' title='bbox 2239 2042 2672 2098; x_wconf 78' lang='lat' dir='ltr'><strong>confutabimus.</strong></span> <span class='ocrx_word' id='word_1_255' title='bbox 3415 2112 3417 2116; x_wconf 13' lang='grc' dir='ltr'><em>Α</em></span> 
     </span>
    </p>
   </div>
   <div class='ocr_carea' id='block_1_40' title="bbox 151 2126 3427 2204">
    <p class='ocr_par' dir='ltr' id='par_1_40' title="bbox 151 2126 3427 2204">
     <span class='ocr_line' id='line_1_40' title="bbox 151 2126 3427 2204; baseline 0.001 -25"><span class='ocrx_word' id='word_1_256' title='bbox 151 2143 243 2180; x_wconf 89' lang='grc' dir='ltr'><strong>σαι</strong></span> <span class='ocrx_word' id='word_1_257' title='bbox 288 2127 430 2199; x_wconf 82' lang='grc' dir='ltr'>πρὸς</span> <span class='ocrx_word' id='word_1_258' title='bbox 467 2128 564 2199; x_wconf 81' lang='grc' dir='ltr'>τὴν</span> <span class='ocrx_word' id='word_1_259' title='bbox 599 2129 860 2200; x_wconf 78' lang='grc' dir='ltr'>ἀλήθειαν</span> <span class='ocrx_word' id='word_1_260' title='bbox 885 2171 899 2193; x_wconf 88' lang='grc'><strong>,</strong></span> <span class='ocrx_word' id='word_1_261' title='bbox 958 2132 1049 2184; x_wconf 80' lang='grc' dir='ltr'>καὶ</span> <span class='ocrx_word' id='word_1_262' title='bbox 1097 2133 1473 2203; x_wconf 78' lang='grc' dir='ltr'>προσαγαγεῖν</span> <span class='ocrx_word' id='word_1_263' title='bbox 1539 2133 1604 2202; x_wconf 84' lang='grc' dir='ltr'>τῇ</span> <span class='ocrx_word' id='word_1_264' title='bbox 1675 2131 1808 2201; x_wconf 79' lang='grc' dir='ltr'>ἁγίᾳ</span> <span class='ocrx_word' id='word_1_265' title='bbox 1846 2131 1938 2185; x_wconf 83' lang='grc' dir='ltr'><strong>τοῦ</strong></span> <span class='ocrx_word' id='word_1_266' title='bbox 1966 2131 2102 2184; x_wconf 86' lang='grc' dir='ltr'>Θεοῦ</span> <span class='ocrx_word' id='word_1_267' title='bbox 2133 2131 2453 2202; x_wconf 72' lang='grc' dir='ltr'>Ἐκκλησία,</span> <span class='ocrx_word' id='word_1_268' title='bbox 2487 2126 2555 2204; x_wconf 87' lang='grc' dir='ltr'>ἦς</span> <span class='ocrx_word' id='word_1_269' title='bbox 2585 2132 2646 2185; x_wconf 71' lang='grc' dir='ltr'>τὸ</span> <span class='ocrx_word' id='word_1_270' title='bbox 2677 2131 2874 2203; x_wconf 78' lang='grc' dir='ltr'>ἀληθὲς</span> <span class='ocrx_word' id='word_1_271' title='bbox 2909 2133 3003 2184; x_wconf 73' lang='grc' dir='ltr'>καὶ</span> <span class='ocrx_word' id='word_1_272' title='bbox 3033 2132 3301 2202; x_wconf 73' lang='grc' dir='ltr'>σωτήριον</span> <span class='ocrx_word' id='word_1_273' title='bbox 3328 2129 3427 2197; x_wconf 77' lang='grc' dir='ltr'><strong>κή-</strong></span> 
     </span>
    </p>
   </div>
   <div class='ocr_carea' id='block_1_41' title="bbox 152 2221 3426 2297">
    <p class='ocr_par' dir='ltr' id='par_1_41' title="bbox 152 2221 3426 2297">
     <span class='ocr_line' id='line_1_41' title="bbox 152 2221 3426 2297; baseline 0.001 -26"><span class='ocrx_word' id='word_1_274' title='bbox 152 2236 347 2291; x_wconf 82' lang='grc' dir='ltr'>ρυγμα</span> <span class='ocrx_word' id='word_1_275' title='bbox 419 2222 704 2291; x_wconf 76' lang='grc' dir='ltr'>προϊόντες</span> <span class='ocrx_word' id='word_1_276' title='bbox 772 2223 1134 2292; x_wconf 80' lang='grc' dir='ltr'>ἀποδείξομεν</span> <span class='ocrx_word' id='word_1_277' title='bbox 1190 2225 1279 2279; x_wconf 76' lang='grc' dir='ltr'><strong>διά</strong></span> <span class='ocrx_word' id='word_1_278' title='bbox 1325 2241 1386 2278; x_wconf 84' lang='grc' dir='ltr'><strong>τε</strong></span> <span class='ocrx_word' id='word_1_279' title='bbox 1439 2225 1550 2278; x_wconf 82' lang='grc' dir='ltr'><strong>τῶν</strong></span> <span class='ocrx_word' id='word_1_280' title='bbox 1604 2223 1763 2277; x_wconf 81' lang='grc' dir='ltr'>θείων</span> <span class='ocrx_word' id='word_1_281' title='bbox 1800 2223 2036 2295; x_wconf 79' lang='grc' dir='ltr'>Γραφῶν</span> <span class='ocrx_word' id='word_1_282' title='bbox 2089 2224 2184 2278; x_wconf 76' lang='grc' dir='ltr'>καὶ</span> <span class='ocrx_word' id='word_1_283' title='bbox 2233 2225 2346 2279; x_wconf 81' lang='grc' dir='ltr'><strong>τῶν</strong></span> <span class='ocrx_word' id='word_1_284' title='bbox 2427 2224 2716 2297; x_wconf 78' lang='grc' dir='ltr'>[ἰατρικῶν</span> <span class='ocrx_word' id='word_1_285' title='bbox 2763 2224 3147 2293; x_wconf 75' lang='grc' dir='ltr'>παραδόσεων,</span> <span class='ocrx_word' id='word_1_286' title='bbox 3200 2222 3293 2277; x_wconf 70' lang='grc' dir='ltr'>καὶ</span> <span class='ocrx_word' id='word_1_287' title='bbox 3326 2221 3426 2290; x_wconf 71' lang='grc' dir='ltr'><strong>τὴν</strong></span> 
     </span>
    </p>
   </div>
   <div class='ocr_carea' id='block_1_42' title="bbox 145 2310 1909 2386">
    <p class='ocr_par' dir='ltr' id='par_1_42' title="bbox 145 2310 1909 2386">
     <span class='ocr_line' id='line_1_42' title="bbox 145 2310 1909 2386; baseline 0.003 -25"><span class='ocrx_word' id='word_1_288' title='bbox 145 2310 261 2362; x_wconf 74' lang='grc' dir='ltr'><strong>τῶν</strong></span> <span class='ocrx_word' id='word_1_289' title='bbox 296 2310 611 2381; x_wconf 77' lang='grc' dir='ltr'>εἰρημένων</span> <span class='ocrx_word' id='word_1_290' title='bbox 645 2311 862 2366; x_wconf 71' lang='grc' dir='ltr'>ἀσεϐῶν</span> <span class='ocrx_word' id='word_1_291' title='bbox 885 2315 1184 2383; x_wconf 80' lang='grc' dir='ltr'>αἱρετικῶν</span> <span class='ocrx_word' id='word_1_292' title='bbox 1217 2317 1513 2370; x_wconf 81' lang='grc' dir='ltr'>κακόνοιαν</span> <span class='ocrx_word' id='word_1_293' title='bbox 1538 2315 1909 2386; x_wconf 75' lang='grc' dir='ltr'>διελέγξομεν.</span> 
     </span>
    </p>
   </div>
   <div class='ocr_carea' id='block_1_43' title="bbox 225 2399 1743 2477">
    <p class='ocr_par' dir='ltr' id='par_1_43' title="bbox 225 2399 1738 2477">
     <span class='ocr_line' id='line_1_43' title="bbox 225 2399 1738 2477; baseline 0.003 -23"><span class='ocrx_word' id='word_1_294' title='bbox 225 2399 504 2470; x_wconf 78' lang='grc' dir='ltr'>Κηρύττει</span> <span class='ocrx_word' id='word_1_295' title='bbox 536 2403 642 2474; x_wconf 70' lang='grc' dir='ltr'>γὰρ</span> <span class='ocrx_word' id='word_1_296' title='bbox 671 2405 702 2472; x_wconf 81' lang='grc' dir='ltr'><strong>ἡ</strong></span> <span class='ocrx_word' id='word_1_297' title='bbox 736 2404 868 2472; x_wconf 82' lang='grc' dir='ltr'>ἁγία</span> <span class='ocrx_word' id='word_1_298' title='bbox 899 2405 991 2458; x_wconf 82' lang='grc' dir='ltr'><strong>τοῦ</strong></span> <span class='ocrx_word' id='word_1_299' title='bbox 1019 2406 1153 2460; x_wconf 89' lang='grc' dir='ltr'>Θεοῦ</span> <span class='ocrx_word' id='word_1_300' title='bbox 1200 2407 1498 2476; x_wconf 80' lang='grc' dir='ltr'>Ἐκκλησία</span> <span class='ocrx_word' id='word_1_301' title='bbox 1534 2407 1738 2477; x_wconf 71' lang='grc' dir='ltr'>μονάδα</span> 
     </span>
    </p>
   </div>
   <div class='ocr_carea' id='block_1_44' title="bbox 1847 2399 3430 2477">
    <p class='ocr_par' dir='ltr' id='par_1_44' title="bbox 1909 2408 3430 2466">
     <span class='ocr_line' id='line_1_44' title="bbox 1909 2408 3430 2466; baseline 0.001 -5"><span class='ocrx_word' id='word_1_302' title='bbox 1909 2408 2005 2462; x_wconf 88' lang='lat' dir='ltr'><strong>Dei</strong></span> <span class='ocrx_word' id='word_1_303' title='bbox 2048 2417 2233 2464; x_wconf 86' lang='lat' dir='ltr'><strong>autem</strong></span> <span class='ocrx_word' id='word_1_304' title='bbox 2261 2409 2508 2464; x_wconf 78' lang='lat' dir='ltr'><strong>Ecclesia</strong></span> <span class='ocrx_word' id='word_1_305' title='bbox 2541 2411 2809 2466; x_wconf 89' lang='lat' dir='ltr'><strong>unitatem</strong></span> <span class='ocrx_word' id='word_1_306' title='bbox 2831 2409 2891 2465; x_wconf 83' lang='lat' dir='ltr'><strong>in</strong></span> <span class='ocrx_word' id='word_1_307' title='bbox 2925 2409 3196 2464; x_wconf 84' lang='lat' dir='ltr'><strong>Trinitate</strong></span> <span class='ocrx_word' id='word_1_308' title='bbox 3223 2425 3286 2464; x_wconf 90' lang='lat' dir='ltr'><strong>ac</strong></span> <span class='ocrx_word' id='word_1_309' title='bbox 3307 2408 3430 2464; x_wconf 76' lang='lat' dir='ltr'><strong>Tri-</strong></span> 
     </span>
    </p>
   </div>
   <div class='ocr_carea' id='block_1_45' title="bbox 149 2488 1743 2570">
    <p class='ocr_par' dir='ltr' id='par_1_45' title="bbox 149 2488 1737 2565">
     <span class='ocr_line' id='line_1_45' title="bbox 149 2488 1737 2565; baseline 0.006 -24"><span class='ocrx_word' id='word_1_310' title='bbox 149 2491 209 2542; x_wconf 75' lang='grc' dir='ltr'>ἰν</span> <span class='ocrx_word' id='word_1_311' title='bbox 239 2489 436 2559; x_wconf 83' lang='grc' dir='ltr'>Τριὰδι</span> <span class='ocrx_word' id='word_1_312' title='bbox 466 2490 560 2543; x_wconf 71' lang='grc' dir='ltr'><strong>καὶ</strong></span> <span class='ocrx_word' id='word_1_313' title='bbox 591 2491 796 2562; x_wconf 82' lang='grc' dir='ltr'>Τριάδα</span> <span class='ocrx_word' id='word_1_314' title='bbox 819 2495 876 2546; x_wconf 76' lang='grc' dir='ltr'>ὲν</span> <span class='ocrx_word' id='word_1_315' title='bbox 903 2493 1088 2563; x_wconf 79' lang='grc' dir='ltr'>μονάδι</span> <span class='ocrx_word' id='word_1_316' title='bbox 1113 2511 1127 2525; x_wconf 71' lang='grc' dir='ltr'><strong>ο</strong></span> <span class='ocrx_word' id='word_1_317' title='bbox 1161 2488 1240 2556; x_wconf 75' lang='grc' dir='ltr'>εἷς</span> <span class='ocrx_word' id='word_1_318' title='bbox 1265 2495 1374 2565; x_wconf 70' lang='grc' dir='ltr'><strong>γὰρ</strong></span> <span class='ocrx_word' id='word_1_319' title='bbox 1403 2495 1534 2560; x_wconf 77' lang='grc' dir='ltr'>Θεὸς</span> <span class='ocrx_word' id='word_1_320' title='bbox 1559 2499 1589 2550; x_wconf 88' lang='grc' dir='ltr'><strong>ό</strong></span> <span class='ocrx_word' id='word_1_321' title='bbox 1625 2499 1737 2550; x_wconf 81' lang='grc' dir='ltr'><strong>Πα-</strong></span> 
     </span>
    </p>
   </div>
   <div class='ocr_carea' id='block_1_46' title="bbox 1847 2488 3428 2570">
    <p class='ocr_par' dir='ltr' id='par_1_46' title="bbox 1847 2499 3428 2570">
     <span class='ocr_line' id='line_1_46' title="bbox 1847 2499 3428 2570; baseline 0.003 -17"><span class='ocrx_word' id='word_1_322' title='bbox 1847 2499 2066 2568; x_wconf 78' lang='lat' dir='ltr'><strong>nitatein</strong></span> <span class='ocrx_word' id='word_1_323' title='bbox 2105 2501 2159 2556; x_wconf 83' lang='lat' dir='ltr'><strong>in</strong></span> <span class='ocrx_word' id='word_1_324' title='bbox 2199 2501 2410 2558; x_wconf 88' lang='lat' dir='ltr'><strong>unitate</strong></span> <span class='ocrx_word' id='word_1_325' title='bbox 2444 2503 2650 2570; x_wconf 88' lang='lat' dir='ltr'><strong>docet;</strong></span> <span class='ocrx_word' id='word_1_326' title='bbox 2677 2521 2822 2559; x_wconf 89' lang='lat' dir='ltr'><strong>unus</strong></span> <span class='ocrx_word' id='word_1_327' title='bbox 2851 2513 2938 2559; x_wconf 88' lang='lat' dir='ltr'><strong>est</strong></span> <span class='ocrx_word' id='word_1_328' title='bbox 2964 2503 3112 2559; x_wconf 89' lang='lat' dir='ltr'><strong>enim</strong></span> <span class='ocrx_word' id='word_1_329' title='bbox 3147 2502 3293 2557; x_wconf 89' lang='lat' dir='ltr'><strong>Deus</strong></span> <span class='ocrx_word' id='word_1_330' title='bbox 3325 2502 3428 2557; x_wconf 58' lang='lat' dir='ltr'><strong>Pa.</strong></span> 
     </span>
    </p>
   </div>
   <div class='ocr_carea' id='block_1_47' title="bbox 150 2574 1743 2662">
    <p class='ocr_par' dir='ltr' id='par_1_47' title="bbox 150 2574 1738 2662">
     <span class='ocr_line' id='line_1_47' title="bbox 150 2574 1738 2662; baseline 0.006 -30"><span class='ocrx_word' id='word_1_331' title='bbox 150 2582 258 2650; x_wconf 81' lang='grc' dir='ltr'><strong>τὴρ</strong></span> <span class='ocrx_word' id='word_1_332' title='bbox 285 2623 300 2644; x_wconf 88' lang='grc'><strong>,</strong></span> <span class='ocrx_word' id='word_1_333' title='bbox 339 2579 400 2644; x_wconf 75' lang='grc' dir='ltr'><strong>ἐξ</strong></span> <span class='ocrx_word' id='word_1_334' title='bbox 427 2574 488 2634; x_wconf 73' lang='grc' dir='ltr'>οὗ</span> <span class='ocrx_word' id='word_1_335' title='bbox 518 2581 587 2635; x_wconf 83' lang='grc' dir='ltr'>τὰ</span> <span class='ocrx_word' id='word_1_336' title='bbox 613 2583 826 2636; x_wconf 85' lang='grc' dir='ltr'>πάντα·</span> <span class='ocrx_word' id='word_1_337' title='bbox 860 2585 954 2638; x_wconf 76' lang='grc' dir='ltr'><strong>καὶ</strong></span> <span class='ocrx_word' id='word_1_338' title='bbox 990 2579 1071 2648; x_wconf 80' lang='grc' dir='ltr'><strong>εἷς</strong></span> <span class='ocrx_word' id='word_1_339' title='bbox 1112 2586 1313 2656; x_wconf 82' lang='grc' dir='ltr'>Κύριος</span> <span class='ocrx_word' id='word_1_340' title='bbox 1351 2587 1556 2657; x_wconf 82' lang='grc' dir='ltr'>Ἰησοῦς</span> <span class='ocrx_word' id='word_1_341' title='bbox 1604 2589 1738 2662; x_wconf 82' lang='grc' dir='ltr'>Χρι-</span> 
     </span>
    </p>
   </div>
   <div class='ocr_carea' id='block_1_48' title="bbox 1847 2574 3428 2662">
    <p class='ocr_par' dir='ltr' id='par_1_48' title="bbox 1847 2592 3428 2662">
     <span class='ocr_line' id='line_1_48' title="bbox 1847 2592 3428 2662; baseline 0.003 -19"><span class='ocrx_word' id='word_1_342' title='bbox 1847 2597 1944 2652; x_wconf 82' lang='lat' dir='ltr'><strong>ter,</strong></span> <span class='ocrx_word' id='word_1_343' title='bbox 1964 2606 2029 2644; x_wconf 85' lang='lat' dir='ltr'><strong>ex</strong></span> <span class='ocrx_word' id='word_1_344' title='bbox 2047 2605 2158 2660; x_wconf 92' lang='lat' dir='ltr'><strong>quo</strong></span> <span class='ocrx_word' id='word_1_345' title='bbox 2191 2592 2399 2657; x_wconf 82' lang='lat' dir='ltr'><strong>omnia,</strong></span> <span class='ocrx_word' id='word_1_346' title='bbox 2424 2609 2568 2648; x_wconf 92' lang='lat' dir='ltr'><strong>unus</strong></span> <span class='ocrx_word' id='word_1_347' title='bbox 2590 2595 2854 2649; x_wconf 86' lang='lat' dir='ltr'><strong>Dominus</strong></span> <span class='ocrx_word' id='word_1_348' title='bbox 2875 2594 3038 2650; x_wconf 85' lang='lat' dir='ltr'><strong>Jesus</strong></span> <span class='ocrx_word' id='word_1_349' title='bbox 3055 2592 3310 2649; x_wconf 84' lang='lat' dir='ltr'><strong>Christus</strong></span> <span class='ocrx_word' id='word_1_350' title='bbox 3331 2607 3428 2662; x_wconf 83' lang='lat' dir='ltr'><strong>per</strong></span> 
     </span>
    </p>
   </div>
   <div class='ocr_carea' id='block_1_49' title="bbox 153 2665 1743 2753">
    <p class='ocr_par' dir='ltr' id='par_1_49' title="bbox 153 2665 1740 2752">
     <span class='ocr_line' id='line_1_49' title="bbox 153 2665 1740 2752; baseline 0.009 -31"><span class='ocrx_word' id='word_1_351' title='bbox 153 2669 276 2733; x_wconf 83' lang='grc' dir='ltr'>στὺς</span> <span class='ocrx_word' id='word_1_352' title='bbox 309 2669 382 2752; x_wconf 45' lang='grc' dir='ltr'>διῖ</span> <span class='ocrx_word' id='word_1_353' title='bbox 409 2665 470 2724; x_wconf 73' lang='grc' dir='ltr'><strong>οὗ</strong></span> <span class='ocrx_word' id='word_1_354' title='bbox 499 2673 567 2725; x_wconf 82' lang='grc' dir='ltr'>τὰ</span> <span class='ocrx_word' id='word_1_355' title='bbox 592 2672 768 2726; x_wconf 86' lang='grc' dir='ltr'>πάντα</span> <span class='ocrx_word' id='word_1_356' title='bbox 793 2685 808 2704; x_wconf 85' lang='grc'><strong><em>⁸</em></strong></span> <span class='ocrx_word' id='word_1_357' title='bbox 842 2676 934 2730; x_wconf 73' lang='grc' dir='ltr'><strong>καὶ</strong></span> <span class='ocrx_word' id='word_1_358' title='bbox 967 2674 1026 2728; x_wconf 80' lang='grc' dir='ltr'>ἒν</span> <span class='ocrx_word' id='word_1_359' title='bbox 1055 2676 1282 2748; x_wconf 83' lang='grc' dir='ltr'>Πνεῦμα</span> <span class='ocrx_word' id='word_1_360' title='bbox 1321 2679 1475 2747; x_wconf 79' lang='grc' dir='ltr'>ἆγιον</span> <span class='ocrx_word' id='word_1_361' title='bbox 1509 2683 1566 2733; x_wconf 81' lang='grc' dir='ltr'>ὲν</span> <span class='ocrx_word' id='word_1_362' title='bbox 1595 2673 1640 2748; x_wconf 80' lang='grc' dir='ltr'>ᾧ</span> <span class='ocrx_word' id='word_1_363' title='bbox 1673 2681 1740 2735; x_wconf 86' lang='grc' dir='ltr'><strong>τά</strong></span> 
     </span>
    </p>
   </div>
   <div class='ocr_carea' id='block_1_50' title="bbox 1847 2665 3426 2753">
    <p class='ocr_par' dir='ltr' id='par_1_50' title="bbox 1847 2679 3426 2753">
     <span class='ocr_line' id='line_1_50' title="bbox 1847 2679 3426 2753; baseline 0.004 -22"><span class='ocrx_word' id='word_1_364' title='bbox 1847 2685 2003 2747; x_wconf 82' lang='lat' dir='ltr'><strong>quem</strong></span> <span class='ocrx_word' id='word_1_365' title='bbox 2040 2679 2245 2746; x_wconf 87' lang='lat' dir='ltr'><strong>omnia,</strong></span> <span class='ocrx_word' id='word_1_366' title='bbox 2291 2689 2458 2752; x_wconf 87' lang='lat' dir='ltr'><strong>atque</strong></span> <span class='ocrx_word' id='word_1_367' title='bbox 2497 2698 2641 2738; x_wconf 89' lang='lat' dir='ltr'><strong>unus</strong></span> <span class='ocrx_word' id='word_1_368' title='bbox 2684 2683 2924 2753; x_wconf 82' lang='lat' dir='ltr'><strong>Spiritus</strong></span> <span class='ocrx_word' id='word_1_369' title='bbox 2969 2690 3193 2738; x_wconf 86' lang='lat' dir='ltr'><strong>sanctus</strong></span> <span class='ocrx_word' id='word_1_370' title='bbox 3227 2682 3282 2737; x_wconf 93' lang='lat' dir='ltr'><strong>in</strong></span> <span class='ocrx_word' id='word_1_371' title='bbox 3316 2697 3426 2752; x_wconf 88' lang='lat' dir='ltr'><strong>quo</strong></span> 
     </span>
    </p>
   </div>
   <div class='ocr_carea' id='block_1_51' title="bbox 152 2759 1743 2851">
    <p class='ocr_par' dir='ltr' id='par_1_51' title="bbox 152 2759 1736 2844">
     <span class='ocr_line' id='line_1_51' title="bbox 152 2759 1736 2844; baseline 0.007 -31"><span class='ocrx_word' id='word_1_372' title='bbox 152 2762 338 2816; x_wconf 89' lang='grc' dir='ltr'>πάντα</span> <span class='ocrx_word' id='word_1_373' title='bbox 368 2779 383 2793; x_wconf 86' lang='grc'><strong>·</strong></span> <span class='ocrx_word' id='word_1_374' title='bbox 444 2762 505 2815; x_wconf 67' lang='grc' dir='ltr'>τὸ</span> <span class='ocrx_word' id='word_1_375' title='bbox 552 2765 610 2831; x_wconf 75' lang='grc' dir='ltr'><strong>ἐξ</strong></span> <span class='ocrx_word' id='word_1_376' title='bbox 655 2759 714 2820; x_wconf 78' lang='grc' dir='ltr'>οὗ</span> <span class='ocrx_word' id='word_1_377' title='bbox 764 2766 858 2820; x_wconf 69' lang='grc' dir='ltr'><strong>καὶ</strong></span> <span class='ocrx_word' id='word_1_378' title='bbox 903 2768 970 2820; x_wconf 81' lang='grc' dir='ltr'>δι’</span> <span class='ocrx_word' id='word_1_379' title='bbox 999 2761 1060 2821; x_wconf 79' lang='grc' dir='ltr'>οὗ</span> <span class='ocrx_word' id='word_1_380' title='bbox 1106 2769 1201 2822; x_wconf 79' lang='grc' dir='ltr'>καὶ</span> <span class='ocrx_word' id='word_1_381' title='bbox 1231 2771 1288 2822; x_wconf 82' lang='grc' dir='ltr'>ὲν</span> <span class='ocrx_word' id='word_1_382' title='bbox 1438 2770 1511 2844; x_wconf 79' lang='grc' dir='ltr'>μὴ</span> <span class='ocrx_word' id='word_1_383' title='bbox 1528 2772 1736 2840; x_wconf 81' lang='grc' dir='ltr'>’φύσεσι</span> 
     </span>
    </p>
   </div>
   <div class='ocr_carea' id='block_1_52' title="bbox 1847 2759 3420 2851">
    <p class='ocr_par' dir='ltr' id='par_1_52' title="bbox 1847 2768 3420 2851">
     <span class='ocr_line' id='line_1_52' title="bbox 1847 2768 3420 2851; baseline 0.004 -30"><span class='ocrx_word' id='word_1_384' title='bbox 1847 2768 2057 2834; x_wconf 88' lang='lat' dir='ltr'><strong>omnia;</strong></span> <span class='ocrx_word' id='word_1_385' title='bbox 2089 2785 2157 2824; x_wconf 80' lang='lat' dir='ltr'><strong>ex</strong></span> <span class='ocrx_word' id='word_1_386' title='bbox 2189 2785 2321 2840; x_wconf 86' lang='lat' dir='ltr'><strong>quo,</strong></span> <span class='ocrx_word' id='word_1_387' title='bbox 2347 2787 2446 2841; x_wconf 84' lang='lat' dir='ltr'><strong>per</strong></span> <span class='ocrx_word' id='word_1_388' title='bbox 2467 2788 2629 2843; x_wconf 88' lang='lat' dir='ltr'><strong>quem</strong></span> <span class='ocrx_word' id='word_1_389' title='bbox 2659 2783 2716 2851; x_wconf 89' lang='lat' dir='ltr'><strong>e_t</strong></span> <span class='ocrx_word' id='word_1_390' title='bbox 2746 2775 2800 2828; x_wconf 94' lang='lat' dir='ltr'><strong>in</strong></span> <span class='ocrx_word' id='word_1_391' title='bbox 2833 2790 2963 2844; x_wconf 90' lang='lat' dir='ltr'><strong>quo.</strong></span> <span class='ocrx_word' id='word_1_392' title='bbox 2996 2775 3126 2830; x_wconf 84' lang='lat' dir='ltr'><strong>Ideo</strong></span> <span class='ocrx_word' id='word_1_393' title='bbox 3158 2791 3292 2831; x_wconf 86' lang='lat' dir='ltr'><strong>vero</strong></span> <span class='ocrx_word' id='word_1_394' title='bbox 3316 2791 3420 2829; x_wconf 75' lang='lat' dir='ltr'><strong>non</strong></span> 
     </span>
    </p>
   </div>
   <div class='ocr_carea' id='block_1_53' title="bbox 151 2855 1743 2937">
    <p class='ocr_par' dir='ltr' id='par_1_53' title="bbox 151 2855 1740 2933">
     <span class='ocr_line' id='line_1_53' title="bbox 151 2855 1740 2933; baseline 0.008 -29"><span class='ocrx_word' id='word_1_395' title='bbox 151 2855 471 2922; x_wconf 74' lang='grc' dir='ltr'>τεμνόντων</span> <span class='ocrx_word' id='word_1_396' title='bbox 503 2855 639 2910; x_wconf 77' lang='grc' dir='ltr'><strong>ἀλλά</strong></span> <span class='ocrx_word' id='word_1_397' title='bbox 677 2858 1194 2929; x_wconf 74' lang='grc' dir='ltr'>χαρακτηριζόντων</span> <span class='ocrx_word' id='word_1_398' title='bbox 1228 2865 1356 2930; x_wconf 80' lang='grc' dir='ltr'>μιᾶς</span> <span class='ocrx_word' id='word_1_399' title='bbox 1392 2862 1484 2914; x_wconf 75' lang='grc' dir='ltr'>καὶ</span> <span class='ocrx_word' id='word_1_400' title='bbox 1511 2863 1740 2933; x_wconf 86' lang='grc' dir='ltr'>ἀσυγχύ-</span> 
     </span>
    </p>
   </div>
   <div class='ocr_carea' id='block_1_54' title="bbox 1847 2855 3429 2937">
    <p class='ocr_par' dir='ltr' id='par_1_54' title="bbox 1851 2861 3429 2937">
     <span class='ocr_line' id='line_1_54' title="bbox 1851 2861 3429 2937; baseline 0.003 -23"><span class='ocrx_word' id='word_1_401' title='bbox 1851 2861 1906 2914; x_wconf 91' lang='lat' dir='ltr'><strong>in</strong></span> <span class='ocrx_word' id='word_1_402' title='bbox 1929 2862 2497 2922; x_wconf 86' lang='lat' dir='ltr'><strong>naturasdividimus.</strong></span> <span class='ocrx_word' id='word_1_403' title='bbox 2523 2863 2621 2919; x_wconf 90' lang='lat' dir='ltr'><strong>sed</strong></span> <span class='ocrx_word' id='word_1_404' title='bbox 2650 2863 2815 2920; x_wconf 90' lang='lat' dir='ltr'><strong>unius</strong></span> <span class='ocrx_word' id='word_1_405' title='bbox 2833 2883 2896 2922; x_wconf 89' lang='lat' dir='ltr'><strong>ac</strong></span> <span class='ocrx_word' id='word_1_406' title='bbox 2921 2867 3193 2937; x_wconf 81' lang='lat' dir='ltr'><strong>simplicis</strong></span> <span class='ocrx_word' id='word_1_407' title='bbox 3217 2875 3429 2922; x_wconf 70' lang='lat' dir='ltr'><strong>natura:</strong></span> 
     </span>
    </p>
   </div>
   <div class='ocr_carea' id='block_1_55' title="bbox 152 2943 1743 3023">
    <p class='ocr_par' dir='ltr' id='par_1_55' title="bbox 152 2943 1742 3021">
     <span class='ocr_line' id='line_1_55' title="bbox 152 2943 1742 3021; baseline 0.006 -26"><span class='ocrx_word' id='word_1_408' title='bbox 152 2961 248 2996; x_wconf 78' lang='grc' dir='ltr'><strong>του</strong></span> <span class='ocrx_word' id='word_1_409' title='bbox 299 2943 517 3013; x_wconf 76' lang='grc' dir='ltr'>φύσεως</span> <span class='ocrx_word' id='word_1_410' title='bbox 574 2945 841 3016; x_wconf 75' lang='grc' dir='ltr'>ἰδιότητας</span> <span class='ocrx_word' id='word_1_411' title='bbox 867 2965 882 2979; x_wconf 76' lang='grc' dir='ltr'><strong>ο</strong></span> <span class='ocrx_word' id='word_1_412' title='bbox 922 2949 1052 3018; x_wconf 81' lang='grc' dir='ltr'>μίαν</span> <span class='ocrx_word' id='word_1_413' title='bbox 1095 2949 1205 3020; x_wconf 78' lang='grc' dir='ltr'>γὰρ</span> <span class='ocrx_word' id='word_1_414' title='bbox 1231 2949 1416 3004; x_wconf 81' lang='grc' dir='ltr'>οὐσίαν</span> <span class='ocrx_word' id='word_1_415' title='bbox 1449 2952 1509 3004; x_wconf 82' lang='grc' dir='ltr'>ὲν</span> <span class='ocrx_word' id='word_1_416' title='bbox 1563 2953 1742 3021; x_wconf 70' lang='grc' dir='ltr'>τρισὶν</span> 
     </span>
    </p>
   </div>
   <div class='ocr_carea' id='block_1_56' title="bbox 1847 2943 3422 3023">
    <p class='ocr_par' dir='ltr' id='par_1_56' title="bbox 1851 2954 3422 3023">
     <span class='ocr_line' id='line_1_56' title="bbox 1851 2954 3422 3023; baseline 0.004 -17"><span class='ocrx_word' id='word_1_417' title='bbox 1851 2954 2223 3023; x_wconf 86' lang='lat' dir='ltr'><strong>proprietates</strong></span> <span class='ocrx_word' id='word_1_418' title='bbox 2249 2955 2586 3012; x_wconf 58' lang='lat' dir='ltr'><strong>indicamus</strong></span> <span class='ocrx_word' id='word_1_419' title='bbox 2616 2972 2781 3011; x_wconf 90' lang='lat' dir='ltr'><strong>unam</strong></span> <span class='ocrx_word' id='word_1_420' title='bbox 2807 2961 2954 3012; x_wconf 89' lang='lat' dir='ltr'><strong>enim</strong></span> <span class='ocrx_word' id='word_1_421' title='bbox 2981 2959 3343 3013; x_wconf 81' lang='lat' dir='ltr'><strong>substantiam</strong></span> <span class='ocrx_word' id='word_1_422' title='bbox 3371 2961 3384 3013; x_wconf 94' lang='lat' dir='ltr'><strong>i</strong></span> <span class='ocrx_word' id='word_1_423' title='bbox 3410 2979 3422 3013; x_wconf 92' lang='lat' dir='ltr'><strong>I</strong></span> 
     </span>
    </p>
   </div>
   <div class='ocr_carea' id='block_1_57' title="bbox 155 3035 1743 3118">
    <p class='ocr_par' dir='ltr' id='par_1_57' title="bbox 155 3035 1743 3111">
     <span class='ocr_line' id='line_1_57' title="bbox 155 3035 1743 3111; baseline 0.005 -25"><span class='ocrx_word' id='word_1_424' title='bbox 155 3035 497 3088; x_wconf 78' lang='grc' dir='ltr'>ὖποστάσεσι</span> <span class='ocrx_word' id='word_1_425' title='bbox 525 3036 955 3108; x_wconf 86' lang='grc' dir='ltr'>προσκυνοῦμεν,</span> <span class='ocrx_word' id='word_1_426' title='bbox 989 3039 1047 3091; x_wconf 77' lang='grc' dir='ltr'>ὲν</span> <span class='ocrx_word' id='word_1_427' title='bbox 1089 3039 1294 3111; x_wconf 78' lang='grc' dir='ltr'>ἑκάστῃ</span> <span class='ocrx_word' id='word_1_428' title='bbox 1325 3040 1616 3094; x_wconf 80' lang='grc' dir='ltr'>ὑποστάσει</span> <span class='ocrx_word' id='word_1_429' title='bbox 1646 3040 1743 3107; x_wconf 79' lang='grc' dir='ltr'><strong>τὴν</strong></span> 
     </span>
    </p>
   </div>
   <div class='ocr_carea' id='block_1_58' title="bbox 1847 3035 3426 3118">
    <p class='ocr_par' dir='ltr' id='par_1_58' title="bbox 1855 3041 3426 3118">
     <span class='ocr_line' id='line_1_58' title="bbox 1855 3041 3426 3118; baseline 0.006 -23"><span class='ocrx_word' id='word_1_430' title='bbox 1855 3041 2036 3098; x_wconf 86' lang='lat' dir='ltr'><strong>tribus</strong></span> <span class='ocrx_word' id='word_1_431' title='bbox 2073 3046 2328 3114; x_wconf 89' lang='lat' dir='ltr'><strong>personis</strong></span> <span class='ocrx_word' id='word_1_432' title='bbox 2364 3046 2692 3112; x_wconf 87' lang='lat' dir='ltr'><strong>adoramus,</strong></span> <span class='ocrx_word' id='word_1_433' title='bbox 2733 3049 2788 3102; x_wconf 91' lang='lat' dir='ltr'><strong>in</strong></span> <span class='ocrx_word' id='word_1_434' title='bbox 2828 3063 3160 3118; x_wconf 88' lang='lat' dir='ltr'><strong>unaquaque</strong></span> <span class='ocrx_word' id='word_1_435' title='bbox 3195 3065 3426 3118; x_wconf 81' lang='lat' dir='ltr'><strong>persona</strong></span> 
     </span>
    </p>
   </div>
   <div class='ocr_carea' id='block_1_59' title="bbox 156 3124 1743 3215">
    <p class='ocr_par' dir='ltr' id='par_1_59' title="bbox 156 3124 1743 3202">
     <span class='ocr_line' id='line_1_59' title="bbox 156 3124 1743 3202; baseline 0.004 -24"><span class='ocrx_word' id='word_1_436' title='bbox 156 3126 333 3196; x_wconf 73' lang='grc' dir='ltr'>αὐτὴν</span> <span class='ocrx_word' id='word_1_437' title='bbox 388 3124 815 3196; x_wconf 79' lang='grc' dir='ltr'>ἐπιθεωροῦντες</span> <span class='ocrx_word' id='word_1_438' title='bbox 838 3127 1048 3184; x_wconf 73' lang='grc' dir='ltr'>οὐσίαν.</span> <span class='ocrx_word' id='word_1_439' title='bbox 1095 3130 1205 3183; x_wconf 74' lang='grc' dir='ltr'><strong>Καὶ</strong></span> <span class='ocrx_word' id='word_1_440' title='bbox 1242 3131 1477 3202; x_wconf 78' lang='grc' dir='ltr'>ἑκάστην</span> <span class='ocrx_word' id='word_1_441' title='bbox 1511 3133 1606 3201; x_wconf 76' lang='grc' dir='ltr'>μὲν</span> <span class='ocrx_word' id='word_1_442' title='bbox 1635 3131 1743 3184; x_wconf 84' lang='grc' dir='ltr'><strong>τῶν</strong></span> 
     </span>
    </p>
   </div>
   <div class='ocr_carea' id='block_1_60' title="bbox 1847 3124 3464 3215">
    <p class='ocr_par' dir='ltr' id='par_1_60' title="bbox 1849 3131 3464 3208">
     <span class='ocr_line' id='line_1_60' title="bbox 1849 3131 3464 3208; baseline 0.003 -23"><span class='ocrx_word' id='word_1_443' title='bbox 1849 3131 2100 3187; x_wconf 88' lang='lat' dir='ltr'><strong>eamdem</strong></span> <span class='ocrx_word' id='word_1_444' title='bbox 2123 3133 2490 3190; x_wconf 85' lang='lat' dir='ltr'><strong>substantiam</strong></span> <span class='ocrx_word' id='word_1_445' title='bbox 2502 3135 2943 3192; x_wconf 86' lang='lat' dir='ltr'><strong>considerantes.</strong></span> <span class='ocrx_word' id='word_1_446' title='bbox 2971 3136 3423 3207; x_wconf 84' lang='lat' dir='ltr'><strong>Uuamquamquo</strong></span> <span class='ocrx_word' id='word_1_447' title='bbox 3459 3201 3464 3208; x_wconf 89' lang='lat'><strong><em>_</em></strong></span> 
     </span>
    </p>
   </div>
   <div class='ocr_carea' id='block_1_61' title="bbox 159 3218 1744 3292">
    <p class='ocr_par' dir='ltr' id='par_1_61' title="bbox 159 3218 1744 3292">
     <span class='ocr_line' id='line_1_61' title="bbox 159 3218 1744 3292; baseline 0.006 -23"><span class='ocrx_word' id='word_1_448' title='bbox 159 3218 520 3272; x_wconf 82' lang='grc' dir='ltr'>ὑποστάσεων</span> <span class='ocrx_word' id='word_1_449' title='bbox 592 3221 842 3290; x_wconf 83' lang='grc' dir='ltr'>μοναχῶς</span> <span class='ocrx_word' id='word_1_450' title='bbox 891 3220 1328 3292; x_wconf 56' lang='grc' dir='ltr'>ἐξαγγέλλομεν</span> <span class='ocrx_word' id='word_1_451' title='bbox 1387 3223 1607 3284; x_wconf 73' lang='grc' dir='ltr'>ἐπειδὰν</span> <span class='ocrx_word' id='word_1_452' title='bbox 1685 3225 1744 3278; x_wconf 82' lang='grc' dir='ltr'>δὲ</span> 
     </span>
    </p>
   </div>
   <div class='ocr_carea' id='block_1_62' title="bbox 159 3310 1746 3388">
    <p class='ocr_par' dir='ltr' id='par_1_62' title="bbox 159 3310 1746 3388">
     <span class='ocr_line' id='line_1_62' title="bbox 159 3310 1746 3388; baseline 0.004 -26"><span class='ocrx_word' id='word_1_453' title='bbox 159 3310 572 3382; x_wconf 86' lang='grc' dir='ltr'>συναριθμῆσαι</span> <span class='ocrx_word' id='word_1_454' title='bbox 607 3311 700 3385; x_wconf 77' lang='grc' dir='ltr'>δέῃ</span> <span class='ocrx_word' id='word_1_455' title='bbox 725 3351 740 3375; x_wconf 94' lang='grc'><strong>,</strong></span> <span class='ocrx_word' id='word_1_456' title='bbox 769 3312 890 3382; x_wconf 76' lang='grc' dir='ltr'>οὐχὶ</span> <span class='ocrx_word' id='word_1_457' title='bbox 919 3313 1230 3384; x_wconf 77' lang='grc' dir='ltr'>ἀπαιδεύτῳ</span> <span class='ocrx_word' id='word_1_458' title='bbox 1280 3315 1576 3385; x_wconf 84' lang='grc' dir='ltr'>ἀριθμήσει</span> <span class='ocrx_word' id='word_1_459' title='bbox 1613 3317 1746 3388; x_wconf 70' lang='grc' dir='ltr'>πρὸς</span> 
     </span>
    </p>
   </div>
   <div class='ocr_carea' id='block_1_63' title="bbox 160 3402 1750 3478">
    <p class='ocr_par' dir='ltr' id='par_1_63' title="bbox 160 3402 1750 3478">
     <span class='ocr_line' id='line_1_63' title="bbox 160 3402 1750 3478; baseline 0.004 -24"><span class='ocrx_word' id='word_1_460' title='bbox 160 3402 456 3468; x_wconf 79' lang='grc' dir='ltr'>πολυθεῖας</span> <span class='ocrx_word' id='word_1_461' title='bbox 489 3403 698 3458; x_wconf 80' lang='grc' dir='ltr'>ἔννοιαν</span> <span class='ocrx_word' id='word_1_462' title='bbox 729 3404 1079 3474; x_wconf 77' lang='grc' dir='ltr'>ἑκφερόμεθα</span> <span class='ocrx_word' id='word_1_463' title='bbox 1102 3423 1115 3436; x_wconf 90' lang='grc'><strong>·</strong></span> <span class='ocrx_word' id='word_1_464' title='bbox 1171 3405 1291 3459; x_wconf 76' lang='grc' dir='ltr'>οὐδὲ</span> <span class='ocrx_word' id='word_1_465' title='bbox 1321 3405 1428 3478; x_wconf 90' lang='grc' dir='ltr'><strong>γάρ</strong></span> <span class='ocrx_word' id='word_1_466' title='bbox 1460 3407 1599 3460; x_wconf 86' lang='grc' dir='ltr'><strong>κατά</strong></span> <span class='ocrx_word' id='word_1_467' title='bbox 1628 3407 1750 3461; x_wconf 84' lang='grc' dir='ltr'>σύν-</span> 
     </span>
    </p>
   </div>
   <div class='ocr_carea' id='block_1_64' title="bbox 159 3491 1750 3572">
    <p class='ocr_par' dir='ltr' id='par_1_64' title="bbox 159 3491 1750 3572">
     <span class='ocr_line' id='line_1_64' title="bbox 159 3491 1750 3572; baseline 0.006 -28"><span class='ocrx_word' id='word_1_468' title='bbox 159 3495 313 3547; x_wconf 83' lang='grc' dir='ltr'>θεσιν</span> <span class='ocrx_word' id='word_1_469' title='bbox 343 3493 686 3564; x_wconf 83' lang='grc' dir='ltr'>ἀριθμοῦμεν</span> <span class='ocrx_word' id='word_1_470' title='bbox 710 3497 802 3565; x_wconf 80' lang='grc' dir='ltr'><strong>ἀφ’</strong></span> <span class='ocrx_word' id='word_1_471' title='bbox 827 3496 943 3558; x_wconf 81' lang='grc' dir='ltr'>ένδς</span> <span class='ocrx_word' id='word_1_472' title='bbox 972 3498 1051 3560; x_wconf 78' lang='grc' dir='ltr'><strong>είς</strong></span> <span class='ocrx_word' id='word_1_473' title='bbox 1075 3491 1278 3565; x_wconf 75' lang='grc' dir='ltr'>πλῆθος</span> <span class='ocrx_word' id='word_1_474' title='bbox 1309 3497 1622 3568; x_wconf 79' lang='grc' dir='ltr'>ποιούμενοι</span> <span class='ocrx_word' id='word_1_475' title='bbox 1653 3501 1750 3572; x_wconf 79' lang='grc' dir='ltr'>τὴν</span> 
     </span>
    </p>
   </div>
   <div class='ocr_carea' id='block_1_65' title="bbox 160 3573 1752 3660">
    <p class='ocr_par' dir='ltr' id='par_1_65' title="bbox 160 3573 1752 3660">
     <span class='ocr_line' id='line_1_65' title="bbox 160 3573 1752 3660; baseline 0.004 -24"><span class='ocrx_word' id='word_1_476' title='bbox 160 3573 533 3654; x_wconf 74' lang='grc' dir='ltr'>παραύξησιν,</span> <span class='ocrx_word' id='word_1_477' title='bbox 563 3585 698 3639; x_wconf 79' lang='grc' dir='ltr'>ἀλλὰ</span> <span class='ocrx_word' id='word_1_478' title='bbox 726 3587 786 3639; x_wconf 80' lang='grc' dir='ltr'><strong>τὸ</strong></span> <span class='ocrx_word' id='word_1_479' title='bbox 816 3587 1015 3651; x_wconf 82' lang='grc' dir='ltr'>ἰδιάζον</span> <span class='ocrx_word' id='word_1_480' title='bbox 1048 3587 1156 3642; x_wconf 85' lang='grc' dir='ltr'><strong>τῶν</strong></span> <span class='ocrx_word' id='word_1_481' title='bbox 1177 3589 1534 3643; x_wconf 79' lang='grc' dir='ltr'>ὑποστάσεων</span> <span class='ocrx_word' id='word_1_482' title='bbox 1561 3590 1752 3660; x_wconf 84' lang='grc' dir='ltr'>ὁμολο-</span> 
     </span>
    </p>
   </div>
   <div class='ocr_carea' id='block_1_66' title="bbox 159 3674 1750 3750">
    <p class='ocr_par' dir='ltr' id='par_1_66' title="bbox 159 3674 1750 3750">
     <span class='ocr_line' id='line_1_66' title="bbox 159 3674 1750 3750; baseline 0.004 -22"><span class='ocrx_word' id='word_1_483' title='bbox 159 3674 390 3741; x_wconf 85' lang='grc' dir='ltr'>γοῦντες</span> <span class='ocrx_word' id='word_1_484' title='bbox 449 3674 683 3746; x_wconf 88' lang='grc' dir='ltr'>μένομεν</span> <span class='ocrx_word' id='word_1_485' title='bbox 737 3679 829 3731; x_wconf 75' lang='grc' dir='ltr'><strong>ἐπὶ</strong></span> <span class='ocrx_word' id='word_1_486' title='bbox 883 3679 981 3747; x_wconf 86' lang='grc' dir='ltr'>τῆς</span> <span class='ocrx_word' id='word_1_487' title='bbox 1037 3680 1356 3749; x_wconf 85' lang='grc' dir='ltr'>μοναρχίας,</span> <span class='ocrx_word' id='word_1_488' title='bbox 1410 3681 1490 3745; x_wconf 87' lang='grc' dir='ltr'><strong>είς</strong></span> <span class='ocrx_word' id='word_1_489' title='bbox 1547 3679 1750 3750; x_wconf 80' lang='grc' dir='ltr'>πλῆθος</span> 
     </span>
    </p>
   </div>
   <div class='ocr_carea' id='block_1_67' title="bbox 160 3765 1752 3840">
    <p class='ocr_par' dir='ltr' id='par_1_67' title="bbox 160 3765 1752 3840">
     <span class='ocr_line' id='line_1_67' title="bbox 160 3765 1752 3840; baseline 0.004 -21"><span class='ocrx_word' id='word_1_490' title='bbox 160 3765 570 3837; x_wconf 81' lang='grc' dir='ltr'>ἀπεσχισμένον</span> <span class='ocrx_word' id='word_1_491' title='bbox 592 3767 692 3838; x_wconf 82' lang='grc' dir='ltr'><strong>τὴν</strong></span> <span class='ocrx_word' id='word_1_492' title='bbox 717 3767 998 3837; x_wconf 76' lang='grc' dir='ltr'>θεολογίαν</span> <span class='ocrx_word' id='word_1_493' title='bbox 1023 3770 1099 3840; x_wconf 78' lang='grc' dir='ltr'><strong>μὴ</strong></span> <span class='ocrx_word' id='word_1_494' title='bbox 1136 3769 1538 3834; x_wconf 86' lang='grc' dir='ltr'>σκεδαννύντες,</span> <span class='ocrx_word' id='word_1_495' title='bbox 1575 3771 1752 3825; x_wconf 85' lang='grc' dir='ltr'>διατο-</span> 
     </span>
    </p>
   </div>
   <div class='ocr_carea' id='block_1_68' title="bbox 163 3857 1750 3930">
    <p class='ocr_par' dir='ltr' id='par_1_68' title="bbox 163 3857 1750 3930">
     <span class='ocr_line' id='line_1_68' title="bbox 163 3857 1750 3930; baseline 0.003 -20"><span class='ocrx_word' id='word_1_496' title='bbox 163 3857 295 3926; x_wconf 85' lang='grc' dir='ltr'>μίαν</span> <span class='ocrx_word' id='word_1_497' title='bbox 342 3857 399 3910; x_wconf 71' lang='grc' dir='ltr'>ἑν</span> <span class='ocrx_word' id='word_1_498' title='bbox 438 3857 610 3928; x_wconf 76' lang='grc' dir='ltr'>Πατρὶ</span> <span class='ocrx_word' id='word_1_499' title='bbox 657 3859 751 3910; x_wconf 76' lang='grc' dir='ltr'><strong>καὶ</strong></span> <span class='ocrx_word' id='word_1_500' title='bbox 819 3857 932 3929; x_wconf 85' lang='grc' dir='ltr'>Υίῷ</span> <span class='ocrx_word' id='word_1_501' title='bbox 982 3859 1078 3912; x_wconf 73' lang='grc' dir='ltr'><strong>καὶ</strong></span> <span class='ocrx_word' id='word_1_502' title='bbox 1126 3859 1268 3929; x_wconf 82' lang='grc' dir='ltr'>ἁγίῳ</span> <span class='ocrx_word' id='word_1_503' title='bbox 1317 3859 1614 3929; x_wconf 85' lang='grc' dir='ltr'>Πνεύματι,</span> <span class='ocrx_word' id='word_1_504' title='bbox 1652 3860 1750 3930; x_wconf 80' lang='grc' dir='ltr'><strong>τὴν</strong></span> 
     </span>
    </p>
   </div>
   <div class='ocr_carea' id='block_1_69' title="bbox 156 3934 1748 4021">
    <p class='ocr_par' dir='ltr' id='par_1_69' title="bbox 156 3934 1748 4021">
     <span class='ocr_line' id='line_1_69' title="bbox 156 3934 1748 4021; baseline 0.004 -21"><span class='ocrx_word' id='word_1_505' title='bbox 156 3951 326 4002; x_wconf 84' lang='grc' dir='ltr'>οίονεί</span> <span class='ocrx_word' id='word_1_506' title='bbox 360 3947 573 4020; x_wconf 81' lang='grc' dir='ltr'>μορφὴν</span> <span class='ocrx_word' id='word_1_507' title='bbox 604 3934 949 4020; x_wconf 84' lang='grc' dir='ltr'>θεωρεῖσθαι,</span> <span class='ocrx_word' id='word_1_508' title='bbox 983 3949 1060 4019; x_wconf 80' lang='grc' dir='ltr'>τῷ</span> <span class='ocrx_word' id='word_1_509' title='bbox 1089 3950 1494 4021; x_wconf 87' lang='grc' dir='ltr'>ἀπαραλλάκτῳ</span> <span class='ocrx_word' id='word_1_510' title='bbox 1520 3951 1618 4021; x_wconf 78' lang='grc' dir='ltr'>τῆς</span> <span class='ocrx_word' id='word_1_511' title='bbox 1645 3952 1748 4021; x_wconf 79' lang='grc' dir='ltr'><strong>φύ-</strong></span> 
     </span>
    </p>
   </div>
   <div class='ocr_carea' id='block_1_70' title="bbox 161 4039 1747 4112">
    <p class='ocr_par' dir='ltr' id='par_1_70' title="bbox 161 4039 1747 4112">
     <span class='ocr_line' id='line_1_70' title="bbox 161 4039 1747 4112; baseline 0.001 -20"><span class='ocrx_word' id='word_1_512' title='bbox 161 4057 300 4103; x_wconf 84' lang='grc' dir='ltr'>σεως</span> <span class='ocrx_word' id='word_1_513' title='bbox 331 4039 647 4110; x_wconf 77' lang='grc' dir='ltr'>ὲνιζομένην</span> <span class='ocrx_word' id='word_1_514' title='bbox 672 4055 686 4070; x_wconf 85' lang='lat'><strong>&#39;</strong></span> <span class='ocrx_word' id='word_1_515' title='bbox 711 4041 805 4094; x_wconf 77' lang='grc' dir='ltr'><strong>καὶ</strong></span> <span class='ocrx_word' id='word_1_516' title='bbox 827 4040 959 4095; x_wconf 78' lang='grc' dir='ltr'>Θεὸν</span> <span class='ocrx_word' id='word_1_517' title='bbox 979 4040 1074 4095; x_wconf 78' lang='grc' dir='ltr'><strong>οὖν</strong></span> <span class='ocrx_word' id='word_1_518' title='bbox 1097 4040 1327 4094; x_wconf 77' lang='grc' dir='ltr'>ἕκαστον</span> <span class='ocrx_word' id='word_1_519' title='bbox 1348 4040 1747 4112; x_wconf 84' lang='grc' dir='ltr'>ὁμολογοῦμεν,</span> 
     </span>
    </p>
   </div>
   <div class='ocr_carea' id='block_1_71' title="bbox 158 4128 1745 4202">
    <p class='ocr_par' dir='ltr' id='par_1_71' title="bbox 158 4128 1745 4202">
     <span class='ocr_line' id='line_1_71' title="bbox 158 4128 1745 4202; baseline 0.002 -20"><span class='ocrx_word' id='word_1_520' title='bbox 158 4132 224 4183; x_wconf 78' lang='grc' dir='ltr'>ἂν</span> <span class='ocrx_word' id='word_1_521' title='bbox 247 4128 539 4202; x_wconf 70' lang='grc' dir='ltr'>θεωρῆιὲαι.</span> <span class='ocrx_word' id='word_1_522' title='bbox 569 4133 729 4202; x_wconf 89' lang='grc' dir='ltr'>μόνον</span> <span class='ocrx_word' id='word_1_523' title='bbox 750 4132 842 4185; x_wconf 89' lang='grc' dir='ltr'><strong>τοῦ</strong></span> <span class='ocrx_word' id='word_1_524' title='bbox 873 4131 964 4186; x_wconf 91' lang='grc' dir='ltr'><strong>νοῦ</strong></span> <span class='ocrx_word' id='word_1_525' title='bbox 987 4131 1315 4202; x_wconf 75' lang='grc' dir='ltr'>χωρίζοντος</span> <span class='ocrx_word' id='word_1_526' title='bbox 1343 4133 1410 4184; x_wconf 83' lang='grc' dir='ltr'><strong>τά</strong></span> <span class='ocrx_word' id='word_1_527' title='bbox 1432 4131 1714 4202; x_wconf 85' lang='grc' dir='ltr'>ἀχώριστα</span> <span class='ocrx_word' id='word_1_528' title='bbox 1730 4174 1745 4199; x_wconf 82' lang='grc'><strong>,</strong></span> 
     </span>
    </p>
   </div>
   <div class='ocr_carea' id='block_1_72' title="bbox 160 4222 1748 4297">
    <p class='ocr_par' dir='ltr' id='par_1_72' title="bbox 160 4222 1748 4297">
     <span class='ocr_line' id='line_1_72' title="bbox 160 4222 1748 4297; baseline 0.003 -25"><span class='ocrx_word' id='word_1_529' title='bbox 160 4224 256 4275; x_wconf 72' lang='grc' dir='ltr'><strong>καὶ</strong></span> <span class='ocrx_word' id='word_1_530' title='bbox 283 4222 418 4277; x_wconf 81' lang='grc' dir='ltr'>Θεὸν</span> <span class='ocrx_word' id='word_1_531' title='bbox 447 4224 516 4277; x_wconf 88' lang='grc' dir='ltr'><strong>τά</strong></span> <span class='ocrx_word' id='word_1_532' title='bbox 547 4223 672 4295; x_wconf 87' lang='grc' dir='ltr'>τρία</span> <span class='ocrx_word' id='word_1_533' title='bbox 711 4226 828 4293; x_wconf 81' lang='grc' dir='ltr'>μετ’</span> <span class='ocrx_word' id='word_1_534' title='bbox 859 4223 1106 4296; x_wconf 75' lang='grc' dir='ltr'>ἀλλήλων</span> <span class='ocrx_word' id='word_1_535' title='bbox 1138 4223 1367 4294; x_wconf 84' lang='grc' dir='ltr'>νοοῦμεν</span> <span class='ocrx_word' id='word_1_536' title='bbox 1391 4265 1406 4290; x_wconf 91' lang='grc'><strong>,</strong></span> <span class='ocrx_word' id='word_1_537' title='bbox 1455 4223 1532 4295; x_wconf 81' lang='grc' dir='ltr'>τῷ</span> <span class='ocrx_word' id='word_1_538' title='bbox 1565 4226 1748 4297; x_wconf 75' lang='grc' dir='ltr'>σαυτῷ</span> 
     </span>
    </p>
   </div>
   <div class='ocr_carea' id='block_1_73' title="bbox 161 4312 1748 4386">
    <p class='ocr_par' dir='ltr' id='par_1_73' title="bbox 161 4312 1748 4386">
     <span class='ocr_line' id='line_1_73' title="bbox 161 4312 1748 4386; baseline 0.012 -25"><span class='ocrx_word' id='word_1_539' title='bbox 161 4314 260 4380; x_wconf 74' lang='grc' dir='ltr'>τῆς</span> <span class='ocrx_word' id='word_1_540' title='bbox 321 4313 594 4384; x_wconf 84' lang='grc' dir='ltr'>κινήσεως</span> <span class='ocrx_word' id='word_1_541' title='bbox 659 4317 754 4368; x_wconf 74' lang='grc' dir='ltr'>καὶ</span> <span class='ocrx_word' id='word_1_542' title='bbox 825 4315 923 4386; x_wconf 85' lang='grc' dir='ltr'>τῆς</span> <span class='ocrx_word' id='word_1_543' title='bbox 978 4315 1231 4383; x_wconf 79' lang='grc' dir='ltr'>φύσεως’</span> <span class='ocrx_word' id='word_1_544' title='bbox 1299 4316 1468 4386; x_wconf 74' lang='grc' dir='ltr'>Τριὰς</span> <span class='ocrx_word' id='word_1_545' title='bbox 1512 4312 1604 4369; x_wconf 80' lang='grc' dir='ltr'><strong>οὖν</strong></span> <span class='ocrx_word' id='word_1_546' title='bbox 1673 4317 1748 4380; x_wconf 83' lang='grc' dir='ltr'>ὡς</span> 
     </span>
    </p>
   </div>
   <div class='ocr_carea' id='block_1_74' title="bbox 163 4399 1747 4474">
    <p class='ocr_par' dir='ltr' id='par_1_74' title="bbox 163 4399 1747 4474">
     <span class='ocr_line' id='line_1_74' title="bbox 163 4399 1747 4474; baseline 0.005 -24"><span class='ocrx_word' id='word_1_547' title='bbox 163 4399 382 4470; x_wconf 80' lang='grc' dir='ltr'>ἀληθῶς</span> <span class='ocrx_word' id='word_1_548' title='bbox 435 4402 468 4470; x_wconf 80' lang='grc' dir='ltr'>ἡ</span> <span class='ocrx_word' id='word_1_549' title='bbox 516 4401 717 4472; x_wconf 86' lang='grc' dir='ltr'>Τριάς·</span> <span class='ocrx_word' id='word_1_550' title='bbox 770 4403 898 4474; x_wconf 80' lang='grc' dir='ltr'>τρία</span> <span class='ocrx_word' id='word_1_551' title='bbox 937 4403 994 4457; x_wconf 84' lang='grc' dir='ltr'>δὲ</span> <span class='ocrx_word' id='word_1_552' title='bbox 1039 4406 1098 4457; x_wconf 82' lang='grc' dir='ltr'><strong>οὐ</strong></span> <span class='ocrx_word' id='word_1_553' title='bbox 1150 4405 1493 4474; x_wconf 85' lang='grc' dir='ltr'>πραγμάτων</span> <span class='ocrx_word' id='word_1_554' title='bbox 1546 4405 1747 4459; x_wconf 83' lang='grc' dir='ltr'>ἀνίσων</span> 
     </span>
    </p>
   </div>
   <div class='ocr_carea' id='block_1_75' title="bbox 1848 3227 3422 3298">
    <p class='ocr_par' dir='ltr' id='par_1_75' title="bbox 1848 3227 3422 3298">
     <span class='ocr_line' id='line_1_75' title="bbox 1848 3227 3422 3298; baseline 0.001 -21"><span class='ocrx_word' id='word_1_555' title='bbox 1848 3232 2034 3279; x_wconf 89' lang='lat' dir='ltr'><strong>autem</strong></span> <span class='ocrx_word' id='word_1_556' title='bbox 2062 3240 2426 3296; x_wconf 87' lang='lat' dir='ltr'><strong>personarum</strong></span> <span class='ocrx_word' id='word_1_557' title='bbox 2462 3228 2745 3298; x_wconf 90' lang='lat' dir='ltr'><strong>sigillatim</strong></span> <span class='ocrx_word' id='word_1_558' title='bbox 2795 3227 3158 3292; x_wconf 82' lang='lat' dir='ltr'><strong>conﬁtemur,</strong></span> <span class='ocrx_word' id='word_1_559' title='bbox 3191 3243 3422 3298; x_wconf 75' lang='lat' dir='ltr'><strong>cumquo</strong></span> 
     </span>
    </p>
   </div>
   <div class='ocr_carea' id='block_1_76' title="bbox 1850 3317 3418 3392">
    <p class='ocr_par' dir='ltr' id='par_1_76' title="bbox 1850 3317 3418 3392">
     <span class='ocr_line' id='line_1_76' title="bbox 1850 3317 3418 3392; baseline 0.005 -25"><span class='ocrx_word' id='word_1_560' title='bbox 1850 3317 2254 3372; x_wconf 89' lang='lat' dir='ltr'><strong>numerandum</strong></span> <span class='ocrx_word' id='word_1_561' title='bbox 2289 3328 2409 3382; x_wconf 89' lang='lat' dir='ltr'><strong>est,</strong></span> <span class='ocrx_word' id='word_1_562' title='bbox 2450 3319 2556 3374; x_wconf 86' lang='lat' dir='ltr'><strong>hoc</strong></span> <span class='ocrx_word' id='word_1_563' title='bbox 2607 3336 2844 3375; x_wconf 89' lang='lat' dir='ltr'><strong>numero</strong></span> <span class='ocrx_word' id='word_1_564' title='bbox 2893 3322 2959 3375; x_wconf 91' lang='lat' dir='ltr'><strong>ad</strong></span> <span class='ocrx_word' id='word_1_565' title='bbox 2996 3320 3418 3392; x_wconf 84' lang='lat' dir='ltr'><strong>polytheismum</strong></span> 
     </span>
    </p>
   </div>
   <div class='ocr_carea' id='block_1_77' title="bbox 1849 3395 3422 3482">
    <p class='ocr_par' dir='ltr' id='par_1_77' title="bbox 1849 3395 3422 3482">
     <span class='ocr_line' id='line_1_77' title="bbox 1849 3395 3422 3482; baseline 0.006 -26"><span class='ocrx_word' id='word_1_566' title='bbox 1849 3403 2044 3458; x_wconf 91' lang='lat' dir='ltr'><strong>rudem</strong></span> <span class='ocrx_word' id='word_1_567' title='bbox 2063 3421 2172 3460; x_wconf 92' lang='lat' dir='ltr'><strong>non</strong></span> <span class='ocrx_word' id='word_1_568' title='bbox 2194 3395 2533 3471; x_wconf 67' lang='lat' dir='ltr'><strong>inducimus.</strong></span> <span class='ocrx_word' id='word_1_569' title='bbox 2560 3425 2672 3464; x_wconf 83' lang='lat' dir='ltr'><strong>non</strong></span> <span class='ocrx_word' id='word_1_570' title='bbox 2698 3411 2847 3464; x_wconf 91' lang='lat' dir='ltr'><strong>enim</strong></span> <span class='ocrx_word' id='word_1_571' title='bbox 2879 3425 2980 3479; x_wconf 89' lang='lat' dir='ltr'><strong>per</strong></span> <span class='ocrx_word' id='word_1_572' title='bbox 3005 3411 3306 3482; x_wconf 85' lang='lat' dir='ltr'><strong>synthesim</strong></span> <span class='ocrx_word' id='word_1_573' title='bbox 3328 3428 3422 3465; x_wconf 79' lang='lat' dir='ltr'><strong>uu-</strong></span> 
     </span>
    </p>
   </div>
   <div class='ocr_carea' id='block_1_78' title="bbox 1851 3497 3421 3569">
    <p class='ocr_par' dir='ltr' id='par_1_78' title="bbox 1851 3497 3421 3569">
     <span class='ocr_line' id='line_1_78' title="bbox 1851 3497 3421 3569; baseline 0.003 -20"><span class='ocrx_word' id='word_1_574' title='bbox 1851 3509 2132 3550; x_wconf 85' lang='lat' dir='ltr'><strong>meramus</strong></span> <span class='ocrx_word' id='word_1_575' title='bbox 2187 3497 2255 3552; x_wconf 88' lang='lat' dir='ltr'><strong>ab</strong></span> <span class='ocrx_word' id='word_1_576' title='bbox 2292 3514 2402 3552; x_wconf 89' lang='lat' dir='ltr'><strong>uno</strong></span> <span class='ocrx_word' id='word_1_577' title='bbox 2449 3499 2514 3554; x_wconf 88' lang='lat' dir='ltr'><strong>ad</strong></span> <span class='ocrx_word' id='word_1_578' title='bbox 2553 3500 2929 3569; x_wconf 87' lang='lat' dir='ltr'><strong>pluralitatem</strong></span> <span class='ocrx_word' id='word_1_579' title='bbox 2989 3501 3308 3556; x_wconf 85' lang='lat' dir='ltr'><strong>auctionem</strong></span> <span class='ocrx_word' id='word_1_580' title='bbox 3352 3502 3421 3554; x_wconf 82' lang='lat' dir='ltr'><strong>fa-</strong></span> 
     </span>
    </p>
   </div>
   <div class='ocr_carea' id='block_1_79' title="bbox 1851 3583 3426 3659">
    <p class='ocr_par' dir='ltr' id='par_1_79' title="bbox 1851 3583 3426 3659">
     <span class='ocr_line' id='line_1_79' title="bbox 1851 3583 3426 3659; baseline 0.005 -21"><span class='ocrx_word' id='word_1_581' title='bbox 1851 3583 2082 3648; x_wconf 89' lang='lat' dir='ltr'><strong>cientes,</strong></span> <span class='ocrx_word' id='word_1_582' title='bbox 2100 3586 2195 3640; x_wconf 88' lang='lat' dir='ltr'><strong>sed</strong></span> <span class='ocrx_word' id='word_1_583' title='bbox 2223 3589 2616 3658; x_wconf 86' lang='lat' dir='ltr'><strong>proprietatem</strong></span> <span class='ocrx_word' id='word_1_584' title='bbox 2641 3605 3004 3659; x_wconf 88' lang='lat' dir='ltr'><strong>personarum</strong></span> <span class='ocrx_word' id='word_1_585' title='bbox 3023 3590 3352 3646; x_wconf 77' lang='lat' dir='ltr'><strong>conﬁtentes</strong></span> <span class='ocrx_word' id='word_1_586' title='bbox 3371 3591 3426 3646; x_wconf 85' lang='lat' dir='ltr'><strong>in</strong></span> 
     </span>
    </p>
   </div>
   <div class='ocr_carea' id='block_1_80' title="bbox 1852 3673 3427 3748">
    <p class='ocr_par' dir='ltr' id='par_1_80' title="bbox 1852 3673 3427 3748">
     <span class='ocr_line' id='line_1_80' title="bbox 1852 3673 3427 3748; baseline 0.005 -20"><span class='ocrx_word' id='word_1_587' title='bbox 1852 3673 2064 3730; x_wconf 90' lang='lat' dir='ltr'><strong>unitate</strong></span> <span class='ocrx_word' id='word_1_588' title='bbox 2090 3678 2392 3746; x_wconf 87' lang='lat' dir='ltr'><strong>majestatis</strong></span> <span class='ocrx_word' id='word_1_589' title='bbox 2422 3695 2835 3748; x_wconf 83' lang='lat' dir='ltr'><strong>permanemus,</strong></span> <span class='ocrx_word' id='word_1_590' title='bbox 2857 3697 3046 3738; x_wconf 89' lang='lat' dir='ltr'><strong>vocem</strong></span> <span class='ocrx_word' id='word_1_591' title='bbox 3082 3697 3292 3737; x_wconf 88' lang='lat' dir='ltr'><strong>sacram</strong></span> <span class='ocrx_word' id='word_1_592' title='bbox 3317 3697 3427 3736; x_wconf 90' lang='lat' dir='ltr'><strong>non</strong></span> 
     </span>
    </p>
   </div>
   <div class='ocr_carea' id='block_1_81' title="bbox 1851 3765 3426 3835">
    <p class='ocr_par' dir='ltr' id='par_1_81' title="bbox 1851 3765 3426 3835">
     <span class='ocr_line' id='line_1_81' title="bbox 1851 3765 3426 3835; baseline 0.003 -17"><span class='ocrx_word' id='word_1_593' title='bbox 1851 3765 2210 3820; x_wconf 83' lang='lat' dir='ltr'><strong>extendentes</strong></span> <span class='ocrx_word' id='word_1_594' title='bbox 2243 3778 2479 3821; x_wconf 87' lang='lat' dir='ltr'><strong>numero</strong></span> <span class='ocrx_word' id='word_1_595' title='bbox 2523 3778 2773 3835; x_wconf 89' lang='lat' dir='ltr'><strong>remoto,</strong></span> <span class='ocrx_word' id='word_1_596' title='bbox 2817 3771 2890 3824; x_wconf 90' lang='lat' dir='ltr'><strong>ita</strong></span> <span class='ocrx_word' id='word_1_597' title='bbox 2929 3779 2990 3824; x_wconf 89' lang='lat' dir='ltr'><strong>ut</strong></span> <span class='ocrx_word' id='word_1_598' title='bbox 3013 3769 3426 3825; x_wconf 84' lang='lat' dir='ltr'><strong>distinctionem</strong></span> 
     </span>
    </p>
   </div>
   <div class='ocr_carea' id='block_1_82' title="bbox 1853 3853 3428 3927">
    <p class='ocr_par' dir='ltr' id='par_1_82' title="bbox 1853 3853 3428 3927">
     <span class='ocr_line' id='line_1_82' title="bbox 1853 3853 3428 3927; baseline 0.003 -19"><span class='ocrx_word' id='word_1_599' title='bbox 1853 3853 1908 3908; x_wconf 92' lang='lat' dir='ltr'><strong>in</strong></span> <span class='ocrx_word' id='word_1_600' title='bbox 1940 3855 2100 3909; x_wconf 79' lang='lat' dir='ltr'><strong>Patre</strong></span> <span class='ocrx_word' id='word_1_601' title='bbox 2140 3863 2196 3908; x_wconf 90' lang='lat' dir='ltr'><strong>et</strong></span> <span class='ocrx_word' id='word_1_602' title='bbox 2227 3855 2368 3910; x_wconf 82' lang='lat' dir='ltr'><strong>Filio</strong></span> <span class='ocrx_word' id='word_1_603' title='bbox 2406 3865 2463 3910; x_wconf 87' lang='lat' dir='ltr'><strong>et</strong></span> <span class='ocrx_word' id='word_1_604' title='bbox 2515 3855 2725 3926; x_wconf 86' lang='lat' dir='ltr'><strong>Spiritu</strong></span> <span class='ocrx_word' id='word_1_605' title='bbox 2764 3868 2966 3927; x_wconf 77' lang='lat' dir='ltr'><strong>sancto</strong></span> <span class='ocrx_word' id='word_1_606' title='bbox 3013 3859 3428 3914; x_wconf 85' lang='lat' dir='ltr'><strong>consideremus</strong></span> 
     </span>
    </p>
   </div>
   <div class='ocr_carea' id='block_1_83' title="bbox 1851 3946 3428 4018">
    <p class='ocr_par' dir='ltr' id='par_1_83' title="bbox 1851 3946 3428 4018">
     <span class='ocr_line' id='line_1_83' title="bbox 1851 3946 3428 4018; baseline 0.004 -20"><span class='ocrx_word' id='word_1_607' title='bbox 1851 3947 2004 4002; x_wconf 83' lang='lat' dir='ltr'><strong>velut</strong></span> <span class='ocrx_word' id='word_1_608' title='bbox 2035 3946 2268 4001; x_wconf 81' lang='lat' dir='ltr'><strong>formam</strong></span> <span class='ocrx_word' id='word_1_609' title='bbox 2300 3947 2592 4003; x_wconf 86' lang='lat' dir='ltr'><strong>identitate</strong></span> <span class='ocrx_word' id='word_1_610' title='bbox 2622 3957 2836 4005; x_wconf 78' lang='lat' dir='ltr'><strong>natura:</strong></span> <span class='ocrx_word' id='word_1_611' title='bbox 2873 3949 3118 4016; x_wconf 89' lang='lat' dir='ltr'><strong>unitam;</strong></span> <span class='ocrx_word' id='word_1_612' title='bbox 3147 3950 3428 4018; x_wconf 84' lang='lat' dir='ltr'><strong>Dcumquo</strong></span> 
     </span>
    </p>
   </div>
   <div class='ocr_carea' id='block_1_84' title="bbox 1851 4037 3426 4109">
    <p class='ocr_par' dir='ltr' id='par_1_84' title="bbox 1851 4037 3426 4109">
     <span class='ocr_line' id='line_1_84' title="bbox 1851 4037 3426 4109; baseline 0.001 -17"><span class='ocrx_word' id='word_1_613' title='bbox 1851 4037 2020 4108; x_wconf 86' lang='lat' dir='ltr'><strong>igitur</strong></span> <span class='ocrx_word' id='word_1_614' title='bbox 2060 4053 2515 4109; x_wconf 88' lang='lat' dir='ltr'><strong>unumquemque</strong></span> <span class='ocrx_word' id='word_1_615' title='bbox 2559 4041 2909 4102; x_wconf 84' lang='lat' dir='ltr'><strong>contltemur,</strong></span> <span class='ocrx_word' id='word_1_616' title='bbox 2947 4039 2992 4093; x_wconf 86' lang='lat' dir='ltr'><strong>si</strong></span> <span class='ocrx_word' id='word_1_617' title='bbox 3040 4039 3426 4094; x_wconf 87' lang='lat' dir='ltr'><strong>consideretur</strong></span> 
     </span>
    </p>
   </div>
   <div class='ocr_carea' id='block_1_85' title="bbox 1850 4129 3421 4197">
    <p class='ocr_par' dir='ltr' id='par_1_85' title="bbox 1850 4129 3421 4197">
     <span class='ocr_line' id='line_1_85' title="bbox 1850 4129 3421 4197; baseline 0.002 -18"><span class='ocrx_word' id='word_1_618' title='bbox 1850 4135 2033 4181; x_wconf 90' lang='lat' dir='ltr'><strong>mente</strong></span> <span class='ocrx_word' id='word_1_619' title='bbox 2075 4133 2286 4180; x_wconf 90' lang='lat' dir='ltr'><strong>tantum</strong></span> <span class='ocrx_word' id='word_1_620' title='bbox 2318 4135 2608 4196; x_wconf 87' lang='lat' dir='ltr'><strong>separante</strong></span> <span class='ocrx_word' id='word_1_621' title='bbox 2655 4141 2779 4197; x_wconf 74' lang='lat' dir='ltr'><strong>quae</strong></span> <span class='ocrx_word' id='word_1_622' title='bbox 2821 4129 3066 4197; x_wconf 85' lang='lat' dir='ltr'><strong>separari</strong></span> <span class='ocrx_word' id='word_1_623' title='bbox 3116 4142 3421 4197; x_wconf 84' lang='lat' dir='ltr'><strong>nequeunt,</strong></span> 
     </span>
    </p>
   </div>
   <div class='ocr_carea' id='block_1_86' title="bbox 1851 4218 3424 4289">
    <p class='ocr_par' dir='ltr' id='par_1_86' title="bbox 1851 4218 3424 4289">
     <span class='ocr_line' id='line_1_86' title="bbox 1851 4218 3424 4289; baseline 0.005 -17"><span class='ocrx_word' id='word_1_624' title='bbox 1851 4218 2136 4288; x_wconf 89' lang='lat' dir='ltr'><strong>Deumque</strong></span> <span class='ocrx_word' id='word_1_625' title='bbox 2187 4219 2294 4273; x_wconf 89' lang='lat' dir='ltr'><strong>tria</strong></span> <span class='ocrx_word' id='word_1_626' title='bbox 2335 4219 2454 4275; x_wconf 66' lang='lat' dir='ltr'><strong>haec</strong></span> <span class='ocrx_word' id='word_1_627' title='bbox 2497 4235 2669 4274; x_wconf 88' lang='lat' dir='ltr'><strong>unum</strong></span> <span class='ocrx_word' id='word_1_628' title='bbox 2705 4227 2829 4289; x_wconf 89' lang='lat' dir='ltr'><strong>post</strong></span> <span class='ocrx_word' id='word_1_629' title='bbox 2876 4220 3108 4274; x_wconf 71' lang='lat' dir='ltr'><strong>alterum</strong></span> <span class='ocrx_word' id='word_1_630' title='bbox 3145 4230 3424 4289; x_wconf 86' lang='lat' dir='ltr'><strong>putamus.</strong></span> 
     </span>
    </p>
   </div>
   <div class='ocr_carea' id='block_1_87' title="bbox 1848 4308 3424 4384">
    <p class='ocr_par' dir='ltr' id='par_1_87' title="bbox 1848 4308 3424 4384">
     <span class='ocr_line' id='line_1_87' title="bbox 1848 4308 3424 4384; baseline 0.003 -21"><span class='ocrx_word' id='word_1_631' title='bbox 1848 4308 2042 4364; x_wconf 87' lang='lat' dir='ltr'><strong>eadem</strong></span> <span class='ocrx_word' id='word_1_632' title='bbox 2070 4309 2430 4366; x_wconf 87' lang='lat' dir='ltr'><strong>distinctione</strong></span> <span class='ocrx_word' id='word_1_633' title='bbox 2459 4319 2516 4365; x_wconf 89' lang='lat' dir='ltr'><strong>et</strong></span> <span class='ocrx_word' id='word_1_634' title='bbox 2537 4321 2756 4367; x_wconf 88' lang='lat' dir='ltr'><strong>natura.</strong></span> <span class='ocrx_word' id='word_1_635' title='bbox 2786 4311 3029 4366; x_wconf 83' lang='lat' dir='ltr'><strong>Trinitas</strong></span> <span class='ocrx_word' id='word_1_636' title='bbox 3055 4313 3219 4384; x_wconf 77' lang='lat' dir='ltr'><strong>igitur</strong></span> <span class='ocrx_word' id='word_1_637' title='bbox 3249 4313 3424 4368; x_wconf 86' lang='lat' dir='ltr'><strong>veris-</strong></span> 
     </span>
    </p>
   </div>
   <div class='ocr_carea' id='block_1_88' title="bbox 1851 4397 3424 4473">
    <p class='ocr_par' dir='ltr' id='par_1_88' title="bbox 1851 4397 3424 4473">
     <span class='ocr_line' id='line_1_88' title="bbox 1851 4397 3424 4473; baseline 0.005 -22"><span class='ocrx_word' id='word_1_638' title='bbox 1851 4397 1988 4453; x_wconf 87' lang='lat' dir='ltr'><strong>sime</strong></span> <span class='ocrx_word' id='word_1_639' title='bbox 2021 4409 2106 4454; x_wconf 83' lang='lat' dir='ltr'><strong>est</strong></span> <span class='ocrx_word' id='word_1_640' title='bbox 2129 4399 2389 4455; x_wconf 84' lang='lat' dir='ltr'><strong>Trinitas.</strong></span> <span class='ocrx_word' id='word_1_641' title='bbox 2417 4399 2544 4456; x_wconf 88' lang='lat' dir='ltr'><strong>Tria</strong></span> <span class='ocrx_word' id='word_1_642' title='bbox 2572 4409 2755 4457; x_wconf 89' lang='lat' dir='ltr'><strong>autem</strong></span> <span class='ocrx_word' id='word_1_643' title='bbox 2779 4417 2887 4457; x_wconf 87' lang='lat' dir='ltr'><strong>non</strong></span> <span class='ocrx_word' id='word_1_644' title='bbox 2927 4403 3277 4473; x_wconf 67' lang='lat' dir='ltr'><strong>inmqualium</strong></span> <span class='ocrx_word' id='word_1_645' title='bbox 3317 4419 3424 4459; x_wconf 81' lang='lat' dir='ltr'><strong>nu-</strong></span> 
     </span>
    </p>
   </div>
   <div class='ocr_carea' id='block_1_89' title="bbox 163 4488 1743 4564">
    <p class='ocr_par' dir='ltr' id='par_1_89' title="bbox 163 4488 1739 4564">
     <span class='ocr_line' id='line_1_89' title="bbox 163 4488 1739 4564; baseline 0.005 -24"><span class='ocrx_word' id='word_1_646' title='bbox 163 4488 562 4560; x_wconf 83' lang='grc' dir='ltr'>ἀπαρίθμησις,</span> <span class='ocrx_word' id='word_1_647' title='bbox 622 4492 736 4545; x_wconf 81' lang='grc' dir='ltr'>ἀλλ’</span> <span class='ocrx_word' id='word_1_648' title='bbox 795 4493 922 4545; x_wconf 75' lang='grc' dir='ltr'>ἴσων</span> <span class='ocrx_word' id='word_1_649' title='bbox 975 4493 1069 4546; x_wconf 75' lang='grc' dir='ltr'><strong>καὶ</strong></span> <span class='ocrx_word' id='word_1_650' title='bbox 1115 4493 1395 4564; x_wconf 80' lang='grc' dir='ltr'>ὁμοτίμων</span> <span class='ocrx_word' id='word_1_651' title='bbox 1455 4494 1739 4564; x_wconf 79' lang='grc' dir='ltr'>σύλληψις,</span> 
     </span>
    </p>
   </div>
   <div class='ocr_carea' id='block_1_90' title="bbox 1847 4488 3420 4564">
    <p class='ocr_par' dir='ltr' id='par_1_90' title="bbox 1852 4488 3420 4562">
     <span class='ocr_line' id='line_1_90' title="bbox 1852 4488 3420 4562; baseline 0.003 -20"><span class='ocrx_word' id='word_1_652' title='bbox 1852 4503 2056 4552; x_wconf 89' lang='lat' dir='ltr'><strong>merus,</strong></span> <span class='ocrx_word' id='word_1_653' title='bbox 2109 4488 2206 4544; x_wconf 89' lang='lat' dir='ltr'><strong>sed</strong></span> <span class='ocrx_word' id='word_1_654' title='bbox 2252 4490 2550 4560; x_wconf 84' lang='lat' dir='ltr'><strong>aequalium</strong></span> <span class='ocrx_word' id='word_1_655' title='bbox 2605 4500 2662 4547; x_wconf 89' lang='lat' dir='ltr'><strong>et</strong></span> <span class='ocrx_word' id='word_1_656' title='bbox 2706 4493 2924 4561; x_wconf 87' lang='lat' dir='ltr'><strong>parium</strong></span> <span class='ocrx_word' id='word_1_657' title='bbox 2976 4493 3420 4562; x_wconf 81' lang='lat' dir='ltr'><strong>comprehensio.</strong></span> 
     </span>
    </p>
   </div>
   <div class='ocr_carea' id='block_1_91' title="bbox 164 4578 1744 4653">
    <p class='ocr_par' dir='ltr' id='par_1_91' title="bbox 164 4578 1744 4653">
     <span class='ocr_line' id='line_1_91' title="bbox 164 4578 1744 4653; baseline 0.008 -25"><span class='ocrx_word' id='word_1_658' title='bbox 164 4578 390 4651; x_wconf 71' lang='grc' dir='ltr'>ἐνούσης</span> <span class='ocrx_word' id='word_1_659' title='bbox 410 4580 510 4650; x_wconf 83' lang='grc' dir='ltr'>τῆς</span> <span class='ocrx_word' id='word_1_660' title='bbox 537 4584 906 4652; x_wconf 73' lang='grc' dir='ltr'>προσηγορίας</span> <span class='ocrx_word' id='word_1_661' title='bbox 927 4582 995 4635; x_wconf 73' lang='grc' dir='ltr'>τὰ</span> <span class='ocrx_word' id='word_1_662' title='bbox 1019 4584 1276 4653; x_wconf 76' lang='grc' dir='ltr'>ἡνωμένα</span> <span class='ocrx_word' id='word_1_663' title='bbox 1301 4586 1366 4637; x_wconf 85' lang='grc' dir='ltr'>ἐκ</span> <span class='ocrx_word' id='word_1_664' title='bbox 1397 4583 1632 4652; x_wconf 81' lang='grc' dir='ltr'>φύσεως,</span> <span class='ocrx_word' id='word_1_665' title='bbox 1652 4589 1744 4640; x_wconf 75' lang='grc' dir='ltr'><strong>καὶ</strong></span> 
     </span>
    </p>
   </div>
   <div class='ocr_carea' id='block_1_92' title="bbox 163 4670 1744 4759">
    <p class='ocr_par' dir='ltr' id='par_1_92' title="bbox 163 4670 1744 4759">
     <span class='ocr_line' id='line_1_92' title="bbox 163 4670 1744 4759; baseline 0.005 -39"><span class='ocrx_word' id='word_1_666' title='bbox 163 4670 262 4722; x_wconf 77' lang='grc' dir='ltr'><strong>οὐκ</strong></span> <span class='ocrx_word' id='word_1_667' title='bbox 291 4671 465 4742; x_wconf 76' lang='grc' dir='ltr'>ἐώσης</span> <span class='ocrx_word' id='word_1_668' title='bbox 497 4672 851 4743; x_wconf 76' lang='grc' dir='ltr'>σκεδασθῆναι</span> <span class='ocrx_word' id='word_1_669' title='bbox 884 4673 1103 4745; x_wconf 83' lang='grc' dir='ltr'>ἀριθμῷ</span> <span class='ocrx_word' id='word_1_670' title='bbox 1126 4674 1403 4759; x_wconf 73' lang='grc' dir='ltr'>λελυμένῳ</span> <span class='ocrx_word' id='word_1_671' title='bbox 1434 4673 1503 4728; x_wconf 89' lang='grc' dir='ltr'><strong>τά</strong></span> <span class='ocrx_word' id='word_1_672' title='bbox 1526 4673 1602 4745; x_wconf 79' lang='grc' dir='ltr'>μὴ</span> <span class='ocrx_word' id='word_1_673' title='bbox 1631 4675 1744 4728; x_wconf 80' lang='grc' dir='ltr'>λυόο</span> 
     </span>
    </p>
   </div>
   <div class='ocr_carea' id='block_1_93' title="bbox 169 4777 326 4827">
    <p class='ocr_par' dir='ltr' id='par_1_93' title="bbox 169 4777 326 4827">
     <span class='ocr_line' id='line_1_93' title="bbox 169 4777 326 4827; baseline 0.013 -15"><span class='ocrx_word' id='word_1_674' title='bbox 169 4777 326 4827; x_wconf 89' lang='grc' dir='ltr'>μενα.</span> 
     </span>
    </p>
   </div>
   <div class='ocr_carea' id='block_1_94' title="bbox 246 4851 1744 4929">
    <p class='ocr_par' dir='ltr' id='par_1_94' title="bbox 246 4851 1744 4929">
     <span class='ocr_line' id='line_1_94' title="bbox 246 4851 1744 4929; baseline 0.004 -23"><span class='ocrx_word' id='word_1_675' title='bbox 246 4851 647 4926; x_wconf 80' lang='grc' dir='ltr'>Ὁμολογοῦμεν</span> <span class='ocrx_word' id='word_1_676' title='bbox 677 4857 733 4910; x_wconf 82' lang='grc' dir='ltr'><strong>δὲ</strong></span> <span class='ocrx_word' id='word_1_677' title='bbox 773 4860 852 4912; x_wconf 79' lang='grc' dir='ltr'><strong>ὅτι</strong></span> <span class='ocrx_word' id='word_1_678' title='bbox 885 4861 912 4912; x_wconf 81' lang='grc' dir='ltr'><strong>ό</strong></span> <span class='ocrx_word' id='word_1_679' title='bbox 944 4858 1241 4929; x_wconf 85' lang='grc' dir='ltr'>μονογενὴς</span> <span class='ocrx_word' id='word_1_680' title='bbox 1276 4858 1397 4920; x_wconf 66' lang='lat' dir='ltr'><strong>Tib;</strong></span> <span class='ocrx_word' id='word_1_681' title='bbox 1438 4858 1532 4912; x_wconf 80' lang='grc' dir='ltr'><strong>καὶ</strong></span> <span class='ocrx_word' id='word_1_682' title='bbox 1570 4859 1744 4926; x_wconf 81' lang='grc' dir='ltr'>Λόγος</span> 
     </span>
    </p>
   </div>
   <div class='ocr_carea' id='block_1_95' title="bbox 163 4940 1742 5020">
    <p class='ocr_par' dir='ltr' id='par_1_95' title="bbox 163 4940 1742 5020">
     <span class='ocr_line' id='line_1_95' title="bbox 163 4940 1742 5020; baseline 0.015 -28"><span class='ocrx_word' id='word_1_683' title='bbox 163 4940 257 4996; x_wconf 80' lang='grc' dir='ltr'><strong>τοῦ</strong></span> <span class='ocrx_word' id='word_1_684' title='bbox 292 4943 427 4998; x_wconf 76' lang='grc' dir='ltr'>Θεοῦ</span> <span class='ocrx_word' id='word_1_685' title='bbox 453 4985 468 5010; x_wconf 87' lang='grc'><strong>,</strong></span> <span class='ocrx_word' id='word_1_686' title='bbox 495 4946 524 4998; x_wconf 82' lang='grc' dir='ltr'>ὁ</span> <span class='ocrx_word' id='word_1_687' title='bbox 578 4948 674 5001; x_wconf 82' lang='grc' dir='ltr'><strong>σὺν</strong></span> <span class='ocrx_word' id='word_1_688' title='bbox 712 4948 884 5016; x_wconf 67' lang='lat' dir='ltr'><strong>&quot;arpi</strong></span> <span class='ocrx_word' id='word_1_689' title='bbox 918 4951 1010 5003; x_wconf 82' lang='grc' dir='ltr'><strong>καὶ</strong></span> <span class='ocrx_word' id='word_1_690' title='bbox 1045 4950 1184 5019; x_wconf 79' lang='grc' dir='ltr'>ἁγίῳ</span> <span class='ocrx_word' id='word_1_691' title='bbox 1220 4947 1496 5020; x_wconf 83' lang='grc' dir='ltr'>Πνεύματι</span> <span class='ocrx_word' id='word_1_692' title='bbox 1521 4947 1742 5014; x_wconf 71' lang='grc' dir='ltr'><strong>δοξαζό-</strong></span> 
     </span>
    </p>
   </div>
   <div class='ocr_carea' id='block_1_96' title="bbox 166 5025 1740 5109">
    <p class='ocr_par' dir='ltr' id='par_1_96' title="bbox 166 5025 1740 5109">
     <span class='ocr_line' id='line_1_96' title="bbox 166 5025 1740 5109; baseline 0.006 -26"><span class='ocrx_word' id='word_1_693' title='bbox 166 5031 327 5096; x_wconf 87' lang='grc' dir='ltr'>μενός</span> <span class='ocrx_word' id='word_1_694' title='bbox 369 5049 430 5086; x_wconf 86' lang='grc' dir='ltr'><strong>τε</strong></span> <span class='ocrx_word' id='word_1_695' title='bbox 483 5035 576 5088; x_wconf 69' lang='grc' dir='ltr'><strong>καὶ</strong></span> <span class='ocrx_word' id='word_1_696' title='bbox 623 5040 1128 5108; x_wconf 79' lang='grc' dir='ltr'>προσκυνούμενος,</span> <span class='ocrx_word' id='word_1_697' title='bbox 1163 5042 1192 5094; x_wconf 85' lang='grc' dir='ltr'><strong>ό</strong></span> <span class='ocrx_word' id='word_1_698' title='bbox 1225 5025 1508 5109; x_wconf 66' lang='grc' dir='ltr'>γεννηθεὶς</span> <span class='ocrx_word' id='word_1_699' title='bbox 1541 5041 1606 5091; x_wconf 81' lang='grc' dir='ltr'>ὲκ</span> <span class='ocrx_word' id='word_1_700' title='bbox 1645 5037 1740 5092; x_wconf 87' lang='grc' dir='ltr'><strong>τοῦ</strong></span> 
     </span>
    </p>
   </div>
   <div class='ocr_carea' id='block_1_97' title="bbox 163 5120 1740 5202">
    <p class='ocr_par' dir='ltr' id='par_1_97' title="bbox 163 5120 1740 5202">
     <span class='ocr_line' id='line_1_97' title="bbox 163 5120 1740 5202; baseline 0.008 -30"><span class='ocrx_word' id='word_1_701' title='bbox 163 5120 374 5192; x_wconf 76' lang='grc' dir='ltr'>Πατρδς</span> <span class='ocrx_word' id='word_1_702' title='bbox 423 5125 668 5196; x_wconf 81' lang='grc' dir='ltr'>ἀχρόνως</span> <span class='ocrx_word' id='word_1_703' title='bbox 718 5129 814 5182; x_wconf 74' lang='grc' dir='ltr'>καὶ</span> <span class='ocrx_word' id='word_1_704' title='bbox 849 5130 1176 5200; x_wconf 82' lang='grc' dir='ltr'>ἀσωμάτως,</span> <span class='ocrx_word' id='word_1_705' title='bbox 1228 5131 1289 5184; x_wconf 74' lang='grc' dir='ltr'>τὸ</span> <span class='ocrx_word' id='word_1_706' title='bbox 1318 5133 1384 5184; x_wconf 78' lang='grc' dir='ltr'>ὲκ</span> <span class='ocrx_word' id='word_1_707' title='bbox 1423 5130 1515 5184; x_wconf 54' lang='grc' dir='ltr'><strong>τσῦ</strong></span> <span class='ocrx_word' id='word_1_708' title='bbox 1561 5130 1740 5202; x_wconf 79' lang='grc' dir='ltr'>φωτὸς</span> 
     </span>
    </p>
   </div>
   <div class='ocr_carea' id='block_1_98' title="bbox 162 5209 1738 5291">
    <p class='ocr_par' dir='ltr' id='par_1_98' title="bbox 162 5209 1738 5291">
     <span class='ocr_line' id='line_1_98' title="bbox 162 5209 1738 5291; baseline 0 -15"><span class='ocrx_word' id='word_1_709' title='bbox 162 5209 300 5276; x_wconf 73' lang='grc' dir='ltr'>φῶς,</span> <span class='ocrx_word' id='word_1_710' title='bbox 339 5215 371 5284; x_wconf 78' lang='grc' dir='ltr'>ἡ</span> <span class='ocrx_word' id='word_1_711' title='bbox 410 5217 558 5286; x_wconf 75' lang='grc' dir='ltr'>πηγὴ</span> <span class='ocrx_word' id='word_1_712' title='bbox 587 5216 686 5286; x_wconf 85' lang='grc' dir='ltr'>τῆς</span> <span class='ocrx_word' id='word_1_713' title='bbox 719 5217 862 5289; x_wconf 76' lang='grc' dir='ltr'>ζωῆς</span> <span class='ocrx_word' id='word_1_714' title='bbox 910 5221 1004 5272; x_wconf 81' lang='grc' dir='ltr'>καὶ</span> <span class='ocrx_word' id='word_1_715' title='bbox 1032 5222 1129 5291; x_wconf 79' lang='grc' dir='ltr'>τῆς</span> <span class='ocrx_word' id='word_1_716' title='bbox 1180 5221 1480 5286; x_wconf 79' lang='grc' dir='ltr'>ἀθανασίας</span> <span class='ocrx_word' id='word_1_717' title='bbox 1507 5261 1521 5287; x_wconf 86' lang='grc'><strong>,</strong></span> <span class='ocrx_word' id='word_1_718' title='bbox 1557 5222 1619 5276; x_wconf 81' lang='grc' dir='ltr'><strong>τὸ</strong></span> <span class='ocrx_word' id='word_1_719' title='bbox 1647 5224 1738 5276; x_wconf 75' lang='grc' dir='ltr'><strong>ἐκ-</strong></span> 
     </span>
    </p>
   </div>
   <div class='ocr_carea' id='block_1_99' title="bbox 164 5305 1738 5385">
    <p class='ocr_par' dir='ltr' id='par_1_99' title="bbox 164 5305 1738 5385">
     <span class='ocr_line' id='line_1_99' title="bbox 164 5305 1738 5385; baseline 0.006 -30"><span class='ocrx_word' id='word_1_720' title='bbox 164 5305 384 5369; x_wconf 64' lang='grc' dir='ltr'>μαγεῖαι</span> <span class='ocrx_word' id='word_1_721' title='bbox 410 5305 504 5359; x_wconf 88' lang='grc' dir='ltr'><strong>τοῦ</strong></span> <span class='ocrx_word' id='word_1_722' title='bbox 544 5307 902 5378; x_wconf 80' lang='grc' dir='ltr'>Ἀρχετύπου,</span> <span class='ocrx_word' id='word_1_723' title='bbox 931 5313 964 5380; x_wconf 81' lang='grc' dir='ltr'>ἡ</span> <span class='ocrx_word' id='word_1_724' title='bbox 995 5311 1067 5381; x_wconf 84' lang='grc' dir='ltr'>μὴ</span> <span class='ocrx_word' id='word_1_725' title='bbox 1098 5313 1390 5383; x_wconf 86' lang='grc' dir='ltr'>κινουμένη</span> <span class='ocrx_word' id='word_1_726' title='bbox 1429 5312 1738 5385; x_wconf 75' lang='grc' dir='ltr'>σφραγὶς,ή</span> 
     </span>
    </p>
   </div>
   <div class='ocr_carea' id='block_1_100' title="bbox 90 5391 1735 5480">
    <p class='ocr_par' dir='ltr' id='par_1_100' title="bbox 90 5391 1735 5480">
     <span class='ocr_line' id='line_1_100' title="bbox 90 5391 1735 5480; baseline 0.008 -39"><span class='ocrx_word' id='word_1_727' title='bbox 90 5465 124 5480; x_wconf 25' lang='grc'><strong>⁵.</strong></span> <span class='ocrx_word' id='word_1_728' title='bbox 160 5391 575 5463; x_wconf 76' lang='grc' dir='ltr'>ἀπαράλλακτος</span> <span class='ocrx_word' id='word_1_729' title='bbox 610 5398 794 5464; x_wconf 80' lang='grc' dir='ltr'>εἰκὼν,</span> <span class='ocrx_word' id='word_1_730' title='bbox 823 5403 851 5454; x_wconf 85' lang='grc' dir='ltr'><strong>ό</strong></span> <span class='ocrx_word' id='word_1_731' title='bbox 880 5400 972 5454; x_wconf 84' lang='grc' dir='ltr'><strong>τοῦ</strong></span> <span class='ocrx_word' id='word_1_732' title='bbox 1007 5393 1224 5470; x_wconf 71' lang='grc' dir='ltr'>Πατρδς</span> <span class='ocrx_word' id='word_1_733' title='bbox 1255 5403 1380 5471; x_wconf 83' lang='grc' dir='ltr'>ὅρος</span> <span class='ocrx_word' id='word_1_734' title='bbox 1407 5404 1500 5454; x_wconf 79' lang='grc' dir='ltr'>καὶ</span> <span class='ocrx_word' id='word_1_735' title='bbox 1544 5404 1735 5471; x_wconf 80' lang='grc' dir='ltr'>Λόγος,</span> 
     </span>
    </p>
   </div>
   <div class='ocr_carea' id='block_1_101' title="bbox 97 5483 1738 5564">
    <p class='ocr_par' dir='ltr' id='par_1_101' title="bbox 97 5483 1738 5564">
     <span class='ocr_line' id='line_1_101' title="bbox 97 5483 1738 5564; baseline 0.009 -32"><span class='ocrx_word' id='word_1_736' title='bbox 97 5511 134 5525; x_wconf 72' lang='grc' dir='ltr'><strong>ν-</strong></span> <span class='ocrx_word' id='word_1_737' title='bbox 157 5483 218 5534; x_wconf 88' lang='grc' dir='ltr'><strong>οὐ</strong></span> <span class='ocrx_word' id='word_1_738' title='bbox 235 5484 608 5555; x_wconf 75' lang='grc' dir='ltr'>περιεῖδεντδν</span> <span class='ocrx_word' id='word_1_739' title='bbox 634 5489 919 5561; x_wconf 77' lang='grc' dir='ltr'>ἄνθρωπον</span> <span class='ocrx_word' id='word_1_740' title='bbox 955 5492 1134 5564; x_wconf 81' lang='grc' dir='ltr'>φθόνῳ</span> <span class='ocrx_word' id='word_1_741' title='bbox 1164 5492 1416 5546; x_wconf 72' lang='grc' dir='ltr'>διαϐόλου</span> <span class='ocrx_word' id='word_1_742' title='bbox 1443 5494 1534 5546; x_wconf 74' lang='grc' dir='ltr'><strong>καὶ</strong></span> <span class='ocrx_word' id='word_1_743' title='bbox 1565 5496 1738 5564; x_wconf 81' lang='grc' dir='ltr'>πικρᾷ</span> 
     </span>
    </p>
   </div>
   <div class='ocr_carea' id='block_1_102' title="bbox 161 5573 1738 5654">
    <p class='ocr_par' dir='ltr' id='par_1_102' title="bbox 161 5573 1738 5654">
     <span class='ocr_line' id='line_1_102' title="bbox 161 5573 1738 5654; baseline 0.007 -31"><span class='ocrx_word' id='word_1_744' title='bbox 161 5573 342 5638; x_wconf 81' lang='grc' dir='ltr'>γεύσει</span> <span class='ocrx_word' id='word_1_745' title='bbox 373 5578 471 5648; x_wconf 81' lang='grc' dir='ltr'><strong>τῆς</strong></span> <span class='ocrx_word' id='word_1_746' title='bbox 503 5581 775 5651; x_wconf 75' lang='grc' dir='ltr'>ἁμαρτίας</span> <span class='ocrx_word' id='word_1_747' title='bbox 802 5624 816 5644; x_wconf 88' lang='grc'><strong>,</strong></span> <span class='ocrx_word' id='word_1_748' title='bbox 843 5583 978 5637; x_wconf 86' lang='grc' dir='ltr'>Θεοῦ</span> <span class='ocrx_word' id='word_1_749' title='bbox 1005 5584 1099 5637; x_wconf 85' lang='grc' dir='ltr'><strong>τοῦ</strong></span> <span class='ocrx_word' id='word_1_750' title='bbox 1133 5587 1494 5654; x_wconf 82' lang='grc' dir='ltr'>πεποιηκότος</span> <span class='ocrx_word' id='word_1_751' title='bbox 1521 5585 1738 5650; x_wconf 75' lang='grc' dir='ltr'>ὲλεῖνῶς</span> 
     </span>
    </p>
   </div>
   <div class='ocr_carea' id='block_1_103' title="bbox 163 5663 1736 5747">
    <p class='ocr_par' dir='ltr' id='par_1_103' title="bbox 163 5663 1736 5747">
     <span class='ocr_line' id='line_1_103' title="bbox 163 5663 1736 5747; baseline 0.007 -30"><span class='ocrx_word' id='word_1_752' title='bbox 163 5665 543 5738; x_wconf 56' lang='grc' dir='ltr'>χωριζόμενον.</span> <span class='ocrx_word' id='word_1_753' title='bbox 588 5671 747 5724; x_wconf 76' lang='grc' dir='ltr'><strong>Ἀ).λά</strong></span> <span class='ocrx_word' id='word_1_754' title='bbox 781 5672 877 5744; x_wconf 85' lang='grc' dir='ltr'>τὴν</span> <span class='ocrx_word' id='word_1_755' title='bbox 916 5663 1192 5746; x_wconf 64' lang='grc' dir='ltr'>ἡμετέραν</span> <span class='ocrx_word' id='word_1_756' title='bbox 1236 5675 1603 5747; x_wconf 80' lang='grc' dir='ltr'>ἐργαζόμενος</span> <span class='ocrx_word' id='word_1_757' title='bbox 1629 5693 1736 5728; x_wconf 89' lang='grc' dir='ltr'>σω-</span> 
     </span>
    </p>
   </div>
   <div class='ocr_carea' id='block_1_104' title="bbox 165 5753 1736 5845">
    <p class='ocr_par' dir='ltr' id='par_1_104' title="bbox 165 5753 1736 5845">
     <span class='ocr_line' id='line_1_104' title="bbox 165 5753 1736 5845; baseline 0.01 -39"><span class='ocrx_word' id='word_1_758' title='bbox 165 5755 385 5826; x_wconf 66' lang='grc' dir='ltr'>τηρίαν,</span> <span class='ocrx_word' id='word_1_759' title='bbox 419 5762 508 5814; x_wconf 68' lang='grc' dir='ltr'><strong>ἐπὶ</strong></span> <span class='ocrx_word' id='word_1_760' title='bbox 542 5760 638 5834; x_wconf 75' lang='grc' dir='ltr'><strong>τὴν</strong></span> <span class='ocrx_word' id='word_1_761' title='bbox 674 5764 806 5816; x_wconf 82' lang='grc' dir='ltr'>ἰδίαν</span> <span class='ocrx_word' id='word_1_762' title='bbox 838 5767 1017 5821; x_wconf 74' lang='grc' dir='ltr'>εἰκόνα</span> <span class='ocrx_word' id='word_1_763' title='bbox 1049 5771 1218 5840; x_wconf 74' lang='grc' dir='ltr'>χωρεῖ</span> <span class='ocrx_word' id='word_1_764' title='bbox 1245 5807 1258 5832; x_wconf 90' lang='grc'><strong>,</strong></span> <span class='ocrx_word' id='word_1_765' title='bbox 1294 5753 1386 5822; x_wconf 52' lang='grc' dir='ltr'><strong>καλ</strong></span> <span class='ocrx_word' id='word_1_766' title='bbox 1438 5765 1736 5845; x_wconf 75' lang='grc' dir='ltr'>σαρκοῦται</span> 
     </span>
    </p>
   </div>
   <div class='ocr_carea' id='block_1_105' title="bbox 1849 4583 3423 4656">
    <p class='ocr_par' dir='ltr' id='par_1_105' title="bbox 1849 4583 3423 4656">
     <span class='ocr_line' id='line_1_105' title="bbox 1849 4583 3423 4656; baseline 0.003 -20"><span class='ocrx_word' id='word_1_767' title='bbox 1849 4583 2220 4652; x_wconf 87' lang='lat' dir='ltr'><strong>appellatione</strong></span> <span class='ocrx_word' id='word_1_768' title='bbox 2258 4584 2484 4642; x_wconf 86' lang='lat' dir='ltr'><strong>uniente</strong></span> <span class='ocrx_word' id='word_1_769' title='bbox 2522 4594 2722 4640; x_wconf 88' lang='lat' dir='ltr'><strong>natura</strong></span> <span class='ocrx_word' id='word_1_770' title='bbox 2776 4587 2888 4656; x_wconf 83' lang='lat' dir='ltr'><strong>jam</strong></span> <span class='ocrx_word' id='word_1_771' title='bbox 2933 4585 3119 4648; x_wconf 88' lang='lat' dir='ltr'><strong>unita,</strong></span> <span class='ocrx_word' id='word_1_772' title='bbox 3166 4585 3423 4655; x_wconf 78' lang='lat' dir='ltr'><strong>hancque</strong></span> 
     </span>
    </p>
   </div>
   <div class='ocr_carea' id='block_1_106' title="bbox 1847 4674 3421 4748">
    <p class='ocr_par' dir='ltr' id='par_1_106' title="bbox 1847 4674 3421 4748">
     <span class='ocr_line' id='line_1_106' title="bbox 1847 4674 3421 4748; baseline 0 -20"><span class='ocrx_word' id='word_1_773' title='bbox 1847 4674 2064 4730; x_wconf 88' lang='lat' dir='ltr'><strong>sinente</strong></span> <span class='ocrx_word' id='word_1_774' title='bbox 2113 4676 2357 4747; x_wconf 85' lang='lat' dir='ltr'><strong>separari</strong></span> <span class='ocrx_word' id='word_1_775' title='bbox 2401 4689 2638 4733; x_wconf 88' lang='lat' dir='ltr'><strong>numero</strong></span> <span class='ocrx_word' id='word_1_776' title='bbox 2692 4675 2878 4732; x_wconf 79' lang='lat' dir='ltr'><strong>soluto</strong></span> <span class='ocrx_word' id='word_1_777' title='bbox 2927 4687 3048 4748; x_wconf 83' lang='lat' dir='ltr'><strong>quae</strong></span> <span class='ocrx_word' id='word_1_778' title='bbox 3090 4675 3268 4730; x_wconf 84' lang='lat' dir='ltr'><strong>soluta</strong></span> <span class='ocrx_word' id='word_1_779' title='bbox 3313 4692 3421 4729; x_wconf 84' lang='lat' dir='ltr'><strong>non</strong></span> 
     </span>
    </p>
   </div>
   <div class='ocr_carea' id='block_1_107' title="bbox 1845 4775 2820 4846">
    <p class='ocr_par' dir='ltr' id='par_1_107' title="bbox 1845 4775 2820 4846">
     <span class='ocr_line' id='line_1_107' title="bbox 1845 4775 2820 4846; baseline 0.002 -26"><span class='ocrx_word' id='word_1_780' title='bbox 1845 4775 1994 4820; x_wconf 86' lang='lat' dir='ltr'><strong>sunt.</strong></span> <span class='ocrx_word' id='word_1_781' title='bbox 2812 4838 2820 4846; x_wconf 91' lang='lat'><em>_</em></span> 
     </span>
    </p>
   </div>
   <div class='ocr_carea' id='block_1_108' title="bbox 1915 4848 3487 4929">
    <p class='ocr_par' dir='ltr' id='par_1_108' title="bbox 1915 4848 3487 4929">
     <span class='ocr_line' id='line_1_108' title="bbox 1915 4848 3487 4929; baseline 0.001 -20"><span class='ocrx_word' id='word_1_782' title='bbox 1915 4853 2259 4913; x_wconf 79' lang='lat' dir='ltr'><strong>Confitemur</strong></span> <span class='ocrx_word' id='word_1_783' title='bbox 2279 4869 2464 4915; x_wconf 79' lang='lat' dir='ltr'><strong>autem</strong></span> <span class='ocrx_word' id='word_1_784' title='bbox 2485 4859 2684 4916; x_wconf 86' lang='lat' dir='ltr'><strong>Filium</strong></span> <span class='ocrx_word' id='word_1_785' title='bbox 2705 4858 3052 4929; x_wconf 84' lang='lat' dir='ltr'><strong>unigenitum</strong></span> <span class='ocrx_word' id='word_1_786' title='bbox 3070 4858 3422 4927; x_wconf 77' lang='lat' dir='ltr'><strong>Verbumque</strong></span> <span class='ocrx_word' id='word_1_787' title='bbox 3471 4848 3487 4865; x_wconf 83' lang='grc'><strong>⁸</strong></span> 
     </span>
    </p>
   </div>
   <div class='ocr_carea' id='block_1_109' title="bbox 1845 4947 3419 5019">
    <p class='ocr_par' dir='ltr' id='par_1_109' title="bbox 1845 4947 3419 5019">
     <span class='ocr_line' id='line_1_109' title="bbox 1845 4947 3419 5019; baseline 0.001 -18"><span class='ocrx_word' id='word_1_788' title='bbox 1845 4947 1962 5010; x_wconf 87' lang='lat' dir='ltr'><strong>Dei,</strong></span> <span class='ocrx_word' id='word_1_789' title='bbox 1993 4964 2119 5004; x_wconf 93' lang='lat' dir='ltr'><strong>cum</strong></span> <span class='ocrx_word' id='word_1_790' title='bbox 2147 4951 2311 5005; x_wconf 84' lang='lat' dir='ltr'><strong>Patre</strong></span> <span class='ocrx_word' id='word_1_791' title='bbox 2354 4965 2419 5005; x_wconf 90' lang='lat' dir='ltr'><strong>ac</strong></span> <span class='ocrx_word' id='word_1_792' title='bbox 2458 4949 2669 5019; x_wconf 89' lang='lat' dir='ltr'><strong>Spiritu</strong></span> <span class='ocrx_word' id='word_1_793' title='bbox 2721 4960 2914 5006; x_wconf 88' lang='lat' dir='ltr'><strong>sancto</strong></span> <span class='ocrx_word' id='word_1_794' title='bbox 2953 4948 3320 5019; x_wconf 80' lang='lat' dir='ltr'><strong>gloriﬁcatum</strong></span> <span class='ocrx_word' id='word_1_795' title='bbox 3367 4961 3419 5002; x_wconf 83' lang='lat' dir='ltr'><strong>ct</strong></span> 
     </span>
    </p>
   </div>
   <div class='ocr_carea' id='block_1_110' title="bbox 1843 5035 3418 5109">
    <p class='ocr_par' dir='ltr' id='par_1_110' title="bbox 1843 5035 3418 5109">
     <span class='ocr_line' id='line_1_110' title="bbox 1843 5035 3418 5109; baseline 0.002 -20"><span class='ocrx_word' id='word_1_796' title='bbox 1843 5035 2130 5090; x_wconf 87' lang='lat' dir='ltr'><strong>adoratum</strong></span> <span class='ocrx_word' id='word_1_797' title='bbox 2159 5078 2173 5101; x_wconf 87' lang='lat'><strong>,</strong></span> <span class='ocrx_word' id='word_1_798' title='bbox 2217 5037 2287 5092; x_wconf 91' lang='lat' dir='ltr'><strong>ab</strong></span> <span class='ocrx_word' id='word_1_799' title='bbox 2318 5047 2527 5093; x_wconf 57' lang='lat' dir='ltr'><strong>aeterno</strong></span> <span class='ocrx_word' id='word_1_800' title='bbox 2557 5038 3094 5109; x_wconf 83' lang='lat' dir='ltr'><strong>incorporaliterque</strong></span> <span class='ocrx_word' id='word_1_801' title='bbox 3151 5054 3218 5091; x_wconf 83' lang='lat' dir='ltr'><strong>ex</strong></span> <span class='ocrx_word' id='word_1_802' title='bbox 3261 5037 3418 5092; x_wconf 72' lang='lat' dir='ltr'><strong>Patre.</strong></span> 
     </span>
    </p>
   </div>
   <div class='ocr_carea' id='block_1_111' title="bbox 1842 5128 3419 5199">
    <p class='ocr_par' dir='ltr' id='par_1_111' title="bbox 1842 5128 3419 5199">
     <span class='ocr_line' id='line_1_111' title="bbox 1842 5128 3419 5199; baseline -0.001 -17"><span class='ocrx_word' id='word_1_803' title='bbox 1842 5128 2114 5198; x_wconf 85' lang='lat' dir='ltr'><strong>genitum,</strong></span> <span class='ocrx_word' id='word_1_804' title='bbox 2142 5129 2329 5185; x_wconf 91' lang='lat' dir='ltr'><strong>lumen</strong></span> <span class='ocrx_word' id='word_1_805' title='bbox 2359 5130 2427 5184; x_wconf 88' lang='lat' dir='ltr'><strong>de</strong></span> <span class='ocrx_word' id='word_1_806' title='bbox 2463 5129 2697 5195; x_wconf 91' lang='lat' dir='ltr'><strong>lumine,</strong></span> <span class='ocrx_word' id='word_1_807' title='bbox 2727 5130 2938 5186; x_wconf 82' lang='lat' dir='ltr'><strong>fontem</strong></span> <span class='ocrx_word' id='word_1_808' title='bbox 2969 5129 3098 5184; x_wconf 70' lang='lat' dir='ltr'><strong>vitae</strong></span> <span class='ocrx_word' id='word_1_809' title='bbox 3121 5137 3286 5199; x_wconf 83' lang='lat' dir='ltr'><strong>atque</strong></span> <span class='ocrx_word' id='word_1_810' title='bbox 3314 5131 3419 5182; x_wconf 80' lang='lat' dir='ltr'><strong>im-</strong></span> 
     </span>
    </p>
   </div>
   <div class='ocr_carea' id='block_1_112' title="bbox 1842 5221 3411 5294">
    <p class='ocr_par' dir='ltr' id='par_1_112' title="bbox 1842 5221 3411 5294">
     <span class='ocr_line' id='line_1_112' title="bbox 1842 5221 3411 5294; baseline -0.001 -17"><span class='ocrx_word' id='word_1_811' title='bbox 1842 5221 2219 5285; x_wconf 87' lang='lat' dir='ltr'><strong>mortalitatis,</strong></span> <span class='ocrx_word' id='word_1_812' title='bbox 2247 5221 2532 5294; x_wconf 86' lang='lat' dir='ltr'><strong>archetypi</strong></span> <span class='ocrx_word' id='word_1_813' title='bbox 2567 5222 3012 5292; x_wconf 88' lang='lat' dir='ltr'><strong>impressionem,</strong></span> <span class='ocrx_word' id='word_1_814' title='bbox 3045 5221 3281 5290; x_wconf 86' lang='lat' dir='ltr'><strong>sigillum</strong></span> <span class='ocrx_word' id='word_1_815' title='bbox 3329 5224 3411 5277; x_wconf 88' lang='lat' dir='ltr'><strong>in-</strong></span> 
     </span>
    </p>
   </div>
   <div class='ocr_carea' id='block_1_113' title="bbox 1843 5312 3416 5384">
    <p class='ocr_par' dir='ltr' id='par_1_113' title="bbox 1843 5312 3416 5384">
     <span class='ocr_line' id='line_1_113' title="bbox 1843 5312 3416 5384; baseline -0.001 -16"><span class='ocrx_word' id='word_1_816' title='bbox 1843 5322 2195 5378; x_wconf 89' lang='lat' dir='ltr'><strong>temeratum,</strong></span> <span class='ocrx_word' id='word_1_817' title='bbox 2215 5313 2512 5384; x_wconf 82' lang='lat' dir='ltr'><strong>imaginem</strong></span> <span class='ocrx_word' id='word_1_818' title='bbox 2530 5313 2681 5366; x_wconf 91' lang='lat' dir='ltr'><strong>nullo</strong></span> <span class='ocrx_word' id='word_1_819' title='bbox 2698 5312 2862 5367; x_wconf 88' lang='lat' dir='ltr'><strong>modo</strong></span> <span class='ocrx_word' id='word_1_820' title='bbox 2878 5312 3223 5372; x_wconf 87' lang='lat' dir='ltr'><strong>dissimilem,</strong></span> <span class='ocrx_word' id='word_1_821' title='bbox 3240 5312 3416 5366; x_wconf 82' lang='lat' dir='ltr'><strong>Patris</strong></span> 
     </span>
    </p>
   </div>
   <div class='ocr_carea' id='block_1_114' title="bbox 1843 5403 3413 5475">
    <p class='ocr_par' dir='ltr' id='par_1_114' title="bbox 1843 5403 3413 5475">
     <span class='ocr_line' id='line_1_114' title="bbox 1843 5403 3413 5475; baseline -0.002 -15"><span class='ocrx_word' id='word_1_822' title='bbox 1843 5406 2141 5460; x_wconf 90' lang='lat' dir='ltr'><strong>terminum</strong></span> <span class='ocrx_word' id='word_1_823' title='bbox 2157 5415 2320 5475; x_wconf 90' lang='lat' dir='ltr'><strong>atque</strong></span> <span class='ocrx_word' id='word_1_824' title='bbox 2332 5405 2596 5464; x_wconf 82' lang='lat' dir='ltr'><strong>Verbum,</strong></span> <span class='ocrx_word' id='word_1_825' title='bbox 2614 5419 2723 5458; x_wconf 90' lang='lat' dir='ltr'><strong>non</strong></span> <span class='ocrx_word' id='word_1_826' title='bbox 2750 5403 3111 5472; x_wconf 84' lang='lat' dir='ltr'><strong>dereliquisse</strong></span> <span class='ocrx_word' id='word_1_827' title='bbox 3133 5403 3413 5457; x_wconf 82' lang='lat' dir='ltr'><strong>hominem</strong></span> 
     </span>
    </p>
   </div>
   <div class='ocr_carea' id='block_1_115' title="bbox 1840 5489 3412 5561">
    <p class='ocr_par' dir='ltr' id='par_1_115' title="bbox 1840 5489 3412 5561">
     <span class='ocr_line' id='line_1_115' title="bbox 1840 5489 3412 5561; baseline -0.004 -11"><span class='ocrx_word' id='word_1_828' title='bbox 1840 5495 2046 5551; x_wconf 85' lang='lat' dir='ltr'><strong>diaboli</strong></span> <span class='ocrx_word' id='word_1_829' title='bbox 2076 5495 2320 5561; x_wconf 61' lang='lat' dir='ltr'><strong>invidia,</strong></span> <span class='ocrx_word' id='word_1_830' title='bbox 2352 5493 2821 5561; x_wconf 82' lang='lat' dir='ltr'><strong>amaritudinique</strong></span> <span class='ocrx_word' id='word_1_831' title='bbox 2848 5492 3083 5561; x_wconf 88' lang='lat' dir='ltr'><strong>peccati,</strong></span> <span class='ocrx_word' id='word_1_832' title='bbox 3119 5491 3227 5544; x_wconf 83' lang='lat' dir='ltr'><strong>Deo</strong></span> <span class='ocrx_word' id='word_1_833' title='bbox 3259 5489 3412 5543; x_wconf 86' lang='lat' dir='ltr'><strong>illum</strong></span> 
     </span>
    </p>
   </div>
   <div class='ocr_carea' id='block_1_116' title="bbox 1841 5577 3412 5640">
    <p class='ocr_par' dir='ltr' id='par_1_116' title="bbox 1841 5577 3412 5640">
     <span class='ocr_line' id='line_1_116' title="bbox 1841 5577 3412 5640; baseline -0.006 0"><span class='ocrx_word' id='word_1_834' title='bbox 1841 5579 2279 5640; x_wconf 85' lang='lat' dir='ltr'><strong>misericorditer</strong></span> <span class='ocrx_word' id='word_1_835' title='bbox 2317 5583 2612 5636; x_wconf 86' lang='lat' dir='ltr'><strong>liberante.</strong></span> <span class='ocrx_word' id='word_1_836' title='bbox 2666 5579 2773 5636; x_wconf 90' lang='lat' dir='ltr'><strong>Sed</strong></span> <span class='ocrx_word' id='word_1_837' title='bbox 2805 5589 2863 5635; x_wconf 93' lang='lat' dir='ltr'><strong>ut</strong></span> <span class='ocrx_word' id='word_1_838' title='bbox 2896 5589 3139 5634; x_wconf 81' lang='lat' dir='ltr'><strong>nostram</strong></span> <span class='ocrx_word' id='word_1_839' title='bbox 3180 5577 3412 5633; x_wconf 82' lang='lat' dir='ltr'><strong>salutem</strong></span> 
     </span>
    </p>
   </div>
   <div class='ocr_carea' id='block_1_117' title="bbox 1839 5671 3412 5745">
    <p class='ocr_par' dir='ltr' id='par_1_117' title="bbox 1839 5671 3412 5745">
     <span class='ocr_line' id='line_1_117' title="bbox 1839 5671 3412 5745; baseline -0.004 -15"><span class='ocrx_word' id='word_1_840' title='bbox 1839 5683 2143 5744; x_wconf 86' lang='lat' dir='ltr'><strong>operetur,</strong></span> <span class='ocrx_word' id='word_1_841' title='bbox 2190 5673 2256 5726; x_wconf 88' lang='lat' dir='ltr'><strong>ad</strong></span> <span class='ocrx_word' id='word_1_842' title='bbox 2299 5675 2589 5745; x_wconf 78' lang='lat' dir='ltr'><strong>imaginem</strong></span> <span class='ocrx_word' id='word_1_843' title='bbox 2623 5687 2777 5726; x_wconf 86' lang='lat' dir='ltr'><strong>suam</strong></span> <span class='ocrx_word' id='word_1_844' title='bbox 2831 5672 3021 5736; x_wconf 77' lang='lat' dir='ltr'><strong>venit,</strong></span> <span class='ocrx_word' id='word_1_845' title='bbox 3074 5671 3144 5725; x_wconf 84' lang='lat' dir='ltr'><strong>ob</strong></span> <span class='ocrx_word' id='word_1_846' title='bbox 3191 5685 3412 5724; x_wconf 85' lang='lat' dir='ltr'><strong>carnem</strong></span> 
     </span>
    </p>
   </div>
   <div class='ocr_carea' id='block_1_118' title="bbox 1838 5765 3412 5838">
    <p class='ocr_par' dir='ltr' id='par_1_118' title="bbox 1838 5765 3412 5838">
     <span class='ocr_line' id='line_1_118' title="bbox 1838 5765 3412 5838; baseline -0.004 -16"><span class='ocrx_word' id='word_1_847' title='bbox 1838 5773 2084 5827; x_wconf 80' lang='lat' dir='ltr'><strong>nostram</strong></span> <span class='ocrx_word' id='word_1_848' title='bbox 2119 5767 2460 5834; x_wconf 72' lang='lat' dir='ltr'><strong>incernatur,</strong></span> <span class='ocrx_word' id='word_1_849' title='bbox 2483 5766 2662 5838; x_wconf 77' lang='lat' dir='ltr'><strong>obque</strong></span> <span class='ocrx_word' id='word_1_850' title='bbox 2681 5765 3186 5823; x_wconf 71' lang='lat' dir='ltr'><strong>animamnosuma</strong></span> <span class='ocrx_word' id='word_1_851' title='bbox 3221 5777 3412 5817; x_wconf 60' lang='lat' dir='ltr'><strong>unum:</strong></span> 
     </span>
    </p>
   </div>
  </div>
