3924 6294
203 253 221 316 ﬁ
240 255 338 318 {an
501 295 503 298 .
1124 243 1563 309 TRACTATUS
1599 248 1892 313 CON‘I'ﬂA
1930 251 2038 310 MO
2048 253 2094 312 Ν
2100 253 2535 320 OPHYSITAS.
3329 251 3468 314 1l10

280 368 370 419 Δεῖ
409 356 690 416 κάνταῦθα
731 359 842 422 τοῖς
898 358 1050 428 παρὰ
1081 357 1175 410 τοῦ
1217 357 1431 428 Πατρδς
1474 359 1817 431 amntem;

1960 357 2061 414 Hic
2090 360 2142 414 in
2173 359 2254 415 eis
2292 378 2414 431 quas
2455 379 2485 416 a
2518 363 2679 418 Patre
2718 363 2864 418 dicta
2902 368 3030 415 sunt
3064 360 3468 417 immorandum

203 456 505 524 ἐπισκέψαι
528 471 541 484 ·
582 453 681 523 τὴν
728 451 838 521 γὰρ
876 450 947 503 ἐν
1014 449 1270 520 πρόθεσιν
1307 452 1398 505 ἐπὶ
1432 453 1543 504 τῶν
1567 453 1658 504 δύο
1686 452 1788 520 φύ-

1921 459 2022 518 εεις
2083 468 2208 507 nam
2264 455 2711 523 prmpos’itionem
2764 456 2820 508 in
2868 453 2936 508 de
2974 452 3193 506 duabus
3257 454 3476 510 naturis

206 565 348 601 σεων
373 545 472 615 τῆς
498 540 650 604 θείας
685 557 744 593 τε
771 538 867 592 καὶ
898 538 1269 611 ἀνθρωπίνης,
1296 543 1353 594 ὲν
1379 537 1468 604 αἷς
1491 536 1572 604 εἷς
1601 544 1629 598 ὁ
1658 542 1792 612 Χρι-

1921 541 2204 597 iivinitatis
2254 552 2420 612 atque
2473 543 2874 607 humanitatis,
2947 542 3003 609 in
3071 543 3281 612 quibus
3333 557 3524 599 unus.

207 635 333 698 στδς
358 631 704 703 γνωρίξεται,
723 631 1006 700 ὁμολογεῖν
1027 631 1172 700 ἡμᾶς
1196 631 1500 684 ἐκδιδάσκει
1530 649 1542 663 ·
1573 632 1638 703 ἢν
1662 632 1793 700 πρό-

1921 633 2151 690 Zhristus
2203 636 2543 705 agnoscitur,
2596 634 2852 690 conﬁteri
2909 649 3013 688 nos
3051 634 3258 699 docet;
3312 651 3478 704 quam

207 728 360 780 θεσιν
413 725 462 777 οἱ
510 722 778 793 αίρετικοὶ
821 720 1113 796 ἀρνοῦνται
1141 723 1236 775 ἐπὶ
1276 723 1378 793 τῆς
1408 724 1660 793 θεότητος
1701 726 1796 778 καὶ

1921 727 2345 798 praepositionem
2382 728 2626 783 haeretici
2658 733 2863 798 negant
2889 726 2959 780 de
2991 725 3285 781 divinitate
3312 734 3478 794 atque

209 813 307 886 τῆς
345 814 769 887 ἁνθρωπότητος
816 813 912 866 τοῦ
939 815 1176 885 Χριστοῦ
1206 814 1491 886 ἁρμόζειν,
1532 817 1798 888 διαίρεσιν

1921 821 2244 874 inmanitate
2271 819 2477 875 Christi
2509 820 2830 883 convenire,
2867 818 3019 874 illius
3047 833 3212 874 causa
3245 818 3480 873 divisio-

207 909 372 979 δῆθεν
393 907 860 978 προφασιζόμενοι
882 906 970 960 διὰ
994 907 1200 978 ταύτης
1228 907 1474 975 γίνεσθαι
1497 927 1510 941 ·
1541 909 1799 977 ἀγνοοῦν-

1921 925 2027 965 ιοηι
2064 911 2184 966 fieri
2218 922 2621 982 praetexentes;
2670 912 2986 982 ignorantes
3034 911 3179 965 hanc
3215 909 3482 979 praeposi-

209 1017 302 1064 τες
329 1001 411 1053 ὅτι
444 997 582 1070 αὕτη
633 999 666 1067 ἡ
701 998 962 1069 πρόθεσις
1007 999 1106 1069 τὴν
1135 999 1328 1052 ἕνωσιν
1372 1001 1677 1070 ἀσύγχυτον
1709 1002 1801 1055 καὶ

1921 1003 2111 1059 .ionem
2157 1004 2428 1058 unitatem
2483 1004 2857 1059 inconcretam
2914 1011 3080 1072 alque
3137 1001 3485 1056 individuam

212 1091 523 1162 ἀδιαίρετον
581 1089 862 1160 φυλάττει.
901 1088 1066 1143 Ὅθεν
1122 1091 1280 1161 καὶὴ
1327 1092 1448 1144 θεία
1492 1091 1683 1163 Γραφὴ
1734 1095 1798 1163 τῇ

1921 1111 2148 1151 servare.
2177 1095 2334 1150 Unde
2372 1110 2527 1150 sacra
2555 1094 2842 1164 Scriptura
2868 1093 3060 1149 eadem
3088 1092 3484 1163 prapositione

214 1180 440 1252 τοιαύτῃ
465 1179 731 1250 κέχρηται
756 1179 1011 1251 προθέσει
1039 1181 1132 1233 ἐπὶ
1164 1183 1266 1252 τῆς
1296 1181 1550 1252 θεότητος
1581 1185 1674 1236 καὶ
1706 1185 1803 1254 τῆς

1921 1187 2086 1242 utitur
2105 1187 2174 1241 de
2203 1187 2494 1242 divinitate
2521 1195 2689 1256 atque
2718 1186 3065 1241 humanitate
3087 1185 3268 1255 magni
3300 1183 3396 1239 Dei
3429 1194 3488 1240 et

217 1269 641 1338 ἁνθρωπότητος
668 1269 762 1322 τοῦ
804 1267 1041 1338 μεγάλου
1072 1268 1208 1322 Θεοῦ
1237 1271 1331 1323 καὶ
1361 1271 1614 1341 Σωτῆρος
1648 1272 1806 1342 ἡμῶν

1921 1279 2214 1336 Salvatoris
2250 1281 2421 1335 nostri
2456 1280 2586 1336 Jesu
2617 1279 2849 1335 Christi.
2896 1279 3046 1334 Dixit
3100 1277 3327 1348 quidem
3361 1293 3488 1332 san-

218 1361 394 1430 Ἰησοῦ
441 1359 704 1431 Χριστοῦ.
736 1361 898 1426 Λέγει
956 1361 1088 1430 γοῦν
1121 1365 1150 1414 6
1190 1362 1477 1426 θεσπεσιος
1509 1364 1808 1428 ἀπόστολος

1921 1376 2036 1424 ctus
2069 1369 2271 1423 Paulus
2305 1371 2585 1438 apostolus
2613 1385 2627 1422 ι
2663 1388 2679 1419 ‹
2725 1369 2836 1423 Hoc
2863 1369 3052 1423 sentite
3093 1375 3147 1421 in
3179 1367 3321 1422 vobis
3350 1365 3489 1436 quod

219 1454 453 1518 Παῦλοςι
484 1453 666 1508 Τοῦτο
705 1455 1039 1524 μρονείσθω
1079 1457 1149 1508 ἐν
1188 1456 1334 1525 ὑμῖν
1365 1456 1396 1510 6
1443 1457 1540 1511 καὶ
1582 1460 1650 1510 ἐν
1679 1461 1812 1528 Χρι-

221 1546 347 1610 στῷ
387 1546 584 1614 Ἰησοῦ
607 1589 623 1613 ,
647 1547 714 1613 ὃς
739 1549 810 1600 ὲν
834 1548 1038 1617 μορφῇ
1061 1550 1209 1604 Θεοῦ
1233 1550 1542 1618 ὑπάρχων.
1568 1555 1678 1619 οὐχ
1708 1553 1805 1621 dp-

223 1637 460 1705 :zawtdr
504 1638 780 1707 ἡγήσατο
815 1639 880 1691 τὸ
912 1635 1066 1692 εἶναι
1096 1635 1202 1693 ἶσα
1234 1638 1386 1706 Θεῷ,
1421 1642 1557 1696 ἀλλ’
1589 1642 1812 1696 ἑαυτὸν

221 1726 521 1782 ἐκένωσεν
557 1729 800 1798 μορφὴν
827 1729 1054 1785 δούλου
1099 1731 1332 1795 λαϐὼν,
1378 1733 1446 1786 ἐν
1492 1733 1808 1802 ὁμοιώματι

225 1820 548 1887 ἀνθρώπων
589 1821 932 1890 γενόμενος,
985 1823 1082 1876 καὶ
1122 1823 1385 1892 σχήματι
1420 1825 1680 1891 εὑρεθεὶς
1727 1827 1808 1892 ὡς

221 1911 556 1978 ἄνθρωπος.
615 1913 801 1965 Εἰπὼν
847 1913 906 1965 δὲ
950 1916 978 1965 6
1013 1914 1338 1976 Ἀπόστολος
1367 1915 1426 1966 έν
1464 1918 1644 1984 μορφῇ
1673 1915 1808 1968 Θεοῦ

229 2004 496 2073 ὑπάρχειν
534 2003 628 2056 τὸν
659 2003 924 2074 μονογενῆ
959 2004 1089 2056 Υίὸν
1127 2003 1222 2056 τοῦ
1267 2003 1428 2068 Θεοῦ,
1460 2008 1554 2058 καὶ
1601 2008 1811 2072 ἐπαγα-

231 2095 342 2161 γὼν
404 2093 618 2165 μορφὴν
656 2093 844 2146 δούλου
891 2093 1126 2148 λαϐόντα
1175 2094 1342 2148 αὐτὸν
1393 2096 1454 2148 ὲν
1499 2095 1811 2166 ὁμοιώματι

233 2183 484 2250 γενέσθαι
511 2182 837 2250 ἀνθρώπων,
871 2183 965 2237 καὶ
1004 2187 1246 2255 σχήματι
1276 2184 1572 2255 εὑρεθῆναι
1613 2186 1689 2250 ὡς
1721 2187 1814 2241 ἀν-

234 2276 472 2344 θρωπον,
511 2275 662 2328 οὐδὲν
692 2275 880 2344 ἕτερον
911 2275 1058 2346 ἡμᾶς
1098 2276 1402 2330 ἐκδιδάσκει
1431 2279 1463 2346 ἢ
1496 2278 1556 2331 τὸ
1584 2280 1640 2330 ἑν
1679 2279 1811 2331 ἑκαο

236 2367 368 2438 τέρᾳ
415 2370 597 2438 μορφῇ
629 2369 721 2420 τὸν
765 2368 969 2436 Κύριον
998 2364 1160 2433 εἶναι,
1185 2369 1465 2422 τουτέστιν
1507 2371 1566 2424 ὲν
1598 2370 1812 2441 θεότητι

234 2459 327 2511 καὶ
365 2459 461 2512 ἀνθ
471 2458 762 2527 ρωπότητι.
806 2459 1024 2528 Ἀμέλει
1065 2475 1145 2511 τοι
1175 2461 1270 2513 καὶ
1288 2461 1317 2512 6
1338 2462 1396 2512 ἐν
1416 2460 1591 2528 ἁγίοις
1610 2460 1813 2532 Κύριλ-

234 2551 322 2613 λος
375 2550 531 2603 τοῦτο
569 2550 630 2603 τὸ
680 2549 842 2620 ῥητὸν
882 2550 1206 2622 ἑρμηνεύων
1244 2552 1303 2604 ὲν
1341 2551 1419 2622 τῷ
1453 2553 1586 2622 πρὸς
1622 2551 1814 2606 Θεοδό-

238 2659 351 2693 σιον
369 2641 514 2712 λόγῳ
546 2642 751 2712 γράφει
785 2641 913 2695 τάδε
944 2658 956 2671 ’
1007 2662 1024 2694 ι
1077 2643 1442 2707 ’0.συναῒδιος
1469 2644 1548 2714 τῷ
1575 2644 1696 2715 Θεῷ
1721 2646 1815 2698 καὶ

235 2735 408 2804 Harp‘.
429 2733 560 2798 Θεὸς
575 2735 762 2806 Λόγος,
782 2735 997 2808 μορφὴν
1019 2735 1204 2790 δούλου
1224 2736 1426 2802 λαϐὼν,
1455 2737 1604 2792 εστιν
1628 2738 1816 2812 ὥσπερ

237 2830 292 2878 ὲν
322 2826 536 2896 θεότητι
556 2825 782 2890 τέλειος,
807 2826 1067 2882 οὕτωκαὶ
1091 2829 1150 2881 ὲν
1180 2828 1561 2900 ἀνθρωπότητι
1586 2830 1813 2898 τέλειος,

237 2919 332 2970 οὐκ
356 2919 417 2970 ὲκ
444 2919 612 2988 μόνης
635 2920 891 2989 θεότητος
913 2925 1009 2975 καὶ
1027 2923 1229 2992 σαρκὸς
1254 2925 1334 2986 είς
1353 2924 1450 2977 ’ἕνα
1470 2924 1706 2995 Χριστὸν
1724 2927 1819 2980 καὶ

1912 1471 1959 1514 et
1992 1462 2046 1514 in
2071 1460 2278 1516 Christo
2302 1459 2448 1525 Jesu,
2487 1462 2600 1526 qui,
2645 1476 2762 1513 cum
2802 1461 2855 1515 in
2886 1459 3059 1529 {arma
3086 1458 3178 1513 Dei
3201 1468 3352 1523 esset,
3385 1474 3490 1512 non

1915 1556 2161 1624 rapinam
2215 1553 2498 1607 arbitratu:
2553 1561 2760 1606 estesse
2789 1568 2841 1607 se
2891 1550 3153 1622 (aqualem
3198 1550 3348 1615 Deo,
3401 1549 3490 1603 sed

1914 1649 2248 1716 semetipsum
2285 1645 2571 1700 exinaniuit
2607 1645 2833 1715 formam
2859 1645 2994 1698 servi
3034 1643 3314 1713 accipiens,
3337 1642 3392 1696 in
3420 1641 3492 1693 si-

1910 1737 2261 1791 militudinem
2301 1738 2575 1791 hominum
2623 1737 2820 1806 factus,
2871 1742 2919 1787 et
2954 1734 3135 1787 habitu
3161 1733 3404 1786 inventus
3434 1738 3491 1782 ut

1909 1831 2060 1884 homo
2081 1829 2131 1882 ι’.
2172 1848 2190 1881 ι
2224 1829 2519 1898 Apostolus
2585 1834 2770 1882 autem
2834 1842 2959 1881 cum
3010 1810 3152 1880 dicit
3202 1824 3260 1878 in
3313 1823 3491 1878 forma

1909 1922 2004 1976 Dei
2075 1937 2196 1976 esse
2270 1921 2470 1976 Filium
2539 1919 2636 1974 Dei
2722 1919 3108 1990 unigenitum,
3197 1916 3493 1986 ipsumque

1910 2011 2067 2066 addit
2114 2013 2346 2066 formam
2404 2011 2549 2066 servi
2600 2011 2879 2080 accepisse
2934 2017 2997 2063 ut
3053 2007 3248 2063 similis
3314 2005 3494 2060 homi-

1910 2105 2075 2158 nibus
2139 2104 2334 2166 ﬁeret,
2389 2103 2698 2173 habituque
2754 2102 3045 2156 inventum
3092 2115 3215 2154 esse
3277 2108 3340 2154 ut
3391 2098 3495 2153 bo-

1912 2199 2152 2260 minem,
2202 2195 2348 2251 nihil
2381 2194 2531 2250 aliud
2587 2209 2690 2248 nos
2723 2193 2886 2248 docet
2937 2206 3103 2263 quam
3148 2190 3206 2244 in
3256 2197 3494 2260 utraque

1911 2289 2087 2343 forma
2138 2303 2259 2344 esse
2317 2287 2638 2347 Dominum,
2665 2286 2721 2340 id
2753 2296 2857 2351 est,
2901 2285 2959 2339 in
2988 2283 3282 2344 divinitate
3328 2290 3493 2350 atque

1915 2380 2276 2434 humanitate.
2325 2377 2561 2433 Sanctus
2605 2392 2829 2446 quoque
2871 2374 3134 2446 Cyrillus,
3170 2375 3288 2429 haec
3322 2373 3494 2428 verba

1915 2469 2301 2540 interpretans,
2338 2469 2456 2523 haec
2497 2467 2566 2522 ad
2597 2466 2973 2522 Theodosium
3004 2464 3239 2521 scribit:
3289 2482 3307 2514 ί
3350 2463 3495 2518 Deus

1915 2563 2177 2624 Verbum,
2219 2568 2554 2617 coaeternum
2601 2559 2715 2614 Leo
2754 2571 2819 2612 ac
2866 2546 3038 2621 Patri,
3086 2555 3320 2610 formam
3349 2554 3495 2608 servi

1915 2654 2213 2724 accipiens,
2263 2649 2730 2723 quemadmodum
2788 2649 2844 2703 in
2887 2647 3181 2703 divinitate
3216 2644 3498 2717 perfectus

1916 2753 2020 2808 est,
2063 2744 2137 2798 ita
2167 2755 2222 2798 et
2253 2744 2308 2798 in
2341 2742 2728 2807 humanitate;
2765 2754 2878 2796 non
2919 2755 2994 2795 ex
3045 2739 3160 2796 sola
3208 2737 3498 2792 divinitate

1918 2851 1981 2889 ac
2014 2850 2178 2890 carne
2211 2834 2268 2888 in
2299 2848 2468 2887 unum
2495 2831 2814 2896 Christum,
2867 2830 3162 2886 Dominum
3211 2837 3268 2884 et
3295 2827 3498 2886 Filium

1919 2927 2285 2997 compositus,
2342 2924 2438 2981 sed
2482 2939 2550 2980 ex
2580 2921 2800 2978 duobus
2847 2919 3147 2990 perfectis,
3174 2918 3229 2972 id
3265 2926 3352 2976 est
3385 2917 3494 2978 hu-

237 3011 440 3080 Κύριον
461 3012 553 3064 καὶ
578 3010 708 3065 Υίδν
743 3014 1126 3084 συγκείμενος,
1153 3010 1267 3068 ἀλλ*
1294 3017 1358 3068 ἐκ
1387 3015 1534 3069 δυοῖν
1563 3017 1814 3081 τελείοιν,

1921 3018 2183 3073 man'itate
2211 3031 2274 3072 ac
2316 3015 2601 3070 divinitate
2622 3013 2681 3068 in
2714 3025 2889 3067 unum
2927 3009 3298 3078 eamdemque
3331 3009 3501 3062 mira-

239 3105 662 3178 ἀνθρωπότητος
710 3109 857 3177 λέγω
895 3109 963 3180 δὴ
1012 3111 1109 3163 καὶ
1147 3109 1426 3180 θεότητος,
1478 3113 1560 3179 είς
1587 3112 1681 3166 ἕνα
1725 3113 1822 3166 καὶ

235 3194 326 3250 τὸν
347 3197 510 3251 αὐτὸν
532 3199 846 3271 παραδόξως
881 3201 1260 3271 συνδούμενος.
1287 3220 1307 3253 s
1362 3201 1492 3256 Ἰδοὺ
1531 3203 1586 3256 δὲ
1634 3207 1822 3275 σαφῶς

237 3288 395 3342 πάλιν
411 3291 437 3343 6
449 3291 640 3362 Πατὴρ
652 3295 708 3345 ὲν
725 3293 940 3361 θεότητι
956 3292 1444 3364 κα“ιάνθρωπότητι
1460 3293 1552 3347 τὸν
1563 3297 1817 3366 Χριστὸν,

239 3381 507 3452 ὑπάρχειν
543 3385 1064 3455 όμολογεῖ.-”Ωσπερ
1109 3386 1164 3439 δὲ
1196 3385 1257 3439 τὸ
1295 3387 1366 3440 ἐκ
1407 3387 1681 3453 θεότητος
1723 3389 1822 3442 καί

236 3473 695 3543 ἀι·θρωπό”ητος
725 3476 789 3529 ἐκ
833 3475 925 3528 δύο
963 3476 1182 3544 φύσεων
1233 3477 1514 3547 σημαίνει,
1553 3476 1696 3530 οὕτω
1725 3480 1821 3532 καὶ

239 3561 299 3612 τὸ
343 3563 414 3615 ἐν
460 3565 691 3631 θεότητι
723 3565 823 3618 καὶ
869 3566 1282 3632 ἀνθρωπότητι
1333 3570 1392 3619 ὲν
1442 3566 1535 3620 δύο
1594 3567 1822 3635 φύσεσιν

241 3651 380 3709 εἷναί
405 3673 462 3708 τε
503 3660 596 3708 καὶ
631 3656 998 3727 γνωρίζεσθαι
1028 3658 1119 3710 τὸν
1148 3659 1383 3728 Χριστὸν
1408 3659 1577 3726 δηλοῖ.
1615 3661 1736 3713 ’Ὀτι
1765 3661 1822 3714 δὲ

238 3747 300 3797 τὸ
329 3746 391 3798 ἔκ
427 3763 592 3800 τινων
624 3765 819 3800 συνεστ
833 3748 1305 3820 ἅναι.λεγόμενον,
1324 3749 1420 3802 ὲάν
1458 3751 1531 3822 μὴ
1557 3753 1614 3804 ἐν
1637 3753 1824 3816 αὐτοῖς

239 3839 566 3909 γν‹ι›ρίζηται
604 3839 664 3904 ἐξ
695 3834 770 3894 ὧν
794 3840 892 3893 καὶ
927 3842 1184 3910 συνέστη,
1206 3841 1469 3911 σύγχυσιν
1495 3845 1590 3896 καὶ
1629 3845 1822 3913 ἀφανι-

242 3928 377 3993 σμὸν
397 3925 507 3980 τῶν
530 3928 894 3984 συνελθόντων
919 3931 1062 3982 ποιεῖ
1087 3931 1431 4000 πραγμάτων
1446 3972 1460 3994 ,
1483 3933 1653 4000 σαφὲς
1689 3932 1822 3985 καθ-

242 4017 508 4088 έστηκενο
547 4021 606 4086 ἐξ
642 4014 933 4098 ὧνεπάλιν
957 4024 984 4074 6
1023 4020 1186 4084 αὐτὸς
1224 4024 1284 4073 ἐν
1329 4022 1506 4089 ἁγίοις
1555 4024 1825 4092 Κύριλλος

239 4113 381 4164 κατά
424 4112 532 4166 τῶν
569 4114 982 4168 Συνουσιαστῶν
1019 4115 1167 4185 λέγει
1197 4116 1361 4170 τάδε’
1406 4136 1424 4168 ι
1465 4118 1526 4170 Ei
1555 4117 1612 4170 δὲ
1646 4117 1722 4176 ὡς
1766 4121 1823 4171 ὲν

239 4203 393 4266 τάξει
437 4205 622 4275 ὑγρῶν
655 4207 1032 4278 ἀναμεμίχθαι
1067 4209 1232 4277 φασὶν
1262 4207 1522 4278 ἀλλήλοις
1557 4210 1735 4280 σάρκα
1765 4227 1823 4264 τε

241 4295 337 4346 καὶ
368 4295 564 4362 Λόγον,
598 4297 714 4360 πῶς
735 4299 1012 4368 ἠγνόησαν
1039 4301 1121 4353 ὅτι
1149 4299 1216 4353 τὰ
1247 4300 1499 4370 ἀλλήλοις
1531 4303 1827 4372 ἀνακιρνά-

253 4405 391 4451 μενα
412 4388 520 4441 τῶν
554 4389 756 4458 ὑγρῶν.
780 4386 922 4454 οἶνος
953 4393 1086 4462 φέρε
1135 4395 1310 4446 εἰπεῖν
1349 4396 1441 4447 καὶ
1480 4395 1628 4464 μέλι,
1660 4395 1688 4448 ὃ
1725 4396 1822 4465 μὲν
1854 4373 1900 4427 D

239 4475 399 4547 ἦσαν,
427 4479 534 4534 εἰσὶ
559 4481 817 4552 καθαρῶς
840 4482 1046 4548 οὐκέτι,
1071 4484 1375 4558 προσλήψει
1404 4485 1461 4539 δὲ
1490 4486 1692 4553 μᾶλλον
1723 4487 1820 4556 τῆς

151 4569 154 4571 ’
243 4572 580 4639 ἐτεροειδοῦς
637 4572 950 4646 ποιότητος,
1005 4575 1085 4637 είς
1139 4574 1325 4644 ἔτερόν
1351 4595 1403 4629 τι
1451 4576 1819 4645 μεθίσταταις

243 4663 455 4715 (ὶὺκοῦν
485 4666 531 4716 εἰ
561 4665 976 4734 συγκεκρᾶσθαί
1025 4681 1158 4732 φασι
1192 4666 1270 4736 τῷ
1290 4666 1449 4736 Λόγῳ
1477 4667 1577 4737 τὴν
1619 4668 1820 4740 σάρκα,

241 4752 394 4804 πᾶσά
439 4769 554 4816 πως
597 4754 813 4822 ἀνάγκη
849 4755 1030 4824 λέγειν
1061 4755 1326 4830 ἑκάτερον
1355 4755 1462 4808 τῶν
1494 4757 1820 4828 ὠνομασμέ-

241 4861 371 4907 νων,
400 4845 704 4915 ἀποστῆναι
752 4847 850 4916 μὲν
900 4849 993 4900 τοῦ
1043 4842 1184 4900 εἶναι
1233 4848 1262 4901 6
1297 4845 1388 4918 ἦν,
1416 4847 1474 4900 ἓν
1507 4848 1562 4901 δέ
1592 4867 1643 4902 τι
1675 4851 1735 4902 τὸ
1763 4849 1822 4916 ἐξ

242 4936 450 5002 ἀμφοῖν
489 4936 820 4990 ἀποτελέσαι
855 4940 1022 5006 μέσον
1054 4938 1346 5008 ἑτεροφυές
1373 4957 1477 4992 που
1512 4941 1748 5005 πάντως,
1786 4942 1818 5014 ἢ

239 5027 378 5096 ὅπερ
420 5020 488 5096 ἦν
523 5027 788 5096 ἑκάτερον
811 5028 916 5081 ἀνά
949 5028 1134 5098 μέρος.
1175 5048 1193 5080 ι
1481 5052 1484 5055 ·

209 5165 218 5186 ,
325 5106 809 5190 Ἀποδεδειγμένου
848 5120 1030 5174 τοίνυν
1068 5123 1150 5175 ὅτι
1183 5122 1276 5174 ἐπὶ
1313 5121 1422 5173 τῶν
1461 5120 1534 5194 μὴ
1576 5119 1820 5190 σωζομέ-

240 5225 350 5260 νων
373 5209 514 5278 μετά
539 5209 793 5263 σύνθεσιν
835 5209 1104 5280 σύγχυσις
1151 5211 1402 5278 γίνεται,
1435 5211 1593 5282 δῆλον
1627 5213 1707 5264 ὅτι
1735 5213 1820 5280 ἐφ’

177 5291 318 5367 ⁸,ὧν
350 5298 426 5371 μὴ
461 5300 726 5370 σύγχυσις
775 5301 908 5370 μηδὲ
949 5300 1262 5370 ἀφανισμός
1296 5301 1406 5355 τῶν
1449 5299 1819 5354 συνελθόντων

243 5391 588 5460 πραγμάτων
621 5392 768 5444 ἐστιν
793 5389 854 5443 τὺ
873 5390 934 5442 εκ
957 5406 1100 5453 τινος
1131 5390 1406 5454 συντεθὲν,
1436 5391 1527 5442 καὶ
1557 5391 1615 5442 ἐν
1641 5391 1825 5453 αὐτοῖς

245 5481 594 5553 γνωρίζεται,
630 5483 725 5536 καὶ
769 5480 1035 5552 πρόδηλον
1081 5482 1164 5534 ὅτι
1225 5483 1273 5535 ot
1321 5482 1385 5534 ὲκ
1437 5479 1530 5532 δύο
1587 5479 1823 5548 φύσεων,

328 5655 354 5696 ι
379 5655 617 5724 Philipp.
651 5670 710 5720 lt,
737 5651 895 5708 5-7.,

1922 3110 2108 3165 biliter
2137 3109 2486 3178 conjunctus.
2519 3126 2538 3159 ι
2575 3105 2666 3161 Sic
2704 3118 2838 3176 ergo
2868 3103 3070 3158 iterum
3114 3100 3172 3154 in
3208 3098 3501 3156 divinitate

1921 3218 1986 3256 ac
2038 3199 2382 3257 humanitate
2437 3213 2560 3254 esse
2611 3195 2900 3252 Christum
2954 3200 3154 3263 aperte
3206 3190 3501 3262 proﬁtetur

1919 3295 2100 3349 Pater.
2145 3290 2622 3359 Quemadmodum
2651 3303 2715 3342 ea:
2753 3285 3037 3340 divinitate
3062 3300 3124 3338 ac
3163 3283 3502 3340 humanitate

1920 3401 1989 3440 ex
2037 3383 2252 3439 duabus
2307 3381 2522 3437 naturis
2571 3377 2868 3451 significat,
2916 3377 2994 3432 ita
3020 3375 3079 3430 in
3128 3374 3404 3429 divinitate
3440 3388 3502 3425 ac

1921 3477 2250 3529 humanitate
2305 3473 2362 3527 in
2433 3471 2651 3526 duabus
2718 3468 2935 3524 naturis
2988 3481 3112 3522 esse
3169 3463 3504 3535 aguoscique

1920 3567 2204 3625 Christum
2231 3566 2596 3621 demonstrat.
2644 3562 2804 3629 Quod
2831 3569 3018 3616 autem
3065 3561 3272 3616 dicitur
3307 3574 3376 3614 ex
3405 3559 3503 3612 ali-

1920 3668 2056 3730 quot
2099 3658 2466 3713 constitutum
2496 3669 2640 3719 esse,
2668 3653 2780 3717 nisi
2813 3651 2873 3706 in
2908 3651 3021 3706 illis
3063 3657 3396 3720 agnoscatur
3434 3664 3504 3703 ex

1921 3751 2125 3821 quibus
2169 3749 2533 3804 constitutum
2591 3751 2697 3809 est,
2759 3743 3019 3801 confusas
3069 3741 3503 3809 obscuratasque

1923 3825 2107 3898 facere
2133 3855 2221 3895 res
2247 3839 2675 3901 constituentes,
2710 3835 2860 3890 clare
2892 3831 3116 3902 reponit
3141 3849 3155 3897 ;
3209 3831 3356 3885 inter
3382 3845 3506 3899 quae

1924 3935 2040 3990 haec
2068 3933 2271 3988 iterum
2301 3929 2451 3985 idem
2489 3935 2716 3984 sanctus
2755 3925 2996 3997 Cyrillus
3036 3933 3230 3979 contra
3255 3919 3506 3977 Consub-

1925 4024 2286 4081 stantialistas
2324 4021 2500 4076 dicit:
2544 4038 2562 4070 ‹
2595 4018 2653 4073 Si
2687 4032 2820 4071 vero
2863 4016 3095 4081 dicunt,
3139 4027 3295 4073 more
3341 4012 3508 4081 liqui-

1925 4119 2144 4180 dorum,
2178 4127 2401 4170 carnem
2431 4120 2488 4168 et
2515 4109 2764 4166 Verbum
2789 4108 2896 4163 sibi
2928 4106 3168 4161 invicem
3217 4103 3508 4161 commista

1926 4208 2118 4271 fuisse,
2153 4204 2432 4276 quomodo
2464 4203 2788 4258 nescierunt
2815 4198 3026 4268 liquida
3067 4196 3184 4250 haec
3209 4193 3317 4249 sibi
3361 4192 3507 4248 invi—

1927 4315 2047 4354 cem
2086 4297 2408 4359 commista,
2463 4293 2620 4350 verbi
2664 4291 2837 4364 gratia
2891 4289 3080 4344 vinum
3115 4295 3174 4342 et
3223 4287 3352 4350 mel,
3395 4286 3508 4354 jam

1930 4405 2039 4446 non
2099 4403 2222 4444 esse
2286 4401 2440 4442 mere
2506 4385 2654 4456 quod
2704 4391 2866 4439 erant
2901 4422 2916 4447 ,
2977 4379 3077 4436 sed
3145 4376 3511 4447 assumpsisse

1931 4479 2231 4552 plurimum
2274 4478 2521 4532 materia:
2546 4477 2759 4541 alienae,
2796 4476 2873 4530 ita
2899 4481 2962 4526 ut
2987 4471 3042 4526 in
3068 4469 3350 4540 quoddam
3381 4467 3511 4521 alie-

1930 4587 2064 4628 num
2102 4577 2533 4627 commutentur.
2590 4567 2646 4624 Si
2693 4582 2826 4637 ergo
2872 4565 3058 4620 Verbo
3095 4577 3321 4618 carnem
3355 4574 3509 4613 com~

1931 4663 2148 4718 mistam
2179 4661 2351 4716 fuisse
2389 4660 2601 4726 dicunt,
2650 4671 2879 4714 necesse
2923 4655 3150 4717 omnino
3193 4652 3301 4708 erit
3324 4651 3510 4710 dicere

1930 4753 2368 4824 unumquodque
2416 4750 2828 4806 nominatorum
2847 4788 2862 4812 ,
2922 4747 2998 4801 ita
3019 4760 3145 4802 esse
3169 4743 3413 4798 alienum
3441 4739 3510 4793 ab

1930 4863 1997 4903 eo
2040 4847 2189 4918 quod
2215 4854 2373 4910 erat,
2424 4853 2487 4900 ut
2525 4843 2787 4914 quiddam
2824 4853 2998 4895 unum
3034 4854 3104 4892 ex
3154 4834 3373 4890 duobus
3421 4832 3512 4885 ﬁat

1932 4937 2212 4999 medium,
2247 4935 2473 4990 omnino
2514 4935 2686 4988 ferme
2728 4929 3070 4999 aliud-quam
3113 4924 3265 4996 quod
3311 4937 3511 4977 unum-

1932 5028 2192 5098 quodque
2225 5033 2347 5081 erat
2373 5041 2472 5095 p‘er
2505 5032 2707 5094 partes.
2751 5041 2768 5074 ο

1949 5119 1952 5122 ’
1999 5117 2243 5172 Probata
2257 5115 2424 5186 igitur
2443 5116 2498 5170 in
2518 5129 2626 5169 non
2649 5112 2873 5168 salvatis
2892 5106 3508 5183 postcompositionem,

1934 5206 2312 5263 confusionem
2343 5203 2482 5270 ﬁeri,
2517 5203 2744 5258 evidens
2780 5213 2865 5258 est
2913 5202 2971 5256 in
3001 5199 3204 5269 quibus
3239 5212 3342 5251 nec
3378 5209 3511 5253 con-

1929 5296 2074 5354 fusio
2104 5311 2205 5350 nec
2250 5294 2563 5349 obscuratio
2612 5307 2800 5346 rerum
2845 5289 3298 5346 constituentium
3332 5285 3507 5352 adest,

1933 5402 2000 5440 ex
2025 5384 2270 5458 quodam
2321 5397 2443 5438 esse
2468 5380 2786 5451 composita
2811 5421 2826 5446 ,
2859 5388 3023 5449 atque
3054 5379 3108 5433 in
3135 5377 3245 5442 illis
3267 5377 3512 5448 agnosci,

1942 5494 2004 5533 ac
2032 5475 2383 5532 manifestum
2434 5484 2517 5529 est
2560 5471 2888 5527 conﬁtentes
2919 5487 2986 5526 ex
3017 5471 3232 5527 duabus
3277 5469 3511 5534 naturis.
