3924 6294
233 354 370 422 ill-'1

1153 340 1596 425 TIlACTATUS
1634 322 1934 429 CONTRA
1967 370 2572 435 MONOPHYSITAS.

3342 382 3480 440 HN

231 468 467 533 σιῶν-τες,
505 465 635 538 μίαν
677 464 1085 523 ἀναπλάττουσι
1154 470 1358 540 σαρκὸς
1410 471 1508 524 καὶ
1559 471 1806 543 θεότητος

1916 476 2224 537 divinitatis
2256 490 2509 537 naturam
2541 482 2696 549 dicit,
2733 483 2828 540 sed
2856 492 3146 558 postquam
3177 486 3482 559 incorporei

235 560 418 632 φύσιν.
467 560 526 615 Ὁ
593 566 776 633 μέντοι
828 562 888 615 ἐν
930 561 1111 630 ἁγίοις
1160 562 1352 635 Πατὴρ
1376 604 1390 627 ,
1417 564 1516 635 οὐχ
1554 565 1629 628 ὡς
1658 565 1814 619 αὐτοί

236 655 602 725 φαντάζονται
636 653 764 725 μίαν
796 654 1000 726 σαρκὸς
1032 655 1126 709 καὶ
1157 654 1413 726 θεότητος
1443 657 1593 727 λέγει
1625 658 1810 727 φύσιν,

234 750 352 803 ἀλλ’
380 748 458 812 ὡς
504 748 749 819 άσάμκου
777 745 873 801 τοῦ
904 747 1083 815 Λόγου
1116 747 1247 823 μίαν
1286 747 1456 802 εἰπὼν
1498 748 1598 820 τήν
1627 748 1810 818 φύσιν,

234 842 333 895 οὐκ
366 842 498 911 ἔστη
529 841 690 912 μέχρι
722 840 935 906 τούτου,
958 839 1097 893 ἀλλὰ
1113 840 1461 913 προσέθηκεν
1481 841 1563 907 τὸ,
1591 856 1814 911 σεσαρ-

234 932 533 1005 κωμένηιέ,
563 936 649 989 ἵνα
673 934 764 988 διὰ
808 933 930 995 τοῦ,
964 933 1454 1003 σεοάρκωμένην,
1489 934 1589 1005 τὴν
1617 934 1813 1006 ἑτέραν

234 1030 393 1098 ήμίν,
416 1024 664 1081 τουτέστι
704 1027 806 1097 τὴν
854 1024 1208 1097 ἀνθρωπίνην
1251 1014 1582 1097 παραστήσῃ
1627 1026 1809 1097 φύσιν.

147 1148 153 1154 “
247 1102 468 1190 Ἀμέλει
495 1118 571 1190 μὴ
600 1117 897 1189 ἀρκεσθεὶς
924 1118 994 1189 τῇ
1023 1115 1251 1189 τοιαύτῃ
1279 1116 1446 1184 λέξει,
1472 1118 1609 1172 ἀλλὰ
1643 1118 1813 1187 σαφέ-

239 1229 430 1283 στερον
461 1212 561 1283 τὴν
594 1208 788 1264 ἑαυτοῦ
813 1208 1053 1264 διάνοιαν
1079 1209 1428 1279 παραστῆσαι
1459 1207 1810 1281 βουλόμενος,

235 1308 517 1377 ἐπήγαγεν
569 1304 730 1369 εὐθὺς
777 1303 814 1359 ἃ
858 1303 1020 1357 πάλιν
1068 1302 1225 1356 αὐτοὶ
1275 1302 1811 1375 παραλιμπάνουσιν·

241 1418 258 1450 ι
306 1398 516 1452 Οὐκοῦν
554 1399 681 1451 ὅσον
713 1397 811 1468 μὲν
857 1392 993 1468 ἧκεν
1037 1395 1116 1458 εἰς
1158 1394 1370 1446 ἔννοιαν
1412 1395 1509 1447 καὶ
1537 1394 1617 1457 εἰς
1650 1395 1811 1465 μόνον

233 1492 294 1544 τὸ
332 1492 464 1562 ὁρᾷν
488 1493 599 1553 τοίς
625 1490 725 1558 τῆς
757 1489 935 1560 ψυχῆς
962 1490 1175 1560 ὄμμασι
1200 1532 1215 1555 ,
1246 1489 1374 1544 τίνα
1416 1488 1618 1558 τρόπον
1659 1488 1812 1556 ἐνηνε-

233 1583 525 1652 θρὼπησεν
552 1581 582 1634 ὁ
609 1582 942 1651 Μονογενὴς,
965 1580 1061 1635 δύο
1088 1580 1186 1644 τὰς
1211 1580 1405 1651 φύσεις
1434 1575 1574 1633 εἷναί
1604 1594 1809 1649 φαμεν,

234 1675 328 1728 ἕνα
353 1673 410 1726 δὲ
432 1674 670 1746 Χριστὸν
698 1673 795 1727 καὶ
825 1672 955 1727 Υἰδν
983 1674 1078 1727 καὶ
1107 1673 1313 1742 Κύριον
1337 1670 1433 1725 τοῦ
1471 1670 1608 1725 Θεοῦ
1635 1659 1839 1737 Λόγον

233 1764 739 1837 ἐνανθρωπήσαντα
791 1765 884 1818 καὶ
941 1765 1380 1835 σεσαρκωμὲνον.
1416 1783 1436 1816 ι
1473 1762 1540 1816 Τί
1601 1763 1808 1815 τούτων

1921 568 2090 625 Verbi
2115 587 2277 627 unam
2308 580 2564 627 naturam
2596 573 2754 639 dixit,
2786 592 2901 630 non
2928 576 3021 633 hic
3048 577 3225 644 stetit,
3279 577 3495 636 addidit

1912 664 2293 743 inclarnatam,‘
2337 672 2399 720 ut
2453 680 2552 735 per
2602 667 2975 734 incantatam,
3026 669 3257 724 alteram
3305 670 3492 738 nobis,

1915 755 2125 812 scilicet
2152 757 2472 823 humanam,
2497 765 2752 812 naturam
2778 768 3133 829 pr0poneret.
3158 757 3278 815 Non
3305 768 3491 817 autem

1908 848 2021 905 hac
2063 849 2381 905 elocutione
2423 856 2740 914 contentus,
2797 834 2903 904 sed
2941 848 3290 923 manifestius
3335 864 3491 906 suam

1912 943 2107 999 volens
2136 941 2353 1012 aperire
2383 941 2713 997 sententiam
2740 981 2754 1007 ,
2810 941 3077 996 continuo
3107 941 3320 996 addidit
3362 959 3494 999 rur-

1914 1049 2009 1090 sus
2034 1050 2159 1104 quae
2192 1033 2269 1089 illi
2305 1032 2773 1104 praetermittunt:
2806 1052 2823 1084 ι
2856 1032 3092 1087 Tantum
3124 1033 3292 1103 igitur
3321 1048 3496 1100 quan-

1915 1135 2030 1180 tum
2079 1125 2270 1179 datum
2324 1132 2412 1180 est
2461 1112 2625 1179 nobis
2687 1123 2995 1195 intelligere
3043 1124 3287 1193 solisque
3334 1123 3493 1179 vide-

1914 1232 1973 1272 re
2019 1217 2197 1272 oculis
2237 1214 2434 1270 anima:
2474 1222 2705 1280 nostris,
2769 1215 3046 1285 quomodo
3100 1214 3268 1269 homo
3317 1215 3496 1273 tactus

1912 1307 2083 1363 fuerit
2135 1307 2495 1378 Unigenitus,
2549 1307 2690 1361 duas
2746 1316 2979 1363 naturas
3022 1322 3169 1370 esse
3218 1307 3492 1375 dicimus,

1913 1415 2083 1463 unum
2127 1415 2261 1454 vero
2306 1399 2620 1464 Christum,
2657 1399 2857 1453 Filium
2906 1407 2963 1454 et
2996 1392 3324 1481 Dominum,
3355 1399 3495 1456 Ver-

1912 1492 2045 1547 bum
2096 1492 2193 1547 Dei
2242 1493 2339 1563 qui
2399 1492 2568 1549 bomo
2614 1491 2792 1548 tactus
2836 1501 2923 1548 est
2975 1500 3055 1547 ει·
3078 1492 3418 1548 incarnatus.
3468 1512 3488 1546 ο

1912 1569 2056 1651 Quid
2077 1584 2164 1640 his
2194 1585 2381 1641 verbis
2409 1584 2616 1642 clarius
2640 1600 2761 1641 esse
2785 1578 3018 1656 potest?
3040 1585 3130 1641 Vel
3170 1585 3318 1656 quod
3345 1586 3496 1642 sanis

1911 1678 2095 1732 mente
2138 1677 2371 1743 dubium
2417 1677 2751 1748 relinquitur
2801 1677 2985 1732 adhuc
3026 1677 3097 1733 de
3143 1677 3494 1735 confessione

1910 1756 2145 1833 duarum
2191 1770 2246 1824 in
2282 1768 2507 1836 Christo
2557 1778 2911 1845 naturarum,
2962 1760 3080 1824 haec
3112 1768 3276 1845 Patre
3330 1769 3496 1825 nobis

230 1857 346 1910 ἐστί
412 1856 751 1927 σαφέστερον
783 1872 798 1921 ;
830 1856 865 1926 ἤ
893 1856 978 1919 τίς
1017 1856 1205 1909 λοιπὸν
1258 1857 1372 1919 τοίς
1408 1854 1470 1908 εὖ
1513 1853 1806 1925 φρονοῦσιν

1909 1860 2202 1916 tradente?
2243 1860 2350 1916 Sed
2396 1860 2475 1914 illi
2527 1842 2677 1914 omni
2723 1859 2888 1914 modo
2935 1838 3492 1916 veritatem‘distor-

230 1949 641 2019 ἀμφισϐήτησις
669 1948 1021 2002 ὑπολείπεται
1050 1950 1181 2021 περὶ
1226 1947 1326 2020 τὴν
1377 1947 1667 2018 ὁμολογίαν
1696 1946 1806 1999 τῶν

229 2042 288 2094 ὲν
326 2040 549 2111 Χριστῷ
594 2040 691 2093 δύο
740 2040 980 2109 φύσεων,
1011 2041 1237 2095 τοιαῦτα
1285 2040 1383 2094 τοῦ
1428 2041 1640 2112 Πατρὸς
1672 2042 1808 2110 ἡμῖν

229 2130 712 2201 παραδεδωκότος;
766 2122 907 2185 Ἀλλ’
945 2134 1146 2186 ἐκεῖνοι
1193 2132 1284 2186 διὰ
1315 2133 1534 2186 πάντων
1562 2132 1630 2185 τὰ
1673 2130 1810 2204 ὀρθὰ.

227 2219 574 2290 διαστρέφειν
623 2219 1016 2285 σπουδάζοντες
1037 2260 1051 2285 ,
1085 2223 1180 2274 καὶ
1218 2221 1381 2275 τοῦτο
1406 2224 1529 2284 ταῖς
1575 2221 1808 2285 οἰκείαις

229 2309 587 2378 προστιθέασι
643 2310 1073 2379 ματαιολογίαις,
1109 2310 1358 2379 λέγοντες
1402 2309 1476 2382 μὴ
1517 2310 1628 2364 δεῖν
1670 2312 1808 2381 ὁμου

229 2399 502 2469 λογεῖσθαι
534 2402 760 2472 στόματι
788 2402 857 2454 τὰ
886 2401 1027 2455 κατὰ
1058 2402 1159 2473 τὴν
1179 2401 1391 2459 ἔννοιαν
1428 2403 1524 2456 καὶ
1551 2404 1664 2465 τοῖς
1708 2402 1809 2472 τῆς

228 2494 406 2565 ψυχῆς
441 2494 652 2566 ὄμμασι
689 2494 1058 2567 θεωρούμενα.
1092 2496 1204 2566 Τῆς
1252 2495 1309 2549 δὲ
1341 2494 1597 2565 τοιαύτης
1627 2493 1806 2547 αὐτῶν

229 2587 566 2658 κακουργίας
594 2586 748 2639 οὐδέν
780 2588 931 2641 ἐστιν
967 2586 1307 2658 ἀλογώτερον
1339 2603 1354 2619 ο
1394 2587 1536 2640 κατὰ
1566 2586 1676 2658 γὰρ
1700 2587 1807 2660 ’τὴν

229 2677 407 2731 αὐτῶν
445 2681 664 2746 μανίαν,
696 2677 817 2731 οὐδὲ
875 2677 1010 2732 Θεὸν
1069 2678 1298 2748 στόματι
1351 2681 1804 2750 ὁμολογήσουσιν,

228 2766 413 2835 ἐπειδὴ
444 2766 585 2821 κατὰ
617 2767 786 2837 μόνην
823 2766 1054 2833 ἔννοιαν,
1087 2768 1183 2821 καί⁹
1214 2770 1326 2833 τοίς
1358 2769 1455 2840 τῆς
1483 2770 1664 2852 ψυχῆς
1701 2760 1833 2841 ὁμί

234 2875 399 2928 μασιν
420 2859 585 2911 αὐτὸν
606 2859 952 2929 ἐπιστάμεθα
978 2877 993 2892 ο
1022 2859 1156 2913 ὅπου
1189 2875 1253 2928 γε
1286 2860 1383 2914 καί
1428 2861 1589 2925 αὐτὸς
1621 2864 1650 2915 ὁ
1687 2864 1805 2917 Πα-

226 2951 373 3020 τὴρ,
422 2950 567 3022 ἅπερ
620 2954 733 3014 τοῖς
785 2952 888 3021 τῆς
930 2951 1109 3023 ψυχῆς
1153 2950 1399 3021 ὄμμασιν
1449 2953 1803 3027 ἐθεώρησεν,

228 3039 404 3094 ταῦτα
470 3041 565 3094 καὶ
624 3035 779 3094 εἶπεν
833 3042 928 3094 καὶ
983 3044 1278 3113 ἐγγράφως
1357 3043 1610 3110 ἐξέθετοο
1678 3047 1806 3101 οὐδὲ

228 3132 338 3203 γάρ
381 3131 557 3196 ἄλλως
602 3134 949 3204 ἐπιστάμεθα
985 3136 1054 3190 τὰ
1097 3137 1292 3206 ἐκείνῳ
1341 3136 1723 3211 θεωρηθέντα,
1752 3132 1802 3196 εἰ

230 3225 305 3295 μὴ
339 3224 428 3278 διὰ
477 3225 587 3279 τῶν
628 3226 797 3280 αὑτοῦ
824 3226 998 3296 λόγων
1038 3246 1096 3284 τε
1122 3232 1216 3286 καὶ
1256 3233 1623 3304 γραμμάτων.
1660 3235 1724 3288 Εἰ
1748 3235 1804 3288 δὲ

228 3316 370 3397 κατὰ
396 3317 496 3387 τὴν
531 3318 824 3389 αἰρετικῶν
855 3320 1045 3375 ἄνοιαν
1077 3320 1149 3376 τά
1180 3324 1326 3395 μόνῳ
1353 3324 1433 3396 τῷ
1462 3324 1537 3396 νῷ
1567 3326 1804 3397 θεωρού-

230 3428 368 3482 μενα
404 3412 692 3482 ὁμολογεῖν
728 3415 793 3466 οὔ
836 3417 1126 3487 προσήκει,
1158 3416 1277 3480 πῶς
1321 3418 1717 3489 ὁμολογήσουσι
1742 3420 1805 3473 τὺ

227 3503 504 3572 ἐξαίρετον
553 3502 655 3572 τῆς
694 3505 957 3576 θεότητος
1010 3504 1106 3559 τοῦ
1156 3507 1366 3579 Κυρίου
1420 3509 1580 3580 ήμῶν
1623 3509 1802 3580 Ἰησοῦ

230 3596 485 3664 Χριστοῦ,
510 3595 608 3664 τῆς
641 3595 740 3665 μὲν
773 3594 1104 3666 σαρκώσεως
1131 3597 1295 3652 αὐτοῦ
1321 3600 1673 3671 φαινομένης,
1703 3602 1803 3672 τῆς

226 3687 283 3738 δὲ
308 3687 560 3756 θεότητος
580 3686 747 3740 αὑτοῦ
770 3690 916 3758 μόνῳ
939 3688 1017 3760 τῷ
1045 3687 1120 3759 νῷ
1140 3689 1553 3762 θεωρουμένης;
1584 3694 1649 3746 Εἰ
1675 3693 1808 3764 μέν·

227 3796 309 3832 τοι
327 3779 465 3832 κατὰ
490 3780 582 3833 τὸν
610 3778 750 3833 θεῖον
780 3780 1120 3847 Ἀπὸστολον,
1154 3783 1374 3852 Καρδίᾳ
1393 3786 1512 3853 μὲν
1531 3789 1806 3841 πιστεύε-

231 3888 327 3925 ται
357 3870 444 3938 εὶρ
485 3872 906 3944 δικαιοσύνην,
942 3877 1193 3944 στόματι
1215 3876 1284 3930 δὲ
1298 3876 1673 3948 ὁμολογεῖται
1715 3882 1805 3947 εἰς

227 3950 548 4030 σωτηρίαν,
595 3963 862 4034 πρόδηλον
909 3965 991 4019 ὅτι
1040 3967 1106 4020 τὰ
1154 3968 1238 4036 ⁸νῷ
1289 3968 1662 4040 θεωρούμενα,
1710 3972 1803 4025 καὶ

230 4053 456 4123 στόματι
503 4056 885 4134 ὁμολογεῖται·
918 4057 1040 4111 καθ’
1071 4059 1107 4113 ἃ.
1133 4059 1241 4131 γὰρ
1288 4062 1316 4113 ὁ
1345 4061 1605 4131 Θεολόγος
1650 4064 1798 4134 λέγει

228 4145 269 4197 Γ
274 4147 547 4217 ρηγόριος,
594 4166 615 4206 ,c
653 4148 874 4218 Κίνημα
903 4150 1233 4221 ναρκώντων
1262 4136 1379 4207 ἐστί
1418 4154 1544 4218 νοῦς
1573 4156 1801 4210 ἀνεκλά-

1909 1966 2084 2020 quere
2123 1951 2430 2015 studentes,
2470 1950 2617 2004 inter
2653 1950 2870 2006 somnia
2906 1965 3005 2005 sua
3041 1951 3146 2005 hoc
3172 1962 3493 2021 proponunt

1909 2040 2158 2095 dicentes
2204 2055 2315 2094 non
2349 2055 2471 2095 esse
2512 2039 2827 2095 conﬁtenda
2872 2056 2970 2095 ore
3012 2055 3138 2111 qua:
3184 2043 3488 2096 secundum

1908 2130 2250 2187 intellectum
2281 2130 2570 2201 oculisque
2607 2132 2805 2187 animae
2854 2139 3117 2202 percepta
3145 2141 3295 2213 sunt.
3339 2133 3489 2189 Nihil

1909 2240 2095 2287 autem
2166 2231 2340 2301 magis
2389 2231 2735 2298 adversatur
2774 2231 2997 2310 rationi
3057 2248 3220 2303 quam
3292 2223 3515 2289 eorum'

1908 2322 2220 2378 istiusmodi
2257 2322 2631 2389 machinatio;
2662 2310 3160 2378 secu‘ndumz'enim
3194 2323 3488 2379 stultitiam

1908 2429 2120 2480 eorum,
2155 2428 2225 2468 ne
2254 2414 2426 2468 Deum
2447 2413 2672 2483 quidem
2702 2429 2800 2469 ore
2842 2415 3277 2480 conﬁtebuntur,
3310 2415 3490 2485 siqni-

1908 2504 2033 2560 dem
2060 2504 2364 2559 secundum
2395 2505 2575 2559 solum
2614 2506 2960 2561 intellectum
2997 2507 3303 2578 animaeque
3353 2524 3490 2564 ceu-

1904 2596 1976 2651 lis
2002 2596 2155 2652 illum
2177 2597 2595 2668 cognoscimus;
2621 2597 2701 2652 sic
2720 2607 2777 2652 et
2804 2599 2921 2667 ipse
2942 2599 3126 2664 Pater,
3148 2615 3270 2670 quae
3289 2600 3492 2655 mentis

1907 2687 2086 2743 oculis
2118 2697 2474 2758 perceperat,
2520 2688 2637 2744 haec
2665 2689 2804 2743 dixit
2835 2689 3170 2760 scriptisque
3200 2688 3487 2769 exposuit;

1907 2784 2089 2852 neque
2121 2783 2283 2838 aliter
2316 2791 2451 2853 qua!
2479 2784 2549 2839 ab
2601 2784 2697 2839 illo
2738 2793 2996 2856 percepta
3042 2794 3173 2840 sunt
3206 2774 3492 2857 cognosci-

1908 2888 2034 2928 mus
2077 2874 2182 2929 nisi
2219 2863 2572 2933 sermonibus
2619 2878 2953 2948 scriptisque
2998 2878 3165 2933 illius.
3204 2877 3260 2935 Si
3305 2888 3489 2934 autem

1902 2966 2058 3037 juxta
2098 2967 2489 3023 hmreticorum
2521 2969 2817 3024 stultitiam
2865 2985 2953 3025 res
2995 2970 3111 3025 sola
3145 2979 3329 3025 mente
3362 2986 3489 3039 per-

1907 3068 2094 3128 ceptas
2131 3059 2384 3115 conﬁteri
2422 3076 2529 3115 non
2582 3060 2781 3126 refert,
2828 3062 3106 3131 quomodo
3152 3052 3488 3131 ineffabilem

1833 3157 2324 3252 Cconﬁtebnntur
2399 3155 2744 3231 dirinitatem
2794 3162 3049 3237 ‘Diimini
3120 3162 3294 3233 nostri
3360 3163 3490 3219 .lcsu

1907 3248 2135 3311 Christi,
2182 3252 2561 3307 incarnatione
2608 3253 2830 3323 quidem
2882 3255 3126 3310 exterius
3174 3254 3487 3329 manifesta,

1905 3341 2194 3397 divinitate
2242 3353 2425 3398 autem
2476 3344 2589 3399 sola
2651 3353 2833 3399 mente
2888 3346 3188 3415 percepta?
3231 3343 3286 3399 Si
3334 3360 3487 3409 vero,

1901 3434 2053 3503 juxta
2093 3434 2284 3489 divum
2324 3436 2682 3505 Apostolum,
2725 3437 2879 3490 corde
2916 3436 3127 3507 quidem
3159 3436 3394 3490 creditur
3420 3435 3491 3490 ad

1896 3525 2187 3595 justitiam,
2232 3542 2324 3580 ore
2352 3531 2480 3581 vero
2507 3528 2766 3597 confessio
2806 3527 2870 3596 ﬁt
2912 3527 2984 3581 ad
3017 3528 3245 3583 salutem
3283 3539 3328 3590 ο.
3359 3543 3488 3597 per-

1908 3617 2159 3684 spicuum
2187 3627 2272 3673 est
2297 3634 2386 3673 res
2404 3617 2610 3673 'mente
2640 3616 2959 3690 perceptas,
2981 3626 3078 3676 or'e
3110 3626 3330 3692 ‘qnoque
3358 3634 3491 3673 eone

1912 3704 2145 3761 ﬁtcndas
2189 3722 2329 3761 esse.
2380 3708 2456 3762 De
2487 3709 2575 3763 his
2605 3710 2809 3764 etenim
2849 3710 3149 3780 Gregorius
3175 3711 3490 3780 Theologus

1911 3792 2085 3848 dicit:
2118 3813 2135 3845 ι
2172 3795 2324 3850 Mens
2349 3803 2500 3850 muta
2531 3796 2976 3866 consopientium
3017 3797 3187 3861 ratio;
3224 3804 3383 3864 tnrpe
3404 3802 3490 3849 est

1906 3888 2079 3953 enim,
2128 3890 2285 3959 turpe
2331 3897 2442 3952 est,
2493 3887 2843 3959 maximeque
2892 3888 3271 3944 irrationabile
3316 3887 3489 3942 fortes

1907 3981 2093 4035 animo
2125 3996 2290 4036 voces
2317 3990 2512 4037 tenues
2544 3982 2828 4053 proferre,
2873 3982 3323 4056 abscondereque
3362 3981 3487 4035 the-

1905 4086 2127 4125 saurum
2161 4074 2315 4142 quasi
2359 4073 2496 4129 alios
2525 4074 2955 4139 calumniantes,
2995 4074 3101 4129 nisi
3134 4065 3247 4144 prae
3285 4073 3486 4128 timore

1903 4162 2145 4242 linguam
2171 4165 2674 4221 sanctiﬁcaveritis.
2713 4185 2733 4217 ν

227 4238 389 4306 λητος
416 4254 430 4268 ·
463 4238 686 4307 αἰσχρὸν
714 4242 843 4310 γάρ,
884 4241 1130 4310 αἰσχρὸν,
1160 4245 1254 4296 καὶ
1282 4243 1483 4307 ἱκανῶς
1512 4245 1707 4314 ἄλογον
1764 4249 1906 4303 κατὰ
1940 4238 2117 4324 ψυχὴν
2162 4256 2513 4328 ἐρρωμένους
2559 4255 3041 4326 σμικρολογεϊσθαι
3065 4260 3192 4328 περὶ
3213 4259 3303 4311 τὸν
3326 4255 3480 4329 ἦχονο
3512 4256 3517 4260 ’

227 4331 326 4385 καὶ
347 4329 613 4401 κρύπτειν
632 4332 722 4386 τὸν
746 4332 1040 4405 θησαυρὸν,
1063 4336 1256 4407 ὥσπερ
1302 4338 1483 4402 ἄλλοις
1535 4339 1955 4412 βασκαίνοντας,
2006 4349 2055 4401 εἰ
2108 4350 2198 4421 μὴ
2229 4351 2323 4404 καὶ
2364 4351 2462 4420 τὴν
2514 4350 2769 4418 γλῶσσαν
2801 4351 3064 4422 ἁγιάσητε
3092 4352 3415 4416 δεδοικότες.
3459 4374 3478 4403 ι

299 4423 517 4477 Τούτων
565 4423 749 4478 τοίνυν
813 4426 985 4490 οὓτως
1036 4428 1291 4497 ἑχόντων,
1322 4430 1429 4502 χρὴ
1469 4433 1680 4497 πάντας
1708 4434 1805 4489 ἁν-

1984 4441 2080 4496 His
2107 4458 2240 4513 ergo
2267 4458 2325 4498 se
2351 4442 2702 4507 habentibus,
2732 4452 2951 4514 oportet
2978 4452 3036 4497 ut
3079 4460 3273 4500 omnes
3302 4446 3484 4500 homi-

227 4516 478 4587 θρώπους
511 4517 572 4570 τὸ
605 4517 746 4587 μέγα
776 4520 873 4588 τῆς
903 4520 1185 4587 εὐσεϐείας
1214 4524 1686 4594 προσδεχομένους
1712 4545 1808 4596 μυ⁹

228 4614 450 4680 στήριον
478 4609 570 4664 τοῦ
605 4611 846 4681 μεγάλου
881 4611 1017 4666 Θεοῦ
1051 4615 1145 4669 καὶ
1171 4616 1423 4691 Σωτῆρος
1443 4618 1600 4689 ἡμῶν
1630 4620 1805 4690 Ἰησοῦ

223 4701 486 4768 Χριστοῦ,
516 4705 609 4757 καὶ
644 4705 874 4775 στόματι
897 4704 1181 4774 ὁμολογεῖν
1209 4707 1310 4772 τὰς
1347 4708 1442 4762 δύο
1480 4708 1674 4778 φύσεις
1711 4712 1804 4767 τοῦ

226 4793 490 4860 Χριστοῦ,
524 4796 625 4867 τήν
649 4812 710 4849 τε
755 4796 907 4852 θείαν
937 4799 1035 4851 καὶ
1072 4799 1170 4870 τὴν
1207 4801 1578 4874 ἀνθρωπίνην.
1608 4804 1723 4858 Καὶ
1746 4807 1804 4858 ὲν

223 4885 306 4955 τῷ
326 4887 561 4958 δευτέρῳ
594 4889 702 4958 γὰρ
735 4892 871 4959 πρὸς
911 4891 1002 4945 τὸν
1034 4893 1197 4946 αὑτὸν
1227 4894 1529 4949 Σούκενσον
1558 4897 1803 4969 ὑπομνη-

228 4977 446 5048 ματικῷ
482 4980 510 5032 ὁ
557 4982 615 5032 ἐν
646 4981 821 5050 ἁγίοις
854 4983 1139 5053 Κύριλλος,
1166 4984 1282 5053 ἅμα
1321 4985 1421 5055 μὲν
1450 4987 1551 5057 τὴν
1588 4989 1801 5044 ἐκείνου

225 5064 357 5134 περὶ
415 5064 512 5137 τήν
576 5068 990 5141 ἐνανθρώπησιν
1059 5071 1340 5143 ὁρθὸδοξον
1402 5076 1804 5149 ἀποδεχόμενος

223 5157 432 5222 πίστιν,
457 5157 572 5227 ἅμα
596 5158 652 5212 δὲ
684 5159 782 5231 τὴν
805 5161 1012 5215 οἰκείαν
1040 5163 1267 5235 γνώμην
1294 5168 1637 5241 τρανώτερον
1666 5172 1798 5226 ἀποο

221 5250 460 5315 δεικνὺς,
488 5252 662 5305 ταῦτα
693 5254 1031 5323 παραδίδωσι
1063 5255 1239 5321 λέγων
1264 5275 1276 5287 ο
1310 5277 1327 5306 ι
1379 5260 1680 5331 Ὀρθὸτατα
1707 5264 1802 5333 καί

226 5344 367 5396 πάνυ
400 5344 636 5409 συνετῶς
664 5347 698 5418 ή
723 5348 790 5418 σὴ
823 5349 1095 5420 τελειότης
1121 5352 1212 5405 τὸν
1242 5354 1369 5424 περὶ
1399 5356 1494 5408 τοῦ
1521 5358 1793 5427 σωτηρίου

224 5437 432 5502 πάθους
447 5439 720 5504 ἐκτίθεται
741 5428 1041 5510 λόγον,⁵ούκ
1065 5445 1229 5499 αὐτὸν
1252 5449 1513 5519 μονογενῆ
1537 5449 1632 5503 τοῦ
1660 5450 1795 5505 θεοῦ

225 5529 352 5582 Υἱὺν
376 5529 498 5583 καθ’
524 5530 554 5585 ὅ
573 5533 887 5603 νοεῖταιξκαὶ
921 5533 1033 5587 ἐστι
1057 5535 1190 5601 Θεὸς
1208 5536 1401 5591 παθεῖν
1418 5539 1505 5601 εἰς
1529 5537 1666 5591 ἰδίαν
1700 5539 1800 5608 φύ-

225 5636 307 5671 σιν
340 5620 409 5672 ti
434 5620 688 5693 σώματος
734 5625 1143 5697 ἰσχυριζομένη,
1170 5626 1363 5680 παθεῖν
1401 5628 1455 5681 δὲ
1487 5629 1688 5699 μᾶλλον
1733 5633 1797 5699 τῇ

302 5807 324 5835 ο
356 5794 513 5854 Rom.
551 5818 602 5867 κ,
632 5804 716 5858 lt).

1902 4546 2023 4595 nes,
2072 4531 2169 4602 qui
2221 4541 2548 4603 receperunt
2591 4549 2847 4604 magnum
2896 4534 3119 4603 pietatis
3160 4536 3482 4606 mysterium

1902 4624 2001 4679 Dei
2060 4626 2238 4695 magni
2280 4635 2335 4680 et
2386 4624 2689 4680 Salvatoris
2730 4624 2905 4681 nostri
2935 4622 3340 4693 Jesui'Cliristi,
3386 4644 3482 4684 ore

1901 4717 2067 4772 etiam
2112 4717 2480 4771 conﬁteantur
2513 4709 2653 4772 duas
2696 4729 2924 4773 naturas
2965 4716 3196 4783 Christi,
3240 4718 3483 4785 divinam

1903 4818 2068 4878 atque
2095 4809 2417 4863 humanam;
2442 4809 2500 4862 In
2527 4810 2772 4864 secundo
2797 4810 2864 4864 ad
2891 4812 3145 4865 eumdem
3176 4810 3482 4866 Sucensum

1908 4899 2306 4953 commentario
2344 4908 2572 4953 sanctus
2610 4899 2877 4969 Cyrillus,
2907 4900 3068 4953 ﬁdem
3110 4899 3259 4953 illitis
3294 4901 3484 4954 ortho-

1900 4991 2098 5046 doxam
2120 4990 2189 5045 de
2212 4990 2596 5045 incarnatione
2624 4991 2875 5055 laudans,
2906 4990 3296 5061 propriamque
3317 4990 3481 5045 simul

1899 5083 2233 5138 sententiam
2285 5081 2634 5143 manifestius
2683 5083 3104 5146 demonstrans,
3152 5083 3269 5137 haec
3316 5084 3483 5139 tradit

1903 5176 2094 5229 dicens
2126 5193 2138 5228 :
2172 5193 2191 5225 ι
2222 5172 2522 5229 Verissime
2548 5186 2711 5244 atque
2750 5175 3184 5244 prudentissime
3215 5175 3483 5246 perfectio

1911 5277 2002 5324 tua
2030 5282 2341 5323 sermonem
2366 5267 2435 5322 de
2456 5267 2710 5337 passione
2729 5266 3033 5323 Salvatoris
3063 5267 3312 5337 exponit,
3340 5265 3483 5322 atlir-

1911 5375 2065 5415 mans
2112 5359 2289 5429 ipsum
2326 5357 2685 5428 Unigenitum
2739 5358 2834 5412 Dei
2895 5357 3126 5419 Filium,
3178 5358 3485 5414 secundum

1906 5447 2052 5517 quod
2102 5454 2330 5516 putatur
2361 5452 2526 5515 atque
2572 5445 2719 5500 Deus
2759 5454 2864 5510 est,
2906 5462 3015 5515 non
3049 5447 3104 5499 in
3144 5463 3241 5501 sua
3287 5456 3482 5502 natura

1907 5553 2126 5610 passum
2173 5553 2294 5592 esse
2347 5554 2470 5607 qua:
2521 5545 2647 5591 sunt
2698 5537 2984 5607 corporis,
3039 5537 3133 5592 sed
3191 5538 3378 5608 potius
3427 5539 3480 5593 in

1911 5628 2159 5685 terrestri
2220 5638 2413 5684 natura
2470 5644 2688 5700 passum
2745 5645 2906 5696 esse;
2966 5630 3277 5686 necessarie
3331 5633 3481 5687 enim
