3924 6294
437 297 577 367 1115

1566 304 2006 372 JUSTINIANI
2047 307 2564 379 IMPERATOBIS

3574 317 3710 385 1116

433 423 658 485 oportet
683 421 742 472 ut
771 411 1017 468 salvetur
1051 421 1345 483 utrumque
1377 415 1472 468 uni
1504 423 1670 486 atque
1702 417 2010 477 secundum

2117 428 2273 498 χοῖκῇ
2320 425 2516 497 φύσει·
2572 429 2655 484 δεῖ
2691 432 2800 500 γὰρ
2843 431 3160 498 ἀναγκαίως
3205 433 3494 506 ἀμφότερα
3536 437 3708 504 σώζε-

429 506 723 562 veritatem
763 506 919 572 Filio,
963 521 1072 562 non
1109 505 1218 562 dici
1267 507 1378 578 pati
1421 515 1482 562 ut
1513 509 1690 568 Deum
1739 511 1836 568 sed
1885 527 2013 584 pas-

431 614 554 654 sum
605 608 668 654 ut
705 599 1029 666 hominem;
1073 613 1200 658 caro
1245 600 1394 656 enim
1437 617 1594 672 passa
1646 612 1750 658 est.
1789 624 1808 655 ι
1839 604 2012 660 Mani-

431 691 633 750 festum
663 697 747 751 est
771 705 903 762 ergo
923 705 990 746 ex
1015 691 1200 758 dictis,
1231 692 1369 751 duas
1392 701 1638 760 naturas,
1675 694 1728 750 id
1755 704 1842 750 est
1869 695 2014 750 divi-

429 796 558 841 nam
588 796 654 837 ac
687 781 982 840 humanam
1039 784 1092 838 in
1141 799 1250 838 una
1293 784 1598 856 hypostasi,
1651 786 1798 856 quod
1837 795 1923 841 est
1958 787 2012 842 in

430 887 536 932 una
565 887 802 941 persona
842 872 1116 947 Unigeniti
1152 875 1270 928 Filii
1308 875 1406 930 Dei
1438 876 1655 931 Domini
1681 877 1852 932 nostri
1881 877 2010 934 Jesu

429 961 634 1030 Christi
685 965 920 1032 salvari;
959 967 1096 1024 dicit
1138 969 1288 1028 enim
1331 977 1574 1039 aportere
1622 977 1681 1024 ut
1729 979 2012 1042 utrumque

428 1052 664 1114 salvetur
709 1059 804 1110 uni
851 1064 1008 1128 atque
1037 1059 1201 1130 juxta
1251 1061 1528 1120 ueritatem
1567 1060 1724 1124 Filio.
1775 1062 2013 1118 Additur

431 1156 616 1202 autem
679 1157 920 1219 oportere
984 1152 1052 1210 ad
1113 1152 1574 1214 manifestaudam
1633 1154 1794 1210 nobis
1845 1153 2010 1210 ﬁdem

431 1249 586 1298 extra
653 1258 874 1300 omnem
935 1247 1370 1304 controversiam
1431 1247 1499 1302 de
1557 1247 1664 1305 hoc
1719 1247 2008 1320 dogmate;

431 1345 714 1406 utrumque
753 1353 886 1393 vero
917 1355 1026 1396 non
1072 1341 1238 1396 unius
1278 1351 1490 1398 naturae
1517 1342 1613 1398 sed
1653 1341 1885 1396 duarum
1925 1341 2012 1396 in-

431 1431 640 1486 dicium
679 1439 799 1498 est;
834 1446 961 1494 cum
991 1432 1140 1486 enim
1172 1433 1292 1502 ipse
1321 1434 1484 1488 Pater
1507 1433 1704 1490 doceat
1732 1448 1843 1492 non
1871 1433 2014 1488 divi-

429 1541 499 1579 na
537 1532 731 1581 natura
755 1539 975 1594 passum
997 1539 1141 1591 esse,
1175 1525 1269 1580 sed
1297 1535 1493 1582 natura
1519 1525 1765 1582 terrestri
1789 1541 2010 1597 passum

431 1615 622 1680 fuisse,
654 1629 818 1670 nemo
863 1616 946 1672 sic
981 1615 1247 1672 insaniret
1275 1625 1336 1671 ut
1379 1616 1545 1673 unius
1585 1626 1797 1672 naturae
1831 1619 2010 1688 ipsum

429 1721 552 1760 esse
584 1707 997 1776 suspicaretur;
1037 1707 1201 1762 unius
1242 1707 1390 1762 enim
1432 1718 1598 1776 atque
1627 1709 1876 1778 ejusdem
1907 1709 2011 1782 by-

431 1800 666 1870 postasis
697 1798 916 1856 Domini
962 1799 1141 1856 nostri
1169 1800 1300 1858 Jesu
1344 1801 1552 1861 Christi
1598 1801 1912 1872 passionem
1951 1811 2009 1858 et

431 1891 928 1964 impassibilitatem
969 1892 1220 1948 conﬁteri
1264 1893 1448 1950 edocti
1498 1910 1719 1960 sumus,
1756 1895 1854 1952 sed
1895 1911 2008 1952 non

429 1984 732 2042 secundum
765 1985 1018 2044 eamdem
1056 1997 1348 2052 naturam;
1385 1971 1724 2058 impossibile
1749 1997 1832 2045 est
1857 1989 2008 2044 enim

429 2079 486 2149 in
527 2093 635 2133 una
667 2077 976 2150 eademque
1039 2085 1237 2134 natura
1265 2078 1372 2140 sibi
1399 2079 1554 2151 juxta
1593 2079 1740 2140 idem
1771 2081 2007 2139 invicem

427 2171 776 2239 adversantia
805 2171 1245 2242 deprehendere.

500 2263 604 2317 Sed
631 2264 883 2320 veritatis
914 2265 1118 2328 hostes,
1151 2263 1527 2334 doctrinaeque
1553 2264 1778 2320 Patrum
1807 2262 2009 2319 adver-

429 2358 582 2420 sarii,
630 2357 736 2415 hoc
780 2371 890 2412 non
935 2355 1346 2419 discernentes,
1398 2355 1454 2410 in
1508 2355 1670 2410 aliam
1719 2355 2010 2410 stultitiam

429 2448 716 2516 incidunt,
761 2447 1012 2506 dicentes
1063 2462 1164 2505 eos
1209 2447 1306 2518 qui
1355 2446 1690 2505 conﬁtentur
1731 2447 2012 2510 Christum

429 2560 550 2598 esse
583 2545 754 2598 Deum
793 2553 850 2595 et
887 2542 1188 2604 lmminem,
1224 2557 1326 2596 nec
1371 2539 1522 2594 illum
1555 2555 1677 2596 esse
1718 2541 1884 2602 unius
1917 2557 2014 2598 na-

434 2645 593 2696 turas,
637 2641 698 2686 ut
739 2631 1044 2696 hominem,
1071 2648 1183 2690 non
1211 2631 1391 2692 solum
1431 2629 1570 2690 duas
1613 2639 1843 2687 naturas
1887 2647 2011 2690 esse

433 2722 486 2775 in
515 2724 738 2784 Christo
768 2724 865 2780 sed
897 2734 1008 2780 tres
1053 2723 1238 2781 dicere
1269 2723 1510 2790 debere;
1545 2723 1752 2783 etenim
1790 2740 1900 2780 una
1929 2732 2014 2780 est

431 2817 636 2877 Verbi.
693 2818 864 2873 altera
921 2816 1116 2873 animae
1159 2815 1440 2885 alteraque
1491 2823 1690 2870 natura
1734 2814 2010 2886 corporis.

434 2907 497 2962 lli
528 2907 658 2963 novi
687 2907 956 2962 malorum
985 2905 1305 2965 inventores
1345 2905 1442 2977 qui
1470 2906 1585 2961 haec
1623 2915 1901 2968 asserunt,
1933 2905 2018 2960 di-

430 3006 560 3070 cant
611 2998 896 3053 nobiscum
949 2998 1382 3061 consentiendo,
1432 3012 1496 3053 es
1531 2997 1747 3055 duabus
1795 2997 2012 3084 naturis
2038 3027 2083 3084 ο

430 3087 681 3150 constare
737 3089 1057 3154 Christum,
1121 3089 1400 3160 quomodo
1457 3089 1606 3144 istud
1663 3083 2010 3159 intelligant?

430 3185 715 3254 Quomodo
738 3183 904 3256 igitur
930 3192 1084 3240 extra
1121 3198 1324 3254 corpus
1359 3183 1600 3238 animam
1637 3190 1875 3252 raptam,
1910 3195 2008 3240 seu

429 3295 632 3351 corpus
680 3277 888 3348 absque
932 3277 1115 3330 anima
1147 3273 1496 3344 intelligunt?
1531 3273 1708 3329 Unam
1751 3273 1898 3330 enim
1943 3288 2009 3329 ex

428 3372 516 3426 liis
545 3368 798 3426 stultitiis
833 3373 980 3420 certe
1011 3365 1263 3422 ati'crent.
1301 3363 1358 3420 Si
1387 3379 1518 3420 vero
1551 3364 1694 3424 hanc
1720 3363 2007 3421 stultitiam

422 3453 788 3514 declinantes,
817 3454 1056 3508 animam
1090 3469 1154 3508 ac
1185 3467 1388 3524 corpus
1420 3452 1524 3508 sibi
1555 3451 1800 3528 rapuisse
1825 3454 2009 3518 Domi-

427 3564 562 3602 num
607 3547 834 3612 dicunt,
887 3545 990 3616 ipsi
1041 3545 1282 3617 propriis
1333 3544 1549 3600 retibus
1608 3544 1890 3616 impediti,
1942 3561 2009 3604 ex

429 3639 612 3696 tribus
633 3638 849 3717 naturis
869 3649 1129 3696 constare
1149 3637 1429 3692 Christum
1453 3637 1636 3696 dicere
1660 3637 1837 3692 coacti
1859 3635 2011 3693 vide-

429 3733 656 3788 buntur.
689 3730 1155 3800 lgnorantautem
1185 3745 1388 3784 nomen
1420 3729 1594 3794 homo,
1633 3728 1844 3799 absque
1883 3744 2011 3800 pro-

431 3822 762 3893 prietatibus
814 3830 1095 3892 sumptum
1123 3861 1139 3888 ,
1181 3821 1234 3874 in
1288 3819 1568 3888 communi
1608 3819 2009 3890 signiﬁcatione

431 3913 598 3982 sumi,
633 3913 956 3968 substantiae
995 3911 1112 3966 sive
1153 3918 1366 3966 naturae
1396 3925 1518 3965 esse
1558 3909 2007 3982 signiﬁcativum,

430 4019 495 4060 ac
525 4003 593 4060 de
623 4004 812 4060 multis
833 4002 1225 4075 bypostasibus
1255 4000 1401 4066 dici;
1431 4017 1556 4056 cum
1583 4017 1714 4057 vero
1729 4000 2010 4057 communi

431 4092 820 4162 signiﬁcationi
867 4093 1234 4162 proprietates
1265 4090 1466 4149 additae
1504 4100 1654 4156 sunt,
1703 4100 1833 4147 tunc
1869 4089 2011 4158 efﬁci

430 4180 793 4252 hypostasim,
825 4179 1240 4238 distinctionem
1288 4195 1511 4250 quoque
1549 4181 1747 4236 animae
1784 4188 1840 4236 et
1885 4197 2012 4238 cor-

429 4272 582 4341 poris
627 4271 886 4343 agnosci;
921 4271 1148 4328 traditio
1184 4271 1332 4325 enim
1373 4271 1675 4340 apostolica
1711 4281 2010 4344 utrumque

2120 515 2246 572 σθαι
2289 517 2480 594 τῷιὲνὶ
2521 519 2616 574 καὶ
2667 521 2788 576 κατ’
2822 521 3083 590 ἀλήθειαν
3135 521 3292 594 Υξῷ,
3336 526 3432 581 καὶ
3495 527 3564 582 τὸ
3631 533 3706 602 μὴ

2118 611 2350 680 πάσχειν
2369 612 2584 678 θεῖκῶς,
2604 615 2698 669 καὶ
2713 613 2774 668 τὸ
2785 615 3040 682 λέγεσθαι
3057 615 3250 676 παθεῖν
3267 617 3651 690 ἀνθρωπίνως·
3669 625 3702 695 ἡ

2116 701 2284 758 αὐτοῦ
2301 703 2410 776 γὰρ
2423 703 2661 763 πέπονθε
2679 705 2836 777 σάρξ.
2861 725 2878 758 ι
2897 707 3068 777 Δῆλον
3079 707 3260 763 τοίνυν
3275 711 3339 764 ὲκ
3352 711 3464 766 τῶν
3474 713 3602 783 είρη
3609 715 3707 784 pt-

2115 807 2242 862 νων,
2268 795 2352 852 ὅτι
2377 795 2546 850 αῑδύο
2574 797 2767 867 φύσεις
2794 801 3080 858 τουτέστιν
3102 802 3135 870 ὴ
3157 799 3280 857 θεία
3295 818 3354 856 τε
3376 803 3474 857 καὶ
3493 804 3706 875 ἀνθρω-

2116 887 2270 958 πίνη,
2293 888 2350 944 ἐν
2371 890 2438 960 τῇ
2461 891 2562 961 μιᾷ
2589 889 2910 956 ὑποστάσει,
2935 891 3073 962 ὅπερ
3099 893 3247 947 ἐστὶν
3263 895 3320 948 ὲν
3344 894 3422 963 τῷ
3442 895 3526 948 ἑνὶ
3543 913 3704 967 προσ-

2113 976 2248 1048 ώπῳ
2275 979 2368 1032 τοῦ
2393 979 2724 1050 μονογενοῦς
2743 981 2876 1037 Υἱοῦ
2891 983 2994 1042 τοῦ
3021 983 3156 1044 θεοῦ
3175 983 3272 1046 τοῦ
3299 985 3508 1054 Κυρίου
3543 986 3703 1058 ἡμῶν

2125 1069 2300 1140 Ἰησοῦ
2324 1070 2565 1142 Χριστοῦ
2590 1069 2857 1136 σώζονται
2885 1089 2899 1104 ·
2933 1075 3087 1143 λέγει
3115 1077 3247 1146 γὰρ,
3281 1075 3413 1130 δεῖν
3439 1079 3700 1147 ἀμφότε-

2102 1176 2188 1235 p_a
2215 1159 2503 1222 σώζεσθαι
2531 1160 2609 1226 τῷ
2635 1161 2727 1216 ἐνὶ
2755 1163 2853 1217 καί
2879 1163 3029 1220 κατὰ
3053 1165 3342 1232 ἀλήθειαν
3370 1167 3503 1233 ΥΙῷ.
3525 1170 3700 1240 Προσ-

2114 1251 2366 1321 κείμενον
2421 1253 2574 1309 δὲτὸ
2617 1254 2727 1308 δεῖν
2759 1256 2860 1326 τὴν
2908 1258 3299 1330 ἀναντίρρητον
3349 1259 3520 1314 αὐτοῦ
3569 1263 3700 1333 περὶ

2113 1342 2208 1406 τοῦ
2237 1343 2504 1414 δόγματος
2539 1347 2674 1416 ἡμῖν
2710 1347 3028 1418 σαφηνίζειν
3043 1348 3250 1416 γνῶσιν
3280 1365 3294 1381 ο
3327 1351 3424 1404 καὶ
3473 1351 3539 1404 τδ
3588 1353 3700 1422 ἁμα

2117 1436 2340 1502 φότερα
2375 1436 2430 1488 δὲ
2465 1437 2525 1490 ού
2562 1437 2692 1506 μιᾶς
2738 1439 2856 1491 ἐστι
2910 1439 3128 1509 φύσεως
3155 1443 3518 1509 σημαντικον,
3561 1445 3702 1497 ἀλλὰ

2113 1526 2236 1580 δύο’
2274 1527 2523 1599 καθάπερ
2577 1532 2686 1600 γὰρ
2722 1531 2750 1581 ὁ
2781 1530 2942 1594 αὐτὸς
3007 1531 3199 1602 Πατὴρ
3248 1532 3494 1588 διδάσκει
3535 1537 3598 1588 τὸ
3627 1535 3702 1604 μὴ

2115 1615 2308 1670 παθεῖν
2345 1617 2506 1672 αὐτὸν
2550 1621 2617 1690 τῇ
2659 1619 2778 1691 θείᾳ
2816 1620 3000 1688 φύσει,
3028 1621 3166 1674 ἀλλὰ
3204 1622 3396 1676 παθεῖν
3427 1626 3496 1694 τῇ
3539 1629 3698 1699 χοῖκῇ

2117 1707 2297 1775 φύσει,
2322 1709 2421 1762 ούκ
2447 1711 2512 1764 άν
2531 1727 2615 1776 τις
2643 1711 2786 1766 οὕτω
2818 1713 3034 1786 μανείη,
3053 1715 3130 1778 ὡς
3157 1715 3288 1785 μιᾶς
3312 1710 3449 1771 εἶναι
3479 1717 3702 1784 φύσεως

2108 1799 2418 1856 ὑπολαϐεῖν.
2445 1801 2591 1864 Μιᾶς
2626 1801 2724 1876 μὲν
2748 1804 2858 1874 γὰρ
2887 1804 2982 1858 καὶ
3017 1805 3116 1873 τῆς
3144 1805 3316 1875 αὐτῆς
3343 1806 3704 1872 ὑποστάσεως

2107 1892 2204 1949 τοῦ
2229 1893 2437 1963 Κυρίου
2468 1895 2626 1965 ἡμῶν
2667 1895 2845 1965 Ἰησοῦ
2885 1895 3125 1966 Χριστοῦ
3160 1897 3220 1951 τὸ
3254 1897 3430 1962 πάθος
3466 1899 3569 1952 καὶ
3602 1901 3700 1968 τὴν

2108 1970 2380 2042 ἀπάθειαν
2413 1987 2694 2057 ὁμολογεῖν
2724 1985 3106 2056 ἐδιδάχθημεν,
3141 1987 3206 2042 οὗ
3260 1988 3368 2060 μὴν
3413 1989 3566 2043 κατὰ
3601 1990 3702 2060 τὴν

2109 2077 2280 2150 αὐτὴν
2308 2077 2497 2152 φύσινο
2521 2078 2612 2132 ἐπὶ
2644 2079 2774 2148 μιᾶς
2796 2079 2904 2148 γὰρ
2941 2079 3035 2133 καὶ
3058 2080 3159 2150 τῆς
3181 2081 3356 2152 αὐτῆς
3383 2083 3608 2151 φύσεως
3633 2086 3698 2140 τά

2109 2151 2604 2240 ἀλλήλοιςέναντία
2627 2170 2769 2223 κατὰ
2797 2165 2992 2223 ταυτὸν
3023 2172 3313 2240 σημαίνειν
3337 2171 3628 2228 ἀδύνατον.

2193 2259 2334 2316 Ἀλλ’
2365 2263 2413 2314 οἱ
2457 2260 2554 2331 τῆς
2594 2259 2854 2330 ἀληθείας
2896 2260 3081 2333 ἐχθροὶ
3118 2263 3212 2316 καὶ
3232 2265 3347 2328 τοῖς
3377 2265 3488 2318 τῶν
3525 2267 3694 2320 [latio

2113 2371 2225 2425 ρων
2249 2352 2648 2422 ἐναντιούμενοι
2673 2353 2925 2424 δόγμασι,
2959 2354 3133 2408 ταῦτα
3169 2353 3246 2425 μὴ
3283 2355 3699 2428 διακρίνοντες,

2113 2447 2193 2510 εἰς
2235 2443 2426 2515 ἑτέραν
2461 2444 2624 2498 πάλιν
2689 2442 3126 2514 μεταπίπτουσιν
3181 2445 3410 2512 ἄνοιαν,
3443 2445 3699 2514 λέγοντες

2113 2537 2194 2591 ὅτι
2223 2537 2274 2597 οἱ
2301 2536 2434 2590 Θεὸν
2469 2535 2564 2590 καὶ
2585 2535 2875 2607 ἄνθρωπον
2902 2534 3298 2606 ὁμολογοῦντες
3319 2537 3412 2590 τὸν
3433 2538 3696 2609 Χριστὸν,

2113 2628 2208 2683 καὶ
2250 2627 2324 2699 μὴ
2361 2627 2612 2696 λέγοντες
2663 2626 2828 2682 αὐτὸν
2866 2627 3000 2699 μιᾶς
3037 2622 3178 2680 εῖναι
3228 2626 3468 2695 φύσεως,
3497 2627 3702 2700 ὥσπερ

2113 2719 2204 2774 τὸν
2260 2719 2570 2791 ἄνθρωπον,
2604 2719 2666 2774 οὐ
2711 2718 2806 2772 δύο
2861 2717 3024 2788 μόνον
3089 2719 3185 2772 ἐπὶ
3222 2716 3464 2788 Χριστοῦ
3507 2718 3706 2788 λέγειν

2115 2809 2586 2882 ὤφειλονοφύσεις,
2619 2810 2757 2864 ἀλλὰ
2777 2811 2930 2882 τρεῖς
2948 2825 2962 2838 ·
2993 2809 3157 2879 ἑτέρα
3181 2809 3292 2884 γὰρ
3315 2810 3348 2880 ἠ
3376 2807 3472 2862 τοῦ
3499 2809 3699 2877 Λόγου,

2113 2903 2210 2976 grai.
2263 2901 2426 2971 ἑτέρα
2470 2903 2502 2973 ἡ
2535 2902 2634 2972 τῆς
2693 2899 2893 2972 ψυχῆς,
2925 2900 3020 2954 καὶ
3057 2899 3328 2980 ἆλληὶτοῦ
3379 2899 3634 2970 σώματος
3667 2903 3704 2972 η

2116 2993 2298 3064 φύσις.
2329 2990 2515 3046 Ταῦτα
2539 2990 2595 3046 δὲ
2619 2990 2874 3057 λέγοντες
2898 2989 2950 3048 οἱ
2973 2989 3152 3042 καινοὶ
3183 2987 3296 3042 τῶν
3317 2988 3510 3042 κακῶν
3539 2989 3700 3057 sesua

2119 3086 2288 3158 ρεταὶ,
2310 3085 2620 3138 εἰπάτωσαν
2645 3083 2797 3136 αὐτοὶ
2822 3080 3318 3150 συνομολογοῦντες
3338 3083 3492 3151 ἡμῖν,
3523 3083 3590 3134 ὲκ
3611 3081 3706 3136 δύο

2115 3178 2330 3247 φύσεων
2359 3171 2500 3232 εἶναι
2541 3176 2630 3228 τὸν
2658 3172 2918 3245 Χριστὸν,
2951 3171 3067 3236 πῶς
3091 3170 3254 3226 τοῦτο
3268 3171 3517 3236 νοοῦσινς
3553 3168 3705 3242 ’Δρα

2115 3269 2191 3332 ὡς
2227 3269 2400 3340 ψυχὴν
2423 3268 2582 3330 ἐκτὸς
2612 3265 2862 3338 σώματος
2895 3264 3255 3336 ἀνειληφότα,
3285 3265 3321 3336 ἦ
3346 3264 3510 3335 σῶμα
3531 3265 3705 3334 χωρὶς

2113 3361 2328 3431 ψυχῆςς
2369 3360 2464 3419 Ἕν
2497 3357 2606 3430 γᾶρ
2652 3358 2762 3412 τῶν
2804 3357 3022 3412 ἀτόπων
3069 3359 3290 3418 πάντως
3347 3355 3702 3425 παρέξουσιν.

2116 3453 2186 3526 Εί⁴
2209 3452 2265 3506 δὲ
2301 3450 2508 3528 ταύτην
2544 3451 2644 3521 τὴν
2695 3451 2934 3503 ἀτοπίαν
2967 3447 3340 3512 ἐκκλίνοντες,
3384 3447 3480 3501 καὶ
3519 3446 3704 3518 ψυχὴν

2115 3545 2214 3599 καὶ
2245 3543 2403 3616 σῶμα
2448 3543 2700 3612 λέγουσιν
2752 3541 3109 3612 ἀνειληφέναι
3137 3541 3228 3594 τὸν
3278 3540 3510 3617 Κύριον,
3547 3541 3704 3594 αὖτσὶ

2115 3639 2236 3700 ταῖς
2264 3633 2497 3701 οἰκείαις
2531 3635 2757 3704 παγίσιν
2792 3633 3237 3704 ἐμπλεκόμενοι,
3263 3632 3608 3702 φανήσονται
3639 3635 3704 3686 ει

2114 3729 2284 3804 τριῶν
2337 3727 2554 3796 φύσεων
2599 3725 2778 3795 λέγειν
2819 3725 2913 3780 τὸν
2957 3725 3198 3796 Χριστὸν
3236 3721 3701 3792 ἀναγκαζόμενοι.

2130 3821 2408 3890 Ἀγνοοῦσι
2429 3819 2486 3872 δὲ
2517 3819 2597 3874 ὅτι
2629 3817 2690 3872 τὸ
2719 3817 3030 3886 ἄνθρωπος
3063 3815 3240 3888 ονομα
3276 3817 3409 3870 ἄνευ
3455 3815 3560 3884 μὲν
3595 3817 3705 3868 τῶν

2119 3913 2433 3982 ἰδιωμάτων
2457 3911 2770 3982 λεγόμενον,
2794 3909 2888 3963 ἐπὶ
2909 3908 3089 3964 κοινοῦ
3119 3908 3529 3980 σημαινομένου
3561 3906 3703 3976 λαμ.-

2119 4006 2364 4068 6άνεται,
2396 4004 2491 4058 καὶ
2521 4001 2706 4065 οὐσίας
2741 4001 2864 4073 Ιίλϊοι
2898 3999 3113 4069 φύσεώς
3165 4000 3286 4052 ἐστι
3338 3997 3704 4068 σημαντικὸν,

2118 4099 2214 4154 καὶ
2248 4096 2391 4155 κατὰ
2436 4094 2648 4149 πολλῶν
2701 4091 3055 4147 ὕποστάσεον
3085 4089 3348 4158 λέγεται·
3379 4088 3608 4141 ἐπειδὰν
3644 4087 3704 4140 δὲ

2118 4190 2194 4259 τῷ
2221 4189 2384 4255 κοινῷ
2413 4188 2481 4242 τά
2514 4185 2782 4256 ίδιὼμᾳτα
2813 4182 3112 4253 προστεθῇ,
3133 4180 3456 4257 ,τηνικαῦτα
3499 4181 3537 4249 ἡ
3570 4181 3705 4234 ὑπό-

2121 4297 2310 4344 στασις
2339 4276 2697 4347 ἀναφαίνεται
2721 4289 2736 4306 ·
2766 4276 2847 4330 ὅτι
2874 4273 2971 4328 καὶ
2999 4271 3239 4345 διαφορὰ
3266 4271 3452 4342 ψυχῆς
3477 4270 3578 4324 καὶ
3595 4267 3706 4322 σῶ-

431 4379 533 4417 nos
569 4361 756 4418 dicere
799 4363 978 4418 docet.
1011 4363 1181 4416 Divus
1213 4361 1418 4416 Paulus
1457 4361 1525 4418 de
1555 4363 1666 4420 illis
1693 4365 2008 4435 singulatim

2119 4388 2288 4444 ματος
2311 4368 2635 4442 γνωρίζεται
2663 4382 2678 4397 ο
2709 4365 2998 4438 ἀμφότερα
3025 4364 3135 4435 γὰρ
3162 4364 3314 4434 ἡμᾶς
3339 4362 3526 4430 λέγειν
3555 4359 3649 4414 καὶ
3667 4360 3705 4429 ἠ

431 4453 684 4524 loquens,
733 4454 971 4508 animam
1010 4468 1318 4524 corpusque
1350 4454 1660 4525 signiﬁcare
1691 4457 1904 4522 volens,
1939 4457 2008 4513 de

432 4543 658 4600 homine
683 4543 948 4618 interiore
981 4558 1044 4602 ac
1072 4544 1140 4600 de
1163 4545 1434 4602 exteriore
1469 4547 1738 4618 loquitur.
1769 4549 2012 4605 Iacobus

433 4652 570 4690 vero
613 4651 960 4692 communem
987 4637 1352 4695 substantiam
1396 4640 1756 4698 humanitatis
1782 4643 2012 4696 demon-

433 4739 619 4784 strans
655 4729 830 4784 dicit:
859 4729 1040 4787 Omnis
1087 4741 1284 4789 natura
1322 4735 1610 4791 bestiarum
1645 4743 1694 4788 et
1740 4734 2014 4790 volucrum

433 4830 485 4874 et
513 4823 832 4894 serpentium
862 4831 912 4876 et
943 4833 1250 4880 ceterorum
1275 4827 1567 4883 domantur
1595 4835 1644 4880 et
1668 4827 1868 4882 domita
1890 4837 2014 4882 sunt

437 4929 472 4964 a
511 4921 707 4966 natura
749 4901 982 4968 humana
1026 4914 1060 4953 τ’
1111 4915 1318 4974 Nomen
1367 4924 1552 4974 autem
1603 4913 1840 4972 Christus
1877 4917 2013 4972 sub-

437 5003 654 5057 stantia:
697 5020 806 5060 non
858 5015 944 5060 est
989 5005 1446 5075 signiticativum,
1496 5005 1767 5076 siquidem
1813 5023 1917 5063 nec
1958 5008 2012 5063 in

435 5097 716 5150 communi
771 5095 1172 5166 signiﬁcatione
1233 5096 1500 5161 sumitur,
1551 5114 1656 5154 nec
1705 5099 1775 5154 de
1825 5101 2014 5156 multis

440 5187 830 5257 hypustasihus
863 5188 1096 5248 dicitur.
1129 5205 1230 5244 nec
1257 5189 1432 5260 ipsum
1471 5190 1678 5262 absque
1712 5194 2019 5263 proprieta-

441 5278 590 5336 tibus
633 5281 1003 5346 conﬁtentur;
1056 5279 1185 5341 illud
1237 5281 1384 5336 enim
1434 5298 1534 5340 nos
1587 5283 1750 5338 docet
1793 5300 2016 5354 quoque

442 5382 665 5426 sanctus
691 5371 926 5443 Cyrillus
964 5372 1016 5426 in
1057 5373 1283 5430 scholiis
1323 5375 1500 5444 ipsius
1535 5375 1604 5430 de
1637 5376 2015 5432 incarnatione

439 5463 666 5518 dicens:
701 5485 718 5516 ς
748 5466 956 5521 Nomen
991 5464 1226 5522 Christus
1255 5481 1358 5520 ncc
1393 5467 1598 5522 habere
1637 5467 2017 5525 determinati-

442 5567 566 5607 um
622 5557 910 5620 virtutem,
948 5541 1323 5628 nec-quidem
1377 5559 1612 5630 alicujus
1650 5560 2014 5619 substantiam

521 5725 541 5764 ί
574 5727 692 5785 Jac.
720 5745 796 5793 ιιι,
835 5731 886 5780 7.

2113 4463 2443 4531 ἁποστολικὴ
2467 4463 2710 4517 διδάσκει
2731 4459 3050 4532 παράδοσις.
3066 4457 3124 4511 '0
3144 4457 3242 4528 μὲν
3257 4457 3368 4526 γὰρ
3394 4455 3544 4517 θεῖος
3567 4453 3709 4507 Παῦ-

2113 4555 2204 4619 λος
2228 4553 2480 4625 περὶτῶν
2505 4552 2866 4608 καθ’ἓκαστον
2888 4549 3081 4618 λέγων,
3104 4549 3197 4604 καὶ
3220 4547 3400 4620 ψυχὴν
3421 4547 3516 4600 καὶ
3545 4545 3710 4616 σῶμα

2117 4647 2288 4708 θέλων
2333 4647 2598 4719 σημᾶναι,
2629 4644 2724 4698 τὸν
2770 4644 2927 4710 ὲντδς
2959 4642 3254 4712 ἄνθρωπον
3297 4640 3392 4694 καὶ
3425 4639 3522 4694 τὸν
3549 4639 3712 4702 sua;

2119 4739 2406 4810 ἄνθρωπον
2459 4735 2740 4806 ὀνομάζει.
2801 4735 2862 4790 '0
2909 4735 2966 4788 δὲ
3038 4733 3300 4796 Ἰάκωϐος
3346 4731 3453 4800 τὴν
3516 4732 3713 4802 κοινὴν

2119 4829 2308 4884 οὐσίαν
2337 4828 2438 4896 τῆς
2461 4825 2884 4898 ἅνθρωπότητος
2911 4823 3086 4898 δηλῶν
3114 4824 3266 4891 λέγει
3286 4839 3300 4853 ·
3320 4820 3500 4877 Πᾶσα
3515 4822 3714 4891 φύσις

2119 4919 2340 4989 θηρίων
2367 4935 2430 4972 τε
2463 4918 2558 4970 καῖ
2591 4915 2884 4971 πετεινῶν
2907 4913 3173 4984 ἑρπετῶν
3214 4931 3280 4968 τε
3307 4913 3410 4968 καί
3444 4913 3717 4968 ἐναλίων

2117 5008 2432 5080 δαμάζεται
2456 5008 2558 5063 καὶ
2578 5006 2947 5078 δεδάμασται
2975 5005 3054 5074 τῇ
3081 5005 3262 5076 φύσει
3307 5002 3385 5073 τῇ
3406 5005 3714 5072 ἀνθρωπί-

2118 5120 2216 5171 νῃ.
2241 5101 2314 5155 Τὸ
2357 5101 2538 5172 μέντοι
2580 5098 2834 5168 Χριστὸς
2873 5097 3046 5170 ὄνομα
3075 5097 3176 5151 οὐκ
3221 5096 3414 5160 ούσίας
3440 5095 3579 5148 ρὲστι
3613 5111 3714 5162 ar;-

2125 5190 2406 5263 μαντικὸν,
2430 5188 2618 5260 ἐπειδὴ
2639 5185 2762 5242 οὔτε
2793 5188 2886 5246 ἐπὶ
2917 5183 3100 5240 κοινοῦ
3134 5185 3544 5257 σημαινομένου
3569 5185 3720 5253 λαμο

2124 5281 2366 5344 Gaius-rut,
2401 5280 2528 5334 οὔτε
2581 5279 2724 5334 κατὰ
2781 5278 2994 5332 πολλῶν
3041 5277 3398 5332 ὐποστάσεων
3455 5275 3716 5343 λέγεται,

2123 5372 2249 5427 οὔτε
2289 5372 2394 5443 μὴν
2439 5371 2571 5426 ἄνευ
2621 5371 2731 5424 τῶν
2773 5369 3084 5440 ἰδιωμάτων
3125 5367 3498 5439 ὁμολογεῖται.
3537 5367 3724 5421 Τοῦτο

2125 5465 2233 5534 γὰρ
2274 5466 2424 5536 ἡμᾶς
2448 5465 2542 5518 καὶ
2569 5466 2596 5518 ὁ
2617 5465 2676 5517 ὲν
2715 5461 2888 5532 ἁγίοις
2916 5461 3164 5516 διδάσκει
3193 5458 3472 5531 Κύριλ).ος
3506 5462 3573 5513 ὲν
3602 5460 3724 5522 τοῖς

2127 5559 2358 5629 σχολίοις
2387 5557 2554 5612 αὐτοῦ
2585 5559 2694 5621 τοῖς
2729 5573 2794 5608 πε
2805 5555 2858 5626 pi.
2883 5555 2982 5626 τῆς
3003 5553 3482 5622 ὲνανθρωπήσεως
3499 5549 3720 5620 λέγων,
