3924 6294
237 357 375 425 1117
1162 369 1604 439 TRACTATUS
1641 372 1943 435 CONTRA
1983 376 2592 440 MONOPHYSITAS.
3379 383 3430 448 ii
3448 384 3515 450 18

238 474 319 525 ὅτι
375 471 450 525 Τὸ
510 473 766 541 Χριστὸς
819 475 990 548 ὄνομα
1037 474 1162 530 οὔτε
1209 477 1335 548 ὅρου
1398 478 1633 553 δύναμιν
1680 480 1814 552 ἔχει,

1921 481 2221 552 aliquando
2255 499 2379 541 esse
2410 486 2744 557 signiﬁcare,
2773 487 2916 544 sicut
2941 487 3190 559 profecto
3224 487 3511 564 (nomina)

237 559 359 615 οῦτε
393 560 502 633 μὴν
533 562 634 634 τήν
663 580 809 628 τινος
832 567 1023 619 οὐσίαν
1045 567 1074 619 ὃ
1102 584 1157 619 τι
1190 568 1319 620 ποτέ
1347 570 1497 623 ἔστιν
1528 572 1814 641 σημαίνει*

1928 573 2114 641 homo,
2147 591 2244 631 seu
2273 592 2476 647 equus,
2503 593 2601 634 seu
2627 579 2748 634 bos.
2784 598 2809 644 ,ι
2844 579 2900 634 Si
2938 591 3119 637 autem
3155 581 3310 652 juxta
3336 559 3516 638 haere-

237 651 488 724 καθάπερ
532 651 728 722 ἀμέλει
773 653 1063 725 ἄνθρωπος
1103 655 1137 727 ἢ
1173 655 1342 720 ἶππος
1373 657 1406 729 ἢ
1439 657 1591 728 βοῦς.
1624 679 1642 712 ι
1676 661 1741 715 Ei
1769 662 1814 716 δὲ

1926 668 2164 724 ticorum
2232 669 2633 740 blasphemiam
2693 688 2896 728 nomen
2956 651 3191 729 Christus
3250 684 3311 738 ut
3362 677 3516 730 homo

237 742 380 796 κατὰ
417 743 516 814 τὴν
546 743 655 798 τῶν
686 746 987 815 αἱρετικῶν
1031 746 1384 819 βλασφημίαν
1424 750 1614 815 οὐσίας
1646 752 1814 824 ὑπῆρ·

1925 761 2251 817 substantiae
2297 762 2728 834 signiﬁcativum
2780 763 2903 830 fuit,
2937 766 3097 821 multi
3130 766 3333 822 Christi
3359 767 3515 837 juxta

234 851 329 902 χεν
374 832 680 911 δηλωτικὸν
716 837 778 891 τὸ
809 837 1065 905 Χριστὸς
1093 837 1266 911 ὄνομα
1289 839 1481 912 ὥσπερ
1508 842 1570 896 τὸ
1600 844 1814 913 ἄνθρως

1921 851 2046 907 illos
2094 832 2467 921 invenientur,
2519 856 2723 925 quibus
2753 872 3102 913 communem
3150 832 3514 915 substantiam

233 940 370 991 πος,
391 927 580 980 πολλοὶ
608 928 839 998 Χριστοὶ
877 931 1001 982 κατ’
1020 931 1220 994 αὑτοὺς
1256 933 1664 1005 εὑρεθήσονται,
1692 936 1814 989 καθ’

1922 946 2128 1003 Christi
2160 949 2387 1014 dicunt;
2414 951 2461 1005 si
2496 966 2632 1006 vero
2665 953 2771 1007 hoc
2806 953 3039 1023 impium
3073 952 3240 1009 fuerit
3264 953 3516 1008 omnino-

177 1018 185 1024 ’
234 1013 310 1073 ὧν
338 1018 407 1071 τὸ¹
439 1020 618 1074 κοινὸν
661 1021 762 1090 τῆς
800 1021 990 1085 οὐσίας
1035 1022 1131 1075 τοῦ
1161 1024 1400 1095 Χριστοῦ
1451 1023 1703 1094 λέγουσιν
1727 1045 1741 1059 ⁸
1768 1031 1814 1083 εἰ

1927 1055 2035 1107 que
2062 1041 2304 1096 alienum
2331 1058 2361 1096 a
2387 1041 2840 1108 Christianismo,
2876 1060 3019 1099 unus
3053 1045 3201 1099 enim
3235 1054 3319 1099 est
3354 1044 3514 1099 Jesus

236 1112 292 1164 δὲ
313 1111 471 1164 τοῦτο
509 1111 717 1175 ἀσεϐὲς
751 1112 847 1165 καὶ
897 1111 1183 1185 ἀλλότριον
1239 1116 1524 1180 παντελῶς
1558 1119 1824 1189 Χριστια-

235 1203 430 1273 νισμοὺ
460 1199 561 1274 (εἷς
618 1206 727 1277 γὰρ
781 1204 988 1278 Κύριος
1019 1205 1227 1279 Ἰησοῦς
1260 1210 1538 1281 Χριστὸς),
1579 1212 1826 1284 δηλονότι

235 1299 337 1353 οὑκ
388 1301 481 1353 ἐπὶ
536 1299 828 1367 προσώπου
879 1301 1044 1373 ῆτουν
1077 1304 1433 1371 ὑποστάσεως
1480 1308 1544 1363 τὸ
1572 1308 1826 1379 Χριστός

114 1379 123 1386 ’
234 1391 598 1461 ὁμολογεῖται.

304 1482 680 1554 Σκοπήσωμεν
722 1485 777 1538 δὲ
822 1487 917 1539 καὶ
966 1488 1142 1553 άλλως
1180 1490 1247 1562 ἢν
1305 1489 1418 1560 ἔχει
1459 1491 1727 1565 διαφορὰν
1756 1493 1817 1549 τὸ

234 1573 336 1643 τῆς
361 1574 675 1645 οἰκονομίας
702 1579 1006 1648 μυστήριον
1041 1581 1177 1651 πρὸς
1203 1582 1264 1635 τὸ
1297 1583 1442 1637 κατά
1479 1582 1571 1638 τὸν
1599 1583 1816 1657 ἄνθρω-

235 1680 336 1717 πον
368 1665 694 1738 ὑπόδειγμα.
733 1668 791 1722 Ὀ
816 1669 915 1740 μὲν
936 1672 1045 1742 γάρ
1079 1672 1365 1744 ἄνθρωπος
1386 1678 1485 1746 τῆς
1514 1675 1694 1749 ψυχῆς
1722 1678 1817 1732 καὶ

236 1755 486 1827 σώματος
516 1759 822 1828 σύγκειται,
850 1764 1177 1834 ἀμφοτέρων
1207 1766 1444 1823 κτιστῶν
1460 1783 1475 1799 ’
1497 1770 1526 1822 6
1542 1769 1816 1841 6éKtipto;

233 1846 389 1915 ἡμῶν
436 1849 644 1919 Ἰησοῦς
686 1851 923 1922 Χριστὸς
965 1854 1099 1919 Θεὸς
1147 1857 1242 1909 καὶ
1287 1856 1575 1928 ἄνθρωπος
1600 1861 1630 1913 6
1658 1861 1819 1925 αὐτὸς

234 1937 518 2007 ὑπάρχων,
538 1939 680 1993 κατὰ
714 1941 814 2011 μὲν
842 1944 940 2013 τὴν
972 1944 1208 2015 θεότητα
1236 1947 1332 2001 καὶ
1370 1949 1701 2019 προαιώνιος
1733 1950 1830 2009 καὶ

233 2020 489 2095 ἄκτιστός
515 2033 686 2098 ἐστιν,
722 2034 862 2089 κατὰ
909 2036 966 2090 δὲ
1012 2037 1111 2108 τὴν
1161 2039 1559 2113 ἁνθρωπότητα
1596 2045 1690 2099 καὶ
1710 2062 1831 2100 κτι-

237 2122 360 2186 στδς
383 2123 479 2176 καὶ
509 2126 567 2176 ὲν
582 2126 791 2197 ’χρόνῳο
819 2124 940 2180 ὅθεν
964 2128 1217 2196 ἄκτιστος
1240 2134 1270 2188 6
1285 2112 1564 2198 αὑτὸςκαὶ
1589 2137 1827 2207 κτιστδς,

235 2212 460 2283 ἄχρονος
480 2215 574 2270 καὶ
590 2219 648 2271 ὲν
679 2217 877 2290 χρόνῳ.
899 2221 1009 2274 Καὶ
1030 2221 1120 2275 διὰ
1149 2222 1305 2278 τοῦτο
1328 2228 1492 2298 ἡμεῖς
1515 2228 1694 2285 πάντα
1708 2231 1829 2295 ἑνὸς

236 2302 335 2393 καί
352 2305 449 2357 τοῦ
475 2305 1151 2393 αὑτοῦ»ὁμολογοῦντες,τὰ
1177 2315 1276 2385 μὲν
1299 2319 1368 2388 τῇ
1394 2315 1538 2389 θείᾳ,
1568 2320 1640 2375 τά
1672 2319 1728 2375 δὲ
1753 2324 1822 2393 τῇ

234 2389 552 2464 ἀνθρωπίνῃ
571 2394 734 2449 αὑτοῦ
752 2396 1080 2470 λογιζόμεθα
1112 2401 1292 2471 φύσει.
1329 2405 1680 2478 ’Δκούσωμεν
1716 2389 1827 2481 γάρ

234 2481 436 2575 καὶτοῦ
458 2486 516 2537 ἐν
532 2487 709 2554 ἁγίοις
736 2490 977 2559 Πρόκλου
1003 2494 1061 2545 ἐν
1083 2494 1162 2566 τῷ
1177 2498 1257 2559 είς
1272 2497 1372 2570 τὴν
1388 2498 1652 2555 Θεοτόκον
1680 2501 1825 2575 λόγῳ

234 2574 302 2667 τά
322 2576 676 2646 παραπλήσια
695 2579 904 2643 τούτοις
919 2584 1070 2654 ἡμᾶς
1088 2586 1519 2654 ἑκδιδάσκοντος’
1542 2591 1694 2661 λέγει
1713 2574 1824 2667 γάρ

235 2666 428 2758 QP“)?
454 2688 473 2720 ι
499 2671 668 2736 Τόκος
691 2676 1010 2747 παράδοξος,
1025 2679 1169 2751 ἀρχὴ
1191 2681 1286 2736 καὶ
1302 2684 1560 2757 οὑκάρχὴ
1583 2686 1676 2741 τοῦ
1693 2666 1822 2758 τεχξ-

237 2755 417 2846 θέντος
440 2774 456 2790 ο
469 2758 569 2826 τῆς
587 2759 686 2831 μὲν
704 2764 815 2834 γὰρ
833 2764 930 2818 ἀνθ
938 2767 1252 2839 ρωπότητος
1271 2755 1496 2841 γέγονεν
1516 2755 1659 2846 ἀρχὴ
1678 2816 1693 2841 ,
1715 2755 1822 2846 ήῦὲ

237 2845 428 2918 θεότης
479 2847 694 2920 ἔμεινεν
722 2854 975 2927 ἄναρχος.
1015 2879 1034 2910 ›
1082 2860 1175 2931 Μὴ
1207 2845 1613 2921 ἁπατάσθωσαν
1634 2845 1816 2923 τοίνυν

175 2980 183 2987 .
236 2936 285 2988 οἱ
313 2936 610 3008 ἄνθρωποι,
649 2942 784 3013 μηδὲ
811 2945 1201 3013 άπατάτωσαν,
1226 2949 1289 3001 ὲκ
1321 2949 1414 3003 τοῦ
1446 2953 1588 3006 κατὰ
1609 2954 1700 3006 τὸν
1722 2954 1818 3009 ἄν-

237 3028 454 3103 θρωπον
480 3030 902 3103 ὕποδείγματος,
932 3040 1063 3108 μιᾶς
1091 3041 1279 3105 οὐσίας
1306 3039 1446 3097 εἶναι
1466 3044 1559 3098 τὸν
1582 3046 1820 3117 Χριστὸν

1928 1127 2205 1194 Christus,
2229 1131 2520 1186 evidenter
2544 1148 2657 1187 non
2681 1134 2735 1188 in
2761 1150 2995 1205 persona
3025 1133 3204 1189 autin
3233 1133 3512 1206 hypostasi

1931 1219 2214 1275 Christum
2237 1220 2589 1277 conﬁteantur.

1993 1493 2381 1564 Expendemus
2408 1506 2591 1553 autem
2622 1498 2783 1554 aliter
2810 1514 2976 1570 quam
3008 1498 3377 1555 diderentiam
3406 1497 3508 1554 ha-

1923 1586 2052 1643 beat
2073 1590 2397 1644 oeconomia.»
2423 1591 2747 1662 mysterium
2768 1591 2837 1645 ad
2869 1589 3152 1661 exemplar
3177 1605 3248 1645 ex
3284 1590 3507 1644 homine

1921 1689 2225 1751 sumptum.
2288 1682 2464 1738 Homo
2509 1683 2732 1753 quidem
2788 1697 2856 1738 ex
2904 1683 3087 1737 anima
3154 1692 3212 1737 et
3274 1696 3508 1751 corpore

1919 1783 2009 1830 est
2061 1776 2434 1846 compositus,
2492 1785 2728 1846 utroque
2777 1786 2996 1842 creato;
3052 1774 3317 1831 Dominus
3375 1791 3510 1830 vero

1931 1875 2121 1922 noster
2148 1866 2307 1923 Jesus
2340 1867 2597 1925 Christus
2638 1868 2786 1927 Deus
2826 1868 3083 1938 idemque
3122 1868 3309 1932 homo,
3353 1867 3509 1935 juxta

1930 1958 2154 2027 quidem
2202 1958 2583 2026 divinitatem,
2627 1968 2875 2016 εισι-συί
2940 1960 3327 2028 iucreatusque
3400 1966 3512 2023 est,-

1924 2048 2080 2119 juxla
2106 2064 2239 2105 vero
2264 2049 2667 2108 humanitatem
2687 2058 2942 2109 creatura
2972 2058 3057 2105 est
3084 2059 3250 2119 atque
3282 2051 3336 2103 in
3365 2057 3507 2103 tem.-

1928 2153 2064 2209 pore
2099 2141 2337 2211 genitus.
2373 2141 2529 2199 Unde
2572 2142 2720 2199 idem
2760 2152 2846 2200 est
2872 2143 3152 2200 increatus
3175 2150 3234 2197 et
3264 2151 3504 2208 creatus,

1927 2240 2056 2289 ante
2095 2240 2347 2302 tempora
2388 2248 2454 2290 ac
2481 2234 2538 2290 in
2580 2242 2862 2306 tempore;
2893 2233 3507 2306 proptereaque‘omnla

1926 2322 1996 2378 de
2046 2337 2159 2380 uno
2199 2323 2506 2395 eodemque
2561 2340 2666 2382 nos
2709 2326 3065 2392 conﬁtentes,
3114 2326 3220 2382 alia
3270 2324 3503 2390 divinae,

1925 2413 2033 2469 alia
2077 2429 2211 2470 vero
2262 2415 2519 2472 humana:
2568 2417 2691 2486 ejus
2740 2427 2951 2474 natum
3006 2417 3326 2473 tribuimus.
3375 2418 3507 2474 Au-

1924 2504 2143 2561 diamus
2184 2506 2330 2565 enim
2370 2508 2537 2563 etiam
2570 2516 2821 2564 sanctum
2868 2509 3118 2564 Proclum
3153 2510 3208 2563 in
3248 2524 3504 2565 sermone

1922 2596 1992 2652 de
2054 2596 2228 2653 Matre
2304 2598 2437 2665 Dei,
2489 2599 2690 2655 similia
2741 2600 2828 2654 his
2881 2601 3205 2668 docentem;
3264 2600 3347 2656 sic
3394 2617 3501 2683 au-

1921 2698 2034 2746 tem
2080 2691 2378 2763 loquitur:
2428 2713 2447 2745 ι
2492 2692 2758 2749 Mirabilis
2815 2704 3026 2764 partus,
3065 2696 3396 2766 principium
3437 2712 3502 2752 ac

1920 2797 2032 2838 non
2077 2784 2413 2854 principium
2456 2787 2575 2856 ejus
2620 2788 2713 2856 qui
2761 2787 2862 2841 fuit
2913 2787 3130 2853 editus;
3185 2789 3501 2843 humanita-

1921 2874 1993 2930 tis
2037 2876 2185 2930 enim
2236 2876 2418 2932 factus
2465 2887 2550 2933 est
2602 2880 2957 2950 principium,
3002 2879 3268 2935 divinitas
3315 2890 3499 2938 autem

1918 2967 2185 3021 remansit
2227 2968 2349 3024 sine
2400 2969 2697 3039 principio.
2735 2989 2754 3022 ι
2805 2970 2886 3026 Ne
2938 2970 3106 3041 igitur
3152 2971 3500 3041 decipiantur

1918 3056 2009 3112 isti
2046 3058 2299 3115 homines
2340 3076 2522 3131 neque
2564 3061 2875 3132 decipiant,
2918 3077 2987 3118 ex
3017 3063 3269 3133 exemplo
3302 3078 3500 3117 secun-

236 3120 650 3191 τερατευόμενοι
670 3138 685 3153 ⁸
718 3124 786 3178 τά
828 3126 937 3197 γὰρ
985 3127 1361 3199 ὑποδείγματα
1383 3133 1445 3185 οὐ
1475 3132 1563 3186 διὰ
1597 3133 1814 3187 πάντων

1921 3146 2053 3202 dum
2110 3149 2390 3205 hominem
2431 3120 2708 3233 sumpto:
2756 3152 2936 3207 'unius
3002 3168 3123 3208 esse
3177 3120 3498 3209 substantia:

235 3211 397 3281 ὅμοιά
426 3212 575 3266 ἐστιν
600 3213 830 3278 ἐκείνοις
849 3255 865 3278 ,
895 3213 969 3271 ὧν
1003 3220 1082 3281 είς
1104 3219 1406 3290 ὑπόδειγμα
1431 3220 1770 3290 λαμϐάνεται
1787 3238 1812 3267 ο

235 3308 283 3358 εἰ
325 3305 433 3376 γὰρ
465 3306 551 3360 διὰ
576 3306 793 3372 πάντως
839 3309 1003 3379 ὃμοια
1029 3309 1226 3381 εὑρεθῇ
1256 3348 1272 3373 ,
1302 3311 1370 3362 τά
1407 3310 1547 3365 αὑτὰ
1592 3313 1811 3376 πάντως

235 3397 388 3451 ἔσται
408 3399 504 3451 καὶ
522 3400 584 3451 οὐ
611 3399 1051 3470 παραδείγματα.
1086 3400 1193 3453 Καὶ
1229 3402 1256 3455 6
1286 3401 1344 3455 ὲν
1364 3402 1543 3470 ἁγίοις
1571 3403 1675 3475 γὰρ
1698 3404 1811 3458 Κύ-

239 3487 414 3556 ριλλος
443 3491 566 3541 κατ’
598 3488 752 3545 οὐδὲν
777 3489 962 3561 ἕτερον
1001 3489 1079 3561 τῷ
1103 3489 1195 3544 τοῦ
1220 3490 1508 3558 ἀνθρώπου
1544 3493 1810 3566 κέχρηται

234 3576 665 3647 παραδείγματι,
702 3577 840 3650 πλὴν
865 3578 955 3631 διὰ
987 3580 1147 3649 μόνον
1175 3581 1235 3633 τὸ
1258 3580 1508 3637 ἐκϐαλεῖν
1539 3582 1638 3653 τὴν
1661 3583 1811 3637 Παύ-

233 3665 327 3721 λου
355 3668 449 3720 καὶ
477 3667 774 3738 Νεστορίου
806 3668 1177 3741 βλασφημίαν,
1208 3671 1313 3725 τῶν
1334 3673 1685 3743 διαιρούντων
1711 3676 1811 3737 τὰς

235 3758 429 3828 φύσείς
449 3759 544 3814 ἀπ’
572 3759 837 3830 ἀλλήλων,
866 3762 959 3816 καὶ
989 3763 1069 3826 είς
1096 3762 1189 3816 δύο
1209 3764 1474 3835 πρόσωπα
1494 3767 1660 3838 ήγουν
1686 3767 1812 3823 ὑπο·

234 3849 452 3914 στάσεις
479 3850 682 3915 ταύτας
699 3851 1103 3922 λαμϐανόντων,
1132 3856 1226 3909 καὶ
1247 3857 1500 3913 ἐντεῦθεν
1527 3860 1620 3914 δύο
1645 3861 1810 3926 Υίοὺς

230 3941 327 3994 καὶ
357 3941 450 3995 δύο
466 3943 738 4012 Χριστοὺς
763 3942 1049 4012 λεγόντων,
1090 3945 1184 4000 ἕνα
1212 3948 1311 4017 μὲν
1337 3947 1436 4014 τὸν,
1459 3951 1525 4003 ὲκ
1553 3948 1646 4004 τοῦ
1671 3950 1807 4005 Θεοῦ

229 4033 326 4087 καὶ
348 4032 562 4103 Πατρδς
592 4034 754 4113 Υίδν,
786 4035 972 4109 ἕτερον
1010 4036 1066 4090 δὲ
1113 4038 1203 4092 τὸν
1235 4041 1299 4093 ἐκ
1334 4043 1430 4112 τῆς
1475 4041 1633 4110 ἁγίας
1658 4027 1815 4113 Bap?

230 4123 385 4178 θὲνου
410 4125 504 4178 καὶ¹
531 4109 795 4181 Θεοτόκου
833 4129 1054 4200 Μαρίας
1082 4109 1552 4189 ἀναπλαττόντων.
1601 4136 1687 4200 Ὠς
1721 4109 1809 4191 διὰ

228 4216 389 4270 τοῦτο
415 4219 549 4289 μηδὲ
573 4218 836 4275 Θεοτόκον
856 4223 1024 4296 αὐτὴν
1044 4225 1174 4296 παρ’
1199 4227 1378 4282 αὐτῶν
1401 4229 1805 4299 ὁμολῖγεῖσθαι,

227 4307 368 4361 ἀλλὰ
393 4309 485 4362 τὸν
532 4309 592 4376 ἐξ
619 4313 788 4383 αὐτῆς
823 4316 1152 4386 γεννηθέντα
1172 4357 1188 4382 ,
1219 4318 1374 4389 ψιλὸν
1401 4320 1688 4392 ἄνθρωπον
1717 4322 1805 4376 λέ-

229 4398 443 4466 γεσθαι,
492 4401 675 4472 χάριτι
716 4404 773 4456 δὲ
815 4404 907 4459 καὶ
943 4406 1213 4462 οἰκειώσει
1237 4411 1329 4463 καὶ
1377 4412 1556 4483 σχέσει
1580 4417 1645 4484 τῇ
1670 4415 1809 4486 πρὸς

1918 3236 2201 3294 Christum
2235 3241 2601 3309 mentientes;
2638 3242 2973 3313 exemplaria
3016 3242 3164 3299 enim
3210 3258 3321 3297 non
3369 3251 3498 3297 sunt

1918 3332 1975 3385 in
2000 3334 2258 3389 omnibus
2287 3335 2491 3390 similia
2512 3335 2621 3391 illis
2642 3352 2880 3406 quorum
2908 3347 3202 3392 sumuntur
3225 3337 3281 3391 in
3309 3352 3492 3391 exem-

1917 3424 2069 3495 plar;
2097 3425 2143 3480 si
2185 3426 2331 3481 enim
2363 3427 2591 3482 omnino
2634 3428 2836 3482 similia
2869 3427 3269 3492 invenirentur,
3302 3428 3494 3483 eadem

1919 3515 2144 3571 omnino
2191 3526 2399 3583 essent,
2422 3533 2534 3574 non
2573 3520 2928 3589 exemplaria.
2981 3519 3215 3575 Sanctus
3259 3519 3496 3592 Cyrillus

1918 3613 2105 3662 autem
2138 3609 2393 3677 exemplo
2437 3609 2691 3664 hominis.
2707 3610 2775 3664 ad
2822 3610 2961 3665 nihil
2989 3610 3138 3663 aliud
3171 3611 3347 3665 utitur
3389 3610 3492 3664 nisi

1918 3696 1986 3752 ad
2033 3695 2431 3767 proﬂigandam
2476 3698 2631 3753 Pauli
2681 3713 2749 3753 ac
2795 3698 3031 3754 Nestorii
3076 3699 3492 3769 blasphemiam,

1918 3784 2284 3845 dividentium
2340 3795 2570 3844 naturas
2608 3789 2946 3844 abinvicem
2972 3790 3203 3859 illasque
3255 3791 3310 3844 in
3356 3789 3499 3847 duas

1917 3891 2185 3948 personas
2218 3880 2305 3934 vel
2333 3879 2658 3951 hypostases
2688 3881 3298 3951 comprehendentium.
3334 3880 3493 3936 inde-

1917 3983 2023 4037 que
2046 3968 2186 4037 dnps
2214 3969 2379 4025 Filios
2402 3970 2651 4040 duosque
2670 3971 2924 4026 Christos
2947 3971 3270 4037 dicentium,
3322 3986 3501 4026 unum

1916 4057 2138 4127 quidem
2178 4074 2244 4121 ex
2274 4060 2389 4114 Deo
2426 4069 2483 4115 et
2529 4062 2690 4116 Patre
2722 4061 2941 4127 Filium,
2970 4063 3205 4116 alterum
3252 4077 3382 4118 vero
3425 4077 3495 4117 ex

1914 4148 2088 4203 Matre
2142 4148 2211 4203 de
2252 4149 2420 4207 Maria
2466 4152 2814 4223 ﬁngentium.
2845 4153 3081 4223 Propter
3121 4152 3227 4209 hoc
3267 4154 3499 4209 Matrem

1914 4242 2012 4297 Dei
2042 4243 2190 4299 illam
2218 4260 2326 4301 non
2360 4243 2714 4311 conﬁtentur,
2741 4245 2836 4300 sed
2859 4247 2955 4315 qui
2980 4244 3049 4300 de
3078 4246 3173 4301 illa
3203 4255 3364 4301 natus
3385 4257 3497 4311 est,

1914 4348 2128 4390 merum
2158 4335 2436 4392 hominem
2460 4335 2692 4403 dicunt;
2728 4337 2996 4395 charitate
3024 4353 3176 4403 vero,
3208 4337 3496 4395 familiari-

1914 4431 2048 4489 tate,
2104 4425 2582 4497 relationibusque
2623 4428 2739 4483 suis
2781 4444 2910 4499 erga
2943 4428 3143 4485 Filium
3186 4429 3496 4486 secundum

227 4491 322 4543 τὸν
343 4491 482 4546 κατὰ
509 4492 668 4563 φύσιν
699 4494 848 4563 Υίὸν,
870 4496 970 4567 τῆς
992 4498 1237 4570 υίότητος
1260 4502 1324 4555 ὲκ
1347 4506 1625 4576 προκοπῆς
1646 4506 1806 4577 ἠξιῶο

1921 4525 2166 4571 naturam
2188 4557 2203 4583 ,
2242 4517 2297 4573 iu
2338 4531 2621 4590 pomerum
2657 4521 3066 4579 maternitatem
3102 4521 3346 4579 divinam
3375 4538 3487 4578 me.

229 4582 294 4635 σθ
305 4601 383 4642 αι.

301 4668 439 4740 Πρὸς
456 4670 730 4740 ἀπόδειξιν
744 4674 801 4728 δὲ
824 4674 918 4730 τοῦ
943 4677 1026 4732 ὅτι
1042 4677 1215 4734 ταῦτα
1238 4680 1410 4746 οὑτως
1444 4684 1806 4760 ἐϐλασφήμηο

230 4778 330 4815 σαν
362 4762 573 4829 Παῦλος
601 4784 659 4819 τε
691 4770 785 4821 καὶ
826 4769 1143 4844 Νεστόριος,
1173 4775 1237 4828 ὲκ
1265 4777 1374 4831 τῶν
1403 4781 1807 4851 γεγραμμένων

228 4852 413 4916 αὐτοῖς
436 4856 703 4911 ἀσεϐειῶν
731 4859 920 4927 ὀλίγας
944 4864 1316 4937 παρεθέμεθα,
1343 4866 1442 4940 τὴν
1463 4870 1668 4925 τούτων
1704 4890 1808 4940 μα-

229 4943 347 4996 νίαν
390 4948 525 4999 πᾶσι
572 4950 918 5022 Χριστιανοίς
964 4955 1393 5025 στηλιτεύοντες.
1425 4960 1590 5028 Λέγει
1621 4962 1751 5031 γοῦν
1778 4967 1809 5018 6

227 5034 431 5107 ἀσεϐὴς
478 5039 688 5104 Παῦλος
731 5044 791 5096 ὲν
841 5048 952 5109 τοῖς
999 5049 1127 5120 περὶ
1162 5050 1326 5104 αὐτοῦ
1372 5038 1803 5126 πεπραγμένοις·

233 5144 252 5177 ι
296 5126 562 5197 Συνῆλθεν
612 5135 639 5185 6
691 5135 862 5203 Λόγος
895 5137 972 5207 τῷ
1015 5139 1079 5193 ἐκ
1116 5141 1282 5194 Δαϐὶδ
1325 5146 1727 5219 γεγεννημένῳ,
1746 5148 1807 5211 ὃς

226 5220 375 5273 ἐστιν
437 5224 643 5292 Ἰησοῦς
696 5227 929 5297 Χριστὸς
972 5233 1001 5284 6
1049 5232 1329 5304 γεννηθεῖς
1382 5239 1446 5292 ἐκ
1494 5238 1806 5310 Πνεὺματος

227 5308 405 5376 ἁγίου.
434 5313 541 5364 Καὶ
559 5314 748 5368 τοῦτον
778 5317 876 5386 μὲν
901 5319 1134 5388 ἡνεγκεν
1157 5324 1191 5394 ἡ
1219 5324 1491 5396 Παρθένος
1513 5328 1602 5382 διὰ
1628 5308 1803 5384 Πνεῦ-

230 5415 398 5470 ματος
428 5401 608 5469 άγίου,
649 5406 856 5479 ἐκεῖνον
883 5406 938 5459 δὲ
966 5408 1058 5463 τὸν
1095 5412 1267 5478 Λόγον
1297 5413 1586 5485 ἐγέννησεν
1614 5420 1642 5471 6
1673 5419 1805 5484 Θεὸς

224 5492 356 5549 ἄνευ
404 5495 682 5568 Παρθένου
734 5500 830 5554 καὶ
889 5501 1018 5556 ἄνευ
1064 5504 1207 5569 τινὸς
1244 5505 1480 5576 οὐδενὸς,
1531 5509 1672 5581 πλὴν
1710 5512 1804 5567 τοῦ

226 5583 399 5638 Θεοῦ·
426 5589 525 5641 καὶ
556 5588 729 5654 οὕτως
758 5590 966 5665 ὑπέστη
995 5596 1023 5649 6
1047 5595 1236 5664 Λόγος.
1272 5616 1291 5650 ›
1320 5600 1427 5654 Καὶ
1459 5601 1621 5657 πάλιν
1654 5607 1683 5658 6
1710 5606 1806 5659 αὑο

226 5676 319 5768 τὸς
341 5678 540 5752 ἀσεϐὴς
571 5680 781 5746 Παῦλος
806 5685 950 5754 λέγει
980 5703 993 5716 ο
1028 5704 1046 5738 ι
1101 5687 1158 5741 '0
1188 5689 1360 5757 Λόγος
1390 5693 1591 5761 μείζων
1618 5692 1686 5768 ἦν
1711 5699 1804 5755 τοῦ

225 5767 499 5838 Χριστοῦ·
553 5772 785 5843 Χριστὸς
828 5774 915 5830 διὰ
955 5778 1147 5847 σοφίαν
1195 5780 1396 5849 μείζων
1443 5767 1694 5852 ἐγένετο·
1746 5790 1806 5843 τὸ

1914 4608 2044 4661 ruit.

1980 4699 2064 4755 Ad
2092 4700 2442 4770 probandum
2497 4703 2726 4763 Paulum
2780 4719 2845 4761 ac
2878 4705 3195 4765 Nestorium
3251 4708 3334 4765 sic
3364 4708 3490 4764 blav

1913 4788 2256 4860 spitemasse,
2288 4793 2544 4863 quaedam
2591 4810 2660 4852 ex
2699 4811 2893 4851 eorum
2925 4798 3147 4867 scriptis
3175 4798 3360 4867 impiis
3406 4809 3492 4854 at-

1913 4881 2164 4945 tulimus,
2194 4886 2457 4943 omnibus
2475 4884 2808 4943 Christianis
2846 4889 3116 4945 insaniam
3158 4905 3355 4946 eorum
3393 4890 3490 4945 de-

1911 4975 2247 5037 nuntiantis.
2279 4976 2407 5031 Haec
2429 4977 2653 5045 quidem
2682 4978 2820 5035 dicit
2855 4981 3059 5050 impius
3090 4981 3293 5036 Paulus
3318 4980 3375 5035 in
3401 4981 3497 5039 his

1913 5079 2036 5133 quae
2090 5064 2160 5121 de
2201 5065 2308 5121 hoc
2346 5067 2570 5136 scripsit
2593 5087 2663 5123 ac
2695 5072 2934 5126 Verbum
2985 5088 3043 5128 se
3091 5071 3379 5141 conjunxit
3417 5072 3491 5128 ad

1914 5153 2068 5208 illum
2100 5155 2197 5224 qui
2231 5171 2299 5210 ex
2350 5158 2520 5213 David
2558 5160 2742 5217 fuerat
2785 5165 3027 5233 genitus,
3066 5164 3160 5234 qui
3198 5173 3284 5220 est
3330 5164 3508 5238 Iesus.

1911 5242 2166 5317 Christus
2193 5257 2497 5317 conceptus
2537 5250 2605 5306 de
2653 5251 2858 5322 Spiritu
2898 5263 3110 5311 sancto.
3163 5255 3322 5312 lianc
3365 5258 3491 5325 qui-

1912 5333 2038 5390 dem
2064 5335 2270 5393 virtute
2294 5337 2538 5408 Spiritus
2581 5343 2758 5398 sancti
2792 5345 2958 5416 Virgo
3009 5347 3254 5417 portavit
3278 5387 3293 5413 ,
3349 5348 3486 5404 illud

1911 5441 2045 5480 vero
2085 5427 2325 5483 Verbum
2355 5431 2476 5486 sine
2515 5431 2740 5504 Virgine
2779 5435 3010 5506 sineque
3056 5439 3224 5497 ullius
3255 5441 3483 5501 auxilio.

1912 5532 2143 5590 excepto
2180 5523 2314 5587 Deo,
2365 5526 2558 5596 genuit
2581 5528 2761 5596 Deus,
2825 5532 3015 5602 sicque
3056 5533 3308 5589 substitit
3345 5535 3482 5591 Ver-

1913 5612 2065 5667 bum.
2110 5631 2128 5664 ι
2173 5614 2320 5669 ldcm
2349 5626 2534 5680 autem
2578 5620 2781 5692 impius
2809 5624 3008 5681 Paulus
3026 5625 3163 5683 dicit
3201 5626 3483 5684 :Verbum

1914 5705 2090 5774 majus
2117 5715 2236 5771 erat
2256 5708 2511 5778 Christo;
2535 5712 2790 5771 Christus
2817 5717 3098 5788 sapientiae
3114 5718 3287 5789 gratia
3310 5719 3483 5787 major

1914 5795 2094 5851 factus
2126 5805 2242 5852 cst:
2268 5799 2608 5870 majestatcm
2636 5808 2916 5877 sapientia:
2941 5826 3009 5867 nc
3034 5809 3477 5868 subtrahamua-D
