3924 6294
264 232 392 298 1121

1185 233 1627 296 TRAC’I'ATUS
1665 231 1962 293 CONTRA
2006 230 2599 293 MONOPHYSITAS.

3386 227 3524 293 1122

258 349 520 404 Θεοτόκον
548 347 622 418 μὴ
664 347 982 416 ὀμολογιῐνυ
1017 346 1109 398 καὶ
1162 348 1296 417 μήτε
1347 346 1655 417 προφήταις
1708 346 1835 416 μήτε

1953 343 2383 397 confutationem
2432 354 2614 398 autem
2667 343 2886 397 illorum
2929 341 3228 413 impietatis
3263 358 3436 411 pauca
3460 359 3527 399 ex

262 440 615 510 Εὐαγγελίοις
671 440 809 510 μήτε
870 441 982 502 τοῖς
1046 438 1423 502 ἀποστολικοίς
1489 437 1838 509 κηρύγμασιν

261 528 599 583 ἀκολουθεῖν.
664 528 808 598 Πρὸς
841 526 1158 596 ἔλεγχον,δὲ
1196 525 1298 596 τῆς
1340 525 1520 580 αὐτῶν
1560 526 1836 590 ἀσεϐείας,

259 622 446 690 ὀλίγας
475 621 540 674 ὲκ
579 618 788 672 πολλῶν
814 618 1096 689 Γραφικάς
1127 617 1474 688 παρεθέμεθα
1510 620 1835 689 μαρτυρίας.

272 711 544 784 Ἱερεμίας
579 709 709 782 γὰρ,
747 727 802 764 κ.
827 729 880 764 τ.
903 709 954 765 λ.
995 712 1074 778 (1)
1117 709 1266 782 [ϐοά.
1297 727 1350 780 p.
1374 710 1530 782 222.]
1557 714 1646 763 Δεί
1663 711 1719 762 δὲ
1749 711 1839 764 τὸν

260 801 702 872 ἀναγινώσκοντα
732 801 1022 872 προσέχειν
1049 803 1162 863 τοῖς
1193 800 1289 852 τοῦ
1320 801 1588 871 Κυρίλλου
1614 799 1793 870 λόγοις
1821 817 1836 832 ο

259 893 430 948 εἰπὼν
463 893 571 964 γάρ
618 893 720 946 οὐκ
753 893 1018 962 ἀνάχυσίν
1061 910 1182 946 τινα
1203 894 1302 959 τὴν
1325 895 1405 954 είς
1435 891 1697 961 ἀλλήλους
1733 892 1840 945 τῶν

258 988 474 1054 φύσεων
496 985 835 1055 πεπρᾶχθαι,
869 985 1052 1055 μένειν
1084 983 1139 1037 δὲ
1172 982 1371 1054 μᾶλλον
1394 985 1663 1054 ἑκατέραν
1694 986 1750 1036 ἐν
1771 985 1836 1055 τῇ

261 1081 474 1140 ἑνώσει,
509 1078 668 1131 τοῦτο
702 1078 839 1148 ὅπερ
861 1077 977 1128 ἐστὶ
1012 1075 1196 1145 σαφῶς
1233 1075 1475 1129 διδάσκει
1505 1078 1599 1137 τὰς
1625 1075 1720 1128 δύο
1748 1078 1842 1144 φύε

267 1187 374 1235 τεις
397 1170 499 1240 τῆς
539 1169 794 1237 θεότητος
821 1169 914 1220 καὶ
952 1167 1051 1236 τῆς
1083 1166 1505 1237 ἁνθρωπότητος
1528 1207 1542 1231 ,
1577 1168 1635 1219 ἐν
1656 1165 1730 1235 τῷ
1760 1166 1841 1219 ἐνὶ

267 1262 538 1332 προσώπῳ
562 1259 654 1315 τοῦ
682 1259 886 1330 Κυρίου
909 1257 1070 1328 ἡμῶν
1106 1257 1280 1328 Ἰησοῦ
1308 1257 1544 1328 Χριστοῦ
1571 1256 1840 1323 σώζεσθαί

261 1370 321 1408 τε
351 1355 447 1408 καὶ
473 1349 874 1422 ὁμολογεῖσθαι.
927 1348 1018 1414 Ἐξ
1061 1341 1136 1402 ὧν
1176 1347 1576 1418 συνωθούμενοι
1612 1349 1661 1400 οἱ
1691 1349 1840 1418 alpe-

260 1448 425 1512 τικοι,
469 1447 660 1516 ἑτέραν
710 1444 872 1496 πάλιν
922 1440 1228 1495 ἐπινοοῦσιν
1283 1441 1577 1494 ἀσέϐειαν·
1618 1439 1715 1493 καὶ
1752 1439 1841 1492 διά

260 1537 464 1606 ταύτης
499 1537 596 1607 τὴν
637 1535 907 1606 προτέραν
957 1534 1276 1586 ὲπισκιάσαι
1311 1531 1646 1602 βουλόμενοι.
1684 1533 1839 1584 Ἔστι

261 1629 370 1700 γὰρ
402 1629 491 1681 ὅτε
552 1627 647 1680 καὶ
701 1627 829 1695 μίαν
877 1623 1130 1678 σύνθετον
1183 1623 1585 1677 ἀναπλάττουσι
1636 1621 1836 1691 φύσιν·

1941 435 2195 505 plurimis
2221 433 2537 488 testimonia
2565 433 2974 503 Scripturarum
3012 433 3323 503 selegimus.
3354 432 3535 503 Opor:

1943 533 2020 581 tet
2054 536 2236 580 autem
2284 534 2344 579 ut
2405 524 2580 579 lector
2609 525 2888 580 adhaereat
2920 523 3108 595 Cyrilli
3138 524 3490 579 sermonibus
3520 544 3536 577 :

1941 625 2228 687 postquam
2263 616 2411 671 enim
2444 615 2580 670 dixit
2612 617 2820 669 nullam
2867 615 3190 670 eil‘usionem
3216 627 3537 670 naturarum

1943 707 1999 760 in
2025 722 2083 762 se
2112 707 2350 762 invicem
2384 706 2581 760 factam
2603 706 2798 771 fuisse,
2817 707 3124 762 subsistere
3146 714 3330 760 autem
3355 707 3540 777 potius

1942 810 2388 866 unamquamque
2411 797 2465 849 in
2491 796 2722 860 unitate,
2753 796 2859 850 hoc
2877 797 3022 866 quod
3049 812 3241 851 verum
3265 807 3371 860 est,
3391 797 3540 851 clare

1941 885 2124 950 docet,
2164 888 2379 941 scilicet
2400 887 2537 941 duas
2561 897 2789 942 naturas
2815 887 3123 942 divinitatis
3146 896 3310 957 atque
3344 887 3541 942 buma-

1941 979 2134 1034 nitatis
2179 979 2232 1033 in
2266 995 2370 1033 una
2406 994 2641 1049 persona
2685 978 2904 1033 Domini
2953 979 3131 1032 nostri
3166 977 3296 1034 Jesu
3326 978 3537 1044 Christi

1943 1071 2141 1125 salvari
2167 1085 2229 1125 ac
2246 1071 2420 1124 credi.
2449 1070 2526 1124 Ex
2555 1070 2642 1124 his
2663 1069 3081 1140 progredientes
3103 1070 3375 1136 haeretici,
3397 1072 3538 1126 alte-

1944 1179 2059 1217 ram
2113 1163 2311 1223 iterum
2345 1163 2700 1231 excogitant,
2733 1163 3097 1233 impietatem,
3143 1161 3385 1232 priorem
3445 1164 3536 1218 illa

1919 1249 2251 1323 protegere
2286 1254 2562 1330 volentes.
2619 1253 2842 1309 Scilicet
2887 1265 3138 1309 naturam
3173 1253 3537 1326 compositam

1943 1343 2330 1412 imaginantur,
2357 1344 2696 1413 ignorantes,
2735 1345 2880 1399 sicut
2916 1344 3267 1400 documentis
3307 1346 3538 1400 Patrum

1943 1431 2048 1486 fuit
2073 1432 2538 1499 demonstratum,
2572 1432 2821 1502 itemque
2854 1449 2953 1488 nos
2989 1435 3249 1504 superius
3273 1433 3537 1496 diximus.

1943 1531 2151 1577 natura
2179 1539 2378 1578 nomen
2423 1524 2491 1579 de
2517 1540 2577 1580 re
2607 1525 2889 1578 communi
2919 1525 3052 1584 dici,
3093 1523 3320 1595 aliquod
3344 1525 3542 1581 indeﬁ-

1944 1615 2122 1668 nitum
2183 1615 2498 1685 signiﬁcare
2554 1616 2855 1685 multisque
2908 1617 3165 1685 personis
3219 1617 3538 1671 convenire.

259 1684 584 1789 ἀγνοοῦντες
601 1719 682 1772 ὅτι
701 1684 966 1784 ’καθάπερ
994 1717 1079 1769 διὰ
1106 1715 1214 1768 τῶν
1239 1714 1498 1786 Πατέρων
1519 1684 1835 1767 ἀποδείκνυ⁴

1951 1704 2117 1774 Atqui
2153 1705 2199 1760 si
2243 1684 2373 1760 duas
2424 1711 2636 1760 naturae
2691 1684 2998 1761 divinitatis
3048 1721 3114 1761 ac
3178 1707 3542 1763 humanitatis

258 1825 351 1862 ται
375 1806 745 1870 διδασκαλίας,
778 1807 876 1859 καὶ
926 1807 1086 1875 ἡμεῖς
1113 1806 1168 1857 δὲ
1210 1805 1472 1873 ἀνωτέρω
1519 1804 1843 1874 είρήκαμεν,

260 1899 335 1953 Τὸ
355 1900 454 1970 τῆς
479 1899 718 1967 φύσεως
743 1896 911 1967 ὄνομα
935 1897 1026 1948 ἐπὶ
1054 1894 1235 1948 κοινοῦ
1259 1895 1474 1962 λέγεται
1501 1895 1845 1965 πράγματος,

261 1992 354 2045 καὶ
383 1991 634 2062 ἀόριστόν
664 2006 716 2043 τι
750 1988 1007 2056 σημαίνει
1050 1988 1145 2039 καὶ
1175 1986 1318 2040 κατὰ
1367 1985 1581 2038 πολλῶν
1608 1985 1846 2038 ὐποστά-

260 2101 398 2137 σεων
458 2083 867 2153 κατηγορεῖται.
906 2080 966 2131 Ei
1037 2078 1216 2132 τοίνυν
1267 2079 1323 2130 αἱ
1378 2076 1472 2130 δύο
1527 2076 1718 2145 φύσεις
1749 2079 1847 2146 τῆς

260 2176 511 2246 θεότητος
558 2175 654 2227 καὶ
693 2173 791 2242 τῆς
832 2170 1250 2242 ἀνθρωπότητος
1276 2210 1291 2236 ,
1335 2169 1432 2239 μία
1481 2171 1604 2222 κατ’
1648 2170 1847 2233 αὐτοὺς

259 2265 450 2334 γέγονε
480 2263 736 2325 σύνθετος
765 2261 946 2330 φύσις,
983 2259 1144 2330 δῆλον
1174 2260 1258 2312 ὅτι
1295 2259 1472 2313 κοινόν
1495 2277 1548 2312 τι
1571 2261 1666 2313 καὶ
1691 2259 1846 2332 ἀόρι-

261 2373 388 2410 στον
432 2353 800 2424 ἀπετελέσθη·
833 2353 928 2406 καὶ
963 2352 1149 2421 ζητεῖν
1170 2351 1503 2419 ἐπάναγκες,
1544 2351 1704 2414 ποίας
1730 2367 1846 2404 κοι-

259 2445 536 2517 νότητοςῆ
574 2445 717 2499 κατά
737 2443 913 2496 ποίων
941 2441 1294 2496 ὐποστάσεων
1327 2443 1426 2512 τὴν
1451 2441 1709 2512 τοιαύτην
1737 2441 1840 2510 φύ-

262 2554 347 2591 σιν
381 2537 600 2605 λέγουσι
644 2533 1091 2604 κατηγορεῖσθαι,
1136 2533 1270 2602 ὅπερ
1306 2532 1549 2585 ἐναντίον
1593 2532 1711 2585 ἐστὶ
1744 2531 1840 2586 τοῦ

259 2626 402 2682 κατά
427 2618 660 2698 Χριστὸν
677 2607 982 2695 ’μυστηρῢυ
1010 2637 1022 2650 ·
1068 2621 1097 2674 ό
1129 2620 1238 2690 γὰρ
1257 2618 1491 2689 Χριστὸς
1512 2620 1610 2690 οὐχ
1638 2618 1713 2682 ὡς
1738 2636 1844 2672 κοι-

260 2718 348 2770 νόν
380 2733 433 2768 τι
482 2715 579 2768 καὶ
609 2713 751 2768 κατά
780 2709 992 2765 πολλῶν
1032 2709 1388 2781 ὐποστᾴσεων
1426 2709 1838 2778 κατηγορεῖται,

258 2805 375 2860 ἀλλ’
401 2805 491 2859 ἐπὶ
523 2805 652 2876 μιᾶς
678 2801 1056 2864 ὑποστάσεως,
1097 2799 1260 2870 ητουν
1289 2796 1408 2860 ὲνὸς
1436 2796 1727 2870 προσώπου
1755 2795 1842 2861 λέ-

257 2913 416 2971 γεται
438 2896 497 2947 ἐν
525 2891 804 2971 διαφόροις
847 2889 1057 2951 οὐσίαις
1091 2887 1345 2956 θεότητος
1367 2886 1462 2938 καὶ
1489 2885 1842 2957 ἀνθρωπότη-

1949 1795 2102 1850 facta:
2129 1805 2384 1851 suntuna
2413 1807 2610 1850 natura
2632 1797 2958 1866 composita,
2988 1797 3199 1867 aliquid
3225 1799 3540 1853 communis

1950 1898 2114 1958 atque
2165 1887 2436 1942 indeiiniti
2487 1887 2628 1942 efﬁci
2678 1898 2861 1958 patet;
2895 1903 3142 1958 quaerere
3177 1904 3398 1959 quaque
3444 1905 3542 1944 ne-

1949 1993 2101 2033 cesse
2124 1986 2208 2032 est
2223 1979 2290 2032 de
2307 1993 2418 2048 quo
2447 1979 2725 2032 communi
2769 1979 2902 2042 dici,
2943 1980 3258 2049 quibusque
3287 1983 3540 2051 personis

1950 2068 2247 2121 convenire
2298 2069 2464 2121 talem
2509 2077 2766 2122 naturam
2801 2069 3030 2131 dicant.-
3078 2071 3225 2140 quod
3275 2075 3539 2143 mysterio

1947 2153 2151 2210 Christi
2177 2156 2535 2222 adversatur;
2556 2155 2811 2211 Christus
2830 2159 2978 2211 enim
3002 2174 3110 2212 non
3131 2160 3291 2228 quasi
3313 2161 3537 2230 aliquod

1931 2261 2263 2311 commune,
2305 2255 2362 2302 et
2407 2249 2598 2303 multis
2650 2249 2904 2318 personis
2934 2252 3303 2317 conveniens,
3341 2253 3439 2308 sed
3481 2253 3536 2308 in

1948 2352 2058 2392 una
2078 2337 2360 2408 hypostasi
2385 2339 2500 2394 sive
2521 2339 2577 2393 in
2599 2355 2707 2394 una
2737 2355 2970 2410 persona
2989 2341 3195 2397 dicitur
3223 2342 3278 2397 in
3299 2343 3537 2398 diversis

1946 2427 2274 2485 substantiis
2298 2429 2607 2485 divinitatis
2635 2441 2692 2486 et
2715 2432 3076 2489 humanitatis
3096 2435 3368 2505 cognitus.
3391 2436 3532 2491 Nos-

1943 2521 2166 2591 metipsi
2218 2522 2376 2577 duas
2396 2523 2736 2580 substantias
2774 2527 2831 2580 in
2863 2525 3085 2582 Christo
3110 2543 3230 2583 esse
3259 2528 3530 2592 dicentes.

1943 2613 2247 2667 secundum
2272 2605 2620 2671 divinitatem
2645 2606 2855 2671 scimus
2877 2611 3058 2687 ipsum
3079 2616 3201 2674 esse
3227 2620 3532 2674 Patri‘san-

1943 2714 2145 2774 ctoque
2176 2705 2406 2776 Spiritui
2440 2706 2986 2773 consubstantialem,
3019 2709 3324 2763 secundum
3347 2717 3532 2764 autem

1942 2795 2343 2851 humanitatem
2367 2798 2625 2852 omnibus
2650 2799 2971 2854 hominibus
3001 2800 3530 2856 consubstantialem

1919 2887 2347 2957 ’cognoscimus.
2385 2889 2488 2955 Qui
2523 2905 2656 2944 vero
2696 2891 3045 2956 dicuntduas
3076 2893 3415 2949 substantias
3434 2909 3532 2948 na-

257 3003 348 3050 τος
385 2968 825 3054 ’γνωριζόμενοᾳ
879 2980 991 3056 Καὶ
1031 2980 1210 3068 ἡμεῖς
1237 2977 1334 3047 μὲν
1385 2977 1479 3030 δύο
1519 2976 1711 3040 οὐσίας
1749 2978 1835 3031 ἐπὶ

1945 2986 2123 3033 turam
2145 2968 2506 3050 compositam
2528 2975 2771 3049 efficere,
2803 2977 2962 3053 quod
2981 2975 3066 3039 est
3093 2988 3276 3039 unum
3293 3001 3414 3040 esse
3434 2986 3533 3040 ali-

259 3075 497 3148 Χριστοῦ
543 3075 817 3143 λέγοντες,
847 3071 990 3126 κατά
1023 3070 1122 3140 μὲν
1145 3065 1242 3140 τὴν
1281 3069 1510 3143 θεότητα
1554 3070 1712 3141 ἴσμεν
1742 3071 1835 3123 αὐ-

1941 3085 2179 3140 quorum
2221 3075 2623 3140 communium,
2656 3077 3106 3131 communitatem
3132 3077 3385 3131 eamdem
3414 3086 3528 3131 tra-

257 3167 350 3219 τὸν
369 3165 447 3236 τῷ
471 3164 644 3234 [Iatth
672 3163 767 3214 καὶ
796 3159 875 3230 τῷ
904 3159 1045 3228 ἁγίῳ
1070 3158 1348 3228 ῐίνεύματι
1369 3159 1679 3240 όμοούσιον,
1693 3163 1834 3214 κατὰ

1941 3160 2111 3228 dunt;
2145 3177 2372 3219 necesse
2419 3173 2506 3219 est
2544 3165 2691 3219 enim
2715 3167 2871 3236 juxta
2911 3167 3134 3222 illorum
3154 3167 3324 3222 verba
3347 3167 3528 3238 quod-

256 3256 313 3308 δὲ
348 3254 446 3326 τὴν
475 3251 866 3324 ἀνθρωπότητα
891 3251 1058 3302 πᾶσιν
1085 3247 1391 3319 ἀνθρώποις
1428 3249 1521 3302 τὸν
1551 3247 1716 3302 αὐτὸν
1754 3242 1832 3317 γί-

1941 3251 2061 3331 dam
2085 3253 2330 3308 medium
2358 3253 2499 3309 eiiici
2531 3256 2765 3311 alterius
2800 3265 3013 3312 natura:
3045 3273 3211 3328 quam
3232 3257 3381 3328 quod
3410 3275 3530 3324 era;

255 3346 538 3415 νὼσκομεν
574 3340 879 3414 όμοούσιον.
909 3341 972 3393 Oi
1011 3337 1069 3391 δὲ
1097 3337 1350 3407 λέγοντες
1388 3338 1488 3400 τὰς
1517 3337 1610 3390 δύο
1637 3339 1826 3404 οὐσίας

1941 3333 2375 3416 unumquodque
2411 3339 2739 3418 per'parws.
2905 3343 2910 3346 ’
3055 3340 3065 3350 ’
3113 3340 3152 3348 ”
3321 3343 3346 3360 “”
3403 3346 3406 3348 ⁷

253 3438 388 3508 μίαν
421 3428 748 3490 ἀποτελέσαι
778 3432 1031 3486 σύνθετον
1068 3431 1253 3499 φύσιν,
1306 3429 1444 3501 ὅπερ
1512 3430 1663 3484 ἐστὶν
1698 3482 1700 3484 ,
1733 3431 1792 3484 ἓν
1855 3435 2049 3488 κοινῶν
2102 3454 2266 3491 τινων
2320 3433 2483 3504 εἶναι,
2517 3438 2631 3509 λτὴν
2682 3439 2972 3512 κοινότητα
3032 3439 3240 3512 ταύτην
3268 3443 3525 3498 διδόασινο

254 3527 468 3596 ἀνάγκη
497 3525 608 3594 γὰρ
635 3522 777 3578 κατά
799 3524 925 3585 τούς
953 3520 1176 3575 ἐκείνων
1209 3520 1401 3589 λόγους
1432 3521 1862 3594 ἀποτελεσθῆναι
1901 3541 1954 3578 τι
1981 3527 2146 3598 μέσον
2191 3529 2515 3600 ὲτεροφυὲς,
2551 3531 2582 3598 ἢ
2643 3531 2780 3602 ὅπερ
2806 3528 2875 3604 ἦν
2904 3533 3166 3603 ἑκάτερον
3200 3533 3307 3589 ἀνά
3335 3536 3526 3608 μέρος,

323 3617 594 3673 Κάκεῖθεν
621 3615 679 3668 δὲ
714 3613 892 3667 αὐτῶν
917 3613 986 3667 τά
1011 3613 1112 3684 τῆς
1145 3613 1375 3676 ἀτοπίας
1415 3613 1751 3684 ἐλέγχεται
1783 3618 1832 3669 εί

253 3711 368 3779 γὰρ
404 3707 502 3761 διὰ⁵
542 3705 761 3760 πάντων
789 3705 1136 3775 ὡμολόγηται
1163 3704 1344 3775 ἁπλῆν
1373 3699 1513 3759 εἶναι
1543 3705 1636 3759 καὶ
1665 3705 1830 3760 ἀσύν-

254 3803 412 3857 θετον
438 3801 537 3869 τὴν
567 3798 728 3871 φύσιν
754 3798 855 3869 τῆς
882 3798 1042 3867 ἀγίας
1069 3797 1320 3868 Τριάδος,
1342 3797 1497 3851 αὐτοὶ
1524 3797 1582 3851 δὲ
1639 3799 1830 3852 σύνθε-

253 3914 346 3951 τον
377 3894 656 3963 εἰσάγουσι
681 3893 781 3961 τὴν
816 3891 910 3945 τοῦ
937 3890 1066 3944 Υἱοῦ
1096 3889 1260 3961 φύσιν
1279 3929 1295 3955 ,
1326 3889 1684 3961 εὑρεθήσεται
1712 3891 1834 3945 κατ’

252 3988 449 4051 αὐτοὺς
479 3986 642 4056 ἑτέρα
667 3984 829 4054 φύσις
851 3985 886 4056 ὴ
913 3983 1007 4038 τοῦ
1038 3983 1168 4036 Υἰοῦ
1189 3981 1340 4054 παρὰ
1367 3983 1467 4054 τὴν
1488 3982 1583 4037 τοῦ
1617 3983 1833 4054 Πατρὺς

247 4079 348 4134 καὶ
378 4078 474 4132 τοῦ
507 4077 666 4146 ἁγίου
703 4074 1040 4152 Πνειῖματος.
1070 4072 1218 4144 Πλὴν
1240 4073 1336 4126 καὶ
1367 4073 1403 4143 ἡ
1438 4072 1685 4144 περὶτῆς
1705 4089 1831 4126 συν-

2008 3617 2143 3673 Inde
2198 3621 2431 3676 stultitia
2467 3637 2660 3676 eorum
2695 3623 3053 3691 confutatur;
3088 3625 3134 3681 si
3162 3627 3314 3682 enim
3333 3642 3529 3685 omnes

1938 3705 2277 3764 conﬁtentur
2309 3710 2614 3780 simplicem
2626 3734 2628 3737 τ
2639 3725 2762 3767 esse
2777 3743 2780 3746 -
2795 3721 2960 3784 atque
2977 3715 3400 3786 incompositam
3425 3734 3525 3773 na-

1943 3805 2124 3852 turam
2149 3808 2354 3854 sancta:
2375 3799 2685 3867 Trinitatis,
2705 3801 2784 3856 illi
2807 3801 2992 3857 autem
3015 3807 3524 3874 conipositam‘F-ilii

1940 3897 2193 3943 naturam
2216 3889 2506 3958 inducunt,
2537 3891 2607 3946 ab
2637 3892 2773 3961 ipsis
2806 3903 3004 3950 natura
3030 3895 3203 3951 altera
3223 3897 3346 3953 Filii
3371 3899 3526 3955 inve-

1941 3979 2127 4051 nietur
2176 3990 2378 4051 praeter
2423 3992 2682 4038 naturam
2721 3985 2900 4041 Patris
2939 3988 3225 4058 sanctique
3259 3989 3521 4060 Spiritus.

1937 4068 2208 4125 Caeterum
2237 4081 2451 4150 natum
2474 4065 2792 4144 composita:
2811 4076 3130 4133 adinventio
3158 4080 3368 4135 nullius
3387 4081 3524 4136 alte-

252 4171 411 4225 θέτου
443 4169 657 4242 φύσεως
692 4167 910 4238 εὕρεσις
940 4165 1153 4230 οὐδενὸς
1175 4165 1363 4235 ἐτέρου
1392 4162 1541 4234 ἢτοῦ
1571 4162 1830 4217 διδασκά-

1941 4161 2056 4217 rius
2073 4171 2159 4218 est
2171 4177 2335 4233 quam
2353 4155 2602 4234 magistri
2619 4167 2828 4222 erroris
2845 4183 3038 4222 eorum
3056 4171 3094 4222 Α
3104 4169 3386 4239 polinarii,
3404 4187 3522 4228 mo-

249 4261 349 4314 λου
380 4259 481 4329 τῆς
515 4259 718 4329 πλάνης
747 4255 928 4311 αὐτῶν
953 4257 1100 4310 ἐστιν
1143 4254 1541 4325 Ἀπολιναρίου,
1571 4253 1666 4307 τοῦ
1695 4252 1828 4306 ποτὲ

1941 4253 2008 4309 do
2031 4270 2196 4310 unam
2220 4265 2471 4311 naturam
2489 4260 2849 4328 compositam
2876 4260 3133 4326 dicentis,
3159 4249 3325 4318 modo
3352 4279 3518 4320 unam

240 4352 354 4422 ,μὲν
414 4349 544 4420 μίαν
594 4347 847 4402 σύνθετον
905 4348 1070 4416 φύσιν
1115 4344 1389 4414 λέγοντος,
1422 4346 1551 4399 ποτὲ
1585 4345 1644 4399 δὲ
1696 4346 1824 4415 μίαν

1941 4345 2238 4402 divinitatis
2255 4363 2319 4403 ac
2337 4349 2698 4405 humanitatis
2714 4352 3081 4423 imaginantis.
3099 4353 3213 4410 Hoc
3229 4357 3516 4426 exquirere

239 4444 507 4513 θεότητος
556 4440 651 4494 καὶ
699 4425 1116 4511 ἀνθρωπότητος
1169 4438 1624 4502 ἀναπλάττοντος.
1647 4439 1826 4509 Ὅπερ

1941 4439 2064 4494 licet
2105 4455 2173 4494 ex
2214 4441 2390 4510 ipsius
2447 4441 2692 4497 haeretici
2732 4444 2922 4511 libris;
2956 4445 3012 4500 in
3063 4425 3331 4503 sermone
3365 4447 3516 4504 enim

246 4537 432 4607 εὑρεῖν
455 4533 663 4601 ἔξεστιν
686 4534 749 4585 ἐκ
778 4531 888 4586 τῶν
914 4531 1009 4585 τοῦ
1035 4531 1198 4586 αὐτοῦ
1228 4529 1510 4602 αἱρετικοῦ
1538 4547 1828 4602 συγγραμ-

1941 4545 2098 4600 quem
2122 4531 2320 4586 scribit
2340 4533 2408 4586 ad
2437 4533 2560 4588 illos
2584 4534 2677 4603 qui
2710 4534 2989 4590 hominem
3020 4552 3050 4590 a
3085 4537 3269 4593 Verbo
3297 4553 3515 4595 assum-

243 4625 458 4695 μάτων·
492 4626 550 4677 ὲν
575 4623 684 4694 γὰρ
713 4621 791 4693 τῷ
823 4620 970 4693 λόγῳ
988 4621 1048 4676 ὃν
1079 4622 1376 4692 ἐπιγράφει
1404 4622 1539 4693 πρὸς
1573 4623 1697 4685 τοὺς
1729 4622 1825 4674 άν-

1941 4627 2085 4688 ptum
2119 4621 2292 4675 fuisse
2317 4622 2597 4688 dicebant,
2630 4623 2746 4679 haec
2775 4625 2952 4680 dicit:
2988 4645 3006 4676 ι
3041 4625 3218 4682 Homo
3251 4645 3396 4686 unus
3429 4639 3512 4687 est

249 4717 464 4784 θρωπον
487 4714 593 4768 ὐπὸ
619 4714 714 4768 τοῦ
743 4715 918 4782 Λόγου
944 4714 1344 4785 προσειλῆφθαι
1371 4713 1646 4781 λέγοντας,
1680 4713 1824 4783 λέγει

1941 4710 2204 4776 Christus,
2241 4712 2385 4768 sicut
2414 4731 2559 4770 unus
2589 4715 2735 4770 Dens
2766 4717 2932 4772 Pater
2949 4719 3045 4788 qui
3073 4727 3159 4774 est
3188 4722 3511 4788 naturaa,ita

246 4807 396 4860 τάδε’
429 4825 448 4858 ι
492 4805 813 4874 Ἀνθρωπος
841 4802 922 4869 εἷς
958 4808 987 4859 ὁ
1013 4805 1247 4877 Χριστὸς
1273 4807 1351 4870 ὡς
1391 4801 1472 4869 εἷς
1500 4806 1632 4870 Θεὸς
1657 4809 1684 4860 6
1711 4808 1820 4860 Πα-

247 4895 352 4966 τὴρ
383 4895 412 4947 ὅ
435 4896 550 4947 ἐστι
581 4895 817 4963 φύσεως,
842 4895 982 4949 ὥστε
1022 4897 1116 4949 καὶ
1141 4896 1298 4950 τοῦτο
1321 4895 1535 4965 φύσεως
1566 4896 1819 4950 συνθέτου

251 4985 456 5054 μεταξύ
511 4985 676 5056 οὔσης
705 4987 858 5053 ,Θεοῦ
902 4988 997 5041 καὶ
1030 4986 1352 5060 ἀνθρώπιον.
1390 5006 1410 5040 ι
1457 4975 1566 5040 Καὶ
1605 4987 1767 5040 πάλιν
1799 4990 1828 5040 ὁ

246 5077 412 5139 αὐτὸς
449 5077 650 5148 ἀσεϐὴς
705 5077 1077 5149 Ἀπολινὰριος
1125 5079 1183 5131 ἐν
1234 5076 1311 5148 τῷ
1357 5078 1486 5149 περὶ
1527 5077 1626 5148 τῆς
1673 5078 1821 5142 θείας

247 5169 578 5238 σαρκώσεως
661 5170 800 5240 λόγῳ
825 5208 840 5232 ,
917 5171 975 5222 ὲν
1044 5169 1324 5238 κεφαλαίῳ
1389 5169 1822 5239 τρισκαιδεκάτῳ

245 5256 391 5328 λέγει
439 5259 606 5315 τάδε’
654 5279 672 5312 ι
728 5260 790 5312 Ἥ
871 5261 1009 5330 σάρξ
1065 5261 1442 5330 ὲτεροκίνητος
1496 5256 1629 5314 οὖσα
1681 5261 1822 5313 πάν-ο

243 5363 353 5412 τως
419 5348 526 5402 ὐπὸ
583 5349 678 5402 τοῦ
752 5350 1035 5413 κινοῦντος
1120 5351 1216 5402 καὶ
1283 5352 1552 5417 ἄγοντος,
1635 5353 1819 5405 ὁποῖόν

244 5453 376 5490 ποτε
411 5440 478 5494 ἂν
519 5441 618 5501 εἴη
650 5438 807 5494 τοῦτο
851 5442 946 5494 καὶ
985 5441 1086 5494 οὐκ
1123 5441 1339 5504 ἐντελὲς
1373 5437 1510 5494 οὐσα
1549 5442 1688 5506 ζῶον
1723 5443 1816 5513 ἀφ’

1931 4814 1991 4858 ut
2043 4804 2148 4859 hoc
2177 4808 2249 4860 sit
2285 4822 2506 4876 quoque
2537 4816 2748 4862 natura:
2771 4810 3112 4879 compositas,
3145 4813 3344 4867 mediae
3369 4815 3513 4868 inter

1927 4897 2098 4950 Deum
2117 4907 2174 4950 et
2194 4898 2497 4952 hominem.
2513 4898 2692 4953 iidem
2715 4901 2918 4970 impius
2939 4902 3290 4971 Apolinarius
3305 4903 3359 4956 in
3385 4903 3512 4958 Ser-

1932 5004 2094 5043 mone
2123 4988 2192 5042 de
2230 4989 2609 5043 incarnatione
2637 4989 2965 5058 divinitatis,
2984 4993 3162 5063 capite
3183 4993 3506 5060 tredecimo,

1932 5079 2052 5134 haec
2105 5079 2304 5131 iterum
2358 5077 2527 5132 dicit:
2560 5078 2740 5134 «Caro
2792 5097 2914 5151 qua:
2943 5082 3153 5138 moveri
3187 5084 3509 5140 nullomodo

1930 5178 2118 5240 potest
2143 5168 2251 5224 nisi
2283 5185 2312 5223 a
2341 5178 2597 5225 movente
2625 5181 2929 5243 agenteque
2957 5183 3207 5239 externo,
3229 5177 3507 5246 quomodo

1937 5276 2180 5330 unquam
2211 5260 2346 5314 illud
2368 5277 2489 5316 esse
2509 5262 2730 5332 posset?
2753 5264 2869 5319 Non
2911 5273 2995 5320 est
3018 5281 3047 5320 a
3070 5267 3365 5337 semetipsa
3383 5268 3507 5322 ani-

1927 5353 2034 5408 mal
2076 5353 2404 5422 perl'ectum,
2457 5354 2552 5408 sed
2603 5343 2727 5408 cum
2780 5356 2890 5410 hoc
2939 5357 3245 5426 perfectum
3302 5360 3503 5416 animal

1929 5444 2103 5514 ipsam
2136 5443 2254 5497 ﬁeri
2277 5452 2544 5499 statutum
2570 5445 2786 5510 fuisset,
2826 5462 2884 5502 se
2909 5463 3030 5501 cum
3064 5448 3204 5503 duce
3230 5464 3502 5505 δυο-(ξοη-

316 5574 1020 5653 (l).Exin_ex.hac_prolixa
1051 5577 1348 5653 Justiniani
1380 5579 1610 5646 epistola
1652 5580 1870 5635 nonnisi
1905 5581 2019 5636 fere
2083 5581 2318 5636 incditos
2349 5583 2568 5636 Patrum
2627 5582 2800 5649 locos,
2857 5593 2911 5637 et
2939 5585 3268 5653 praecipuam
3297 5585 3502 5641 doctri-

205 5661 220 5678 -
243 5655 370 5722 nam
395 5643 690 5712 descripsi,
727 5643 958 5718 reliquis
988 5647 1393 5718 praetermissis.
