3924 6294
252 253 388 321 1125

1166 226 1605 308 υἱέιιῖισιεΑΤυε
1644 236 1942 306 CONTRA
1975 239 2578 306 MONOPHYSITAS.

3365 246 3502 314 1126

232 361 345 421 ⁸τῶν
364 360 538 441 άγίῳν
563 349 825 432 Πατέριὰν
845 358 1164 428 ἐπωνυμίας
1187 360 1301 422 τοῖς
1321 357 1511 412 τούτου
1537 354 1823 426 συγγράμ·

1926 348 2285 405 ventionibus
2313 351 2782 417 suisinscribunt,
2818 350 3162 423 simpliciora
3194 355 3502 414 reticentes

236 468 390 530 μασι,
413 455 638 518 καὶτοῖς
651 451 861 507 ἑαυτῶν
880 448 1195 522 πλάσμασιν
1213 448 1540 513 ἐπιτιθέασι,
1566 448 1818 501 κλέπτον-

231 566 327 614 τες
363 547 495 613 τοὺς
545 545 971 616 ἁπλουστέρους,
1004 546 1101 598 καὶ
1136 542 1235 615 τὴν
1261 543 1380 597 ὁδὸν
1421 540 1522 613 τῆς
1558 539 1815 610 ἀληθείας

232 637 716 709 διαδιδράσκοντες.
734 635 1076 705 Προφέρουσι
1097 633 1207 703 γὰρ
1226 633 1318 686 δύο
1345 631 1634 694 ἐπιστολὰς
1659 630 1819 700 ψευδ-

232 729 593 800 επιγράφους,
632 725 759 796 μίαν
801 726 899 797 μὲν
932 725 1083 797 παρὰ
1113 720 1336 778 Ἰουλίου
1378 721 1475 776 τοῦ
1514 723 1815 776 ἐπισκόπου

244 818 462 891 Ῥώμης
503 820 580 892 t2)
624 818 761 891 πρὸς
792 818 1067 873 Διονύσιον
1095 816 1466 889 πρεσόύτερον
1494 814 1818 887 γεγραμμέ-

226 928 331 982 νην
360 911 594 981 ἔχουσαν
630 907 808 973 οὕτως
829 925 846 940 ο
880 910 960 982 (ut
1004 909 1059 963 in
1105 908 1333 962 editione
1361 907 1665 970 Muratorii)
1696 904 1816 959 ἑτέ-

228 1010 339 1068 ραν
385 997 440 1050 δὲ
474 998 550 1060 ὡς
583 998 649 1068 δὴ
678 996 831 1069 παρὰ
882 996 1207 1052 Ἀθανασίου
1237 994 1334 1050 τοῦ
1369 1001 1427 1049 ἐν
1466 996 1642 1064 ἁγίοις
1678 994 1816 1067 πρὸς

245 1080 502 1141 ’ἰοϐιανδν
531 1087 624 1140 τὸν
654 1086 880 1154 βασιλέα
927 1087 1326 1159 γεγραμμένην
1354 1086 1585 1157 ἔχουσαν
1618 1086 1812 1149 οὕτως’

240 1198 260 1231 ι
306 1178 709 1249 ὐμολογοῦμεν
751 1178 847 1231 τὸν
873 1177 1004 1231 Υίδν
1042 1177 1137 1233 τοῦ
1170 1176 1306 1231 Θεοῦ
1346 1178 1438 1231 τὸν
1467 1178 1574 1251 πρὸ
1605 1176 1817 1232 αἰώνων

233 1262 422 1327 ἁῖδίως
450 1265 515 1318 ὲκ
543 1264 635 1317 τοῦ
677 1258 891 1336 Harpe;
930 1263 1285 1334 γεννηθέντα,
1334 1265 1420 1317 ἐπ’
1452 1265 1679 1335 ἐσχάτου
1706 1266 1817 1319 τῶν

234 1356 446 1410 αἰώνων
480 1354 568 1411 διά
607 1356 707 1426 τὴν
752 1357 1031 1427 ἡμετέραν
1064 1357 1335 1428 σωτηρίαν
1385 1360 1450 1410 ὲκ
1477 1359 1695 1429 Μαρίας
1718 1360 1819 1430 τῆς

232 1447 400 1515 ἁγίας
439 1448 717 1519 Παρθένου
749 1448 1082 1517 γεννηθέντα
1128 1450 1270 1502 κατὰ
1304 1449 1501 1520 σάρκα,
1527 1449 1601 1513 ὡς
1623 1452 1651 1502 ὁ
1675 1448 1818 1513 θεῖος

247 1532 567 1603 Ἀ’πόστολος
590 1537 830 1594 διδάσκει
852 1538 1046 1608 λέγων,
1082 1541 1220 1594 Ὅτε
1252 1541 1321 1594 δὲ
1367 1538 1519 1613 ἦλθε
1548 1542 1616 1595 τὸ
1658 1541 1816 1609 πλή-

224 1647 396 1700 ρωμα
421 1629 527 1685 τοῦ
555 1631 801 1700 χρόνον,
832 1631 1263 1696 ἐξαπέστειλεν
1299 1636 1332 1687 ό
1371 1633 1819 1703 Θεὸς-τὸνὙίύν

1923 443 2176 511 viamque
2228 441 2482 496 veritatis
2552 442 2988 513 intercipientes.
3044 443 3158 498 lmo
3215 444 3504 515 proferunt

1920 535 2058 589 duas
2085 533 2205 588 falsi
2236 533 2478 588 nominis
2533 534 2820 604 epistolas,
2850 550 3015 590 unam
3062 551 3093 590 a
3137 534 3286 591 Julio
3314 536 3503 592 Roma:

1918 628 2180 697 episc0po
2211 627 2279 682 ad
2312 626 2637 698 Dionysium
2665 626 3049 698 presbyterum
3093 628 3356 698 scriptam
3386 628 3504 682 haec

1917 719 2359 775 continentem...
2393 718 2573 773 Aliam
2619 728 2802 773 autem
2831 716 2911 772 ab“
2949 716 3256 773 Athanasio
3309 729 3504 774 sancto

1918 811 1985 864 ad
2007 809 2298 864 Iovianum
2337 809 2727 879 imperatorem
2761 808 3043 879 scriptam,
3074 810 3153 865 sic
3180 808 3500 864 habentem:

1924 921 1943 955 ι
1965 900 2306 958 Contitemur
2329 900 2537 957 Filium
2571 902 2665 957 Dei
2703 910 2833 957 ante
2866 903 3065 957 saecula
3105 902 3175 965 ab
3200 911 3409 958 aeterno
3435 918 3503 957 ex

1920 995 2086 1051 Patre
2117 997 2395 1067 genitum,
2454 996 2507 1049 in
2548 996 2853 1050 novissimo
2885 996 3219 1052 saeculorum
3272 1002 3505 1065 propter

1916 1098 2164 1143 nostram
2193 1089 2426 1143 salutem
2457 1104 2524 1142 ex
2551 1088 2720 1142 Maria
2749 1097 2939 1142 sancta
2985 1088 3210 1158 Virgine
3249 1087 3502 1155 genitum

1919 1179 2225 1233 secundum
2246 1195 2490 1240 carnem,
2517 1181 2672 1249 juxta
2702 1180 2849 1248 quod
2888 1179 3053 1233 docet
3080 1179 3241 1232 divus
3264 1178 3502 1248 Aposto-

1916 1271 2006 1325 lus
2027 1270 2250 1324 dicens:
2272 1270 2403 1324 Cum
2429 1272 2568 1324 venit
2592 1270 2865 1341 plenitudo
2891 1271 3165 1339 temporis,
3196 1272 3336 1324 misit
3366 1269 3504 1323 Deus

1917 1356 2115 1415 Filium
2133 1376 2292 1414 suum
2318 1361 2521 1431 factum
2543 1378 2607 1414 ex
2633 1360 2858 1414 muliere
2877 1369 2925 1412 η.
2953 1359 3299 1414 Confitentur
3332 1360 3502 1414 etiam

1917 1453 2097 1523 ipsum
2127 1467 2249 1506 esse
2286 1450 2485 1505 Filium
2520 1452 2640 1518 Dei,
2669 1451 2841 1505 Deum
2874 1451 3183 1505 secundum
3210 1451 3501 1520 Spiritum,

1922 1544 2125 1601 Filium
2152 1545 2400 1600 hominis
2423 1544 2731 1600 secundum
2763 1559 3012 1610 carnem,
3035 1558 3147 1600 non
3178 1542 3317 1597 duas
3347 1550 3503 1597 natu-

1919 1652 2011 1692 ras
2033 1652 2155 1693 esse
2170 1638 2395 1692 unicum
2433 1636 2661 1703 Filium,
2690 1653 2860 1691 unam
2884 1636 3219 1692 adorandam
3239 1635 3502 1690 alteram-

232 1723 419 1779 αὑτοῦ
450 1725 778 1794 πενόμενον
798 1723 870 1778 ἐκ
899 1725 1210 1794 γυναικός.
1243 1727 1351 1779 Καὶ
1373 1725 1535 1778 αὑτὸν
1567 1725 1695 1779 Υίὺν
1717 1722 1812 1780 τοῦ

1923 1745 2032 1801 que
2059 1745 2173 1783 non
2208 1728 2572 1793 adorandam,
2598 1728 2698 1783 sed
2731 1743 2897 1800 unam
2926 1737 3182 1783 naturam
3205 1724 3303 1781 Dei
3331 1724 3501 1780 Verbi

230 1812 388 1879 BMG,
434 1817 529 1870 καὶ
560 1815 695 1869 Θεὸν
738 1816 881 1871 κατὰ
905 1816 1152 1886 Πνεῦμα,
1187 1817 1317 1871 Υίὸν
1349 1814 1637 1890 ἀνθρώπου
1672 1820 1817 1872 κατά

229 1907 431 1979 σάρκα,
453 1910 515 1960 οὐ
539 1905 634 1961 δύο
663 1907 857 1976 φύσεις
881 1908 975 1961 τὸν
1024 1906 1121 1961 ἕνα
1151 1908 1300 1971 Υἱὺν,
1333 1907 1462 1979 μίαν
1505 1926 1817 1980 προσκυνη-

1881 1821 2375 1891 .incarnata‘mque
2427 1820 2827 1892 adoratamque
2879 1835 3010 1876 cum
3074 1834 3244 1875 carne
3326 1817 3503 1888 ipsius

1924 1913 2250 1967 adoratione
2286 1929 2413 1966 una.
2428 1931 2444 1963 ›

226 1996 326 2069 τὴν
356 1999 451 2051 καὶ
509 1996 640 2068 μίαν
695 1997 1131 2068 άπροσκύνητον,
1183 1997 1319 2050 ἀλλὰ
1353 1998 1483 2068 μίαν
1529 1997 1692 2066 φύσιν
1746 1999 1841 2054 τοῦ
1913 2000 2047 2055 Θεοῦ
2108 2003 2282 2071 Λόγου
2348 1998 2812 2072 σεσαρκωμένην,
2869 1997 2967 2053 καὶ
3020 2000 3504 2068 προσκυνουμένην

232 2088 370 2160 μετὰ
402 2084 500 2158 τῆς
530 2088 730 2158 σαρκὸς
755 2087 920 2143 αὑτοῦ
958 2090 1056 2159 μιᾷ
1078 2089 1469 2160 προσκυνήσει.
1510 2108 1529 2141 ι

301 2179 520 2232 Τούτων
555 2179 734 2232 τοίνυν
772 2180 926 2251 παρὰ
966 2180 1073 2233 τῶν
1115 2181 1433 2246 Ἀκεφάλων
1461 2183 1809 2253 προφερομέ-
1882 2168 1887 2173 ’

229 2285 339 2321 νων
365 2267 529 2339 ὴ,τοῦ
559 2266 698 2321 Θεοῦ
730 2268 895 2337 σοφία
924 2269 1130 2323 ἄνωθεν
1162 2269 1346 2323 αὐτῶν
1375 2271 1680 2342 ἀναιροῦσα
1712 2272 1812 2342 τὴν

233 2356 454 2419 κακίαν.
507 2358 568 2411 οὐ
614 2357 963 2429 συνεχώρησε
1019 2361 1205 2430 μεῖναι
1236 2360 1297 2412 τὸ
1325 2358 1524 2429 ψεῦδος
1552 2361 1815 2430 ἀνέλεγκ-

233 2465 353 2502 τον’
386 2448 587 2503 δέδωκε
625 2449 737 2520 γάρ
777 2451 910 2521 ἡμῖν
960 2450 1252 2521 ἐπιστῆναι
1281 2454 1396 2515 τοῖς
1429 2451 1814 2523 Ἀπολιναρίου

241 2535 761 2612 συγγράμμασιν,’ἃ
793 2543 1192 2612 παρατιθέντες
1247 2545 1361 2606 τοῖς
1415 2545 1565 2613 παρὰ
1612 2545 1819 2599 τούτων

241 2636 699 2705 προφερομένοις,
730 2632 981 2705 φανερῶς
1017 2631 1313 2706 ὲλέγξομεν
1347 2637 1411 2688 ἐκ
1464 2637 1575 2690 τῶν
1609 2636 1825 2690 Ἀπολι-

243 2726 431 2796 ναρίου
457 2725 633 2796 λόγων
672 2721 846 2780 ταῦτα
877 2726 1013 2798 παρ’
1038 2727 1221 2780 αὐτῶν
1258 2724 1652 2799 προϐαλέσθαι.
1678 2726 1826 2799 Γρά-

243 2832 333 2885 φει
366 2818 533 2888 γὰριὸ
561 2816 725 2882 αὐτὸς
766 2816 1145 2888 ’Λπολινάριος
1167 2819 1225 2871 ἑν
1250 2819 1330 2887 τῷ
1359 2818 1504 2873 κατὰ
1557 2820 1824 2890 Διοδώρου

240 2908 399 2963 τάδε’
431 2928 450 2960 ι
475 2903 680 2979 Ἀλλης
714 2908 814 2962 καὶ
848 2904 1018 2980 ἄλλης
1044 2911 1252 2975 οὐσίας,
1285 2906 1416 2982 μίαν
1437 2904 1576 2965 εῖναι
1604 2913 1700 2967 καλ⁵
1727 2913 1825 2985 τὴν

1986 2179 2087 2235 His
2129 2194 2262 2251 ergo
2313 2178 2382 2233 ab
2425 2177 2721 2249 Acephalis
2782 2177 3015 2249 prolatis
3073 2177 3179 2233 Dei
3237 2177 3504 2249 sapientia

1919 2281 2209 2344 postquam
2251 2287 2283 2326 e
2345 2272 2485 2327 caelo
2530 2271 2796 2325 malitiam
2855 2287 3051 2326 eorum
3102 2273 3501 2343 percussisset,

1919 2364 2272 2418 mendacium
2317 2376 2429 2417 non
2464 2361 2816 2417 confutatum
2872 2372 3162 2418 remanere
3191 2379 3301 2418 non
3329 2364 3500 2430 sivit;

1921 2453 2083 2508 nobis
2119 2455 2267 2508 enim
2305 2453 2460 2508 dedit
2516 2452 2571 2507 in
2614 2455 2819 2525 scripta
2861 2451 3171 2523 Apolinarii
3231 2454 3501 2522 incidere,

1922 2560 2046 2615 quae
2070 2561 2195 2599 cum
2224 2545 2453 2614 prolatis
2487 2545 2557 2600 ab
2589 2545 2697 2600 illis
2748 2554 3167 2616 componentes,
3213 2548 3503 2602 manifeste

1919 2651 1986 2692 ex
2004 2636 2189 2691 verbis
2205 2636 2511 2707 Apolinarii
2530 2636 2619 2691 illa
2639 2638 2791 2691 hisce
2811 2638 3087 2693 confutari
3107 2638 3495 2709 probabimus;

1939 2728 1998 2782 in
2030 2743 2289 2783 sermone
2332 2729 2483 2783 enim
2520 2729 2786 2784 adversus
2818 2723 3123 2787 Diodorum
3150 2730 3268 2785 haec
3307 2728 3505 2786 scribit

1919 2820 2307 2892 Apolinarius:
2358 2840 2377 2873 ι
2409 2820 2713 2893 Utriusque
2775 2822 3103 2880 substantia
3152 2840 3318 2879 unam
3347 2842 3501 2880 eam-

1921 2910 2160 2984 demque
2193 2929 2315 2969 esse
2339 2913 2720 2983 adorationem
2765 2931 2875 2969 non
2902 2916 3115 2986 justum
3151 2926 3259 2979 est,
3288 2919 3504 2973 scilicet

241 2998 417 3071 αὐτὴν
460 3000 861 3074 προσκύνησιν,
928 3000 1214 3072 ἀθέμιτον,
1259 3004 1543 3057 τουτέστιν
1590 3002 1819 3074 Ποιητοῦ

1922 3003 2203 3061 Creatoris
2222 3014 2279 3060 et
2307 3014 2596 3067 creaturae,
2631 3005 2728 3060 Dei
2758 3013 2814 3060 et
2840 3006 3106 3061 hominis.
3133 3007 3254 3063 Una
3290 3017 3383 3063 est.
3401 3025 3503 3063 au--

242 3093 340 3147 καὶ
386 3093 713 3164 ποιήματος,
759 3090 895 3147 Θεοῦ
926 3094 1023 3146 καὶ
1053 3093 1368 3165 ἀνθρώπου.
1412 3092 1530 3150 Μία
1566 3095 1622 3149 δὲ
1655 3108 1822 3168 προσ-

1926 3102 2034 3153 tem
2062 3096 2265 3153 Christi
2301 3096 2574 3163 adoratio,
2615 3102 2858 3167 tuncque
2889 3097 2944 3151 in
2970 3113 3081 3151 uno
3101 3097 3328 3152 nomine
3356 3100 3502 3155 Deus

242 3180 477 3252 κύνησις
501 3182 767 3251 Χριστοῦ,
799 3183 895 3236 καὶ
926 3188 1068 3238 κατὰ
1090 3182 1249 3238 τοῦτο
1279 3186 1338 3237 ὲν
1362 3185 1440 3255 τῷ
1473 3187 1556 3240 ἑνὶ
1593 3184 1822 3257 ὀνόματι

1922 3199 1979 3246 et
2011 3190 2177 3263 homo
2229 3190 2533 3260 cogitatur;
2576 3204 2689 3243 non
2723 3194 2811 3243 est
2851 3204 2983 3259 ergo
3031 3189 3207 3244 altera
3244 3198 3300 3245 et
3332 3190 3504 3244 altera

240 3278 447 3329 νοεῖται
500 3274 638 3339 Θεὸς
677 3274 772 3330 καὶ
808 3272 1133 3347 ἄνθρωπος’
1175 3275 1279 3330 οὐκ
1318 3276 1427 3347 ἄρα
1480 3275 1613 3349 ἄλλη
1661 3277 1823 3333 οὐσία

1922 3276 2231 3336 substantia
2285 3274 2433 3334 Deus
2485 3287 2543 3334 et
2593 3276 2782 3345 homo,
2837 3278 2933 3334 sed
2962 3294 3069 3333 una
3094 3287 3324 3349 propter
3368 3297 3503 3336 cou-

241 3360 376 3430 Θεὸς
412 3366 508 3421 καὶ
556 3358 869 3439 ἄνθρωπος,
903 3364 1043 3422 ἀλλὰ
1076 3366 1176 3437 μία
1226 3368 1369 3422 κατὰ
1401 3368 1654 3424 σύνθεσιν
1681 3368 1819 3424 Θεοῦ

1922 3366 2264 3439 iunctionem
2307 3365 2405 3420 Dei
2445 3364 2514 3420 ad
2550 3379 2756 3436 corpus
2806 3365 3132 3420 humanum.
3175 3367 3503 3437 Rursusque

243 3457 382 3528 πρὸς
438 3453 598 3528 σῶμα
644 3456 1006 3529 ἀνθρώπινον.
1032 3472 1053 3511 ›
1088 3457 1200 3512 Καὶ
1233 3458 1397 3513 πάλιν
1440 3459 1501 3515 ὲν
1545 3458 1623 3531 τῷ
1673 3461 1823 3532 αὐτῷ

1922 3456 1981 3510 in
2031 3458 2229 3512 eodem
2268 3469 2568 3511 sermone:
2613 3455 2946 3523 «Quomodo
2999 3454 3150 3510 enim
3204 3456 3294 3512 hic
3346 3466 3506 3512 actus

242 3542 432 3618 λόγιρό
472 3567 491 3600 ι
521 3547 647 3612 Πῶς
703 3548 814 3620 γάρ
866 3551 929 3602 τ’)
975 3551 1208 3622 πρᾶγμα
1255 3550 1319 3605 οὐ
1347 3544 1625 3618 δυσσεϐὲς,
1656 3547 1822 3623 ἄλλην

1922 3538 2071 3603 haud
2095 3556 2244 3604 esset
2292 3547 2517 3618 impius,
2562 3547 2793 3604 alteram
2847 3546 3215 3602 substantiam
3259 3554 3504 3603 creatam

242 3639 435 3695 οὐσίαν
461 3641 689 3712 κτιστὴν
732 3642 826 3694 καὶ
848 3641 1102 3713 δουλικὴν
1137 3642 1267 3714 μίαν
1290 3642 1437 3715 ἔχειν
1469 3643 1566 3698 καὶ
1591 3642 1691 3716 τὴν
1726 3648 1822 3700 αὐ-

239 3731 344 3802 τὴν
381 3731 757 3802 προσκύνησιν
808 3733 888 3803 τῷ
942 3735 1155 3808 Κτίστῃ
1204 3735 1303 3790 καὶ
1350 3728 1677 3809 Δεσπότης»
1714 3730 1823 3791 Καὶ

214 3824 456 3893 ,πάλινό
484 3822 649 3888 αὐτὸς
681 3824 886 3895 ἀσεϐὴς
928 3824 1307 3897 Ἀπολινὰριος
1338 3824 1493 3898 ὲν·τῷ
1518 3829 1650 3900 περὶ
1686 3846 1819 3902 σαρ-

239 3916 466 3982 κώσεως
497 3914 677 3988 λόγῳο
715 3933 735 3968 ι
770 3916 1055 3971 Ἀδύνατον
1101 3919 1193 3971 τὸν
1230 3918 1403 3971 ἀὑτὸν
1436 3917 1530 3973 καὶ
1575 3936 1821 3993 προσκυ-

238 4004 404 4080 νητὺν
434 4004 631 4063 ἑαυτὸν
670 4007 872 4062 εἰδέναι
902 4007 997 4063 καὶ
1025 4010 1102 4079 μή
1122 4025 1137 4041 ⁸
1169 4007 1436 4064 ἀδύνατον
1473 4011 1580 4081 ἄρα
1607 4011 1698 4065 τὸν
1724 4013 1821 4066 αὐ-

238 4101 334 4154 τὸν
361 4096 504 4155 εἶναι
536 4100 672 4155 Θεόν
707 4118 768 4153 τε
805 4102 902 4154 καὶ
949 4100 1240 4173 ἄνθρωπον
1268 4099 1327 4169 ἐξ
1356 4101 1676 4172 ὁλοκλήρου,
1704 4103 1821 4157 ἀλλ’

238 4193 302 4244 ὲν
334 4192 593 4262 μονὸτητι
627 4193 939 4264 συγκράτου
968 4192 1185 4262 φύσεως
1219 4190 1412 4264 Βεΐκῆς
1461 4194 1823 4265 σεσαρκωμέ-

239 4299 360 4351 νης.
394 4302 413 4335 ι
445 4280 633 4337 Ταῦτα
664 4284 724 4338 δὲ
756 4276 910 4348 ὅπως
952 4284 1069 4338 ἐστὶ
1119 4284 1391 4356 σύμφωνα
1424 4285 1520 4339 καὶ
1548 4283 1820 4341 ἀκόλουθα

1922 3643 2252 3708 servamque
2297 3634 2944 3708 conﬂteri'eamdemque
2986 3636 3179 3692 deberi
3236 3646 3507 3694 creaturae

1922 3744 1989 3785 ac
2006 3728 2240 3784 Domino
2287 3726 2709 3789 adorationem?
2732 3744 2752 3780 ›
2773 3728 2926 3783 Idem
2950 3729 3155 3783 lterum
3173 3729 3229 3783 in
3249 3741 3507 3786 sermone

1922 3818 1992 3876 de
2034 3819 2451 3875 incarnatione:
2482 3834 2501 3872 ι
2537 3819 2887 3889 lmpossibile
2916 3828 3002 3875 est
3053 3819 3312 3876 eumdem
3336 3836 3506 3893 seque

1922 3911 2064 3966 scire
2100 3910 2444 3964 adorandum
2491 3916 2551 3964 et
2587 3924 2701 3965 non
2727 3909 3071 3965 adorandum
3102 3928 3119 3966 ι
3156 3905 3506 3982 impos$ibile

1921 4012 2009 4058 est
2032 4002 2202 4073 igitur
2225 4000 2486 4057 eumdem
2519 4016 2642 4057 esse
2670 4001 2844 4056 Deum
2870 4009 2928 4058 et
2951 4000 3237 4058 hominem
3275 4018 3343 4057 ex
3365 4005 3507 4058 inte-

1920 4109 2041 4165 gro,
2075 4094 2176 4150 sed
2229 4094 2287 4149 in
2338 4094 2552 4151 unitate
2611 4095 2905 4151 commista
2935 4104 3148 4150 naturae
3187 4096 3388 4152 divinae
3422 4097 3506 4150 in-

1921 4190 2180 4237 carnatae.
2206 4198 2225 4235 ›
2251 4182 2527 4249 Quantum
2560 4194 2747 4240 autem
2787 4185 2906 4239 haec
2950 4185 3340 4240 concinnentia
3393 4186 3501 4240 sint

1921 4288 1987 4329 ac
2014 4274 2404 4330 convenientia
2422 4289 2548 4330 cum
2569 4274 2822 4346 epistolis
2842 4290 2981 4346 quas
2999 4275 3190 4331 dolose
3214 4276 3504 4346 proferunt

239 4345 365 4438 ταίς
405 4374 557 4445 παρὰ
595 4376 716 4438 ταῖς
751 4375 861 4428 τῶν
891 4345 1218 4444 ⁷Ἀκεφάλων
1249 4345 1522 4438 ’πλαστῶς
1554 4392 1823 4446 προφερο-

1923 4364 2218 4438 Acephali,
2260 4368 2482 4423 nomine
2521 4345 2653 4424 Julii
2704 4345 2874 4438 atque
2921 4345 3233 4430 Athanasii.
3274 4369 3500 4424 Patrum

245 4467 440 4535 μῦναις
495 4465 847 4531 ἐπιστολαῖς,
905 4468 971 4521 ἐκ
1018 4465 1411 4538 προσηγορίας,
1455 4453 1674 4521 Ἰουλίου
1726 4467 1824 4521 καὶ

254 4557 575 4613 Ἀθαναιίου
622 4556 731 4613 τῶν
783 4556 956 4628 ἁγίων
988 4558 1147 4629 ⁴ἡμῶν
1179 4558 1461 4629 Πατέρων,
1496 4559 1672 4613 οὐδενὶ
1713 4559 1823 4613 τῶν

241 4650 307 4704 εὖ
340 4636 684 4722 φρονούντων
727 4650 994 4723 ἠγνόηται
1014 4666 1027 4681 ο
1058 4647 1123 4704 τὸ
1166 4649 1275 4723 γὰρ
1306 4648 1489 4719 λέγειν
1520 4648 1699 4704 abode
1720 4650 1823 4720 φύ-

236 4750 380 4803 σεις,
425 4730 560 4810 μίαν
605 4736 995 4811 προσκννητὴν
1043 4739 1141 4793 καὶ
1192 4738 1331 4810 μίαν
1381 4736 1820 4810 άπροσκύνητον,

242 4831 341 4883 καὶ
378 4830 543 4885 πάλιν
587 4829 756 4900 ἄλλης
793 4833 886 4886 καὶ
936 4828 1108 4901 ἄλλης
1161 4831 1353 4896 οὐσίας
1384 4831 1517 4901 μίαν
1563 4825 1702 4885 εἶναι
1733 4832 1827 4886 καὶ

242 4921 343 4991 τὴν
370 4923 542 4993 αὐτὴν
571 4921 966 4994 προσκύνησιν,
998 4920 1290 4994 ἀθέμιτονο
1334 4923 1428 4975 καὶ
1458 4919 1557 4992 τὴν
1596 4923 1825 4988 κτιστήν

246 5015 342 5065 καὶ
370 5013 620 5081 δουλικὴν
650 5013 841 5069 οὐσίαν
873 5014 1005 5085 μίαν
1029 5014 1178 5085 ἔχειν
1206 5014 1304 5068 καὶ
1321 5012 1423 5085 τὴν
1451 5012 1622 5083 αὐτὴν
1652 5026 1823 5084 προσ-

245 5106 474 5176 κύνησιν
505 5106 585 5176 τῷ
613 5106 823 5178 κτίστῃ
854 5106 950 5160 καὶ
981 5107 1249 5180 Δεσπότῃ,
1280 5104 1544 5176 οὐδεμίαν
1562 5104 1677 5176 ἔχει
1701 5102 1817 5157 διας

243 5194 418 5269 φορὰν
440 5198 566 5252 οὔτε
605 5199 750 5252 κατὰ
789 5198 890 5261 τὰς
927 5197 1105 5263 λέξεις
1139 5196 1266 5251 οὔτε
1293 5196 1436 5251 κατὰ
1458 5195 1558 5267 τὴν
1585 5196 1817 5251 ἔννοιαν.

248 5291 409 5345 Ὅθεν
430 5289 775 5360 ἐλέγξαντες,
797 5289 874 5354 ὡς
904 5292 960 5344 αἱ
983 5290 1391 5360 προφεριῆιεναι
1422 5288 1575 5358 παρὰ
1594 5287 1703 5340 τῶν
1735 5288 1822 5340 αἱ·

244 5382 478 5453 ρετιλῶν
508 5384 603 5437 δύο
630 5384 940 5450 ἐπιστολαὶ,
962 5382 1184 5445 οὐδενὸς
1206 5380 1396 5450 ἐτέρου
1421 5376 1455 5450 ἢ
1489 5380 1585 5450 τῆς
1617 5378 1826 5450 πλάνης

318 5519 348 5555 ⁸
378 5517 554 5573 Calat.
582 5533 655 5581 ιν,
692 5518 746 5572 4.

1922 4466 2241 4513 sanctorum
2260 4467 2599 4526 nostrorum,
2616 4472 2781 4515 nemo
2801 4461 3025 4530 sapiens
3046 4461 3296 4531 ignorat;
3320 4461 3503 4517 dicere

1921 4549 2071 4603 enim
2123 4560 2237 4604 non
2291 4562 2413 4605 esse
2454 4550 2593 4605 duas
2627 4558 2898 4617 naturas,
2951 4565 3117 4606 unam
3169 4550 3504 4606 adorandam

1923 4652 2203 4713 unamque
2251 4655 2363 4698 non
2415 4643 2775 4709 adorandam,
2832 4658 2899 4699 ac
2926 4657 3153 4699 rursum
3214 4642 3507 4713 utriusque

1920 4733 2245 4791 substantiae
2285 4749 2455 4790 unam
2511 4750 2635 4792 esse
2685 4735 3050 4806 eamdemque
3100 4734 3505 4800 adorationem,

1925 4824 2193 4896 iniustum
2243 4831 2364 4893 est;
2416 4826 2548 4882 item
2588 4837 2835 4883 creatam
2881 4840 3210 4896 servamque
3245 4827 3505 4882 substan-

1925 4916 2057 4971 tiam
2104 4930 2275 4973 unam
2324 4916 2539 4973 habere»
2589 4919 2954 4989 eamdemque
2998 4916 3387 4972 adorationem
3443 4935 3510 4974 ac

1918 5006 2240 5064 Creatorem
2269 5015 2327 5062 et
2350 5010 2669 5076 Dominum,
2692 5011 2901 5065 nullam
2935 5010 3104 5065 habet
3131 5005 3507 5072 differentiam

1920 5115 2030 5155 nec
2055 5100 2247 5154 verbis
2306 5115 2413 5155 nec
2442 5099 2497 5154 in
2527 5110 2734 5162 mente.
2765 5100 3008 5159 Probato
3028 5106 3178 5175 quod
3220 5102 3346 5157 dua:
3392 5104 3512 5172 epi—

1928 5192 2083 5245 stola:
2125 5190 2194 5244 ab
2249 5190 2526 5246 hzereticis
2583 5192 2810 5262 prolatae
2856 5194 3067 5250 nullius
3105 5193 3339 5250 alterius
3383 5202 3514 5248 sunt

1930 5297 2097 5351 quam
2125 5282 2337 5336 erroris
2372 5279 2703 5352 Apolinarii,
2740 5290 2905 5354 atque
2939 5294 3142 5341 exterae
3164 5286 3221 5340 in
3260 5282 3508 5340 Ecclesia

1933 5375 2240 5444 catholica,
2300 5375 2463 5431 nobis
2519 5374 3008 5432 demonstrandum
3055 5388 3143 5435 est
3191 5390 3504 5436 sanctorum

316 5652 398 5728 (ὴ
423 5654 624 5714 Confer
667 5656 813 5711 dicta
842 5669 874 5710 a
900 5669 988 5709 me
1037 5655 1111 5731 in
1162 5654 1273 5709 hoc
1321 5653 1599 5710 volumine
1636 5668 1759 5725 pag.
1810 5652 1929 5709 l6}.
