3924 6294
447 180 585 246 1127
1577 178 2016 244 JUSTINIANI
2056 180 2573 243 IMPERATORIS
3581 171 3760 243 H28

442 295 670 350 Patrum
702 301 1019 349 nostrorum
1055 278 1410 356 testimoniis,
1458 306 1581 362 qua:
1624 293 1849 348 inventa
1890 301 2020 347 sunt

2134 293 2265 347 εἰσὶν
2308 289 2716 360 Ἀπολιναγίου,
2754 288 2849 344 καὶ
2907 288 3190 360 ἀλλότριαι
3244 289 3343 360 τῆς
3406 286 3760 358 necleta}:

441 387 510 443 ab
540 386 831 457 Acephalis
881 380 1302 441 a'dinvcntiones
1329 400 1451 441 esse
1486 395 1763 441 constare.

2139 383 2486 453 Ἑκκλησίας,
2515 381 2781 451 δείξωμεν
2814 382 2897 434 ὅτι
2927 382 3021 435 καὶ
3048 383 3160 444 τοῖς
3187 381 3341 451 παρὰ
3394 380 3512 432 τῶν
3547 380 3759 447 ἁγίων

440 478 602 552 ἡμῶν
659 478 919 547 Πατέρων
980 478 1407 549 ὲκτεθειμένοις,
1468 478 1692 533 ἐναντία
1745 478 1815 531 τὰ
1870 477 2020 548 παρὰ
2071 477 2391 546 ’Δκεφάλων
2442 473 3013 545 πεπλαστουργημένα
3061 475 3382 529 καθεστᾶσι.
3456 472 3761 544 (Sequar

442 583 531 624 tur
554 570 832 624 Athanasii
855 579 904 623 et
941 568 1132 641 Cyrillt'
1168 579 1293 625 nota
1336 570 1681 642 testimonia.)

513 664 590 718 Ex
634 662 892 729 omnibus
938 663 1270 733 supradictis
1318 664 1609 734 perspicue
1667 663 2015 718 demonstra-

444 769 558 813 tum
595 756 765 812 fuisse
795 757 1127 813 confidimus
1157 767 1475 813 sanctorum
1536 759 1761 814 Patrum
1813 757 2019 811 doctri-

441 849 527 903 nis
558 847 842 902 adversari
886 848 1123 919 tidcique
1169 848 1501 905 Christianae
1558 854 1681 902 c’sse
1740 844 2018 901 contraria

440 954 565 1008 qua:
635 938 705 992 ab
765 938 1040 992 haereticis
1096 938 1492 1008 proferuntur;
1544 951 1671 990 cum
1727 934 2017 989 manifeste

440 1041 667 1086 sanans
714 1030 1049 1085 Athanasius
1090 1038 1425 1100 sanctusque
1474 1028 1711 1100 Cyrillus
1742 1028 1881 1082 duas
1921 1040 2019 1079 na-

444 1134 595 1179 turas
627 1122 832 1178 Christi
862 1122 1167 1177 divinitatis
1210 1123 1685 1191 humanitatisque
1718 1120 2021 1174 conmean-

2197 657 2419 729 (Deigtde
2445 671 2500 726 p.
2542 654 2696 725 229.)
2746 654 2844 708 Διά
2893 654 3116 708 πάντων
3155 650 3310 725 οἶμαι
3336 656 3451 709 τῶν
3487 661 3750 729 εἰρημέ-

2123 768 2233 803 νων
2257 748 2448 818 σαφῶς
2478 747 2879 811 ἀποδέδεικται,
2902 747 3218 801 ὃτιὲναντία
3246 751 3371 813 ταῖς
3398 750 3517 803 τῶν
3548 744 3752 820 ἁγίων

2124 839 2388 909 Πατέρων
2430 837 2808 900 διδασκαλίαις
2853 836 3025 901 ἐστὶν,
3057 840 3155 892 καὶ
3190 838 3454 909 ἀλλότρια
3483 843 3592 913 τῆς
3619 845 3749 898 τῶν

2125 931 2473 1003 Χριστιανῶν
2507 932 2748 995 πίστεως
2783 933 2852 985 τὰ
2895 932 3045 1003 παρὰ
3082 933 3193 984 τῶν
3243 936 3555 1003 αἰρετικῶν
3587 956 3743 1006 προ-

2128 1026 2442 1096 φερόμενα·
2485 1024 2738 1095 φανερῶς
2781 1022 2875 1077 τοῦ
2925 1042 2986 1078 τε
3027 1026 3085 1078 tv
3136 1027 3317 1095 ἁγίοις
3360 1028 3738 1097 ’Δθανασίου,

2124 1118 2219 1171 καὶ
2261 1118 2358 1191 τοῦ
2395 1120 2454 1171 ὲν
2507 1118 2685 1185 ἁγίοις
2729 1118 3025 1187 Κυρίλλου.
3060 1119 3160 1189 τῆς
3196 1119 3460 1191 θεότητος
3490 1122 3600 1174 καὶ
3628 1124 3740 1194 τῆς

443 1225 555 1281 tur,
583 1231 747 1270 unam
784 1215 1087 1268 incrcatam
1135 1230 1200 1268 ac
1232 1214 1461 1268 alteram
1509 1220 1751 1267 creatam
1803 1208 2017 1270 dicant,

2134 1207 2220 1263 tvo
2230 1208 2546 1278 ρωπότητος
2568 1207 2663 1260 τοῦ
2684 1207 2921 1280 Χριστοῦ
2943 1207 3035 1262 δύο
3061 1209 3250 1276 φύσεις
3276 1210 3731 1280 ὁμολογούντων,

442 1321 661 1374 unaque
718 1303 1042 1358 adorationc
1090 1304 1311 1357 adorari
1369 1317 1542 1357 unum
1583 1299 1874 1355 Dominum
1925 1312 2020 1351 no-

2134 1303 2221 1356 καὶ
2244 1302 2344 1372 τὴν
2378 1301 2477 1370 μὲν
2510 1299 2790 1364 ἇκτιστον,
2823 1299 2924 1368 τὴν
2951 1300 3010 1353 δὲ
3038 1300 3263 1370 κτιστὴν
3289 1301 3605 1369 λεγόντων,
3636 1308 3735 1357 καὶ

442 1405 618 1451 strum
645 1394 833 1450 Jesum
865 1394 1148 1448 Christum
1206 1392 1462 1447 doceant.
1504 1388 1797 1446 Sulliciunt
1855 1389 2024 1460 igitur

2134 1395 2232 1463 μιᾷ
2292 1394 2665 1463 προσκυνήσει
2709 1391 3142 1463 προσκυνεῖσθαι
3194 1392 3582 1448 διδασκόντων
3634 1397 3734 1448 τὸν

443 1486 759 1558 supradicta
797 1484 863 1539 ad
888 1485 1292 1555 Acephalorum
1343 1482 1807 1538 machinationem
1838 1479 2027 1535 confu-

2134 1483 2228 1536 ἕνα
2268 1482 2472 1552 Κύριον
2514 1481 2671 1551 ἡμῶν
2713 1480 2923 1551 Ἰησοῦν
2963 1482 3221 1553 Χριστόν.
3258 1485 3368 1536 Kal.
3404 1486 3587 1555 ἀρκεῖ
3626 1487 3731 1554 μὲι

444 1576 689 1630 tandam.
721 1571 976 1629 Attamen
1009 1573 1151 1627 nihil
1185 1572 1385 1627 melius
1408 1572 1697 1627 stultitiam
1728 1569 1814 1623 vel
1844 1569 2026 1639 potius

2134 1573 2200 1628 τὰ
2234 1572 2505 1644 είρημένα
2527 1573 2663 1643 πρὸς
2691 1572 2919 1643 ἔλεγχον
2944 1573 3045 1642 τῆς
3078 1575 3190 1627 τῶν
3227 1576 3562 1641 Ἀκεφάλων
3599 1594 3733 1630 κακ-

444 1667 907 1724 maohinationem
948 1680 1143 1720 eorum
1175 1664 1449 1729 confutat,
1488 1677 1655 1733 quam
1694 1660 1923 1731 epistola
1956 1659 2026 1714 ab

443 1759 556 1814 illia
576 1758 790 1829 prolata
811 1767 1067 1826 tanquam
1092 1754 1221 1810 Julii
1242 1755 1428 1809 Romae
1443 1752 1686 1824 episcopi
1715 1753 1871 1822 cujus
1890 1750 2027 1805 alias

441 1850 752 1907 falsificatio
818 1849 1253 1903 demonstratur.
1317 1848 1518 1916 Beipsa
1574 1845 1781 1901 veteris
1838 1844 2029 1898 Romae

442 1943 761 2001 sacerdotes
796 1942 852 1996 in
881 1940 1143 2015 omnibus
1171 1938 1490 2010 apostolica:
1549 1920 1831 1991 traditioni
1856 1934 2022 1989 obse-

441 2043 701 2107 quentes,
761 2048 1047 2103 nunquam
1079 2032 1226 2086 inter
1252 2047 1312 2086 se
1350 2030 1757 2099 discreparunt,
1789 2027 1886 2082 sed
1938 2042 2026 2080 re-

2128 1666 2378 1736 ουργίας.
2438 1665 2585 1736 Πλὴν
2646 1664 2799 1718 οὐδὲν
2857 1665 3062 1719 ἄτοπον
3117 1666 3212 1718 καὶ
3266 1667 3478 1736 ἑτέρως
3535 1671 3731 1721 αὐτῶν

2128 1754 2347 1826 ἐλέγξαι
2399 1755 2497 1827 τὴν
2554 1756 2910 1827 κακοήθειαν,
2942 1757 3025 1810 ὅτι
3076 1759 3109 1826 ἡ
3161 1757 3261 1826 μὲν
3317 1762 3728 1831 προφερομένη

2127 1851 2261 1929 παρ’
2299 1849 2478 1903 αὐτῶν
2539 1849 2825 1919 ἐπιστολὴ,
2870 1848 2946 1911 ὼς
2993 1848 3216 1903 Ἰουλίου
3256 1850 3422 1921 δῆθεν
3466 1852 3573 1905 τοῦ
3612 1856 3729 1906 ἑπι-

2128 1944 2337 1997 σκόπου
2378 1939 2601 2010 Ῥώμης
2630 1939 2723 1993 καὶ
2761 1939 2940 2004 ἄλλως
2983 1939 3261 2020 δείκνυται
3314 1942 3723 2016 πεπλασμένη.

2126 2036 2193 2089 Ol
2218 2034 2327 2106 γὰρ
2364 2034 2534 2105 ἱερεῖς
2558 2031 2658 2103 τῆς
2689 2032 3071 2104 πρεσϐυτέρας
3114 2032 3336 2104 Ῥώμης
3368 2038 3441 2105 τῇ
3476 2037 3725 2091 ἀποστοο

444 2136 590 2183 ctam
628 2142 696 2182 ac
736 2140 925 2181 veram
961 2140 1143 2195 usque.
1186 2124 1254 2179 ad
1322 2123 1466 2177 hanc
1522 2120 1669 2175 diem
1716 2119 2025 2174 doctrinam

443 2225 822 2277 servaverunt.
881 2216 1113 2287 Insuper
1158 2215 1441 2270 insolitum
1467 2223 1553 2268 est
1585 2211 1791 2267 veteris
1838 2210 2026 2263 Roma:

442 2311 774 2385 patriarchae
814 2309 1131 2382 bujusmodi
1184 2308 1391 2378 scripto
1434 2306 1536 2373 uti,
1576 2304 1723 2376 quod
1777 2303 1869 2358 isti
1899 2317 2028 2372 pro-

2126 2128 2252 2199 λικῇ
2288 2125 2376 2181 διὰ
2423 2126 2644 2180 πάντων
2689 2124 3161 2197 ἀκολουθήσαντες
3211 2126 3543 2198 παραδόσει,
3573 2129 3725 2182 οὐδέ-

2127 2234 2262 2271 ποτε
2290 2216 2426 2287 πρὸς
2457 2214 2722 2285 ἀλλήλους
2747 2214 3111 2285 διεφώνησαν,
3137 2213 3271 2268 ἀλλὰ
3294 2218 3393 2282 τὴν
3423 2216 3605 2287 ὀρθὴν
3633 2221 3724 2270 καὶ

2127 2307 2388 2379 ἀληθινὴν
2447 2307 2612 2377 μέχρι
2693 2307 2938 2376 σήμερον
3002 2305 3332 2374 διεφύλαξαν
3383 2294 3554 2372 etsi»
3618 2309 3719 2377 (δ).

443 2404 651 2466 ferunt,
683 2418 795 2458 non
828 2401 1067 2456 dicimus
1118 2392 1187 2453 ad
1220 2398 1599 2469 presbyteros,
1646 2404 1707 2449 ut
1746 2394 1823 2448 illi
1866 2408 2023 2447 men-

2134 2403 2367 2455 Ἐπειτα
2400 2398 2459 2453 δὲ
2501 2399 2586 2462 ὡς
2630 2399 2733 2452 οὐκ
2772 2398 2897 2462 ἔθος
2924 2398 3042 2451 ἐστὶ
3071 2398 3149 2467 τῷ
3187 2398 3289 2469 τῆς
3323 2399 3723 2471 πρεσϐυτέρας

444 2495 686 2559 tiuntur,
714 2491 810 2547 sed
839 2506 943 2547 nec
970 2490 1139 2544 etiam
1192 2487 1261 2542 ad
1291 2488 1602 2558 episcopos,
1634 2498 1737 2539 nec
1765 2483 1833 2537 ad
1876 2482 2026 2552 ipsos

2141 2480 2712 2563 Ῥὡμηςλπατριὰρχῃ
2742 2491 3023 2565 ἐπιγραφῇ
3054 2489 3286 2560 τοιαύτῃ
3316 2491 3562 2562 χρῆσθαι
3601 2493 3721 2547 οἷαν

442 2582 1008 2657 patriarchas.’l‘ertio
1026 2579 1349 2650 nosmetipsi
1370 2587 1658 2650 postquam
1681 2575 2025 2631 misissemus

2134 2579 2277 2641 οὗτοι
2320 2584 2713 2657 προφέρουσιν,
2752 2583 2814 2635 οὖ
2843 2582 3079 2653 λέγομεν
3106 2582 3244 2655 “Pb;
3274 2583 3719 2655 πρεσδυτέρωίν

443 2674 513 2730 ad
565 2674 875 2729 archivium
926 2670 1115 2743 palatii
1166 2668 1495 2740 episcopalis
1536 2668 1742 2742 veteris
1791 2666 2022 2731 Romae,

2134 2678 2319 2749 ὥσπερ
2349 2677 2509 2732 αὐτοὶ
2537 2676 2997 2744 συκοφαντοῦσιν,
3029 2675 3145 2728 ἀλλ’
3169 2674 3295 2729 οὔτε
3324 2676 3461 2748 πρὸς
3485 2678 3719 2732 tractando

443 2765 582 2821 nihil
611 2763 928 2836 hujusmodi
959 2779 990 2819 a
1018 2763 1165 2819 Julio
1192 2772 1395 2818 sanetae
1429 2760 1708 2816 memoriae
1757 2758 2025 2830 scriptum

2134 2788 2290 2834 πους,
2326 2768 2453 2823 οὔτε
2488 2767 2628 2839 πρὸς
2667 2767 2866 2831 αὐτοὺς
2900 2767 3269 2838 πατριάρχας.
3305 2767 3508 2836 Τρίτον
3538 2768 3597 2821 δὲ
3637 2770 3719 2822 ὅτι

444 2821 773 2929 reperimhs.
828 2855 1093 2927 Epistola:
1148 2862 1333 2911 autem
1385 2851 1674 2907 Athanasii
1729 2821 1904 2929 sancti
1950 2848 2024 2904 ‘ad

2134 2863 2227 2917 καὶ
2246 2821 2705 2931 ’πέμψαεθτεςεὶς
2744 2858 2814 2911 τὰ
2846 2821 3049 2927 αρχεῖα
3089 2821 3188 2910 τοῦ
3220 2821 3586 2913 ἑπισΞιοπείου
3619 2861 3720 2931 τῆς

443 2949 759 3013 Iovianum,
803 2949 872 3003 ab
931 2948 1042 3003 illis
1080 2948 1327 3019 prolataz,
1382 2945 1573 3001 multis
1624 2944 1804 2998 modis
1828 2941 2025 2997 confu-

2134 2952 2509 3025 πρεσϐυτέρας
2557 2948 2797 3020 Ῥώμης,
2841 2947 2996 3002 οὐδὲν
3040 2946 3253 3002 τοιοῦτο
3297 2951 3450 3022 παρὰ
3494 2950 3720 3005 Ἰουλίου

444 3031 596 3099 tatur
628 3041 977 3098 mendacium
1004 3040 1262 3095 omnibus
1290 3039 1508 3094 viribus
1539 3046 1879 3117 astructum;
1914 3049 2026 3089 non

2134 3044 2227 3099 τοῦ
2253 3045 2353 3117 τῆς
2396 3043 2552 3107 ὁσίας
2585 3043 2809 3113 μνήμης
2839 3041 3229 3111 γεγραμμένον
3256 3041 3520 3111 εῦρομεν.
3566 3044 3635 3097 Ἦ
3666 3044 3721 3098 δὲ

442 3136 591 3192 enim
624 3132 1006 3191 characterem
1040 3134 1289 3204 epistolae
1320 3132 1559 3203 praefert,
1616 3146 1719 3184 nec
1759 3128 1900 3199 stylo
1926 3127 2029 3182 im-

444 3231 689 3301 peratori
747 3231 1123 3286 conveniente
1179 3228 1465 3284 scribitur.
1537 3225 1768 3305 Insuper
1810 3222 2027 3280 Ioviani

446 3322 794 3392 temporibus
816 3322 964 3376 nulla
998 3319 1375 3375 controversia
1405 3318 1474 3372 de
1496 3315 1842 3371 humanitate
1867 3314 2031 3372 Chri-

446 3413 518 3468 sti
564 3412 747 3467 fuerat
775 3420 1076 3476 commota,
1118 3410 1215 3465 sed
1245 3408 1315 3464 de
1365 3392 1943 3463 consubstantialitate
1972 3406 2029 3461 in

446 3500 741 3565 Trinitate,
775 3500 955 3570 qualis
981 3498 1089 3553 fuit
1112 3498 1327 3553 insania
1377 3497 1581 3552 Ariana
1612 3512 1734 3567 quae
1755 3505 1889 3552 tunc
1920 3496 2028 3555 Ec-

447 3590 647 3647 elesias
711 3590 1080 3660 perturbavit,
1128 3589 1199 3644 de
1244 3604 1353 3659 qua
1381 3603 1512 3642 vera
1567 3596 1746 3642 exstat
1796 3585 2029 3657 epistola

446 3682 923 3738 sanctiAthanasii
958 3681 1027 3737 ad
1051 3680 1346 3737 Jovianum
1378 3679 1607 3750 scripta,
1632 3679 1791 3750 cujus
1815 3678 1870 3733 in
1891 3692 2029 3733 con-

445 3774 608 3831 cione
656 3774 881 3831 funebri
939 3773 1117 3830 sancti
1167 3771 1455 3829 Athanasii
1514 3771 1766 3828 meminit
1813 3768 2026 3841 Grego-

449 3864 567 3921 rius
592 3864 928 3936 Theologus,
984 3878 1264 3935 quamque
1310 3864 1583 3933 integram
1629 3861 1801 3917 refert
1838 3860 2030 3916 Timo-

450 3958 615 4013 theus
668 3955 976 4027 Apolinarii
1030 3955 1363 4027 discipulus,
1407 3954 1464 4009 in
1506 3968 1609 4009 sua
1658 3951 1917 4016 historia,
1950 3951 2030 4006 sic

448 4049 815 4105 habentem...

2126 3131 2203 3197 ὡς
2231 3131 2387 3203 παρὰ
2428 3130 2755 3184 Ἀθανασίου
2804 3127 2898 3183 τοῦ
2948 3131 3008 3181 ὲν
3058 3129 3242 3197 ἁγίοις
3281 3130 3419 3200 πρὸς
3460 3131 3721 3187 Ἰοϐιανδν

2129 3223 2221 3278 ὑπ’
2251 3222 2433 3276 αὐτῶν
2473 3221 2884 3294 προφερομένη,
2919 3216 3135 3285 πολλοῖς
3164 3220 3452 3292 ἐλέγχεται
3484 3225 3719 3295 τρόποις

2128 3312 2330 3383 ψευδὴς
2359 3312 2676 3367 παντάπασι
2716 3310 3076 3365 καθεστῶσαο
3108 3310 3237 3365 οὔτε
3283 3314 3396 3384 γὰρ
3440 3316 3721 3369 ἐπιστολι-

2134 3408 2293 3477 μαῖον
2318 3405 2433 3478 ἔχει
2465 3404 2817 3477 χαρακτῆρα,
2848 3402 2974 3460 οὒτε
3014 3406 3306 3479 πρεπούσῃ
3356 3408 3579 3478 βασιλεί
3613 3412 3720 3464 ὐπ-

2131 3496 2334 3567 αγορίᾳ
2392 3495 2753 3551 συντέθειται.
2797 3495 2937 3549 Ἀλλ’
2969 3497 3090 3550 οὐδὲ
3136 3498 3230 3549 ἐπὶ
3285 3497 3401 3551 τῶν
3451 3499 3719 3554 Ἰοϐιανοῦ

2130 3586 2341 3658 χρόνων
2372 3586 2502 3658 περὶ
2522 3586 2622 3657 τῆς
2649 3585 3118 3659 ὲνανθρωπήσεως
3137 3587 3234 3640 τοῦ
3259 3588 3467 3659 Κυρίου
3514 3591 3723 3661 ἀμφισο

2131 3678 2362 3751 ϐήτησίς
2415 3695 2502 3744 τις
2559 3677 2865 3750 ἐκεκίνητο,
2892 3678 3029 3732 ἀλλὰ
3059 3679 3321 3750 περὶτῆς
3369 3683 3431 3733 tv
3482 3686 3555 3753 τῇ
3591 3684 3722 3755 ἁγίᾳ

2131 3771 2324 3843 Τριάδι
2361 3770 2779 3842 ὀμουσιότητος,
2816 3764 2906 3825 οἷα
2943 3771 3047 3842 τῆς
3110 3771 3467 3845 ’Δρειανικῆς
3522 3777 3721 3844 μανίας

2129 3862 2437 3934 τηνικαῦτα
2464 3865 2585 3927 ταῖς
2623 3862 2977 3934 Ἐκκλησίαις
3019 3863 3323 3935 ὁχλούσης’
3353 3868 3490 3938 περὶ
3525 3863 3596 3941 ἦς
3627 3869 3721 3922 καὶ

2133 3954 2167 4024 η
2221 3953 2433 4024 ἀληθὴς
2489 3954 2749 4026 ἐπιστολὴ
2798 3954 2892 4009 τοῦ
2919 3955 2978 4009 tv
3007 3956 3186 4024 ἁγίοις
3223 3957 3557 4013 ’Δθανασίου
3586 3961 3717 4029 πρὸς

2145 4044 2406 4099 Ἰοϐιανὸν
2458 4046 2823 4118 γεγραμμένη
2876 4042 3188 4122 φέρεται,ᾖ
3228 4051 3323 4103 καὶ
3353 4050 3664 4123 Γρηγόριος
3690 4053 3718 4104 ὀ

448 4141 712 4212 Θεολόγος
768 4144 826 4196 tv
875 4139 956 4212 τῷ
1007 4137 1280 4207 ἑπιταψίῳ
1348 4136 1443 4190 τοῦ
1488 4135 1645 4204 ἁγίου
1705 4136 2025 4207 Ἀθανασίου
2087 4141 2382 4210 μαρτυρεῖ,
2454 4140 2550 4193 καὶ
2602 4139 2868 4211 Τιμόθεος
2939 4141 2968 4194 ὁ
3024 4140 3276 4213 μαθητὴς
3338 4143 3714 4216 Ἀπολιναρίου

447 4234 654 4304 ταύτην
676 4234 982 4305 ὁλογραφον
1009 4234 1068 4286 tv
1098 4233 1162 4302 τῇ
1192 4228 1373 4297 οἰκείᾳ
1390 4228 1609 4300 τίθησιν
1670 4229 1882 4301 ἱστορίᾳ
1915 4228 2027 4299 ἔχοι

2134 4230 2370 4296 ροῦτως.
2433 4224 2706 4303 (Sequitur
2765 4233 2906 4287 edita
2966 4232 3251 4291 Athanasii
3299 4237 3370 4292 ad
3434 4236 3713 4303 loriam:-

446 4325 714 4398 epistola.)

521 4419 679 4473 Nunc
713 4425 900 4471 autem
933 4413 1002 4469 de
1020 4413 1313 4468 Timotheo
1332 4412 1526 4468 ,λειω-ο
1559 4414 1871 4484 loquamur,
1904 4428 2027 4485 cum

2208 4414 2293 4488 [P.
2326 4413 2478 4487 254.]
2511 4416 2785 4486 Δείξωμεν
2812 4416 2866 4471 δὲ
2898 4419 2991 4470 καὶ
3021 4419 3290 4490 Τιμόθεον
3321 4400 3417 4476 τὸν
3456 4424 3715 4497 Δί’λουρω

450 4506 769 4563 Μαηίοὴαιίε
799 4505 1199 4562 consentiente.
1216 4504 1495 4558 contraria
1517 4519 1652 4559 vero
1682 4507 1892 4560 sanctis
1921 4505 2027 4560 Pa-

451 4599 631 4653 tribus
660 4595 964 4650 Athanasio
1005 4592 1325 4665 Cyrilloque
1366 4594 1638 4661 docente;
1691 4595 1830 4652 dicit
1878 4597 2029 4651 enim

452 4689 568 4742 ha-c
594 4686 737 4740 idem
756 4685 1106 4750 Timotheus,
1122 4686 1303 4756 capite
1316 4697 1513 4741 octavo
1530 4687 1657 4741 libri
1677 4687 1825 4741 tertii
1837 4730 1851 4754 ,
1865 4702 2028 4757 quem

452 4781 512 4838 in
556 4778 905 4836 Chersoneso
947 4779 1170 4849 scripsit
1213 4797 1226 4832 :
1278 4796 1296 4830 ι
1346 4780 1554 4834 Natura
1594 4790 1778 4835 autem
1819 4779 2029 4839 Christi

450 4873 570 4929 sola
607 4871 871 4929 divinitas
910 4881 1025 4937 est,
1058 4871 1164 4953 etsi
1205 4869 1375 4927 fuerit
1413 4871 1718 4952 incarnata.
1758 4891 1777 4924 ι
1826 4872 2033 4928 Eadem

452 4984 587 5025 vero
609 4966 945 5022 Manichacus
971 4948 1218 5021 scribens
1246 4966 1300 5019 in
1331 4965 1565 5037 epistola
1588 4948 1670 5021 ad.
1686 4965 2030 5032 Cundarum,

453 5058 572 5113 litec
588 5057 750 5113 dicit:
774 5076 793 5108 ι
812 5057 927 5115 Una
948 5068 1141 5112 natura
1159 5067 1244 5113 est
1258 5058 1577 5122 totutn,ctsi
1592 5059 1844 5115 videatur
1858 5060 2033 5131 figura

453 5149 658 5205 carnis.
692 5168 711 5202 ι
745 5149 826 5204 Ad
860 5149 977 5205 haec
1007 5159 1193 5205 autem
1223 5151 1546 5215 dicimus,si
1574 5151 1730 5221 juxta
1759 5151 2032 5207 insaniam

454 5242 730 5298 Timothei
762 5249 960 5296 natura
983 5241 1186 5298 Christi
1212 5244 1284 5298 sit
1307 5246 1424 5301 sola
1446 5244 1733 5310 divinitas,
1751 5245 2032 5301 Christum

453 5350 587 5406 ergo
624 5351 745 5392 esse
782 5337 1003 5393 Patrem
1043 5352 1110 5392 ac
1150 5336 1417 5407 Spiritum
1462 5344 1754 5403 sanctum;
1795 5354 1903 5394 una
1947 5347 2034 5393 est

456 5425 604 5477 enim
641 5434 836 5480 natura
868 5426 1212 5494 divinitatis,
1239 5427 1423 5483 Patris
1461 5427 1706 5490 scilicet,
1734 5436 1791 5481 et
1820 5428 1942 5482 Filii
1976 5438 2033 5482 ct

486 5536 606 5617 J3)
636 5536 903 5617 :‘fotemus
935 5542 1257 5617 prmclarum
1289 5542 1586 5617 Justiniani
1618 5546 1753 5617 imp.
1789 5544 2041 5617 testimo-

458 5602 611 5658 nium
642 5606 710 5662 de
751 5602 1015 5680 perpetua
1059 5611 1430 5668 Romanorum
1475 5602 1802 5670 Pontificum
1843 5615 2036 5670 ortho-

2140 4506 2411 4576 σύμφωνα
2448 4507 2551 4576 μὲν
2606 4509 2947 4579 Μανιχαίων,
2980 4511 3203 4564 ἐναντία
3254 4512 3312 4565 δὲ
3364 4517 3479 4578 τοῖς
3536 4518 3713 4580 αὐτοῖς

2137 4600 2318 4668 ἁγίοις
2350 4601 2631 4672 Πατράσιν
2666 4602 2971 4675 Ἀθανασίῳ
2992 4598 3103 4659 καί
3130 4607 3388 4677 Κυρίλλῳ
3412 4612 3714 4680 φρονήσειν.

2136 4707 2225 4744 τα.
2252 4692 2417 4760 Λέγει
2450 4692 2560 4773 γὰρ
2587 4694 2616 4746 ὁ
2646 4694 2807 4759 αὐτὸς
2836 4696 3101 4766 Τιμόθεος
3128 4701 3185 4751 tv
3214 4699 3295 4770 τῷ
3340 4701 3519 4772 ὀγδόῳ
3548 4721 3709 4771 κεφα-

2137 4780 2275 4852 λαίῳ
2304 4780 2401 4836 τοῦ
2442 4782 2627 4866 τρίτου
2655 4782 2887 4854 βιϐλίου,
2918 4786 3058 4858 ὅπερ
3088 4789 3146 4842 tv
3177 4789 3426 4860 Χέρσὼνι
3454 4794 3711 4866 συνέγρα-

2135 4872 2203 4942 ψε
2227 4873 2384 4927 τάδε’
2424 4893 2441 4926 ι
2467 4855 2634 4940 Φύσις
2659 4876 2716 4929 δὲ
2741 4877 2979 4949 Χριστοῦ
3011 4855 3147 4951 μόνη
3179 4855 3397 4951 θεϐτης,
3420 4887 3471 4938 εί
3622 4855 3711 4940 σε·

2137 4964 2440 5037 σάρκωται.
2462 4986 2480 5019 ι
2518 4969 2602 5023 Τὰ
2636 4969 2783 5022 αὐτὰ
2816 4970 2872 5023 δὲ
2921 4972 3224 5042 Μανιχαῖος
3251 4976 3487 5046 γράφων
3532 4980 3596 5030 ἐν
3644 4980 3709 5048 τῇ

2136 5061 2273 5132 πρὸς
2304 5061 2618 5135 Κούνδαρον
2640 5065 2923 5137 ἐπιστολῇ,
2962 5066 3114 5136 λέγει
3150 5067 3273 5123 τάδε
3292 5086 3311 5099 ο
3361 5087 3381 5120 ι
3409 5071 3527 5125 Μία
3557 5071 3711 5141 φύσις

2136 5152 2197 5206 τὸ
2230 5152 2375 5217 ὅλον,
2428 5156 2476 5207 εί
2530 5157 2627 5209 καὶ
2678 5157 2880 5228 σαρκὸς
2938 5157 3125 5229 ὡρᾶτο
3176 5161 3388 5230 μορφή.
3419 5180 3440 5213 ι
3486 5162 3710 5233 Πρδςξέ

2138 5246 2314 5300 ταῦτα
2368 5246 2621 5315 λέγομεν,
2654 5247 2737 5301 ὅτι
2786 5250 2834 5301 εί
2882 5249 3024 5304 κατὰ
3082 5252 3181 5320 τὴν
3220 5252 3408 5307 ἄνοιαν
3451 5255 3711 5326 Τιμοθέου

2141 5336 2306 5403 φύσις
2348 5337 2593 5407 Χριστοῦ
2645 5336 2782 5410 μόνη
2840 5338 3054 5410 θεότης,
3110 5340 3350 5412 Χριστὸς
3403 5343 3512 5415 ἄρα
3561 5348 3650 5399 καὶ
3686 5347 3714 5397 6

2142 5429 2331 5502 Πατὴρ
2392 5432 2487 5484 atati.
2527 5429 2590 5484 τὸ
2637 5430 2794 5498 ἅγιον
2852 5431 3111 5504 Πνεῦμα·
3160 5434 3261 5504 μία
3306 5435 3418 5507 γὰρ
3465 5440 3715 5509 θεότὴτος

2150 5545 2335 5629 (ιρι-ζα,
2368 5562 2616 5629 cum__t_ot
2642 5564 2836 5610 contra
2884 5554 3091 5629 fuerint
3117 5555 3197 5629 in
3223 5555 3442 5611 caneris
3484 5554 3717 5625 patriar-

2145 5616 2397 5676 chalibus
2425 5623 2654 5679 sedibus
2682 5637 2928 5694 pastores
2959 5626 3226 5683 haeretici.
