3924 6294
158 493 340 548 μενος
388 471 536 538 λέγει
583 469 756 526 ταῦτα

157 578 384 649 σημεῖα
415 572 592 626 πάντα
626 569 725 620 ὅσα
757 563 1037 632 ἐπτοίησεν,
1072 557 1168 612 καὶ
1226 556 1283 609 αἱ
1333 553 1612 622 δυνάμεις,
1652 549 1757 603 δεί-

153 642 366 723 κνυσιν
401 664 561 718 αὑτὸν
587 660 721 712 Θεὸν
764 648 1315 719 ἐνανθρωπήσιιντα
1334 661 1350 676 ·
1376 646 1447 699 τὰ
1475 642 1759 713 συναμφί-

153 776 312 831 τερα
339 756 522 810 τοίνυν
555 752 855 809 δείκνυται,
881 743 1111 806 ὅτιθεὸς
1132 738 1200 813 ἦν
1224 738 1410 808 φύσει,
1436 738 1528 792 καὶ
1545 736 1765 806 ἐγένετο

155 848 269 904 ἄνθ
282 862 463 917 ρωπος
497 842 680 911 φύσει.
720 857 739 889 s

239 939 330 1012 [P.
366 934 524 1007 2%.]
567 935 660 986 Δεῖ
693 931 749 985 δέ
784 928 1078 998 προσέχειν
1110 927 1202 978 τὸν
1241 922 1388 990 νοῦν,
1429 923 1510 976 ὅτι
1541 919 1762 974 εἰπὼνό

168 1028 512 1089 ’Λπόστολος
553 1027 643 1091 ὃς,
675 1022 774 1093 τὴν
809 1022 1112 1074 ὑπόστασιν
1140 1017 1233 1071 τοῦ
1261 1016 1437 1085 Λόγου
1486 1015 1760 1084 ἐσήμανεν

150 1125 219 1177 ἐν
266 1123 339 1193 τῇ
385 1118 482 1173 τοῦ
516 1118 650 1171 Θεοῦ
696 1115 969 1185 ὑπάρχειν
1015 1112 1220 1183 μορφῇ,
1250 1111 1389 1182 ὅπερ
1422 1106 1572 1161 ἐστὶν
1601 1107 1659 1158 ἐν
1687 1105 1754 1176 τῇ

150 1215 334 1282 οὑσίξ.
374 1211 470 1265 τοῦ
525 1209 763 1280 Πατρός.
818 1207 931 1260 Καὶ
969 1206 1070 1258 οὑκ
1121 1200 1276 1257 εῐπεν
1308 1203 1390 1256 ὅτι
1427 1200 1538 1254 τὸν
1565 1197 1758 1266 ὑπάρ-

151 1323 360 1377 χοντα
394 1304 463 1357 ἐν
500 1298 704 1373 μορφῇ
734 1299 961 1354 δούλου
1008 1297 1247 1358 ἔλαϐεν,
1291 1294 1379 1348 ἴνα
1413 1293 1486 1364 μὴ
1513 1294 1761 1363 προϋπο-

151 1400 379 1453 στάντα
411 1396 558 1468 δείξῃ
588 1396 678 1449 τὸν
709 1393 998 1464 ἄνθρωπον
1025 1390 1166 1444 κατὰ
1197 1389 1295 1460 τὴν
1321 1387 1622 1456 Νεστορίου
1653 1401 1760 1455 μα-

150 1493 293 1545 νίαν
313 1507 326 1522 °
352 1489 469 1542 ἀλλ’
518 1485 671 1541 εἶπεν
695 1487 774 1540 ὅτι
800 1483 1046 1555 μορφὴν
1075 1483 1302 1537 δούλου
1336 1481 1574 1545 ἔλαϐεν,
1604 1495 1759 1531 τουτ-

151 1584 323 1636 έστιν
368 1582 559 1635 οὐσίαν
607 1578 935 1651 ἀνθρώπουυ
977 1577 1195 1640 δεικνὺς
1230 1576 1312 1629 ὅτι
1353 1576 1422 1645 τῇ
1457 1571 1758 1626 ὑποστάσει

147 1675 258 1727 τοῦ
293 1675 471 1742 Λόγου
499 1674 599 1744 τὴν
638 1671 873 1742 ὕπαρξιν
920 1671 1077 1741 ἔσχεν
1107 1673 1140 1741 ἠ
1175 1668 1333 1741 σὰρξ,
1376 1667 1467 1721 ἵνα
1498 1663 1579 1730 εἷς
1613 1665 1758 1719 καὶὸ

148 1769 332 1831 αὑτὸς
353 1770 411 1820 ἐν
431 1768 532 1838 μιᾷ
549 1767 847 1820 ὑποστάσει
875 1765 1160 1854 ὑπάρχων,
1193 1764 1250 1815 ἐν
1282 1761 1521 1832 ἑκατέρᾳ
1546 1761 1752 1830 μορφῇ’
1786 1799 1833 1858 Β

146 1864 423 1915 τουτέστι
485 1860 668 1929 φύσει,
701 1850 1038 1928 γνωρίζηται
1067 1858 1134 1927 τῇ
1167 1855 1287 1926 θείᾳ
1327 1871 1388 1907 τε
1426 1855 1521 1908 καὶ
1543 1851 1754 1924 ἀνθρω-

149 1954 333 2023 πίνῃο
376 1952 532 2021 δῆλον
579 1951 688 2021 γὰρ
735 1951 819 2003 ὅτι
866 1949 895 2000 ὁ
939 1948 1071 2010 Θεὸς
1110 1947 1283 2015 Λόγος
1318 1945 1599 2017 γεννηθεὶς
1648 1943 1757 2014 πρὸ

148 2063 392 2100 παντων
435 2045 545 2096 τῶν
588 2042 800 2096 αἰώνων
850 2043 914 2093 ἐκ
947 2040 1042 2092 τοῦ
1079 2038 1315 2109 Πατρδς,
1360 2038 1421 2089 οὑ
1451 2036 1758 2106 τῆς-αὑτῆς

148 2135 527 2198 ὑποστάσεὼς
553 2138 671 2189 ἐστι
729 2134 807 2204 τῷ
836 2133 1033 2204 ﬂaret,
1064 2131 1201 2186 ἀλλὰ
1232 2131 1331 2201 τῆς
1362 2130 1536 2198 αὑτῆς
1568 2128 1756 2190 οὐσίας

149 2230 292 2286 καθ’
321 2230 350 2283 ὃ
380 2228 536 2291 Θεὸς,
575 2228 709 2281 ίδίαν
742 2226 798 2279 δὲ
825 2225 939 2296 ἔχει
970 2226 1068 2295 τὴν
1103 2223 1404 2277 ὑπόστασιν
1441 2219 1564 2275 καθ’
1593 2220 1622 2273 δ
1650 2220 1750 2274 Λό-

149 2342 283 2392 τος.
318 2324 429 2377 Καὶ
456 2323 542 2374 ἐπ’
574 2321 805 2391 ἐσχάτου
826 2319 934 2372 τῶν
967 2318 1190 2389 ἡμερῶν
1220 2314 1504 2385 γεννηθεὶς
1530 2315 1561 2366 ὁ
1593 2313 1752 2377 αὐτὸς

151 2416 314 2471 κατὰ
351 2416 534 2485 σάρκα
575 2414 641 2467 ὲκ
697 2414 797 2482 τῆς
845 2410 1009 2480 ἁγίας
1058 2408 1270 2474 ἐνδόξου
1326 2405 1606 2477 Παρθένου
1659 2404 1758 2458 καὶ⁵

151 2512 437 2565 Θεοτόκου
482 2508 721 2579 Μαρίας,
763 2508 824 2559 οὑ
872 2509 972 2573 τῆς
1019 2505 1191 2574 αὐτῆς
1218 2498 1571 2563 ὑποστάσεὼς
1609 2501 1726 2552 ἐστι

151 2606 227 2675 τῇ
259 2605 474 2675 Μητρὶ,
514 2600 650 2654 ἀλλὰ
678 2603 778 2671 τῆς
803 2598 973 2667 αὐτῆς
997 2596 1205 2659 οὐσίας.
1226 2591 1358 2648 Εἶτα
1384 2594 1503 2655 πῶς
1526 2593 1576 2646 οἱ
1594 2590 1756 2645 Ἀκέ-

156 2694 334 2764 φαλοι
378 2695 472 2747 δύο
511 2693 867 2746 ὑποστάσεων
911 2689 1108 2742 ἕνωσιν
1147 2687 1396 2756 λέγουσι,
1445 2685 1622 2738 καίτοι
1662 2681 1758 2737 δύο

155 2786 529 2841 ὑποστάσεων
563 2784 756 2837 ἕνωσιν
789 2783 891 2853 τὴν
931 2779 1055 2834 καθ’
1098 2780 1400 2837 ὑπόστασιν
1442 2779 1544 2832 οὑκ
1579 2777 1761 2830 ἐπιδε-

154 2879 457 2950 χτμένων;
512 2876 583 2928 Ἢ
624 2872 879 2942 ἀγνοοῦσι
911 2872 992 2925 δτι
1032 2874 1128 2925 καὶ
1171 2871 1466 2939 Νεστόριος
1514 2868 1603 2922 διὰ
1658 2867 1759 2939 τὴν

152 2969 432 3039 τοιαύτην
465 2967 675 3036 πλάνην
698 2964 1020 3036 κατεκρίθη,
1053 2963 1147 3016 δύο
1177 2963 1507 3024 ὑποστάσεις
1537 2961 1630 3014 ἐπὶ
1658 2965 1758 3031 τῆς

153 3060 487 3129 οἰκονομίας
506 3058 741 3127 εἰσάγων
764 3073 779 3123 ;
821 3054 981 3109 Ἀλλὰ
1005 3054 1210 3107 τούτων
1238 3053 1412 3116 οὕτως
1443 3052 1633 3119 ὄντων,
1660 3051 1757 3104 καὶ

153 3154 468 3224 Νεστορίου
503 3153 595 3204 καὶ
626 3148 807 3218 πόσης
845 3147 1046 3220 μᾶλλον
1077 3146 1342 3218 αἱρέσεως
1377 3144 1618 3216 βδελυρώ

153 3232 435 3319 δὸγματα
457 3246 638 3314 λέγειν
666 3244 950 3313 ἀνέχονται
977 3242 1025 3294 οἱ
1063 3238 1375 3308 Ἀκέφαλοι,
1401 3237 1435 3308 ἢ
1484 3238 1758 3292 συναινεῖν

156 3346 229 3413 τῇ
264 3340 519 3411 ἀληθείᾳ.
558 3338 669 3390 Καὶ
711 3334 889 3388 ταῦτα
935 3332 1034 3405 μὲν
1066 3333 1230 3402 ἡμεῖς
1258 3329 1396 3400 πρὸς
1430 3328 1649 3392 αὑτούς.
1684 3329 1759 3381 Τὸ

156 3436 206 3488 δ’
244 3434 384 3488 αὐτὸ
416 3429 512 3483 τοῦ
565 3427 895 3482 Ἀποστόλου
928 3423 1090 3496 ῥητὸν
1118 3421 1483 3492 ἐξηγούμενος
1511 3422 1606 3474 καὶ
1634 3423 1663 3473 ὁ
1700 3420 1759 3473 ὲν

158 3527 353 3595 ἁγίοις
393 3521 720 3592 ’Λμὸρόσιος
769 3522 828 3572 ἐν
879 3517 959 3587 τῷ
1006 3514 1147 3569 κατὰ
1190 3512 1571 3584 Ἀπολιναρίου
1615 3511 1761 3583 λόγῳ

160 3620 379 3691 γράφει
406 3616 568 3695 τάδε’
602 3632 621 3665 ι
662 3611 942 3668 Κάλλιστα
974 3610 1244 3680 κέχρηται
1292 3611 1359 3680 τῇ
1414 3607 1524 3662 τῶν
1570 3606 1755 3660 αὑτῶν

160 3703 517 3773 ἐπαναλήψει
551 3702 812 3770 ῥημάτων
840 3700 868 3752 ό
912 3698 1237 3762 Ἀπόστολος
1282 3698 1458 3767 λέγων
1503 3698 1632 3768 περὶ
1659 3695 1753 3749 τοῦ

160 3800 382 3868 Κυρίου
430 3795 585 3867 ἡμῶν
619 3794 789 3865 Ἰησοῦ
828 3790 1067 3863 Χριστοῦ
1092 3808 1106 3821 ·
1140 3793 1246 3857 ’ος
1272 3791 1342 3844 ἐν
1373 3787 1575 3860 μορφῇ
1607 3789 1755 3843 Θεοῦ

160 3889 465 3959 ὑπάρχων
488 3928 502 3949 ,
543 3889 657 3956 οὐχ
698 3884 1016 3953 ἁρπαγμὸν
1051 3881 1325 3953 ἡγήσατο
1363 3879 1432 3933 τὸ
1469 3873 1622 3934 εἷναι
1652 3878 1760 3933 (cra

160 3966 316 4048 Θὲῷ,
347 3980 485 4036 ἀλλ’
515 3979 736 4034 ἑαυτὸν
755 3977 1049 4044 ἐκένωσεν,
1108 3972 1348 4044 μορφὴν
1383 3970 1610 4038 δούλου
1646 3973 1757 4025 λα-

160 4074 382 4132 ϐὼν.Τί
402 4077 516 4128 ἐστι
543 4071 728 4143 μορφὴ
755 4068 913 4132 Θεοῦ,
943 4069 989 4120 εἰ
1020 4066 1096 4139 μὴ
1115 4068 1171 4119 ὲν
1185 4064 1262 4136 τῷ
1295 4062 1631 4136 πληρώματι
1658 4065 1755 4135 τῆς

160 4171 429 4238 θεότητος
479 4168 660 4220 ἐκεῖνο
707 4164 805 4234 τῆς
853 4161 1008 4225 θείας
1035 4160 1375 4230 τελειότητος
1409 4157 1753 4228 ὲκτὺπωμας

159 4259 385 4317 Οὐκοῦν
446 4261 504 4311 ἐν
558 4256 637 4327 τῷ
669 4254 864 4324 τελείῳ
914 4254 1016 4324 τῆς
1060 4251 1320 4323 θεότητος
1352 4249 1448 4317 ὢν,
1485 4249 1757 4304 ἐκένωσεν

157 4354 385 4419 ἑαυτὸν,
422 4352 519 4405 καὶ
548 4349 708 4404 ἔλαϐε
776 4347 838 4401 τὸ
876 4347 1084 4400 τέλειον
1130 4346 1230 4416 τῆς
1283 4343 1422 4397 κατὰ
1466 4342 1756 4415 ἄνθρωπον

155 4446 386 4518 φύσεως
433 4442 756 4512 ὁλοκλήρου·
804 4439 898 4493 καὶ⁵
941 4437 1017 4502 ὡς
1052 4436 1206 4492 οὐδὲν
1257 4435 1412 4490 ἔλιπε
1484 4436 1564 4507 τῷ
1609 4434 1751 4505 Θεῷ,

154 4543 342 4609 οὑτως
374 4540 497 4596 οὕτε
530 4540 609 4610 τῷ
635 4535 997 4609 καταρτισμῷ
1035 4535 1114 4607 τῷ
1152 4533 1296 4589 κατὰ
1323 4534 1415 4587 τὸν
1441 4531 1749 4604 ἄνθρωπον,

158 4638 248 4690 ἵνα
286 4634 500 4697 τέλειος
531 4634 589 4686 ὲν
621 4630 859 4709 ἑκατέρα
890 4629 1048 4699 φύσει
1074 4627 1343 4701 τυγχάνῃ.
1382 4646 1402 4679 ›

233 4725 319 4799 ῘΡ.
356 4723 711 4797 244.]⁹1κανά
739 4724 837 4795 μὲν
869 4718 963 4777 οὖν
994 4720 1279 4793 ἡγούμεθα
1309 4720 1447 4792 πρὸς
1477 4718 1751 4786 ἀπόδειξιν

159 4818 259 4874 τοῦ
293 4818 426 4891 μίαν
468 4817 567 4889 μὲν
610 4817 948 4881 ὑπόστασιν,
996 4816 1117 4888 ἤτοι
1158 4811 1218 4867 ἓν
1264 4811 1572 4886 πρὼσωπον
1610 4807 1751 4867 εἶναι

161 4911 261 4965 τοῦ
295 4910 504 4984 Κυρίου
531 4910 691 4981 ἡμῶν
737 4907 911 4981 Ἰησοῦ
937 4905 1196 4980 Χριστοῦ,
1224 4908 1280 4961 ἐν
1309 4907 1429 4971 δυσὶ
1460 4905 1519 4960 δὲ
1551 4905 1748 4979 φύσεσι

161 5005 332 5058 αὑτὸν
366 5001 754 5074 γνωρίζεσθαι,
782 5002 1062 5056 τουτέστιν
1089 5003 1147 5056 ἐν
1181 5000 1396 5071 θεότητι
1420 5000 1515 5053 καὶ
1539 4998 1754 5069 ἀνθρω-

161 5095 389 5167 πότητι,
418 5095 487 5149 τά
519 5112 579 5148 τε
623 5096 688 5148 ἐκ
722 5094 822 5166 τῆς
866 5093 1018 5158 θείας
1056 5092 1279 5171 Γραφῆς
1309 5094 1401 5148 καὶ
1436 5092 1546 5147 τῶν
1575 5092 1751 5161 ἁγίων

160 5191 297 5261 ἡμῖν
354 5186 802 5261 παρατεθειμένα
858 5185 1160 5259 Πατέρων,
1223 5185 1272 5238 εί
1317 5185 1412 5239 καὶ
1473 5185 1630 5253 ὀλίγα
1684 5186 1750 5237 ἐκ

163 5280 381 5335 πολλῶν
431 5279 826 5352 προηγάγομεν
849 5319 864 5344 ,
907 5277 996 5332 ἵνα
1034 5277 1110 5350 μὴ
1161 5276 1367 5348 πλῆθος
1395 5280 1509 5342 τοῖς
1537 5293 1750 5348 γραφο-

167 5373 355 5442 μένοις
380 5372 698 5442 ποιησωμεν
719 5389 730 5400 ·
776 5368 918 5441 πλὴν
961 5367 1152 5440 ἐπειδὴ
1191 5368 1344 5423 ἔστιν
1383 5369 1491 5438 ὅτε,
1517 5369 1613 5421 καὶ
1643 5364 1751 5421 ὑπδ

162 5463 273 5518 τῶν
305 5462 515 5534 ἐχθρῶν
548 5464 582 5534 ἡ
637 5459 869 5532 ἀλήθεια
900 5457 1251 5530 φανεροῦται,
1298 5454 1487 5528 ὥσπερ
1522 5451 1616 5510 οῦν
1656 5455 1753 5510 καὶ

163 5560 212 5612 οἱ
241 5557 494 5630 δαίμονες
525 5556 618 5612 τζν
642 5555 881 5628 Χριστὸν
918 5554 1046 5610 Υίδν
1075 5553 1169 5609 τοῦ
1196 5552 1334 5607 Θεοῦ
1382 5553 1477 5607 καὶ
1521 5551 1747 5615 ἄκοντες

162 5649 545 5722 ὡμολόγησαν,
570 5649 823 5722 δείξομεν
849 5649 944 5706 καὶ
973 5648 1138 5704 αὑτὸν
1165 5645 1406 5717 Σευῆρον
1450 5646 1540 5698 τὸν
1586 5643 1747 5696 Ἀπο-

237 5838 260 5865 ·
283 5827 525 5900 Philipp.
552 5845 612 5897 ιι,
633 5830 686 5885 θ.
770 5836 787 5869 τ
817 5827 953 5885 ibid.
990 5822 1042 5893 6,
1080 5829 1132 5886 7.

980 314 999 318 ’
1071 346 1525 413 .TRACTATUS
1561 340 1864 405 CONTRA
1897 338 2504 400 MONOPHYSITAS.

791 463 884 520 καὶ
935 461 1006 516 τὰ
1047 459 1259 522 τούτοις
1287 457 1454 529 ὃμοια
1482 468 1497 486 ”
1537 472 1554 505 ι
1592 452 1672 506 Τά
1699 467 1759 503 τε

1863 446 2239 511 Alexandriae,
2272 445 2389 500 haec
2427 454 2482 499 et
2523 442 2609 498 his
2653 443 2852 498 similia
2897 443 3103 515 profert
3142 463 3154 474 -
3210 464 3228 497 ι
3274 445 3441 520 Signa

3300 335 3440 402 1134

1860 542 2044 597 omnia
2075 554 2419 611 quascunque
2450 537 2604 603 fecit,
2632 547 2691 592 et
2719 537 2976 602 virtutes,
3004 538 3073 593 de
3107 537 3201 593 illo
3231 546 3439 595 testan-

1862 644 1951 689 tur
1973 633 2118 704 quod
2147 634 2295 687 Deus
2320 631 2389 686 sit
2414 631 2724 685 incarnatus
2750 647 2767 685 :
2799 639 3092 699 utrumque
3116 646 3248 702 ergo
3272 633 3437 686 simul

1860 726 2290 789 demonstratur,
2317 723 2470 778 illum
2515 738 2715 792 nempe
2753 731 2948 777 natura
2988 723 3162 779 Deum
3206 738 3356 788 esse,
3383 736 3442 781 et

1860 816 2062 873 factum
2088 817 2260 871 fuisse
2288 825 2486 870 natura
2517 814 2817 870 hominem.
2851 833 2870 866 ι

1930 908 2344 967 Attendendum
2395 916 2481 964 est
2527 918 2743 973 autem,
2787 906 3114 977 Apostolum
3162 907 3443 963 dicentem

1860 1005 1978 1075 qui,
2008 1001 2329 1073 hypostasin
2353 998 2521 1057 Verbi
2554 1000 2609 1054 in
2639 998 2737 1054 Dei
2768 997 2943 1054 forma
2971 998 3239 1054 exsistere
3269 1000 3440 1071 signi-

1861 1096 2094 1161 ﬁcasse,
2129 1093 2278 1164 quod
2322 1100 2409 1149 est
2452 1092 2511 1147 in
2561 1091 2870 1147 substantia
2911 1091 3113 1147 Patris.
3147 1089 3268 1145 Non
3311 1107 3444 1146 vero

1859 1188 2001 1244 dixit
2037 1188 2374 1241 exsisteutem
2417 1187 2473 1239 in
2517 1184 2691 1255 [arma
2727 1186 2867 1239 servi
2909 1184 3254 1255 assumpsisse
3276 1194 3321 1251 ³,
3348 1200 3441 1250 ne,

1853 1283 2009 1351 juxta
2050 1276 2291 1332 Nestorii
2335 1275 2632 1342 insaniam,
2657 1276 2939 1332 hominem
2965 1278 3442 1346 praeexsistentem

1858 1369 2203 1432 ostenderet;
2240 1368 2338 1424 sed
2371 1367 2511 1423 dixit
2541 1368 2776 1439 formam
2806 1370 2947 1423 servi
2983 1370 3262 1440 accepisse,
3289 1371 3444 1426 scili-

1859 1472 1945 1520 cet
1985 1461 2351 1519 substantiam
2394 1460 2668 1528 hominis;
2714 1461 3022 1517 ostendens
3061 1460 3118 1516 in
3162 1461 3444 1534 hypostasi

1859 1556 2027 1612 Verbi
2077 1554 2457 1611 exsistentiam
2509 1554 2715 1610 habere
2764 1568 3022 1619 carnem,
3070 1564 3124 1608 ut
3180 1571 3327 1612 unus
3378 1573 3445 1614 ac

1860 1647 2005 1704 idem
2056 1647 2114 1702 in
2161 1662 2271 1703 una
2320 1647 2600 1719 bypostasl
2647 1647 2953 1713 exsistens,
3000 1646 3057 1701 in
3108 1662 3445 1720 unaquaque

1861 1741 2070 1806 forma,
2100 1740 2316 1796 scilicet
2341 1748 2571 1801 natura,
2597 1738 2786 1793 divina
2814 1747 2980 1808 atque
3011 1738 3251 1795 humana
3278 1756 3448 1811 agno-

1859 1823 2078 1900 scatur,
2109 1839 2262 1903 patet
2289 1831 2438 1887 enim
2475 1831 2650 1887 Deum
2679 1830 2922 1886 Verbum
2957 1840 3146 1886 natum
3181 1831 3252 1887 de
3282 1832 3448 1888 Patre

1859 1935 1989 1980 ante
2012 1924 2198 1979 omnia
2219 1923 2420 1979 saecula
2439 1937 2551 1978 non
2571 1938 2694 1978 esse
2714 1922 2962 1994 ejusdem
2983 1922 3297 1994 hypostasis
3315 1939 3442 1980 eum

1859 2019 2049 2083 Patre,
2083 2017 2179 2072 sed
2214 2017 2463 2088 ejusdem
2497 2015 2823 2072 substantia:
2853 2031 2960 2086 qua
2994 2016 3141 2071 Deus
3172 2026 3286 2081 est,
3314 2032 3446 2089 pro-

1860 2111 2040 2180 priam
2076 2124 2210 2164 vero
2260 2109 2603 2181 hypostasim
2652 2108 2855 2165 habere
2899 2125 3008 2180 qua
3046 2109 3293 2166 Verbum
3336 2121 3443 2167 est.

1860 2203 2010 2259 idem
2050 2211 2237 2258 autem
2276 2202 2332 2257 in
2368 2201 2671 2257 novissimo
2703 2201 2921 2259 dierum
2963 2203 3272 2259 secundum
3317 2218 3445 2259 car-

1860 2310 1989 2351 nem
2022 2303 2190 2349 natus
2221 2310 2252 2348 e
2287 2301 2477 2349 sancta
2505 2301 2562 2348 et
2590 2293 2831 2364 gloriosa
2862 2294 3089 2365 Virgine
3118 2294 3291 2349 Matre
3320 2292 3442 2359 Dei,

1858 2386 2110 2458 ejusdem
2136 2386 2449 2458 hypostasis
2472 2400 2585 2439 non
2608 2393 2695 2441 est
2717 2401 2843 2440 cum
2867 2395 3067 2454 matre,
3083 2387 3178 2442 sed
3194 2387 3444 2458 ejusdem

1860 2478 2206 2535 substantiae.
2242 2476 2454 2532 Deinde
2497 2478 2775 2547 quomodo
2812 2477 3077 2549 Acepbali
3124 2478 3193 2534 de
3237 2478 3445 2535 unione

1860 2574 2232 2646 hypostaseon
2276 2571 2513 2626 duarum
2566 2572 2900 2641 loquuntur,
2942 2572 3048 2628 etsi
3102 2572 3447 2644 hypostatice

1861 2667 2126 2721 unionem
2160 2679 2270 2719 non
2305 2663 2601 2720 admittant
2633 2664 2757 2719 duae
2786 2663 3449 2737 hypostasesﬂgnorant-

1860 2773 1931 2813 ne
1967 2754 2279 2812 istiusmodi
2319 2754 2532 2810 erroris
2571 2768 2737 2809 causa
2769 2753 3088 2810 Nestorium
3121 2753 3446 2809 damnatum

1860 2849 2063 2913 fuisse,
2092 2848 2232 2903 duas
2258 2846 2586 2918 bypostases
2615 2847 2671 2900 in
2698 2845 3064 2902 oeconomiam
3094 2845 3448 2902 subinferen—

1861 2941 2006 2998 tem?
2040 2939 2149 2996 Sed
2177 2938 2431 3010 quamvis
2458 2938 2577 2993 haec
2607 2938 2681 2993 ita
2715 2937 2854 3003 sint,
2881 2937 3125 2994 Nestorii
3153 2938 3447 3007 omnisque

1861 3032 2139 3089 haereseos
2164 3032 2422 3103 dogmata
2451 3029 2860 3100 impudentiora
2886 3029 3045 3085 fateri
3075 3029 3289 3085 malunt
3308 3031 3450 3084 Ace-

1621 3161 1753 3216 τερα
1779 3143 1833 3214 c
1861 3124 2039 3195 pbali,
2065 3125 2230 3193 quam
2260 3120 2482 3177 veritati
2512 3120 2804 3176 assentire.
2840 3121 2967 3175 Haec
3001 3128 3182 3175 autem
3219 3135 3249 3175 a
3285 3121 3445 3176 nobis

1862 3220 1975 3275 illis
2015 3215 2252 3273 dicenda
2290 3227 2440 3270 sunt.
2474 3213 2624 3269 Idem
2653 3228 2788 3270 vero
2817 3214 3050 3270 verbum
3080 3214 3326 3285 Apostoli
3360 3215 3421 3270 in
3456 3258 3462 3269 .

1862 3318 2173 3382 terpretans
2205 3306 2689 3379 quoque'sanctus
2719 3304 3050 3362 Ambrosius
3087 3306 3142 3361 in
3183 3321 3443 3362 sermone

1861 3405 1931 3461 de
1956 3401 2328 3474 Apollinario,
2353 3401 2468 3457 haec
2498 3399 2698 3455 scribit
2728 3416 2743 3454 :
2783 3418 2802 3450 ι
2830 3398 3053 3469 Optime
3084 3399 3285 3455 borum
3316 3415 3442 3456 ver-

1861 3496 2061 3551 borum
2090 3492 2441 3549 iterationem
2472 3490 2732 3546 adhibuit
2757 3487 3084 3559 Apostolus,
3110 3489 3178 3545 de
3208 3490 3442 3545 Domino

1861 3597 2053 3647 nostro
2080 3588 2208 3643 Jesu
2242 3584 2463 3641 Christo
2494 3584 2682 3640 dicens
2721 3601 2734 3637 :
2771 3581 2873 3648 Qui
2903 3600 3022 3637 cum
3055 3585 3109 3638 in
3140 3583 3312 3653 [arma
3346 3582 3447 3637 Dei

1862 3690 2022 3746 esset,
2056 3696 2162 3733 non
2203 3679 2453 3749 rapinam
2491 3676 2782 3731 arbitratus
2822 3685 2898 3730 est
2939 3692 3049 3731 esse
3088 3692 3145 3730 se
3184 3675 3446 3748 (aqualem

1867 3775 2001 3837 Deo,
2030 3771 2121 3824 sed
2151 3769 2490 3839 semetipsum
2523 3768 2839 3833 eminauivit,
2877 3766 3102 3837 formam
3133 3768 3272 3822 serui
3304 3771 3445 3823 acci-

1860 3868 2011 3937 piens
2041 3867 2082 3916 ι.
2118 3861 2261 3928 Quid
2306 3870 2392 3916 est
2436 3860 2612 3929 forma
2664 3857 2792 3922 Dei,
2828 3858 2936 3912 nisi
2986 3856 3041 3910 in
3093 3856 3445 3926 plenitudine

1861 3955 2173 4013 divinitatis
2204 3953 2297 4009 illa
2322 3952 2527 4008 divine
2557 3949 2919 4021 perfectionis
2948 3949 3271 4019 impressio?
3303 3948 3444 4005 Cum

1860 4052 2032 4123 igitur
2054 4055 2203 4104 esset
2228 4048 2287 4103 in
2320 4046 2430 4101 hoc
2455 4043 2698 4100 culmine
2725 4041 3052 4107 divinitatis,
3082 4040 3443 4111 semetipsum

1858 4141 2189 4207 exinanivit,
2216 4146 2383 4210 atque
2411 4137 2627 4207 accepit
2651 4135 2899 4207 perfecte
2927 4149 2993 4189 ac
3022 4134 3237 4204 integre
3267 4133 3443 4188 homi-

1857 4237 1948 4293 nis
1991 4244 2278 4300 naturam;
2317 4238 2488 4302 utque
2532 4229 2673 4284 nihil
2714 4229 2829 4284 Deo
2868 4227 3128 4297 reliquit,
3164 4227 3297 4281 item
3338 4241 3443 4281 nec

1858 4327 2252 4387 restaurationi
2293 4324 2569 4392 hominis,
2595 4334 2658 4379 ut
2696 4320 2974 4394 perfectus
3013 4321 3069 4376 in
3108 4335 3442 4385 unaquaque

1858 4432 2057 4479 natura
2093 4419 2459 4477 inveniretur.
2493 4437 2512 4470 ι

1931 4707 2013 4764 Ad
2043 4683 2540 4761 demonstrandum
2563 4683 2731 4771 igitur
2768 4709 2934 4750 unam
2964 4709 3087 4752 esse
3120 4691 3439 4766 bypostastn

1861 4801 1977 4856 sive
2001 4813 2170 4855 unam
2202 4808 2497 4867 personam
2525 4788 2747 4847 Domini
2781 4788 2957 4844 nostri
2978 4787 3108 4844 Jesu
3127 4784 3356 4849 Christi,
3385 4785 3441 4838 in

1860 4891 2076 4948 duabus
2108 4903 2245 4944 vero
2276 4885 2496 4942 naturis
2530 4882 2712 4954 ipsum
2740 4878 2989 4952 agnosci,
3028 4878 3242 4933 scilicet
3271 4876 3328 4931 in
3354 4875 3441 4930 di-

1857 4984 2091 5040 vinitate
2142 4989 2200 5036 et
2252 4976 2642 5041 humanitate,
2678 4981 2805 5043 apta
2834 4970 3156 5029 censuimus
3198 4982 3322 5037 qum
3375 4983 3446 5022 ex

1858 5078 2064 5134 divinis
2106 5071 2410 5142 Scripturis
2455 5068 2772 5137 sanctisque
2809 5064 3070 5120 Patribus
3101 5060 3443 5132 praebentur,

1858 5168 1963 5225 etsi
1994 5180 2170 5239 pauca
2199 5178 2265 5218 ex
2295 5159 2486 5217 multis
2539 5155 2972 5229 produxerimus
2996 5193 3012 5219 ,
3047 5167 3118 5206 ne
3150 5148 3443 5205 abundan-

1859 5263 1970 5318 tius
1983 5259 2248 5329 scriptum
2265 5254 2564 5317 faciamus;
2581 5248 2680 5304 sed
2704 5263 2831 5304 cum
2850 5242 3149 5316 aliquando
3159 5242 3445 5311 contingat

1856 5365 1920 5411 ut
1940 5355 2011 5410 ab
2032 5347 2307 5408 haereticis
2324 5345 2460 5417 ipsis
2480 5341 2688 5398 veritas
2704 5338 2950 5411 patefiat,
2970 5332 3445 5408 quemadmodum

1859 5459 2058 5507 cancro
2087 5442 2367 5499 daemones
2390 5436 2672 5494 Christum
2708 5432 2908 5489 Filium
2953 5430 3052 5486 Dei
3082 5428 3250 5489 etiam
3282 5424 3444 5482 inviti

1858 5538 2095 5601 confessi
2121 5543 2272 5599 sunt,
2304 5530 2661 5590 ostendemus
2681 5526 2864 5597 ipsum
2896 5536 3121 5593 quoque
3150 5520 3441 5584 Severum,

1861 5630 2185 5710 Apollinarii
2231 5636 2611 5685 successorem
2644 5617 3161 5690 Acephalorumque
3189 5626 3443 5668 errorem
