3924 6294
445 333 649 434 ,ς1135

1592 342 2064 404 .‘IUSTINIANI
2103 339 2626 402 IMPERATORIS

3667 338 3803 405 1136

495 457 816 521 augentem,
858 448 1212 504 conﬁtentem
1244 464 1438 506 omnes
1469 463 1689 508 sanctos
1717 453 1908 508 Patres
1943 453 2066 508 duas

2186 451 2432 520 λιναρίου
2457 451 2698 520 διάδοχον
2729 450 2824 505 καὶ
2847 450 2945 521 τὴν
2970 451 3078 504 τῶν
3119 451 3434 520 Ἀκεφάλων
3459 450 3800 522 αὖξὴσαντα

499 553 730 596 naturas
752 541 818 595 de
849 539 1069 596 Christo
1091 541 1371 613 ineulpate
1403 545 1728 601 asseruisse.
1759 545 1886 600 Haec
1910 546 2080 616 igitur

403 689 408 694 .
499 635 638 691 dicit
681 633 736 688 in
787 649 1042 690 sermone
1089 651 1254 707 quem
1300 637 1694 708 Expasitionem
1719 639 1842 708 ﬁdei
1869 649 2074 695 secat:

404 747 409 784 :
505 747 523 779 ι
553 726 735 782 Fateri
759 725 896 782 duas
920 736 1200 792 naturas»
1223 736 1401 785 ete....
1427 729 1637 784 Deinde
1668 731 1723 786 in
1752 731 2077 788 iisdemaim-

401 812 408 828 '
497 833 721 873 morans
745 828 912 888 atque
937 819 992 873 in
1013 819 1266 875 decursu
1301 821 1575 876 sermonis
1595 863 1609 885 ,
1651 821 1788 878 dicit
1817 838 1876 878 se
1906 823 2076 879 verba

497 902 722 964 Patrum
781 909 1005 965 illorum
1060 911 1156 980 qui
1205 911 1487 982 inculpato
1529 912 1670 984 style
1712 913 2074 984 scripserunt,

495 1001 748 1072 proferre
775 1003 1034 1072 nequire,
1063 1005 1170 1059 etsi
1218 1014 1380 1059 antea
1411 1005 1579 1059 verba
1604 1004 1793 1077 Cyrilli
1845 1006 2076 1062 recitata

496 1093 628 1147 sint.
649 1091 726 1146 -Si
755 1107 886 1147 vero
929 1107 1123 1147 omnes
1166 1092 1343 1148 sancti
1383 1093 1596 1157 Patres,
1629 1097 1746 1150 imo
1769 1105 1824 1150 et
1853 1105 2078 1152 sanctus

495 1183 735 1254 Cyrinus
765 1183 1045 1252 inculpato
1085 1187 1226 1256 style
1270 1184 1617 1254 scripserint,
1651 1184 1879 1256 ipseque
1909 1186 2078 1242 Seve-

497 1291 596 1331 rus
623 1277 730 1330 hoc
765 1274 1035 1342 fateatur,
1089 1275 1215 1345 quis
1259 1291 1394 1346 ergo
1435 1277 1544 1331 sibi
1576 1277 1742 1331 talem
1767 1288 2076 1348 arrogaret

463 1369 884 1424 .auetoritatem
917 1367 986 1423 ad
1017 1367 1326 1422 doctrinam
1361 1367 1586 1422 Patrum
1623 1367 2076 1437 reprobaudam?

493 1461 582 1515 vel
609 1459 892 1530 quomodo
917 1459 1112 1514 Patres
1143 1468 1304 1514 vocat
1324 1459 1564 1514 Severus
1587 1475 1825 1530 quorum
1855 1459 2074 1530 opinio-

491 1569 592 1608 nes
609 1551 984 1622 reprobandas
999 1551 1314 1606 existimat?
1338 1551 1444 1607 Sed
1459 1552 1806 1608 manifestum
1831 1567 1890 1608 se
1919 1551 2069 1609 fecit:

457 1675 469 1686 ι
490 1662 616 1701 cum
646 1646 794 1700 enim
827 1662 940 1700 non
973 1653 1160 1716 posset
1189 1644 1434 1717 eliugere
1466 1645 1778 1712 veritatem,
1812 1646 1918 1702 hoc
1945 1663 2074 1702 ver-

490 1738 622 1791 bum
656 1738 884 1808 quidem
917 1753 947 1792 a
981 1738 1240 1792 Patribus
1287 1738 1565 1808 prolatum
1611 1753 1734 1794 esse
1786 1739 2074 1796 confessus

2181 539 2410 610 πλάνην,
2451 539 2826 609 ὁμολογοῦντα
2865 541 2949 594 ὅτι
2999 541 3202 605 πάντες
3240 544 3290 596 oi
3333 543 3491 611 ἅγιοι
3542 544 3796 617 Πατέρες

2179 630 2274 684 δύο
2300 631 2492 700 φύσεις
2543 631 2638 685 ἐπὶ
2677 631 2770 685 τοῦ
2829 633 3070 702 Χριστοῦ
3121 633 3465 703 ἁδιαόλήτως
3498 636 3794 706 εἰρήκασι.

2177 721 2342 790 Λέγει
2375 723 2508 792 γοῦν
2528 726 2586 776 ὲν
2607 723 2687 794 τῷ
2715 723 2862 795 λόγῳ
2911 725 2970 778 ὃν
3000 725 3287 780 Ἔκθεσιν
3311 728 3586 794 πίστεως
3631 729 3794 798 δῆθεν

2177 814 2454 884 ὀνομάζει,
2477 817 2606 871 τάδε
2630 835 2646 852 ο
2685 836 2704 869 ι
2745 818 2820 870 Τὸ
2845 819 2902 871 δὲ
2933 819 3116 888 λέγειν
3149 820 3245 874 δύο
3275 821 3498 888 φύσεις,
3522 841 3545 874 ι
3569 831 3693 878 εις.
3719 830 3792 891 (ιι

2179 905 2308 960 alibi
2319 907 2442 976 jam
2465 909 2851 980 recitarimus).
2875 907 3008 964 Εἶτα
3037 913 3150 975 τοῖς
3173 913 3359 976 αὐτοῖς
3388 913 3674 983 ἐμμένων
3704 918 3788 969 καὶ

2174 997 2268 1056 διὰ
2297 999 2410 1054 τῶν
2443 999 2646 1071 ἑφεξῆς
2673 1003 2847 1071 λέγει,
2885 1005 2960 1075 μὴ
2997 1004 3256 1060 δύνασθαι
3303 1005 3409 1069 τὰς
3441 1005 3568 1060 τῶν
3617 1009 3788 1079 ﬂati-

2182 1105 2290 1160 ρων
2329 1093 2514 1160 φωνὰς
2551 1095 2662 1146 τῶν
2710 1093 3055 1166 ἁδιαδλήτως
3095 1097 3161 1166 τῇ
3211 1097 3353 1164 λέξει
3403 1100 3784 1168 χρησαμένων

2168 1183 2574 1254 προφέρεσθαι,
2613 1185 2718 1238 κᾶν
2761 1185 2930 1239 αὐτοῦ
2966 1187 3244 1259 Κυρίλλου
3281 1184 3398 1242 εἷεν
3439 1189 3567 1260 πρὸ
3595 1191 3780 1244 τούτου

2175 1273 2470 1344 λεχθεῖσαι.
2520 1277 2583 1330 Et
2632 1277 2814 1334 τοίνυν
2850 1279 3061 1343 πάντας
3094 1281 3221 1344 τοὺς
3252 1281 3454 1348 ἁγίους
3499 1283 3778 1354 Πατέρας,

2176 1365 2259 1420 ἔτι
2295 1366 2406 1436 μὴν
2436 1368 2530 1421 καὶ
2565 1367 2658 1422 τὸν
2691 1371 2751 1423 ὲν
2803 1371 2982 1438 ἁγίοις
3009 1371 3276 1442 Κύριλλον
3309 1373 3684 1444 ἁδιασλήτως
3721 1380 3776 1444 τῇ

2175 1455 2318 1522 λέξει
2348 1459 2678 1529 χρήσασθαι,
2723 1462 2817 1514 καὶ
2863 1463 3027 1527 αὐτὸς
3073 1463 3313 1534 Σευῆρος
3366 1463 3671 1536 ὁμολογῇ,
3707 1468 3776 1528 τίς

2175 1549 2285 1620 ἄρα
2313 1551 2574 1618 τοιαύτην
2602 1552 2762 1624 ἔσχεν
2799 1555 3110 1621 αὑθεντίαν,
3145 1553 3288 1608 ὥστε
3316 1554 3423 1625 τὴν
3456 1555 3587 1610 τῶν
3621 1556 3775 1624 ἁγίων

2175 1641 2438 1712 Πατέρων
2467 1643 2876 1717 ἀποδοκιμάσαι
2916 1645 3306 1714 διδασκαλίανς
3343 1647 3380 1718 ἢ
3433 1647 3570 1712 πῶς
3613 1650 3772 1702 Πατέ-

2181 1752 2280 1804 ρας
2307 1735 2566 1807 ὀνομάζει
2597 1737 2838 1810 Σευῆρος
2863 1731 2939 1794 ὧν
2967 1739 3492 1810 ἀποδοκιμασθῆναι
3531 1739 3694 1810 λέγει
3718 1743 3773 1795 τὰ

486 1839 594 1894 cst,
636 1829 731 1884 sed
775 1829 1002 1900 proprio
1057 1829 1256 1885 morbo
1291 1829 1499 1885 mederi
1535 1831 1765 1896 volens,
1817 1831 2066 1902 blasphe-

2175 1827 2458 1898 δόγματας
2504 1829 2666 1884 Ἀλλὰ
2697 1829 2966 1902 πρόδηλον
3011 1831 3204 1885 ἑαυτὸν
3235 1831 3550 1898 δείκνυσιν,
3582 1836 3665 1898 ὡς
3689 1837 3772 1906 τὴν

491 1923 617 1978 miis
643 1921 884 1978 Nestorii
917 1922 1226 1978 doctrinam
1257 1922 1484 1978 Patrum
1513 1921 1684 1978 fuisse
1719 1923 2068 1994 reprobatam

485 2015 722 2082 asserit;
779 2013 925 2086 quod
973 2022 1058 2070 est
1103 2015 1219 2070 risu
1258 2014 1508 2085 dignum.
1559 2015 1676 2069 illis
1707 2025 1892 2071 autem
1945 2030 2072 2070 san-

486 2117 609 2164 ctos
639 2108 836 2162 Patres
859 2106 1146 2162 exinanire
1177 2115 1410 2163 conatus
1434 2115 1540 2172 est,
1567 2116 1939 2176 sanctumque
1967 2106 2072 2179 Cy-

450 2219 462 2247 -.
487 2199 673 2252 rillum
695 2199 1022 2254 calumniari
1039 2213 1161 2254 non
1184 2198 1558 2264 dubitavit,,ut
1582 2197 1692 2253 illis
1712 2214 1838 2268 quae
1851 2198 1920 2252 ab
1951 2197 2073 2268 ipso

484 2291 652 2360 paulo
679 2300 806 2346 ante
833 2289 979 2345 dicta
1010 2289 1231 2346 fuerant
1252 2289 1566 2360 sanctisque
1591 2289 1850 2346 Patribus
1872 2290 2071 2345 adver-

484 2393 722 2437 santcm.
766 2383 1022 2438 Attamen
1053 2397 1178 2438 cum
1209 2383 1302 2438 ille
1331 2397 1504 2450 usque
1537 2381 1608 2437 ad
1643 2382 1882 2436 Nestorii
1927 2392 2070 2437 tem-

483 2489 617 2543 pora
677 2484 899 2530 sanctos
963 2475 1160 2530 Patres
1195 2475 1302 2529 hoc
1341 2473 1520 2528 verbo
1565 2473 1847 2543 inculpate
1897 2472 2070 2529 fuisse

485 2581 617 2620 usos
650 2565 884 2620 allirmet
911 2605 926 2631 ,
976 2581 1080 2620 nos
1111 2574 1364 2620 sanctum
1395 2563 1664 2636 Cyrillum
1700 2565 1934 2621 duarum
1967 2582 2070 2620 na-

486 2668 735 2710 turarum
771 2657 942 2711 verbo
980 2655 1050 2711 de
1098 2655 1408 2711 meonomia
1457 2655 1765 2710 Salvatoris
1797 2665 2066 2723 utentem,

484 2746 882 2802 condemnasse
937 2743 1278 2802 Nestorium'
1301 2745 1692 2814 ostendemus;
1753 2748 2069 2819 iterumque

485 2849 607 2909 post
627 2839 1054 2894 condemnatum
1083 2839 1422 2906 Nestorium,
1457 2839 1628 2895 simili
1653 2839 1908 2896 doctrina
1933 2856 2069 2897 usus

466 2941 572 2988 .est
606 2931 754 2988 idem
792 2941 1020 2988 sanctus
1060 2931 1321 3004 Cyrillus.
1383 2932 1614 2990 Videtur
1655 2947 1788 3004 ergo
1823 2931 2069 2989 Severus

464 3043 665 3099 neque
695 3036 920 3083 sanctos
949 3027 1143 3082 Patres
1177 3025 1508 3097 intelligere,
1530 3040 1711 3094 neque
1743 3039 1970 3080 causam
1995 3023 2068 3078 ob

477 3131 651 3190 quam
687 3121 1089 3175 condemnatus
1111 3127 1196 3174 est
1215 3117 1544 3181 Nestorius;
1578 3116 1754 3172 sancti
1783 3116 1932 3171 enim
1963 3116 2068 3171 Pa-

489 3221 600 3264 tres
628 3209 938 3264 divinitatis
961 3207 1170 3264 Christi
1201 3216 1366 3276 atque
1395 3205 1758 3260 humanitatis
1799 3204 1938 3259 duas
1962 3219 2062 3260 na-

459 3311 637 3356 ,turas
663 3301 848 3355 unitas
891 3298 1225 3354 conﬁtentes
1257 3337 1273 3360 ,
1331 3311 1402 3351 ne
1441 3296 1566 3350 duae
1601 3295 1924 3366 hypostases
1965 3307 2062 3354 aut

467 3391 594 3446 duo
639 3390 737 3444 lilii
768 3390 836 3444 de
869 3389 992 3458 ipso
1028 3387 1372 3450 dicerentur,
1412 3395 1706 3452 vetarent;
1745 3386 2062 3443 Nestorius-

456 3496 588 3552 .que
632 3487 886 3534 naturam
911 3523 926 3546 ,
957 3477 1296 3550 hypostasim
1337 3487 1502 3547 atque
1558 3492 1856 3548 personam
1909 3478 2058 3535 idem

479 3587 604 3627 esse
653 3569 959 3635 conﬁtens,
1005 3580 1301 3642 propterea
1347 3570 1582 3625 duarum
1629 3579 1955 3628 naturarum
2004 3573 2062 3627 in

479 3663 762 3736 hypostasi
799 3665 1066 3719 unionem
1101 3678 1330 3735 negans,
1357 3663 1654 3734 separatim
1691 3663 2064 3736 hypostatiee-

481 3773 589 3829 que
619 3758 761 3814 duas
790 3767 1020 3812 naturas
1042 3757 1254 3821 dicens,
1281 3755 1532 3827 indeque
1561 3757 1703 3812 duos
1726 3757 1868 3813 lllios
1892 3757 2062 3813 duos-

478 3863 589 3919 que
605 3846 860 3904 Christos
873 3845 1159 3918 effingens,
1185 3854 1412 3918 propter
1434 3846 1595 3901 istam
1617 3845 1791 3917 ipsius
1805 3846 2064 3917 blasphe-

478 3943 645 3996 miam
665 3981 680 4006 ,
698 3954 730 3995 a
754 3940 964 3996 sanctis
979 3939 1240 3994 Pan-ibus
1257 3936 1662 3994 condemnatus
1683 3946 1768 3994 est
1786 3955 1802 4005 ;
1820 3937 2059 4008 ideoque

477 4029 972 4104 sanetusCyrillus,
1000 4030 1274 4087 insaniam
1299 4030 1423 4102 ejus
1439 4028 1726 4086 Iudaicam
1755 4027 2063 4087 retundens

479 4124 536 4179 in
563 4123 850 4196 Epliesino
865 4124 1100 4196 synodo,
1123 4130 1344 4180 sanctos
1356 4122 1554 4178 Patres
1575 4121 1810 4178 adduxit
1827 4129 1886 4176 ut
1903 4129 2060 4180 veta-

477 4227 603 4273 rent
633 4233 704 4274 ne
731 4217 844 4273 duo
891 4217 997 4273 lilii
1046 4217 1410 4281 dicerentur,
1459 4214 1600 4272 duas
1647 4228 1783 4270 vero
1831 4223 2061 4270 naturas

480 4325 766 4382 unumque
797 4310 996 4366 Filium
1029 4309 1424 4380 praedicarent.

2173 1919 2436 1992 ἀλήθειαν
2464 1920 2794 1992 ἀποφυγεῖν,
2835 1923 2912 1996 μὴ
2949 1923 3272 1992 δυνάμενος,
3300 1925 3650 1996 ὡμολόγησε
3686 1927 3770 1998 μὲν

2172 2011 2272 2080 τὴν
2303 2012 2564 2082 τοιαύτην
2601 2013 2786 2086 φωνὴν
2821 2015 2976 2085 παρὰ
3020 2014 3130 2069 τῶν
3164 2015 3340 2084 ἁγίων
3384 2018 3671 2088 Πατέρων
3705 2021 3770 2072 εί-

2174 2104 2394 2175 ρῆσθαι,
2431 2105 2714 2178 βουληθεὶς
2738 2108 2796 2162 δὲ
2825 2112 2892 2180 τῇ
2917 2110 3099 2180 οἰκείᾳ
3125 2110 3268 2180 νόσῳ
3293 2115 3670 2182 συνηγορεῖν,
3693 2113 3767 2165 λέ-

2170 2214 2260 2266 γει
2287 2198 2377 2252 διὰ
2412 2198 2512 2262 τὰς
2541 2201 2840 2271 Νεστορίου
2874 2199 3223 2271 βλασφημίας
3251 2202 3770 2274 ἀποδοκιμασθῆναι

2171 2289 2271 2352 τὰς
2299 2289 2407 2343 τῶν
2431 2291 2604 2360 ἁγίων
2634 2291 2900 2362 Πατέρων
2933 2291 3309 2354 διδασκαλίας·
3349 2293 3445 2362 ἐφ’
3559 2297 3660 2348 καὶ
3695 2313 3770 2364 γε·

2172 2379 2270 2449 λᾷν
2298 2378 2470 2444 ἄξιον.
2507 2379 2608 2436 Διὰ
2653 2381 2710 2436 δὲ
2763 2381 2970 2437 τούτων
3013 2381 3138 2446 τούς
3169 2399 3230 2436 τε
3276 2383 3482 2452 ἁγίους
3526 2385 3770 2458 ιῐατέρας

2171 2469 2388 2524 ἀθετεῖν
2419 2472 2780 2544 ἐπεχείρησεν
2809 2473 2905 2527 καὶ
2929 2473 3018 2528 τὸν
3045 2475 3104 2526 ὲν
3150 2475 3331 2542 ἁγίοις
3364 2476 3660 2546 Κύριλλον
3685 2495 3768 2530 συ·

2171 2566 2464 2633 κοφαντεῖν
2503 2565 2604 2618 οὐκ
2651 2565 3004 2635 ἁπὼκνησεν,
3035 2565 3111 2630 ὡς
3136 2567 3234 2620 καὶ
3260 2569 3376 2630 τοῖς
3406 2567 3618 2640 πρώην
3655 2571 3767 2640 παρ’

2172 2652 2343 2707 αὐτοῦ
2383 2655 2698 2726 είρημένοις
2749 2655 2846 2709 καὶ
2891 2657 3006 2720 τοῖς
3057 2657 3237 2724 ἁγίοις
3283 2657 3584 2729 Πατράσιν
3622 2661 3768 2712 ἐναν-

2172 2747 2288 2802 τιού
2297 2766 2481 2820 μενον.
2507 2749 2654 2820 Πλὴν
2681 2747 2870 2817 ἐπειδὴ
2901 2749 3106 2810 ἐκεῖνος
3131 2747 3295 2819 μέχρι
3320 2750 3437 2801 τῶν
3463 2750 3768 2822 Νεστορίον

2170 2841 2402 2912 χρόνων,
2448 2841 2599 2910 λέγει
2629 2839 2758 2904 τοὺς
2804 2839 2997 2909 ἁγίους
3025 2839 3278 2912 Πατέρας
3323 2841 3689 2914 ἀδιαδλήτως
3711 2845 3768 2915 τῇ

2169 2933 2397 3006 τοιαύτῃ
2440 2932 2750 3004 χρήσασθαι
2784 2934 2969 3002 φωνῇ,
3031 2933 3192 3003 ἡμεῖς
3232 2933 3492 3003 δείξομεν
3523 2936 3615 2988 ὅτι
3659 2938 3689 2990 ὁ
3719 2937 3771 2988 ἐν

2169 3025 2350 3094 ἁγίοις
2381 3023 2653 3096 Κύριλλος
2685 3027 2755 3095 τῇ
2795 3024 2904 3078 τῶν
2935 3023 3046 3080 δύο
3077 3027 3326 3094 φύσεων
3353 3031 3517 3100 φωνῇ
3546 3030 3648 3082 ἐπὶ
3679 3029 3770 3100 τῆς

2167 3117 2486 3188 οἰκονομίας
2513 3116 2606 3170 τοῦ
2637 3117 2890 3188 Σωτῆρος
2922 3120 3294 3188 χρησάμενος,
3327 3121 3643 3191 κατέκρινε
3673 3121 3767 3175 κε-

2169 3210 2387 3280 στόριον
2409 3225 2422 3240 ·
2447 3211 2544 3264 καί⁵
2569 3209 2737 3264 πάλιν
2769 3210 2909 3280 μετὰ
2939 3209 3038 3281 τὴν
3073 3210 3375 3280 Νεστορίου
3406 3215 3767 3285 κατάκρισιν,

2168 3303 2198 3356 ὁ
2225 3301 2388 3366 αὐτὸς
2413 3305 2472 3355 ὲν
2501 3301 2680 3369 ἁγίοις
2720 3299 2990 3372 Κύριλλος
3026 3303 3096 3373 τῇ
3123 3301 3286 3372 ὁμοίᾳ
3321 3303 3614 3373 ἐχρήσατο
3636 3306 3769 3359 διδα-

2171 3395 2393 3467 σκαλίᾳ.
2436 3396 2620 3450 Ἔοικε
2655 3395 2764 3464 γὰρ
2795 3393 3039 3465 Σευῆρος
3079 3395 3218 3466 μήτε
3248 3395 3381 3459 τοὺς
3418 3397 3627 3466 ἁγίους
3656 3400 3769 3468 v54,-

2171 3505 2270 3552 σας
2325 3487 2615 3561 Πατέρας,
2667 3487 2805 3559 μήτε
2853 3491 2954 3558 τὴν
3009 3487 3190 3542 αἰτίαν
3237 3489 3322 3557 ἐφ’
3459 3491 3766 3563 κατεκρίθη

2169 3581 2468 3652 Νεστόριος
2495 3598 2509 3613 ο
2551 3582 2602 3633 οί
2631 3579 2738 3651 γὰρ
2770 3577 2918 3648 ἁγιοι
2963 3578 3206 3650 Πατέρες
3239 3579 3341 3648 τῆς
3372 3580 3648 3652 θεότητος
3679 3580 3765 3636 τοῦ

2170 3671 2410 3742 Χριστοῦ
2443 3671 2537 3730 καὶ
2567 3671 2666 3737 τῆς
2693 3670 3111 3740 ἀνθρωπότητος
3133 3670 3229 3724 δύο
3250 3670 3446 3740 φύσεις
3472 3673 3766 3743 ἡνωμένιῖ

2164 3761 2558 3833 ὁμολογοῦντες
2607 3761 3000 3834 ἀπηγόρευσαν
3051 3761 3146 3814 δύο
3201 3763 3546 3829 ὑποστάσεις
3593 3765 3631 3835 ἢ
3679 3767 3762 3817 δὺς

2164 3857 2316 3920 υίοὺς
2353 3854 2443 3910 ἐπ’
2488 3853 2656 3910 αὑτοῦ
2705 3856 2906 3924 λέγειν·
2943 3854 3242 3926 Νεπορίου
3295 3856 3407 3926 γὰρ
3462 3857 3637 3924 φύσιν
3677 3858 3764 3910 καὶ

2165 3944 2468 4000 ὑπόστασιν
2521 3947 2620 3999 καὶ
2671 3947 2966 4015 πρόσωπον
3004 3946 3208 4000 ταύτὸν
3250 3941 3396 4000 εἶναι
3429 3948 3763 4016 ὁμολογοῦν-

2168 4051 2282 4099 τος,
2314 4035 2410 4090 καὶ
2436 4035 2528 4090 διὰ
2559 4035 2721 4091 τοῦτο
2767 4035 2878 4090 τῶν
2910 4035 3006 4090 δύο
3057 4036 3277 4106 φύσεων
3309 4037 3413 4097 τὴν
3463 4039 3601 4092 καθ’
3633 4040 3764 4092 ὑπό-

2171 4143 2364 4182 στασιν
2401 4129 2598 4184 ἕνωσιν
2629 4128 2990 4199 ἀρνουμένου,
3017 4127 3112 4182 καὶ
3139 4128 3245 4184 ἁνὰ
3277 4129 3448 4200 μέρος
3498 4132 3600 4186 καὶ
3639 4133 3762 4185 ἰδιο-

2167 4219 2493 4283 ῡττοστὰτως
2539 4221 2638 4284 τὰς
2674 4219 2782 4282 ,δύο
2828 4218 3022 4289 φύσεις
3051 4219 3324 4288 λέγοντος,
3359 4221 3458 4274 καὶ
3513 4223 3758 4276 ἐντεῦθεν

2161 4308 2255 4362 δύο
2289 4309 2438 4372 υἱοὺς
2486 4311 2582 4362 καὶ
2611 4309 2705 4362 δύο
2736 4309 3008 4380 Χριστοὺς
3038 4307 3501 4376 ἁναπλὰττοντος,
3540 4313 3640 4367 καὶ
3662 4313 3750 4366 διὰ

479 4403 578 4472 τὴν
606 4402 863 4472 τοιαύτην
893 4401 1060 4456 αὐτοῦ
1095 4399 1452 4472 βλασφημίαν
1483 4398 1590 4454 ὑπὸ
1614 4397 1722 4453 τῶν
1745 4397 1924 4467 ἁγίων
1990 4399 2294 4469 κατεκρίθη
2365 4401 2648 4470 Πατέρων,
2681 4399 2874 4472 ἀμέλει
2904 4417 2989 4453 τοι
3039 4401 3068 4454 δ
3099 4401 3158 4453 ὲν
3223 4399 3403 4468 ἁγίοις
3477 4404 3750 4477 Κύρύλος

475 4499 577 4569 τὴν
615 4496 914 4568 ἰουδαῖκὴν
977 4495 1142 4550 αὑτοῦ
1189 4495 1388 4566 μανίαν
1425 4494 1731 4563 ἁνελέγχων
1779 4495 1839 4547 ὲν
1882 4496 1949 4567 τῇ
1985 4492 2106 4550 κατ’
2148 4495 2386 4564 Ἔφεσον
2441 4495 2666 4566 συνόδῳ,
2705 4495 2835 4558 τοὺς
2892 4493 3082 4564 ἁγίους
3131 4493 3382 4566 Πατέρας
3431 4499 3758 4568 προήγαγεν

473 4583 926 4660 ἀπαγορεύοντας
962 4589 1061 4660 μὲν
1088 4589 1150 4642 τδ
1170 4589 1352 4656 λέγειν
1377 4586 1474 4641 δύο
1501 4587 1686 4650 Υἱοὺς,
1713 4585 1808 4640 δύο
1833 4587 1892 4640 δὲ
1916 4585 2112 4656 φύσεις
2148 4588 2246 4643 καὶ
2275 4588 2371 4642 ἕνα
2407 4587 2538 4644 Υίδν
2564 4587 2960 4658 κηρύττοντος.

550 4685 630 4738 Ex
653 4679 914 4736 onmibus
943 4679 1114 4750 igitur
1137 4693 1261 4748 quae
1290 4677 1438 4732 dicta
1465 4683 1598 4730 sunt
1616 4675 1952 4746 patefactum
1975 4685 2059 4733 est

2239 4675 2320 4750 [P.
2351 4677 2508 4752 251.]
2527 4680 2622 4736 Ἐκ
2635 4679 2745 4734 τῶν
2777 4678 3088 4752 εἰρημένων
3117 4678 3299 4733 τοίνυν
3323 4679 3591 4752 ἁπάντων
3617 4683 3758 4739 ἁπο-

474 4783 740 4832 sanctum
773 4768 1040 4842 Cyrillum
1071 4777 1202 4824 ante
1227 4767 1642 4824 damnationem
1672 4767 1906 4824 Nestorii
1936 4808 1950 4832 ,
2002 4768 2060 4826 in

481 4867 633 4924 illius
651 4861 1007 4920 damnatione
1027 4868 1260 4933 postque
1283 4859 1458 4930 ipsius
1472 4857 1882 4916 damnationem
1894 4901 1908 4925 ,
1923 4859 2060 4916 dua-

473 4975 611 5014 .rum
635 4965 962 5012 naturarum
995 4953 1052 5009 in
1087 4967 1200 5008 uno
1223 4951 1446 5008 Christo
1479 4949 1887 5007 confessionem
1920 4966 2062 5023 prte-

477 5053 669 5109 dieare
721 5047 989 5105 continuo
1032 5061 1141 5101 non
1191 5060 1458 5102 cessasse.
1522 5043 1630 5101 Sed
1674 5042 1816 5099 nihil
1865 5044 2064 5101 horum

483 5145 805 5216 intelligens
834 5139 1092 5196 veritatis
1121 5137 1298 5192 hostis
1327 5135 1585 5202 Severus,
1620 5138 1811 5193 Patres
1837 5136 2062 5193 nomine

483 5239 710 5293 Patrum
744 5240 930 5298 vocat,
979 5245 1046 5286 ac
1075 5229 1311 5300 denegat
1341 5229 1411 5284 ab
1453 5228 1564 5285 illis
1614 5227 1878 5286 Ecclesiae
1909 5237 2058 5285 recte

481 5329 744 5384 traditam
778 5325 951 5381 fuisse
974 5321 1305 5386 doctrinam,
1355 5321 1611 5377 nesciens
1641 5321 1956 5378 Nestorium
1987 5321 2060 5378 ob

481 5433 636 5473 suam
669 5417 893 5486 quidem
923 5414 1266 5484 impietatem
1295 5413 1717 5469 condemnatum
1765 5413 1957 5478 fuisse,
1988 5415 2059 5470 ab

480 5504 689 5574 illoque
725 5512 908 5558 tamen
950 5501 1175 5558 Patrum
1223 5500 1533 5558 doctrinam
1573 5517 1822 5557 eversam
1869 5502 2058 5560 fuisse.

483 5593 546 5648 Si
582 5575 788 5658 autem,
833 5595 987 5664 juxta
1025 5590 1295 5646 insaniam
1327 5591 1551 5658 Severi,
1585 5591 1754 5648 verba
1787 5608 1819 5647 a
1853 5595 2059 5650 sanctis

482 5683 744 5737 Patribus
777 5693 924 5738 recte
961 5682 1273 5752 praedicata,
1322 5683 1390 5736 ab
1427 5684 1704 5738 haereticis
1738 5699 1870 5738 vero
1901 5685 2060 5739 mali-

427 5797 435 5803 ·
478 5790 592 5844 gne
647 5773 1007 5843 interpretata
1058 5773 1392 5830 removenda
1431 5783 1594 5843 sunt,
1641 5784 1852 5832 evertet
1885 5777 2051 5832 etiam

2163 4771 2432 4826 δέδεικται
2458 4773 2541 4826 ὅτι
2567 4772 2598 4824 ὁ
2631 4773 2688 4827 ὲν
2714 4772 2890 4842 ἁγίοις
2923 4771 3193 4844 Κύριλλος
3237 4773 3336 4826 καὶ
3376 4773 3486 4845 πρὸ
3519 4776 3620 4846 τῆς
3649 4777 3758 4831 Nec

2165 4863 2382 4935 στορίου
2427 4863 2829 4935 κατακρίσεως,
2885 4865 2982 4918 καὶ
3027 4867 3086 4918 ἐν
3131 4867 3270 4938 αὐτῇ
3303 4869 3367 4937 τῇ
3405 4870 3761 4940 κατακρίσει,

2167 4953 2264 5007 καὶ
2305 4953 2444 5026 μετὰ
2491 4952 2616 5024 τῆν’
2648 4953 2814 5009 αὑτοῦ
2865 4956 3218 5026 κατάκρισιν,
3265 4957 3328 5010 ού
3383 4957 3630 5011 διέλιπεν
3663 4959 3760 5031 τὴν

2171 5046 2302 5118 περὶ
2337 5044 2448 5098 τῶν
2479 5045 2574 5100 δύο
2623 5045 2842 5115 φύσεων
2869 5049 2964 5100 ἐπὶ
3003 5047 3100 5102 τοῦ
3146 5049 3267 5112 ἑνὸς
3295 5049 3542 5119 Χριστοῦ
3569 5052 3762 5122 ὁμολο-

2166 5137 2293 5208 γίαν
2321 5136 2410 5190 ἀεὶ
2434 5137 2722 5208 κηρύττων
2739 5155 2753 5168 ⁶
2771 5138 2888 5193 ἁλλ’
2911 5139 3064 5194 οὐδὲν
3095 5140 3304 5194 τούτων
3332 5142 3580 5215 Σευῆρος
3609 5145 3639 5198 δ
3659 5145 3761 5215 τῆς

2164 5228 2428 5299 ἀληθείας
2466 5230 2662 5303 ἐχθρὸς
2699 5231 2916 5297 ἐννοῶν,
2949 5233 3078 5298 τοὺς
3111 5233 3212 5304 μὲν
3243 5234 3500 5306 Πατέρας
3527 5237 3760 5306 ὀνόματι

2166 5319 2326 5390 δῆθεν
2354 5319 2624 5391 Πατέρων
2651 5320 2940 5386 ἀποκαλεῖ,
2976 5323 3226 5394 ἀρνεῖται
3275 5323 3333 5377 δὲ
3371 5324 3444 5378 τὰ
3488 5327 3630 5397 παρ’
3665 5329 3768 5382 αὖ·

2165 5412 2274 5466 τῶν
2319 5411 2494 5482 ὀρθῶς
2548 5413 2616 5483 τῇ
2673 5411 2972 5484 Ἐκκλησία
3019 5413 3434 5485 παραδεδομένα
3480 5414 3762 5488 δόγματα,

2171 5505 2246 5576 μὴ
2270 5506 2558 5575 γινώσκων
2583 5506 2666 5560 ὅτι
2695 5506 2992 5578 Νεστόριος
3023 5507 3122 5577 μὲν
3143 5507 3231 5561 διὰ
3261 5511 3364 5579 τὴν
3391 5511 3607 5564 οἰκείαν
3627 5512 3765 5564 tisi-

2169 5594 2322 5650 6ειαν
2367 5585 2790 5662 κατακέκριται,
2836 5597 2898 5649 οὐ
2942 5597 3050 5668 μὴν
3087 5597 3156 5650 δι’
3195 5599 3407 5652 ἐκεῖνον
3439 5600 3472 5669 ἡ
3502 5601 3617 5653 τῶν
3643 5602 3765 5654 "ao

2164 5687 2342 5757 τέρων
2365 5687 2636 5758 ἀνῄρηται
2668 5689 3008 5744 διδασκαλία.
3043 5691 3106 5743 Εἰ
3143 5691 3251 5758 γὰρ
3282 5691 3425 5743 κατὰ
3455 5691 3560 5761 τὴν
3588 5693 3764 5761 Σευήο

2163 5794 2258 5850 ρον
2297 5779 2498 5850 μανίαν
2529 5821 2543 5848 ,
2583 5781 2678 5844 τὰς
2734 5783 2918 5852 amvi;
2963 5782 3060 5848 τὰς
3089 5781 3242 5854 παρὰ
3273 5781 3377 5856 μὲν
3424 5783 3540 5840 τῶν
3585 5784 3764 5854 ἁγίων
