3924 6294
152 296 286 393 ιιι-ι
348 324 349 331 ~

1061 276 1508 357 TRA'CTXTUS
1543 292 1855 356 comas
1886 297 2488 358 MONOPHYSITAS.

3290 298 3451 364 11384

151 407 408 478 Πατέρων
442 404 619 479 ὀρθῶς
648 401 969 475 εἰρημένας,
1014 401 1169 474 παρά
1210 401 1271 457 δὲ
1312 401 1608 474 αίρετικῶν
1634 418 1736 455 κα-

1842 404 2093 461 divinam
2112 405 2484 477 Scripturam,
2533 423 2599 461 ex
2644 422 2752 477 qua
2814 407 3059 464 haeretici
3104 424 3205 465 suo
3232 408 3428 465 morbo

150 501 261 565 κῶς
296 496 790 571 ὲκλαμδανομένας
827 494 1216 565 παραιτεῖσθαι
1270 492 1389 560 δεῖ,
1437 494 1532 550 καὶ
1566 492 1738 566 αὑτὴν

152 591 408 663 ἀθετήσει
435 589 535 662 τὴν
578 588 732 642 θείαν
767 587 1016 660 Γραφὴν,
1041 585 1104 652 ἐξ
1139 581 1208 657 ἦς
1236 585 1442 651 πάντες
1469 585 1742 658 αἱρετικοὶ

149 685 216 754 τῇ
255 679 431 753 οἰκείᾳ
465 681 788 751 συνηγορεῖν
842 678 1048 733 οἴονται
1104 678 1277 751 νόσῳ’
1322 679 1420 733 καὶ
1465 678 1628 749 δῆλον
1657 679 1741 733 δτι

150 774 290 829 κατὰ
331 774 462 836 τοὺς
508 770 720 831 ἐκείνου
766 771 992 843 λήρους,
1018 769 1080 823 αἴ
1113 785 1175 824 τε
1211 770 1353 824 θεῖαι
1387 769 1608 842 Γραφαὶ
1646 771 1743 824 καὶ

148 869 204 920 at
234 864 343 919 τῶν
377 864 640 937 Πατέρων
671 862 1008 935 παραδόσεις
1035 861 1666 934 ἀποδοκιμασθήσονται.

231 952 394 1007 Ἀλλά
430 950 604 1007 ταῦτα
638 952 739 1023 μὲν
769 953 931 1024 ἡμεῖς
954 952 1093 1025 πρὸς
1118 952 1245 1016 τοῦς
1273 952 1591 1024 αἱρετικοὺς
1614 951 1744 1008 ἀθε-

147 1045 380 1109 τοῦντας
429 1045 532 1113 τὴν
560 1044 672 1099 τῶν
707 1040 971 1116 Πατέρων
1008 1043 1397 1100 διδασκαλίαν
1437 1047 1472 1115 ἡ
1519 1044 1577 1098 δὲ
1611 1044 1744 1113 ἁγία

148 1137 243 1191 τοῦ
270 1137 408 1191 Θεοῦ
446 1135 744 1206 Ἐκκλησία
787 1134 890 1200 τὰς
925 1136 1110 1207 μέντοι
1140 1135 1315 1201 αὑτὰς
1375 1135 1485 1191 τῶν
1532 1138 1744 1209 αίρετι-

152 1229 266 1283 κῶν
317 1228 707 1299 ματαιολογίας
753 1225 1238 1298 ἀποστρεφομένη,
1291 1226 1641 1296 φυλάττουσα
1682 1227 1741 1282 δὲ

152 1322 254 1393 τὴν
295 1321 392 1376 τοῦ
444 1321 655 1393 Κυρίου
707 1320 803 1374 καὶ
843 1318 955 1373 τῶν
991 1319 1163 1389 ἁγίων
1196 1320 1514 1375 ἀποστόλων
1556 1339 1615 1376 τε
1648 1321 1744 1376 καὶ

152 1414 415 1485 Πατέρων
443 1413 768 1484 παράδοσιν,
798 1410 901 1466 ενα
922 1411 1018 1465 καὶ
1045 1410 1138 1465 τὸν
1158 1410 1323 1465 αὑτὸν
1348 1409 1612 1483 κηρύττει
1645 1428 1743 1483 μο-

152 1505 351 1576 νογενῆ
375 1504 509 1559 Θεὸν
539 1505 714 1574 Λόγον
747 1502 957 1577 Κύριον
1001 1499 1214 1575 Ἰησοῦν
1251 1502 1490 1574 Χριστὸν
1532 1503 1592 1556 ιν
1636 1503 1745 1573 ἀμ-

153 1595 417 1665 φοτέραις
454 1595 576 1658 ταῖς
602 1594 833 1659 οὐσίαις,
858 1596 925 1666 τῇ
976 1610 1037 1647 τε
1081 1591 1221 1648 Θεοῦ
1259 1591 1358 1646 καὶ⁸
1404 1591 1623 1665 Πατρὸς
1647 1592 1746 1646 καὶ

151 1691 217 1760 τῇ
250 1670 349 1760 τῆξ
381 1688 661 1759 Παρθένου
688 1687 892 1761 μητρὸς
921 1685 1326 1759 γνοῑριζόμενον
1345 1703 1360 1720 ·
1391 1687 1487 1742 καὶ
1505 1688 1555 1740 οί
1584 1685 1745 1741 τοῦτο

1842 499 2088 555 remedia
2121 499 2348 555 haurire
2370 499 2681 555 confidunt.
2707 499 2871 556 Patet
2893 515 3048 573 ergo,
3076 492 3241 573 'juxta
3277 501 3428 557 illius
3492 492 3509 509 ⁸

1841 591 2102 664 ineptias,
2142 591 2360 648 divinas
2379 590 2698 664 S‘cripturas
2733 593 3172 667 traditionesque
3203 596 3426 651 Patrum

1841 682 2222 753 reprobandas
2243 699 2387 741 esse.

1914 944 2043 1001 Haec
2063 954 2194 1001 sunt
2222 961 2356 1017 ergo
2384 961 2507 1018 quae
2537 962 2640 1003 nos
2691 947 2963 1003 adversus
3008 949 3302 1005 haereticos
3331 948 3432 1004 do-
3466 982 3473 985 Α

1841 1037 2080 1094 ctrinam
2106 1038 2334 1093 Patrum
2360 1046 2675 1095 evertentes
2713 1039 3017 1095 aﬂ‘erimus.
3056 1037 3260 1094 Sancta
3295 1053 3430 1094 vero
3464 1064 3473 1077 ι

1841 1129 1939 1185 Dei
1956 1130 2204 1186 Ecclesia
2222 1130 2450 1187 eosdem
2473 1131 2865 1188 haereticorum
2885 1132 3124 1202 ineptias
3143 1146 3427 1196 aversans.

1841 1234 2072 1277 servans
2103 1229 2291 1277 autem
2323 1222 2565 1286 Domini,
2599 1232 2920 1279 sanctorum
2950 1224 3329 1294 apostolorum
3365 1240 3432 1279 ac

1842 1314 2071 1369 Patrum
2103 1313 2484 1381 traditionem,
2523 1330 2695 1370 unum
2746 1315 3119 1386 eumdemque
3166 1315 3461 1387 praedicat

1842 1406 2192 1478 unigenitum
2222 1400 2396 1463 Deum
2424 1402 2668 1483 verbum
2712 1407 3008 1463 Dominum
3063 1408 3253 1465 Jesum
3274 1408 3461 1464 Chri--

1841 1499 2083 1563 stum,in
2100 1494 2321 1555 duabus
2341 1499 2691 1566 substantiis,
2710 1499 2811 1555 Dei
2827 1508 2887 1555 et
2898 1499 3101 1566 Patris,
3128 1500 3441 1571 matrisque

1841 1590 2086 1663 Virginis
2102 1591 2377 1662 agnitum.
2399 1591 2506 1658 Illi,
2525 1604 2558 1648 e
2577 1601 2793 1657 contra,
2813 1590 2922 1647 hoc
2945 1605 3058 1647 non
3076 1590 3430 1652 conﬁtentes.

1841 1681 1933 1736 vel
1963 1695 2033 1737 ex
2059 1681 2175 1737 Deo
2201 1691 2260 1738 et
2294 1677 2458 1739 Patre
2490 1681 2845 1738 nativitatem
2878 1682 3151 1754 unigeniti
3182 1682 3309 1738 Filii
3335 1683 3441 1737 Dei.

154 1780 231 1852 μὴ
261 1780 740 1853 ὁμολογοῦντες,ἢ
775 1780 880 1851 τὴν
929 1780 996 1834 ἐκ
1044 1777 1140 1833 τοῦ
1196 1777 1335 1833 Θεοῦ
1392 1780 1489 1835 καὶ¹
1523 1779 1736 1853 Πατρὸς

1844 1789 1912 1830 ac
1927 1774 2147 1831 Domini
2169 1775 2345 1831 nostri
2366 1774 2498 1832 Jesu
2522 1773 2731 1832 Christi
2751 1785 2975 1847 negant,
2999 1776 3086 1830 vel
3117 1786 3186 1831 ex
3217 1783 3430 1839 sancta,

150 1872 412 1942 γέννησιν
441 1873 554 1926 ἀπα
564 1871 815 1943 ρνοῦνται
840 1870 933 1925 τοῦ
969 1867 1296 1941 μονογενοῦς
1323 1868 1456 1924 Υίοῦ
1484 1869 1578 1924 τοῦ
1606 1868 1744 1924 Θεοῦ

152 1965 253 2018 καὶ
298 1962 510 2036 Κυρίου
563 1962 723 2035 ἡμῶν
767 1961 945 2033 Ἰησοῦ
988 1961 1274 2033 Χριστοῦ,
1306 1960 1341 2031 ἦ
1388 1961 1489 2030 τὴν
1536 1962 1602 2015 ὲκ
1647 1963 1746 2032 τῆς

150 2054 319 2123 ἁγίας
366 2054 579 2118 ἐνδόξου
614 2053 877 2117 Θεοτόκου
906 2052 1003 2106 καὶ
1056 2050 1447 2123 Ἀειπαρθένου
1481 2051 1704 2123 Μαρίας
1725 2068 1744 2085 ο

150 2150 213 2202 οὑ
249 2149 361 2218 γὰρ
396 2149 497 2218 τὴν
523 2146 714 2200 οὑσίαν
747 2147 847 2200 οὑκ
886 2145 999 2218 ἔχει
1027 2148 1055 2200 ὁ
1080 2145 1315 2215 Χριστός
1334 2161 1348 2176 ·
1384 2144 1598 2215 ἀπέστη
1626 2144 1748 2197 κατ’

150 2243 357 2303 αὐτοὺς
389 2241 482 2293 καὶ
511 2238 606 2292 τοῦ
650 2235 791 2293 εἶναι
821 2239 980 2303 Υίός⁶
1019 2239 1070 2292 εί
1107 2238 1164 2292 δὲ
1203 2235 1651 2307 συνελαυνόμενοι
1682 2238 1748 2291 ὲκ

149 2337 257 2404 τῆς
301 2332 454 2396 θείας
502 2332 727 2402 Γραφῆς
769 2331 866 2383 καὶ
903 2331 1004 2401 τῆς
1038 2330 1148 2383 τῶν
1190 2329 1452 2400 Πατέρων
1489 2327 1747 2382 διδασκα-

148 2425 300 2490 λίας,
326 2423 653 2495 ὁμολογοῦσι
696 2422 815 2493 μεθ’
854 2421 1013 2492 ἡμῶν
1045 2420 1177 2474 Υίὸν
1213 2419 1354 2474 εἶναι
1386 2420 1478 2472 τὸν
1508 2420 1745 2491 Χριστὸν

148 2515 298 2570 κατὰ
330 2513 592 2584 ἀλήθειαν
627 2513 721 2566 τοῦ
749 2510 885 2565 Θεοῦ
925 2512 1020 2565 καὶ
1054 2510 1291 2580 Πατρὶς,
1322 2509 1534 2563 καὶτὸν
1582 2508 1744 2562 αὑτὸν

149 2606 299 2661 κατὰ
348 2603 608 2676 ἀληθειαν
663 2602 793 2656 Υίὸν
841 2597 980 2656 εἷναι
1017 2601 1118 2670 τῆς
1156 2598 1437 2670 Παρθένου
1479 2598 1739 2671 Μητρὸς,

147 2699 585 2771 ὁμολογήσουσιν
621 2695 680 2760 ἐξ
719 2695 964 2763 ἀνάγκης
984 2692 1176 2751 ὥσπερ
1204 2690 1303 2755 τὰς
1342 2690 1435 2745 δύο
1460 2692 1744 2763 γεννήσεις

147 2792 272 2855 ἐνὸς
308 2788 538 2845 καὶετοῦ
568 2786 758 2852 αὑτοῦ,
788 2786 961 2849 οὑτως
1001 2786 1098 2839 καὶ
1124 2785 1225 2849 τὰς
1254 2783 1347 2838 δύο
1384 2781 1572 2847 οὑτίας
1598 2782 1743 2854 ἔχειν

148 2883 352 2938 αὑτόν·
393 2883 440 2935 εί
466 2881 575 2951 γὰρ
612 2877 793 2942 καθὼς
813 2878 864 2932 οἱ
893 2878 1137 2946 Πατὲρες
1164 2875 1501 2942 διδάσκουσι,
1536 2877 1676 2946 μήτε
1708 2877 1741 2946 ὴ

147 2977 253 3047 τῆς
282 2974 545 3043 θεότητος
576 2970 672 3026 τοῦ
702 2969 942 3042 Χριστοῦ
971 2969 1132 3040 φύσις
1158 2967 1239 3033 είς
1274 2968 1376 3041 τὴν
1401 2968 1504 3039 τῆς
1538 2968 1742 3039 σαρκὸς

148 3066 325 3123 αὑτοῦ
370 3064 774 3137 μεταϐέδληται
806 3062 989 3129 φύσιν,
1029 3061 1167 3133 μήτε
1213 3062 1249 3132 ἡ
1285 3062 1383 3131 τῆς
1419 3061 1620 3133 σαρκὸς
1647 3061 1745 3115 αὑ-

146 3159 247 3214 τοῦ
285 3160 370 3223 είς
406 3159 505 3228 τὴν
532 3157 633 3229 τῆς
672 3156 946 3228 θεότητος,
987 3155 1127 3226 μήτε
1160 3153 1268 3225 μὴν
1303 3154 1337 3223 ἡ
1367 3153 1603 3226 διαφορά
1630 3153 1749 3208 τῶν

146 3251 378 3321 φύσεων
402 3249 671 3321 ἀνῄρηται
712 3246 801 3301 διὰ
829 3247 927 3319 τὴν
966 3246 1182 3309 ἕνωσιν,
1203 3244 1320 3299 ἀλλ’
1355 3244 1572 3313 ἔμεινεν
1604 3246 1736 3299 ὲκόί⁸

145 3359 316 3412 τερον
352 3342 493 3410 ὅπερ
516 3340 634 3394 ἐστὶ
661 3342 730 3411 τῇ
765 3337 958 3408 φύσειο
992 3337 1087 3391 καὶ¹
1124 3334 1349 3389 διπλοῦν
1387 3335 1583 3411 ἔστιτὸ
1609 3337 1739 3409 ’περί⁵

145 3432 324 3500 αὑτοῦ
363 3434 651 3503 κήρυγμα,
684 3432 781 3485 καὶ
816 3432 875 3484 ὲν
900 3430 1196 3501 ἑκατέραις
1225 3431 1349 3491 ταῖς
1371 3428 1583 3493 οὐσίαις
1605 3445 1740 3499 γνω-

148 3526 413 3597 ρίζεται,
450 3525 730 3577 τουτέστιν
786 3524 846 3575 ὲν
900 3520 1116 3591 θεότητι
1167 3520 1261 3574 καὶ
1311 3520 1733 3592 ἀνθρωπότητι’

145 3620 273 3681 πῶς
302 3616 407 3670 οὑκ
446 3615 795 3669 αἰσθάνονται
837 3612 938 3684 τῆς
976 3612 1184 3676 οἰκείας
1231 3611 1462 3681 πλάνης,
1510 3615 1559 3667 οἱ
1605 3613 1737 3685 μίαν

142 3707 246 3760 τοῦ
281 3705 525 3776 Χριστοῦ
551 3702 968 3775 τερατευόμενοι
998 3698 1182 3771 φύσιν,
1211 3702 1308 3756 καὶ
1346 3717 1458 3755 των
1489 3705 1588 3773 μὲν
1613 3704 1737 3756 κατ’

143 3798 422 3869 ἀλήθειαν
459 3794 801 3868 πραγμάτων
829 3795 927 3865 τὴν
960 3792 1237 3863 ἀναίρεσιν
1265 3792 1736 3863 βλασφημοῦντες,

139 3890 282 3960 ψιλὰ
334 3888 394 3942 δὲ
453 3888 694 3959 ὀνόματα
744 3886 1000 3951 θεότητος
1044 3884 1142 3939 καὶ
1196 3884 1617 3955 ἀνθρωπότητος
1658 3886 1738 3958 τῷ

140 3980 383 4054 Χριστῷ
417 3978 766 4051 χαριζόμενοι
791 3994 809 4044 ;
840 3966 1001 4030 Ἀλλά
1027 3978 1212 4031 πᾶσαν
1241 3976 1411 4048 ὀρθὴν
1445 3976 1736 4049 παρορῶν-

1846 1867 2128 1938 gloriosa,
2173 1866 2275 1923 Dei
2321 1867 2500 1949 blatre
2549 1878 2883 1939 semperque
2922 1867 3151 1938 Virgine
3223 1866 3392 1922 Maria
3413 1883 3443 1933 ;-

1846 1957 2105 2015 Christus
2118 1959 2271 2015 enim
2288 1974 2399 2015 non
2418 1952 2587 2015 habet
2604 1958 2971 2015 substantiam
2989 1976 3004 2026 ;
3019 1959 3287 2031 juxtaque
3310 1958 3445 2013 illos.

1848 2049 2007 2106 abest
2046 2051 2211 2105 etiam
2239 2050 2375 2121 quin
2408 2050 2484 2108 sit
2530 2050 2724 2107 Filius.
2771 2050 2828 2107 Si
2860 2059 3066 2115 autem,
3099 2049 3432 2122 urgentibus

1848 2141 2044 2208 nobis,
2089 2159 2158 2200 ex
2200 2143 2389 2198 divina
2420 2142 2711 2214 Scriptura
2765 2142 3131 2214 doctrinaque
3180 2144 3437 2206 Patrum,

1846 2235 2138 2291 nobiscum
2186 2235 2523 2312 conﬁtentur
2568 2234 2857 2292 Christum
2910 2249 3034 2292 esse
3067 2249 3198 2291 vere
3229 2235 3439 2290 Filium

1846 2324 1946 2382 Dei
1971 2337 2029 2383 et
2056 2328 2258 2394 Patris,
2311 2327 2686 2398 eumdemque
2712 2341 2845 2383 vere
2869 2342 2993 2383 esse
3020 2326 3225 2383 Filium
3253 2327 3430 2398 Virgi-

1844 2416 1936 2473 nis
1950 2417 2161 2485 Matris,
2183 2418 2654 2489 quemadmodum
2671 2418 2987 2474 necessario
3016 2418 3435 2474 confitebuntur

1845 2509 1986 2571 duas
2013 2510 2332 2566 nativitates
2356 2509 2525 2566 unius
2538 2525 2604 2567 ac
2625 2510 2896 2583 ejusdem,
2917 2510 2994 2565 ita
3013 2520 3073 2567 et
3093 2510 3275 2582 ipsum
3293 2509 3434 2565 duas

1845 2603 2191 2660 substantias
2231 2604 2479 2672 habere;
2514 2603 2563 2661 si
2589 2604 2742 2660 enim
2770 2648 2786 2672 ,
2826 2605 2983 2677 juxta
3025 2600 3190 2675 quod"
3228 2603 3454 2660 docent'

1845 2693 2035 2751 Patres
2060 2730 2075 2761 ,
2109 2710 2214 2752 nec
2252 2705 2449 2752 natura
2476 2695 2799 2767 divinitatis
2823 2695 3049 2753 Christi
3076 2696 3134 2751 in
3175 2704 3430 2752 naturam
3460 2724 3472 2744 ο

1844 2787 2030 2842 carnis
2060 2786 2236 2859 ipsius
2262 2796 2630 2845 transmutata
2662 2787 2753 2855 sit,
2788 2803 2894 2844 nec
2918 2795 3120 2845 natura
3160 2788 3346 2843 carnis
3374 2788 3431 2842 in
3459 2822 3465 2830 ι

1846 2886 2102 2933 naturam
2157 2878 2523 2948 dlvinitatis,
2571 2895 2677 2937 nec
2731 2889 3059 2936 naturarum
3111 2880 3431 2936 diﬂ'erentia

1846 2975 2055 3030 unione
2097 2974 2172 3029 sit
2201 2973 2405 3040 ablata,
2430 2972 2526 3030 sed
2548 2973 2592 3028 si
2619 2973 3056 3044 unumquodque
3085 2968 3233 3042 quod
3261 2979 3347 3026 est
3373 2971 3430 3026 in
3458 3006 3461 3011 μ

1844 3074 2045 3122 natura
2066 3067 2474 3138 permanserit,
2506 3066 2823 3139 duplexque
2847 3073 3030 3123 exstet
3058 3065 3127 3121 de
3154 3065 3262 3120 hoc
3287 3079 3429 3135 pra:-

1844 3158 2052 3214 dicatio
2076 3198 2091 3224 ,
2143 3174 2211 3215 ac
2260 3159 2319 3214 in
2354 3172 2687 3230 unaquaque
2724 3156 3033 3214 substantia
3074 3162 3428 3228 agnoscatur,

1843 3249 2061 3305 scilicet
2092 3250 2150 3305 in
2194 3250 2486 3306 divinitate
2534 3257 2702 3323 atque
2734 3248 3079 3305 humanitate
3100 3287 3114 3310 ,
3151 3247 3430 3317 quomodo

1842 3350 1957 3397 non
1990 3341 2309 3414 intelligunt
2330 3357 2789 3408 errorem‘suum,
2820 3355 2990 3396 unam
3024 3339 3237 3396 Christi
3260 3346 3428 3393 natu-

1843 3448 1959 3489 ram
1984 3434 2091 3490 sibi
2116 3434 2375 3507 ﬁngendo
2399 3479 2413 3503 ,
2466 3452 2598 3492 vera
2637 3434 2808 3506 impie
2855 3433 3176 3490 auferentes
3205 3472 3220 3494 ,
3276 3430 3428 3486 nuda

1840 3538 1978 3581 vero
1999 3525 2223 3581 nomina
2255 3525 2563 3581 divinitatis
2591 3532 2757 3596 atque
2791 3523 3162 3580 humanitatis
3199 3521 3431 3578 Christo

1840 3615 2265 3686 relinquentes?
2298 3616 2405 3673 Sed
2436 3634 2656 3674 omnem
2682 3632 2873 3674 veram
2897 3617 3210 3672 doctrinam
3241 3614 3429 3685 despi-

1844 3706 2075 3772 cientes,
2107 3706 2242 3762 illud
2277 3722 2447 3763 unum
2477 3708 2663 3764 animo
2692 3706 3026 3771 intendunt,
3081 3713 3142 3761 ut
3169 3704 3430 3759 credatur

1842 3806 2097 3854 naturam
2142 3798 2228 3853 vel
2275 3799 2644 3855 substantiam
2675 3815 2740 3854 ac
2771 3797 3008 3853 formam
3057 3796 3317 3853 eumdem
3364 3811 3429 3852 ac

1843 3890 2181 3963 hypostasim
2207 3904 2611 3961 personamque
2639 3890 2974 3962 patefacere,
2995 3888 3144 3960 quod
3167 3885 3429 3944 omnibus

1845 3982 2122 4038 haereticis
2152 3999 2316 4039 causa
2343 3981 2450 4038 fuit
2470 3970 2711 4039 erroris.

136 4089 237 4138 τες
265 4074 646 4139 διδασκαλίαν,
679 4070 875 4142 ἐκείνῳ
906 4071 1052 4142 μόνῳ
1069 4071 1161 4124 τὸν
1187 4070 1315 4125 νοῦν
1374 4070 1761 4142 προσέχουσιν,
1793 4075 1874 4147 τῷ
1913 4076 2158 4147 νομίζειν
2201 4079 2283 4132 ὅτι
2332 4078 2367 4150 ἠ
2441 4077 2602 4147 φύσις
2659 4075 2831 4147 ἤγουν
2879 4074 3038 4128 οὑσία
3099 4073 3193 4128 καὶ
3242 4070 3425 4142 μορφὴ

133 4168 349 4223 ταύτὸν
402 4170 471 4239 τῇ
537 4163 835 4220 ὑποστάσει
881 4165 979 4219 καὶ
1032 4164 1110 4236 τῷ
1161 4164 1441 4236 προσώπῳ
1490 4164 1765 4237 δηλοῦσιν,
1840 4170 1977 4243 ὅπερ
2025 4173 2120 4226 καὶ
2179 4173 2311 4226 πᾶσι
2359 4173 2474 4235 τοῖς
2528 4172 2828 4244 αίρετικοῖς
2879 4169 3156 4242 πρόφασις
3212 4167 3425 4236 γίνεται

134 4260 384 4332 πλάνης.

209 4354 330 4408 Καὶ
363 4351 438 4404 τὰ
485 4352 582 4421 μὲν
621 4350 751 4420 περὶ
776 4346 970 4401 τούτου
999 4349 1092 4400 καὶ
1128 4347 1190 4401 ἐν
1228 4347 1304 4418 τῷ
1337 4347 1439 4419 ἥδη
1469 4347 1734 4419 γραφέντι

1913 4349 2039 4406 Haec
2066 4359 2253 4406 autem
2294 4367 2417 4421 qua:
2459 4350 2529 4405 ad
2574 4349 2708 4405 illud
2737 4348 3040 4420 pertinent,
3080 4347 3137 4402 in
3165 4362 3427 4404 sermone

132 4465 211 4499 πα
223 4449 273 4519 ρ’
292 4442 462 4515 ἡμῶν
486 4440 632 4511 λόγῳ
666 4439 803 4511 πρὸς
840 4437 1044 4493 Ζωΐλον
1063 4439 1156 4492 τὸν
1182 4439 1610 4511 μακαριώτατον
1634 4441 1735 4512 ἀρ-

129 4540 507 4612 χιεπίσκοπον
550 4534 651 4604 τῆς
692 4532 1088 4604 Ἀλεξανδρέων
1134 4533 1233 4587 καὶ
1274 4534 1623 4607 πατριάρχην
1655 4534 1734 4607 (5)

130 4628 346 4692 ίκανῶς
404 4620 818 4691 ἀποδέδεικται,
882 4625 1359 4696 παραστησάντων
1420 4625 1581 4697 ὴμῶν
1646 4626 1733 4680 δτι

127 4722 303 4794 φύσις
342 4721 447 4777 καὶ
487 4717 669 4792 μορφὴ
701 4715 900 4773 ταύτὸν
952 4711 1256 4789 δηλοτ,’κοὶ’
1282 4719 1376 4773 ἐπὶ
1413 4717 1510 4772 τοῦ
1545 4717 1731 4773 κοινοῦ

128 4811 561 4885 σημαινομένου
587 4809 980 4881 λαμϐάνονται.
1019 4809 1095 4863 Τὸ
1140 4809 1198 4863 δὲ
1238 4810 1535 4882 πρόσωπον
1560 4810 1658 4864 καὶ
1693 4813 1729 4882 ἡ

125 4908 449 4965 ὑπόστασις
490 4902 586 4954 ἐπὶ
617 4901 727 4957 τῶν
755 4902 877 4957 καθ’
906 4902 1140 4957 ἕκαστον
1176 4902 1421 4972 λέγεται.
1449 4901 1599 4973 Πλὴν
1639 4902 1733 4956 καὶ

122 4995 377 5053 ἐνταῦθα
406 4993 478 5047 δι’
502 4993 707 5064 ἐτέρων
752 4993 1076 5066 μαρτυριῶν
1106 4994 1217 5049 τῶν
1259 4995 1434 5064 ἀγίων
1465 4994 1731 5067 Πατέρων

122 5090 189 5144 τὸ
237 5086 380 5143 αὑτὸ
431 5087 883 5157 παραστήσομεν.
910 5116 982 5126 -
1008 5085 1095 5158 [Ρ.
1138 5085 1268 5159 555]
1312 5086 1504 5141 Ταῦτα
1546 5085 1728 5141 τοίνυν

121 5181 454 5253 εἰρήκαμεν
473 5176 780 5239 δεικνύντες
809 5178 891 5231 ὅτι
920 5176 1079 5231 οὑσία
1103 5178 1198 5233 καὶ
1229 5177 1391 5248 φύσις
1420 5179 1513 5233 καὶ
1545 5180 1729 5252 μορφὴ

117 5273 328 5330 ταύτὸν
379 5267 661 5339 δηλοῦσιν.
697 5269 820 5322 Ὀτι
857 5268 914 5322 δὲ
961 5269 1085 5340 οὑχὶ
1130 5270 1328 5325 ταύτόν
1374 5271 1523 5325 ὲστιν
1567 5271 1727 5325 οὑσία

118 5366 222 5421 καὶ
242 5365 577 5427 ὑπόστασις,
601 5361 677 5426 ὡς
700 5362 751 5413 οί
772 5361 1043 5432 αἱρετικοὶ
1072 5362 1416 5433 πλανώμενοι
1448 5361 1720 5431 λέγουσιν,

116 5459 221 5514 καὶ
257 5460 326 5511 ἐκ
363 5456 469 5525 τῆς
507 5454 637 5526 περὶ
660 5453 760 5524 τὴν
792 5453 955 5523 ἁγίαν
987 5453 1194 5521 Τριάδα
1230 5453 1514 5523 θεολογίας
1541 5453 1721 5519 ἔξεστι

119 5552 325 5620 μαθεῖν
351 5565 365 5579 ο
407 5547 639 5618 ὃτεκγάρ
662 5547 890 5617 εἴπομεν
920 5546 1075 5609 Θεὸν,
1101 5548 1201 5616 τὴν
1241 5546 1373 5616 μίαν
1403 5547 1594 5600 οὑσίαν
1622 5546 1722 5617 τῆς

119 5640 287 5712 ἁγίας
318 5638 555 5709 Τριάδος
592 5637 960 5708 σημαίνομεν·
993 5639 1079 5690 ὅτε
1121 5638 1177 5691 δὲ
1226 5639 1457 5709 λέγομεν
1503 5637 1722 5710 Πατέρα

1841 4459 1873 4498 a
1916 4444 2085 4499 nobis
2127 4443 2196 4498 ad
2244 4443 2457 4498 Zoilum
2511 4440 2894 4499 beatissimum
2938 4439 3419 4513 archiepiscopum

1842 4534 2189 4592 Alexandria:
2212 4552 2278 4592 ac
2302 4535 2672 4607 patriarcham
2700 4534 2835 4590 satis
2851 4533 3103 4605 exposita
3120 4543 3270 4601 sunt,
3295 4548 3422 4589 cum

1843 4628 2203 4685 statuerimus
2241 4639 2498 4684 naturam
2529 4642 2593 4683 ac
2623 4627 2857 4681 formam
2892 4625 3150 4681 eumdem
3188 4624 3421 4680 demon-

1836 4729 2034 4786 strare,
2060 4721 2239 4792 deque
2288 4719 2568 4776 communi
2623 4717 2935 4791 signiﬁcato
2977 4721 3144 4775 sumi.
3178 4718 3422 4776 Persona

1836 4826 1970 4867 vero
1990 4820 2155 4882 atque
2171 4806 2486 4883 hypostasis
2507 4810 2576 4865 de
2601 4810 2835 4882 singulis
2859 4810 3082 4867 dicitur.
3109 4809 3210 4865 Hic
3234 4818 3441 4865 tametsi

1837 4904 1964 4961 aliis
1996 4904 2331 4961 testimoniis
2363 4914 2682 4960 sanctorum
2719 4904 2945 4959 Patrum
2980 4902 3127 4959 idem
3162 4903 3417 4957 stabilie-

1835 5012 1981 5053 mus.
1995 5028 2066 5038 —
2080 4995 2205 5052 Haec
2235 5010 2366 5067 ergo
2382 4995 2623 5052 diximus
2639 4996 3002 5053 ostendentes
3022 4994 3431 5059 substantiam,.

1835 5096 2088 5144 naturam
2117 5085 2461 5156 formamque
2500 5085 2646 5141 idem
2693 5085 3028 5158 signiﬁcare.
3068 5083 3190 5139 Non
3228 5093 3413 5138 autem

1839 5176 1986 5237 idem
2013 5194 2138 5235 esse
2163 5177 2526 5234 substantiam
2548 5187 2716 5248 atque
2741 5177 3105 5250 lrypostasim,
3122 5176 3276 5230 velut
3305 5175 3416 5230 hm-
3472 5204 3491 5221 ιν

1835 5270 1994 5326 retici
2027 5278 2285 5327 errantes
2323 5270 2537 5336 dicunt,
2572 5286 2639 5326 ex
2680 5271 2799 5340 ipsa
2828 5269 2897 5324 de
2920 5278 3109 5324 sancta
3141 5266 3412 5322 Trinitatc

1834 5362 2112 5435 theologia
2162 5362 2379 5418 discere
2408 5362 2557 5418 licet.
2588 5360 2726 5417 Cum
2764 5361 2913 5417 enim
2944 5358 3118 5416 Deum
3150 5358 3409 5420 dicimus.

1832 5470 1996 5510 unam
2028 5453 2395 5509 substantiam
2435 5461 2637 5508 sanctae
2668 5451 2959 5508 Trinitatis
2993 5450 3406 5523 signiﬁcamus;

1830 5562 1957 5601 cum
1994 5562 2127 5601 vero
2159 5546 2398 5601 dicimus
2428 5547 2654 5601 Patrem
2707 5552 2765 5599 et
2794 5543 2994 5599 Filium
3036 5551 3092 5597 et
3135 5539 3404 5613 Spiritum

1829 5647 2102 5706 sanctum,
2132 5647 2265 5694 tunc
2296 5649 2409 5694 tres
2431 5638 2752 5708 hypostascs
2776 5652 2873 5693 seu
2908 5643 3021 5691 tres
3049 5633 3402 5706 personuit:

201 5782 283 5851 (5)
322 5780 593 5835 Nolumus
619 5778 917 5835 Jutiniani
956 5780 1089 5849 imp.
1120 5779 1390 5848 scriptum
1422 5778 1570 5835 aliud
1603 5777 1782 5852 [cujus
1813 5754 2175 5851 fragmentum
2202 5789 2379 5836 exstat
2408 5776 2593 5852 infra].
