3924 6294
167 349 304 424 1133

169 488 300 544 μενο

169 573 374 644 σημεῖα
404 567 581 620 πάντα
614 563 714 616 ὅσα
746 558 1025 626 ἐποίησεν,
1060 552 1156 606 καὶ
1214 551 1271 604 αἱ
1321 547 1600 617 δυνάμεις,
1640 543 1746 598 δεί-

166 636 356 719 κνυσιν
390 657 550 713 αὑτὸν
577 655 710 707 Θεὸν
753 643 1303 714 ἐνανθρωπήσαντα
1322 655 1338 670 ⁸
1365 641 1435 693 τά
1463 653 1686 706 συναμφ
1698 636 1747 687 5-

166 771 302 825 τερα
329 750 511 805 τοίνυν
544 746 842 803 δείκνυται,
869 737 1099 801 ὅτιθεὸς
1120 733 1189 808 ἦν
1213 733 1398 803 φύσει,
1424 732 1516 786 καὶ
1534 730 1750 800 ἐγένετο

166 844 262 900 ἄνθ
272 857 452 911 ρωπος
486 836 669 905 φύσει.
709 852 727 884 ι

237 934 321 1007 [Ρ.
356 928 513 1001 2i2.]
556 930 649 980 Δεῖ
682 926 738 979 δὲ
772 923 1067 992 προσέχειν
1099 920 1190 972 τὸν
1229 916 1377 985 νοῦν,
1418 917 1499 970 ὅτι
1530 913 1699 968 εἰπὼν
1722 914 1750 966 6

177 1022 501 1084 ’Λπόστολος
542 1021 633 1085 ὃς,
665 1016 763 1087 τὴν
799 1017 1101 1069 ὑπόστασιν
1129 1011 1222 1066 τοῦ
1251 1011 1426 1078 Λόγου
1474 1009 1748 1078 ἐσήμανεν

161 1120 219 1172 ὲν
260 1118 329 1187 τῇ
375 1112 471 1168 τοῦ
505 1112 641 1165 Θεοῦ
686 1110 958 1179 ὑπάρχειν
1004 1107 1210 1177 μορφῇ,
1240 1105 1377 1176 ὅπερ
1410 1100 1560 1155 ἐστὶν
1589 1101 1648 1152 ὲν
1675 1100 1743 1169 τῇ

160 1210 323 1277 οὐσίᾳ
363 1205 460 1260 τοῦ
514 1202 754 1274 Πατρός.
808 1201 921 1254 Καὶ
958 1201 1060 1252 οὑκ
1109 1195 1265 1251 εἶπεν
1297 1197 1379 1250 ὅτι
1415 1194 1526 1248 τὸν
1554 1191 1746 1260 ὑπάρ-

161 1317 350 1372 χοντα
383 1298 453 1351 ἐν
489 1293 695 1366 μορφῇ
724 1293 950 1348 δούλου
997 1292 1237 1352 ἐλαϐεν,
1280 1288 1367 1342 ἵνα
1401 1287 1475 1358 μὴ
1501 1288 1749 1357 προϋπο-

159 1395 367 1447 στάντα
399 1391 547 1462 δείξῃ
577 1390 668 1442 τὸν
699 1387 987 1458 ἄνθρωπον
1014 1385 1155 1438 κατὰ
1185 1383 1284 1454 τὴν
1310 1380 1610 1450 Νεστορίου
1641 1395 1748 1449 μα-

159 1488 281 1540 νίαν
300 1501 314 1515 ·
339 1483 457 1537 ἀλλ’
506 1478 659 1535 εἶπεν
684 1481 764 1533 ὅτι
789 1477 1035 1548 μορφὴν
1063 1476 1291 1531 δούλου
1325 1475 1563 1539 ἔλαϐεν,
1592 1489 1748 1525 τουτ-

160 1578 311 1630 έστιν
355 1575 547 1628 οὑσίαν
595 1571 924 1644 άνθρώποψ
966 1571 1184 1633 δεικνὺς
1218 1569 1300 1623 ὅτι
1341 1570 1410 1639 τῇ
1446 1566 1746 1619 ὑποστάσει

157 1669 252 1722 τοῦ
282 1669 459 1736 Λόγου
488 1668 587 1737 τὴν
627 1664 861 1736 ὓπαρξιν
909 1664 1065 1734 ἔσχεν
1095 1666 1128 1734 ή
1164 1662 1321 1734 σάρξ,
1364 1661 1455 1714 ἵνα
1487 1656 1567 1723 εἷς
1602 1659 1747 1713 καὶὸ

157 1763 322 1825 αὑτὸς
343 1763 400 1814 ὲν
420 1761 521 1831 μιᾷ
537 1761 836 1813 ὑποστάσει
864 1758 1148 1828 ὑπάρχων,
1181 1757 1239 1808 ὲν
1270 1755 1510 1825 ἑκατέρᾳ
1533 1754 1740 1824 μορφῇ,
1773 1793 1821 1851 Β

155 1858 413 1909 τουτέστι
474 1853 656 1923 φύσει,
689 1851 1025 1921 γνωρίζηται
1055 1852 1121 1921 τῇ
1156 1849 1276 1920 θείᾳ
1315 1865 1376 1901 τε
1413 1848 1508 1901 καὶ
1531 1845 1742 1918 ἀνθρω-

158 1948 323 2018 πίνῃ*
365 1946 521 2016 δῆλον
567 1945 675 2016 γὰρ
723 1945 806 1997 ὅτι
854 1943 883 1994 ό
926 1942 1060 2004 Θεὸς
1097 1942 1271 2009 Λόγος
1305 1938 1588 2011 γεννηθεὶς
1636 1937 1745 2009 πρὸ

156 2057 381 2094 παντων
424 2039 534 2091 τῶν
575 2037 787 2090 αἰώνων
837 2038 901 2088 ὲκ
934 2034 1029 2087 τοῦ
1067 2032 1303 2104 Πατρός,
1347 2033 1408 2083 οὑ
1439 2030 1744 2101 τῆς-αὑτῆς

156 2130 514 2195 ὑποστάσεως
540 2133 658 2184 ἐστι
715 2129 794 2199 τῷ
823 2128 1020 2200 "arpi,
1050 2126 1187 2181 ἀλλὰ
1219 2127 1319 2196 τῆς
1350 2125 1523 2193 αὑτῆς
1556 2122 1744 2185 οὐσίας

156 2226 278 2280 καθ’
306 2225 338 2278 ὃ
367 2224 523 2287 Θεὸς,
560 2223 696 2276 ἰδίαν
728 2221 785 2274 δὲ
812 2221 926 2291 ἔχει
957 2221 1055 2290 τὴν
1090 2218 1392 2272 ὑπόστασιν
1428 2215 1552 2270 καθ’
1580 2215 1609 2268 ὃ
1638 2215 1737 2269 Λό-

155 2337 271 2386 γος.
303 2319 417 2372 Καὶ
443 2318 528 2369 ἐπ’
561 2316 792 2386 ἐσχάτου
813 2315 922 2366 τῶν
953 2313 1177 2384 ἡμερῶν
1207 2309 1491 2380 γεννηθεὶς
1518 2310 1548 2361 6
1580 2307 1739 2372 αὐτὸς

157 2412 300 2465 κατὰ
340 2411 521 2481 σάρκα
562 2410 628 2462 ὲκ
684 2409 784 2479 τῆς
832 2406 996 2476 ἁγίας
1045 2404 1257 2469 ἐνδόξου
1313 2400 1593 2472 Παρθένου
1647 2399 1745 2453 καὶ

159 2508 426 2560 Θεοτόκου
470 2504 709 2574 Μαρίας,
750 2504 812 2556 οὑ
859 2505 959 2569 τῆς
1006 2500 1179 2570 αὐτῆς
1205 2493 1559 2559 ὑποστάσεως
1597 2496 1714 2548 ἐστι

158 2600 225 2670 τῇ
254 2601 463 2671 Μητρὶ,
503 2596 638 2651 ἀλλὰ
666 2599 766 2667 τῆς
791 2594 961 2664 αὑτῆς
985 2593 1193 2655 οὑσίας.
1214 2587 1346 2644 Εἶτα
1372 2589 1491 2652 πῶς
1514 2589 1564 2642 οἱ
1582 2586 1744 2641 Ἀκέ-

163 2689 321 2758 φαλοι
366 2691 461 2743 δύο
500 2690 856 2742 ὑποστάσεων
899 2686 1095 2739 ἕνωσιν
1135 2683 1384 2753 λέγουσι,
1433 2681 1609 2734 καίτοι
1651 2678 1746 2733 δύο

161 2783 516 2835 ὑποστάσεων
550 2781 745 2833 ἕνωσιν
778 2779 879 2849 τὴν
919 2776 1043 2831 καθ’
1086 2776 1388 2833 ὑπόστασιν
1430 2775 1531 2828 οὐκ
1567 2773 1748 2826 ἐπιδεο

160 2875 445 2945 χομένων;
501 2873 571 2924 Ἢ
613 2868 868 2939 ἀγνοοῦσι
899 2868 980 2921 ὅτι
1021 2871 1117 2922 καὶ
1158 2867 1454 2935 Νεστόριος
1502 2864 1591 2918 διὰ
1646 2864 1747 2934 τὴν

157 2965 421 3035 τοιαύτην
453 2963 664 3032 πλάνην
687 2960 1009 3032 κατεκρίθη.
1041 2960 1135 3012 δύο
1165 2959 1495 3021 ὑποστάσεις
1525 2957 1619 3010 ἐπὶ
1647 2960 1745 3026 τῆς

158 3056 477 3125 οἰκονομίας
494 3054 730 3123 εἰσάγων
752 3069 768 3119 ;
810 3050 970 3104 Ἀλλὰ
993 3050 1198 3104 τούτων
1226 3050 1401 3112 οὑτως
1431 3048 1622 3115 ὅντων,
1648 3046 1745 3100 καὶ

158 3148 457 3220 Νεστορίου
491 3149 584 3201 καὶ
614 3144 796 3214 πάσης
833 3144 1034 3216 μᾶλλον
1065 3143 1330 3215 αἱρέσεως
1365 3141 1519 3212 βδελυ

157 3228 423 3313 δῦγματά
446 3242 627 3310 λέγειν
653 3241 939 3308 ἀνέχονται
965 3238 1013 3290 οἱ
1052 3235 1363 3305 Ἀκέφαλοι,
1389 3233 1423 3303 ἢ
1472 3234 1746 3287 συναινεῖν

159 3339 226 3406 τῇ
258 3335 507 3407 ἀληθείᾳ.
545 3334 657 3386 Καὶ
698 3330 876 3385 ταῦτα
924 3329 1022 3401 μὲν
1054 3330 1217 3398 ἡμεῖς
1245 3325 1384 3396 πρὸς
1417 3324 1637 3388 αὑτούς.
1672 3324 1747 3377 Τὸ

157 3428 203 3479 δ’
238 3428 373 3481 αὑτὸ
405 3425 500 3479 τοῦ
552 3424 882 3477 Ἀποστὸλου
916 3419 1079 3491 ῥητὸν
1106 3417 1471 3488 ἐξηγούμενος
1500 3418 1594 3469 καὶ
1622 3419 1651 3469 6
1688 3415 1747 3469 ὲν

159 3519 341 3588 ἁγίοις
382 3516 708 3588 ’Λμϐρόσιος
757 3518 815 3568 ὲν
868 3513 947 3583 τῷ
993 3510 1136 3565 κατὰ
1179 3507 1559 3580 ’Λπολιναρίου
1603 3506 1749 3578 λόγῳ

160 3614 368 3684 γράφει
394 3611 557 3690 τάδε·
591 3627 610 3660 ι
651 3606 931 3664 Κάλλιστα
963 3605 1232 3675 κέχρηται
1280 3607 1348 3675 τῇ
1402 3603 1513 3657 τῶν
1558 3601 1743 3656 αὑτῶν

161 3698 505 3769 ἐπαναλήψει
539 3697 801 3765 ῥημάτων
829 3696 856 3747 6
901 3693 1226 3757 ’Λπόστολος
1271 3693 1447 3762 λέγων
1492 3694 1621 3764 περὶ
1647 3691 1741 3745 τοῦ

159 3792 369 3862 Κυρίου
418 3790 573 3862 ἡμῶν
607 3789 778 3859 Ἰησοῦ
816 3784 1056 3858 Χριστοῦ
1081 3803 1095 3816 ο
1130 3788 1235 3852 '0;-
1262 3787 1331 3839 ἐν
1361 3783 1564 3855 μορφῇ
1595 3784 1744 3838 Θεοῦ

161 3883 453 3954 ὑπάρχων
477 3924 491 3945 ,
531 3885 645 3950 οὐχ
687 3879 1005 3948 ἁρπαγμὸν
1040 3876 1315 3947 ἡγήσατο
1352 3875 1420 3929 τὸ
1458 3868 1610 3928 εἷναι
1641 3874 1749 3927 (cm

161 3959 304 4041 Θεῷ,
334 3975 473 4031 ἀλλ’
503 3974 724 4029 ἑαυτὸν
743 3972 1038 4039 ἐκένωσε,
1097 3967 1336 4039 μορφὴν
1372 3966 1599 4031 δούλου
1635 3969 1746 4020 λα-

160 4068 369 4124 ϐών-,Τί
391 4073 506 4123 ἐστι
532 4066 716 4138 μορφὴ
743 4063 902 4127 Θεοῦ,
931 4064 978 4115 εἰ
1009 4061 1085 4133 μὴ
1104 4063 1160 4114 έν
1174 4059 1251 4132 τῷ
1283 4057 1620 4131 πληρώματι
1647 4061 1744 4129 τῆς

160 4162 419 4233 θεότητος
468 4164 648 4216 έκεῖνο
695 4159 793 4229 τῆς
842 4155 997 4220 θείας
1024 4154 1365 4224 τελειότητος
1399 4153 1743 4223 ἑκτύπωμα;

160 4253 371 4308 Οὐκοῦν
434 4258 492 4307 ἐν
546 4252 625 4323 τῷ
657 4250 852 4318 τελείῳ
903 4249 1004 4320 τῆς
1048 4246 1308 4318 θεότητος
1341 4244 1437 4313 ὢν,
1474 4244 1746 4299 ἐκένωσεν

157 4346 371 4416 ἑαυτὸν,
411 4348 507 4402 καὶ
535 4344 695 4400 ἕλαὸε
764 4342 827 4396 τὸ
864 4342 1073 4396 τέλειον
1118 4341 1219 4411 τῆς
1273 4338 1411 4393 κατὰ
1455 4337 1746 4409 ἄνθρωπον

157 4437 372 4506 φύσεως
422 4438 744 4509 ὁλοκλήρου·
792 4435 887 4489 καὶ
929 4432 1006 4497 ὡς
1041 4431 1194 4487 οὐδὲν
1245 4430 1400 4485 ἔλιπε
1473 4431 1552 4501 τῷ
1598 4429 1740 4500 Θεῷ,

155 4532 328 4601 οὑτως
360 4535 487 4592 οὔτε
519 4536 597 4606 τῷ
623 4530 986 4606 καταρτισμῷ
1023 4530 1103 4602 τῷ
1141 4528 1284 4584 κατὰ
1312 4530 1404 4582 τὸν
1429 4526 1738 4599 ἄνθρωπον,

158 4626 244 4680 [va
280 4629 491 4693 τέλειος
520 4630 579 4681 ὲν
610 4626 848 4705 ἑκατέρᾳ
878 4624 1037 4694 φύσει
1062 4623 1332 4696 τυγχάνῃ.
1371 4641 1390 4674 ι

229 4717 311 4789 ῘΡ.
342 4719 700 4793 ΞιωΊκανὰ
728 4720 826 4791 μὲν
858 4714 952 4773 οῦν
982 4715 1269 4788 ἡγούμεθα
1298 4714 1436 4787 πρὸς
1466 4714 1740 4780 ἀπόδειξιν

157 4808 252 4863 τοῦ
284 4813 415 4883 μίαν
456 4813 556 4885 μὲν
599 4813 937 4876 ὑπόστασιν,
985 4811 1106 4883 ἦτοι
1147 4806 1207 4862 ἓν
1253 4806 1561 4881 πρώσωπον
1600 4803 1740 4861 εἶναι

157 4901 253 4955 τοῦ
284 4906 492 4982 Κυρίου
520 4906 680 4977 ἡμῶν
726 4903 901 4976 Ἰησοῦ
926 4900 1185 4974 Χριστοῦ,
1213 4903 1269 4956 ὲν
1297 4901 1418 4967 δυσὶ
1449 4900 1508 4954 δὲ
1540 4900 1737 4973 φύσεσι

158 4995 321 5050 αὐτὸν
353 4998 743 5071 γνωρίζεσθαι,
771 4997 1052 5051 τουτέστιν
1078 4998 1136 5051 ὲν
1170 4994 1385 5065 θεότητι
1409 4994 1503 5048 καὶ
1528 4993 1743 5064 ἀνθρω-

158 5084 376 5159 πότητι,
405 5093 474 5146 τά
506 5109 568 5145 τε
612 5092 676 5145 ὲκ
711 5091 811 5162 τῆς
855 5088 1006 5153 θείας
1045 5087 1269 5165 Γραφῆς
1297 5088 1389 5143 καὶ
1424 5087 1535 5142 τῶν
1565 5087 1740 5156 ἁγίων

157 5178 288 5248 ἡμῖν
344 5183 791 5257 παρατεθειμένα
848 5181 1149 5254 Πατέρων,
1212 5181 1261 5233 εί
1306 5180 1401 5234 καὶ
1462 5179 1619 5249 ὀλίγα
1674 5180 1740 5232 ἐκ

160 5270 371 5328 πολλῶν
420 5276 815 5350 προηγάγομεν
839 5314 853 5340 ,
896 5272 985 5328 ἵνα
1023 5273 1099 5345 μὴ
1151 5271 1356 5343 πλῆθος
1384 5274 1499 5337 τοῖς
1526 5288 1740 5342 γραφο-

162 5361 344 5428 μένοις
371 5370 719 5439 ποιήσωμεν·
765 5364 908 5436 πλὴν
951 5362 1141 5436 ἐπειδὴ
1181 5363 1332 5417 εστιν
1372 5362 1481 5432 ὅτε,
1507 5364 1602 5416 καὶ
1633 5359 1741 5416 ὑπὸ

157 5450 265 5505 τῶν
296 5457 504 5528 ἐχθρῶν
537 5461 571 5529 ἡ
626 5455 858 5527 ἀλήθεια
890 5452 1240 5526 φανεροῦται,
1287 5449 1476 5523 ὥσπερ
1512 5445 1605 5505 οὖν
1646 5450 1742 5505 καὶ

156 5545 205 5597 ot
234 5545 486 5618 δαίμονες
515 5552 608 5606 τὸν
632 5550 871 5622 Χριστὸν
908 5550 1035 5605 Υίὸν
1065 5549 1158 5604 τοῦ
1186 5546 1323 5602 Θεοῦ
1372 5547 1467 5600 καὶ
1511 5546 1736 5609 ἄκοντες

157 5635 537 5711 ὡμολόγησαν,
559 5643 814 5715 δείξομεν
839 5644 935 5700 καὶ
963 5643 1127 5698 αὐτὸν
1155 5640 1395 5712 Σευῆρον
1439 5641 1530 5693 τὸν
1575 5639 1735 5691 Ἀπο-

229 5824 252 5852 ⁶
275 5814 515 5894 Philipp.
543 5840 602 5892 ιι,
624 5824 677 5879 ϐ.
734 5830 777 5861 *τ
808 5822 943 5880 ibid.
979 5817 1032 5888 6,
1070 5823 1122 5881 7.

966 308 985 313 ﬁ
1059 341 1512 408 .TRACTATUS
1549 335 1853 399 CONTRA
1887 332 2493 394 MONOPHYSITAS.

304 487 329 533 ς
378 465 525 532 λέγει
571 462 744 520 ταῦτα
780 459 873 514 καὶ
923 456 994 511 τὰ
1035 454 1247 517 τούτοις
1275 452 1441 523 ὃμοια
1471 463 1485 480 ο
1525 466 1542 499 ι
1579 446 1660 500 Τά
1687 461 1746 497 τε

1852 440 2227 505 Αιρχιιιιύτίιε,
2261 439 2378 494 hinc
2414 449 2470 494 et
2511 436 2598 493 his
2641 438 2841 493 similia
2886 438 3092 509 profert
3132 458 3143 470 -
3199 458 3216 491 ι
3263 440 3429 514 Signa

3289 331 3429 397 1134

1848 536 2033 591 omnia
2063 548 2407 605 quaecunque
2438 531 2592 596 fecit,
2621 540 2679 587 et
2708 532 2964 597 virtutes,
2993 532 3062 587 dc
3095 532 3189 587 illo
3220 542 3428 590 testan-

1850 637 1939 683 tur
1961 627 2107 698 quod
2135 629 2283 681 Deus
2308 625 2379 679 sit.
2402 625 2712 679 incarnatus
2739 642 2756 679 :
2787 634 3081 694 utrumque
3105 640 3237 696 ergo
3261 627 3426 681 simul

1847 720 2278 783 demonstratur,
2306 717 2459 771 illum
2504 732 2703 786 nempe
2742 725 2936 771 natura
2976 718 3149 773 Deum
3194 733 3344 782 esse,
3372 731 3431 775 et

1848 810 2050 867 factum
2076 811 2248 865 fuisse
2276 820 2474 864 natura
2506 808 2805 863 hominem.
2840 827 2858 860 ι

1918 903 2332 961 Attendendum
2383 910 2468 958 est
2515 912 2732 966 autem,
2776 901 3103 971 Apostolum
3150 901 3431 957 dicentem

1849 998 1967 1068 qui,
1996 994 2315 1067 hypostasin
2341 993 2509 1051 Verbi
2542 994 2597 1048 in
2628 992 2725 1048 Dei
2757 992 2931 1048 forma
2960 992 3227 1048 exsistere
3257 994 3427 1066 signi-

1850 1090 2042 1145 ﬁcasse
2066 1129 2082 1155 ,
2116 1087 2266 1158 quod
2310 1094 2396 1143 est
2441 1086 2499 1141 in
2548 1078 2857 1141 substantia
2899 1085 3101 1140 Patris.
3136 1084 3257 1140 Non
3298 1102 3431 1141 vero

1847 1182 1988 1238 dixit
2025 1182 2361 1235 exsistentem
2405 1180 2462 1233 in
2505 1179 2679 1249 forma
2715 1180 2855 1233 serui
2897 1178 3242 1250 assumpsisse
3264 1188 3309 1245 ⁸,
3337 1195 3429 1245 ne,

1842 1276 1998 1345 juxta
2038 1270 2279 1327 Nestorii
2322 1269 2620 1337 insaniam,
2645 1270 2927 1325 hominem
2953 1272 3430 1341 prmexsistentem

1846 1363 2192 1427 ostenderet;
2228 1363 2326 1418 sed
2358 1361 2498 1417 dixit
2529 1362 2763 1433 formam
2794 1364 2935 1417 servi
2971 1365 3249 1434 accepisse,
3277 1366 3431 1420 scili-

1847 1466 1933 1514 cet
1973 1456 2338 1513 substantiam
2382 1455 2656 1522 hominis;
2702 1455 3011 1511 ostendens
3049 1454 3106 1510 in
3150 1455 3433 1528 hypostasi

1847 1550 2015 1606 Verbi
2065 1549 2446 1606 exsistentiam
2497 1549 2702 1605 habere
2753 1563 3009 1613 carnem,
3058 1558 3111 1603 ut
3169 1566 3314 1606 unus
3367 1568 3433 1609 ac

1848 1642 1993 1698 idem
2044 1642 2102 1697 in
2149 1656 2258 1697 una
2308 1641 2587 1712 hypostasi
2634 1642 2940 1707 exsistens,
2988 1641 3044 1695 in
3096 1657 3432 1714 unaquaque

1848 1735 2058 1800 forma,
2088 1734 2303 1790 scilicet
2328 1743 2558 1796 natura,
2585 1733 2774 1787 divina
2802 1741 2968 1803 atque
2999 1732 3239 1790 humana
3265 1750 3436 1806 agno-

1847 1839 2060 1894 scatur;
2098 1834 2249 1897 patet
2277 1826 2426 1881 enim
2462 1826 2637 1881 Deum
2666 1824 2909 1881 Verbum
2944 1835 3134 1880 natum
3168 1826 3239 1881 de
3270 1827 3435 1882 Patre

1847 1928 1977 1974 ante
1999 1918 2185 1973 omnia
2206 1918 2406 1973 saecula
2427 1932 2538 1972 non
2558 1932 2681 1973 esse
2701 1916 2949 1989 ejusdem
2970 1917 3284 1988 hypostasis
3303 1933 3429 1973 cum

1847 2013 2036 2077 Patre,
2070 2012 2166 2067 sed
2201 2012 2450 2082 ejusdem
2484 2010 2810 2066 substantia:
2840 2026 2946 2081 qua
2980 2011 3128 2066 Deus
3159 2020 3273 2076 est,
3300 2026 3432 2083 pro-

1847 2105 2026 2175 priam
2064 2119 2197 2158 vero
2246 2104 2589 2175 hypostasim
2639 2103 2842 2160 habere
2886 2120 2994 2174 qua
3032 2103 3279 2161 Verbum
3324 2115 3429 2160 est.

1848 2198 1997 2253 idem
2037 2206 2223 2252 autem
2263 2197 2319 2251 in
2355 2196 2657 2252 novissimo
2690 2195 2907 2253 dierum
2950 2198 3260 2253 secundum
3304 2212 3432 2253 car-

1847 2305 1975 2346 nem
2010 2298 2177 2344 natus
2208 2304 2239 2343 e
2274 2295 2464 2343 sancta
2492 2297 2549 2342 et
2577 2288 2818 2359 gloriosa
2850 2288 3075 2360 Virgine
3105 2288 3277 2343 Matre
3306 2288 3430 2354 Dei,

1845 2381 2097 2454 ejusdem
2124 2381 2436 2452 hyposmsis
2459 2394 2571 2434 non
2596 2388 2682 2436 est
2704 2396 2830 2435 cum
2854 2390 3054 2449 matre,
3070 2381 3165 2436 sed
3182 2382 3431 2452 ejusdem

1848 2460 2194 2530 substantiae:
2229 2472 2441 2528 Deinde
2485 2473 2762 2542 quomodo
2799 2472 3064 2544 Acephali
3112 2472 3180 2528 de
3223 2473 3432 2529 unione

1848 2570 2220 2641 hypostaseon
2265 2566 2501 2621 duarum
2553 2567 2887 2636 loquuntur,
2929 2567 3036 2622 etsi
3089 2566 3435 2638 hypostatice

1849 2663 2113 2717 unionem
2148 2675 2258 2714 non
2293 2658 2589 2715 admittant
2620 2659 2744 2714 dua:
2774 2657 3436 2732 hypostasesﬂgnorant-

1848 2769 1919 2809 ne
1955 2750 2267 2808 istiusmodi
2306 2749 2521 2806 erroris
2559 2764 2725 2804 causa
2757 2748 3075 2805 Nestorium
3109 2748 3432 2803 damnatum

1849 2845 2050 2909 fuisse,
2080 2843 2220 2898 duas
2246 2842 2574 2914 hypostases
2603 2842 2658 2896 in
2686 2841 3052 2897 oeconomiam
3082 2839 3435 2896 subinferen—

1848 2937 1994 2993 tem?
2028 2935 2136 2991 Sed
2165 2933 2419 3005 quamvis
2445 2933 2564 2988 haec
2594 2933 2669 2988 ita
2702 2932 2841 2997 sint,
2868 2932 3113 2989 Nestorii
3141 2932 3434 3002 omnisque

1849 3027 2127 3085 haereseos
2152 3027 2410 3098 dogmata
2438 3023 2848 3095 impudentiora
2874 3023 3032 3079 fateri
3062 3024 3276 3079 malunt
3296 3024 3437 3079 Ace-

1527 3139 1741 3212 ρώτερα
1767 3138 1821 3210 c
1849 3120 2027 3191 phali,
2053 3120 2218 3189 quam
2249 3116 2469 3172 veritati
2500 3114 2791 3170 assentire.
2826 3114 2954 3170 Haec
2988 3123 3171 3169 autem
3206 3130 3237 3169 a
3272 3115 3432 3170 nobis

1850 3215 1963 3270 illis
2003 3210 2240 3269 dicenda
2278 3222 2428 3265 sunt.
2461 3208 2612 3264 Idem
2641 3224 2775 3264 vero
2804 3208 3037 3264 verbum
3067 3208 3313 3279 Apostoli
3348 3209 3408 3264 in
3444 3252 3450 3265 .

1850 3315 2160 3378 terpretans
2193 3317 2417 3375 quoque
2451 3309 2677 3359 sanctus
2707 3300 3038 3357 Ambrosius
3074 3301 3130 3355 in
3171 3316 3431 3356 sermone

1849 3401 1919 3456 de
1945 3397 2316 3470 Apollinario,
2341 3397 2457 3452 haec
2486 3394 2685 3451 scribit
2716 3411 2731 3449 :
2771 3413 2790 3445 ι
2818 3393 3040 3464 Optime
3072 3394 3273 3449 horum
3303 3409 3430 3450 ver-

1849 3491 2049 3547 borum
2079 3488 2429 3546 iterationem
2461 3485 2720 3542 adhibuit
2745 3482 3073 3554 Apostolus,
3099 3483 3166 3540 de
3196 3485 3430 3539 Domino

1849 3594 2042 3645 nostro
2068 3584 2197 3639 Jesu
2230 3580 2452 3637 Christo
2482 3580 2670 3635 dicens
2710 3596 2722 3632 :
2759 3576 2862 3643 Qui
2891 3595 3010 3633 cum
3043 3580 3097 3632 in
3129 3578 3300 3649 [arma
3335 3576 3436 3632 Dei

1851 3685 2010 3742 esset,
2045 3692 2151 3730 non
2191 3675 2441 3744 rapinam
2479 3672 2770 3726 arbitratus
2810 3680 2886 3724 est
2927 3687 3038 3725 esse
3076 3687 3132 3725 se
3172 3670 3434 3742 aequalem

1856 3770 1989 3833 Dea,
2019 3766 2109 3820 sed
2140 3765 2478 3834 semetipsum
2511 3763 2828 3827 exinanivit,
2865 3762 3090 3831 formam
3122 3762 3260 3817 servi
3292 3765 3433 3817 acci-

1849 3863 1999 3932 piens
2029 3863 2071 3912 ι.
2106 3856 2249 3923 Quid
2293 3864 2380 3911 est
2425 3855 2600 3923 [arma
2652 3852 2781 3917 Dei,
2815 3852 2925 3907 nisi
2973 3851 3030 3905 in
3081 3850 3433 3921 plenitudine

1849 3950 2161 4007 divinitatis
2192 3949 2285 4003 illa
2310 3947 2515 4003 divinat
2546 3943 2907 4016 perfectionis
2937 3944 3260 4013 impressio?
3291 3942 3432 3999 Cum

1849 4047 2021 4117 igitur
2043 4050 2192 4100 esset
2217 4043 2275 4097 in
2308 4042 2418 4096 hoc
2443 4038 2686 4094 culmine
2713 4036 3041 4101 divinitatis,
3071 4035 3431 4105 semetipsum

1848 4136 2178 4203 exinanivit,
2204 4142 2371 4205 atque
2399 4131 2615 4201 accepit
2640 4129 2887 4201 perfecte
2915 4144 2982 4184 ac
3011 4128 3226 4199 integre
3255 4127 3432 4182 homi-

1846 4231 1938 4288 nis
1980 4239 2266 4294 naturam;
2305 4234 2476 4296 utque
2520 4224 2661 4279 nihil
2703 4223 2817 4278 Deo
2857 4221 3116 4291 reliquit,
3153 4221 3286 4275 item
3327 4235 3431 4274 nec

1847 4321 2240 4381 restaurationi
2282 4318 2557 4386 hominis,
2583 4328 2647 4374 ut
2685 4315 2963 4388 perfectus
3002 4315 3057 4371 in
3097 4330 3430 4379 unaquaque

1846 4426 2046 4474 natura
2081 4414 2447 4471 inveniretur.
2482 4431 2500 4464 ι

1920 4702 2003 4759 Ad
2033 4678 2528 4757 demonstrandum
2552 4678 2720 4765 igitur
2757 4704 2924 4745 unam
2952 4704 3076 4747 esse
3110 4686 3428 4761 bypostasm

1850 4796 1967 4851 sive
1991 4808 2159 4850 unam
2191 4803 2486 4862 personam
2514 4783 2737 4841 Domini
2770 4782 2946 4838 nostri
2967 4782 3096 4838 Jesu
3116 4778 3345 4845 Christi,
3375 4779 3429 4833 in

1850 4886 2066 4943 duabus
2098 4898 2235 4940 vero
2265 4879 2485 4936 naturis
2519 4878 2701 4949 ipsum
2729 4873 2978 4947 agnosci,
3017 4872 3231 4928 scilicet
3260 4871 3317 4926 in
3342 4870 3430 4925 di-

1847 4979 2080 5035 vinitate
2130 4985 2189 5031 et
2240 4970 2630 5036 humanitate,
2668 4976 2795 5039 apta
2823 4964 3145 5023 censuimus
3186 4977 3310 5032 quae
3364 4977 3435 5016 ex

1848 5073 2054 5129 divinis
2095 5066 2398 5137 Seripturis
2444 5062 2760 5131 sanctisque
2798 5058 3059 5115 Patribus
3090 5055 3431 5127 praebentur,

1848 5164 1952 5220 etsi
1982 5175 2159 5233 pauca
2187 5172 2252 5212 ex
2283 5154 2475 5211 multis
2528 5149 2961 5223 produxerimus
2985 5187 3000 5213 ,
3037 5161 3108 5201 ne
3139 5142 3432 5200 abundan-

1848 5259 1959 5313 tius
1972 5253 2237 5323 scriptum
2253 5247 2552 5312 faciamus;
2569 5243 2670 5299 sed
2693 5257 2821 5299 eum
2839 5237 3137 5311 aliquando
3148 5236 3434 5305 contingat

1846 5359 1910 5405 ut
1929 5348 1999 5404 ab
2020 5341 2296 5401 haereticis
2314 5338 2449 5410 ipsis
2468 5335 2677 5392 veritas
2693 5332 2939 5406 patefiat,
2960 5326 3434 5402 quemadmodum

1847 5444 2047 5501 caetero
2076 5436 2356 5493 daemones
2379 5430 2661 5487 Christum
2696 5425 2898 5483 Filium
2943 5424 3041 5480 Dei
3072 5422 3239 5485 etiam
3270 5418 3433 5476 inviti

1846 5533 2084 5595 confessi
2111 5537 2262 5594 sunt,
2293 5523 2650 5584 ostendemus
2670 5520 2854 5592 ipsum
2886 5530 3110 5588 quoque
3139 5514 3430 5579 Severum,

1849 5625 2174 5705 Apollinarii
2220 5631 2599 5680 successorem
2633 5611 3152 5683 Acephalorumque
3179 5622 3432 5664 errorem
