3924 6294
429 312 633 414 'ail35

1576 321 2048 382 .‘IUSTINIANI
2088 318 2612 382 IMPERATORIS

3654 317 3797 382 1136

481 436 800 500 augentem,
842 427 1196 483 conﬁtentem
1227 442 1422 484 omnes
1453 441 1673 486 sanctos
1703 432 1893 487 Patres
1927 431 2050 486 duas

2170 429 2417 500 λιναρίου
2441 429 2682 499 διάδοχον
2713 428 2807 484 καὶ
2831 429 2929 500 τὴν
2955 429 3062 483 τῶν
3103 429 3419 498 Ἀκεφὰλων
3443 428 3793 500 αὐξήσαντα

406 507 430 545 ⁸
484 533 714 576 naturas
736 520 803 574 de
833 518 1053 574 Christo
1074 519 1355 590 inculpate
1387 525 1712 580 asseruisse.
1744 523 1870 580 Hac
1895 525 2064 595 igitur

387 667 392 672 .
483 614 622 670 dicit
665 613 720 666 in
771 627 1026 668 sermone
1073 629 1238 684 quem
1283 615 1677 687 Expasitionem
1703 617 1828 686 ﬁdei
1853 627 2058 674 wocat:

388 727 394 764 :
489 726 508 758 ι
537 705 719 760 Fateri
742 703 880 760 duas
905 714 1185 770 naturas,»
1207 714 1385 763 ete....
1411 707 1620 763 Deinde
1652 710 1707 764 in
1735 709 1930 766 iisdem
1943 711 2062 766 tim-

385 793 392 807 ⁸
481 812 706 852 morans
727 807 895 867 atque
922 797 976 851 in
1012 797 1250 854 decursu
1285 799 1592 864 sermonis,
1636 800 1772 856 dicit
1801 816 1859 856 se
1891 802 2060 857 verba

480 881 706 943 Patrum
765 888 988 944 illorum
1045 890 1140 958 qui
1189 890 1471 960 inculpato
1513 891 1654 962 stylo
1695 891 2058 962 scripserunt,

479 979 732 1050 proferre
761 981 1017 1051 nequire,
1047 983 1155 1037 etsi
1203 991 1364 1036 antea
1395 983 1562 1038 verba
1588 983 1776 1055 Cyrilli
1829 984 2060 1040 recitata

480 1070 614 1126 sint.
653 1069 711 1125 Si
741 1085 870 1126 vero
913 1086 1107 1125 omnes
1149 1069 1327 1126 sancti
1367 1071 1578 1136 Patres,
1613 1075 1730 1128 imo
1752 1083 1808 1129 et
1835 1083 2061 1130 sanctus

479 1162 720 1234 C‘yrlllus
749 1162 1029 1231 inculpato
1071 1165 1211 1234 stylo
1253 1162 1600 1232 scripserint,
1634 1163 1862 1234 ipseque
1892 1165 2062 1222 Seve-

481 1270 580 1310 rus
608 1255 714 1309 hoc
749 1253 1020 1320 fateatur,
1074 1253 1200 1324 quis
1245 1269 1378 1325 ergo
1419 1255 1527 1310 sibi
1559 1255 1724 1310 talem
1773 1266 2058 1327 arrogaret

449 1348 870 1404 .auctoritatem
903 1347 971 1402 ad
1002 1346 1310 1402 doctrinam
1345 1345 1570 1401 Patrum
1606 1347 2012 1416 reprehendam
2035 1348 2069 1402 ἵ

479 1441 567 1494 vel
594 1439 877 1510 quomodo
903 1439 1097 1494 Patres
1128 1449 1288 1492 vocat
1308 1438 1547 1494 Severus
1571 1454 1808 1509 quorum
1838 1439 2057 1509 opinio-

477 1548 578 1587 nes
595 1530 968 1602 reprobandas
983 1530 1298 1585 existimat?
1322 1529 1428 1586 Sed
1441 1531 1788 1587 manifestum
1814 1547 1874 1586 se
1902 1531 2052 1588 fecit:

442 1653 454 1665 ι
475 1641 601 1680 eum
631 1625 779 1680 enim
812 1641 924 1680 non
958 1632 1143 1695 posset
1173 1623 1417 1695 effugere
1450 1625 1762 1690 veritatem,
1796 1625 1901 1680 hoc
1929 1641 2058 1680 ver-

475 1717 607 1770 bum
641 1717 868 1788 quidem
900 1731 931 1770 a
966 1716 1224 1772 Patribus
1271 1717 1549 1788 prolatum
1595 1731 1718 1773 esse
1769 1717 2057 1774 confessus

2166 517 2394 589 πλάνην,
2434 517 2810 588 ὁμολογοῦντα
2849 521 2932 572 ὅτι
2981 520 3185 584 πάντες
3225 522 3275 574 οξ
3319 521 3473 589 ᾶγιοι
3525 523 3789 594 Πατέρςς

2163 608 2258 662 δύο
2283 609 2476 678 φύσεις
2526 609 2622 663 ἐπὶ
2661 609 2754 664 τοῦ
2785 611 3052 680 ’Χριστοῦ
3105 611 3446 680 causam»;
3480 613 3788 684 εἰρήκασι.

2162 701 2326 768 Λέγει
2359 701 2492 771 γοῦν
2511 705 2570 754 έν
2591 701 2671 772 τῷ
2699 702 2846 774 λόγῳ
2895 703 2954 756 ὃν
2983 703 3272 758 Ἕκθεσιν
3296 707 3569 772 πίστεως
3619 706 3786 776 δῆθεν

2161 793 2438 864 ὀνομάζει,
2461 796 2590 849 τάδε
2614 813 2630 830 ο
2669 814 2688 848 ι
2727 796 2804 850 Τὸ
2829 797 2886 849 δὲ
2916 797 3100 866 λέγειν
3133 798 3229 852 δύο
3259 799 3479 868 φύσεις,
3505 819 3528 852 ι
3553 809 3681 856 etc.
3707 806 3784 869 (ut

2163 883 2292 938 alibi
2303 885 2426 954 jam
2449 887 2834 957 recitavimus).
2859 885 2992 942 Εἶτα
3021 892 3135 952 τοῖς
3157 891 3343 954 αὐτοῖς
3371 891 3661 961 ἐμμένων
3691 894 3780 946 καὶ

2158 976 2251 1034 διὰ
2281 977 2393 1034 τῶν
2427 979 2630 1049 ἑφεξῆς
2657 981 2830 1050 λέγει,
2869 983 2944 1054 μὴ
2979 982 3240 1038 δύνασθαι
3288 984 3392 1047 τάς
3425 983 3552 1038 τῶν
3603 987 3778 1058 ῌατὲ-
3813 973 3818 985 ’

2165 1084 2272 1138 ρων
2312 1071 2498 1138 φωνὰς
2535 1073 2646 1125 τῶν
2693 1071 3040 1144 ἀδιαὸλήτως
3079 1075 3146 1145 τῇ
3196 1075 3338 1142 λέξει
3385 1077 3775 1147 χρησαμένων

2159 1161 2558 1232 προφέρεσθαι,
2597 1165 2702 1217 κᾶν
2745 1163 2912 1218 αὑτοῦ
2949 1165 3228 1237 Κυρίλ).ου
3266 1162 3380 1220 εἶεν
3422 1167 3548 1238 πρὸ
3579 1169 3772 1221 τούτου

2159 1242 2454 1322 λεχθεῖσαι.
2504 1255 2567 1309 Et
2616 1256 2797 1312 τοίνυν
2833 1257 3045 1322 πάντας
3078 1259 3206 1322 τοὺς
3237 1258 3436 1326 ἁγίους
3479 1261 3768 1332 Πατέρας,

2159 1344 2242 1398 ἔτι
2279 1345 2389 1416 μὴν
2419 1346 2514 1400 καὶ
2548 1345 2640 1402 τὸν
2674 1351 2735 1402 ὲν
2786 1349 2966 1416 ἁγίοις
2992 1348 3262 1420 Κύριλλον
3293 1351 3667 1422 ἀδιασλήτως
3707 1356 3766 1422 τῇ

2158 1433 2301 1500 λέξει
2331 1438 2662 1508 χρήσασθαι,
2705 1440 2800 1492 καὶ
2847 1442 3010 1505 αὐτὸς
3057 1441 3298 1512 Σευῆρος
3349 1441 3653 1514 ὁμολογῇ,
3691 1444 3766 1506 τίς

2158 1529 2269 1598 ἄρα
2297 1531 2558 1596 τοιαύτην
2586 1531 2746 1602 ἔσχεν
2783 1533 3094 1599 αὐθεντίαν,
3129 1531 3273 1586 ὥστε
3301 1533 3404 1602 τὴν
3437 1533 3566 1588 τῶν
3601 1533 3765 1601 ἁγίων

2159 1619 2422 1692 Πατέρων
2451 1621 2860 1694 ἀποδοκιμάσαι
2899 1623 3291 1691 διδασκαλίαν;
3328 1625 3362 1696 ἢ
3415 1625 3547 1689 πῶς
3591 1627 3762 1679 Πατέ-

2165 1731 2263 1783 ρας
2291 1714 2550 1786 ὀνομάζει
2580 1715 2822 1788 Σευῆρος
2847 1709 2922 1772 ὧν
2951 1717 3472 1788 ἀποδοκιμασθῆναι
3509 1716 3676 1787 λέγει
3701 1719 3762 1772 τὰ

442 1817 579 1874 ηυδε,
621 1809 716 1864 sed
758 1809 984 1879 proprio
1040 1808 1239 1864 morbo
1275 1808 1483 1863 mederi
1520 1809 1749 1874 volens,
1799 1810 2050 1880 blasphe-

2159 1805 2442 1876 δόγματα;
2487 1807 2650 1862 Ἀλλὰ
2681 1808 2949 1880 πρόδηλον
2994 1809 3188 1864 ἑαυτὸν
3220 1809 3527 1876 δείκνυσιν,
3559 1813 3646 1875 ὡς
3671 1814 3760 1884 τὴν

474 1903 601 1958 miis
627 1901 868 1957 Nestorii
901 1901 1210 1958 doctrinam
1241 1901 1467 1956 Patrum
1497 1899 1668 1955 fuisse
1703 1902 2052 1972 reproltatam

469 1994 706 2061 asserit;
763 1993 909 2066 quod
957 2001 1043 2049 est
1087 1994 1203 2048 risu
1242 1992 1493 2063 dignum.
1543 1992 1660 2048 Illis
1691 2003 1877 2048 autem
1929 2008 2054 2048 san-

471 2097 593 2142 ctos
624 2088 820 2142 Patres
843 2085 1130 2140 exinanire
1161 2093 1394 2140 conatus
1418 2093 1524 2151 est,
1552 2093 1923 2154 sanctumque
1951 2085 2056 2157 Cy-

434 2197 444 2210 ~
472 2179 658 2232 rillum
680 2178 1146 2234 calumniar-inon
1168 2175 1542 2242 dubitavit,,ut
1567 2175 1676 2231 illis
1695 2192 1823 2246 qum
1835 2176 1904 2231 ab
1936 2176 2057 2247 ipso

469 2269 637 2339 paulo
665 2279 791 2325 ante
818 2269 964 2324 dicta
995 2267 1216 2324 fuerant
1236 2267 1550 2338 sanctisque
1569 2267 1833 2324 .Patribus
1857 2269 2054 2324 adver-

469 2371 708 2416 santem.
753 2361 1007 2416 Attamen
1037 2376 1162 2438 cum
1194 2361 1286 2416 ille
1315 2375 1488 2430 usque
1521 2359 1592 2416 ad
1625 2361 1866 2415 Nestorii
1911 2371 2054 2416 tem-

468 2469 604 2522 pora
662 2463 884 2509 sanctos
949 2454 1144 2508 Patres
1178 2453 1286 2508 hoc
1327 2452 1504 2506 verbo
1549 2452 1832 2522 inculpate
1880 2451 2054 2507 fuisse

471 2560 602 2599 usos
635 2543 868 2599 affirmet
895 2584 911 2610 ,
961 2560 1065 2599 nos
1095 2552 1348 2599 sanctum
1380 2542 1648 2615 Cyrillum
1685 2542 1918 2600 duarum
1951 2560 2054 2598 na-

471 2647 720 2690 turarum
757 2635 928 2690 verbo
964 2633 1034 2690 de
1083 2635 1393 2690 (economia
1441 2634 1749 2690 Salvatoris
1781 2643 2050 2701 utentem,

469 2725 866 2782 condemnasse
921 2723 1262 2780 Nestorium'
1286 2725 1676 2792 ostendemus;
1737 2727 2054 2798 iterumque

469 2827 591 2888 post
613 2817 1039 2873 condemnatum
1068 2817 1406 2884 Nestorium,
1441 2817 1611 2874 simili
1637 2817 1890 2874 doctrina
1917 2835 2053 2875 usus

451 2919 556 2966 .est
591 2909 738 2967 idem
776 2919 1004 2966 sanctus
1045 2910 1306 2983 Cyrillus.
1367 2910 1598 2968 Videtur
1639 2927 1772 2982 ergo
1807 2910 2054 2967 Severus

447 3021 650 3078 neque
680 3015 905 3062 sanctos
933 3006 1128 3061 Patres
1162 3003 1492 3076 intelligere,
1514 3017 1695 3072 neque
1727 3017 1953 3058 causam
1979 3001 2052 3056 ob

454 3109 635 3170 quam
671 3101 1073 3155 condemnatus
1095 3107 1180 3153 est
1199 3095 1488 3152 Nestorius
1513 3112 1528 3160 ;
1562 3095 1739 3150 sancti
1767 3095 1916 3150 enim
1947 3094 2052 3150 Pa-

473 3200 584 3244 tres
612 3188 922 3244 divinitatis
945 3186 1155 3243 Cbristi
1185 3195 1350 3255 atque
1379 3183 1742 3238 humanitatis
1783 3183 1922 3238 duas
1947 3198 2047 3238 na-

445 3291 622 3336 -turas
647 3281 833 3335 unitas
875 3277 1209 3332 conﬁtentes
1241 3317 1257 3339 ,
1315 3290 1386 3330 ne
1425 3275 1551 3328 duae
1585 3275 1908 3346 hypostases
1949 3285 2047 3331 aut

464 3371 578 3425 duo
622 3369 723 3423 lilii
753 3369 821 3424 de
851 3369 976 3437 ipso
1013 3366 1356 3429 dicerentur,
1396 3373 1689 3432 vetarunt;
1729 3364 2046 3420 Nestorius—

441 3475 572 3532 .que
616 3467 870 3513 naturam
895 3503 910 3525 ,
941 3456 1280 3529 hypostasim
1321 3465 1486 3526 atque
1541 3471 1841 3527 personam
1893 3457 2042 3513 idem

464 3566 588 3606 esse
637 3549 943 3614 conﬁtens,
990 3557 1285 3621 propterea
1331 3549 1566 3604 duarum
1613 3557 1940 3606 naturarum
1988 3549 2046 3606 in

464 3643 748 3716 hypostasi
784 3643 1050 3698 unionem
1083 3657 1314 3714 negans,
1341 3641 1638 3713 separatim
1675 3642 2049 3715 hypostatice—

465 3752 574 3808 que
603 3737 746 3793 duas
775 3746 1004 3792 naturas
1026 3735 1238 3800 dicens,
1265 3735 1516 3806 indeque
1546 3735 1688 3791 duos
1709 3735 1853 3792 ﬁlios
1877 3736 2047 3792 duos-

463 3843 574 3898 que
589 3825 844 3883 Christos
858 3824 1143 3896 eliingens,
1168 3834 1397 3896 propter
1418 3825 1579 3880 istam
1600 3825 1776 3896 ipsius
1790 3825 2049 3896 blasphe-

463 3923 630 3975 miam
649 3961 665 3986 ,
683 3933 714 3974 a
739 3919 948 3974 sanctis
963 3918 1224 3972 Patribus
1241 3915 1646 3973 condemnatus
1667 3925 1786 3984 est;
1804 3916 2044 3988 ideoque

461 4009 956 4084 sanctnsCyrillns,
985 4009 1258 4066 insaniam
1283 4009 1407 4082 ejus
1423 4007 1710 4066 Judaieam
1739 4006 2048 4066 retundens

463 4105 520 4159 in
547 4103 834 4174 Ephesino
849 4102 1084 4176 synodo,
1107 4109 1328 4158 sanctos
1339 4101 1539 4157 Patres
1559 4101 1794 4157 adduxit
1811 4107 1872 4155 ut
1889 4109 2045 4158 veta-

461 4207 588 4252 rent
617 4212 688 4252 ne
717 4196 829 4252 duo
876 4196 981 4252 illii
1030 4195 1394 4261 dicerentur,
1443 4193 1584 4250 duas
1631 4208 1768 4250 vero
1815 4202 2046 4249 naturas

465 4305 752 4360 unumque
783 4288 982 4344 Filium
1013 4288 1408 4358 praedicarent.

2157 1897 2420 1971 ἀληθειαν
2448 1899 2776 1969 ἀποφυγεῖν,
2818 1900 2895 1974 μὴ
2933 1901 3256 1971 δυνάμενος,
3284 1902 3628 1974 ὡμολόγησε
3667 1904 3759 1975 μὲν

2155 1991 2255 2060 τὴν
2286 1990 2548 2061 τοιαύτην
2585 1992 2768 2064 φωνὴν
2805 1993 2959 2062 παρὰ
3003 1992 3114 2047 τῶν
3150 1993 3324 2062 ἁγίων
3366 1996 3649 2066 Πατέρων
3685 1998 3756 2050 εί-

2157 2083 2378 2154 ρῆσθαι,
2409 2084 2778 2157 ,βουληθεὶς-δὲ
2807 2091 2875 2159 τῇ
2901 2088 3083 2160 οἰκεία
3110 2089 3253 2159 νόσῳ
3277 2093 3648 2160 συνηγορεῖν,
3673 2090 3755 2143 λέ-

2153 2193 2244 2244 γει
2271 2177 2360 2230 διά
2395 2177 2496 2242 τὰς
2525 2179 2823 2250 Νεστορίου
2857 2179 3207 2250 βλασφημίας
3236 2181 3756 2252 ἀποδοκιμασθῆναι

2155 2268 2254 2330 τὰς
2282 2267 2391 2322 τῶν
2415 2269 2588 2338 ἁγίων
2617 2270 2884 2341 Πατέρων
2917 2270 3292 2333 διδασκαλίας·
3333 2271 3424 2340 ἐφ’
3535 2274 3637 2326 καὶ
3675 2289 3757 2340 γε·

2156 2357 2254 2428 λᾷν
2281 2356 2454 2422 ἄξιον.
2490 2359 2591 2416 Διά
2637 2359 2694 2414 δὲ
2746 2359 2955 2416 τούτων
2997 2360 3122 2424 τούς
3154 2379 3215 2414 τε
3261 2362 3460 2430 ἁγίους
3503 2363 3754 2436 Ματέρας

2155 2449 2372 2503 ἀθετεῖν
2403 2451 2763 2522 ἐπεχείρησεν
2794 2452 2888 2506 καὶ
2913 2452 3003 2506 τὸν
3029 2453 3088 2506 ὲν
3135 2453 3314 2520 ἁγίοις
3347 2454 3637 2524 Κύριλλον
3662 2473 3752 2508 συ-

2155 2545 2447 2611 κοφαντεῖν
2487 2545 2588 2596 οὐκ
2635 2543 2988 2614 ἀπώκνησεν,
3019 2544 3095 2608 ὡς
3121 2546 3218 2599 καὶ⁵
3245 2547 3358 2608 τοῖς
3386 2545 3595 2616 πρώην
3633 2547 3752 2619 παρ’

2156 2631 2327 2686 αὑτοῦ
2367 2633 2682 2705 εἰρημένοις
2733 2634 2830 2688 καὶ
2875 2636 2990 2698 τοῖς
3041 2635 3221 2703 ἁγίοις
3268 2635 3558 2706 Πατράσιν
3597 2638 3751 2689 ἐναν-

2155 2725 2272 2780 τιού
2282 2744 2466 2798 μενον.
2491 2725 2638 2798 Πλὴν
2665 2725 2854 2796 ἐπειδὴ
2885 2728 3092 2790 ἐκεῖνος
3115 2725 3278 2798 μέχρι
3303 2727 3414 2780 τῶν
3441 2727 3750 2800 Nsce-opina

2154 2819 2386 2890 χρόνων,
2432 2819 2582 2888 λέγει
2613 2819 2742 2882 τοὺς
2789 2818 2981 2888 ἁγίους
3009 2818 3264 2890 Πατέρας
3305 2819 3666 2892 ἅδιαϐλήτως
3687 2823 3750 2891 τῇ

2153 2911 2381 2985 τοιαύτῃ
2424 2910 2734 2982 χρήσασθαι
2769 2913 2953 2981 φωνῇ,
3014 2911 3177 2982 ἡμεῖς
3216 2910 3469 2981 δείξομεν
3500 2913 3588 2965 ὅτι
3634 2915 3663 2966 ὁ
3695 2913 3752 2965 ἓν

2153 3004 2334 3072 ἁγίοις
2366 3003 2636 3074 Κύριλλος
2669 3006 2739 3074 τῇ
2780 3003 2888 3056 τῶν
2919 3003 3030 3060 δύο
3061 3005 3308 3074 φύσεων
3335 3009 3494 3076 φωνῇ
3522 3008 3622 3060 ἐπὶ
3652 3006 3750 3077 τῆς

2151 3097 2472 3166 οἰκονομίας
2497 3095 2590 3148 τοῦ
2621 3096 2874 3166 Σωτῆρος
2907 3099 3278 3166 χρησάμενος,
3310 3098 3616 3168 κατέκρινε
3648 3097 3748 3152 ΝΞ-

2152 3188 2372 3260 στόριον
2393 3205 2406 3218 ·
2432 3190 2530 3242 καὶ
2553 3187 2722 3242 πάλιν
2754 3189 2893 3258 μετὰ
2922 3189 3021 3260 τὴν
3057 3189 3357 3259 Νεστορίου
3388 3191 3746 3261 κατάκρισιν,

2153 3281 2182 3334 ὁ
2209 3280 2371 3344 αὐτὸς
2398 3283 2458 3334 ὲν
2486 3279 2664 3348 ἁγίοις
2705 3278 2974 3350 Κύριλ).ος
3011 3282 3080 3352 τῇ
3107 3280 3270 3350 ὁμοίᾳ
3305 3283 3586 3352 ἐχρήσατο
3609 3283 3749 3336 διδαο

2155 3373 2378 3446 σκαλίᾳ.
2421 3375 2605 3428 Ἐοικε
2640 3373 2747 3442 γὰρ
2781 3372 3023 3444 Σευῆρος
3063 3375 3202 3444 μήτε
3231 3374 3362 3436 τοὺς
3401 3375 3598 3443 ἁγίους
3628 3378 3748 3446 νοή-

2155 3482 2255 3530 σας
2310 3465 2600 3540 Ιιατέρας,
2653 3467 2789 3538 μήτε
2837 3470 2938 3536 τὴν
2993 3466 3174 3522 αἰτίαν
3219 3467 3307 3536 ἐφ’
3437 3469 3742 3540 κατεκρίθη

2155 3559 2454 3630 Νεστόριος
2480 3577 2494 3591 ο
2537 3560 2587 3612 οι
2617 3559 2724 3629 γὰρ
2755 3556 2903 3627 ἅγιοι
2946 3557 3190 3628 Πατέρες
3223 3558 3324 3627 τῆς
3355 3558 3620 3629 θεότητος
3651 3557 3741 3612 τοῦ

2155 3650 2395 3722 Χριστοῦ
2428 3651 2522 3704 καὶ
2551 3649 2650 3716 τῆς
2679 3649 3095 3720 ἁνθρωπότητος
3117 3649 3213 3703 δύο
3234 3648 3427 3720 φύσεις
3451 3651 3741 3722 ήνωμένας

2149 3741 2544 3812 ὁμολογοῦντες
2593 3740 2985 3812 ἀπηγόρευσαν
3037 3739 3129 3794 δύο
3186 3741 3523 3806 ὑποστάσεις
3567 3742 3604 3812 ἢ
3650 3743 3736 3794 δύο

2149 3836 2301 3899 υίοὺς
2338 3833 2428 3888 ἐπ’
2473 3831 2640 3889 αὐτοῦ
2689 3834 2890 3903 λέγειν·
2926 3833 3226 3905 Νεπορίου
3279 3835 3391 3905 γὰρ
3443 3835 3609 3902 φύσιν
3650 3835 3738 3886 καὶ

2151 3924 2453 3978 ὑπόστασιν
2507 3926 2605 3978 καὶ
2655 3926 2951 3994 πρόσωπον
2989 3925 3192 3978 ταύτὸν
3234 3920 3380 3979 εἶναι
3413 3925 3737 3994 ὁμολογοῦν-

2153 4031 2266 4078 τος,
2299 4014 2396 4068 καὶ
2422 4013 2513 4068 διά
2545 4014 2706 4070 τοῦτο
2751 4015 2862 4068 τῶν
2895 4014 2990 4068 δύο
3043 4015 3261 4084 φύσεων
3293 4015 3396 4076 τὴν
3445 4017 3576 4070 καθ’
3605 4016 3738 4070 ὑπὸ·

2156 4123 2348 4160 στασιν
2387 4107 2584 4161 ἕνωσιν
2614 4107 2974 4178 ἀρνουμένου,
3002 4106 3096 4160 καὶ
3125 4107 3230 4162 ἀνά
3261 4107 3431 4178 μέρος
3476 4108 3577 4162 καὶ
3611 4109 3735 4162 lato-

2151 4197 2478 4262 ῦποστάτως
2524 4200 2623 4262 τὰς
2657 4197 2766 4260 ,δύο
2813 4197 3006 4268 φύσεις
3037 4197 3310 4266 λέγοντος,
3343 4199 3442 4252 καὶ
3491 4199 3733 4252 ἐντεῦθεν

2145 4286 2240 4340 δύο
2275 4289 2422 4352 υἱοὺς
2471 4289 2567 4342 καὶ
2595 4287 2690 4340 δύο
2721 4287 2993 4360 Χριστοὺς
3023 4285 3479 4352 ἀναπλάττοντας,
3517 4289 3614 4344 καὶ
3636 4289 3723 4342 διὰ

463 4383 562 4452 τὴν
590 4381 848 4450 τοιαύτην
877 4380 1044 4435 αὐτοῦ
1080 4377 1436 4450 βλασφημίαν
1467 4377 1574 4432 ὑπὸ
1599 4376 1708 4432 τῶν
1731 4377 1908 4446 ἁγίων
1975 4379 2279 4448 κατεκρίθη
2350 4379 2633 4450 Πατέρων,
2665 4379 2859 4450 ἀμέλει
2889 4395 2974 4432 τοι
3023 4379 3052 4433 δ
3083 4379 3142 4431 ὲν
3207 4378 3387 4447 ἁγίοις
3457 4380 3724 4452 Κύριλλος

460 4479 562 4548 τὴν
600 4475 898 4546 ἰουδαῖκὴν
961 4475 1128 4529 αὐτοῦ
1173 4475 1372 4544 μανίαν
1409 4472 1716 4542 ἁνελέγχων
1765 4473 1824 4525 ὲν
1867 4475 1933 4546 τῇ
1969 4472 2092 4528 κατ’
2134 4475 2372 4544 Ἔφεσον
2426 4474 2652 4544 συνόδῳ,
2691 4473 2820 4537 τοὺς
2877 4472 3067 4543 ἁγίους
3114 4472 3364 4544 Πατέρας
3415 4476 3734 4545 προήγαγεν

457 4563 910 4640 ἀπαγορεύοντας
947 4568 1046 4638 μὲν
1073 4567 1134 4620 τὸ
1155 4567 1336 4634 λέγειν
1361 4564 1458 4619 δύο
1485 4566 1672 4630 Υίοὺς,
1698 4563 1794 4618 δύο
1817 4564 1876 4618 δὲ
1901 4565 2096 4635 φύσεις
2133 4567 2230 4622 καὶ
2259 4567 2356 4620 ἕνα
2391 4566 2522 4621 Υίὸν
2549 4567 2945 4638 κηρύττοντας.

534 4663 615 4717 Ειι
637 4659 898 4714 omnibus
927 4659 1098 4730 igitur
1122 4671 1246 4726 qua:
1274 4655 1424 4710 dicta
1450 4661 1582 4709 sunt
1602 4653 1938 4724 patefactum
1961 4664 2044 4711 est

2223 4654 2305 4728 [P.
2336 4655 2492 4730 25L]
2512 4659 2606 4715 Ἐκ
2621 4657 2730 4712 τῶν
2763 4656 3073 4730 είρημένων
3102 4656 3281 4711 τοίνυν
3307 4658 3572 4729 ἁπάντων
3597 4661 3734 4715 ἀπο-

459 4762 724 4811 sanctum
757 4747 1024 4822 Cyrillum
1056 4756 1187 4802 ante
1212 4746 1628 4803 damnationem
1656 4745 1892 4800 Nestorii
1922 4786 1936 4809 ,
1987 4746 2046 4804 in

466 4847 617 4903 illius
636 4841 991 4900 damnatione
1012 4847 1245 4912 postque
1267 4837 1444 4909 ipsius
1457 4837 1893 4904 damnationem,
1909 4837 2045 4893 dua-

467 4955 595 4993 rum
620 4944 946 4992 naturarum
979 4932 1037 4988 in
1072 4946 1185 4986 uno
1209 4929 1432 4986 Christo
1465 4928 1872 4987 conlessionem
1906 4945 2047 5000 prae-

463 5033 654 5088 dicare
706 5026 974 5084 continuo
1015 5040 1126 5080 non
1176 5039 1443 5080 cessasse.
1506 5023 1616 5080 Sed
1659 5021 1800 5078 nihil
1849 5023 2049 5078 horum

469 5124 789 5196 intelligens
819 5118 1076 5176 veritatis
1107 5116 1284 5172 hostis
1311 5114 1570 5179 Severus,
1604 5117 1795 5172 Patres
1822 5115 2047 5172 nomine

467 5219 694 5272 Patrum
729 5219 914 5276 vocat,
963 5225 1030 5266 ac
1059 5208 1297 5280 denegat
1327 5207 1396 5264 ab
1437 5206 1548 5264 illis
1598 5207 1862 5266 Ecclesia
1893 5215 2045 5263 recte

467 5309 728 5363 traditam
763 5305 935 5360 fuisse
959 5301 1289 5366 doctrinam,
1340 5301 1595 5356 nesciens
1625 5299 1941 5357 Nestorium
1971 5299 2046 5355 ob

466 5413 620 5452 suam
653 5397 876 5466 quidem
908 5394 1251 5464 impietatem
1279 5392 1701 5448 condemnatum
1749 5391 1942 5457 fuisse,
1973 5393 2044 5448 ab

465 5483 673 5554 illoque
709 5492 892 5538 tamen
933 5481 1158 5537 Patrum
1208 5479 1518 5536 doctrinam
1559 5496 1807 5536 eversam
1851 5481 2044 5539 fuisse.

468 5573 530 5629 Si
567 5555 773 5638 autem,
817 5575 970 5645 juxta
1009 5570 1278 5626 insaniam
1311 5571 1535 5637 Severi,
1569 5571 1738 5627 verba
1773 5587 1804 5626 a
1839 5573 2044 5629 sanctis

467 5663 728 5716 Patribus
760 5674 908 5718 recte
944 5662 1257 5730 prmdieata,
1305 5662 1374 5716 ab
1411 5663 1688 5718 hmreticis
1723 5679 1854 5718 vero
1885 5665 2046 5718 mali-

415 5772 420 5779 ·
464 5768 577 5821 gne
633 5753 992 5822 interpretata
1043 5753 1378 5810 removenda
1415 5763 1578 5822 sunt,
1624 5763 1837 5812 evertet
1871 5757 2037 5812 etiam

2149 4749 2416 4804 δέδεικται
2443 4751 2526 4804 ὅτι
2552 4750 2583 4803 ὁ
2616 4751 2673 4806 ὲν
2699 4751 2876 4820 ἁγίοις
2908 4749 3177 4822 Κύριλλος
3221 4751 3318 4804 καὶ
3359 4751 3468 4822 πρὸ
3497 4753 3601 4823 τῆς
3625 4753 3734 4806 Νε-

2151 4841 2368 4913 στορίου
2411 4841 2815 4914 κατακρίσεως,
2870 4843 2967 4897 καὶ
3011 4845 3070 4896 ἑν
3115 4845 3254 4916 αὐτῇ
3285 4845 3350 4914 τῇ
3387 4846 3736 4918 κατακρίσει,

2152 4931 2250 4985 καὶ
2291 4932 2430 5004 μετά
2477 4931 2601 5002 τῆν’
2633 4932 2798 4987 αὑτοῦ
2851 4933 3202 5004 κατάκρισιν,
3250 4935 3310 4988 οὐ
3366 4934 3611 4988 διέλιπεν
3639 4935 3735 5007 τὴν

2156 5023 2287 5095 περὶ
2322 5023 2433 5076 τῶν
2465 5023 2558 5078 δύο
2607 5023 2826 5093 φύσεων
2855 5027 2948 5078 ἐπὶ
2989 5024 3084 5079 τοῦ
3130 5026 3251 5090 ἐνὸς
3279 5026 3522 5096 Χριστοῦ
3548 5028 3738 5100 ὁμολοα

2151 5115 2278 5185 γίαν
2307 5113 2395 5168 ἀεὶ
2419 5115 2706 5186 κηρύττων
2724 5133 2738 5146 ο
2755 5115 2874 5170 ἀλλ’
2897 5117 3048 5171 οὐδὲν
3081 5117 3287 5172 τούτων
3315 5119 3561 5192 Σευῆρος
3591 5123 3620 5174 δ
3637 5121 3738 5191 τῆς

2150 5207 2415 5277 ἀληθείας
2451 5208 2648 5281 ἐχθρὸς
2683 5208 2901 5274 ἐννοῶν,
2935 5210 3062 5274 τοὺς
3095 5210 3196 5282 μὲν
3227 5211 3482 5283 Πατέρας
3507 5212 3736 5284 ὀνόματι

2151 5297 2312 5368 δῆθεν
2339 5297 2609 5368 Πατέρων
2636 5297 2926 5364 ἀποκαλεῖ,
2961 5300 3211 5372 ἀρνεῖται
3261 5299 3318 5354 δὲ
3355 5301 3427 5354 τὰ
3473 5303 3612 5374 παρ’
3645 5304 3744 5356 a5-

2150 5391 2261 5446 τῶν
2304 5389 2480 5461 ὀρθῶς
2533 5391 2600 5462 τῇ
2659 5389 2956 5462 Ἐκκλησία⁸
3004 5389 3416 5462 παραδεδομένα
3463 5391 3737 5464 δόγματα,

2157 5483 2232 5556 μὴ
2255 5484 2543 5553 γινώσκων
2569 5485 2651 5538 ὅτι
2681 5485 2976 5557 Νεστὸριος
3007 5484 3105 5554 μὲν
3125 5485 3215 5538 διὰ
3245 5487 3348 5557 τὴν
3375 5486 3588 5540 οἰκείαν
3609 5487 3738 5540 ἀσέ-

2155 5573 2308 5628 ϐειαν
2351 5564 2776 5641 κατακέκριται,
2821 5575 2884 5628 οὐ
2927 5575 3034 5647 μὴν
3071 5575 3138 5628 δι’
3180 5577 3390 5630 ἐκεῖνον
3421 5577 3454 5646 ἡ
3486 5576 3597 5629 τῶν
3625 5578 3737 5629 Πα-

2149 5666 2327 5736 τέρων
2350 5665 2620 5738 ἀνῄρηται
2653 5667 2992 5722 διδασκαλία.
3027 5669 3090 5722 Εἰ
3127 5669 3235 5737 γὰρ
3267 5669 3406 5722 κατά
3435 5668 3536 5738 τὴν
3565 5668 3736 5736 Sevi)-

2148 5774 2244 5831 ρον
2281 5759 2483 5830 μανίαν
2513 5801 2528 5828 ,
2567 5760 2664 5824 τὰς
2719 5761 2904 5831 ιεωνάς
2947 5760 3045 5827 τὰς
3073 5760 3227 5833 παρὰ
3259 5761 3360 5834 μὲν
3405 5761 3517 5817 τῶν
3559 5760 3731 5830 ἁγίων
