  <div class='ocr_page' id='page_1' title='image "/cluster/home/n/w/nwhite01/storage/ocr_20150623/86 pars.1/pst.000005712878/608.png"; bbox 0 0 3924 6294; ppageno 0'>
   <div class='ocr_carea' id='block_1_1' title="bbox 157 290 290 388">
    <p class='ocr_par' dir='ltr' id='par_1_1' title="bbox 157 290 290 388">
     <span class='ocr_line' id='line_1_1' title="bbox 157 290 290 388; baseline -0.008 -32"><span class='ocrx_word' id='word_1_1' title='bbox 157 290 290 388; x_wconf 67' lang='lat'><strong>1137</strong></span> 
     </span>
    </p>
   </div>
   <div class='ocr_carea' id='block_1_2' title="bbox 1066 270 2493 353">
    <p class='ocr_par' dir='ltr' id='par_1_2' title="bbox 1066 270 2493 353">
     <span class='ocr_line' id='line_1_2' title="bbox 1066 270 2493 353; baseline 0 -3"><span class='ocrx_word' id='word_1_2' title='bbox 1066 270 1512 351; x_wconf 57' lang='lat' dir='ltr'><strong>TRACTKTUS</strong></span> <span class='ocrx_word' id='word_1_3' title='bbox 1547 286 1858 350; x_wconf 80' lang='lat' dir='ltr'><strong>CONTRA&#39;</strong></span> <span class='ocrx_word' id='word_1_4' title='bbox 1889 291 2493 353; x_wconf 78' lang='lat' dir='ltr'><strong>MONOPHYSITAS.</strong></span> 
     </span>
    </p>
   </div>
   <div class='ocr_carea' id='block_1_3' title="bbox 3294 293 3453 358">
    <p class='ocr_par' dir='ltr' id='par_1_3' title="bbox 3294 293 3453 358">
     <span class='ocr_line' id='line_1_3' title="bbox 3294 293 3453 358; baseline 0 -1"><span class='ocrx_word' id='word_1_5' title='bbox 3294 293 3453 358; x_wconf 60' lang='lat'><strong>1138~</strong></span> 
     </span>
    </p>
   </div>
   <div class='ocr_carea' id='block_1_4' title="bbox 155 394 1741 473">
    <p class='ocr_par' dir='ltr' id='par_1_4' title="bbox 155 394 1740 473">
     <span class='ocr_line' id='line_1_4' title="bbox 155 394 1740 473; baseline -0.005 -16"><span class='ocrx_word' id='word_1_6' title='bbox 155 401 413 472; x_wconf 79' lang='grc' dir='ltr'>Πατὲρων</span> <span class='ocrx_word' id='word_1_7' title='bbox 445 398 622 473; x_wconf 80' lang='grc' dir='ltr'><strong>ὀρθῶς</strong></span> <span class='ocrx_word' id='word_1_8' title='bbox 653 394 974 469; x_wconf 76' lang='grc' dir='ltr'>είρημινας,</span> <span class='ocrx_word' id='word_1_9' title='bbox 1018 396 1173 468; x_wconf 84' lang='grc' dir='ltr'><strong>παρά</strong></span> <span class='ocrx_word' id='word_1_10' title='bbox 1215 395 1274 451; x_wconf 65' lang='grc' dir='ltr'>δὲ</span> <span class='ocrx_word' id='word_1_11' title='bbox 1316 395 1613 469; x_wconf 83' lang='grc' dir='ltr'>αίρετικῶν</span> <span class='ocrx_word' id='word_1_12' title='bbox 1638 412 1740 449; x_wconf 88' lang='grc' dir='ltr'>κα-</span> 
     </span>
    </p>
   </div>
   <div class='ocr_carea' id='block_1_5' title="bbox 1846 394 3432 473">
    <p class='ocr_par' dir='ltr' id='par_1_5' title="bbox 1846 398 3432 471">
     <span class='ocr_line' id='line_1_5' title="bbox 1846 398 3432 471; baseline 0.003 -16"><span class='ocrx_word' id='word_1_13' title='bbox 1846 398 2097 456; x_wconf 84' lang='lat' dir='ltr'><strong>divinam</strong></span> <span class='ocrx_word' id='word_1_14' title='bbox 2117 399 2488 471; x_wconf 82' lang='lat' dir='ltr'><strong>Scripturam,</strong></span> <span class='ocrx_word' id='word_1_15' title='bbox 2537 417 2603 455; x_wconf 79' lang='lat' dir='ltr'><strong>ex</strong></span> <span class='ocrx_word' id='word_1_16' title='bbox 2648 416 2756 470; x_wconf 88' lang='lat' dir='ltr'><strong>qua</strong></span> <span class='ocrx_word' id='word_1_17' title='bbox 2818 401 3063 459; x_wconf 74' lang='lat' dir='ltr'><strong>haeretici</strong></span> <span class='ocrx_word' id='word_1_18' title='bbox 3108 418 3209 459; x_wconf 90' lang='lat' dir='ltr'><strong>suo</strong></span> <span class='ocrx_word' id='word_1_19' title='bbox 3236 402 3432 460; x_wconf 83' lang='lat' dir='ltr'><strong>morbo</strong></span> 
     </span>
    </p>
   </div>
   <div class='ocr_carea' id='block_1_6' title="bbox 153 486 1742 565">
    <p class='ocr_par' dir='ltr' id='par_1_6' title="bbox 153 486 1742 565">
     <span class='ocr_line' id='line_1_6' title="bbox 153 486 1742 565; baseline -0.006 -15"><span class='ocrx_word' id='word_1_20' title='bbox 153 496 265 559; x_wconf 75' lang='grc' dir='ltr'><strong>κῶς</strong></span> <span class='ocrx_word' id='word_1_21' title='bbox 299 490 794 565; x_wconf 75' lang='grc' dir='ltr'>ὲκλαμδανομένας</span> <span class='ocrx_word' id='word_1_22' title='bbox 831 489 1220 559; x_wconf 78' lang='grc' dir='ltr'>παραιτεῖσθαι</span> <span class='ocrx_word' id='word_1_23' title='bbox 1274 486 1392 555; x_wconf 77' lang='grc' dir='ltr'>δεῖ,</span> <span class='ocrx_word' id='word_1_24' title='bbox 1441 488 1536 544; x_wconf 80' lang='grc' dir='ltr'>καὶ</span> <span class='ocrx_word' id='word_1_25' title='bbox 1571 486 1742 560; x_wconf 80' lang='grc' dir='ltr'>αὐτὴν</span> 
     </span>
    </p>
   </div>
   <div class='ocr_carea' id='block_1_7' title="bbox 155 576 1746 657">
    <p class='ocr_par' dir='ltr' id='par_1_7' title="bbox 155 576 1746 657">
     <span class='ocr_line' id='line_1_7' title="bbox 155 576 1746 657; baseline -0.004 -16"><span class='ocrx_word' id='word_1_26' title='bbox 155 584 412 657; x_wconf 83' lang='grc' dir='ltr'>ἀθετήσει</span> <span class='ocrx_word' id='word_1_27' title='bbox 439 583 539 656; x_wconf 79' lang='grc' dir='ltr'>τὴν</span> <span class='ocrx_word' id='word_1_28' title='bbox 581 582 736 637; x_wconf 88' lang='grc' dir='ltr'>θείαν</span> <span class='ocrx_word' id='word_1_29' title='bbox 772 580 1020 654; x_wconf 78' lang='grc' dir='ltr'>Γραφὴν,</span> <span class='ocrx_word' id='word_1_30' title='bbox 1045 578 1108 646; x_wconf 69' lang='grc' dir='ltr'><strong>ἐξ</strong></span> <span class='ocrx_word' id='word_1_31' title='bbox 1142 576 1212 651; x_wconf 84' lang='grc' dir='ltr'>ἦς</span> <span class='ocrx_word' id='word_1_32' title='bbox 1239 579 1446 644; x_wconf 85' lang='grc' dir='ltr'>πάντες</span> <span class='ocrx_word' id='word_1_33' title='bbox 1473 579 1746 652; x_wconf 79' lang='grc' dir='ltr'>αίρετικοὶ</span> 
     </span>
    </p>
   </div>
   <div class='ocr_carea' id='block_1_8' title="bbox 154 672 1745 748">
    <p class='ocr_par' dir='ltr' id='par_1_8' title="bbox 154 672 1745 748">
     <span class='ocr_line' id='line_1_8' title="bbox 154 672 1745 748; baseline -0.002 -18"><span class='ocrx_word' id='word_1_34' title='bbox 154 679 220 748; x_wconf 83' lang='grc' dir='ltr'>τῇ</span> <span class='ocrx_word' id='word_1_35' title='bbox 258 674 436 748; x_wconf 76' lang='grc' dir='ltr'>οἰκείᾳ</span> <span class='ocrx_word' id='word_1_36' title='bbox 469 675 792 745; x_wconf 78' lang='grc' dir='ltr'>συνηγορεῖν</span> <span class='ocrx_word' id='word_1_37' title='bbox 845 672 1052 728; x_wconf 85' lang='grc' dir='ltr'>οἴονται</span> <span class='ocrx_word' id='word_1_38' title='bbox 1109 672 1281 745; x_wconf 81' lang='grc' dir='ltr'>νόσῳ·</span> <span class='ocrx_word' id='word_1_39' title='bbox 1326 673 1424 727; x_wconf 77' lang='grc' dir='ltr'>καὶ</span> <span class='ocrx_word' id='word_1_40' title='bbox 1469 672 1632 743; x_wconf 79' lang='grc' dir='ltr'>δῆλον</span> <span class='ocrx_word' id='word_1_41' title='bbox 1661 673 1745 727; x_wconf 81' lang='grc' dir='ltr'><strong>ὅτι</strong></span> 
     </span>
    </p>
   </div>
   <div class='ocr_carea' id='block_1_9' title="bbox 154 763 1747 836">
    <p class='ocr_par' dir='ltr' id='par_1_9' title="bbox 154 763 1747 836">
     <span class='ocr_line' id='line_1_9' title="bbox 154 763 1747 836; baseline -0.003 -13"><span class='ocrx_word' id='word_1_42' title='bbox 154 768 294 823; x_wconf 83' lang='grc' dir='ltr'>κατὰ</span> <span class='ocrx_word' id='word_1_43' title='bbox 335 768 466 830; x_wconf 71' lang='grc' dir='ltr'>τοὺς</span> <span class='ocrx_word' id='word_1_44' title='bbox 511 765 723 827; x_wconf 70' lang='grc' dir='ltr'>ἐκείνου</span> <span class='ocrx_word' id='word_1_45' title='bbox 771 766 997 836; x_wconf 80' lang='grc' dir='ltr'><strong>λήρους,</strong></span> <span class='ocrx_word' id='word_1_46' title='bbox 1023 763 1084 818; x_wconf 78' lang='grc' dir='ltr'>αἵ</span> <span class='ocrx_word' id='word_1_47' title='bbox 1117 780 1178 818; x_wconf 90' lang='grc' dir='ltr'>τε</span> <span class='ocrx_word' id='word_1_48' title='bbox 1214 764 1357 818; x_wconf 82' lang='grc' dir='ltr'>θεῖαι</span> <span class='ocrx_word' id='word_1_49' title='bbox 1391 763 1612 836; x_wconf 74' lang='grc' dir='ltr'>Γραφαὶ</span> <span class='ocrx_word' id='word_1_50' title='bbox 1650 765 1747 819; x_wconf 74' lang='grc' dir='ltr'>καὶ</span> 
     </span>
    </p>
   </div>
   <div class='ocr_carea' id='block_1_10' title="bbox 154 855 1670 931">
    <p class='ocr_par' dir='ltr' id='par_1_10' title="bbox 154 855 1670 931">
     <span class='ocr_line' id='line_1_10' title="bbox 154 855 1670 931; baseline -0.003 -16"><span class='ocrx_word' id='word_1_51' title='bbox 154 863 208 915; x_wconf 82' lang='lat' dir='ltr'><strong>at</strong></span> <span class='ocrx_word' id='word_1_52' title='bbox 238 859 346 914; x_wconf 84' lang='grc' dir='ltr'><strong>τῶν</strong></span> <span class='ocrx_word' id='word_1_53' title='bbox 381 858 644 931; x_wconf 82' lang='grc' dir='ltr'>Πατέρων</span> <span class='ocrx_word' id='word_1_54' title='bbox 674 856 1011 930; x_wconf 82' lang='grc' dir='ltr'>παραδόσεις</span> <span class='ocrx_word' id='word_1_55' title='bbox 1039 855 1670 928; x_wconf 83' lang='grc' dir='ltr'>ἀποδοκιμασθήσονται.</span> 
     </span>
    </p>
   </div>
   <div class='ocr_carea' id='block_1_11' title="bbox 236 945 1748 1019">
    <p class='ocr_par' dir='ltr' id='par_1_11' title="bbox 236 945 1748 1019">
     <span class='ocr_line' id='line_1_11' title="bbox 236 945 1748 1019; baseline 0 -19"><span class='ocrx_word' id='word_1_56' title='bbox 236 947 399 1000; x_wconf 82' lang='grc' dir='ltr'>Ἀλλὰ</span> <span class='ocrx_word' id='word_1_57' title='bbox 434 947 608 1001; x_wconf 87' lang='grc' dir='ltr'>ταῦτα</span> <span class='ocrx_word' id='word_1_58' title='bbox 641 946 743 1018; x_wconf 73' lang='grc' dir='ltr'>μὲν</span> <span class='ocrx_word' id='word_1_59' title='bbox 773 947 936 1018; x_wconf 78' lang='grc' dir='ltr'>ἡμεῖς</span> <span class='ocrx_word' id='word_1_60' title='bbox 958 945 1096 1019; x_wconf 79' lang='grc' dir='ltr'>πρὸς</span> <span class='ocrx_word' id='word_1_61' title='bbox 1122 946 1250 1010; x_wconf 76' lang='grc' dir='ltr'>τοὺς</span> <span class='ocrx_word' id='word_1_62' title='bbox 1277 947 1595 1018; x_wconf 78' lang='grc' dir='ltr'>αἱρετικοὺς</span> <span class='ocrx_word' id='word_1_63' title='bbox 1618 945 1748 1002; x_wconf 84' lang='grc' dir='ltr'>άθε-</span> 
     </span>
    </p>
   </div>
   <div class='ocr_carea' id='block_1_12' title="bbox 153 1037 1748 1111">
    <p class='ocr_par' dir='ltr' id='par_1_12' title="bbox 153 1037 1748 1111">
     <span class='ocr_line' id='line_1_12' title="bbox 153 1037 1748 1111; baseline 0.001 -19"><span class='ocrx_word' id='word_1_64' title='bbox 153 1038 384 1103; x_wconf 80' lang='grc' dir='ltr'>τοῦντας</span> <span class='ocrx_word' id='word_1_65' title='bbox 433 1039 536 1107; x_wconf 71' lang='grc' dir='ltr'>τὴν</span> <span class='ocrx_word' id='word_1_66' title='bbox 564 1038 676 1093; x_wconf 83' lang='grc' dir='ltr'><strong>τῶν</strong></span> <span class='ocrx_word' id='word_1_67' title='bbox 710 1038 975 1111; x_wconf 78' lang='grc' dir='ltr'>Πατέρων</span> <span class='ocrx_word' id='word_1_68' title='bbox 1012 1037 1401 1094; x_wconf 76' lang='grc' dir='ltr'><strong>διδασκαλίαν·</strong></span> <span class='ocrx_word' id='word_1_69' title='bbox 1442 1041 1477 1109; x_wconf 80' lang='grc' dir='ltr'><strong>ἡ</strong></span> <span class='ocrx_word' id='word_1_70' title='bbox 1522 1038 1580 1092; x_wconf 78' lang='grc' dir='ltr'>δὲ</span> <span class='ocrx_word' id='word_1_71' title='bbox 1614 1039 1748 1108; x_wconf 86' lang='grc' dir='ltr'>ἁγία</span> 
     </span>
    </p>
   </div>
   <div class='ocr_carea' id='block_1_13' title="bbox 155 1128 1747 1202">
    <p class='ocr_par' dir='ltr' id='par_1_13' title="bbox 155 1128 1747 1202">
     <span class='ocr_line' id='line_1_13' title="bbox 155 1128 1747 1202; baseline 0.001 -18"><span class='ocrx_word' id='word_1_72' title='bbox 155 1131 248 1184; x_wconf 81' lang='grc' dir='ltr'><strong>τοῦ</strong></span> <span class='ocrx_word' id='word_1_73' title='bbox 275 1131 412 1185; x_wconf 89' lang='grc' dir='ltr'>Θεοῦ</span> <span class='ocrx_word' id='word_1_74' title='bbox 450 1130 748 1200; x_wconf 84' lang='grc' dir='ltr'>Ἐκκλησία</span> <span class='ocrx_word' id='word_1_75' title='bbox 791 1128 895 1194; x_wconf 84' lang='grc' dir='ltr'><strong>τὰς</strong></span> <span class='ocrx_word' id='word_1_76' title='bbox 929 1130 1114 1201; x_wconf 82' lang='grc' dir='ltr'>μέντοι</span> <span class='ocrx_word' id='word_1_77' title='bbox 1144 1130 1318 1195; x_wconf 80' lang='grc' dir='ltr'>αὑτὰς</span> <span class='ocrx_word' id='word_1_78' title='bbox 1379 1129 1489 1185; x_wconf 85' lang='grc' dir='ltr'><strong>τῶν</strong></span> <span class='ocrx_word' id='word_1_79' title='bbox 1537 1132 1747 1202; x_wconf 80' lang='grc' dir='ltr'>αἱρετι-</span> 
     </span>
    </p>
   </div>
   <div class='ocr_carea' id='block_1_14' title="bbox 158 1219 1745 1293">
    <p class='ocr_par' dir='ltr' id='par_1_14' title="bbox 158 1219 1745 1293">
     <span class='ocr_line' id='line_1_14' title="bbox 158 1219 1745 1293; baseline -0.001 -17"><span class='ocrx_word' id='word_1_80' title='bbox 158 1222 271 1276; x_wconf 81' lang='grc' dir='ltr'><strong>κῶν</strong></span> <span class='ocrx_word' id='word_1_81' title='bbox 321 1223 710 1292; x_wconf 76' lang='grc' dir='ltr'><strong>ματαιολογίας</strong></span> <span class='ocrx_word' id='word_1_82' title='bbox 757 1219 1242 1293; x_wconf 76' lang='grc' dir='ltr'>ἀποστρεφομένη,</span> <span class='ocrx_word' id='word_1_83' title='bbox 1295 1220 1644 1290; x_wconf 78' lang='grc' dir='ltr'><strong>φυλάττουσα</strong></span> <span class='ocrx_word' id='word_1_84' title='bbox 1686 1222 1745 1276; x_wconf 66' lang='grc' dir='ltr'>δὲ</span> 
     </span>
    </p>
   </div>
   <div class='ocr_carea' id='block_1_15' title="bbox 158 1312 1749 1387">
    <p class='ocr_par' dir='ltr' id='par_1_15' title="bbox 158 1312 1749 1387">
     <span class='ocr_line' id='line_1_15' title="bbox 158 1312 1749 1387; baseline 0 -18"><span class='ocrx_word' id='word_1_85' title='bbox 158 1316 259 1386; x_wconf 74' lang='grc' dir='ltr'>τὴν</span> <span class='ocrx_word' id='word_1_86' title='bbox 299 1315 397 1370; x_wconf 89' lang='grc' dir='ltr'><strong>τοῦ</strong></span> <span class='ocrx_word' id='word_1_87' title='bbox 449 1315 660 1387; x_wconf 78' lang='grc' dir='ltr'><strong>Κυρίου</strong></span> <span class='ocrx_word' id='word_1_88' title='bbox 710 1314 807 1368; x_wconf 73' lang='grc' dir='ltr'>καὶ</span> <span class='ocrx_word' id='word_1_89' title='bbox 846 1312 959 1367; x_wconf 86' lang='grc' dir='ltr'><strong>τῶν</strong></span> <span class='ocrx_word' id='word_1_90' title='bbox 994 1313 1167 1383; x_wconf 83' lang='grc' dir='ltr'>άγίων</span> <span class='ocrx_word' id='word_1_91' title='bbox 1199 1313 1517 1369; x_wconf 81' lang='grc' dir='ltr'><strong>ἀποστόλων</strong></span> <span class='ocrx_word' id='word_1_92' title='bbox 1559 1333 1619 1370; x_wconf 86' lang='grc' dir='ltr'><strong>τε</strong></span> <span class='ocrx_word' id='word_1_93' title='bbox 1652 1315 1749 1370; x_wconf 78' lang='grc' dir='ltr'>καὶ</span> 
     </span>
    </p>
   </div>
   <div class='ocr_carea' id='block_1_16' title="bbox 158 1404 1747 1479">
    <p class='ocr_par' dir='ltr' id='par_1_16' title="bbox 158 1404 1747 1479">
     <span class='ocr_line' id='line_1_16' title="bbox 158 1404 1747 1479; baseline -0.002 -18"><span class='ocrx_word' id='word_1_94' title='bbox 158 1407 419 1479; x_wconf 85' lang='grc' dir='ltr'>Πατέρων</span> <span class='ocrx_word' id='word_1_95' title='bbox 447 1407 772 1477; x_wconf 81' lang='grc' dir='ltr'>παράδοσιν,</span> <span class='ocrx_word' id='word_1_96' title='bbox 802 1404 905 1460; x_wconf 71' lang='grc' dir='ltr'>ινα</span> <span class='ocrx_word' id='word_1_97' title='bbox 926 1405 1022 1459; x_wconf 72' lang='grc' dir='ltr'>καὶ</span> <span class='ocrx_word' id='word_1_98' title='bbox 1049 1404 1141 1458; x_wconf 78' lang='grc' dir='ltr'>τὸν</span> <span class='ocrx_word' id='word_1_99' title='bbox 1161 1404 1326 1459; x_wconf 78' lang='grc' dir='ltr'>αὐτὸν</span> <span class='ocrx_word' id='word_1_100' title='bbox 1353 1404 1616 1476; x_wconf 81' lang='grc' dir='ltr'>κηρύττει</span> <span class='ocrx_word' id='word_1_101' title='bbox 1648 1422 1747 1477; x_wconf 82' lang='grc' dir='ltr'><strong>μο-</strong></span> 
     </span>
    </p>
   </div>
   <div class='ocr_carea' id='block_1_17' title="bbox 159 1494 1750 1570">
    <p class='ocr_par' dir='ltr' id='par_1_17' title="bbox 159 1494 1750 1570">
     <span class='ocr_line' id='line_1_17' title="bbox 159 1494 1750 1570; baseline -0.001 -18"><span class='ocrx_word' id='word_1_102' title='bbox 159 1499 355 1570; x_wconf 80' lang='grc' dir='ltr'>νογενῆ</span> <span class='ocrx_word' id='word_1_103' title='bbox 378 1498 512 1553; x_wconf 84' lang='grc' dir='ltr'><strong>Θεὸν</strong></span> <span class='ocrx_word' id='word_1_104' title='bbox 543 1499 718 1568; x_wconf 84' lang='grc' dir='ltr'>Λόγον</span> <span class='ocrx_word' id='word_1_105' title='bbox 751 1496 960 1570; x_wconf 77' lang='grc' dir='ltr'>Κύριον</span> <span class='ocrx_word' id='word_1_106' title='bbox 1005 1494 1217 1569; x_wconf 82' lang='grc' dir='ltr'>Ἰησοῦν</span> <span class='ocrx_word' id='word_1_107' title='bbox 1254 1496 1493 1568; x_wconf 84' lang='grc' dir='ltr'>Χριστὸν</span> <span class='ocrx_word' id='word_1_108' title='bbox 1536 1498 1596 1551; x_wconf 72' lang='grc' dir='ltr'>ὲν</span> <span class='ocrx_word' id='word_1_109' title='bbox 1640 1496 1750 1567; x_wconf 84' lang='grc' dir='ltr'><strong>ἁμ-</strong></span> 
     </span>
    </p>
   </div>
   <div class='ocr_carea' id='block_1_18' title="bbox 160 1585 1750 1660">
    <p class='ocr_par' dir='ltr' id='par_1_18' title="bbox 160 1585 1750 1660">
     <span class='ocr_line' id='line_1_18' title="bbox 160 1585 1750 1660; baseline -0.001 -18"><span class='ocrx_word' id='word_1_110' title='bbox 160 1589 421 1659; x_wconf 78' lang='grc' dir='ltr'>φοτέραις</span> <span class='ocrx_word' id='word_1_111' title='bbox 458 1589 580 1652; x_wconf 78' lang='grc' dir='ltr'>ταῖς</span> <span class='ocrx_word' id='word_1_112' title='bbox 605 1588 837 1653; x_wconf 81' lang='grc' dir='ltr'>οὐσίαις,</span> <span class='ocrx_word' id='word_1_113' title='bbox 862 1590 928 1660; x_wconf 79' lang='grc' dir='ltr'>τῇ</span> <span class='ocrx_word' id='word_1_114' title='bbox 980 1603 1041 1641; x_wconf 86' lang='grc' dir='ltr'><strong>τε</strong></span> <span class='ocrx_word' id='word_1_115' title='bbox 1085 1585 1225 1642; x_wconf 82' lang='grc' dir='ltr'><strong>Θεοῦ</strong></span> <span class='ocrx_word' id='word_1_116' title='bbox 1263 1586 1362 1640; x_wconf 75' lang='grc' dir='ltr'>καὶ</span> <span class='ocrx_word' id='word_1_117' title='bbox 1408 1585 1626 1659; x_wconf 87' lang='grc' dir='ltr'>Πατρδς</span> <span class='ocrx_word' id='word_1_118' title='bbox 1651 1587 1750 1640; x_wconf 78' lang='grc' dir='ltr'>καὶ</span> 
     </span>
    </p>
   </div>
   <div class='ocr_carea' id='block_1_19' title="bbox 157 1664 1749 1755">
    <p class='ocr_par' dir='ltr' id='par_1_19' title="bbox 157 1664 1749 1755">
     <span class='ocr_line' id='line_1_19' title="bbox 157 1664 1749 1755; baseline 0 -19"><span class='ocrx_word' id='word_1_119' title='bbox 157 1685 222 1754; x_wconf 81' lang='grc' dir='ltr'>τῇ</span> <span class='ocrx_word' id='word_1_120' title='bbox 255 1664 352 1754; x_wconf 57' lang='grc' dir='ltr'><strong>τῇ</strong></span> <span class='ocrx_word' id='word_1_121' title='bbox 385 1682 665 1753; x_wconf 77' lang='grc' dir='ltr'>Παρθένου</span> <span class='ocrx_word' id='word_1_122' title='bbox 692 1681 896 1755; x_wconf 71' lang='grc' dir='ltr'>μητρὸς</span> <span class='ocrx_word' id='word_1_123' title='bbox 924 1679 1330 1753; x_wconf 77' lang='grc' dir='ltr'>γνωριζόμενον</span> <span class='ocrx_word' id='word_1_124' title='bbox 1348 1697 1364 1714; x_wconf 79' lang='lat'><strong><em>°</em></strong></span> <span class='ocrx_word' id='word_1_125' title='bbox 1395 1681 1491 1735; x_wconf 81' lang='grc' dir='ltr'>καὶ</span> <span class='ocrx_word' id='word_1_126' title='bbox 1508 1682 1559 1734; x_wconf 84' lang='lat' dir='ltr'><strong>0i</strong></span> <span class='ocrx_word' id='word_1_127' title='bbox 1588 1679 1749 1736; x_wconf 90' lang='grc' dir='ltr'>τοῦτο</span> 
     </span>
    </p>
   </div>
   <div class='ocr_carea' id='block_1_20' title="bbox 1847 486 3512 567">
    <p class='ocr_par' dir='ltr' id='par_1_20' title="bbox 1847 486 3512 567">
     <span class='ocr_line' id='line_1_20' title="bbox 1847 486 3512 567; baseline 0.001 -19"><span class='ocrx_word' id='word_1_128' title='bbox 1847 493 2091 549; x_wconf 86' lang='lat' dir='ltr'><strong>remedia</strong></span> <span class='ocrx_word' id='word_1_129' title='bbox 2125 492 2352 549; x_wconf 80' lang='lat' dir='ltr'><strong>haurire</strong></span> <span class='ocrx_word' id='word_1_130' title='bbox 2374 493 2684 549; x_wconf 75' lang='lat' dir='ltr'><strong>confidunt.</strong></span> <span class='ocrx_word' id='word_1_131' title='bbox 2710 493 2875 551; x_wconf 80' lang='lat' dir='ltr'><strong>Patet</strong></span> <span class='ocrx_word' id='word_1_132' title='bbox 2897 511 3052 567; x_wconf 85' lang='lat' dir='ltr'><strong>ergo,</strong></span> <span class='ocrx_word' id='word_1_133' title='bbox 3080 486 3245 567; x_wconf 74' lang='lat' dir='ltr'><strong>&#39;juxta</strong></span> <span class='ocrx_word' id='word_1_134' title='bbox 3282 495 3432 551; x_wconf 89' lang='lat' dir='ltr'><strong>illius</strong></span> <span class='ocrx_word' id='word_1_135' title='bbox 3496 486 3512 503; x_wconf 80' lang='grc'><strong><em>⁸</em></strong></span> 
     </span>
    </p>
   </div>
   <div class='ocr_carea' id='block_1_21' title="bbox 1845 585 3430 661">
    <p class='ocr_par' dir='ltr' id='par_1_21' title="bbox 1845 585 3430 661">
     <span class='ocr_line' id='line_1_21' title="bbox 1845 585 3430 661; baseline 0.001 -18"><span class='ocrx_word' id='word_1_136' title='bbox 1845 585 2106 657; x_wconf 82' lang='lat' dir='ltr'><strong>ineptias,</strong></span> <span class='ocrx_word' id='word_1_137' title='bbox 2146 585 2364 642; x_wconf 83' lang='lat' dir='ltr'><strong>divinas</strong></span> <span class='ocrx_word' id='word_1_138' title='bbox 2383 585 2702 658; x_wconf 87' lang='lat' dir='ltr'><strong>Scripturas</strong></span> <span class='ocrx_word' id='word_1_139' title='bbox 2738 588 3176 661; x_wconf 82' lang='lat' dir='ltr'><strong>traditionesque</strong></span> <span class='ocrx_word' id='word_1_140' title='bbox 3207 590 3430 645; x_wconf 83' lang='lat' dir='ltr'><strong>Patrum</strong></span> 
     </span>
    </p>
   </div>
   <div class='ocr_carea' id='block_1_22' title="bbox 1845 677 2390 748">
    <p class='ocr_par' dir='ltr' id='par_1_22' title="bbox 1845 677 2390 748">
     <span class='ocr_line' id='line_1_22' title="bbox 1845 677 2390 748; baseline 0.004 -15"><span class='ocrx_word' id='word_1_141' title='bbox 1845 677 2226 748; x_wconf 88' lang='lat' dir='ltr'><strong>reprobandas</strong></span> <span class='ocrx_word' id='word_1_142' title='bbox 2247 693 2390 735; x_wconf 88' lang='lat' dir='ltr'><strong>esse.</strong></span> 
     </span>
    </p>
   </div>
   <div class='ocr_carea' id='block_1_23' title="bbox 1919 938 3477 1012">
    <p class='ocr_par' dir='ltr' id='par_1_23' title="bbox 1919 938 3477 1012">
     <span class='ocr_line' id='line_1_23' title="bbox 1919 938 3477 1012; baseline 0.003 -18"><span class='ocrx_word' id='word_1_143' title='bbox 1919 938 2047 995; x_wconf 60' lang='lat' dir='ltr'><strong>Haec</strong></span> <span class='ocrx_word' id='word_1_144' title='bbox 2067 948 2198 995; x_wconf 86' lang='lat' dir='ltr'><strong>sunt</strong></span> <span class='ocrx_word' id='word_1_145' title='bbox 2226 955 2359 1011; x_wconf 90' lang='lat' dir='ltr'><strong>ergo</strong></span> <span class='ocrx_word' id='word_1_146' title='bbox 2387 956 2511 1012; x_wconf 78' lang='lat' dir='ltr'><strong>quae</strong></span> <span class='ocrx_word' id='word_1_147' title='bbox 2542 956 2644 996; x_wconf 89' lang='lat' dir='ltr'><strong>nos</strong></span> <span class='ocrx_word' id='word_1_148' title='bbox 2695 941 2967 997; x_wconf 82' lang='lat' dir='ltr'><strong>adversus</strong></span> <span class='ocrx_word' id='word_1_149' title='bbox 3011 943 3307 999; x_wconf 66' lang='lat' dir='ltr'><strong>haereticos</strong></span> <span class='ocrx_word' id='word_1_150' title='bbox 3335 942 3435 998; x_wconf 87' lang='lat' dir='ltr'><strong>do-</strong></span> <span class='ocrx_word' id='word_1_151' title='bbox 3470 977 3477 980; x_wconf 63' lang='grc'><strong>‹</strong></span> 
     </span>
    </p>
   </div>
   <div class='ocr_carea' id='block_1_24' title="bbox 1845 1031 3477 1090">
    <p class='ocr_par' dir='ltr' id='par_1_24' title="bbox 1845 1031 3477 1090">
     <span class='ocr_line' id='line_1_24' title="bbox 1845 1031 3477 1090; baseline -0.001 -2"><span class='ocrx_word' id='word_1_152' title='bbox 1845 1031 2084 1088; x_wconf 87' lang='lat' dir='ltr'><strong>ctrinam</strong></span> <span class='ocrx_word' id='word_1_153' title='bbox 2109 1032 2337 1087; x_wconf 89' lang='lat' dir='ltr'><strong>Patrum</strong></span> <span class='ocrx_word' id='word_1_154' title='bbox 2363 1040 2679 1089; x_wconf 90' lang='lat' dir='ltr'><strong>evertentes</strong></span> <span class='ocrx_word' id='word_1_155' title='bbox 2716 1034 3021 1090; x_wconf 82' lang='lat' dir='ltr'><strong>aﬂ‘erimus.</strong></span> <span class='ocrx_word' id='word_1_156' title='bbox 3060 1032 3263 1088; x_wconf 88' lang='lat' dir='ltr'><strong>Sancta</strong></span> <span class='ocrx_word' id='word_1_157' title='bbox 3298 1048 3434 1088; x_wconf 88' lang='lat' dir='ltr'><strong>vero</strong></span> <span class='ocrx_word' id='word_1_158' title='bbox 3468 1062 3477 1071; x_wconf 68' lang='grc' dir='ltr'><em>ο</em></span> 
     </span>
    </p>
   </div>
   <div class='ocr_carea' id='block_1_25' title="bbox 1845 1123 3431 1197">
    <p class='ocr_par' dir='ltr' id='par_1_25' title="bbox 1845 1123 3431 1197">
     <span class='ocr_line' id='line_1_25' title="bbox 1845 1123 3431 1197; baseline 0.002 -18"><span class='ocrx_word' id='word_1_159' title='bbox 1845 1123 1943 1179; x_wconf 85' lang='lat' dir='ltr'><strong>Dei</strong></span> <span class='ocrx_word' id='word_1_160' title='bbox 1959 1124 2207 1180; x_wconf 83' lang='lat' dir='ltr'><strong>Ecclesia</strong></span> <span class='ocrx_word' id='word_1_161' title='bbox 2226 1124 2453 1181; x_wconf 89' lang='lat' dir='ltr'><strong>eosdem</strong></span> <span class='ocrx_word' id='word_1_162' title='bbox 2477 1125 2869 1182; x_wconf 63' lang='lat' dir='ltr'><strong>haereticorum</strong></span> <span class='ocrx_word' id='word_1_163' title='bbox 2888 1126 3128 1197; x_wconf 84' lang='lat' dir='ltr'><strong>ineptias</strong></span> <span class='ocrx_word' id='word_1_164' title='bbox 3147 1140 3431 1190; x_wconf 70' lang='lat' dir='ltr'><strong>aversaris.</strong></span> 
     </span>
    </p>
   </div>
   <div class='ocr_carea' id='block_1_26' title="bbox 1845 1216 3435 1289">
    <p class='ocr_par' dir='ltr' id='par_1_26' title="bbox 1845 1216 3435 1289">
     <span class='ocr_line' id='line_1_26' title="bbox 1845 1216 3435 1289; baseline 0.001 -18"><span class='ocrx_word' id='word_1_165' title='bbox 1845 1226 2075 1271; x_wconf 78' lang='lat' dir='ltr'><strong>servans</strong></span> <span class='ocrx_word' id='word_1_166' title='bbox 2106 1222 2294 1271; x_wconf 86' lang='lat' dir='ltr'><strong>autem</strong></span> <span class='ocrx_word' id='word_1_167' title='bbox 2327 1216 2569 1280; x_wconf 89' lang='lat' dir='ltr'><strong>Domini,</strong></span> <span class='ocrx_word' id='word_1_168' title='bbox 2603 1226 2924 1274; x_wconf 77' lang='lat' dir='ltr'><strong>sanctorum</strong></span> <span class='ocrx_word' id='word_1_169' title='bbox 2954 1219 3333 1289; x_wconf 83' lang='lat' dir='ltr'><strong>apostolorum</strong></span> <span class='ocrx_word' id='word_1_170' title='bbox 3369 1234 3435 1273; x_wconf 91' lang='lat' dir='ltr'><strong>ac</strong></span> 
     </span>
    </p>
   </div>
   <div class='ocr_carea' id='block_1_27' title="bbox 1846 1307 3459 1381">
    <p class='ocr_par' dir='ltr' id='par_1_27' title="bbox 1846 1307 3459 1381">
     <span class='ocr_line' id='line_1_27' title="bbox 1846 1307 3459 1381; baseline 0.002 -18"><span class='ocrx_word' id='word_1_171' title='bbox 1846 1308 2075 1363; x_wconf 84' lang='lat' dir='ltr'><strong>Patrum</strong></span> <span class='ocrx_word' id='word_1_172' title='bbox 2106 1307 2488 1376; x_wconf 84' lang='lat' dir='ltr'><strong>traditionem,</strong></span> <span class='ocrx_word' id='word_1_173' title='bbox 2526 1324 2699 1365; x_wconf 91' lang='lat' dir='ltr'><strong>unum</strong></span> <span class='ocrx_word' id='word_1_174' title='bbox 2749 1309 3123 1381; x_wconf 78' lang='lat' dir='ltr'><strong>eamdemque</strong></span> <span class='ocrx_word' id='word_1_175' title='bbox 3169 1310 3459 1381; x_wconf 65' lang='lat' dir='ltr'><strong>praedicat&quot;</strong></span> 
     </span>
    </p>
   </div>
   <div class='ocr_carea' id='block_1_28' title="bbox 1845 1398 3466 1479">
    <p class='ocr_par' dir='ltr' id='par_1_28' title="bbox 1845 1398 3466 1479">
     <span class='ocr_line' id='line_1_28' title="bbox 1845 1398 3466 1479; baseline 0.002 -24"><span class='ocrx_word' id='word_1_176' title='bbox 1845 1400 2196 1472; x_wconf 77' lang='lat' dir='ltr'><strong>unigenitum</strong></span> <span class='ocrx_word' id='word_1_177' title='bbox 2227 1402 2400 1458; x_wconf 89' lang='lat' dir='ltr'><strong>Deum</strong></span> <span class='ocrx_word' id='word_1_178' title='bbox 2427 1398 2672 1479; x_wconf 69' lang='lat' dir='ltr'><strong>verbum</strong></span> <span class='ocrx_word' id='word_1_179' title='bbox 2716 1401 3011 1458; x_wconf 89' lang='lat' dir='ltr'><strong>Dominum</strong></span> <span class='ocrx_word' id='word_1_180' title='bbox 3067 1402 3258 1460; x_wconf 75' lang='lat' dir='ltr'><strong>Iesum</strong></span> <span class='ocrx_word' id='word_1_181' title='bbox 3278 1402 3466 1459; x_wconf 88' lang='lat' dir='ltr'><strong>Chri--</strong></span> 
     </span>
    </p>
   </div>
   <div class='ocr_carea' id='block_1_29' title="bbox 1844 1488 3445 1566">
    <p class='ocr_par' dir='ltr' id='par_1_29' title="bbox 1844 1488 3445 1566">
     <span class='ocr_line' id='line_1_29' title="bbox 1844 1488 3445 1566; baseline 0 -17"><span class='ocrx_word' id='word_1_182' title='bbox 1844 1502 2016 1557; x_wconf 82' lang='lat' dir='ltr'><strong>stum,</strong></span> <span class='ocrx_word' id='word_1_183' title='bbox 2030 1493 2087 1547; x_wconf 92' lang='lat' dir='ltr'><strong>in</strong></span> <span class='ocrx_word' id='word_1_184' title='bbox 2104 1488 2325 1549; x_wconf 89' lang='lat' dir='ltr'><strong>duabus</strong></span> <span class='ocrx_word' id='word_1_185' title='bbox 2345 1494 2695 1560; x_wconf 74' lang='lat' dir='ltr'><strong>substantiis,</strong></span> <span class='ocrx_word' id='word_1_186' title='bbox 2714 1494 2813 1549; x_wconf 91' lang='lat' dir='ltr'><strong>Dei</strong></span> <span class='ocrx_word' id='word_1_187' title='bbox 2830 1503 2887 1550; x_wconf 90' lang='lat' dir='ltr'><strong>et</strong></span> <span class='ocrx_word' id='word_1_188' title='bbox 2902 1494 3104 1559; x_wconf 85' lang='lat' dir='ltr'><strong>Patris,</strong></span> <span class='ocrx_word' id='word_1_189' title='bbox 3132 1494 3445 1566; x_wconf 77' lang='lat' dir='ltr'><strong>matrisque</strong></span> 
     </span>
    </p>
   </div>
   <div class='ocr_carea' id='block_1_30' title="bbox 1845 1583 3433 1657">
    <p class='ocr_par' dir='ltr' id='par_1_30' title="bbox 1845 1583 3433 1657">
     <span class='ocr_line' id='line_1_30' title="bbox 1845 1583 3433 1657; baseline 0.003 -17"><span class='ocrx_word' id='word_1_190' title='bbox 1845 1583 2090 1657; x_wconf 79' lang='lat' dir='ltr'><strong>Virginis</strong></span> <span class='ocrx_word' id='word_1_191' title='bbox 2105 1586 2380 1656; x_wconf 78' lang='lat' dir='ltr'><strong>agnitum.</strong></span> <span class='ocrx_word' id='word_1_192' title='bbox 2403 1586 2510 1652; x_wconf 81' lang='lat' dir='ltr'><strong>Illi,</strong></span> <span class='ocrx_word' id='word_1_193' title='bbox 2529 1598 2561 1642; x_wconf 86' lang='lat' dir='ltr'><strong>e</strong></span> <span class='ocrx_word' id='word_1_194' title='bbox 2579 1595 2796 1652; x_wconf 89' lang='lat' dir='ltr'><strong>contra,</strong></span> <span class='ocrx_word' id='word_1_195' title='bbox 2817 1585 2925 1641; x_wconf 91' lang='lat' dir='ltr'><strong>hoc</strong></span> <span class='ocrx_word' id='word_1_196' title='bbox 2950 1599 3062 1641; x_wconf 89' lang='lat' dir='ltr'><strong>non</strong></span> <span class='ocrx_word' id='word_1_197' title='bbox 3079 1584 3433 1645; x_wconf 85' lang='lat' dir='ltr'><strong>confitentes.</strong></span> 
     </span>
    </p>
   </div>
   <div class='ocr_carea' id='block_1_31' title="bbox 1845 1674 3445 1748">
    <p class='ocr_par' dir='ltr' id='par_1_31' title="bbox 1845 1674 3445 1748">
     <span class='ocr_line' id='line_1_31' title="bbox 1845 1674 3445 1748; baseline -0.001 -18"><span class='ocrx_word' id='word_1_198' title='bbox 1845 1676 1937 1731; x_wconf 88' lang='lat' dir='ltr'><strong>vel</strong></span> <span class='ocrx_word' id='word_1_199' title='bbox 1967 1690 2037 1730; x_wconf 82' lang='lat' dir='ltr'><strong>ex</strong></span> <span class='ocrx_word' id='word_1_200' title='bbox 2064 1674 2179 1732; x_wconf 91' lang='lat' dir='ltr'><strong>Deo</strong></span> <span class='ocrx_word' id='word_1_201' title='bbox 2204 1686 2263 1733; x_wconf 88' lang='lat' dir='ltr'><strong>et</strong></span> <span class='ocrx_word' id='word_1_202' title='bbox 2298 1676 2462 1733; x_wconf 85' lang='lat' dir='ltr'><strong>Patre</strong></span> <span class='ocrx_word' id='word_1_203' title='bbox 2494 1676 2847 1732; x_wconf 81' lang='lat' dir='ltr'><strong>nativitatem</strong></span> <span class='ocrx_word' id='word_1_204' title='bbox 2882 1676 3155 1748; x_wconf 87' lang='lat' dir='ltr'><strong>unigeniti</strong></span> <span class='ocrx_word' id='word_1_205' title='bbox 3187 1676 3313 1732; x_wconf 86' lang='lat' dir='ltr'><strong>Filii</strong></span> <span class='ocrx_word' id='word_1_206' title='bbox 3338 1677 3445 1731; x_wconf 64' lang='lat' dir='ltr'><strong>Dei,</strong></span> 
     </span>
    </p>
   </div>
   <div class='ocr_carea' id='block_1_32' title="bbox 161 1767 1741 1847">
    <p class='ocr_par' dir='ltr' id='par_1_32' title="bbox 161 1771 1741 1847">
     <span class='ocr_line' id='line_1_32' title="bbox 161 1771 1741 1847; baseline -0.002 -17"><span class='ocrx_word' id='word_1_207' title='bbox 161 1774 236 1847; x_wconf 78' lang='grc' dir='ltr'>μὴ</span> <span class='ocrx_word' id='word_1_208' title='bbox 266 1774 681 1845; x_wconf 85' lang='grc' dir='ltr'>ὁμολογοῦντες,</span> <span class='ocrx_word' id='word_1_209' title='bbox 709 1775 744 1847; x_wconf 76' lang='grc' dir='ltr'>ἢ</span> <span class='ocrx_word' id='word_1_210' title='bbox 779 1774 884 1846; x_wconf 74' lang='grc' dir='ltr'>τὴν</span> <span class='ocrx_word' id='word_1_211' title='bbox 933 1774 1000 1828; x_wconf 79' lang='grc' dir='ltr'>ἐκ</span> <span class='ocrx_word' id='word_1_212' title='bbox 1047 1771 1143 1828; x_wconf 87' lang='grc' dir='ltr'>τοῦ</span> <span class='ocrx_word' id='word_1_213' title='bbox 1200 1771 1339 1827; x_wconf 84' lang='grc' dir='ltr'><strong>Θεοῦ</strong></span> <span class='ocrx_word' id='word_1_214' title='bbox 1395 1774 1493 1829; x_wconf 75' lang='grc' dir='ltr'>καὶ</span> <span class='ocrx_word' id='word_1_215' title='bbox 1528 1773 1741 1847; x_wconf 82' lang='grc' dir='ltr'>Πατρδς</span> 
     </span>
    </p>
   </div>
   <div class='ocr_carea' id='block_1_33' title="bbox 1846 1767 3434 1847">
    <p class='ocr_par' dir='ltr' id='par_1_33' title="bbox 1848 1768 3434 1842">
     <span class='ocr_line' id='line_1_33' title="bbox 1848 1768 3434 1842; baseline 0 -18"><span class='ocrx_word' id='word_1_216' title='bbox 1848 1783 1916 1824; x_wconf 85' lang='lat' dir='ltr'><strong>ac</strong></span> <span class='ocrx_word' id='word_1_217' title='bbox 1930 1768 2152 1824; x_wconf 89' lang='lat' dir='ltr'><strong>Domini</strong></span> <span class='ocrx_word' id='word_1_218' title='bbox 2172 1770 2349 1825; x_wconf 85' lang='lat' dir='ltr'><strong>nostri</strong></span> <span class='ocrx_word' id='word_1_219' title='bbox 2370 1768 2502 1826; x_wconf 82' lang='lat' dir='ltr'><strong>Jesu</strong></span> <span class='ocrx_word' id='word_1_220' title='bbox 2526 1768 2735 1827; x_wconf 86' lang='lat' dir='ltr'><strong>Christi</strong></span> <span class='ocrx_word' id='word_1_221' title='bbox 2754 1779 2979 1842; x_wconf 87' lang='lat' dir='ltr'><strong>negant,</strong></span> <span class='ocrx_word' id='word_1_222' title='bbox 3002 1770 3089 1824; x_wconf 87' lang='lat' dir='ltr'><strong>vel</strong></span> <span class='ocrx_word' id='word_1_223' title='bbox 3121 1784 3190 1825; x_wconf 80' lang='lat' dir='ltr'><strong>ex</strong></span> <span class='ocrx_word' id='word_1_224' title='bbox 3221 1777 3434 1833; x_wconf 85' lang='lat' dir='ltr'><strong>sancta,</strong></span> 
     </span>
    </p>
   </div>
   <div class='ocr_carea' id='block_1_34' title="bbox 158 1862 1749 1937">
    <p class='ocr_par' dir='ltr' id='par_1_34' title="bbox 158 1862 1749 1937">
     <span class='ocr_line' id='line_1_34' title="bbox 158 1862 1749 1937; baseline -0.001 -18"><span class='ocrx_word' id='word_1_225' title='bbox 158 1866 416 1936; x_wconf 79' lang='grc' dir='ltr'>γέννησιν</span> <span class='ocrx_word' id='word_1_226' title='bbox 446 1865 820 1937; x_wconf 83' lang='grc' dir='ltr'>άπαρνοῦνται</span> <span class='ocrx_word' id='word_1_227' title='bbox 843 1864 937 1919; x_wconf 92' lang='grc' dir='ltr'><strong>τοῦ</strong></span> <span class='ocrx_word' id='word_1_228' title='bbox 973 1862 1298 1936; x_wconf 79' lang='grc' dir='ltr'>μονογενοῦς</span> <span class='ocrx_word' id='word_1_229' title='bbox 1327 1862 1460 1918; x_wconf 81' lang='grc' dir='ltr'>Υίοῦ</span> <span class='ocrx_word' id='word_1_230' title='bbox 1488 1864 1582 1919; x_wconf 88' lang='grc' dir='ltr'><strong>τοῦ</strong></span> <span class='ocrx_word' id='word_1_231' title='bbox 1610 1863 1749 1918; x_wconf 85' lang='grc' dir='ltr'>Θεοῦ</span> 
     </span>
    </p>
   </div>
   <div class='ocr_carea' id='block_1_35' title="bbox 160 1944 1750 2030">
    <p class='ocr_par' dir='ltr' id='par_1_35' title="bbox 160 1944 1750 2030">
     <span class='ocr_line' id='line_1_35' title="bbox 160 1944 1750 2030; baseline -0.001 -20"><span class='ocrx_word' id='word_1_232' title='bbox 160 1958 258 2012; x_wconf 74' lang='lat' dir='ltr'><strong>xa‘t</strong></span> <span class='ocrx_word' id='word_1_233' title='bbox 301 1944 514 2030; x_wconf 76' lang='grc' dir='ltr'>κυρίου</span> <span class='ocrx_word' id='word_1_234' title='bbox 567 1956 728 2029; x_wconf 82' lang='grc' dir='ltr'>ἡμῶν</span> <span class='ocrx_word' id='word_1_235' title='bbox 771 1955 948 2027; x_wconf 83' lang='grc' dir='ltr'>Ἰησοῦ</span> <span class='ocrx_word' id='word_1_236' title='bbox 991 1954 1277 2028; x_wconf 84' lang='grc' dir='ltr'>Χριστοῦ,</span> <span class='ocrx_word' id='word_1_237' title='bbox 1310 1954 1345 2026; x_wconf 79' lang='grc' dir='ltr'>ἢ</span> <span class='ocrx_word' id='word_1_238' title='bbox 1392 1954 1493 2024; x_wconf 82' lang='grc' dir='ltr'>τὴν</span> <span class='ocrx_word' id='word_1_239' title='bbox 1540 1957 1605 2009; x_wconf 71' lang='grc' dir='ltr'>ἐκ</span> <span class='ocrx_word' id='word_1_240' title='bbox 1650 1958 1750 2027; x_wconf 80' lang='grc' dir='ltr'>τῆς</span> 
     </span>
    </p>
   </div>
   <div class='ocr_carea' id='block_1_36' title="bbox 159 2044 1748 2117">
    <p class='ocr_par' dir='ltr' id='par_1_36' title="bbox 159 2044 1748 2117">
     <span class='ocr_line' id='line_1_36' title="bbox 159 2044 1748 2117; baseline -0.001 -16"><span class='ocrx_word' id='word_1_241' title='bbox 159 2048 323 2117; x_wconf 84' lang='grc' dir='ltr'>ἁγίας</span> <span class='ocrx_word' id='word_1_242' title='bbox 370 2048 583 2112; x_wconf 78' lang='grc' dir='ltr'>ἐνδόξου</span> <span class='ocrx_word' id='word_1_243' title='bbox 618 2048 881 2112; x_wconf 76' lang='grc' dir='ltr'>Θεοτόκου</span> <span class='ocrx_word' id='word_1_244' title='bbox 909 2046 1006 2100; x_wconf 74' lang='grc' dir='ltr'>καὶ</span> <span class='ocrx_word' id='word_1_245' title='bbox 1060 2044 1451 2117; x_wconf 76' lang='grc' dir='ltr'>Ἀειπαρθένου</span> <span class='ocrx_word' id='word_1_246' title='bbox 1485 2045 1707 2117; x_wconf 83' lang='grc' dir='ltr'>Μαρίας</span> <span class='ocrx_word' id='word_1_247' title='bbox 1729 2063 1748 2079; x_wconf 78' lang='grc' dir='ltr'><strong><em>ο</em></strong></span> 
     </span>
    </p>
   </div>
   <div class='ocr_carea' id='block_1_37' title="bbox 159 2138 1752 2213">
    <p class='ocr_par' dir='ltr' id='par_1_37' title="bbox 159 2138 1752 2213">
     <span class='ocr_line' id='line_1_37' title="bbox 159 2138 1752 2213; baseline -0.003 -18"><span class='ocrx_word' id='word_1_248' title='bbox 159 2143 220 2196; x_wconf 78' lang='grc' dir='ltr'>οὑ</span> <span class='ocrx_word' id='word_1_249' title='bbox 254 2143 364 2212; x_wconf 82' lang='grc' dir='ltr'><strong>γὰρ</strong></span> <span class='ocrx_word' id='word_1_250' title='bbox 400 2142 500 2213; x_wconf 85' lang='grc' dir='ltr'>τὴν</span> <span class='ocrx_word' id='word_1_251' title='bbox 527 2140 718 2195; x_wconf 79' lang='grc' dir='ltr'>οὐσίαν</span> <span class='ocrx_word' id='word_1_252' title='bbox 751 2140 851 2195; x_wconf 85' lang='grc' dir='ltr'><strong>οὑκ</strong></span> <span class='ocrx_word' id='word_1_253' title='bbox 884 2139 1003 2212; x_wconf 68' lang='grc' dir='ltr'>ἔχει</span> <span class='ocrx_word' id='word_1_254' title='bbox 1030 2141 1059 2194; x_wconf 87' lang='grc' dir='ltr'><strong>ό</strong></span> <span class='ocrx_word' id='word_1_255' title='bbox 1084 2139 1319 2210; x_wconf 86' lang='grc' dir='ltr'>Χριστός</span> <span class='ocrx_word' id='word_1_256' title='bbox 1338 2156 1352 2170; x_wconf 89' lang='grc'><strong>·</strong></span> <span class='ocrx_word' id='word_1_257' title='bbox 1387 2138 1602 2210; x_wconf 81' lang='grc' dir='ltr'><strong>ἀπέστη</strong></span> <span class='ocrx_word' id='word_1_258' title='bbox 1629 2139 1752 2191; x_wconf 74' lang='grc' dir='ltr'>κατ’</span> 
     </span>
    </p>
   </div>
   <div class='ocr_carea' id='block_1_38' title="bbox 159 2228 1752 2301">
    <p class='ocr_par' dir='ltr' id='par_1_38' title="bbox 159 2228 1752 2301">
     <span class='ocr_line' id='line_1_38' title="bbox 159 2228 1752 2301; baseline -0.003 -12"><span class='ocrx_word' id='word_1_259' title='bbox 159 2236 360 2298; x_wconf 82' lang='grc' dir='ltr'>αὐτοὺς</span> <span class='ocrx_word' id='word_1_260' title='bbox 392 2235 485 2288; x_wconf 81' lang='grc' dir='ltr'>καὶ</span> <span class='ocrx_word' id='word_1_261' title='bbox 514 2232 609 2286; x_wconf 89' lang='grc' dir='ltr'><strong>τοῦ</strong></span> <span class='ocrx_word' id='word_1_262' title='bbox 654 2228 794 2287; x_wconf 76' lang='grc' dir='ltr'>εἶναι</span> <span class='ocrx_word' id='word_1_263' title='bbox 824 2233 983 2296; x_wconf 87' lang='grc' dir='ltr'><strong>Υίὸς·</strong></span> <span class='ocrx_word' id='word_1_264' title='bbox 1023 2234 1073 2287; x_wconf 83' lang='grc' dir='ltr'><strong>εἰ</strong></span> <span class='ocrx_word' id='word_1_265' title='bbox 1110 2232 1167 2287; x_wconf 82' lang='grc' dir='ltr'>δὲ</span> <span class='ocrx_word' id='word_1_266' title='bbox 1206 2229 1655 2301; x_wconf 81' lang='grc' dir='ltr'>συνελαυνόμενοι</span> <span class='ocrx_word' id='word_1_267' title='bbox 1686 2232 1752 2285; x_wconf 83' lang='grc' dir='ltr'>ὲκ</span> 
     </span>
    </p>
   </div>
   <div class='ocr_carea' id='block_1_39' title="bbox 159 2322 1751 2397">
    <p class='ocr_par' dir='ltr' id='par_1_39' title="bbox 159 2322 1751 2397">
     <span class='ocr_line' id='line_1_39' title="bbox 159 2322 1751 2397; baseline -0.001 -18"><span class='ocrx_word' id='word_1_268' title='bbox 159 2330 261 2397; x_wconf 86' lang='grc' dir='ltr'>τῆς</span> <span class='ocrx_word' id='word_1_269' title='bbox 304 2326 457 2389; x_wconf 75' lang='grc' dir='ltr'>θείας</span> <span class='ocrx_word' id='word_1_270' title='bbox 505 2326 731 2397; x_wconf 77' lang='grc' dir='ltr'>Γραφῆς</span> <span class='ocrx_word' id='word_1_271' title='bbox 772 2324 870 2378; x_wconf 74' lang='grc' dir='ltr'><strong>καὶ</strong></span> <span class='ocrx_word' id='word_1_272' title='bbox 907 2325 1008 2395; x_wconf 81' lang='grc' dir='ltr'>τῆς</span> <span class='ocrx_word' id='word_1_273' title='bbox 1041 2325 1151 2377; x_wconf 84' lang='grc' dir='ltr'><strong>τῶν</strong></span> <span class='ocrx_word' id='word_1_274' title='bbox 1194 2323 1456 2395; x_wconf 85' lang='grc' dir='ltr'>Πατέρων</span> <span class='ocrx_word' id='word_1_275' title='bbox 1493 2322 1751 2377; x_wconf 80' lang='grc' dir='ltr'>διδασκα-</span> 
     </span>
    </p>
   </div>
   <div class='ocr_carea' id='block_1_40' title="bbox 158 2412 1749 2489">
    <p class='ocr_par' dir='ltr' id='par_1_40' title="bbox 158 2412 1749 2489">
     <span class='ocr_line' id='line_1_40' title="bbox 158 2412 1749 2489; baseline -0.001 -18"><span class='ocrx_word' id='word_1_276' title='bbox 158 2419 303 2485; x_wconf 88' lang='grc' dir='ltr'>λίας,</span> <span class='ocrx_word' id='word_1_277' title='bbox 328 2417 657 2489; x_wconf 78' lang='grc' dir='ltr'>ὁμολογοῦσι</span> <span class='ocrx_word' id='word_1_278' title='bbox 700 2416 819 2488; x_wconf 82' lang='grc' dir='ltr'>μεθ’</span> <span class='ocrx_word' id='word_1_279' title='bbox 857 2415 1017 2487; x_wconf 80' lang='grc' dir='ltr'>ἡμῶν</span> <span class='ocrx_word' id='word_1_280' title='bbox 1048 2414 1182 2468; x_wconf 82' lang='grc' dir='ltr'>Υίὺν</span> <span class='ocrx_word' id='word_1_281' title='bbox 1216 2412 1358 2469; x_wconf 71' lang='grc' dir='ltr'>εἶναι</span> <span class='ocrx_word' id='word_1_282' title='bbox 1389 2415 1482 2467; x_wconf 71' lang='grc' dir='ltr'><strong>τον</strong></span> <span class='ocrx_word' id='word_1_283' title='bbox 1512 2414 1749 2486; x_wconf 69' lang='grc' dir='ltr'>Χριστὸν</span> 
     </span>
    </p>
   </div>
   <div class='ocr_carea' id='block_1_41' title="bbox 158 2503 1748 2578">
    <p class='ocr_par' dir='ltr' id='par_1_41' title="bbox 158 2503 1748 2578">
     <span class='ocr_line' id='line_1_41' title="bbox 158 2503 1748 2578; baseline -0.004 -16"><span class='ocrx_word' id='word_1_284' title='bbox 158 2509 302 2563; x_wconf 75' lang='grc' dir='ltr'>κατὰ</span> <span class='ocrx_word' id='word_1_285' title='bbox 332 2507 596 2578; x_wconf 75' lang='grc' dir='ltr'>ἀλήθειαν</span> <span class='ocrx_word' id='word_1_286' title='bbox 631 2507 724 2560; x_wconf 88' lang='grc' dir='ltr'><strong>τοῦ</strong></span> <span class='ocrx_word' id='word_1_287' title='bbox 753 2505 888 2559; x_wconf 87' lang='grc' dir='ltr'>Θεοῦ</span> <span class='ocrx_word' id='word_1_288' title='bbox 929 2506 1025 2559; x_wconf 71' lang='grc' dir='ltr'><strong>καὶ</strong></span> <span class='ocrx_word' id='word_1_289' title='bbox 1058 2505 1295 2575; x_wconf 59' lang='grc' dir='ltr'>Πατρὶς,</span> <span class='ocrx_word' id='word_1_290' title='bbox 1326 2503 1422 2558; x_wconf 71' lang='grc' dir='ltr'>καὶ</span> <span class='ocrx_word' id='word_1_291' title='bbox 1447 2504 1538 2558; x_wconf 83' lang='grc' dir='ltr'>τὸν</span> <span class='ocrx_word' id='word_1_292' title='bbox 1585 2503 1748 2556; x_wconf 81' lang='grc' dir='ltr'>αὑτὸν</span> 
     </span>
    </p>
   </div>
   <div class='ocr_carea' id='block_1_42' title="bbox 160 2592 1742 2671">
    <p class='ocr_par' dir='ltr' id='par_1_42' title="bbox 160 2592 1742 2671">
     <span class='ocr_line' id='line_1_42' title="bbox 160 2592 1742 2671; baseline -0.005 -17"><span class='ocrx_word' id='word_1_293' title='bbox 160 2600 304 2654; x_wconf 73' lang='grc' dir='ltr'>κατὰ</span> <span class='ocrx_word' id='word_1_294' title='bbox 352 2597 611 2671; x_wconf 72' lang='grc' dir='ltr'>ἀλήθειαν</span> <span class='ocrx_word' id='word_1_295' title='bbox 666 2597 796 2650; x_wconf 79' lang='grc' dir='ltr'>Υίδν</span> <span class='ocrx_word' id='word_1_296' title='bbox 845 2592 984 2650; x_wconf 74' lang='grc' dir='ltr'>εἶναι</span> <span class='ocrx_word' id='word_1_297' title='bbox 1021 2595 1122 2665; x_wconf 85' lang='grc' dir='ltr'>τῆς</span> <span class='ocrx_word' id='word_1_298' title='bbox 1159 2592 1441 2665; x_wconf 78' lang='grc' dir='ltr'>Παρθένου</span> <span class='ocrx_word' id='word_1_299' title='bbox 1483 2593 1742 2665; x_wconf 73' lang='grc' dir='ltr'>Μητρὸς,</span> 
     </span>
    </p>
   </div>
   <div class='ocr_carea' id='block_1_43' title="bbox 158 2684 1747 2764">
    <p class='ocr_par' dir='ltr' id='par_1_43' title="bbox 158 2684 1747 2764">
     <span class='ocr_line' id='line_1_43' title="bbox 158 2684 1747 2764; baseline -0.004 -18"><span class='ocrx_word' id='word_1_300' title='bbox 158 2693 589 2764; x_wconf 70' lang='grc' dir='ltr'>ὁμολογήσουσιν</span> <span class='ocrx_word' id='word_1_301' title='bbox 625 2689 685 2755; x_wconf 71' lang='grc' dir='ltr'><strong>ἐξ</strong></span> <span class='ocrx_word' id='word_1_302' title='bbox 722 2689 968 2759; x_wconf 82' lang='grc' dir='ltr'>ἀνάγκης</span> <span class='ocrx_word' id='word_1_303' title='bbox 988 2686 1181 2745; x_wconf 77' lang='grc' dir='ltr'>ὥσπερ</span> <span class='ocrx_word' id='word_1_304' title='bbox 1207 2684 1307 2749; x_wconf 78' lang='grc' dir='ltr'><strong>τὰς</strong></span> <span class='ocrx_word' id='word_1_305' title='bbox 1346 2684 1439 2740; x_wconf 81' lang='grc' dir='ltr'><strong>δύο</strong></span> <span class='ocrx_word' id='word_1_306' title='bbox 1464 2686 1747 2757; x_wconf 80' lang='grc' dir='ltr'>γεννήσεις</span> 
     </span>
    </p>
   </div>
   <div class='ocr_carea' id='block_1_44' title="bbox 160 2776 1747 2848">
    <p class='ocr_par' dir='ltr' id='par_1_44' title="bbox 160 2776 1747 2848">
     <span class='ocr_line' id='line_1_44' title="bbox 160 2776 1747 2848; baseline -0.004 -10"><span class='ocrx_word' id='word_1_307' title='bbox 160 2785 279 2848; x_wconf 78' lang='grc' dir='ltr'>ἑνὸς</span> <span class='ocrx_word' id='word_1_308' title='bbox 313 2782 542 2840; x_wconf 60' lang='grc' dir='ltr'>καὶιτοῦ</span> <span class='ocrx_word' id='word_1_309' title='bbox 571 2781 761 2847; x_wconf 82' lang='grc' dir='ltr'>αὑτοῦ,</span> <span class='ocrx_word' id='word_1_310' title='bbox 791 2781 964 2844; x_wconf 79' lang='grc' dir='ltr'>οὕτως</span> <span class='ocrx_word' id='word_1_311' title='bbox 1005 2780 1102 2834; x_wconf 79' lang='grc' dir='ltr'>καὶ</span> <span class='ocrx_word' id='word_1_312' title='bbox 1128 2779 1229 2843; x_wconf 84' lang='grc' dir='ltr'>τὰς</span> <span class='ocrx_word' id='word_1_313' title='bbox 1256 2777 1351 2833; x_wconf 90' lang='grc' dir='ltr'><strong>δύο</strong></span> <span class='ocrx_word' id='word_1_314' title='bbox 1387 2776 1577 2841; x_wconf 85' lang='grc' dir='ltr'>οὑτίας</span> <span class='ocrx_word' id='word_1_315' title='bbox 1602 2777 1747 2848; x_wconf 76' lang='grc' dir='ltr'>ἔχειν</span> 
     </span>
    </p>
   </div>
   <div class='ocr_carea' id='block_1_45' title="bbox 160 2870 1745 2946">
    <p class='ocr_par' dir='ltr' id='par_1_45' title="bbox 160 2870 1745 2946">
     <span class='ocr_line' id='line_1_45' title="bbox 160 2870 1745 2946; baseline -0.005 -15"><span class='ocrx_word' id='word_1_316' title='bbox 160 2877 355 2931; x_wconf 80' lang='grc' dir='ltr'>αὐτόν·</span> <span class='ocrx_word' id='word_1_317' title='bbox 397 2877 445 2929; x_wconf 86' lang='grc' dir='ltr'>εί</span> <span class='ocrx_word' id='word_1_318' title='bbox 470 2875 579 2946; x_wconf 80' lang='grc' dir='ltr'><strong>γάρ</strong></span> <span class='ocrx_word' id='word_1_319' title='bbox 616 2872 796 2937; x_wconf 86' lang='grc' dir='ltr'>καθὼς</span> <span class='ocrx_word' id='word_1_320' title='bbox 817 2873 868 2926; x_wconf 87' lang='grc' dir='ltr'><strong>οἱ</strong></span> <span class='ocrx_word' id='word_1_321' title='bbox 897 2872 1140 2941; x_wconf 80' lang='grc' dir='ltr'>Πατέρες</span> <span class='ocrx_word' id='word_1_322' title='bbox 1167 2870 1505 2936; x_wconf 77' lang='grc' dir='ltr'>διδάσκουσι,</span> <span class='ocrx_word' id='word_1_323' title='bbox 1540 2871 1680 2941; x_wconf 80' lang='grc' dir='ltr'>μήτε</span> <span class='ocrx_word' id='word_1_324' title='bbox 1712 2870 1745 2941; x_wconf 80' lang='grc' dir='ltr'>ἡ</span> 
     </span>
    </p>
   </div>
   <div class='ocr_carea' id='block_1_46' title="bbox 160 2962 1746 3039">
    <p class='ocr_par' dir='ltr' id='par_1_46' title="bbox 160 2962 1746 3039">
     <span class='ocr_line' id='line_1_46' title="bbox 160 2962 1746 3039; baseline -0.005 -16"><span class='ocrx_word' id='word_1_325' title='bbox 160 2970 261 3039; x_wconf 84' lang='grc' dir='ltr'>τῆς</span> <span class='ocrx_word' id='word_1_326' title='bbox 289 2968 548 3036; x_wconf 87' lang='grc' dir='ltr'>θεότητος</span> <span class='ocrx_word' id='word_1_327' title='bbox 580 2965 675 3020; x_wconf 87' lang='grc' dir='ltr'><strong>τοῦ</strong></span> <span class='ocrx_word' id='word_1_328' title='bbox 706 2964 946 3037; x_wconf 84' lang='grc' dir='ltr'>Χριστοῦ</span> <span class='ocrx_word' id='word_1_329' title='bbox 974 2963 1136 3034; x_wconf 81' lang='grc' dir='ltr'>φύσις</span> <span class='ocrx_word' id='word_1_330' title='bbox 1162 2963 1242 3027; x_wconf 86' lang='grc' dir='ltr'><strong>είς</strong></span> <span class='ocrx_word' id='word_1_331' title='bbox 1277 2963 1379 3035; x_wconf 77' lang='grc' dir='ltr'>τὴν</span> <span class='ocrx_word' id='word_1_332' title='bbox 1405 2963 1508 3033; x_wconf 81' lang='grc' dir='ltr'>τῆς</span> <span class='ocrx_word' id='word_1_333' title='bbox 1543 2962 1746 3033; x_wconf 84' lang='grc' dir='ltr'>σαρκὸς</span> 
     </span>
    </p>
   </div>
   <div class='ocr_carea' id='block_1_47' title="bbox 162 3054 1749 3132">
    <p class='ocr_par' dir='ltr' id='par_1_47' title="bbox 162 3054 1749 3132">
     <span class='ocr_line' id='line_1_47' title="bbox 162 3054 1749 3132; baseline -0.004 -17"><span class='ocrx_word' id='word_1_334' title='bbox 162 3060 330 3115; x_wconf 84' lang='grc' dir='ltr'>αὑτοῦ</span> <span class='ocrx_word' id='word_1_335' title='bbox 374 3058 778 3132; x_wconf 80' lang='grc' dir='ltr'>μεταϐἐδληται</span> <span class='ocrx_word' id='word_1_336' title='bbox 810 3057 992 3124; x_wconf 85' lang='grc' dir='ltr'>φύσιν,</span> <span class='ocrx_word' id='word_1_337' title='bbox 1033 3054 1171 3127; x_wconf 85' lang='grc' dir='ltr'>μήτε</span> <span class='ocrx_word' id='word_1_338' title='bbox 1217 3057 1252 3126; x_wconf 84' lang='grc' dir='ltr'><strong>ή</strong></span> <span class='ocrx_word' id='word_1_339' title='bbox 1289 3056 1387 3126; x_wconf 84' lang='grc' dir='ltr'>τῆς</span> <span class='ocrx_word' id='word_1_340' title='bbox 1423 3055 1624 3127; x_wconf 77' lang='grc' dir='ltr'>σαρκὸς</span> <span class='ocrx_word' id='word_1_341' title='bbox 1651 3056 1749 3109; x_wconf 86' lang='grc' dir='ltr'>αὑ-</span> 
     </span>
    </p>
   </div>
   <div class='ocr_carea' id='block_1_48' title="bbox 161 3147 1753 3223">
    <p class='ocr_par' dir='ltr' id='par_1_48' title="bbox 161 3147 1753 3223">
     <span class='ocr_line' id='line_1_48' title="bbox 161 3147 1753 3223; baseline -0.002 -18"><span class='ocrx_word' id='word_1_342' title='bbox 161 3152 256 3207; x_wconf 85' lang='grc' dir='ltr'><strong>τοῦ</strong></span> <span class='ocrx_word' id='word_1_343' title='bbox 293 3154 375 3217; x_wconf 85' lang='grc' dir='ltr'><strong>είς</strong></span> <span class='ocrx_word' id='word_1_344' title='bbox 410 3152 509 3223; x_wconf 81' lang='grc' dir='ltr'>τὴν</span> <span class='ocrx_word' id='word_1_345' title='bbox 537 3151 636 3223; x_wconf 84' lang='grc' dir='ltr'>τῆς</span> <span class='ocrx_word' id='word_1_346' title='bbox 675 3150 950 3222; x_wconf 82' lang='grc' dir='ltr'>θεότητος,</span> <span class='ocrx_word' id='word_1_347' title='bbox 991 3149 1131 3220; x_wconf 88' lang='grc' dir='ltr'>μήτε</span> <span class='ocrx_word' id='word_1_348' title='bbox 1164 3148 1273 3219; x_wconf 78' lang='grc' dir='ltr'>μὴν</span> <span class='ocrx_word' id='word_1_349' title='bbox 1307 3149 1342 3217; x_wconf 78' lang='grc' dir='ltr'><strong>ἡ</strong></span> <span class='ocrx_word' id='word_1_350' title='bbox 1372 3147 1607 3220; x_wconf 79' lang='grc' dir='ltr'>διαφορά</span> <span class='ocrx_word' id='word_1_351' title='bbox 1634 3147 1753 3202; x_wconf 79' lang='grc' dir='ltr'><strong>τῶν</strong></span> 
     </span>
    </p>
   </div>
   <div class='ocr_carea' id='block_1_49' title="bbox 160 3237 1739 3315">
    <p class='ocr_par' dir='ltr' id='par_1_49' title="bbox 160 3237 1739 3315">
     <span class='ocr_line' id='line_1_49' title="bbox 160 3237 1739 3315; baseline -0.002 -18"><span class='ocrx_word' id='word_1_352' title='bbox 160 3244 383 3314; x_wconf 79' lang='grc' dir='ltr'>φύσεων</span> <span class='ocrx_word' id='word_1_353' title='bbox 406 3243 674 3315; x_wconf 79' lang='grc' dir='ltr'>ἀνῄρηται</span> <span class='ocrx_word' id='word_1_354' title='bbox 716 3241 804 3296; x_wconf 87' lang='grc' dir='ltr'><strong>διὰ</strong></span> <span class='ocrx_word' id='word_1_355' title='bbox 833 3241 931 3313; x_wconf 77' lang='grc' dir='ltr'>τὴν</span> <span class='ocrx_word' id='word_1_356' title='bbox 970 3241 1185 3303; x_wconf 73' lang='grc' dir='ltr'>ἕνωσιν,</span> <span class='ocrx_word' id='word_1_357' title='bbox 1206 3238 1324 3293; x_wconf 82' lang='grc' dir='ltr'>ἀλλ’</span> <span class='ocrx_word' id='word_1_358' title='bbox 1358 3237 1576 3307; x_wconf 74' lang='grc' dir='ltr'>ἔμεινεν</span> <span class='ocrx_word' id='word_1_359' title='bbox 1607 3240 1739 3294; x_wconf 77' lang='grc' dir='ltr'>ἑκά·</span> 
     </span>
    </p>
   </div>
   <div class='ocr_carea' id='block_1_50' title="bbox 160 3328 1743 3406">
    <p class='ocr_par' dir='ltr' id='par_1_50' title="bbox 160 3328 1743 3406">
     <span class='ocr_line' id='line_1_50' title="bbox 160 3328 1743 3406; baseline -0.001 -18"><span class='ocrx_word' id='word_1_360' title='bbox 160 3353 322 3406; x_wconf 83' lang='grc' dir='ltr'>τερον</span> <span class='ocrx_word' id='word_1_361' title='bbox 356 3336 496 3405; x_wconf 84' lang='grc' dir='ltr'>ὅπερ</span> <span class='ocrx_word' id='word_1_362' title='bbox 520 3334 638 3388; x_wconf 77' lang='grc' dir='ltr'><strong>ἐστὶ</strong></span> <span class='ocrx_word' id='word_1_363' title='bbox 665 3337 734 3405; x_wconf 80' lang='grc' dir='ltr'>τῇ</span> <span class='ocrx_word' id='word_1_364' title='bbox 769 3331 962 3402; x_wconf 88' lang='grc' dir='ltr'>φύσει·</span> <span class='ocrx_word' id='word_1_365' title='bbox 996 3332 1091 3385; x_wconf 72' lang='grc' dir='ltr'><strong>καὶ</strong></span> <span class='ocrx_word' id='word_1_366' title='bbox 1127 3328 1352 3384; x_wconf 83' lang='grc' dir='ltr'>διπλοῦν</span> <span class='ocrx_word' id='word_1_367' title='bbox 1390 3329 1587 3405; x_wconf 71' lang='grc' dir='ltr'>ἔστιτὸ</span> <span class='ocrx_word' id='word_1_368' title='bbox 1612 3331 1743 3403; x_wconf 69' lang='grc' dir='ltr'>περὶ</span> 
     </span>
    </p>
   </div>
   <div class='ocr_carea' id='block_1_51' title="bbox 161 3423 1745 3497">
    <p class='ocr_par' dir='ltr' id='par_1_51' title="bbox 161 3423 1745 3497">
     <span class='ocr_line' id='line_1_51' title="bbox 161 3423 1745 3497; baseline -0.001 -19"><span class='ocrx_word' id='word_1_369' title='bbox 161 3426 330 3494; x_wconf 77' lang='grc' dir='ltr'>αὐτοῦ</span> <span class='ocrx_word' id='word_1_370' title='bbox 367 3428 655 3497; x_wconf 83' lang='grc' dir='ltr'>κήρυγμα,</span> <span class='ocrx_word' id='word_1_371' title='bbox 687 3425 784 3479; x_wconf 70' lang='grc' dir='ltr'>καὶ</span> <span class='ocrx_word' id='word_1_372' title='bbox 820 3426 879 3478; x_wconf 79' lang='grc' dir='ltr'>ὲν</span> <span class='ocrx_word' id='word_1_373' title='bbox 904 3424 1200 3496; x_wconf 72' lang='grc' dir='ltr'>ἐκατᾶραις</span> <span class='ocrx_word' id='word_1_374' title='bbox 1229 3425 1352 3485; x_wconf 81' lang='grc' dir='ltr'>ταῖς</span> <span class='ocrx_word' id='word_1_375' title='bbox 1374 3423 1586 3486; x_wconf 77' lang='grc' dir='ltr'>οὐσίαις</span> <span class='ocrx_word' id='word_1_376' title='bbox 1609 3440 1745 3493; x_wconf 86' lang='grc' dir='ltr'>γνω-</span> 
     </span>
    </p>
   </div>
   <div class='ocr_carea' id='block_1_52' title="bbox 164 3514 1737 3590">
    <p class='ocr_par' dir='ltr' id='par_1_52' title="bbox 164 3514 1737 3590">
     <span class='ocr_line' id='line_1_52' title="bbox 164 3514 1737 3590; baseline -0.002 -18"><span class='ocrx_word' id='word_1_377' title='bbox 164 3519 417 3590; x_wconf 81' lang='grc' dir='ltr'>ρίζεται,</span> <span class='ocrx_word' id='word_1_378' title='bbox 454 3518 734 3570; x_wconf 75' lang='grc' dir='ltr'>τουτέστιν</span> <span class='ocrx_word' id='word_1_379' title='bbox 790 3518 850 3570; x_wconf 81' lang='grc' dir='ltr'>ὲν</span> <span class='ocrx_word' id='word_1_380' title='bbox 904 3514 1119 3585; x_wconf 82' lang='grc' dir='ltr'>θεότητι</span> <span class='ocrx_word' id='word_1_381' title='bbox 1170 3514 1265 3568; x_wconf 73' lang='grc' dir='ltr'>καὶ</span> <span class='ocrx_word' id='word_1_382' title='bbox 1314 3514 1737 3585; x_wconf 81' lang='grc' dir='ltr'>ἀνθρωπότητι⁶</span> 
     </span>
    </p>
   </div>
   <div class='ocr_carea' id='block_1_53' title="bbox 161 3605 1740 3679">
    <p class='ocr_par' dir='ltr' id='par_1_53' title="bbox 161 3605 1740 3679">
     <span class='ocr_line' id='line_1_53' title="bbox 161 3605 1740 3679; baseline -0.001 -16"><span class='ocrx_word' id='word_1_383' title='bbox 161 3612 283 3673; x_wconf 77' lang='grc' dir='ltr'>πῶς</span> <span class='ocrx_word' id='word_1_384' title='bbox 310 3610 411 3662; x_wconf 70' lang='grc' dir='ltr'><strong>οὐκ</strong></span> <span class='ocrx_word' id='word_1_385' title='bbox 450 3609 799 3663; x_wconf 78' lang='grc' dir='ltr'>αἰσθάνονται</span> <span class='ocrx_word' id='word_1_386' title='bbox 841 3607 942 3678; x_wconf 81' lang='grc' dir='ltr'><strong>τῆς</strong></span> <span class='ocrx_word' id='word_1_387' title='bbox 980 3606 1187 3669; x_wconf 85' lang='grc' dir='ltr'>οἰκείας</span> <span class='ocrx_word' id='word_1_388' title='bbox 1235 3605 1466 3674; x_wconf 80' lang='grc' dir='ltr'>πλάνης,</span> <span class='ocrx_word' id='word_1_389' title='bbox 1514 3609 1563 3661; x_wconf 90' lang='grc' dir='ltr'>οί</span> <span class='ocrx_word' id='word_1_390' title='bbox 1609 3607 1740 3679; x_wconf 89' lang='grc' dir='ltr'>μίαν</span> 
     </span>
    </p>
   </div>
   <div class='ocr_carea' id='block_1_54' title="bbox 159 3693 1741 3770">
    <p class='ocr_par' dir='ltr' id='par_1_54' title="bbox 159 3693 1741 3770">
     <span class='ocr_line' id='line_1_54' title="bbox 159 3693 1741 3770; baseline -0.001 -18"><span class='ocrx_word' id='word_1_391' title='bbox 159 3699 256 3752; x_wconf 87' lang='grc' dir='ltr'><strong>τοῦ</strong></span> <span class='ocrx_word' id='word_1_392' title='bbox 289 3698 529 3770; x_wconf 85' lang='grc' dir='ltr'>Χριστοῦ</span> <span class='ocrx_word' id='word_1_393' title='bbox 555 3696 972 3769; x_wconf 82' lang='grc' dir='ltr'>τερατευόμενοι</span> <span class='ocrx_word' id='word_1_394' title='bbox 1002 3693 1186 3765; x_wconf 84' lang='grc' dir='ltr'>φύσιν,</span> <span class='ocrx_word' id='word_1_395' title='bbox 1214 3695 1312 3749; x_wconf 68' lang='grc' dir='ltr'>καὶ</span> <span class='ocrx_word' id='word_1_396' title='bbox 1350 3711 1462 3750; x_wconf 87' lang='grc' dir='ltr'><strong>των</strong></span> <span class='ocrx_word' id='word_1_397' title='bbox 1493 3698 1592 3768; x_wconf 77' lang='grc' dir='ltr'>μὲν</span> <span class='ocrx_word' id='word_1_398' title='bbox 1617 3696 1741 3751; x_wconf 81' lang='grc' dir='ltr'>κατ’</span> 
     </span>
    </p>
   </div>
   <div class='ocr_carea' id='block_1_55' title="bbox 161 3785 1740 3862">
    <p class='ocr_par' dir='ltr' id='par_1_55' title="bbox 161 3785 1740 3862">
     <span class='ocr_line' id='line_1_55' title="bbox 161 3785 1740 3862; baseline -0.001 -18"><span class='ocrx_word' id='word_1_399' title='bbox 161 3791 426 3861; x_wconf 77' lang='grc' dir='ltr'>ἀλήθειαν</span> <span class='ocrx_word' id='word_1_400' title='bbox 464 3787 805 3862; x_wconf 76' lang='grc' dir='ltr'>πραγμάτων</span> <span class='ocrx_word' id='word_1_401' title='bbox 833 3788 931 3859; x_wconf 75' lang='grc' dir='ltr'>τὴν</span> <span class='ocrx_word' id='word_1_402' title='bbox 964 3786 1241 3857; x_wconf 72' lang='grc' dir='ltr'>ἀναίρεσιν</span> <span class='ocrx_word' id='word_1_403' title='bbox 1269 3785 1740 3857; x_wconf 79' lang='grc' dir='ltr'>βλασφημοῦντες,</span> 
     </span>
    </p>
   </div>
   <div class='ocr_carea' id='block_1_56' title="bbox 158 3878 1742 3952">
    <p class='ocr_par' dir='ltr' id='par_1_56' title="bbox 158 3878 1742 3952">
     <span class='ocr_line' id='line_1_56' title="bbox 158 3878 1742 3952; baseline -0.001 -17"><span class='ocrx_word' id='word_1_404' title='bbox 158 3882 292 3951; x_wconf 71' lang='grc' dir='ltr'>ψιλὰ</span> <span class='ocrx_word' id='word_1_405' title='bbox 340 3882 398 3935; x_wconf 82' lang='grc' dir='ltr'>δὲ</span> <span class='ocrx_word' id='word_1_406' title='bbox 457 3883 698 3952; x_wconf 81' lang='grc' dir='ltr'>ὀνόματα</span> <span class='ocrx_word' id='word_1_407' title='bbox 748 3880 1004 3945; x_wconf 86' lang='grc' dir='ltr'>θεότητος</span> <span class='ocrx_word' id='word_1_408' title='bbox 1049 3878 1146 3933; x_wconf 71' lang='grc' dir='ltr'>καὶ</span> <span class='ocrx_word' id='word_1_409' title='bbox 1200 3878 1621 3948; x_wconf 79' lang='grc' dir='ltr'>ἀνθρωπότητος</span> <span class='ocrx_word' id='word_1_410' title='bbox 1661 3880 1742 3952; x_wconf 74' lang='grc' dir='ltr'>τῷ</span> 
     </span>
    </p>
   </div>
   <div class='ocr_carea' id='block_1_57' title="bbox 158 3959 1740 4045">
    <p class='ocr_par' dir='ltr' id='par_1_57' title="bbox 158 3959 1740 4045">
     <span class='ocr_line' id='line_1_57' title="bbox 158 3959 1740 4045; baseline -0.001 -18"><span class='ocrx_word' id='word_1_411' title='bbox 158 3973 386 4045; x_wconf 83' lang='grc' dir='ltr'>Χριστῷ</span> <span class='ocrx_word' id='word_1_412' title='bbox 421 3972 812 4044; x_wconf 77' lang='grc' dir='ltr'>χαριζόμενοι;</span> <span class='ocrx_word' id='word_1_413' title='bbox 844 3959 1005 4024; x_wconf 80' lang='grc' dir='ltr'><strong>Ἀλλᾶ</strong></span> <span class='ocrx_word' id='word_1_414' title='bbox 1031 3972 1216 4025; x_wconf 81' lang='grc' dir='ltr'>πᾶσαν</span> <span class='ocrx_word' id='word_1_415' title='bbox 1245 3970 1415 4042; x_wconf 77' lang='grc' dir='ltr'>ὀρθὴν</span> <span class='ocrx_word' id='word_1_416' title='bbox 1450 3970 1740 4043; x_wconf 73' lang='grc' dir='ltr'>παρορῶν·</span> 
     </span>
    </p>
   </div>
   <div class='ocr_carea' id='block_1_58' title="bbox 1850 1861 3447 1941">
    <p class='ocr_par' dir='ltr' id='par_1_58' title="bbox 1850 1861 3447 1941">
     <span class='ocr_line' id='line_1_58' title="bbox 1850 1861 3447 1941; baseline -0.001 -24"><span class='ocrx_word' id='word_1_417' title='bbox 1850 1861 2091 1932; x_wconf 82' lang='lat' dir='ltr'><strong>gloriosa</strong></span> <span class='ocrx_word' id='word_1_418' title='bbox 2117 1903 2131 1929; x_wconf 93' lang='lat'><strong>,</strong></span> <span class='ocrx_word' id='word_1_419' title='bbox 2177 1861 2279 1917; x_wconf 87' lang='lat' dir='ltr'><strong>Dei</strong></span> <span class='ocrx_word' id='word_1_420' title='bbox 2326 1861 2503 1941; x_wconf 58' lang='lat' dir='ltr'><strong>blatre</strong></span> <span class='ocrx_word' id='word_1_421' title='bbox 2552 1872 2888 1933; x_wconf 82' lang='lat' dir='ltr'><strong>semperque</strong></span> <span class='ocrx_word' id='word_1_422' title='bbox 2926 1861 3155 1933; x_wconf 75' lang='lat' dir='ltr'><strong>Virgine</strong></span> <span class='ocrx_word' id='word_1_423' title='bbox 3226 1861 3395 1916; x_wconf 81' lang='lat' dir='ltr'><strong>Maria</strong></span> <span class='ocrx_word' id='word_1_424' title='bbox 3416 1877 3447 1927; x_wconf 73' lang='lat' dir='ltr'><strong>;r</strong></span> 
     </span>
    </p>
   </div>
   <div class='ocr_carea' id='block_1_59' title="bbox 1849 1946 3447 2025">
    <p class='ocr_par' dir='ltr' id='par_1_59' title="bbox 1849 1946 3447 2025">
     <span class='ocr_line' id='line_1_59' title="bbox 1849 1946 3447 2025; baseline -0.002 -16"><span class='ocrx_word' id='word_1_425' title='bbox 1849 1951 2108 2009; x_wconf 83' lang='lat' dir='ltr'><strong>Christus</strong></span> <span class='ocrx_word' id='word_1_426' title='bbox 2122 1953 2274 2009; x_wconf 89' lang='lat' dir='ltr'><strong>enim</strong></span> <span class='ocrx_word' id='word_1_427' title='bbox 2293 1969 2403 2009; x_wconf 91' lang='lat' dir='ltr'><strong>non</strong></span> <span class='ocrx_word' id='word_1_428' title='bbox 2422 1946 2591 2009; x_wconf 80' lang='lat' dir='ltr'><strong>habet</strong></span> <span class='ocrx_word' id='word_1_429' title='bbox 2607 1952 2974 2009; x_wconf 84' lang='lat' dir='ltr'><strong>substantiam</strong></span> <span class='ocrx_word' id='word_1_430' title='bbox 2993 1953 3291 2025; x_wconf 83' lang='lat' dir='ltr'><strong>;juxtaque</strong></span> <span class='ocrx_word' id='word_1_431' title='bbox 3313 1952 3447 2007; x_wconf 84' lang='lat' dir='ltr'><strong>illos.</strong></span> 
     </span>
    </p>
   </div>
   <div class='ocr_carea' id='block_1_60' title="bbox 1851 2044 3455 2116">
    <p class='ocr_par' dir='ltr' id='par_1_60' title="bbox 1851 2044 3455 2116">
     <span class='ocr_line' id='line_1_60' title="bbox 1851 2044 3455 2116; baseline 0 -17"><span class='ocrx_word' id='word_1_432' title='bbox 1851 2044 2011 2100; x_wconf 91' lang='lat' dir='ltr'><strong>abest</strong></span> <span class='ocrx_word' id='word_1_433' title='bbox 2050 2045 2215 2099; x_wconf 88' lang='lat' dir='ltr'><strong>etiam</strong></span> <span class='ocrx_word' id='word_1_434' title='bbox 2242 2045 2379 2115; x_wconf 86' lang='lat' dir='ltr'><strong>quin</strong></span> <span class='ocrx_word' id='word_1_435' title='bbox 2413 2045 2487 2101; x_wconf 87' lang='lat' dir='ltr'><strong>sit</strong></span> <span class='ocrx_word' id='word_1_436' title='bbox 2534 2045 2728 2101; x_wconf 89' lang='lat' dir='ltr'><strong>Filius.</strong></span> <span class='ocrx_word' id='word_1_437' title='bbox 2775 2044 2832 2102; x_wconf 84' lang='lat' dir='ltr'><strong>Si</strong></span> <span class='ocrx_word' id='word_1_438' title='bbox 2865 2053 3070 2110; x_wconf 89' lang='lat' dir='ltr'><strong>autem,</strong></span> <span class='ocrx_word' id='word_1_439' title='bbox 3104 2044 3455 2116; x_wconf 12' lang='lat' dir='ltr'><strong>urgentibus,</strong></span> 
     </span>
    </p>
   </div>
   <div class='ocr_carea' id='block_1_61' title="bbox 1852 2135 3439 2208">
    <p class='ocr_par' dir='ltr' id='par_1_61' title="bbox 1852 2135 3439 2208">
     <span class='ocr_line' id='line_1_61' title="bbox 1852 2135 3439 2208; baseline 0 -17"><span class='ocrx_word' id='word_1_440' title='bbox 1852 2135 2048 2202; x_wconf 89' lang='lat' dir='ltr'><strong>nobis,</strong></span> <span class='ocrx_word' id='word_1_441' title='bbox 2093 2153 2162 2194; x_wconf 77' lang='lat' dir='ltr'><strong>ex</strong></span> <span class='ocrx_word' id='word_1_442' title='bbox 2204 2137 2393 2193; x_wconf 84' lang='lat' dir='ltr'><strong>divina</strong></span> <span class='ocrx_word' id='word_1_443' title='bbox 2424 2136 2713 2208; x_wconf 84' lang='lat' dir='ltr'><strong>Scriptura</strong></span> <span class='ocrx_word' id='word_1_444' title='bbox 2768 2136 3135 2208; x_wconf 86' lang='lat' dir='ltr'><strong>doctrinaque</strong></span> <span class='ocrx_word' id='word_1_445' title='bbox 3184 2138 3439 2201; x_wconf 80' lang='lat' dir='ltr'><strong>Patrum,</strong></span> 
     </span>
    </p>
   </div>
   <div class='ocr_carea' id='block_1_62' title="bbox 1850 2228 3442 2306">
    <p class='ocr_par' dir='ltr' id='par_1_62' title="bbox 1850 2228 3442 2306">
     <span class='ocr_line' id='line_1_62' title="bbox 1850 2228 3442 2306; baseline -0.001 -22"><span class='ocrx_word' id='word_1_446' title='bbox 1850 2229 2141 2285; x_wconf 85' lang='lat' dir='ltr'><strong>nobiseum</strong></span> <span class='ocrx_word' id='word_1_447' title='bbox 2190 2229 2528 2306; x_wconf 77' lang='lat' dir='ltr'><strong>conﬁtentur</strong></span> <span class='ocrx_word' id='word_1_448' title='bbox 2571 2228 2860 2286; x_wconf 85' lang='lat' dir='ltr'><strong>Christum</strong></span> <span class='ocrx_word' id='word_1_449' title='bbox 2913 2242 3038 2286; x_wconf 89' lang='lat' dir='ltr'><strong>esse</strong></span> <span class='ocrx_word' id='word_1_450' title='bbox 3070 2244 3202 2286; x_wconf 83' lang='lat' dir='ltr'><strong>vere</strong></span> <span class='ocrx_word' id='word_1_451' title='bbox 3233 2229 3442 2285; x_wconf 79' lang='lat' dir='ltr'><strong>Filium</strong></span> 
     </span>
    </p>
   </div>
   <div class='ocr_carea' id='block_1_63' title="bbox 1850 2319 3434 2392">
    <p class='ocr_par' dir='ltr' id='par_1_63' title="bbox 1850 2319 3434 2392">
     <span class='ocr_line' id='line_1_63' title="bbox 1850 2319 3434 2392; baseline -0.001 -16"><span class='ocrx_word' id='word_1_452' title='bbox 1850 2319 1949 2376; x_wconf 88' lang='lat' dir='ltr'><strong>Dei</strong></span> <span class='ocrx_word' id='word_1_453' title='bbox 1975 2331 2033 2377; x_wconf 92' lang='lat' dir='ltr'><strong>et</strong></span> <span class='ocrx_word' id='word_1_454' title='bbox 2060 2322 2262 2387; x_wconf 89' lang='lat' dir='ltr'><strong>Patris,</strong></span> <span class='ocrx_word' id='word_1_455' title='bbox 2315 2321 2689 2392; x_wconf 78' lang='lat' dir='ltr'><strong>eamdemque</strong></span> <span class='ocrx_word' id='word_1_456' title='bbox 2716 2336 2849 2377; x_wconf 89' lang='lat' dir='ltr'><strong>vere</strong></span> <span class='ocrx_word' id='word_1_457' title='bbox 2873 2336 2997 2378; x_wconf 88' lang='lat' dir='ltr'><strong>esse</strong></span> <span class='ocrx_word' id='word_1_458' title='bbox 3024 2320 3228 2377; x_wconf 86' lang='lat' dir='ltr'><strong>Filium</strong></span> <span class='ocrx_word' id='word_1_459' title='bbox 3256 2321 3434 2392; x_wconf 82' lang='lat' dir='ltr'><strong>Virgi-</strong></span> 
     </span>
    </p>
   </div>
   <div class='ocr_carea' id='block_1_64' title="bbox 1848 2410 3437 2483">
    <p class='ocr_par' dir='ltr' id='par_1_64' title="bbox 1848 2410 3437 2483">
     <span class='ocr_line' id='line_1_64' title="bbox 1848 2410 3437 2483; baseline 0 -17"><span class='ocrx_word' id='word_1_460' title='bbox 1848 2410 1940 2467; x_wconf 87' lang='lat' dir='ltr'><strong>nis</strong></span> <span class='ocrx_word' id='word_1_461' title='bbox 1954 2411 2165 2479; x_wconf 80' lang='lat' dir='ltr'><strong>Matris,</strong></span> <span class='ocrx_word' id='word_1_462' title='bbox 2187 2412 2658 2483; x_wconf 88' lang='lat' dir='ltr'><strong>quemadmodum</strong></span> <span class='ocrx_word' id='word_1_463' title='bbox 2674 2412 2991 2468; x_wconf 88' lang='lat' dir='ltr'><strong>neeessario</strong></span> <span class='ocrx_word' id='word_1_464' title='bbox 3019 2412 3437 2468; x_wconf 78' lang='lat' dir='ltr'><strong>confitebuntur</strong></span> 
     </span>
    </p>
   </div>
   <div class='ocr_carea' id='block_1_65' title="bbox 1849 2503 3438 2577">
    <p class='ocr_par' dir='ltr' id='par_1_65' title="bbox 1849 2503 3438 2577">
     <span class='ocr_line' id='line_1_65' title="bbox 1849 2503 3438 2577; baseline 0.001 -19"><span class='ocrx_word' id='word_1_465' title='bbox 1849 2503 1990 2565; x_wconf 85' lang='lat' dir='ltr'><strong>duas</strong></span> <span class='ocrx_word' id='word_1_466' title='bbox 2016 2504 2336 2561; x_wconf 82' lang='lat' dir='ltr'><strong>nativitates</strong></span> <span class='ocrx_word' id='word_1_467' title='bbox 2361 2504 2528 2561; x_wconf 90' lang='lat' dir='ltr'><strong>unius</strong></span> <span class='ocrx_word' id='word_1_468' title='bbox 2542 2520 2608 2560; x_wconf 91' lang='lat' dir='ltr'><strong>ac</strong></span> <span class='ocrx_word' id='word_1_469' title='bbox 2628 2504 2900 2577; x_wconf 85' lang='lat' dir='ltr'><strong>ejusdem,</strong></span> <span class='ocrx_word' id='word_1_470' title='bbox 2921 2505 2998 2560; x_wconf 88' lang='lat' dir='ltr'><strong>ita</strong></span> <span class='ocrx_word' id='word_1_471' title='bbox 3017 2514 3077 2561; x_wconf 89' lang='lat' dir='ltr'><strong>et</strong></span> <span class='ocrx_word' id='word_1_472' title='bbox 3098 2504 3279 2575; x_wconf 87' lang='lat' dir='ltr'><strong>ipsum</strong></span> <span class='ocrx_word' id='word_1_473' title='bbox 3297 2503 3438 2559; x_wconf 79' lang='lat' dir='ltr'><strong>duas</strong></span> 
     </span>
    </p>
   </div>
   <div class='ocr_carea' id='block_1_66' title="bbox 1849 2597 3467 2671">
    <p class='ocr_par' dir='ltr' id='par_1_66' title="bbox 1849 2597 3467 2671">
     <span class='ocr_line' id='line_1_66' title="bbox 1849 2597 3467 2671; baseline 0 -19"><span class='ocrx_word' id='word_1_474' title='bbox 1849 2597 2211 2654; x_wconf 82' lang='lat' dir='ltr'><strong>substantias</strong></span> <span class='ocrx_word' id='word_1_475' title='bbox 2234 2598 2483 2666; x_wconf 86' lang='lat' dir='ltr'><strong>habere;</strong></span> <span class='ocrx_word' id='word_1_476' title='bbox 2518 2597 2567 2655; x_wconf 92' lang='lat' dir='ltr'><strong>si</strong></span> <span class='ocrx_word' id='word_1_477' title='bbox 2593 2598 2745 2654; x_wconf 89' lang='lat' dir='ltr'><strong>enim</strong></span> <span class='ocrx_word' id='word_1_478' title='bbox 2774 2642 2789 2667; x_wconf 94' lang='lat'><strong>,</strong></span> <span class='ocrx_word' id='word_1_479' title='bbox 2830 2599 2987 2671; x_wconf 71' lang='lat' dir='ltr'><strong>juxta</strong></span> <span class='ocrx_word' id='word_1_480' title='bbox 3029 2597 3194 2670; x_wconf 77' lang='lat' dir='ltr'><strong>quod&quot;</strong></span> <span class='ocrx_word' id='word_1_481' title='bbox 3232 2597 3467 2654; x_wconf 55' lang='lat' dir='ltr'><strong>docentv</strong></span> 
     </span>
    </p>
   </div>
   <div class='ocr_carea' id='block_1_67' title="bbox 1849 2687 3475 2761">
    <p class='ocr_par' dir='ltr' id='par_1_67' title="bbox 1849 2687 3475 2761">
     <span class='ocr_line' id='line_1_67' title="bbox 1849 2687 3475 2761; baseline 0.001 -19"><span class='ocrx_word' id='word_1_482' title='bbox 1849 2687 2038 2745; x_wconf 82' lang='lat' dir='ltr'><strong>Patres</strong></span> <span class='ocrx_word' id='word_1_483' title='bbox 2063 2724 2078 2755; x_wconf 84' lang='lat'><strong>,</strong></span> <span class='ocrx_word' id='word_1_484' title='bbox 2113 2704 2218 2746; x_wconf 87' lang='lat' dir='ltr'><strong>nec</strong></span> <span class='ocrx_word' id='word_1_485' title='bbox 2255 2700 2453 2746; x_wconf 87' lang='lat' dir='ltr'><strong>natura</strong></span> <span class='ocrx_word' id='word_1_486' title='bbox 2479 2689 2803 2761; x_wconf 85' lang='lat' dir='ltr'><strong>divinitatis</strong></span> <span class='ocrx_word' id='word_1_487' title='bbox 2827 2689 3053 2747; x_wconf 83' lang='lat' dir='ltr'><strong>Christi</strong></span> <span class='ocrx_word' id='word_1_488' title='bbox 3080 2690 3137 2746; x_wconf 85' lang='lat' dir='ltr'><strong>in</strong></span> <span class='ocrx_word' id='word_1_489' title='bbox 3179 2698 3434 2746; x_wconf 81' lang='lat' dir='ltr'><strong>naturam</strong></span> <span class='ocrx_word' id='word_1_490' title='bbox 3464 2717 3475 2738; x_wconf 68' lang='grc' dir='ltr'><strong><em>ι</em></strong></span> 
     </span>
    </p>
   </div>
   <div class='ocr_carea' id='block_1_68' title="bbox 1848 2781 3469 2853">
    <p class='ocr_par' dir='ltr' id='par_1_68' title="bbox 1848 2781 3469 2853">
     <span class='ocr_line' id='line_1_68' title="bbox 1848 2781 3469 2853; baseline -0.001 -16"><span class='ocrx_word' id='word_1_491' title='bbox 1848 2781 2034 2837; x_wconf 86' lang='lat' dir='ltr'><strong>carnis</strong></span> <span class='ocrx_word' id='word_1_492' title='bbox 2064 2781 2240 2853; x_wconf 89' lang='lat' dir='ltr'><strong>ipsius</strong></span> <span class='ocrx_word' id='word_1_493' title='bbox 2265 2790 2634 2839; x_wconf 85' lang='lat' dir='ltr'><strong>transmutata</strong></span> <span class='ocrx_word' id='word_1_494' title='bbox 2665 2781 2757 2848; x_wconf 85' lang='lat' dir='ltr'><strong>sit,</strong></span> <span class='ocrx_word' id='word_1_495' title='bbox 2792 2797 2897 2838; x_wconf 87' lang='lat' dir='ltr'><strong>nec</strong></span> <span class='ocrx_word' id='word_1_496' title='bbox 2922 2789 3124 2839; x_wconf 89' lang='lat' dir='ltr'><strong>natura</strong></span> <span class='ocrx_word' id='word_1_497' title='bbox 3163 2782 3350 2838; x_wconf 88' lang='lat' dir='ltr'><strong>carnis</strong></span> <span class='ocrx_word' id='word_1_498' title='bbox 3378 2782 3434 2836; x_wconf 87' lang='lat' dir='ltr'><strong>in</strong></span> <span class='ocrx_word' id='word_1_499' title='bbox 3462 2816 3469 2823; x_wconf 83' lang='grc'><strong>-</strong></span> 
     </span>
    </p>
   </div>
   <div class='ocr_carea' id='block_1_69' title="bbox 1849 2873 3434 2942">
    <p class='ocr_par' dir='ltr' id='par_1_69' title="bbox 1849 2873 3434 2942">
     <span class='ocr_line' id='line_1_69' title="bbox 1849 2873 3434 2942; baseline 0.001 -15"><span class='ocrx_word' id='word_1_500' title='bbox 1849 2880 2106 2927; x_wconf 85' lang='lat' dir='ltr'><strong>naturam</strong></span> <span class='ocrx_word' id='word_1_501' title='bbox 2161 2873 2517 2942; x_wconf 80' lang='lat' dir='ltr'><strong>divinitatis,</strong></span> <span class='ocrx_word' id='word_1_502' title='bbox 2574 2888 2680 2931; x_wconf 86' lang='lat' dir='ltr'><strong>nec</strong></span> <span class='ocrx_word' id='word_1_503' title='bbox 2734 2883 3062 2930; x_wconf 87' lang='lat' dir='ltr'><strong>naturarum</strong></span> <span class='ocrx_word' id='word_1_504' title='bbox 3115 2874 3434 2930; x_wconf 84' lang='lat' dir='ltr'><strong>diﬂ‘erentia</strong></span> 
     </span>
    </p>
   </div>
   <div class='ocr_carea' id='block_1_70' title="bbox 1850 2962 3465 3038">
    <p class='ocr_par' dir='ltr' id='par_1_70' title="bbox 1850 2962 3465 3038">
     <span class='ocr_line' id='line_1_70' title="bbox 1850 2962 3465 3038; baseline -0.002 -15"><span class='ocrx_word' id='word_1_505' title='bbox 1850 2969 2059 3024; x_wconf 88' lang='lat' dir='ltr'><strong>unione</strong></span> <span class='ocrx_word' id='word_1_506' title='bbox 2101 2968 2175 3023; x_wconf 83' lang='lat' dir='ltr'><strong>sit</strong></span> <span class='ocrx_word' id='word_1_507' title='bbox 2205 2966 2409 3034; x_wconf 84' lang='lat' dir='ltr'><strong>ablata,</strong></span> <span class='ocrx_word' id='word_1_508' title='bbox 2434 2967 2530 3024; x_wconf 87' lang='lat' dir='ltr'><strong>sed</strong></span> <span class='ocrx_word' id='word_1_509' title='bbox 2551 2968 2596 3023; x_wconf 87' lang='lat' dir='ltr'><strong>si</strong></span> <span class='ocrx_word' id='word_1_510' title='bbox 2623 2967 3059 3038; x_wconf 88' lang='lat' dir='ltr'><strong>unumquodque</strong></span> <span class='ocrx_word' id='word_1_511' title='bbox 3089 2962 3236 3037; x_wconf 89' lang='lat' dir='ltr'><strong>quod</strong></span> <span class='ocrx_word' id='word_1_512' title='bbox 3266 2972 3351 3020; x_wconf 87' lang='lat' dir='ltr'><strong>est</strong></span> <span class='ocrx_word' id='word_1_513' title='bbox 3377 2964 3435 3020; x_wconf 89' lang='lat' dir='ltr'><strong>in</strong></span> <span class='ocrx_word' id='word_1_514' title='bbox 3460 3002 3465 3006; x_wconf 54' lang='lat'><strong><em>.</em></strong></span> 
     </span>
    </p>
   </div>
   <div class='ocr_carea' id='block_1_71' title="bbox 1848 3059 3433 3133">
    <p class='ocr_par' dir='ltr' id='par_1_71' title="bbox 1848 3059 3433 3133">
     <span class='ocr_line' id='line_1_71' title="bbox 1848 3059 3433 3133; baseline -0.002 -17"><span class='ocrx_word' id='word_1_515' title='bbox 1848 3068 2049 3117; x_wconf 83' lang='lat' dir='ltr'><strong>natura</strong></span> <span class='ocrx_word' id='word_1_516' title='bbox 2070 3061 2477 3133; x_wconf 82' lang='lat' dir='ltr'><strong>permanserit,</strong></span> <span class='ocrx_word' id='word_1_517' title='bbox 2509 3061 2827 3133; x_wconf 78' lang='lat' dir='ltr'><strong>duplexque</strong></span> <span class='ocrx_word' id='word_1_518' title='bbox 2851 3067 3034 3117; x_wconf 83' lang='lat' dir='ltr'><strong>exstet</strong></span> <span class='ocrx_word' id='word_1_519' title='bbox 3062 3059 3131 3114; x_wconf 89' lang='lat' dir='ltr'><strong>de</strong></span> <span class='ocrx_word' id='word_1_520' title='bbox 3158 3059 3266 3114; x_wconf 89' lang='lat' dir='ltr'><strong>hoc</strong></span> <span class='ocrx_word' id='word_1_521' title='bbox 3291 3072 3433 3129; x_wconf 72' lang='lat' dir='ltr'><strong>prat-</strong></span> 
     </span>
    </p>
   </div>
   <div class='ocr_carea' id='block_1_72' title="bbox 1848 3151 3432 3224">
    <p class='ocr_par' dir='ltr' id='par_1_72' title="bbox 1848 3151 3432 3224">
     <span class='ocr_line' id='line_1_72' title="bbox 1848 3151 3432 3224; baseline -0.004 -16"><span class='ocrx_word' id='word_1_522' title='bbox 1848 3152 2055 3208; x_wconf 86' lang='lat' dir='ltr'><strong>dieatio</strong></span> <span class='ocrx_word' id='word_1_523' title='bbox 2080 3193 2095 3219; x_wconf 93' lang='lat'><strong>,</strong></span> <span class='ocrx_word' id='word_1_524' title='bbox 2147 3168 2214 3209; x_wconf 86' lang='lat' dir='ltr'><strong>ac</strong></span> <span class='ocrx_word' id='word_1_525' title='bbox 2263 3153 2323 3208; x_wconf 88' lang='lat' dir='ltr'><strong>in</strong></span> <span class='ocrx_word' id='word_1_526' title='bbox 2358 3166 2690 3224; x_wconf 87' lang='lat' dir='ltr'><strong>unaquaque</strong></span> <span class='ocrx_word' id='word_1_527' title='bbox 2727 3151 3037 3208; x_wconf 82' lang='lat' dir='ltr'><strong>substantia</strong></span> <span class='ocrx_word' id='word_1_528' title='bbox 3078 3156 3432 3222; x_wconf 80' lang='lat' dir='ltr'><strong>agnoscatur,</strong></span> 
     </span>
    </p>
   </div>
   <div class='ocr_carea' id='block_1_73' title="bbox 1847 3241 3463 3317">
    <p class='ocr_par' dir='ltr' id='par_1_73' title="bbox 1847 3241 3463 3317">
     <span class='ocr_line' id='line_1_73' title="bbox 1847 3241 3463 3317; baseline -0.002 -18"><span class='ocrx_word' id='word_1_529' title='bbox 1847 3244 2065 3300; x_wconf 85' lang='lat' dir='ltr'><strong>scilicet</strong></span> <span class='ocrx_word' id='word_1_530' title='bbox 2096 3245 2155 3300; x_wconf 89' lang='lat' dir='ltr'><strong>in</strong></span> <span class='ocrx_word' id='word_1_531' title='bbox 2197 3244 2489 3300; x_wconf 85' lang='lat' dir='ltr'><strong>divinitate</strong></span> <span class='ocrx_word' id='word_1_532' title='bbox 2537 3251 2706 3317; x_wconf 85' lang='lat' dir='ltr'><strong>atque</strong></span> <span class='ocrx_word' id='word_1_533' title='bbox 2738 3243 3083 3299; x_wconf 88' lang='lat' dir='ltr'><strong>humanitate</strong></span> <span class='ocrx_word' id='word_1_534' title='bbox 3104 3281 3118 3305; x_wconf 88' lang='lat'><strong>,</strong></span> <span class='ocrx_word' id='word_1_535' title='bbox 3154 3241 3463 3310; x_wconf 21' lang='lat' dir='ltr'><strong>quomodo,</strong></span> 
     </span>
    </p>
   </div>
   <div class='ocr_carea' id='block_1_74' title="bbox 1847 3333 3431 3408">
    <p class='ocr_par' dir='ltr' id='par_1_74' title="bbox 1847 3333 3431 3408">
     <span class='ocr_line' id='line_1_74' title="bbox 1847 3333 3431 3408; baseline -0.004 -18"><span class='ocrx_word' id='word_1_536' title='bbox 1847 3346 1961 3391; x_wconf 88' lang='lat' dir='ltr'><strong>non</strong></span> <span class='ocrx_word' id='word_1_537' title='bbox 1993 3336 2313 3408; x_wconf 82' lang='lat' dir='ltr'><strong>intelligunt</strong></span> <span class='ocrx_word' id='word_1_538' title='bbox 2333 3351 2792 3402; x_wconf 76' lang='lat' dir='ltr'><strong>erroremsuum,</strong></span> <span class='ocrx_word' id='word_1_539' title='bbox 2825 3349 2995 3390; x_wconf 89' lang='lat' dir='ltr'><strong>unam</strong></span> <span class='ocrx_word' id='word_1_540' title='bbox 3027 3333 3241 3390; x_wconf 90' lang='lat' dir='ltr'><strong>Christi</strong></span> <span class='ocrx_word' id='word_1_541' title='bbox 3265 3339 3431 3387; x_wconf 88' lang='lat' dir='ltr'><strong>natu-</strong></span> 
     </span>
    </p>
   </div>
   <div class='ocr_carea' id='block_1_75' title="bbox 1847 3424 3433 3502">
    <p class='ocr_par' dir='ltr' id='par_1_75' title="bbox 1847 3424 3433 3502">
     <span class='ocr_line' id='line_1_75' title="bbox 1847 3424 3433 3502; baseline -0.003 -19"><span class='ocrx_word' id='word_1_542' title='bbox 1847 3444 1963 3483; x_wconf 86' lang='lat' dir='ltr'><strong>ram</strong></span> <span class='ocrx_word' id='word_1_543' title='bbox 1988 3429 2095 3484; x_wconf 88' lang='lat' dir='ltr'><strong>sibi</strong></span> <span class='ocrx_word' id='word_1_544' title='bbox 2120 3428 2417 3502; x_wconf 85' lang='lat' dir='ltr'><strong>ﬁngendo,</strong></span> <span class='ocrx_word' id='word_1_545' title='bbox 2470 3446 2601 3487; x_wconf 84' lang='lat' dir='ltr'><strong>vera</strong></span> <span class='ocrx_word' id='word_1_546' title='bbox 2641 3429 2812 3500; x_wconf 87' lang='lat' dir='ltr'><strong>impie</strong></span> <span class='ocrx_word' id='word_1_547' title='bbox 2859 3427 3179 3484; x_wconf 80' lang='lat' dir='ltr'><strong>auferentes</strong></span> <span class='ocrx_word' id='word_1_548' title='bbox 3209 3466 3224 3489; x_wconf 94' lang='lat'><strong>,</strong></span> <span class='ocrx_word' id='word_1_549' title='bbox 3280 3424 3433 3480; x_wconf 87' lang='lat' dir='ltr'><strong>nuda</strong></span> 
     </span>
    </p>
   </div>
   <div class='ocr_carea' id='block_1_76' title="bbox 1843 3516 3433 3591">
    <p class='ocr_par' dir='ltr' id='par_1_76' title="bbox 1843 3516 3433 3591">
     <span class='ocr_line' id='line_1_76' title="bbox 1843 3516 3433 3591; baseline -0.004 -17"><span class='ocrx_word' id='word_1_550' title='bbox 1843 3533 1982 3574; x_wconf 87' lang='lat' dir='ltr'><strong>vero</strong></span> <span class='ocrx_word' id='word_1_551' title='bbox 2002 3519 2227 3575; x_wconf 89' lang='lat' dir='ltr'><strong>nomina</strong></span> <span class='ocrx_word' id='word_1_552' title='bbox 2259 3520 2567 3576; x_wconf 85' lang='lat' dir='ltr'><strong>divinitatis</strong></span> <span class='ocrx_word' id='word_1_553' title='bbox 2594 3526 2761 3591; x_wconf 79' lang='lat' dir='ltr'><strong>atque</strong></span> <span class='ocrx_word' id='word_1_554' title='bbox 2795 3517 3166 3574; x_wconf 83' lang='lat' dir='ltr'><strong>humanitatis</strong></span> <span class='ocrx_word' id='word_1_555' title='bbox 3204 3516 3433 3572; x_wconf 83' lang='lat' dir='ltr'><strong>Christo</strong></span> 
     </span>
    </p>
   </div>
   <div class='ocr_carea' id='block_1_77' title="bbox 1844 3609 3433 3680">
    <p class='ocr_par' dir='ltr' id='par_1_77' title="bbox 1844 3609 3433 3680">
     <span class='ocr_line' id='line_1_77' title="bbox 1844 3609 3433 3680; baseline -0.001 -16"><span class='ocrx_word' id='word_1_556' title='bbox 1844 3610 2268 3680; x_wconf 84' lang='lat' dir='ltr'><strong>relinquentes?</strong></span> <span class='ocrx_word' id='word_1_557' title='bbox 2302 3610 2409 3667; x_wconf 82' lang='lat' dir='ltr'><strong>Sed</strong></span> <span class='ocrx_word' id='word_1_558' title='bbox 2440 3629 2661 3668; x_wconf 90' lang='lat' dir='ltr'><strong>omnem</strong></span> <span class='ocrx_word' id='word_1_559' title='bbox 2685 3626 2875 3668; x_wconf 80' lang='lat' dir='ltr'><strong>veram</strong></span> <span class='ocrx_word' id='word_1_560' title='bbox 2900 3611 3213 3666; x_wconf 88' lang='lat' dir='ltr'><strong>doctrinam</strong></span> <span class='ocrx_word' id='word_1_561' title='bbox 3245 3609 3433 3680; x_wconf 79' lang='lat' dir='ltr'><strong>deSpi—</strong></span> 
     </span>
    </p>
   </div>
   <div class='ocr_carea' id='block_1_78' title="bbox 1847 3699 3445 3766">
    <p class='ocr_par' dir='ltr' id='par_1_78' title="bbox 1847 3699 3445 3766">
     <span class='ocr_line' id='line_1_78' title="bbox 1847 3699 3445 3766; baseline -0.002 -11"><span class='ocrx_word' id='word_1_562' title='bbox 1847 3700 2078 3766; x_wconf 87' lang='lat' dir='ltr'><strong>cientes,</strong></span> <span class='ocrx_word' id='word_1_563' title='bbox 2112 3700 2246 3756; x_wconf 89' lang='lat' dir='ltr'><strong>illud</strong></span> <span class='ocrx_word' id='word_1_564' title='bbox 2281 3716 2452 3757; x_wconf 88' lang='lat' dir='ltr'><strong>unum</strong></span> <span class='ocrx_word' id='word_1_565' title='bbox 2481 3703 2668 3758; x_wconf 89' lang='lat' dir='ltr'><strong>animo</strong></span> <span class='ocrx_word' id='word_1_566' title='bbox 2697 3701 3030 3765; x_wconf 80' lang='lat' dir='ltr'><strong>intendunt,</strong></span> <span class='ocrx_word' id='word_1_567' title='bbox 3085 3707 3146 3755; x_wconf 90' lang='lat' dir='ltr'><strong>ut</strong></span> <span class='ocrx_word' id='word_1_568' title='bbox 3173 3699 3445 3753; x_wconf 71' lang='lat' dir='ltr'><strong>credatur”</strong></span> 
     </span>
    </p>
   </div>
   <div class='ocr_carea' id='block_1_79' title="bbox 1846 3791 3433 3849">
    <p class='ocr_par' dir='ltr' id='par_1_79' title="bbox 1846 3791 3433 3849">
     <span class='ocr_line' id='line_1_79' title="bbox 1846 3791 3433 3849; baseline -0.001 -3"><span class='ocrx_word' id='word_1_569' title='bbox 1846 3800 2101 3847; x_wconf 88' lang='lat' dir='ltr'><strong>naturam</strong></span> <span class='ocrx_word' id='word_1_570' title='bbox 2146 3792 2232 3847; x_wconf 88' lang='lat' dir='ltr'><strong>vel</strong></span> <span class='ocrx_word' id='word_1_571' title='bbox 2279 3793 2647 3849; x_wconf 85' lang='lat' dir='ltr'><strong>substantiam</strong></span> <span class='ocrx_word' id='word_1_572' title='bbox 2678 3809 2744 3849; x_wconf 90' lang='lat' dir='ltr'><strong>ac</strong></span> <span class='ocrx_word' id='word_1_573' title='bbox 2775 3792 3013 3848; x_wconf 86' lang='lat' dir='ltr'><strong>formam</strong></span> <span class='ocrx_word' id='word_1_574' title='bbox 3061 3791 3321 3846; x_wconf 88' lang='lat' dir='ltr'><strong>eumdem</strong></span> <span class='ocrx_word' id='word_1_575' title='bbox 3367 3805 3433 3846; x_wconf 88' lang='lat' dir='ltr'><strong>ac</strong></span> 
     </span>
    </p>
   </div>
   <div class='ocr_carea' id='block_1_80' title="bbox 1846 3880 3433 3957">
    <p class='ocr_par' dir='ltr' id='par_1_80' title="bbox 1846 3880 3433 3957">
     <span class='ocr_line' id='line_1_80' title="bbox 1846 3880 3433 3957; baseline -0.002 -18"><span class='ocrx_word' id='word_1_576' title='bbox 1846 3884 2186 3957; x_wconf 77' lang='lat' dir='ltr'><strong>hypostasim</strong></span> <span class='ocrx_word' id='word_1_577' title='bbox 2210 3900 2615 3956; x_wconf 88' lang='lat' dir='ltr'><strong>personamque</strong></span> <span class='ocrx_word' id='word_1_578' title='bbox 2644 3884 2978 3956; x_wconf 86' lang='lat' dir='ltr'><strong>patefacere,</strong></span> <span class='ocrx_word' id='word_1_579' title='bbox 2999 3883 3148 3955; x_wconf 87' lang='lat' dir='ltr'><strong>quod</strong></span> <span class='ocrx_word' id='word_1_580' title='bbox 3170 3880 3433 3938; x_wconf 86' lang='lat' dir='ltr'><strong>omnibus</strong></span> 
     </span>
    </p>
   </div>
   <div class='ocr_carea' id='block_1_81' title="bbox 1848 3964 2715 4033">
    <p class='ocr_par' dir='ltr' id='par_1_81' title="bbox 1848 3964 2715 4033">
     <span class='ocr_line' id='line_1_81' title="bbox 1848 3964 2715 4033; baseline 0.002 -2"><span class='ocrx_word' id='word_1_581' title='bbox 1848 3976 2126 4033; x_wconf 81' lang='lat' dir='ltr'><strong>haereticis</strong></span> <span class='ocrx_word' id='word_1_582' title='bbox 2156 3993 2320 4033; x_wconf 87' lang='lat' dir='ltr'><strong>causa</strong></span> <span class='ocrx_word' id='word_1_583' title='bbox 2346 3977 2454 4033; x_wconf 89' lang='lat' dir='ltr'><strong>fuit</strong></span> <span class='ocrx_word' id='word_1_584' title='bbox 2474 3964 2715 4033; x_wconf 42' lang='lat' dir='ltr'><strong>erroris,</strong></span> 
     </span>
    </p>
   </div>
   <div class='ocr_carea' id='block_1_82' title="bbox 155 4064 3429 4145">
    <p class='ocr_par' dir='ltr' id='par_1_82' title="bbox 155 4064 3429 4145">
     <span class='ocr_line' id='line_1_82' title="bbox 155 4064 3429 4145; baseline -0.001 -25"><span class='ocrx_word' id='word_1_585' title='bbox 155 4080 248 4130; x_wconf 80' lang='grc' dir='ltr'><strong>τες</strong></span> <span class='ocrx_word' id='word_1_586' title='bbox 275 4068 650 4133; x_wconf 84' lang='grc' dir='ltr'>διδασκαλίαν,</span> <span class='ocrx_word' id='word_1_587' title='bbox 683 4064 879 4136; x_wconf 69' lang='grc' dir='ltr'>ἐκείνῳ</span> <span class='ocrx_word' id='word_1_588' title='bbox 910 4064 1056 4137; x_wconf 85' lang='grc' dir='ltr'>μόνῳ</span> <span class='ocrx_word' id='word_1_589' title='bbox 1072 4066 1165 4118; x_wconf 84' lang='grc' dir='ltr'><strong>τὸν</strong></span> <span class='ocrx_word' id='word_1_590' title='bbox 1191 4064 1320 4119; x_wconf 85' lang='grc' dir='ltr'>νοῦν</span> <span class='ocrx_word' id='word_1_591' title='bbox 1378 4065 1763 4137; x_wconf 76' lang='grc' dir='ltr'>προσέχουσιν,</span> <span class='ocrx_word' id='word_1_592' title='bbox 1797 4069 1879 4141; x_wconf 85' lang='grc' dir='ltr'>τῷ</span> <span class='ocrx_word' id='word_1_593' title='bbox 1918 4070 2161 4141; x_wconf 79' lang='grc' dir='ltr'>νομίζειν</span> <span class='ocrx_word' id='word_1_594' title='bbox 2205 4073 2287 4126; x_wconf 81' lang='grc' dir='ltr'>ὅτι</span> <span class='ocrx_word' id='word_1_595' title='bbox 2336 4073 2371 4145; x_wconf 71' lang='grc' dir='ltr'><strong>ἡ</strong></span> <span class='ocrx_word' id='word_1_596' title='bbox 2445 4070 2606 4140; x_wconf 81' lang='grc' dir='ltr'>φύσις</span> <span class='ocrx_word' id='word_1_597' title='bbox 2663 4069 2835 4141; x_wconf 71' lang='grc' dir='ltr'>ἤγουν</span> <span class='ocrx_word' id='word_1_598' title='bbox 2883 4068 3042 4122; x_wconf 74' lang='grc' dir='ltr'>οὐσία</span> <span class='ocrx_word' id='word_1_599' title='bbox 3102 4067 3197 4122; x_wconf 71' lang='grc' dir='ltr'>καὶ</span> <span class='ocrx_word' id='word_1_600' title='bbox 3246 4065 3429 4137; x_wconf 79' lang='grc' dir='ltr'>μορφὴ</span> 
     </span>
    </p>
   </div>
   <div class='ocr_carea' id='block_1_83' title="bbox 152 4157 1768 4233">
    <p class='ocr_par' dir='ltr' id='par_1_83' title="bbox 152 4157 1768 4233">
     <span class='ocr_line' id='line_1_83' title="bbox 152 4157 1768 4233; baseline 0.002 -21"><span class='ocrx_word' id='word_1_601' title='bbox 152 4160 353 4214; x_wconf 73' lang='grc' dir='ltr'>ταύτὸν</span> <span class='ocrx_word' id='word_1_602' title='bbox 406 4163 474 4233; x_wconf 80' lang='grc' dir='ltr'>τῇ</span> <span class='ocrx_word' id='word_1_603' title='bbox 540 4157 838 4214; x_wconf 78' lang='grc' dir='ltr'>ὑποστάσει</span> <span class='ocrx_word' id='word_1_604' title='bbox 885 4159 982 4213; x_wconf 76' lang='grc' dir='ltr'>καὶ</span> <span class='ocrx_word' id='word_1_605' title='bbox 1035 4159 1114 4229; x_wconf 84' lang='grc' dir='ltr'><strong>τῷ</strong></span> <span class='ocrx_word' id='word_1_606' title='bbox 1165 4159 1445 4231; x_wconf 83' lang='grc' dir='ltr'>προσώπῳ</span> <span class='ocrx_word' id='word_1_607' title='bbox 1494 4158 1768 4231; x_wconf 87' lang='grc' dir='ltr'>δηλοῦσιν,</span> 
     </span>
    </p>
   </div>
   <div class='ocr_carea' id='block_1_84' title="bbox 153 4252 384 4325">
    <p class='ocr_par' dir='ltr' id='par_1_84' title="bbox 153 4252 384 4325">
     <span class='ocr_line' id='line_1_84' title="bbox 153 4252 384 4325; baseline 0.026 -22"><span class='ocrx_word' id='word_1_608' title='bbox 153 4252 384 4325; x_wconf 75' lang='grc' dir='ltr'>πλάνης.</span> 
     </span>
    </p>
   </div>
   <div class='ocr_carea' id='block_1_85' title="bbox 1843 4161 3428 4238">
    <p class='ocr_par' dir='ltr' id='par_1_85' title="bbox 1843 4161 3428 4238">
     <span class='ocr_line' id='line_1_85' title="bbox 1843 4161 3428 4238; baseline -0.004 -20"><span class='ocrx_word' id='word_1_609' title='bbox 1843 4164 1981 4236; x_wconf 81' lang='grc' dir='ltr'><strong>ὅπερ</strong></span> <span class='ocrx_word' id='word_1_610' title='bbox 2030 4167 2124 4220; x_wconf 72' lang='grc' dir='ltr'>καὶ</span> <span class='ocrx_word' id='word_1_611' title='bbox 2183 4167 2315 4221; x_wconf 78' lang='grc' dir='ltr'>πᾶσι</span> <span class='ocrx_word' id='word_1_612' title='bbox 2363 4167 2478 4230; x_wconf 78' lang='grc' dir='ltr'>τοῖς</span> <span class='ocrx_word' id='word_1_613' title='bbox 2532 4166 2832 4238; x_wconf 82' lang='grc' dir='ltr'>αίρετικοῖς</span> <span class='ocrx_word' id='word_1_614' title='bbox 2882 4163 3159 4236; x_wconf 83' lang='grc' dir='ltr'>πρόφασις</span> <span class='ocrx_word' id='word_1_615' title='bbox 3215 4161 3428 4230; x_wconf 89' lang='grc' dir='ltr'>γίνεται</span> 
     </span>
    </p>
   </div>
   <div class='ocr_carea' id='block_1_86' title="bbox 224 4340 1741 4416">
    <p class='ocr_par' dir='ltr' id='par_1_86' title="bbox 224 4340 1738 4415">
     <span class='ocr_line' id='line_1_86' title="bbox 224 4340 1738 4415; baseline -0.002 -15"><span class='ocrx_word' id='word_1_616' title='bbox 224 4347 336 4400; x_wconf 72' lang='grc' dir='ltr'><strong>Καὶ</strong></span> <span class='ocrx_word' id='word_1_617' title='bbox 365 4345 440 4398; x_wconf 69' lang='grc' dir='ltr'><strong>τὰ</strong></span> <span class='ocrx_word' id='word_1_618' title='bbox 487 4347 585 4415; x_wconf 82' lang='grc' dir='ltr'>μὲν</span> <span class='ocrx_word' id='word_1_619' title='bbox 624 4344 754 4414; x_wconf 80' lang='grc' dir='ltr'>περί</span> <span class='ocrx_word' id='word_1_620' title='bbox 778 4341 973 4395; x_wconf 89' lang='grc' dir='ltr'>τούτου</span> <span class='ocrx_word' id='word_1_621' title='bbox 1003 4342 1096 4395; x_wconf 74' lang='grc' dir='ltr'>καὶ</span> <span class='ocrx_word' id='word_1_622' title='bbox 1131 4341 1194 4394; x_wconf 73' lang='grc' dir='ltr'>ὲν</span> <span class='ocrx_word' id='word_1_623' title='bbox 1232 4340 1307 4412; x_wconf 81' lang='grc' dir='ltr'><strong>τῷ</strong></span> <span class='ocrx_word' id='word_1_624' title='bbox 1340 4341 1443 4413; x_wconf 73' lang='grc' dir='ltr'>ἢδη</span> <span class='ocrx_word' id='word_1_625' title='bbox 1473 4341 1738 4413; x_wconf 80' lang='grc' dir='ltr'>γραφέντι</span> 
     </span>
    </p>
   </div>
   <div class='ocr_carea' id='block_1_87' title="bbox 1846 4340 3430 4416">
    <p class='ocr_par' dir='ltr' id='par_1_87' title="bbox 1917 4342 3430 4416">
     <span class='ocr_line' id='line_1_87' title="bbox 1917 4342 3430 4416; baseline 0.001 -19"><span class='ocrx_word' id='word_1_626' title='bbox 1917 4343 2043 4400; x_wconf 80' lang='lat' dir='ltr'><strong>llaec</strong></span> <span class='ocrx_word' id='word_1_627' title='bbox 2070 4352 2257 4401; x_wconf 89' lang='lat' dir='ltr'><strong>autem</strong></span> <span class='ocrx_word' id='word_1_628' title='bbox 2297 4360 2421 4416; x_wconf 68' lang='lat' dir='ltr'><strong>qua:</strong></span> <span class='ocrx_word' id='word_1_629' title='bbox 2463 4344 2533 4400; x_wconf 91' lang='lat' dir='ltr'><strong>ad</strong></span> <span class='ocrx_word' id='word_1_630' title='bbox 2578 4343 2712 4400; x_wconf 91' lang='lat' dir='ltr'><strong>illud</strong></span> <span class='ocrx_word' id='word_1_631' title='bbox 2741 4342 3044 4414; x_wconf 86' lang='lat' dir='ltr'><strong>pertinent.</strong></span> <span class='ocrx_word' id='word_1_632' title='bbox 3085 4342 3140 4397; x_wconf 91' lang='lat' dir='ltr'><strong>in</strong></span> <span class='ocrx_word' id='word_1_633' title='bbox 3169 4356 3430 4398; x_wconf 87' lang='lat' dir='ltr'><strong>sermone</strong></span> 
     </span>
    </p>
   </div>
   <div class='ocr_carea' id='block_1_88' title="bbox 155 4431 1738 4510">
    <p class='ocr_par' dir='ltr' id='par_1_88' title="bbox 155 4431 1738 4510">
     <span class='ocr_line' id='line_1_88' title="bbox 155 4431 1738 4510; baseline 0 -21"><span class='ocrx_word' id='word_1_634' title='bbox 155 4456 229 4489; x_wconf 86' lang='grc' dir='ltr'><strong>πα</strong></span> <span class='ocrx_word' id='word_1_635' title='bbox 240 4439 286 4510; x_wconf 78' lang='grc' dir='ltr'>ρ’</span> <span class='ocrx_word' id='word_1_636' title='bbox 304 4440 337 4508; x_wconf 79' lang='grc' dir='ltr'><strong>η</strong></span> <span class='ocrx_word' id='word_1_637' title='bbox 347 4437 465 4508; x_wconf 82' lang='grc' dir='ltr'><strong>μῶν</strong></span> <span class='ocrx_word' id='word_1_638' title='bbox 491 4434 635 4506; x_wconf 82' lang='grc' dir='ltr'>λόγῳ</span> <span class='ocrx_word' id='word_1_639' title='bbox 669 4434 806 4506; x_wconf 82' lang='grc' dir='ltr'>πρὸς</span> <span class='ocrx_word' id='word_1_640' title='bbox 843 4431 1046 4488; x_wconf 74' lang='grc' dir='ltr'>Ζωΐλον</span> <span class='ocrx_word' id='word_1_641' title='bbox 1066 4433 1161 4486; x_wconf 80' lang='grc' dir='ltr'>τὸν</span> <span class='ocrx_word' id='word_1_642' title='bbox 1186 4434 1614 4505; x_wconf 81' lang='grc' dir='ltr'>μακαριώτατον</span> <span class='ocrx_word' id='word_1_643' title='bbox 1637 4435 1738 4507; x_wconf 85' lang='grc' dir='ltr'><strong>ἀρ-</strong></span> 
     </span>
    </p>
   </div>
   <div class='ocr_carea' id='block_1_89' title="bbox 154 4526 1738 4602">
    <p class='ocr_par' dir='ltr' id='par_1_89' title="bbox 154 4526 1738 4602">
     <span class='ocr_line' id='line_1_89' title="bbox 154 4526 1738 4602; baseline 0.012 -19"><span class='ocrx_word' id='word_1_644' title='bbox 154 4532 511 4601; x_wconf 80' lang='grc' dir='ltr'>χιεπίσκοπον</span> <span class='ocrx_word' id='word_1_645' title='bbox 553 4528 654 4599; x_wconf 84' lang='grc' dir='ltr'>τῆς</span> <span class='ocrx_word' id='word_1_646' title='bbox 695 4526 1093 4598; x_wconf 75' lang='grc' dir='ltr'><strong>Ἀλεξανδρέων</strong></span> <span class='ocrx_word' id='word_1_647' title='bbox 1138 4527 1236 4581; x_wconf 54' lang='grc' dir='ltr'><strong>καὶ</strong></span> <span class='ocrx_word' id='word_1_648' title='bbox 1277 4528 1627 4601; x_wconf 79' lang='grc' dir='ltr'>πατριάρχην</span> <span class='ocrx_word' id='word_1_649' title='bbox 1658 4529 1738 4602; x_wconf 73' lang='grc'><strong>(5)</strong></span> 
     </span>
    </p>
   </div>
   <div class='ocr_carea' id='block_1_90' title="bbox 156 4612 1736 4690">
    <p class='ocr_par' dir='ltr' id='par_1_90' title="bbox 156 4612 1736 4690">
     <span class='ocr_line' id='line_1_90' title="bbox 156 4612 1736 4690; baseline 0.001 -17"><span class='ocrx_word' id='word_1_650' title='bbox 156 4620 357 4684; x_wconf 77' lang='grc' dir='ltr'>ἱκανῶς</span> <span class='ocrx_word' id='word_1_651' title='bbox 409 4612 822 4685; x_wconf 79' lang='grc' dir='ltr'>ἀποδέδεικται,</span> <span class='ocrx_word' id='word_1_652' title='bbox 886 4619 1362 4690; x_wconf 81' lang='grc' dir='ltr'>παραστησάντων</span> <span class='ocrx_word' id='word_1_653' title='bbox 1423 4619 1585 4690; x_wconf 77' lang='grc' dir='ltr'>ἡμῶν</span> <span class='ocrx_word' id='word_1_654' title='bbox 1650 4620 1736 4674; x_wconf 83' lang='grc' dir='ltr'>ὅτι</span> 
     </span>
    </p>
   </div>
   <div class='ocr_carea' id='block_1_91' title="bbox 154 4705 1735 4786">
    <p class='ocr_par' dir='ltr' id='par_1_91' title="bbox 154 4705 1735 4786">
     <span class='ocr_line' id='line_1_91' title="bbox 154 4705 1735 4786; baseline -0.001 -18"><span class='ocrx_word' id='word_1_655' title='bbox 154 4712 316 4783; x_wconf 82' lang='grc' dir='ltr'>φύσις</span> <span class='ocrx_word' id='word_1_656' title='bbox 352 4715 450 4770; x_wconf 75' lang='grc' dir='ltr'>καὶ</span> <span class='ocrx_word' id='word_1_657' title='bbox 491 4711 673 4786; x_wconf 80' lang='grc' dir='ltr'>μορφὴ</span> <span class='ocrx_word' id='word_1_658' title='bbox 705 4710 904 4766; x_wconf 79' lang='grc' dir='ltr'>ταύτὸν</span> <span class='ocrx_word' id='word_1_659' title='bbox 956 4705 1260 4784; x_wconf 72' lang='grc' dir='ltr'>δηλοῑ,’κοὶ’</span> <span class='ocrx_word' id='word_1_660' title='bbox 1285 4714 1379 4767; x_wconf 74' lang='grc' dir='ltr'><strong>ἐπὶ</strong></span> <span class='ocrx_word' id='word_1_661' title='bbox 1417 4711 1514 4766; x_wconf 81' lang='grc' dir='ltr'><strong>τοῦ</strong></span> <span class='ocrx_word' id='word_1_662' title='bbox 1549 4711 1735 4767; x_wconf 84' lang='grc' dir='ltr'>κοινοῦ</span> 
     </span>
    </p>
   </div>
   <div class='ocr_carea' id='block_1_92' title="bbox 154 4802 1733 4876">
    <p class='ocr_par' dir='ltr' id='par_1_92' title="bbox 154 4802 1733 4876">
     <span class='ocr_line' id='line_1_92' title="bbox 154 4802 1733 4876; baseline 0 -19"><span class='ocrx_word' id='word_1_663' title='bbox 154 4805 566 4876; x_wconf 83' lang='grc' dir='ltr'>σημαινομένου</span> <span class='ocrx_word' id='word_1_664' title='bbox 591 4803 985 4874; x_wconf 74' lang='grc' dir='ltr'>λαμϐάνονται.</span> <span class='ocrx_word' id='word_1_665' title='bbox 1023 4802 1099 4857; x_wconf 78' lang='grc' dir='ltr'><strong>Τὸ</strong></span> <span class='ocrx_word' id='word_1_666' title='bbox 1144 4802 1202 4857; x_wconf 82' lang='grc' dir='ltr'>δὲ</span> <span class='ocrx_word' id='word_1_667' title='bbox 1242 4804 1538 4876; x_wconf 84' lang='grc' dir='ltr'>πρόσωπον</span> <span class='ocrx_word' id='word_1_668' title='bbox 1564 4804 1662 4858; x_wconf 76' lang='grc' dir='ltr'>καὶ</span> <span class='ocrx_word' id='word_1_669' title='bbox 1697 4806 1733 4876; x_wconf 76' lang='grc' dir='ltr'><strong>ἡ</strong></span> 
     </span>
    </p>
   </div>
   <div class='ocr_carea' id='block_1_93' title="bbox 153 4895 1737 4967">
    <p class='ocr_par' dir='ltr' id='par_1_93' title="bbox 153 4895 1737 4967">
     <span class='ocr_line' id='line_1_93' title="bbox 153 4895 1737 4967; baseline 0 -17"><span class='ocrx_word' id='word_1_670' title='bbox 153 4898 453 4960; x_wconf 85' lang='grc' dir='ltr'>ὑπόστασις</span> <span class='ocrx_word' id='word_1_671' title='bbox 494 4896 589 4948; x_wconf 74' lang='grc' dir='ltr'><strong>ἐπὶ</strong></span> <span class='ocrx_word' id='word_1_672' title='bbox 620 4896 731 4951; x_wconf 85' lang='grc' dir='ltr'><strong>τῶν</strong></span> <span class='ocrx_word' id='word_1_673' title='bbox 758 4896 881 4951; x_wconf 81' lang='grc' dir='ltr'>καθ’</span> <span class='ocrx_word' id='word_1_674' title='bbox 910 4896 1144 4951; x_wconf 73' lang='grc' dir='ltr'>ἕκαστον</span> <span class='ocrx_word' id='word_1_675' title='bbox 1180 4896 1425 4966; x_wconf 82' lang='grc' dir='ltr'>λέγεται.</span> <span class='ocrx_word' id='word_1_676' title='bbox 1454 4895 1603 4967; x_wconf 84' lang='grc' dir='ltr'>Πλὴν</span> <span class='ocrx_word' id='word_1_677' title='bbox 1643 4896 1737 4950; x_wconf 74' lang='grc' dir='ltr'>καὶ</span> 
     </span>
    </p>
   </div>
   <div class='ocr_carea' id='block_1_94' title="bbox 150 4986 1735 5061">
    <p class='ocr_par' dir='ltr' id='par_1_94' title="bbox 150 4986 1735 5061">
     <span class='ocr_line' id='line_1_94' title="bbox 150 4986 1735 5061; baseline 0.002 -20"><span class='ocrx_word' id='word_1_678' title='bbox 150 4986 386 5041; x_wconf 76' lang='grc' dir='ltr'>ἐνταῦθα</span> <span class='ocrx_word' id='word_1_679' title='bbox 412 4987 481 5041; x_wconf 75' lang='grc' dir='ltr'>δι’</span> <span class='ocrx_word' id='word_1_680' title='bbox 506 4986 710 5058; x_wconf 81' lang='grc' dir='ltr'>ἐτέρων</span> <span class='ocrx_word' id='word_1_681' title='bbox 756 4987 1080 5060; x_wconf 84' lang='grc' dir='ltr'>μαρτυριῶν</span> <span class='ocrx_word' id='word_1_682' title='bbox 1110 4989 1221 5042; x_wconf 87' lang='grc' dir='ltr'><strong>τῶν</strong></span> <span class='ocrx_word' id='word_1_683' title='bbox 1263 4989 1439 5059; x_wconf 80' lang='grc' dir='ltr'>ἁγίων</span> <span class='ocrx_word' id='word_1_684' title='bbox 1470 4987 1735 5061; x_wconf 80' lang='grc' dir='ltr'>Πατέρων</span> 
     </span>
    </p>
   </div>
   <div class='ocr_carea' id='block_1_95' title="bbox 150 5078 1732 5153">
    <p class='ocr_par' dir='ltr' id='par_1_95' title="bbox 150 5078 1732 5153">
     <span class='ocr_line' id='line_1_95' title="bbox 150 5078 1732 5153; baseline 0.002 -22"><span class='ocrx_word' id='word_1_685' title='bbox 150 5078 213 5132; x_wconf 84' lang='grc' dir='ltr'><strong>τδ</strong></span> <span class='ocrx_word' id='word_1_686' title='bbox 256 5078 389 5132; x_wconf 81' lang='grc' dir='ltr'>αὐτὸ</span> <span class='ocrx_word' id='word_1_687' title='bbox 435 5081 887 5150; x_wconf 83' lang='grc' dir='ltr'>παραστήσομεν.</span> <span class='ocrx_word' id='word_1_688' title='bbox 914 5110 986 5120; x_wconf 92' lang='grc'><strong>-</strong></span> <span class='ocrx_word' id='word_1_689' title='bbox 1012 5079 1099 5153; x_wconf 80' lang='grc' dir='ltr'><strong>[Ρ.</strong></span> <span class='ocrx_word' id='word_1_690' title='bbox 1141 5080 1271 5153; x_wconf 76' lang='grc'><strong>555]</strong></span> <span class='ocrx_word' id='word_1_691' title='bbox 1317 5080 1507 5135; x_wconf 89' lang='grc' dir='ltr'>Ταῦτα</span> <span class='ocrx_word' id='word_1_692' title='bbox 1550 5079 1732 5135; x_wconf 88' lang='grc' dir='ltr'>τοίνυν</span> 
     </span>
    </p>
   </div>
   <div class='ocr_carea' id='block_1_96' title="bbox 150 5169 1732 5246">
    <p class='ocr_par' dir='ltr' id='par_1_96' title="bbox 150 5169 1732 5246">
     <span class='ocr_line' id='line_1_96' title="bbox 150 5169 1732 5246; baseline 0.003 -23"><span class='ocrx_word' id='word_1_693' title='bbox 150 5170 458 5243; x_wconf 76' lang='grc' dir='ltr'>εἰρήκαμεν</span> <span class='ocrx_word' id='word_1_694' title='bbox 477 5169 783 5233; x_wconf 88' lang='grc' dir='ltr'>δεικνύντες</span> <span class='ocrx_word' id='word_1_695' title='bbox 813 5171 894 5225; x_wconf 84' lang='grc' dir='ltr'>ὅτι</span> <span class='ocrx_word' id='word_1_696' title='bbox 925 5170 1083 5226; x_wconf 82' lang='grc' dir='ltr'>οὐσία</span> <span class='ocrx_word' id='word_1_697' title='bbox 1107 5173 1201 5227; x_wconf 71' lang='grc' dir='ltr'>καὶ</span> <span class='ocrx_word' id='word_1_698' title='bbox 1233 5172 1395 5243; x_wconf 90' lang='grc' dir='ltr'>φύσις</span> <span class='ocrx_word' id='word_1_699' title='bbox 1424 5173 1517 5227; x_wconf 74' lang='grc' dir='ltr'>καὶ</span> <span class='ocrx_word' id='word_1_700' title='bbox 1549 5174 1732 5246; x_wconf 77' lang='grc' dir='ltr'>μορφὴ</span> 
     </span>
    </p>
   </div>
   <div class='ocr_carea' id='block_1_97' title="bbox 146 5261 1731 5334">
    <p class='ocr_par' dir='ltr' id='par_1_97' title="bbox 146 5261 1731 5334">
     <span class='ocr_line' id='line_1_97' title="bbox 146 5261 1731 5334; baseline 0.002 -18"><span class='ocrx_word' id='word_1_701' title='bbox 146 5263 342 5318; x_wconf 86' lang='grc' dir='ltr'>ταύτδν</span> <span class='ocrx_word' id='word_1_702' title='bbox 389 5261 664 5333; x_wconf 89' lang='grc' dir='ltr'>δηλοῦσιν.</span> <span class='ocrx_word' id='word_1_703' title='bbox 700 5263 823 5316; x_wconf 81' lang='grc' dir='ltr'><strong>Ὀτι</strong></span> <span class='ocrx_word' id='word_1_704' title='bbox 860 5262 917 5316; x_wconf 82' lang='grc' dir='ltr'>δὲ</span> <span class='ocrx_word' id='word_1_705' title='bbox 965 5263 1089 5334; x_wconf 76' lang='grc' dir='ltr'><strong>οὐχὶ</strong></span> <span class='ocrx_word' id='word_1_706' title='bbox 1134 5264 1332 5318; x_wconf 79' lang='grc' dir='ltr'>ταύτόν</span> <span class='ocrx_word' id='word_1_707' title='bbox 1378 5265 1527 5319; x_wconf 83' lang='grc' dir='ltr'>ὲστιν</span> <span class='ocrx_word' id='word_1_708' title='bbox 1571 5266 1731 5320; x_wconf 87' lang='grc' dir='ltr'>ούσία</span> 
     </span>
    </p>
   </div>
   <div class='ocr_carea' id='block_1_98' title="bbox 148 5354 1723 5426">
    <p class='ocr_par' dir='ltr' id='par_1_98' title="bbox 148 5354 1723 5426">
     <span class='ocr_line' id='line_1_98' title="bbox 148 5354 1723 5426; baseline 0.001 -19"><span class='ocrx_word' id='word_1_709' title='bbox 148 5354 243 5407; x_wconf 73' lang='grc' dir='ltr'>καὶ</span> <span class='ocrx_word' id='word_1_710' title='bbox 262 5355 581 5421; x_wconf 86' lang='grc' dir='ltr'>ὑπόστασις,</span> <span class='ocrx_word' id='word_1_711' title='bbox 604 5355 681 5420; x_wconf 80' lang='grc' dir='ltr'>ὡς</span> <span class='ocrx_word' id='word_1_712' title='bbox 703 5356 755 5409; x_wconf 87' lang='grc' dir='ltr'><strong>οί</strong></span> <span class='ocrx_word' id='word_1_713' title='bbox 776 5355 1047 5426; x_wconf 72' lang='grc' dir='ltr'>αἱρετικοὶ</span> <span class='ocrx_word' id='word_1_714' title='bbox 1076 5355 1420 5426; x_wconf 83' lang='grc' dir='ltr'>πλανώμενοι</span> <span class='ocrx_word' id='word_1_715' title='bbox 1452 5355 1723 5426; x_wconf 78' lang='grc' dir='ltr'>λέγουσιν,</span> 
     </span>
    </p>
   </div>
   <div class='ocr_carea' id='block_1_99' title="bbox 147 5447 1725 5520">
    <p class='ocr_par' dir='ltr' id='par_1_99' title="bbox 147 5447 1725 5520">
     <span class='ocr_line' id='line_1_99' title="bbox 147 5447 1725 5520; baseline 0.002 -21"><span class='ocrx_word' id='word_1_716' title='bbox 147 5447 243 5500; x_wconf 73' lang='grc' dir='ltr'>καὶ</span> <span class='ocrx_word' id='word_1_717' title='bbox 276 5449 340 5501; x_wconf 70' lang='grc' dir='ltr'>ἐκ</span> <span class='ocrx_word' id='word_1_718' title='bbox 373 5449 473 5518; x_wconf 72' lang='grc' dir='ltr'>τῆς</span> <span class='ocrx_word' id='word_1_719' title='bbox 511 5449 640 5520; x_wconf 73' lang='grc' dir='ltr'>περὶ</span> <span class='ocrx_word' id='word_1_720' title='bbox 662 5448 763 5518; x_wconf 73' lang='grc' dir='ltr'>τὴν</span> <span class='ocrx_word' id='word_1_721' title='bbox 796 5447 959 5517; x_wconf 80' lang='grc' dir='ltr'>ἁγίαν</span> <span class='ocrx_word' id='word_1_722' title='bbox 991 5447 1198 5516; x_wconf 78' lang='grc' dir='ltr'>Τριάδα</span> <span class='ocrx_word' id='word_1_723' title='bbox 1234 5447 1518 5516; x_wconf 85' lang='grc' dir='ltr'>θεολογίας</span> <span class='ocrx_word' id='word_1_724' title='bbox 1545 5448 1725 5514; x_wconf 78' lang='grc' dir='ltr'><strong>ἔξεστι</strong></span> 
     </span>
    </p>
   </div>
   <div class='ocr_carea' id='block_1_100' title="bbox 148 5539 1725 5612">
    <p class='ocr_par' dir='ltr' id='par_1_100' title="bbox 148 5539 1725 5612">
     <span class='ocr_line' id='line_1_100' title="bbox 148 5539 1725 5612; baseline 0.004 -23"><span class='ocrx_word' id='word_1_725' title='bbox 148 5539 338 5606; x_wconf 82' lang='grc' dir='ltr'>μαθεῖν</span> <span class='ocrx_word' id='word_1_726' title='bbox 363 5556 376 5570; x_wconf 80' lang='lat'>&#39;</span> <span class='ocrx_word' id='word_1_727' title='bbox 414 5542 643 5612; x_wconf 68' lang='grc' dir='ltr'>ὅτειγάρ</span> <span class='ocrx_word' id='word_1_728' title='bbox 666 5541 894 5612; x_wconf 73' lang='grc' dir='ltr'>εἴπομεν</span> <span class='ocrx_word' id='word_1_729' title='bbox 924 5540 1078 5604; x_wconf 73' lang='grc' dir='ltr'>Θεὸν,</span> <span class='ocrx_word' id='word_1_730' title='bbox 1105 5543 1205 5610; x_wconf 82' lang='grc' dir='ltr'>τὴν</span> <span class='ocrx_word' id='word_1_731' title='bbox 1245 5540 1377 5610; x_wconf 86' lang='grc' dir='ltr'>μίαν</span> <span class='ocrx_word' id='word_1_732' title='bbox 1407 5541 1597 5594; x_wconf 78' lang='grc' dir='ltr'>οὐσίαν</span> <span class='ocrx_word' id='word_1_733' title='bbox 1626 5540 1725 5612; x_wconf 84' lang='grc' dir='ltr'>τῆς</span> 
     </span>
    </p>
   </div>
   <div class='ocr_carea' id='block_1_101' title="bbox 1845 4433 3423 4507">
    <p class='ocr_par' dir='ltr' id='par_1_101' title="bbox 1845 4433 3423 4507">
     <span class='ocr_line' id='line_1_101' title="bbox 1845 4433 3423 4507; baseline -0.003 -15"><span class='ocrx_word' id='word_1_734' title='bbox 1845 4453 1876 4492; x_wconf 92' lang='lat' dir='ltr'><strong>a</strong></span> <span class='ocrx_word' id='word_1_735' title='bbox 1921 4439 2088 4493; x_wconf 89' lang='lat' dir='ltr'><strong>nobis</strong></span> <span class='ocrx_word' id='word_1_736' title='bbox 2132 4438 2199 4493; x_wconf 88' lang='lat' dir='ltr'><strong>ad</strong></span> <span class='ocrx_word' id='word_1_737' title='bbox 2248 4437 2462 4493; x_wconf 83' lang='lat' dir='ltr'><strong>Zoilum</strong></span> <span class='ocrx_word' id='word_1_738' title='bbox 2515 4436 2897 4493; x_wconf 84' lang='lat' dir='ltr'><strong>beatissimum</strong></span> <span class='ocrx_word' id='word_1_739' title='bbox 2941 4433 3423 4507; x_wconf 84' lang='lat' dir='ltr'><strong>archiepiscopum</strong></span> 
     </span>
    </p>
   </div>
   <div class='ocr_carea' id='block_1_102' title="bbox 1846 4528 3425 4601">
    <p class='ocr_par' dir='ltr' id='par_1_102' title="bbox 1846 4528 3425 4601">
     <span class='ocr_line' id='line_1_102' title="bbox 1846 4528 3425 4601; baseline -0.003 -14"><span class='ocrx_word' id='word_1_740' title='bbox 1846 4528 2193 4587; x_wconf 71' lang='lat' dir='ltr'><strong>Alexandria:</strong></span> <span class='ocrx_word' id='word_1_741' title='bbox 2216 4546 2282 4586; x_wconf 90' lang='lat' dir='ltr'><strong>ac</strong></span> <span class='ocrx_word' id='word_1_742' title='bbox 2306 4529 2676 4601; x_wconf 88' lang='lat' dir='ltr'><strong>patriarcham</strong></span> <span class='ocrx_word' id='word_1_743' title='bbox 2704 4528 2839 4584; x_wconf 87' lang='lat' dir='ltr'><strong>satis</strong></span> <span class='ocrx_word' id='word_1_744' title='bbox 2854 4528 3107 4599; x_wconf 84' lang='lat' dir='ltr'><strong>exposita</strong></span> <span class='ocrx_word' id='word_1_745' title='bbox 3123 4536 3274 4595; x_wconf 89' lang='lat' dir='ltr'><strong>sunt,</strong></span> <span class='ocrx_word' id='word_1_746' title='bbox 3299 4543 3425 4584; x_wconf 90' lang='lat' dir='ltr'><strong>cum</strong></span> 
     </span>
    </p>
   </div>
   <div class='ocr_carea' id='block_1_103' title="bbox 1848 4618 3424 4679">
    <p class='ocr_par' dir='ltr' id='par_1_103' title="bbox 1848 4618 3424 4679">
     <span class='ocr_line' id='line_1_103' title="bbox 1848 4618 3424 4679; baseline -0.004 0"><span class='ocrx_word' id='word_1_747' title='bbox 1848 4623 2207 4679; x_wconf 86' lang='lat' dir='ltr'><strong>statuerimus</strong></span> <span class='ocrx_word' id='word_1_748' title='bbox 2244 4634 2503 4678; x_wconf 86' lang='lat' dir='ltr'><strong>naturam</strong></span> <span class='ocrx_word' id='word_1_749' title='bbox 2532 4637 2597 4677; x_wconf 92' lang='lat' dir='ltr'><strong>ac</strong></span> <span class='ocrx_word' id='word_1_750' title='bbox 2626 4621 2861 4676; x_wconf 88' lang='lat' dir='ltr'><strong>formam</strong></span> <span class='ocrx_word' id='word_1_751' title='bbox 2895 4619 3154 4676; x_wconf 88' lang='lat' dir='ltr'><strong>eumdem</strong></span> <span class='ocrx_word' id='word_1_752' title='bbox 3192 4618 3424 4675; x_wconf 88' lang='lat' dir='ltr'><strong>demon-</strong></span> 
     </span>
    </p>
   </div>
   <div class='ocr_carea' id='block_1_104' title="bbox 1840 4712 3426 4786">
    <p class='ocr_par' dir='ltr' id='par_1_104' title="bbox 1840 4712 3426 4786">
     <span class='ocr_line' id='line_1_104' title="bbox 1840 4712 3426 4786; baseline -0.001 -16"><span class='ocrx_word' id='word_1_753' title='bbox 1840 4723 2038 4780; x_wconf 88' lang='lat' dir='ltr'><strong>strare,</strong></span> <span class='ocrx_word' id='word_1_754' title='bbox 2064 4715 2243 4786; x_wconf 89' lang='lat' dir='ltr'><strong>deque</strong></span> <span class='ocrx_word' id='word_1_755' title='bbox 2292 4713 2572 4770; x_wconf 89' lang='lat' dir='ltr'><strong>communi</strong></span> <span class='ocrx_word' id='word_1_756' title='bbox 2626 4712 2939 4786; x_wconf 84' lang='lat' dir='ltr'><strong>significato</strong></span> <span class='ocrx_word' id='word_1_757' title='bbox 2981 4715 3148 4769; x_wconf 89' lang='lat' dir='ltr'><strong>sumi.</strong></span> <span class='ocrx_word' id='word_1_758' title='bbox 3181 4714 3426 4770; x_wconf 87' lang='lat' dir='ltr'><strong>Persona</strong></span> 
     </span>
    </p>
   </div>
   <div class='ocr_carea' id='block_1_105' title="bbox 1840 4800 3446 4877">
    <p class='ocr_par' dir='ltr' id='par_1_105' title="bbox 1840 4800 3446 4877">
     <span class='ocr_line' id='line_1_105' title="bbox 1840 4800 3446 4877; baseline 0 -17"><span class='ocrx_word' id='word_1_759' title='bbox 1840 4820 1975 4861; x_wconf 83' lang='lat' dir='ltr'><strong>vero</strong></span> <span class='ocrx_word' id='word_1_760' title='bbox 1994 4814 2159 4876; x_wconf 90' lang='lat' dir='ltr'><strong>atque</strong></span> <span class='ocrx_word' id='word_1_761' title='bbox 2175 4800 2491 4877; x_wconf 85' lang='lat' dir='ltr'><strong>hypostasis</strong></span> <span class='ocrx_word' id='word_1_762' title='bbox 2511 4804 2580 4859; x_wconf 90' lang='lat' dir='ltr'><strong>de</strong></span> <span class='ocrx_word' id='word_1_763' title='bbox 2606 4804 2839 4877; x_wconf 85' lang='lat' dir='ltr'><strong>singulis</strong></span> <span class='ocrx_word' id='word_1_764' title='bbox 2862 4804 3086 4862; x_wconf 85' lang='lat' dir='ltr'><strong>dicitur.</strong></span> <span class='ocrx_word' id='word_1_765' title='bbox 3113 4804 3215 4860; x_wconf 87' lang='lat' dir='ltr'><strong>Hic</strong></span> <span class='ocrx_word' id='word_1_766' title='bbox 3239 4812 3446 4860; x_wconf 53' lang='lat' dir='ltr'><strong>tament</strong></span> 
     </span>
    </p>
   </div>
   <div class='ocr_carea' id='block_1_106' title="bbox 1841 4897 3421 4955">
    <p class='ocr_par' dir='ltr' id='par_1_106' title="bbox 1841 4897 3421 4955">
     <span class='ocr_line' id='line_1_106' title="bbox 1841 4897 3421 4955; baseline -0.001 -2"><span class='ocrx_word' id='word_1_767' title='bbox 1841 4899 1967 4955; x_wconf 88' lang='lat' dir='ltr'><strong>aliis</strong></span> <span class='ocrx_word' id='word_1_768' title='bbox 2000 4898 2335 4955; x_wconf 90' lang='lat' dir='ltr'><strong>testimoniis</strong></span> <span class='ocrx_word' id='word_1_769' title='bbox 2366 4908 2686 4954; x_wconf 88' lang='lat' dir='ltr'><strong>sanctorum</strong></span> <span class='ocrx_word' id='word_1_770' title='bbox 2723 4898 2949 4954; x_wconf 84' lang='lat' dir='ltr'><strong>Patrum</strong></span> <span class='ocrx_word' id='word_1_771' title='bbox 2984 4897 3130 4953; x_wconf 92' lang='lat' dir='ltr'><strong>idem</strong></span> <span class='ocrx_word' id='word_1_772' title='bbox 3166 4897 3421 4952; x_wconf 83' lang='lat' dir='ltr'><strong>stabilie-</strong></span> 
     </span>
    </p>
   </div>
   <div class='ocr_carea' id='block_1_107' title="bbox 1840 4988 3416 5061">
    <p class='ocr_par' dir='ltr' id='par_1_107' title="bbox 1840 4988 3416 5061">
     <span class='ocr_line' id='line_1_107' title="bbox 1840 4988 3416 5061; baseline -0.003 -14"><span class='ocrx_word' id='word_1_773' title='bbox 1840 5006 1986 5047; x_wconf 89' lang='lat' dir='ltr'><strong>mus.</strong></span> <span class='ocrx_word' id='word_1_774' title='bbox 2000 5022 2071 5032; x_wconf 93' lang='lat'><strong>—</strong></span> <span class='ocrx_word' id='word_1_775' title='bbox 2084 4990 2209 5046; x_wconf 64' lang='lat' dir='ltr'><strong>Haec</strong></span> <span class='ocrx_word' id='word_1_776' title='bbox 2239 5004 2370 5061; x_wconf 85' lang='lat' dir='ltr'><strong>ergo</strong></span> <span class='ocrx_word' id='word_1_777' title='bbox 2386 4990 2628 5046; x_wconf 85' lang='lat' dir='ltr'><strong>diximus</strong></span> <span class='ocrx_word' id='word_1_778' title='bbox 2644 4990 3006 5047; x_wconf 86' lang='lat' dir='ltr'><strong>ostendentes</strong></span> <span class='ocrx_word' id='word_1_779' title='bbox 3026 4988 3416 5053; x_wconf 87' lang='lat' dir='ltr'><strong>substantiam,</strong></span> 
     </span>
    </p>
   </div>
   <div class='ocr_carea' id='block_1_108' title="bbox 1839 5077 3417 5152">
    <p class='ocr_par' dir='ltr' id='par_1_108' title="bbox 1839 5077 3417 5152">
     <span class='ocr_line' id='line_1_108' title="bbox 1839 5077 3417 5152; baseline -0.003 -16"><span class='ocrx_word' id='word_1_780' title='bbox 1839 5090 2092 5137; x_wconf 85' lang='lat' dir='ltr'><strong>naturam</strong></span> <span class='ocrx_word' id='word_1_781' title='bbox 2120 5079 2465 5150; x_wconf 89' lang='lat' dir='ltr'><strong>formamque</strong></span> <span class='ocrx_word' id='word_1_782' title='bbox 2504 5079 2651 5135; x_wconf 87' lang='lat' dir='ltr'><strong>idem</strong></span> <span class='ocrx_word' id='word_1_783' title='bbox 2697 5080 3032 5152; x_wconf 70' lang='lat' dir='ltr'><strong>significare.</strong></span> <span class='ocrx_word' id='word_1_784' title='bbox 3071 5077 3193 5133; x_wconf 84' lang='lat' dir='ltr'><strong>Non</strong></span> <span class='ocrx_word' id='word_1_785' title='bbox 3233 5087 3417 5132; x_wconf 83' lang='lat' dir='ltr'><strong>autem</strong></span> 
     </span>
    </p>
   </div>
   <div class='ocr_carea' id='block_1_109' title="bbox 1842 5168 3494 5244">
    <p class='ocr_par' dir='ltr' id='par_1_109' title="bbox 1842 5168 3494 5244">
     <span class='ocr_line' id='line_1_109' title="bbox 1842 5168 3494 5244; baseline -0.004 -13"><span class='ocrx_word' id='word_1_786' title='bbox 1842 5168 1989 5231; x_wconf 84' lang='lat' dir='ltr'><strong>idem</strong></span> <span class='ocrx_word' id='word_1_787' title='bbox 2017 5187 2142 5230; x_wconf 90' lang='lat' dir='ltr'><strong>esse</strong></span> <span class='ocrx_word' id='word_1_788' title='bbox 2166 5171 2531 5228; x_wconf 90' lang='lat' dir='ltr'><strong>substantiam</strong></span> <span class='ocrx_word' id='word_1_789' title='bbox 2552 5181 2719 5242; x_wconf 85' lang='lat' dir='ltr'><strong>atque</strong></span> <span class='ocrx_word' id='word_1_790' title='bbox 2746 5170 3280 5244; x_wconf 71' lang='lat' dir='ltr'><strong>hypostasim,velut</strong></span> <span class='ocrx_word' id='word_1_791' title='bbox 3309 5169 3420 5225; x_wconf 72' lang='grc' dir='ltr'>ιιω-</span> <span class='ocrx_word' id='word_1_792' title='bbox 3476 5200 3494 5215; x_wconf 68' lang='grc' dir='ltr'>υ</span> 
     </span>
    </p>
   </div>
   <div class='ocr_carea' id='block_1_110' title="bbox 1838 5260 3415 5335">
    <p class='ocr_par' dir='ltr' id='par_1_110' title="bbox 1838 5260 3415 5335">
     <span class='ocr_line' id='line_1_110' title="bbox 1838 5260 3415 5335; baseline -0.001 -17"><span class='ocrx_word' id='word_1_793' title='bbox 1838 5264 1999 5320; x_wconf 89' lang='lat' dir='ltr'><strong>retici</strong></span> <span class='ocrx_word' id='word_1_794' title='bbox 2031 5273 2289 5322; x_wconf 89' lang='lat' dir='ltr'><strong>errantes</strong></span> <span class='ocrx_word' id='word_1_795' title='bbox 2327 5264 2541 5330; x_wconf 90' lang='lat' dir='ltr'><strong>dicunt,</strong></span> <span class='ocrx_word' id='word_1_796' title='bbox 2576 5280 2644 5320; x_wconf 78' lang='lat' dir='ltr'><strong>ex</strong></span> <span class='ocrx_word' id='word_1_797' title='bbox 2683 5266 2801 5335; x_wconf 87' lang='lat' dir='ltr'><strong>ipsa</strong></span> <span class='ocrx_word' id='word_1_798' title='bbox 2833 5264 2900 5319; x_wconf 88' lang='lat' dir='ltr'><strong>de</strong></span> <span class='ocrx_word' id='word_1_799' title='bbox 2925 5272 3113 5319; x_wconf 87' lang='lat' dir='ltr'><strong>sancta</strong></span> <span class='ocrx_word' id='word_1_800' title='bbox 3144 5260 3415 5316; x_wconf 85' lang='lat' dir='ltr'><strong>Trinitate</strong></span> 
     </span>
    </p>
   </div>
   <div class='ocr_carea' id='block_1_111' title="bbox 1837 5353 3413 5429">
    <p class='ocr_par' dir='ltr' id='par_1_111' title="bbox 1837 5353 3413 5429">
     <span class='ocr_line' id='line_1_111' title="bbox 1837 5353 3413 5429; baseline -0.002 -18"><span class='ocrx_word' id='word_1_801' title='bbox 1837 5356 2116 5429; x_wconf 78' lang='lat' dir='ltr'><strong>theologia</strong></span> <span class='ocrx_word' id='word_1_802' title='bbox 2166 5356 2383 5413; x_wconf 89' lang='lat' dir='ltr'><strong>discere</strong></span> <span class='ocrx_word' id='word_1_803' title='bbox 2412 5356 2560 5413; x_wconf 85' lang='lat' dir='ltr'><strong>licet.</strong></span> <span class='ocrx_word' id='word_1_804' title='bbox 2592 5354 2730 5412; x_wconf 89' lang='lat' dir='ltr'><strong>Cum</strong></span> <span class='ocrx_word' id='word_1_805' title='bbox 2768 5355 2917 5411; x_wconf 89' lang='lat' dir='ltr'><strong>enim</strong></span> <span class='ocrx_word' id='word_1_806' title='bbox 2948 5355 3121 5410; x_wconf 85' lang='lat' dir='ltr'><strong>Deum</strong></span> <span class='ocrx_word' id='word_1_807' title='bbox 3153 5353 3413 5415; x_wconf 86' lang='lat' dir='ltr'><strong>dicimus.</strong></span> 
     </span>
    </p>
   </div>
   <div class='ocr_carea' id='block_1_112' title="bbox 1835 5444 3409 5516">
    <p class='ocr_par' dir='ltr' id='par_1_112' title="bbox 1835 5444 3409 5516">
     <span class='ocr_line' id='line_1_112' title="bbox 1835 5444 3409 5516; baseline -0.003 -12"><span class='ocrx_word' id='word_1_808' title='bbox 1835 5465 2003 5504; x_wconf 87' lang='lat' dir='ltr'><strong>unam</strong></span> <span class='ocrx_word' id='word_1_809' title='bbox 2032 5448 2400 5504; x_wconf 89' lang='lat' dir='ltr'><strong>substantiam</strong></span> <span class='ocrx_word' id='word_1_810' title='bbox 2439 5455 2641 5503; x_wconf 65' lang='lat' dir='ltr'><strong>sancta:</strong></span> <span class='ocrx_word' id='word_1_811' title='bbox 2672 5445 2963 5503; x_wconf 86' lang='lat' dir='ltr'><strong>Trinitatis</strong></span> <span class='ocrx_word' id='word_1_812' title='bbox 2997 5444 3409 5516; x_wconf 79' lang='lat' dir='ltr'><strong>significamus;</strong></span> 
     </span>
    </p>
   </div>
   <div class='ocr_carea' id='block_1_113' title="bbox 1834 5534 3408 5609">
    <p class='ocr_par' dir='ltr' id='par_1_113' title="bbox 1834 5534 3408 5609">
     <span class='ocr_line' id='line_1_113' title="bbox 1834 5534 3408 5609; baseline -0.004 -14"><span class='ocrx_word' id='word_1_813' title='bbox 1834 5556 1961 5595; x_wconf 86' lang='lat' dir='ltr'><strong>cum</strong></span> <span class='ocrx_word' id='word_1_814' title='bbox 1998 5556 2131 5596; x_wconf 91' lang='lat' dir='ltr'><strong>vero</strong></span> <span class='ocrx_word' id='word_1_815' title='bbox 2163 5541 2402 5596; x_wconf 91' lang='lat' dir='ltr'><strong>dicimus</strong></span> <span class='ocrx_word' id='word_1_816' title='bbox 2432 5542 2658 5596; x_wconf 85' lang='lat' dir='ltr'><strong>Patrem</strong></span> <span class='ocrx_word' id='word_1_817' title='bbox 2711 5547 2769 5594; x_wconf 93' lang='lat' dir='ltr'><strong>et</strong></span> <span class='ocrx_word' id='word_1_818' title='bbox 2798 5538 2997 5592; x_wconf 77' lang='lat' dir='ltr'><strong>Filium</strong></span> <span class='ocrx_word' id='word_1_819' title='bbox 3040 5545 3096 5592; x_wconf 86' lang='lat' dir='ltr'><strong>ct</strong></span> <span class='ocrx_word' id='word_1_820' title='bbox 3139 5534 3408 5609; x_wconf 82' lang='lat' dir='ltr'><strong>Spiritum</strong></span> 
     </span>
    </p>
   </div>
   <div class='ocr_carea' id='block_1_114' title="bbox 148 5628 1741 5705">
    <p class='ocr_par' dir='ltr' id='par_1_114' title="bbox 148 5628 1725 5705">
     <span class='ocr_line' id='line_1_114' title="bbox 148 5628 1725 5705; baseline 0.003 -22"><span class='ocrx_word' id='word_1_821' title='bbox 148 5628 303 5698; x_wconf 81' lang='grc' dir='ltr'>ἁγίας</span> <span class='ocrx_word' id='word_1_822' title='bbox 332 5631 559 5701; x_wconf 84' lang='grc' dir='ltr'>Τριάδος</span> <span class='ocrx_word' id='word_1_823' title='bbox 597 5631 964 5702; x_wconf 79' lang='grc' dir='ltr'>σημαίνομεν’</span> <span class='ocrx_word' id='word_1_824' title='bbox 997 5633 1083 5685; x_wconf 70' lang='grc' dir='ltr'>ὅτε</span> <span class='ocrx_word' id='word_1_825' title='bbox 1125 5633 1181 5685; x_wconf 80' lang='grc' dir='ltr'>δὲ</span> <span class='ocrx_word' id='word_1_826' title='bbox 1230 5633 1461 5703; x_wconf 81' lang='grc' dir='ltr'>λέγομεν</span> <span class='ocrx_word' id='word_1_827' title='bbox 1507 5632 1725 5705; x_wconf 79' lang='grc' dir='ltr'>Πατέρα</span> 
     </span>
    </p>
   </div>
   <div class='ocr_carea' id='block_1_115' title="bbox 1846 5628 3406 5705">
    <p class='ocr_par' dir='ltr' id='par_1_115' title="bbox 1846 5628 3406 5703">
     <span class='ocr_line' id='line_1_115' title="bbox 1846 5628 3406 5703; baseline -0.003 -15"><span class='ocrx_word' id='word_1_828' title='bbox 1846 5642 2106 5701; x_wconf 74' lang='lat' dir='ltr'><strong>sanctum,</strong></span> <span class='ocrx_word' id='word_1_829' title='bbox 2136 5641 2269 5688; x_wconf 88' lang='lat' dir='ltr'><strong>tunc</strong></span> <span class='ocrx_word' id='word_1_830' title='bbox 2300 5644 2413 5689; x_wconf 87' lang='lat' dir='ltr'><strong>tres</strong></span> <span class='ocrx_word' id='word_1_831' title='bbox 2435 5633 2757 5703; x_wconf 81' lang='lat' dir='ltr'><strong>hypostascs</strong></span> <span class='ocrx_word' id='word_1_832' title='bbox 2780 5647 2876 5687; x_wconf 84' lang='lat' dir='ltr'><strong>seu</strong></span> <span class='ocrx_word' id='word_1_833' title='bbox 2912 5637 3025 5686; x_wconf 88' lang='lat' dir='ltr'><strong>tres</strong></span> <span class='ocrx_word' id='word_1_834' title='bbox 3053 5636 3333 5701; x_wconf 37' lang='lat' dir='ltr'><strong>personas.</strong></span> <span class='ocrx_word' id='word_1_835' title='bbox 3352 5628 3406 5685; x_wconf 79' lang='lat' dir='ltr'><strong>it:</strong></span> 
     </span>
    </p>
   </div>
   <div class='ocr_carea' id='block_1_116' title="bbox 224 5771 2597 5847">
    <p class='ocr_par' dir='ltr' id='par_1_116' title="bbox 224 5771 2597 5847">
     <span class='ocr_line' id='line_1_116' title="bbox 224 5771 2597 5847; baseline 0.002 -22"><span class='ocrx_word' id='word_1_836' title='bbox 224 5771 299 5839; x_wconf 70' lang='lat'><strong>(5&#39;)</strong></span> <span class='ocrx_word' id='word_1_837' title='bbox 336 5771 595 5827; x_wconf 78' lang='lat' dir='ltr'><strong>Notenzns</strong></span> <span class='ocrx_word' id='word_1_838' title='bbox 623 5772 921 5829; x_wconf 71' lang='lat' dir='ltr'><strong>.ia.ttiniani</strong></span> <span class='ocrx_word' id='word_1_839' title='bbox 959 5775 1092 5844; x_wconf 80' lang='lat' dir='ltr'><strong>imp.</strong></span> <span class='ocrx_word' id='word_1_840' title='bbox 1124 5774 1395 5843; x_wconf 73' lang='lat' dir='ltr'><strong>scriptum</strong></span> <span class='ocrx_word' id='word_1_841' title='bbox 1426 5773 1573 5829; x_wconf 86' lang='lat' dir='ltr'><strong>aliud</strong></span> <span class='ocrx_word' id='word_1_842' title='bbox 1606 5772 1786 5847; x_wconf 73' lang='lat' dir='ltr'><strong>[cujus</strong></span> <span class='ocrx_word' id='word_1_843' title='bbox 1817 5773 2180 5846; x_wconf 78' lang='lat' dir='ltr'><strong>fragmentum</strong></span> <span class='ocrx_word' id='word_1_844' title='bbox 2206 5784 2383 5831; x_wconf 79' lang='lat' dir='ltr'><strong>exstat</strong></span> <span class='ocrx_word' id='word_1_845' title='bbox 2412 5771 2597 5847; x_wconf 83' lang='lat' dir='ltr'><strong>infra].</strong></span> 
     </span>
    </p>
   </div>
  </div>
