3924 6294
503 256 642 326 1139

1621 266 2063 328 JUSTlNIANI
2101 225 2626 332 memnonis

3645 275 3797 344 ιιιο

498 395 616 437 una
653 386 852 436 natura
894 379 1202 439 divinitatis
1251 383 1501 453 cognitas
1551 385 1933 455 proponimus.
2000 386 2066 442 [ta

2183 391 2280 443 καὶ
2311 390 2462 454 Υίὸν,
2488 391 2585 444 καὶ
2614 389 2771 458 ἅγιον
2787 389 3036 461 Πνεῦμα,
3061 391 3184 446 τότε
3219 391 3320 456 τὰς
3350 395 3504 465 τρεῖς
3527 395 3791 452 ὑποστά-

495 468 646 524 enim
670 469 786 540 ipsa
821 485 923 524 nos
949 469 1144 526 docuit
1174 487 1280 528 vox
1310 470 1498 528 divina
1527 473 1721 530 dicens
1753 493 1766 529 :
1796 473 2078 532 Faciamus

494 561 759 616 hominem
773 560 842 614 ad
851 562 1140 634 imaginem
1155 571 1205 616 et
1217 563 1619 620 similitudinem
1637 574 1878 622 nostram
1889 569 1938 621 ’³.
1965 567 2078 622 Vox

494 657 680 706 autem
703 651 964 722 faciamus
982 667 1093 707 non
1115 662 1201 708 est
1225 654 1390 710 unius
1415 671 1667 726 persona:
1687 657 2073 728 signiﬁcativa.

489 745 645 816 juxta
667 743 894 801 Sabellii
935 745 1242 813 insaniam;
1269 747 1558 818 pluraliter
1578 749 1727 804 enim
1753 749 1923 812 dicta,
1951 765 2079 803 san-

492 845 596 892 ctae
631 835 922 892 Trinitatis
963 837 1398 894 demonstrativa
1423 847 1530 895 est.
1562 839 1645 894 Ad
1669 841 1957 912 imaginem
1981 856 2072 894 au-

441 948 452 958 -
489 935 601 982 tem
629 935 890 994 nostram,
925 945 1093 984 unam
1123 930 1493 986 substantiam
1527 931 1987 996 ostenditPatris,
2019 940 2078 986 et

488 1018 639 1086 Filii,
666 1027 725 1076 et
744 1021 984 1091 Spiritus
1003 1023 1215 1090 sancti;
1250 1023 1521 1078 nonenim
1546 1022 1774 1078 dixitad
1794 1023 2072 1094 imagines,

487 1127 562 1168 ne
589 1111 840 1169 diversas
869 1115 1205 1173 substantias
1240 1116 1298 1171 in
1327 1115 1602 1172 Trinitate
1639 1115 2071 1186 suspicaremur,

484 1205 644 1276 juxta
689 1205 807 1261 Arii
853 1207 1164 1274 insaniam;
1199 1209 1297 1265 sed
1334 1209 1406 1264 ad
1447 1209 1758 1279 imaginem,
1796 1215 1858 1262 ut
1905 1223 2074 1263 unam

488 1297 858 1354 substantiam
876 1308 1043 1370 atque
1063 1301 1596 1358 consubstantialem
1612 1291 1933 1357 ostenderet
1951 1316 2076 1356 san-

2183 499 2319 546 σεις,
2356 482 2522 553 ἧτουν
2565 481 2638 536 τά
2670 481 2801 554 τρία
2852 484 3124 553 πρόσωπα
3171 484 3239 538 τά
3277 487 3335 538 ὲν
3364 489 3432 558 τῇ
3469 487 3580 558 μιᾷ
3618 487 3791 554 φύσει

2176 575 2276 646 τῆς
2325 574 2582 644 θεότητος
2614 573 3002 646 γνωριζόμενα
3037 575 3419 648 παριστῶμεν.
3456 577 3629 632 Οῦτω
3669 581 3790 651 γάρ

2181 669 2330 738 ἡμᾶς
2369 667 2464 721 καὶ
2499 669 2533 740 ή
2564 665 2688 721 θεία
2715 667 2956 722 διδάσκει
3001 669 3154 739 φωνὴ
3200 670 3232 738 ἡ
3274 669 3516 738 λέγουσα
3538 711 3556 735 ,
3593 671 3788 740 Hatﬁ-

2177 771 2380 826 σωμεν
2410 755 2732 824 ἄνθρωπον
2759 757 2890 812 κατ’
2932 759 3140 812 εἰκόνα
3169 759 3472 828 ἡμετέραν
3495 762 3604 816 καὶ
3648 765 3788 818 καθ’

2177 847 2484 915 ὁμοίωσιν.
2525 847 2588 901 Ἦ
2614 847 2671 902 δὲ
2693 849 2847 919 φωνὴ
2875 847 2973 902 τοῦ
3003 848 3354 918 ποιήσωμεν
3383 851 3483 921 οὑχ
3506 851 3640 914 ἑνός
3663 855 3784 906 ἐστι

2179 933 2478 1006 προσώπου
2514 935 2848 1007 σημαντικὴ,
2877 937 3022 992 κατά
3063 937 3162 1009 τὴν
3206 939 3500 993 Σαϐελλίου
3537 942 3778 1010 μανίαν·

2178 1025 2560 1098 πληθυντικῶς
2592 1027 2704 1098 γάρ
2731 1028 3024 1100 εἰρημένη,
3053 1029 3152 1100 τῆς
3183 1029 3346 1094 ἁγίας
3388 1031 3637 1101 Τριὰδος
3661 1032 3777 1086 ἐστι

2173 1119 2468 1189 δηλωτική.
2511 1119 2623 1172 Καὶ
2666 1118 2727 1172 τδ
2759 1120 2890 1174 κατ’
2937 1121 3144 1175 εἰκόνα
3195 1122 3253 1174 δὲ
3301 1123 3643 1190 ἡμετέραν,
3678 1125 3774 1193 τὴν

2177 1211 2306 1281 μίαν
2341 1208 2530 1264 οὑσίαν
2546 1209 2698 1280 δηλοῖ
2725 1210 2958 1282 Πατρδς,
2985 1211 3081 1266 καὶ
3105 1210 3257 1277 Υίοῦ,
3282 1214 3378 1266 καὶ
3409 1213 3576 1282 ἁγίου
3599 1215 3772 1266 Πνεῦ-

2177 1316 2346 1370 ματος
2372 1315 2386 1330 °
2426 1300 2490 1354 οὐ
2519 1300 2630 1371 γὰρ
2671 1296 2792 1354 εἷπε
2831 1342 2846 1363 ,
2882 1302 3012 1354 κατ’
3036 1302 3300 1368 εικόνας.
3335 1301 3422 1354 ἵνα
3473 1302 3552 1374 μὴ
3583 1303 3774 1373 διαφό-

487 1399 637 1447 ctam
667 1391 1020 1448 Trinitatem.
1053 1391 1331 1448 Hominem
1385 1393 1455 1448 ad
1502 1393 1787 1464 imaginem
1835 1401 2066 1447 nostram

2176 1408 2304 1462 ρους
2357 1390 2456 1454 τὰς
2501 1391 2692 1455 οὐσίας
2737 1391 2838 1462 τῆς
2881 1391 3114 1463 Τριάδος
3154 1393 3579 1464 ὑπονοήσωμεν,
3635 1395 3774 1448 κατὰ

488 1484 819 1540 rationalem
859 1496 1116 1541 naturam
1144 1485 1508 1541 humanitatis
1545 1485 1898 1557 signiﬁcavit,
1916 1485 2066 1556 juxta

2176 1483 2272 1554 τὴν
2314 1481 2528 1555 ’Δρείου
2567 1483 2786 1554 μανίαψ
2821 1482 2979 1550 ἀλλά,
3033 1483 3165 1538 κατ’
3213 1486 3445 1550 εἰκόνα,
3475 1485 3591 1560 ,ἵνα
3645 1487 3772 1556 μίαν

487 1592 653 1646 quam
677 1577 858 1646 imago
877 1578 974 1633 Dei
1001 1593 1232 1644 sumus;
1257 1593 1373 1634 non
1399 1578 1548 1634 enim
1582 1577 1721 1632 dixit
1746 1596 1758 1631 :
1792 1575 2066 1632 Faciamus

2176 1575 2362 1630 οὐσίαν
2384 1577 2479 1630 καὶ
2511 1576 2802 1647 ὁμοούσιον
2829 1576 2981 1650 δείξῃ
3011 1577 3112 1647 τὴν
3149 1577 3314 1645 ἁγίαν
3345 1578 3562 1648 Τριάδα
3589 1595 3607 1610 ·
3641 1579 3703 1632 τὸ
3721 1579 3771 1634 ἃ

486 1671 649 1733 hunc,
677 1683 748 1724 ne
777 1684 1015 1739 persona
1045 1669 1424 1740 intelligatur;
1460 1669 1557 1726 sed
1576 1669 1755 1724 dixit:
1789 1667 2066 1724 Faciamus

2176 1668 2372 1734 εἰπεῖν,
2407 1665 2534 1722 κατ’
2571 1667 2776 1722 εἰκόνα
2804 1667 3102 1736 ἡμετέραν
3133 1667 3242 1722 τὸν
3288 1667 3644 1737 ἄνθρωπον,
3677 1669 3769 1739 τὴν

486 1761 774 1826 hominem,
800 1768 863 1815 ut
903 1761 1192 1818 rationalis
1215 1771 1416 1818 natura
1445 1760 1808 1821 humanitatis
1839 1761 2066 1818 demon-

2176 1759 2374 1830 voepav
2395 1759 2496 1830 τῆς
2540 1758 2966 1830 ἀνθρωπότητος
3004 1759 3168 1830 φύσιν
3209 1762 3458 1832 ὲσήμανε
3498 1802 3516 1828 ,
3541 1762 3680 1816 καθ’
3705 1763 3768 1834 ἢν

487 1857 780 1906 straretur.
802 1851 960 1906 Tunc
981 1860 1163 1908 autem
1190 1851 1512 1925 bypostases
1532 1867 1846 1923 proponere
1869 1851 2065 1916 voluit,

2176 1851 2344 1922 ἐσμεν
2371 1847 2536 1904 εἰκὼν
2582 1849 2678 1903 τοῦ
2717 1849 2890 1904 Θεοῦ⁸
2941 1851 3002 1904 οὐ
3035 1850 3144 1924 γὰρ
3191 1847 3316 1905 εἶπε
3353 1893 3370 1920 ,
3403 1852 3768 1920 Ποιήσωμεν

487 1957 612 1996 cum
641 1943 948 1998 masculum
979 1952 1036 2000 et
1074 1943 1361 2011 feminam,
1385 1945 1656 2000 Adamum
1688 1951 1746 1999 et
1775 1943 1948 1999 Evam
1975 1958 2066 1998 vo-

2176 1943 2368 2010 τόνδε,
2410 1943 2501 1997 ἰνα
2550 1943 2624 2014 μὴ
2661 1941 2952 2014 πρόσωπον
2997 1943 3191 2016 νοηθῇ,
3223 1943 3340 1997 ἀλλ’
3372 1938 3553 2008 εἶπεν,
3588 1943 3764 2011 Ποιή-

485 2034 654 2100 cavit,
690 2035 839 2106 quod
862 2045 951 2092 est
984 2052 1234 2106 persona:
1270 2053 1369 2094 seu
1401 2038 1748 2110 hypostases.

2176 2047 2376 2104 σωμεν
2403 2032 2738 2101 ἄνθρωπον,
2775 2032 2862 2087 ἵνα
2911 2034 2948 2106 ἡ
2990 2035 3154 2105 νοερὰ
3203 2034 3306 2122 τῇς
3335 2035 3764 2106 ἀνθρωπότητος

485 2123 648 2192 φύσις
681 2125 892 2198 δηλωθῇ
923 2143 934 2158 ·
969 2127 1062 2182 ὅτε
1108 2128 1164 2180 δὲ
1196 2129 1294 2192 τὰς
1339 2129 1667 2194 ὑποστάσεις
1713 2126 2065 2198 παραστῆσαι
2105 2123 2406 2196 ⁴ἠϐουλήθη,
2441 2123 2565 2178 τότε
2630 2124 2694 2178 τὸ
2735 2124 2904 2196 ἄρρεν
2967 2124 3062 2178 καὶ
3093 2125 3248 2197 θῆλυ,
3285 2127 3461 2198 Ἀδάμ
3493 2130 3595 2182 καὶ
3622 2125 3763 2182 Εὕαν

483 2219 773 2285 ἐκάλεσεν,
803 2222 940 2294 ὅπερ
972 2223 1088 2276 ἐστὶ
1121 2223 1395 2292 πρόσωπα
1433 2225 1598 2296 ἦτουν
1637 2222 1986 2286 ὑποστάσεις.

555 2313 691 2382 Quis
725 2331 858 2372 vero
884 2331 996 2372 non
1039 2317 1273 2373 miretur
1321 2317 1712 2373 haereticorum
1752 2315 2066 2372 absurdita-

483 2417 596 2463 tem
631 2408 895 2466 unionem
915 2409 1315 2476 asserentium,
1341 2409 1577 2480 ideoque
1599 2409 1982 2466 diversitatem
2008 2409 2065 2464 in

483 2500 708 2557 Christo
734 2509 1060 2559 naturarum
1087 2500 1473 2560 confitentium
1492 2542 1508 2566 ,
1536 2517 1602 2558 ac
1645 2515 1936 2556 numerum
1969 2499 2064 2571 qui

485 2593 850 2663 consequitur
894 2609 963 2648 ex
999 2591 1321 2650 diversitate
1364 2593 1648 2650 unitorum
1673 2592 2065 2649 diﬂitentium?

483 2683 786 2739 Evidenter
819 2685 875 2739 in
899 2684 1005 2740 hoc
1019 2685 1634 2756 aegrotantApollinarii
1666 2685 1918 2752 insania;
1945 2685 2064 2741 hac

481 2775 634 2831 enim
656 2775 794 2832 dicit
811 2777 868 2833 in
891 2777 1200 2836 ratiociniis
1219 2795 1341 2850 qua
1360 2780 1478 2850 ipse
1505 2778 1725 2851 scripsit
1750 2795 1764 2834 :
1793 2777 2063 2835 «Diversae

482 2867 854 2939 proprietates
897 2871 955 2926 in
988 2885 1160 2926 unum
1185 2873 1492 2945 conjunctae
1524 2872 1771 2928 medium
1807 2871 1965 2937 ﬁunt,
1998 2881 2058 2929 ut

2243 2308 2330 2379 [P.
2368 2306 2524 2380 256.]
2542 2307 2636 2372 Τίς
2659 2307 2717 2361 δὲ
2749 2308 2851 2362 οὐκ
2876 2307 2942 2362 ἂν
2979 2309 3315 2380 θαυμάσειεν
3347 2311 3449 2382 τὴν
3469 2313 3587 2365 τῶν
3611 2315 3762 2384 alpe-

2171 2399 2342 2454 τικῶν
2364 2397 2626 2466 ἀλογίαν;
2668 2399 2792 2453 Ὀτι
2825 2399 3022 2454 ἕνωσιν
3051 2400 3325 2472 λέγοντες,
3367 2403 3464 2457 καὶ
3509 2403 3613 2475 τὴν
3649 2405 3762 2459 su.

2173 2491 2348 2563 φοράν
2373 2491 2482 2545 τῶν
2505 2493 2563 2545 ὲν
2583 2491 2806 2563 Χριστῷ
2833 2490 3049 2562 φύσεών
3075 2494 3224 2548 ἐστιν
3239 2495 3329 2548 ὅτε
3347 2493 3759 2564 ὁμολογοῦντες,

2177 2583 2476 2656 ἀρνοῦνται
2506 2582 2598 2637 τδν
2631 2584 2696 2638 ἐκ
2723 2583 2826 2654 τῆς
2857 2583 3126 2656 διαφορᾶς
3151 2586 3262 2638 τῶν
3302 2586 3607 2656 ἠνωμὲνων
3627 2604 3760 2659 πρα-

2170 2677 2398 2748 γμάτων
2431 2677 2789 2747 είσαγόμενον
2817 2676 3088 2749 ἀριθμόν;
3121 2677 3319 2748 Σαφῶς
3359 2679 3458 2733 καὶ
3490 2681 3554 2732 ὲν
3590 2679 3763 2750 τούτῳ

2167 2770 2270 2842 τὴν
2322 2769 2705 2840 ’Δπολιναρίου
2753 2769 3040 2833 νοσοῦντες
3094 2769 3295 2842 μανίαν
3320 2787 3335 2802 ο
3378 2771 3533 2840 λέγει
3578 2772 3692 2844 γάρ
3731 2773 3760 2828 6

2167 2861 2330 2925 αὐτὸς
2373 2860 2758 2932 Ἀπολινάριος
2799 2861 2859 2914 ὲν
2902 2864 3016 2926 τοῖς
3041 2865 3341 2933 γραφεῖσιν
3374 2863 3526 2934 αὐτῷ
3569 2864 3758 2918 συλλο-

483 2959 542 3014 in
571 2959 724 3015 mulo
761 2961 903 3016 asini
930 2970 988 3018 et
1019 2963 1172 3034 equi,
1207 2964 1263 3019 in
1299 2964 1536 3020 caeruleo
1574 2964 1762 3021 colore
1789 2962 2064 3020 albedinis

2176 2955 2383 3025 γισμοϊς
2421 2951 2585 3008 τάδε’
2631 2969 2652 3004 ι
2685 2951 3004 3026 Μεσότητες
3047 2953 3291 3022 γίνονται
3329 2955 3612 3028 ίδιοτήτων
3641 2957 3758 3010 διας

484 3061 542 3106 et
567 3053 706 3124 nigri
717 3053 947 3120 tudinis,
967 3063 1134 3126 atque
1154 3055 1210 3111 in
1231 3070 1402 3112 verno
1419 3064 1668 3126 tempore
1691 3055 1892 3111 hiemis
1907 3061 2066 3110 sesta-

483 3141 667 3212 tisque
711 3145 1024 3215 preprietas
1062 3145 1305 3200 videtur.
1335 3145 1560 3201 Nullum
1593 3153 1782 3201 autem
1821 3144 2065 3200 medium

486 3239 778 3304 utramque
810 3233 1136 3304 qualitatem
1177 3233 1348 3290 habet
1373 3250 1440 3290 ex
1465 3235 1614 3290 omni
1638 3247 1816 3308 parte,
1849 3235 1947 3292 sed
1979 3233 2066 3292 di-

485 3321 660 3378 midia
703 3333 862 3393 parte
908 3322 1286 3379 commixtam.
1313 3323 1552 3380 Medium
1595 3340 1730 3381 vero
1763 3326 1862 3382 Dei
1889 3334 1947 3382 et
1969 3325 2070 3382 ho-

487 3412 699 3466 minum
747 3411 803 3466 in
830 3411 1077 3479 Christo,
1111 3430 1216 3470 nec
1250 3414 1418 3486 igitur
1451 3423 1538 3472 est
1566 3424 1714 3473 totus
1735 3416 1920 3482 homo,
1965 3430 2069 3472 nec

485 3502 656 3564 Deus,
691 3501 788 3556 sed
813 3501 913 3556 Dei
941 3511 998 3558 et
1025 3503 1270 3561 hominis
1296 3504 1557 3560 mixtura.
1582 3525 1600 3558 ι
1639 3506 1850 3563 Deinde
1876 3521 2069 3563 rursus

487 3591 544 3646 in
580 3599 816 3647 tractatu
867 3593 956 3649 cui
1016 3593 1213 3650 titulus
1263 3594 1406 3650 Deus
1448 3597 1763 3650 incarnatus
1807 3593 2066 3660 Christus,

487 3684 918 3755 interrogatione
937 3687 1404 3758 responsioneque
1423 3687 1700 3759 dialogum
1717 3702 1907 3758 agens,
1921 3696 2071 3756 post-

456 3792 652 3848 ,quam
697 3777 1070 3849 interrogatus
1110 3778 1183 3834 sit
1213 3797 1226 3833 :
1265 3797 1284 3831 ι
1318 3778 1463 3846 Quid
1495 3778 1669 3850 ergo?
1709 3792 1893 3834 nonne
1921 3777 2071 3833 Deus

484 3878 546 3922 et
569 3867 733 3924 homo
755 3875 842 3924 est
858 3867 1158 3925 Christus?
1182 3869 1279 3926 Vel
1324 3880 1456 3926 tune
1487 3868 1627 3924 dicis
1641 3867 1924 3925 Christum
1948 3882 2070 3925 esse

486 3959 696 4028 Deum,
755 3961 936 4032 ipsum
983 3977 1105 4018 esse
1155 3962 1436 4018 hominem
1485 3961 1768 4034 negans?»
1833 3961 1940 4016 hoc
1981 3960 2066 4016 di-

487 4053 604 4108 cit:
643 4072 662 4106 ι
694 4053 814 4110 Νοη
871 4055 928 4110 in
988 4055 1207 4112 duabus
1257 4054 1606 4120 substantiis,
1633 4053 1730 4111 sed
1778 4054 1836 4108 in
1893 4069 2064 4110 una»

486 4142 615 4202 llaec
638 4161 770 4202 vero
799 4147 1092 4203 retulimus
1119 4157 1175 4202 ut
1201 4147 1567 4204 ostendamus
1596 4147 1928 4218 Acephalos,
1967 4146 2073 4202 im-

488 4239 596 4309 piis
623 4238 948 4310 Apollinarii
991 4239 1342 4310 dogmatibus
1395 4241 1800 4310 obsequentes,
1863 4254 1976 4294 non
2013 4239 2067 4294 in

490 4331 710 4386 duabus
746 4333 962 4388 naturis
1007 4347 1129 4388 esse
1167 4331 1447 4388 Christum
1496 4341 1662 4404 atque
1693 4332 1938 4403 agnosci,
1970 4331 2068 4388 sed

490 4421 547 4474 in
567 4435 674 4474 una
694 4419 986 4486 conﬁteri;
1019 4421 1119 4477 etsi
1152 4422 1324 4478 sancti
1351 4421 1539 4477 Patres
1555 4421 1732 4477 nostri
1759 4420 1828 4476 de
1863 4422 2067 4476 unione

491 4505 761 4563 lnetl‘abili
785 4507 1088 4566 divinitatis
1117 4519 1281 4582 atque
1306 4511 1667 4566 humanitatis
1698 4509 1928 4576 Christi,
1953 4525 2066 4566 non

494 4615 661 4655 unam
695 4609 949 4658 naturam
989 4604 1242 4671 tradant,
1290 4605 1386 4661 sed
1419 4619 1713 4660 numerum
1742 4611 2066 4660 naturarum

496 4693 770 4749 unitarum
803 4695 1054 4752 confiteri
1084 4714 1186 4754 nos
1215 4698 1472 4754 doceant.

2167 3045 2351 3118 φόρων
2399 3045 2482 3110 είς
2537 3043 2604 3099 ἓν
2638 3043 3038 3109 συνελθουσῶν,
3078 3045 3156 3111 ὡς
3197 3047 3257 3100 ἐν
3304 3047 3520 3118 ἡμιόνῳ
3559 3046 3758 3118 ἰδιότης

2167 3135 2288 3191 όνου
2316 3137 2414 3191 καὶ
2431 3136 2630 3204 ἵππου,
2660 3135 2758 3190 καὶ
2790 3136 2850 3190 ὲν
2872 3132 3095 3208 γλαυκῷ
3121 3137 3373 3209 χρώματι
3408 3139 3614 3206 ἰδιότης
3634 3138 3757 3194 λευο

2167 3227 2269 3284 κοῦ
2303 3228 2398 3282 καὶ
2432 3227 2686 3299 μέλανος,
2723 3227 2822 3282 καὶ
2856 3229 2915 3282 ὲν
2952 3229 3076 3300 ἀέρι
3120 3229 3390 3300 χειμῶνος
3437 3232 3534 3283 καὶ
3564 3229 3761 3301 θέρους

2172 3321 2370 3394 ἰδιότης
2408 3320 2510 3393 ἔαρ
2541 3320 2918 3394 ἐργαζομένη·
2957 3321 3186 3392 οὐδεμία
3231 3321 3288 3375 δὲ
3337 3322 3580 3392 μεσότης
3619 3323 3756 3376 exa-

2169 3411 2336 3484 τέρας
2362 3409 2478 3482 ἔχει
2504 3410 2604 3476 τάς
2635 3413 2946 3485 ἀκρότητας
2979 3412 3043 3478 ἒξ
3068 3411 3390 3482 ὁλοκλήρου,
3428 3412 3569 3466 ἀλλὰ
3599 3429 3756 3484 μερι-

2171 3503 2284 3568 κῶς
2316 3503 2788 3575 ὲπιμεμιγμέναςς
2823 3502 3074 3574 Μεσότης
3107 3504 3165 3558 δὲ
3207 3505 3345 3560 Beas
3401 3506 3498 3559 καὶ
3545 3502 3755 3575 ἀνθρὼο

2171 3597 2382 3671 πωνιὲν
2423 3594 2666 3668 Χριστῷ,
2695 3597 2796 3650 οὑκ
2823 3595 2933 3674 ἀρα
2967 3591 3089 3648 οὔτε
3123 3595 3417 3666 ἄνθρωπος
3447 3597 3592 3660 ὅλος,
3630 3595 3754 3649 οὒτε

2168 3690 2324 3756 Θεὸς,
2353 3691 2491 3746 ἀλλά
2517 3691 2654 3746 Θεοῦ
2687 3691 2782 3746 καὶ
2822 3689 3111 3764 ἀνθρώπου
3159 3690 3326 3762 μίξις.
3363 3710 3382 3742 ι
3423 3687 3562 3744 Εἶτα
3597 3691 3754 3745 πάλιν

2168 3781 2227 3836 ὲν
2255 3781 2334 3853 τῷ
2363 3783 2510 3854 λόγῳ
2543 3781 2708 3837 αὑτοῦ
2738 3781 2816 3853 τῷ
2849 3781 3322 3854 ἐπιγεγραμμένῳ
3363 3784 3448 3836 ὃτι
3479 3783 3628 3848 Θεῦς
3651 3782 3751 3836 ἔτι

2169 3888 2397 3942 σαρκός
2427 3877 2462 3930 d
2501 3875 2775 3945 Χριστὸς,
2817 3874 2958 3928 κατά
2987 3873 3182 3928 πεῦσιν
3212 3874 3306 3928 καὶ
3336 3875 3638 3944 ἀπόκρισιν
3665 3873 3754 3927 τὸν

2168 3963 2414 4034 διάλογον
2448 3963 2796 4036 ποιούμενος,
2845 3963 3260 4035 ἐπερωτηθείς·
3303 3983 3322 4015 ι
3366 3965 3434 4018 Ti
3451 3961 3592 4030 οὗν;
3635 3965 3754 4034 οὗχὶ

2171 4057 2266 4110 καὶ
2288 4055 2420 4121 Θεδς
2454 4057 2554 4111 καὶ
2585 4055 2870 4128 ἄνθρωπός
2905 4057 3056 4109 ἐστιν
3091 4057 3120 4110 ὁ
3148 4056 3388 4126 Χριστὸς
3411 4096 3429 4122 ,
3460 4056 3495 4126 ἢ
3520 4056 3654 4110 Θεδν
3686 4056 3749 4110 σὺ

2170 4146 2352 4215 λέγεις
2385 4147 2476 4202 τὸν
2500 4147 2760 4220 Χριστὸν,
2785 4149 3120 4218 ἀρνούμενος
3146 4147 3307 4200 αὑτὸν
3333 4147 3431 4200 καὶ
3464 4146 3750 4218 ἄνθρωπον

2173 4232 2345 4305 εἷναι;
2379 4256 2398 4290 ι
2433 4237 2585 4306 λέγει
2637 4237 2763 4292 τάδε
2797 4253 2813 4268 ·
2854 4255 2872 4289 ι
2909 4237 3026 4292 Οὐκ
3069 4237 3128 4290 ἐν
3153 4236 3247 4290 δύο
3276 4237 3512 4302 οὐσίαις,
3549 4236 3664 4290 ἀλλ’
3695 4237 3750 4288 ὲν

2175 4331 2297 4400 μιᾷ.
2330 4347 2348 4382 ι
2383 4329 2571 4384 Ταῦτα
2601 4329 2659 4384 δὲ
2685 4327 3093 4402 παρηγάγομεν
3119 4327 3210 4382 ἵνα
3234 4327 3508 4397 δείξωμεν
3536 4328 3622 4381 ὄτι
3644 4327 3750 4387 τοῖς

2181 4420 2558 4492 ’Δπολιναρῐου
2606 4421 2866 4490 πονηροῖς
2931 4417 3359 4480 ἀκολουθοῦντες
3407 4415 3677 4487 δόγμασιν
3700 4414 3749 4467 οι

2179 4512 2490 4582 Ἀκέφαλοι,
2511 4513 2610 4584 οὑχ
2641 4509 2999 4584 ὁμολογοῦσιν
3032 4513 3089 4565 ὲν
3119 4509 3214 4564 δύο
3251 4508 3466 4572 οὐσίαις
3492 4505 3636 4562 εἶναι
3662 4507 3752 4558 καὶ

2165 4603 2528 4676 γνωρίζεσθαι
2556 4604 2648 4658 τὸν
2690 4603 2952 4675 Χριστὸν,
2991 4601 3108 4658 ἀλλ’
3138 4605 3196 4656 ὲν
3245 4602 3380 4673 μιᾷ⁶
3428 4600 3616 4655 καίτοι
3647 4596 3753 4651 τῶν

2166 4696 2336 4766 ἁγίων
2382 4697 2540 4766 ἡμῶν
2586 4695 2849 4766 Πατέρων
2901 4695 2993 4748 ἐπὶ
3043 4694 3147 4763 τῆς
3181 4693 3466 4764 ἀφράστου
3503 4690 3747 4752 ἐνώσεως

493 4787 592 4858 τῆς
627 4785 880 4859 θεότητος
925 4788 1023 4843 καὶ
1059 4789 1160 4860 τῆς
1206 4787 1629 4860 ἀνθρωπότητος
1671 4787 1763 4841 τοῦ
1799 4787 2057 4856 Χριστοῦ,
2097 4787 2160 4842 οὑ
2200 4789 2330 4860 μίαν
2361 4787 2524 4858 φύσιν
2589 4785 3019 4856 παραδιδόντων,
3049 4784 3190 4841 ἀλλά
3253 4783 3346 4840 τὸν
3369 4777 3612 4856 ἀριθμὸν
3645 4779 3753 4834 τῶν

494 4878 798 4934 ἑνωθεισῶν
827 4881 1044 4948 φύσεων
1083 4879 1368 4950 ὁμολογεῖν
1399 4881 1544 4952 ἡμᾶς
1577 4861 1960 4934 διδασκόντων.

562 4972 802 5028 Evidens
821 4987 952 5042 ergo
975 4980 1224 5026 remanet
1266 4970 1558 5028 haereticos
1602 4987 1894 5028 numerum
1933 4987 2069 5026 con-

488 5069 807 5138 iunctorum
833 5077 1060 5134 negare,
1093 5063 1353 5119 unionem
1378 5063 1549 5134 ipsam
1577 5065 2071 5129 evertere,Deum-

493 5175 601 5228 que
623 5165 682 5213 et
709 5157 992 5212 hominem
1019 5155 1087 5210 ad
1122 5155 1476 5228 decipiendos
1508 5159 1876 5230 simpliciores
1906 5155 2070 5214 Chri-

492 5259 639 5304 stum
665 5247 848 5302 dicere
871 5263 886 5314 ;
904 5247 950 5302 si
967 5247 1113 5302 enim
1132 5263 1261 5304 vere
1277 5249 1530 5306 dicerent
1544 5252 1716 5307 Deum
1734 5249 2064 5322 perfectum,

492 5339 910 5412 perfectumque
930 5339 1207 5395 hominem
1224 5357 1345 5397 esse
1355 5341 1659 5408 Christum,
1679 5341 1908 5397 evidens
1921 5349 2070 5396 esset

496 5431 636 5487 duas
665 5445 885 5501 quoque
909 5439 1134 5486 naturas
1163 5433 1361 5488 salvari
1385 5434 1443 5488 in
1467 5435 1604 5504 ipso,
1634 5432 1756 5489 illos
1784 5431 2070 5488 confessu-

495 5538 591 5582 τοῦ
631 5540 772 5580 esse.
805 5524 924 5578 Non
955 5523 1285 5580 conﬁtentes
1307 5534 1490 5580 autem
1515 5541 1804 5579 numerum
1835 5523 2068 5593 conjun-

573 5682 597 5708 ⁸⁵
619 5681 755 5739 Gen.
781 5702 824 5754 ι,
852 5685 940 5740 9.6.

2249 4970 2348 5043 [P.
2379 4967 2538 5040 257.]
2591 4967 2752 5038 Δῆλοι
2779 4962 2872 5022 οῦν
2904 4965 3232 5023 καθεστᾶσιν
3261 4965 3311 5020 οἱ
3341 4962 3760 5035 αίρετικοὶ,τδτ

2177 5063 2411 5136 ἀριθμὸν
2438 5062 2548 5116 τῶν
2573 5059 2934 5115 συνελθόντων
2959 5059 3303 5129 πραγμάτων
3325 5054 3574 5126 ἁπαρνού
3584 5071 3758 5124 μενοι,

2177 5157 2272 5211 καὶ
2303 5155 2472 5226 αὐτὴν
2501 5153 2598 5226 τὴν
2627 5153 2822 5208 ἕνωσιν
2854 5151 3228 5223 ἀναιροῦντες,
3261 5148 3354 5202 καὶ
3383 5147 3520 5200 Θεδν
3547 5148 3646 5200 καὶ
3670 5147 3763 5200 iv.

2179 5246 2395 5318 θρωπον
2428 5245 2521 5300 τὸν
2571 5244 2808 5316 Χριστὸν
2872 5244 3010 5315 πρὸς
3065 5243 3284 5312 ἀπάτην
3337 5239 3595 5308 λέγοντες
3652 5237 3765 5290 τῶν

2181 5337 2568 5407 ἁπλουστέρων
2590 5352 2602 5364 ·
2623 5337 2673 5389 εί
2700 5335 2809 5408 γὰρ
2839 5334 2982 5389 κατά
3007 5333 3269 5405 ἀλήθειαν
3299 5330 3492 5400 ἔλεγον
3514 5330 3655 5384 Θεὸν
3674 5331 3771 5382 τέ-

2175 5428 2318 5482 λειον
2374 5431 2469 5482 καὶ
2517 5427 2805 5499 ἄνθρωπον
2849 5426 3058 5480 τέλειον
3119 5425 3212 5516 τὸν
3255 5424 3544 5516 Χριὶστδν,
3580 5421 3760 5516 ,δῆλοι

2175 5521 2255 5576 ὅτι
2283 5523 2376 5574 καὶ
2406 5523 2504 5584 τάς
2535 5519 2626 5574 δύο
2647 5520 2836 5582 οὐσίας
2863 5521 2918 5572 ὲν
2938 5519 3088 5588 αὑτῷ
3113 5512 3382 5582 σώζεσθαι
3405 5512 3753 5586 ὡμολόγουν·
