  <div class='ocr_page' id='page_1' title='image "/cluster/home/n/w/nwhite01/storage/ocr_20150623/86 pars.1/pst.000005712878/610.png"; bbox 0 0 3924 6294; ppageno 0'>
   <div class='ocr_carea' id='block_1_1' title="bbox 179 307 308 375">
    <p class='ocr_par' dir='ltr' id='par_1_1' title="bbox 179 307 308 375">
     <span class='ocr_line' id='line_1_1' title="bbox 179 307 308 375; baseline -0.023 0"><span class='ocrx_word' id='word_1_1' title='bbox 179 307 308 375; x_wconf 78' lang='grc'><strong>1141</strong></span> 
     </span>
    </p>
   </div>
   <div class='ocr_carea' id='block_1_2' title="bbox 1066 297 2493 364">
    <p class='ocr_par' dir='ltr' id='par_1_2' title="bbox 1066 297 2493 364">
     <span class='ocr_line' id='line_1_2' title="bbox 1066 297 2493 364; baseline 0 -1"><span class='ocrx_word' id='word_1_2' title='bbox 1066 301 1511 364; x_wconf 80' lang='lat' dir='ltr'><strong>TRACTATUS</strong></span> <span class='ocrx_word' id='word_1_3' title='bbox 1548 297 1847 363; x_wconf 70' lang='lat' dir='ltr'><strong>CONTRA</strong></span> <span class='ocrx_word' id='word_1_4' title='bbox 1886 300 2493 363; x_wconf 71' lang='lat' dir='ltr'><strong>MONOPHYSITAS.</strong></span> 
     </span>
    </p>
   </div>
   <div class='ocr_carea' id='block_1_3' title="bbox 3295 296 3450 365">
    <p class='ocr_par' dir='ltr' id='par_1_3' title="bbox 3295 296 3450 365">
     <span class='ocr_line' id='line_1_3' title="bbox 3295 296 3450 365; baseline 0.013 -2"><span class='ocrx_word' id='word_1_5' title='bbox 3295 296 3450 365; x_wconf 67' lang='lat' dir='ltr'><strong>ili}</strong></span> 
     </span>
    </p>
   </div>
   <div class='ocr_carea' id='block_1_4' title="bbox 181 412 1768 497">
    <p class='ocr_par' dir='ltr' id='par_1_4' title="bbox 181 412 1755 497">
     <span class='ocr_line' id='line_1_4' title="bbox 181 412 1755 497; baseline -0.008 -19"><span class='ocrx_word' id='word_1_6' title='bbox 181 424 254 497; x_wconf 75' lang='grc' dir='ltr'>μὴ</span> <span class='ocrx_word' id='word_1_7' title='bbox 301 420 697 493; x_wconf 81' lang='grc' dir='ltr'>ὁμολογοῦντες</span> <span class='ocrx_word' id='word_1_8' title='bbox 746 418 803 472; x_wconf 61' lang='grc' dir='ltr'>δὲ</span> <span class='ocrx_word' id='word_1_9' title='bbox 856 416 948 471; x_wconf 81' lang='grc' dir='ltr'><strong>τδν</strong></span> <span class='ocrx_word' id='word_1_10' title='bbox 999 417 1231 490; x_wconf 70' lang='grc' dir='ltr'>ἀριθμὸν</span> <span class='ocrx_word' id='word_1_11' title='bbox 1287 416 1400 470; x_wconf 84' lang='grc' dir='ltr'><strong>τῶν</strong></span> <span class='ocrx_word' id='word_1_12' title='bbox 1443 412 1755 468; x_wconf 76' lang='grc' dir='ltr'><strong>ἑνωθέντων</strong></span> 
     </span>
    </p>
   </div>
   <div class='ocr_carea' id='block_1_5' title="bbox 1873 412 3443 497">
    <p class='ocr_par' dir='ltr' id='par_1_5' title="bbox 1873 414 3443 485">
     <span class='ocr_line' id='line_1_5' title="bbox 1873 414 3443 485; baseline 0.001 -15"><span class='ocrx_word' id='word_1_13' title='bbox 1873 425 2090 481; x_wconf 86' lang='lat' dir='ltr'><strong>:torum,</strong></span> <span class='ocrx_word' id='word_1_14' title='bbox 2117 415 2257 471; x_wconf 83' lang='lat' dir='ltr'><strong>nihil</strong></span> <span class='ocrx_word' id='word_1_15' title='bbox 2281 415 2586 485; x_wconf 72' lang='lat' dir='ltr'><strong>perfectum</strong></span> <span class='ocrx_word' id='word_1_16' title='bbox 2610 429 2730 471; x_wconf 88' lang='lat' dir='ltr'><strong>esse</strong></span> <span class='ocrx_word' id='word_1_17' title='bbox 2764 414 2818 470; x_wconf 91' lang='lat' dir='ltr'><strong>in</strong></span> <span class='ocrx_word' id='word_1_18' title='bbox 2841 414 3061 471; x_wconf 88' lang='lat' dir='ltr'><strong>Christo</strong></span> <span class='ocrx_word' id='word_1_19' title='bbox 3089 415 3276 471; x_wconf 85' lang='lat' dir='ltr'><strong>dicere</strong></span> <span class='ocrx_word' id='word_1_20' title='bbox 3305 431 3443 472; x_wconf 85' lang='lat' dir='ltr'><strong>con-</strong></span> 
     </span>
    </p>
   </div>
   <div class='ocr_carea' id='block_1_6' title="bbox 180 504 1755 589">
    <p class='ocr_par' dir='ltr' id='par_1_6' title="bbox 180 504 1755 589">
     <span class='ocr_line' id='line_1_6' title="bbox 180 504 1755 589; baseline -0.01 -17"><span class='ocrx_word' id='word_1_21' title='bbox 180 516 541 589; x_wconf 81' lang='grc' dir='ltr'>πραγμάτων,</span> <span class='ocrx_word' id='word_1_22' title='bbox 575 512 886 566; x_wconf 77' lang='grc' dir='ltr'><strong>δείκνυνται</strong></span> <span class='ocrx_word' id='word_1_23' title='bbox 916 509 1084 582; x_wconf 77' lang='grc' dir='ltr'>μηδὲν</span> <span class='ocrx_word' id='word_1_24' title='bbox 1109 509 1320 563; x_wconf 85' lang='grc' dir='ltr'>τέλειον</span> <span class='ocrx_word' id='word_1_25' title='bbox 1345 510 1404 560; x_wconf 79' lang='grc' dir='ltr'>ὲν</span> <span class='ocrx_word' id='word_1_26' title='bbox 1425 505 1652 578; x_wconf 80' lang='grc' dir='ltr'><strong>Χριστῷ</strong></span> <span class='ocrx_word' id='word_1_27' title='bbox 1675 504 1755 558; x_wconf 78' lang='grc' dir='ltr'><strong>λέ-</strong></span> 
     </span>
    </p>
   </div>
   <div class='ocr_carea' id='block_1_7' title="bbox 178 598 1756 678">
    <p class='ocr_par' dir='ltr' id='par_1_7' title="bbox 178 598 1756 678">
     <span class='ocr_line' id='line_1_7' title="bbox 178 598 1756 678; baseline -0.008 -16"><span class='ocrx_word' id='word_1_28' title='bbox 178 623 402 678; x_wconf 79' lang='grc' dir='ltr'>γοντες·</span> <span class='ocrx_word' id='word_1_29' title='bbox 463 603 626 660; x_wconf 80' lang='grc' dir='ltr'>τοῦτο</span> <span class='ocrx_word' id='word_1_30' title='bbox 666 603 777 675; x_wconf 82' lang='grc' dir='ltr'><strong>γάρ</strong></span> <span class='ocrx_word' id='word_1_31' title='bbox 831 603 929 657; x_wconf 74' lang='grc' dir='ltr'><strong>καί⁵</strong></span> <span class='ocrx_word' id='word_1_32' title='bbox 977 604 1005 656; x_wconf 83' lang='grc' dir='ltr'>ὁ</span> <span class='ocrx_word' id='word_1_33' title='bbox 1042 600 1367 664; x_wconf 86' lang='grc' dir='ltr'>διδάσκαλος</span> <span class='ocrx_word' id='word_1_34' title='bbox 1410 599 1511 669; x_wconf 80' lang='grc' dir='ltr'><strong>τῆς</strong></span> <span class='ocrx_word' id='word_1_35' title='bbox 1547 598 1756 669; x_wconf 79' lang='grc' dir='ltr'>πλάνης</span> 
     </span>
    </p>
   </div>
   <div class='ocr_carea' id='block_1_8' title="bbox 179 691 1760 769">
    <p class='ocr_par' dir='ltr' id='par_1_8' title="bbox 179 691 1760 769">
     <span class='ocr_line' id='line_1_8' title="bbox 179 691 1760 769; baseline -0.008 -13"><span class='ocrx_word' id='word_1_36' title='bbox 179 702 358 756; x_wconf 80' lang='grc' dir='ltr'>αὐτῶν</span> <span class='ocrx_word' id='word_1_37' title='bbox 392 698 796 769; x_wconf 78' lang='grc' dir='ltr'>Ἀπολινάριος,</span> <span class='ocrx_word' id='word_1_38' title='bbox 830 700 889 750; x_wconf 70' lang='grc' dir='ltr'>ἐν</span> <span class='ocrx_word' id='word_1_39' title='bbox 917 696 996 768; x_wconf 82' lang='grc' dir='ltr'><strong>τῷ</strong></span> <span class='ocrx_word' id='word_1_40' title='bbox 1026 696 1164 766; x_wconf 83' lang='grc' dir='ltr'>Περί</span> <span class='ocrx_word' id='word_1_41' title='bbox 1194 694 1305 761; x_wconf 81' lang='grc' dir='ltr'>τῆς</span> <span class='ocrx_word' id='word_1_42' title='bbox 1331 694 1496 760; x_wconf 83' lang='grc' dir='ltr'><strong>θείας</strong></span> <span class='ocrx_word' id='word_1_43' title='bbox 1522 691 1760 761; x_wconf 76' lang='grc' dir='ltr'>σαρκώ-</span> 
     </span>
    </p>
   </div>
   <div class='ocr_carea' id='block_1_9' title="bbox 180 783 1760 862">
    <p class='ocr_par' dir='ltr' id='par_1_9' title="bbox 180 783 1760 862">
     <span class='ocr_line' id='line_1_9' title="bbox 180 783 1760 862; baseline -0.008 -15"><span class='ocrx_word' id='word_1_44' title='bbox 180 808 334 859; x_wconf 82' lang='grc' dir='ltr'>σεως</span> <span class='ocrx_word' id='word_1_45' title='bbox 377 792 524 862; x_wconf 86' lang='grc' dir='ltr'>λόγῳ</span> <span class='ocrx_word' id='word_1_46' title='bbox 566 791 772 861; x_wconf 81' lang='grc' dir='ltr'>γράφει</span> <span class='ocrx_word' id='word_1_47' title='bbox 800 787 977 855; x_wconf 82' lang='grc' dir='ltr'>λέγων</span> <span class='ocrx_word' id='word_1_48' title='bbox 998 805 1012 820; x_wconf 86' lang='grc'><strong>·</strong></span> <span class='ocrx_word' id='word_1_49' title='bbox 1076 806 1095 839; x_wconf 84' lang='grc' dir='ltr'><strong>ι</strong></span> <span class='ocrx_word' id='word_1_50' title='bbox 1131 788 1243 841; x_wconf 75' lang='grc' dir='ltr'><strong>Καὶ</strong></span> <span class='ocrx_word' id='word_1_51' title='bbox 1267 785 1377 856; x_wconf 83' lang='grc' dir='ltr'>γὰρ</span> <span class='ocrx_word' id='word_1_52' title='bbox 1411 787 1460 839; x_wconf 89' lang='grc' dir='ltr'><strong>εἰ</strong></span> <span class='ocrx_word' id='word_1_53' title='bbox 1488 783 1760 855; x_wconf 80' lang='grc' dir='ltr'><strong>ἀνθρώπῳ</strong></span> 
     </span>
    </p>
   </div>
   <div class='ocr_carea' id='block_1_10' title="bbox 177 871 1762 953">
    <p class='ocr_par' dir='ltr' id='par_1_10' title="bbox 177 871 1762 953">
     <span class='ocr_line' id='line_1_10' title="bbox 177 871 1762 953; baseline -0.008 -16"><span class='ocrx_word' id='word_1_54' title='bbox 177 883 372 953; x_wconf 81' lang='grc' dir='ltr'>τελείῳ</span> <span class='ocrx_word' id='word_1_55' title='bbox 418 881 670 953; x_wconf 78' lang='grc' dir='ltr'>συνηφθη</span> <span class='ocrx_word' id='word_1_56' title='bbox 720 880 854 943; x_wconf 73' lang='grc' dir='ltr'>Θεὸς</span> <span class='ocrx_word' id='word_1_57' title='bbox 883 878 1119 944; x_wconf 83' lang='grc' dir='ltr'>τέλειος,</span> <span class='ocrx_word' id='word_1_58' title='bbox 1165 876 1260 930; x_wconf 80' lang='grc' dir='ltr'>δύο</span> <span class='ocrx_word' id='word_1_59' title='bbox 1293 875 1359 930; x_wconf 88' lang='grc' dir='ltr'>ἂν</span> <span class='ocrx_word' id='word_1_60' title='bbox 1388 871 1561 947; x_wconf 79' lang='grc' dir='ltr'>ἦσαν·</span> <span class='ocrx_word' id='word_1_61' title='bbox 1612 872 1674 926; x_wconf 75' lang='grc' dir='ltr'>τὸ</span> <span class='ocrx_word' id='word_1_62' title='bbox 1703 872 1762 926; x_wconf 76' lang='grc' dir='ltr'>δὲ</span> 
     </span>
    </p>
   </div>
   <div class='ocr_carea' id='block_1_11' title="bbox 178 963 1763 1047">
    <p class='ocr_par' dir='ltr' id='par_1_11' title="bbox 178 963 1763 1047">
     <span class='ocr_line' id='line_1_11' title="bbox 178 963 1763 1047; baseline -0.008 -17"><span class='ocrx_word' id='word_1_63' title='bbox 178 971 366 1038; x_wconf 78' lang='grc' dir='ltr'>ἀτελὲς</span> <span class='ocrx_word' id='word_1_64' title='bbox 409 975 521 1047; x_wconf 81' lang='grc' dir='ltr'><strong>ἀρα</strong></span> <span class='ocrx_word' id='word_1_65' title='bbox 559 974 639 1045; x_wconf 85' lang='grc' dir='ltr'><strong>τῷ</strong></span> <span class='ocrx_word' id='word_1_66' title='bbox 669 973 865 1043; x_wconf 81' lang='grc' dir='ltr'>τελείῳ</span> <span class='ocrx_word' id='word_1_67' title='bbox 901 970 1323 1041; x_wconf 81' lang='grc' dir='ltr'><strong>συντιθέμενον,</strong></span> <span class='ocrx_word' id='word_1_68' title='bbox 1378 968 1481 1021; x_wconf 80' lang='grc' dir='ltr'>οὐκ</span> <span class='ocrx_word' id='word_1_69' title='bbox 1522 968 1581 1020; x_wconf 81' lang='grc' dir='ltr'>ὲν</span> <span class='ocrx_word' id='word_1_70' title='bbox 1609 963 1763 1019; x_wconf 81' lang='grc' dir='ltr'>δυάδι</span> 
     </span>
    </p>
   </div>
   <div class='ocr_carea' id='block_1_12' title="bbox 178 1057 1762 1139">
    <p class='ocr_par' dir='ltr' id='par_1_12' title="bbox 178 1057 1762 1139">
     <span class='ocr_line' id='line_1_12' title="bbox 178 1057 1762 1139; baseline -0.008 -17"><span class='ocrx_word' id='word_1_71' title='bbox 178 1069 487 1139; x_wconf 84' lang='grc' dir='ltr'>θεωρεῖται.</span> <span class='ocrx_word' id='word_1_72' title='bbox 513 1084 533 1118; x_wconf 71' lang='grc' dir='ltr'><strong>ο</strong></span> <span class='ocrx_word' id='word_1_73' title='bbox 557 1094 629 1109; x_wconf 90' lang='grc'><strong><em>--</em></strong></span> <span class='ocrx_word' id='word_1_74' title='bbox 663 1063 749 1139; x_wconf 86' lang='grc' dir='ltr'><strong>[Ρ.</strong></span> <span class='ocrx_word' id='word_1_75' title='bbox 779 1062 911 1139; x_wconf 71' lang='grc'><strong>259]</strong></span> <span class='ocrx_word' id='word_1_76' title='bbox 981 1062 1078 1116; x_wconf 87' lang='grc' dir='ltr'>Ἐκ</span> <span class='ocrx_word' id='word_1_77' title='bbox 1105 1062 1214 1115; x_wconf 84' lang='grc' dir='ltr'><strong>τῶν</strong></span> <span class='ocrx_word' id='word_1_78' title='bbox 1242 1058 1554 1131; x_wconf 78' lang='grc' dir='ltr'><strong>εἰρημένων</strong></span> <span class='ocrx_word' id='word_1_79' title='bbox 1582 1057 1762 1111; x_wconf 80' lang='grc' dir='ltr'>τοίνυν</span> 
     </span>
    </p>
   </div>
   <div class='ocr_carea' id='block_1_13' title="bbox 181 1152 1764 1232">
    <p class='ocr_par' dir='ltr' id='par_1_13' title="bbox 181 1152 1764 1232">
     <span class='ocr_line' id='line_1_13' title="bbox 181 1152 1764 1232; baseline -0.009 -15"><span class='ocrx_word' id='word_1_80' title='bbox 181 1162 352 1232; x_wconf 80' lang='grc' dir='ltr'>σαφὲς</span> <span class='ocrx_word' id='word_1_81' title='bbox 384 1161 759 1231; x_wconf 75' lang='grc' dir='ltr'><strong>καθέστηκεν,</strong></span> <span class='ocrx_word' id='word_1_82' title='bbox 812 1160 896 1214; x_wconf 80' lang='grc' dir='ltr'>ὅτι</span> <span class='ocrx_word' id='word_1_83' title='bbox 927 1158 1064 1212; x_wconf 79' lang='grc' dir='ltr'>ὅπου</span> <span class='ocrx_word' id='word_1_84' title='bbox 1093 1157 1290 1219; x_wconf 72' lang='grc' dir='ltr'>ἓνωσις</span> <span class='ocrx_word' id='word_1_85' title='bbox 1318 1152 1594 1223; x_wconf 87' lang='grc' dir='ltr'>διαφόρων</span> <span class='ocrx_word' id='word_1_86' title='bbox 1622 1152 1764 1203; x_wconf 84' lang='grc' dir='ltr'>νοεῖ-</span> 
     </span>
    </p>
   </div>
   <div class='ocr_carea' id='block_1_14' title="bbox 179 1240 1766 1325">
    <p class='ocr_par' dir='ltr' id='par_1_14' title="bbox 179 1240 1766 1325">
     <span class='ocr_line' id='line_1_14' title="bbox 179 1240 1766 1325; baseline -0.008 -18"><span class='ocrx_word' id='word_1_87' title='bbox 179 1271 271 1309; x_wconf 87' lang='grc' dir='ltr'><strong>ται</strong></span> <span class='ocrx_word' id='word_1_88' title='bbox 315 1253 666 1325; x_wconf 79' lang='grc' dir='ltr'>πραγμάτων</span> <span class='ocrx_word' id='word_1_89' title='bbox 692 1293 708 1316; x_wconf 91' lang='grc'><strong>,</strong></span> <span class='ocrx_word' id='word_1_90' title='bbox 763 1253 884 1306; x_wconf 66' lang='grc' dir='ltr'>ἐκεῖ</span> <span class='ocrx_word' id='word_1_91' title='bbox 926 1250 1146 1314; x_wconf 83' lang='grc' dir='ltr'>πάντως</span> <span class='ocrx_word' id='word_1_92' title='bbox 1192 1247 1285 1302; x_wconf 78' lang='grc' dir='ltr'>καὶ</span> <span class='ocrx_word' id='word_1_93' title='bbox 1325 1246 1355 1300; x_wconf 82' lang='grc' dir='ltr'><strong>ὁ</strong></span> <span class='ocrx_word' id='word_1_94' title='bbox 1390 1242 1626 1318; x_wconf 73' lang='grc' dir='ltr'>ἀριθμὸς</span> <span class='ocrx_word' id='word_1_95' title='bbox 1656 1240 1766 1295; x_wconf 83' lang='grc' dir='ltr'><strong>τῶν</strong></span> 
     </span>
    </p>
   </div>
   <div class='ocr_carea' id='block_1_15' title="bbox 181 1332 1763 1417">
    <p class='ocr_par' dir='ltr' id='par_1_15' title="bbox 181 1332 1763 1417">
     <span class='ocr_line' id='line_1_15' title="bbox 181 1332 1763 1417; baseline -0.009 -17"><span class='ocrx_word' id='word_1_96' title='bbox 181 1346 495 1401; x_wconf 73' lang='grc' dir='ltr'>ἑνωθέντων</span> <span class='ocrx_word' id='word_1_97' title='bbox 525 1345 888 1417; x_wconf 75' lang='grc' dir='ltr'>γνωρίζεταιο</span> <span class='ocrx_word' id='word_1_98' title='bbox 923 1342 1041 1399; x_wconf 84' lang='grc' dir='ltr'>ἀλλ’</span> <span class='ocrx_word' id='word_1_99' title='bbox 1062 1344 1110 1396; x_wconf 88' lang='grc' dir='ltr'><strong>οἰ</strong></span> <span class='ocrx_word' id='word_1_100' title='bbox 1137 1342 1236 1411; x_wconf 83' lang='grc' dir='ltr'>τῆς</span> <span class='ocrx_word' id='word_1_101' title='bbox 1261 1333 1524 1409; x_wconf 76' lang='grc' dir='ltr'>ἀληθείας</span> <span class='ocrx_word' id='word_1_102' title='bbox 1553 1332 1763 1405; x_wconf 71' lang='grc' dir='ltr'>ἐχθροὶ,</span> 
     </span>
    </p>
   </div>
   <div class='ocr_carea' id='block_1_16' title="bbox 179 1424 1764 1508">
    <p class='ocr_par' dir='ltr' id='par_1_16' title="bbox 179 1424 1764 1508">
     <span class='ocr_line' id='line_1_16' title="bbox 179 1424 1764 1508; baseline -0.007 -18"><span class='ocrx_word' id='word_1_103' title='bbox 179 1437 269 1490; x_wconf 77' lang='grc' dir='ltr'>ἀεὶ</span> <span class='ocrx_word' id='word_1_104' title='bbox 298 1438 365 1508; x_wconf 78' lang='grc' dir='ltr'><strong>τῇ</strong></span> <span class='ocrx_word' id='word_1_105' title='bbox 399 1437 608 1490; x_wconf 77' lang='grc' dir='ltr'>ἑαυτῶν</span> <span class='ocrx_word' id='word_1_106' title='bbox 630 1434 923 1506; x_wconf 76' lang='grc' dir='ltr'>δυσσεϐείᾳ</span> <span class='ocrx_word' id='word_1_107' title='bbox 947 1429 1407 1504; x_wconf 80' lang='grc' dir='ltr'>προεπινοοῦντες</span> <span class='ocrx_word' id='word_1_108' title='bbox 1430 1428 1499 1482; x_wconf 85' lang='grc' dir='ltr'><strong>τά</strong></span> <span class='ocrx_word' id='word_1_109' title='bbox 1520 1424 1764 1498; x_wconf 87' lang='grc' dir='ltr'>χείρονα,</span> 
     </span>
    </p>
   </div>
   <div class='ocr_carea' id='block_1_17' title="bbox 1860 507 3449 579">
    <p class='ocr_par' dir='ltr' id='par_1_17' title="bbox 1860 507 3449 579">
     <span class='ocr_line' id='line_1_17' title="bbox 1860 507 3449 579; baseline 0.003 -17"><span class='ocrx_word' id='word_1_110' title='bbox 1860 509 2194 574; x_wconf 85' lang='lat' dir='ltr'><strong>vincuntur;</strong></span> <span class='ocrx_word' id='word_1_111' title='bbox 2234 507 2340 562; x_wconf 87' lang='lat' dir='ltr'><strong>hoc</strong></span> <span class='ocrx_word' id='word_1_112' title='bbox 2369 508 2516 563; x_wconf 87' lang='lat' dir='ltr'><strong>enim</strong></span> <span class='ocrx_word' id='word_1_113' title='bbox 2551 508 2815 578; x_wconf 81' lang='lat' dir='ltr'><strong>magister</strong></span> <span class='ocrx_word' id='word_1_114' title='bbox 2842 510 2961 579; x_wconf 87' lang='lat' dir='ltr'><strong>ipse</strong></span> <span class='ocrx_word' id='word_1_115' title='bbox 3004 509 3213 565; x_wconf 85' lang='lat' dir='ltr'><strong>erroris</strong></span> <span class='ocrx_word' id='word_1_116' title='bbox 3240 524 3449 569; x_wconf 83' lang='lat' dir='ltr'><strong>eorum-</strong></span> 
     </span>
    </p>
   </div>
   <div class='ocr_carea' id='block_1_18' title="bbox 1861 599 3444 671">
    <p class='ocr_par' dir='ltr' id='par_1_18' title="bbox 1861 599 3444 671">
     <span class='ocr_line' id='line_1_18' title="bbox 1861 599 3444 671; baseline 0.001 -16"><span class='ocrx_word' id='word_1_117' title='bbox 1861 599 2249 671; x_wconf 83' lang='lat' dir='ltr'><strong>Apollinarius,</strong></span> <span class='ocrx_word' id='word_1_118' title='bbox 2273 599 2330 654; x_wconf 92' lang='lat' dir='ltr'><strong>in</strong></span> <span class='ocrx_word' id='word_1_119' title='bbox 2356 607 2590 655; x_wconf 86' lang='lat' dir='ltr'><strong>tractatu</strong></span> <span class='ocrx_word' id='word_1_120' title='bbox 2617 599 2693 654; x_wconf 85' lang='lat' dir='ltr'><strong>De</strong></span> <span class='ocrx_word' id='word_1_121' title='bbox 2713 601 2892 655; x_wconf 83' lang='lat' dir='ltr'><strong>divina</strong></span> <span class='ocrx_word' id='word_1_122' title='bbox 2915 602 3285 657; x_wconf 73' lang='lat' dir='ltr'><strong>incarnatione</strong></span> <span class='ocrx_word' id='word_1_123' title='bbox 3303 603 3444 657; x_wconf 58' lang='lat' dir='ltr'><strong>seria</strong></span> 
     </span>
    </p>
   </div>
   <div class='ocr_carea' id='block_1_19' title="bbox 1862 691 3451 763">
    <p class='ocr_par' dir='ltr' id='par_1_19' title="bbox 1862 691 3451 763">
     <span class='ocr_line' id='line_1_19' title="bbox 1862 691 3451 763; baseline 0.003 -17"><span class='ocrx_word' id='word_1_124' title='bbox 1862 691 1943 746; x_wconf 83' lang='lat' dir='ltr'><strong>bit</strong></span> <span class='ocrx_word' id='word_1_125' title='bbox 1971 691 2161 747; x_wconf 90' lang='lat' dir='ltr'><strong>dicens</strong></span> <span class='ocrx_word' id='word_1_126' title='bbox 2191 709 2205 745; x_wconf 87' lang='lat'><strong>:</strong></span> <span class='ocrx_word' id='word_1_127' title='bbox 2243 709 2261 741; x_wconf 74' lang='grc' dir='ltr'><strong>ι</strong></span> <span class='ocrx_word' id='word_1_128' title='bbox 2298 692 2498 763; x_wconf 82' lang='lat' dir='ltr'><strong>Reipsa</strong></span> <span class='ocrx_word' id='word_1_129' title='bbox 2529 692 2576 747; x_wconf 90' lang='lat' dir='ltr'><strong>si</strong></span> <span class='ocrx_word' id='word_1_130' title='bbox 2620 707 2745 746; x_wconf 92' lang='lat' dir='ltr'><strong>cum</strong></span> <span class='ocrx_word' id='word_1_131' title='bbox 2772 692 2999 747; x_wconf 87' lang='lat' dir='ltr'><strong>homine</strong></span> <span class='ocrx_word' id='word_1_132' title='bbox 3020 693 3264 763; x_wconf 80' lang='lat' dir='ltr'><strong>perfecto</strong></span> <span class='ocrx_word' id='word_1_133' title='bbox 3295 694 3451 751; x_wconf 63' lang='lat' dir='ltr'><strong>Deus</strong></span> 
     </span>
    </p>
   </div>
   <div class='ocr_carea' id='block_1_20' title="bbox 1864 771 3523 856">
    <p class='ocr_par' dir='ltr' id='par_1_20' title="bbox 1864 771 3523 856">
     <span class='ocr_line' id='line_1_20' title="bbox 1864 771 3523 856; baseline 0.002 -18"><span class='ocrx_word' id='word_1_134' title='bbox 1864 784 2146 854; x_wconf 80' lang='lat' dir='ltr'><strong>perfectus</strong></span> <span class='ocrx_word' id='word_1_135' title='bbox 2197 785 2527 855; x_wconf 78' lang='lat' dir='ltr'><strong>coniunctus</strong></span> <span class='ocrx_word' id='word_1_136' title='bbox 2563 784 2766 848; x_wconf 81' lang='lat' dir='ltr'><strong>fuerit,</strong></span> <span class='ocrx_word' id='word_1_137' title='bbox 2799 785 2908 841; x_wconf 87' lang='lat' dir='ltr'><strong>duo</strong></span> <span class='ocrx_word' id='word_1_138' title='bbox 2936 796 3135 852; x_wconf 85' lang='lat' dir='ltr'><strong>erunt;</strong></span> <span class='ocrx_word' id='word_1_139' title='bbox 3176 786 3443 856; x_wconf 80' lang='lat' dir='ltr'><strong>imperfe-</strong></span> <span class='ocrx_word' id='word_1_140' title='bbox 3517 771 3523 777; x_wconf 20' lang='grc' dir='ltr'><strong>λ</strong></span> 
     </span>
    </p>
   </div>
   <div class='ocr_carea' id='block_1_21' title="bbox 1865 875 3439 948">
    <p class='ocr_par' dir='ltr' id='par_1_21' title="bbox 1865 875 3439 948">
     <span class='ocr_line' id='line_1_21' title="bbox 1865 875 3439 948; baseline 0.001 -17"><span class='ocrx_word' id='word_1_141' title='bbox 1865 883 2016 931; x_wconf 87' lang='lat' dir='ltr'><strong>ctum</strong></span> <span class='ocrx_word' id='word_1_142' title='bbox 2049 890 2182 931; x_wconf 89' lang='lat' dir='ltr'><strong>vero</strong></span> <span class='ocrx_word' id='word_1_143' title='bbox 2219 892 2344 930; x_wconf 91' lang='lat' dir='ltr'><strong>cum</strong></span> <span class='ocrx_word' id='word_1_144' title='bbox 2374 875 2620 946; x_wconf 83' lang='lat' dir='ltr'><strong>perfecto</strong></span> <span class='ocrx_word' id='word_1_145' title='bbox 2659 878 3015 948; x_wconf 89' lang='lat' dir='ltr'><strong>eonjunclum</strong></span> <span class='ocrx_word' id='word_1_146' title='bbox 3042 918 3056 942; x_wconf 89' lang='lat'><strong>,</strong></span> <span class='ocrx_word' id='word_1_147' title='bbox 3100 878 3303 948; x_wconf 81' lang='lat' dir='ltr'><strong>duplex</strong></span> <span class='ocrx_word' id='word_1_148' title='bbox 3330 894 3439 934; x_wconf 90' lang='lat' dir='ltr'><strong>non</strong></span> 
     </span>
    </p>
   </div>
   <div class='ocr_carea' id='block_1_22' title="bbox 1864 965 3452 1040">
    <p class='ocr_par' dir='ltr' id='par_1_22' title="bbox 1864 965 3452 1040">
     <span class='ocr_line' id='line_1_22' title="bbox 1864 965 3452 1040; baseline 0.003 -20"><span class='ocrx_word' id='word_1_149' title='bbox 1864 965 2105 1021; x_wconf 87' lang='lat' dir='ltr'><strong>videtur.</strong></span> <span class='ocrx_word' id='word_1_150' title='bbox 2119 986 2137 1018; x_wconf 79' lang='grc' dir='ltr'><strong>ι</strong></span> <span class='ocrx_word' id='word_1_151' title='bbox 2157 966 2305 1022; x_wconf 83' lang='lat' dir='ltr'><strong>——Ex</strong></span> <span class='ocrx_word' id='word_1_152' title='bbox 2330 967 2497 1023; x_wconf 85' lang='lat' dir='ltr'><strong>dictis</strong></span> <span class='ocrx_word' id='word_1_153' title='bbox 2517 968 2986 1038; x_wconf 76' lang='lat' dir='ltr'><strong>igiturevidenter</strong></span> <span class='ocrx_word' id='word_1_154' title='bbox 3006 977 3176 1040; x_wconf 85' lang='lat' dir='ltr'><strong>patet,</strong></span> <span class='ocrx_word' id='word_1_155' title='bbox 3195 969 3290 1024; x_wconf 86' lang='lat' dir='ltr'><strong>ubi</strong></span> <span class='ocrx_word' id='word_1_156' title='bbox 3308 970 3452 1025; x_wconf 80' lang='lat' dir='ltr'><strong>uuio</strong></span> 
     </span>
    </p>
   </div>
   <div class='ocr_carea' id='block_1_23' title="bbox 1867 1057 3443 1132">
    <p class='ocr_par' dir='ltr' id='par_1_23' title="bbox 1867 1057 3443 1132">
     <span class='ocr_line' id='line_1_23' title="bbox 1867 1057 3443 1132; baseline 0.003 -19"><span class='ocrx_word' id='word_1_157' title='bbox 1867 1057 2212 1114; x_wconf 87' lang='lat' dir='ltr'><strong>diversorum</strong></span> <span class='ocrx_word' id='word_1_158' title='bbox 2250 1059 2596 1131; x_wconf 79' lang='lat' dir='ltr'><strong>intelligitur,</strong></span> <span class='ocrx_word' id='word_1_159' title='bbox 2640 1061 2720 1115; x_wconf 90' lang='lat' dir='ltr'><strong>ibi</strong></span> <span class='ocrx_word' id='word_1_160' title='bbox 2757 1076 2977 1132; x_wconf 87' lang='lat' dir='ltr'><strong>quoque</strong></span> <span class='ocrx_word' id='word_1_161' title='bbox 3026 1061 3300 1132; x_wconf 81' lang='lat' dir='ltr'><strong>integrum</strong></span> <span class='ocrx_word' id='word_1_162' title='bbox 3334 1079 3443 1117; x_wconf 80' lang='lat' dir='ltr'><strong>nu—</strong></span> 
     </span>
    </p>
   </div>
   <div class='ocr_carea' id='block_1_24' title="bbox 1861 1153 3440 1227">
    <p class='ocr_par' dir='ltr' id='par_1_24' title="bbox 1861 1153 3440 1227">
     <span class='ocr_line' id='line_1_24' title="bbox 1861 1153 3440 1227; baseline 0.003 -20"><span class='ocrx_word' id='word_1_163' title='bbox 1861 1168 2074 1208; x_wconf 84' lang='lat' dir='ltr'><strong>merum</strong></span> <span class='ocrx_word' id='word_1_164' title='bbox 2100 1154 2526 1224; x_wconf 70' lang='lat' dir='ltr'><strong>coniunctorum</strong></span> <span class='ocrx_word' id='word_1_165' title='bbox 2552 1156 2800 1227; x_wconf 77' lang='lat' dir='ltr'><strong>agnosci.</strong></span> <span class='ocrx_word' id='word_1_166' title='bbox 2825 1155 2932 1212; x_wconf 87' lang='lat' dir='ltr'><strong>Sed</strong></span> <span class='ocrx_word' id='word_1_167' title='bbox 2956 1153 3208 1211; x_wconf 82' lang='lat' dir='ltr'><strong>veritatis</strong></span> <span class='ocrx_word' id='word_1_168' title='bbox 3230 1156 3440 1222; x_wconf 88' lang='lat' dir='ltr'><strong>hostes,</strong></span> 
     </span>
    </p>
   </div>
   <div class='ocr_carea' id='block_1_25' title="bbox 1859 1245 3442 1318">
    <p class='ocr_par' dir='ltr' id='par_1_25' title="bbox 1859 1245 3442 1318">
     <span class='ocr_line' id='line_1_25' title="bbox 1859 1245 3442 1318; baseline 0.001 -18"><span class='ocrx_word' id='word_1_169' title='bbox 1859 1259 2082 1315; x_wconf 86' lang='lat' dir='ltr'><strong>semper</strong></span> <span class='ocrx_word' id='word_1_170' title='bbox 2113 1245 2382 1315; x_wconf 88' lang='lat' dir='ltr'><strong>impietati</strong></span> <span class='ocrx_word' id='word_1_171' title='bbox 2406 1261 2520 1301; x_wconf 62' lang='lat' dir='ltr'><strong>sua:</strong></span> <span class='ocrx_word' id='word_1_172' title='bbox 2553 1248 2740 1318; x_wconf 79' lang='lat' dir='ltr'><strong>pejora</strong></span> <span class='ocrx_word' id='word_1_173' title='bbox 2765 1247 3106 1316; x_wconf 84' lang='lat' dir='ltr'><strong>adjicientes,</strong></span> <span class='ocrx_word' id='word_1_174' title='bbox 3130 1262 3241 1302; x_wconf 88' lang='lat' dir='ltr'><strong>non</strong></span> <span class='ocrx_word' id='word_1_175' title='bbox 3263 1247 3442 1304; x_wconf 85' lang='lat' dir='ltr'><strong>solum</strong></span> 
     </span>
    </p>
   </div>
   <div class='ocr_carea' id='block_1_26' title="bbox 1861 1332 3455 1407">
    <p class='ocr_par' dir='ltr' id='par_1_26' title="bbox 1861 1332 3455 1407">
     <span class='ocr_line' id='line_1_26' title="bbox 1861 1332 3455 1407; baseline 0.006 -22"><span class='ocrx_word' id='word_1_176' title='bbox 1861 1332 1918 1386; x_wconf 90' lang='lat' dir='ltr'><strong>in</strong></span> <span class='ocrx_word' id='word_1_177' title='bbox 1941 1332 2308 1387; x_wconf 77' lang='lat' dir='ltr'><strong>teconomiam</strong></span> <span class='ocrx_word' id='word_1_178' title='bbox 2332 1333 2501 1387; x_wconf 89' lang='lat' dir='ltr'><strong>unius</strong></span> <span class='ocrx_word' id='word_1_179' title='bbox 2530 1343 2734 1390; x_wconf 79' lang='lat' dir='ltr'><strong>sanctae</strong></span> <span class='ocrx_word' id='word_1_180' title='bbox 2753 1335 3043 1392; x_wconf 86' lang='lat' dir='ltr'><strong>Trinitatis</strong></span> <span class='ocrx_word' id='word_1_181' title='bbox 3062 1346 3315 1407; x_wconf 87' lang='lat' dir='ltr'><strong>peccant,</strong></span> <span class='ocrx_word' id='word_1_182' title='bbox 3345 1339 3455 1394; x_wconf 65' lang='lat' dir='ltr'><strong>sed</strong></span> 
     </span>
    </p>
   </div>
   <div class='ocr_carea' id='block_1_27' title="bbox 1861 1423 3391 1498">
    <p class='ocr_par' dir='ltr' id='par_1_27' title="bbox 1861 1423 3391 1498">
     <span class='ocr_line' id='line_1_27' title="bbox 1861 1423 3391 1498; baseline 0.005 -20"><span class='ocrx_word' id='word_1_183' title='bbox 1861 1423 2028 1479; x_wconf 88' lang='lat' dir='ltr'><strong>etiam</strong></span> <span class='ocrx_word' id='word_1_184' title='bbox 2058 1424 2589 1481; x_wconf 82' lang='lat' dir='ltr'><strong>consubstantialem</strong></span> <span class='ocrx_word' id='word_1_185' title='bbox 2618 1425 2950 1484; x_wconf 87' lang='lat' dir='ltr'><strong>Trinitatem</strong></span> <span class='ocrx_word' id='word_1_186' title='bbox 2983 1428 3391 1498; x_wconf 83' lang='lat' dir='ltr'><strong>blasphemant;</strong></span> 
     </span>
    </p>
   </div>
   <div class='ocr_carea' id='block_1_28' title="bbox 176 1512 3446 1599">
    <p class='ocr_par' dir='ltr' id='par_1_28' title="bbox 176 1512 3446 1599">
     <span class='ocr_line' id='line_1_28' title="bbox 176 1512 3446 1599; baseline -0.002 -19"><span class='ocrx_word' id='word_1_187' title='bbox 176 1529 239 1581; x_wconf 76' lang='grc' dir='ltr'>οὐ</span> <span class='ocrx_word' id='word_1_188' title='bbox 286 1530 447 1598; x_wconf 92' lang='grc' dir='ltr'>μόνον</span> <span class='ocrx_word' id='word_1_189' title='bbox 499 1526 633 1599; x_wconf 78' lang='grc' dir='ltr'>περὶ</span> <span class='ocrx_word' id='word_1_190' title='bbox 675 1527 775 1598; x_wconf 85' lang='grc' dir='ltr'>τὴν</span> <span class='ocrx_word' id='word_1_191' title='bbox 814 1523 1132 1594; x_wconf 88' lang='grc' dir='ltr'>οἰκονομίαν</span> <span class='ocrx_word' id='word_1_192' title='bbox 1173 1521 1271 1577; x_wconf 82' lang='grc' dir='ltr'><strong>τοῦ</strong></span> <span class='ocrx_word' id='word_1_193' title='bbox 1303 1520 1423 1584; x_wconf 77' lang='grc' dir='ltr'>ἑνὸς</span> <span class='ocrx_word' id='word_1_194' title='bbox 1461 1518 1563 1590; x_wconf 82' lang='grc' dir='ltr'>τῆς</span> <span class='ocrx_word' id='word_1_195' title='bbox 1592 1513 1755 1585; x_wconf 76' lang='grc' dir='ltr'>ἁγίας</span> <span class='ocrx_word' id='word_1_196' title='bbox 1784 1512 2016 1584; x_wconf 79' lang='grc' dir='ltr'>Τριάδος</span> <span class='ocrx_word' id='word_1_197' title='bbox 2053 1515 2462 1588; x_wconf 77' lang='grc' dir='ltr'>ἁμαρτάνουσιν</span> <span class='ocrx_word' id='word_1_198' title='bbox 2486 1556 2502 1582; x_wconf 92' lang='grc'><strong>,</strong></span> <span class='ocrx_word' id='word_1_199' title='bbox 2552 1515 2689 1572; x_wconf 87' lang='grc' dir='ltr'><strong>ἀλλά</strong></span> <span class='ocrx_word' id='word_1_200' title='bbox 2728 1518 2827 1571; x_wconf 80' lang='grc' dir='ltr'>καὶ</span> <span class='ocrx_word' id='word_1_201' title='bbox 2888 1521 3017 1591; x_wconf 81' lang='grc' dir='ltr'>περὶ</span> <span class='ocrx_word' id='word_1_202' title='bbox 3047 1520 3214 1593; x_wconf 75' lang='grc' dir='ltr'>αὐτὴν</span> <span class='ocrx_word' id='word_1_203' title='bbox 3280 1520 3446 1592; x_wconf 77' lang='grc' dir='ltr'>βλασ-</span> 
     </span>
    </p>
   </div>
   <div class='ocr_carea' id='block_1_29' title="bbox 181 1615 1157 1692">
    <p class='ocr_par' dir='ltr' id='par_1_29' title="bbox 181 1615 1157 1692">
     <span class='ocr_line' id='line_1_29' title="bbox 181 1615 1157 1692; baseline 0 -19"><span class='ocrx_word' id='word_1_204' title='bbox 181 1618 456 1692; x_wconf 70' lang='grc' dir='ltr'>φημοῦσιν</span> <span class='ocrx_word' id='word_1_205' title='bbox 486 1618 588 1690; x_wconf 80' lang='grc' dir='ltr'>τὴν</span> <span class='ocrx_word' id='word_1_206' title='bbox 613 1618 899 1690; x_wconf 83' lang='grc' dir='ltr'>όμοούσιον</span> <span class='ocrx_word' id='word_1_207' title='bbox 924 1615 1157 1690; x_wconf 84' lang='grc' dir='ltr'>Τριάδα.</span> 
     </span>
    </p>
   </div>
   <div class='ocr_carea' id='block_1_30' title="bbox 250 1702 1759 1783">
    <p class='ocr_par' dir='ltr' id='par_1_30' title="bbox 250 1702 1759 1783">
     <span class='ocr_line' id='line_1_30' title="bbox 250 1702 1759 1783; baseline -0.007 -17"><span class='ocrx_word' id='word_1_208' title='bbox 250 1712 363 1766; x_wconf 74' lang='grc' dir='ltr'><strong>Καὶ</strong></span> <span class='ocrx_word' id='word_1_209' title='bbox 412 1710 573 1766; x_wconf 84' lang='grc' dir='ltr'>τοῦτο</span> <span class='ocrx_word' id='word_1_210' title='bbox 621 1710 729 1783; x_wconf 81' lang='grc' dir='ltr'><strong>γάρ</strong></span> <span class='ocrx_word' id='word_1_211' title='bbox 778 1710 962 1779; x_wconf 77' lang='grc' dir='ltr'>λέγειν</span> <span class='ocrx_word' id='word_1_212' title='bbox 1023 1708 1266 1779; x_wconf 81' lang='grc' dir='ltr'>Σευῆρος</span> <span class='ocrx_word' id='word_1_213' title='bbox 1319 1704 1623 1777; x_wconf 72' lang='grc' dir='ltr'>ἐτόλμησεν</span> <span class='ocrx_word' id='word_1_214' title='bbox 1677 1702 1759 1756; x_wconf 81' lang='grc' dir='ltr'>ὅτι</span> 
     </span>
    </p>
   </div>
   <div class='ocr_carea' id='block_1_31' title="bbox 1940 1696 3451 1783">
    <p class='ocr_par' dir='ltr' id='par_1_31' title="bbox 1940 1696 3451 1783">
     <span class='ocr_line' id='line_1_31' title="bbox 1940 1696 3451 1783; baseline 0.011 -32"><span class='ocrx_word' id='word_1_215' title='bbox 1940 1696 2156 1752; x_wconf 86' lang='lat' dir='ltr'><strong>Etenim</strong></span> <span class='ocrx_word' id='word_1_216' title='bbox 2185 1696 2424 1754; x_wconf 84' lang='lat' dir='ltr'><strong>Severus</strong></span> <span class='ocrx_word' id='word_1_217' title='bbox 2451 1715 2620 1757; x_wconf 89' lang='lat' dir='ltr'><strong>ausus</strong></span> <span class='ocrx_word' id='word_1_218' title='bbox 2654 1713 2739 1759; x_wconf 90' lang='lat' dir='ltr'><strong>est</strong></span> <span class='ocrx_word' id='word_1_219' title='bbox 2769 1705 2936 1760; x_wconf 88' lang='lat' dir='ltr'><strong>etiam</strong></span> <span class='ocrx_word' id='word_1_220' title='bbox 2971 1706 3157 1764; x_wconf 88' lang='lat' dir='ltr'><strong>dicere</strong></span> <span class='ocrx_word' id='word_1_221' title='bbox 3176 1709 3451 1783; x_wconf 80' lang='lat' dir='ltr'><strong>hymnum</strong></span> 
     </span>
    </p>
   </div>
   <div class='ocr_carea' id='block_1_32' title="bbox 178 1773 1768 1876">
    <p class='ocr_par' dir='ltr' id='par_1_32' title="bbox 178 1773 1760 1876">
     <span class='ocr_line' id='line_1_32' title="bbox 178 1773 1760 1876; baseline -0.007 -19"><span class='ocrx_word' id='word_1_222' title='bbox 178 1806 206 1857; x_wconf 74' lang='grc' dir='ltr'><strong>ὁ</strong></span> <span class='ocrx_word' id='word_1_223' title='bbox 234 1803 535 1876; x_wconf 87' lang='grc' dir='ltr'>Τρισάγιος</span> <span class='ocrx_word' id='word_1_224' title='bbox 569 1773 741 1874; x_wconf 76' lang='grc' dir='ltr'>ὕμνος</span> <span class='ocrx_word' id='word_1_225' title='bbox 789 1773 869 1866; x_wconf 78' lang='grc' dir='ltr'><strong>εἰς</strong></span> <span class='ocrx_word' id='word_1_226' title='bbox 914 1801 1078 1872; x_wconf 91' lang='grc' dir='ltr'>μόνον</span> <span class='ocrx_word' id='word_1_227' title='bbox 1117 1773 1462 1870; x_wconf 37' lang='grc' dir='ltr'>ἀναφέρεται.</span> <span class='ocrx_word' id='word_1_228' title='bbox 1488 1773 1579 1850; x_wconf 82' lang='grc' dir='ltr'><strong>τδν</strong></span> <span class='ocrx_word' id='word_1_229' title='bbox 1609 1794 1760 1859; x_wconf 75' lang='grc' dir='ltr'>Υἰδν,</span> 
     </span>
    </p>
   </div>
   <div class='ocr_carea' id='block_1_33' title="bbox 1873 1773 3447 1876">
    <p class='ocr_par' dir='ltr' id='par_1_33' title="bbox 1873 1773 3447 1876">
     <span class='ocr_line' id='line_1_33' title="bbox 1873 1773 3447 1876; baseline 0.012 -35"><span class='ocrx_word' id='word_1_230' title='bbox 1873 1786 2172 1859; x_wconf 79' lang='lat' dir='ltr'><strong>Trisagium</strong></span> <span class='ocrx_word' id='word_1_231' title='bbox 2217 1790 2314 1845; x_wconf 91' lang='lat' dir='ltr'><strong>uni</strong></span> <span class='ocrx_word' id='word_1_232' title='bbox 2341 1791 2482 1849; x_wconf 85' lang='lat' dir='ltr'><strong>Filio</strong></span> <span class='ocrx_word' id='word_1_233' title='bbox 2513 1793 2823 1860; x_wconf 86' lang='lat' dir='ltr'><strong>decantari,</strong></span> <span class='ocrx_word' id='word_1_234' title='bbox 2856 1813 2961 1852; x_wconf 88' lang='lat' dir='ltr'><strong>nec</strong></span> <span class='ocrx_word' id='word_1_235' title='bbox 2993 1799 3154 1855; x_wconf 85' lang='lat' dir='ltr'><strong>Patre</strong></span> <span class='ocrx_word' id='word_1_236' title='bbox 3183 1773 3287 1858; x_wconf 69' lang='lat' dir='ltr'><strong>nec</strong></span> <span class='ocrx_word' id='word_1_237' title='bbox 3325 1802 3447 1876; x_wconf 88' lang='lat' dir='ltr'><strong>Spi—</strong></span> 
     </span>
    </p>
   </div>
   <div class='ocr_carea' id='block_1_34' title="bbox 183 1883 1763 1966">
    <p class='ocr_par' dir='ltr' id='par_1_34' title="bbox 183 1883 1763 1966">
     <span class='ocr_line' id='line_1_34' title="bbox 183 1883 1763 1966; baseline -0.007 -17"><span class='ocrx_word' id='word_1_238' title='bbox 183 1895 258 1966; x_wconf 81' lang='grc' dir='ltr'>μὴ</span> <span class='ocrx_word' id='word_1_239' title='bbox 306 1893 691 1948; x_wconf 85' lang='grc' dir='ltr'>κοινωσάντων</span> <span class='ocrx_word' id='word_1_240' title='bbox 737 1897 805 1964; x_wconf 80' lang='grc' dir='ltr'><strong>τῇ</strong></span> <span class='ocrx_word' id='word_1_241' title='bbox 842 1891 1126 1960; x_wconf 65' lang='grc' dir='ltr'>δοξολογίᾳ</span> <span class='ocrx_word' id='word_1_242' title='bbox 1160 1890 1254 1944; x_wconf 78' lang='grc' dir='ltr'><strong>τοῦ</strong></span> <span class='ocrx_word' id='word_1_243' title='bbox 1286 1887 1501 1958; x_wconf 80' lang='grc' dir='ltr'>Πατρδς</span> <span class='ocrx_word' id='word_1_244' title='bbox 1539 1887 1639 1940; x_wconf 71' lang='grc' dir='ltr'>καὶ</span> <span class='ocrx_word' id='word_1_245' title='bbox 1666 1883 1763 1939; x_wconf 79' lang='grc' dir='ltr'><strong>τοῦ</strong></span> 
     </span>
    </p>
   </div>
   <div class='ocr_carea' id='block_1_35' title="bbox 181 1976 1763 2054">
    <p class='ocr_par' dir='ltr' id='par_1_35' title="bbox 181 1976 1763 2054">
     <span class='ocr_line' id='line_1_35' title="bbox 181 1976 1763 2054; baseline -0.005 -17"><span class='ocrx_word' id='word_1_246' title='bbox 181 1986 344 2050; x_wconf 77' lang='grc' dir='ltr'>ἀγίου</span> <span class='ocrx_word' id='word_1_247' title='bbox 388 1984 735 2054; x_wconf 82' lang='grc' dir='ltr'>Πνεύματος.</span> <span class='ocrx_word' id='word_1_248' title='bbox 796 1982 970 2037; x_wconf 81' lang='grc' dir='ltr'>Τοῦτο</span> <span class='ocrx_word' id='word_1_249' title='bbox 1013 1982 1069 2036; x_wconf 78' lang='grc' dir='ltr'>δὲ</span> <span class='ocrx_word' id='word_1_250' title='bbox 1114 1982 1268 2035; x_wconf 71' lang='grc' dir='ltr'>οὐδὲν</span> <span class='ocrx_word' id='word_1_251' title='bbox 1295 1979 1484 2050; x_wconf 71' lang='grc' dir='ltr'>ἕτερόν</span> <span class='ocrx_word' id='word_1_252' title='bbox 1514 1981 1692 2042; x_wconf 70' lang='grc' dir='ltr'>ἐστιν,</span> <span class='ocrx_word' id='word_1_253' title='bbox 1728 1976 1763 2047; x_wconf 80' lang='grc' dir='ltr'>ἢ</span> 
     </span>
    </p>
   </div>
   <div class='ocr_carea' id='block_1_36' title="bbox 178 2067 1768 2147">
    <p class='ocr_par' dir='ltr' id='par_1_36' title="bbox 178 2067 1768 2147">
     <span class='ocr_line' id='line_1_36' title="bbox 178 2067 1768 2147; baseline -0.005 -19"><span class='ocrx_word' id='word_1_254' title='bbox 178 2076 326 2129; x_wconf 79' lang='grc' dir='ltr'>κατὰ</span> <span class='ocrx_word' id='word_1_255' title='bbox 351 2077 453 2145; x_wconf 81' lang='grc' dir='ltr'>τὴν</span> <span class='ocrx_word' id='word_1_256' title='bbox 479 2076 697 2147; x_wconf 78' lang='grc' dir='ltr'>Ἀρείου</span> <span class='ocrx_word' id='word_1_257' title='bbox 730 2073 927 2145; x_wconf 88' lang='grc' dir='ltr'>μανίαν</span> <span class='ocrx_word' id='word_1_258' title='bbox 955 2072 1213 2145; x_wconf 73' lang='grc' dir='ltr'>χωρίζειν</span> <span class='ocrx_word' id='word_1_259' title='bbox 1239 2072 1330 2126; x_wconf 77' lang='grc' dir='ltr'><strong>τὸν</strong></span> <span class='ocrx_word' id='word_1_260' title='bbox 1352 2071 1483 2125; x_wconf 82' lang='grc' dir='ltr'>Υἱὸν</span> <span class='ocrx_word' id='word_1_261' title='bbox 1504 2069 1607 2140; x_wconf 86' lang='grc' dir='ltr'><strong>τῆς</strong></span> <span class='ocrx_word' id='word_1_262' title='bbox 1627 2067 1768 2122; x_wconf 67' lang='grc' dir='ltr'>οὐσία</span> 
     </span>
    </p>
   </div>
   <div class='ocr_carea' id='block_1_37' title="bbox 181 2158 1765 2237">
    <p class='ocr_par' dir='ltr' id='par_1_37' title="bbox 181 2158 1765 2237">
     <span class='ocr_line' id='line_1_37' title="bbox 181 2158 1765 2237; baseline -0.006 -17"><span class='ocrx_word' id='word_1_263' title='bbox 181 2185 248 2229; x_wconf 87' lang='grc' dir='ltr'><strong>ας</strong></span> <span class='ocrx_word' id='word_1_264' title='bbox 280 2165 376 2220; x_wconf 81' lang='grc' dir='ltr'>τοῦ</span> <span class='ocrx_word' id='word_1_265' title='bbox 408 2167 622 2237; x_wconf 78' lang='grc' dir='ltr'>Πατρὸς</span> <span class='ocrx_word' id='word_1_266' title='bbox 650 2168 746 2221; x_wconf 67' lang='grc' dir='ltr'>καὶ</span> <span class='ocrx_word' id='word_1_267' title='bbox 774 2167 935 2236; x_wconf 80' lang='grc' dir='ltr'>ἁγίου</span> <span class='ocrx_word' id='word_1_268' title='bbox 965 2163 1289 2235; x_wconf 87' lang='grc' dir='ltr'>Πνεύματος</span> <span class='ocrx_word' id='word_1_269' title='bbox 1312 2203 1326 2229; x_wconf 88' lang='grc'><strong>,</strong></span> <span class='ocrx_word' id='word_1_270' title='bbox 1381 2161 1476 2215; x_wconf 66' lang='grc' dir='ltr'><strong>καλ⁸</strong></span> <span class='ocrx_word' id='word_1_271' title='bbox 1518 2158 1765 2231; x_wconf 76' lang='grc' dir='ltr'>ἐτεροούο</span> 
     </span>
    </p>
   </div>
   <div class='ocr_carea' id='block_1_38' title="bbox 184 2250 1769 2331">
    <p class='ocr_par' dir='ltr' id='par_1_38' title="bbox 184 2250 1769 2331">
     <span class='ocr_line' id='line_1_38' title="bbox 184 2250 1769 2331; baseline -0.003 -22"><span class='ocrx_word' id='word_1_272' title='bbox 184 2274 305 2311; x_wconf 88' lang='grc' dir='ltr'>σιον</span> <span class='ocrx_word' id='word_1_273' title='bbox 335 2258 500 2311; x_wconf 79' lang='grc' dir='ltr'>αὐτὸν</span> <span class='ocrx_word' id='word_1_274' title='bbox 530 2258 775 2326; x_wconf 74' lang='grc' dir='ltr'>εἰσάγειν</span> <span class='ocrx_word' id='word_1_275' title='bbox 797 2274 811 2289; x_wconf 78' lang='grc' dir='ltr'><strong>ο</strong></span> <span class='ocrx_word' id='word_1_276' title='bbox 863 2257 896 2331; x_wconf 83' lang='grc' dir='ltr'>ἢ</span> <span class='ocrx_word' id='word_1_277' title='bbox 933 2258 982 2311; x_wconf 87' lang='grc' dir='ltr'><strong>εἰ</strong></span> <span class='ocrx_word' id='word_1_278' title='bbox 1013 2257 1088 2328; x_wconf 81' lang='grc' dir='ltr'>μὴ</span> <span class='ocrx_word' id='word_1_279' title='bbox 1117 2254 1297 2318; x_wconf 82' lang='grc' dir='ltr'>τοῦτο,</span> <span class='ocrx_word' id='word_1_280' title='bbox 1333 2253 1469 2308; x_wconf 90' lang='grc' dir='ltr'><strong>ἀλλά</strong></span> <span class='ocrx_word' id='word_1_281' title='bbox 1498 2251 1645 2306; x_wconf 85' lang='grc' dir='ltr'><strong>κατά</strong></span> <span class='ocrx_word' id='word_1_282' title='bbox 1668 2250 1769 2320; x_wconf 78' lang='grc' dir='ltr'>τὴν</span> 
     </span>
    </p>
   </div>
   <div class='ocr_carea' id='block_1_39' title="bbox 180 2343 1770 2422">
    <p class='ocr_par' dir='ltr' id='par_1_39' title="bbox 180 2343 1770 2422">
     <span class='ocr_line' id='line_1_39' title="bbox 180 2343 1770 2422; baseline -0.004 -19"><span class='ocrx_word' id='word_1_283' title='bbox 180 2350 489 2420; x_wconf 84' lang='grc' dir='ltr'>Νεστορίου</span> <span class='ocrx_word' id='word_1_284' title='bbox 538 2350 890 2422; x_wconf 79' lang='grc' dir='ltr'>βλασφημίαν</span> <span class='ocrx_word' id='word_1_285' title='bbox 949 2348 1025 2422; x_wconf 71' lang='grc' dir='ltr'>μὴ</span> <span class='ocrx_word' id='word_1_286' title='bbox 1073 2349 1356 2419; x_wconf 82' lang='grc' dir='ltr'>ὁμολογεῖν</span> <span class='ocrx_word' id='word_1_287' title='bbox 1402 2346 1494 2401; x_wconf 66' lang='grc' dir='ltr'>τὸν</span> <span class='ocrx_word' id='word_1_288' title='bbox 1531 2343 1770 2415; x_wconf 71' lang='grc' dir='ltr'>Χριστὸν</span> 
     </span>
    </p>
   </div>
   <div class='ocr_carea' id='block_1_40' title="bbox 180 2432 1770 2509">
    <p class='ocr_par' dir='ltr' id='par_1_40' title="bbox 180 2432 1770 2509">
     <span class='ocr_line' id='line_1_40' title="bbox 180 2432 1770 2509; baseline -0.003 -19"><span class='ocrx_word' id='word_1_289' title='bbox 180 2438 321 2491; x_wconf 77' lang='grc' dir='ltr'>Θεὸν</span> <span class='ocrx_word' id='word_1_290' title='bbox 353 2436 494 2492; x_wconf 81' lang='grc' dir='ltr'>εἶναι</span> <span class='ocrx_word' id='word_1_291' title='bbox 528 2440 624 2492; x_wconf 74' lang='grc' dir='ltr'>καὶ</span> <span class='ocrx_word' id='word_1_292' title='bbox 651 2438 746 2493; x_wconf 74' lang='grc' dir='ltr'>ἕνα</span> <span class='ocrx_word' id='word_1_293' title='bbox 774 2440 873 2509; x_wconf 85' lang='grc' dir='ltr'>τῆς</span> <span class='ocrx_word' id='word_1_294' title='bbox 900 2438 1064 2506; x_wconf 88' lang='grc' dir='ltr'>ἀγίας</span> <span class='ocrx_word' id='word_1_295' title='bbox 1090 2436 1321 2509; x_wconf 85' lang='grc' dir='ltr'>Τριάδος</span> <span class='ocrx_word' id='word_1_296' title='bbox 1344 2453 1356 2467; x_wconf 94' lang='grc'><strong>·</strong></span> <span class='ocrx_word' id='word_1_297' title='bbox 1406 2434 1542 2488; x_wconf 86' lang='grc' dir='ltr'><strong>ἀλλά</strong></span> <span class='ocrx_word' id='word_1_298' title='bbox 1575 2432 1770 2501; x_wconf 79' lang='grc' dir='ltr'>τετάρ-</span> 
     </span>
    </p>
   </div>
   <div class='ocr_carea' id='block_1_41' title="bbox 182 2520 1771 2600">
    <p class='ocr_par' dir='ltr' id='par_1_41' title="bbox 182 2520 1771 2600">
     <span class='ocr_line' id='line_1_41' title="bbox 182 2520 1771 2600; baseline -0.006 -18"><span class='ocrx_word' id='word_1_299' title='bbox 182 2547 263 2599; x_wconf 83' lang='grc' dir='ltr'><strong>τῳ</strong></span> <span class='ocrx_word' id='word_1_300' title='bbox 291 2527 400 2582; x_wconf 79' lang='grc' dir='ltr'>τινὶ</span> <span class='ocrx_word' id='word_1_301' title='bbox 426 2526 704 2600; x_wconf 84' lang='grc' dir='ltr'>προσώπῳ</span> <span class='ocrx_word' id='word_1_302' title='bbox 731 2528 874 2583; x_wconf 83' lang='grc' dir='ltr'><strong>κατά</strong></span> <span class='ocrx_word' id='word_1_303' title='bbox 899 2528 999 2599; x_wconf 76' lang='grc' dir='ltr'>τὴν</span> <span class='ocrx_word' id='word_1_304' title='bbox 1026 2527 1255 2579; x_wconf 82' lang='grc' dir='ltr'>ἐκείνων</span> <span class='ocrx_word' id='word_1_305' title='bbox 1279 2526 1466 2580; x_wconf 83' lang='grc' dir='ltr'>ἀνοιαν</span> <span class='ocrx_word' id='word_1_306' title='bbox 1492 2522 1582 2576; x_wconf 78' lang='grc' dir='ltr'><strong>τὸν</strong></span> <span class='ocrx_word' id='word_1_307' title='bbox 1601 2520 1771 2575; x_wconf 83' lang='grc' dir='ltr'>τοιοῦ-</span> 
     </span>
    </p>
   </div>
   <div class='ocr_carea' id='block_1_42' title="bbox 180 2610 1770 2692">
    <p class='ocr_par' dir='ltr' id='par_1_42' title="bbox 180 2610 1770 2692">
     <span class='ocr_line' id='line_1_42' title="bbox 180 2610 1770 2692; baseline -0.004 -20"><span class='ocrx_word' id='word_1_308' title='bbox 180 2637 275 2673; x_wconf 80' lang='grc' dir='ltr'><strong>τον</strong></span> <span class='ocrx_word' id='word_1_309' title='bbox 331 2620 681 2691; x_wconf 79' lang='grc' dir='ltr'>ἀναπέμπειν</span> <span class='ocrx_word' id='word_1_310' title='bbox 735 2619 947 2692; x_wconf 54' lang='grc' dir='ltr'>ὕμνον</span> <span class='ocrx_word' id='word_1_311' title='bbox 1016 2620 1108 2673; x_wconf 74' lang='grc' dir='ltr'>καὶ</span> <span class='ocrx_word' id='word_1_312' title='bbox 1167 2610 1212 2686; x_wconf 83' lang='grc' dir='ltr'>ᾧ</span> <span class='ocrx_word' id='word_1_313' title='bbox 1267 2616 1552 2687; x_wconf 78' lang='grc' dir='ltr'>νομίζουσι</span> <span class='ocrx_word' id='word_1_314' title='bbox 1601 2615 1770 2685; x_wconf 85' lang='grc' dir='ltr'>τιμᾷν</span> 
     </span>
    </p>
   </div>
   <div class='ocr_carea' id='block_1_43' title="bbox 179 2705 1771 2781">
    <p class='ocr_par' dir='ltr' id='par_1_43' title="bbox 179 2705 1771 2781">
     <span class='ocr_line' id='line_1_43' title="bbox 179 2705 1771 2781; baseline 0.002 -19"><span class='ocrx_word' id='word_1_315' title='bbox 179 2712 274 2764; x_wconf 67' lang='grc' dir='ltr'><strong>τὸν</strong></span> <span class='ocrx_word' id='word_1_316' title='bbox 306 2711 439 2765; x_wconf 82' lang='grc' dir='ltr'>Υἰδν</span> <span class='ocrx_word' id='word_1_317' title='bbox 460 2751 475 2774; x_wconf 92' lang='grc'><strong>,</strong></span> <span class='ocrx_word' id='word_1_318' title='bbox 526 2711 816 2781; x_wconf 68' lang='grc' dir='ltr'>ἀγνοοῦσιν</span> <span class='ocrx_word' id='word_1_319' title='bbox 849 2711 1014 2765; x_wconf 75' lang='grc' dir='ltr'>αὑτὸν</span> <span class='ocrx_word' id='word_1_320' title='bbox 1055 2707 1417 2779; x_wconf 74' lang='grc' dir='ltr'>ἀτιμάζοντες</span> <span class='ocrx_word' id='word_1_321' title='bbox 1440 2748 1455 2773; x_wconf 92' lang='grc'><strong>,</strong></span> <span class='ocrx_word' id='word_1_322' title='bbox 1498 2705 1576 2776; x_wconf 77' lang='grc' dir='ltr'>τῷ</span> <span class='ocrx_word' id='word_1_323' title='bbox 1603 2706 1771 2777; x_wconf 82' lang='grc' dir='ltr'>χωρί-</span> 
     </span>
    </p>
   </div>
   <div class='ocr_carea' id='block_1_44' title="bbox 182 2795 1770 2875">
    <p class='ocr_par' dir='ltr' id='par_1_44' title="bbox 182 2795 1770 2875">
     <span class='ocr_line' id='line_1_44' title="bbox 182 2795 1770 2875; baseline -0.003 -21"><span class='ocrx_word' id='word_1_324' title='bbox 182 2801 301 2865; x_wconf 78' lang='grc' dir='ltr'>ζειν</span> <span class='ocrx_word' id='word_1_325' title='bbox 335 2802 501 2855; x_wconf 72' lang='grc' dir='ltr'>αὑτὸν</span> <span class='ocrx_word' id='word_1_326' title='bbox 545 2800 641 2857; x_wconf 74' lang='grc' dir='ltr'>τοῦ</span> <span class='ocrx_word' id='word_1_327' title='bbox 683 2801 1229 2875; x_wconf 81' lang='grc' dir='ltr'>συμπροσκυνεῖσθαι</span> <span class='ocrx_word' id='word_1_328' title='bbox 1258 2798 1337 2871; x_wconf 84' lang='grc' dir='ltr'><strong>τῷ</strong></span> <span class='ocrx_word' id='word_1_329' title='bbox 1369 2799 1544 2870; x_wconf 64' lang='lat' dir='ltr'><strong>&quot;arpi</strong></span> <span class='ocrx_word' id='word_1_330' title='bbox 1574 2795 1770 2868; x_wconf 76' lang='grc' dir='ltr'>καὶτῷ</span> 
     </span>
    </p>
   </div>
   <div class='ocr_carea' id='block_1_45' title="bbox 181 2889 1772 2965">
    <p class='ocr_par' dir='ltr' id='par_1_45' title="bbox 181 2889 1772 2965">
     <span class='ocr_line' id='line_1_45' title="bbox 181 2889 1772 2965; baseline -0.004 -18"><span class='ocrx_word' id='word_1_331' title='bbox 181 2893 328 2965; x_wconf 76' lang='grc' dir='ltr'>ἁγίῳ</span> <span class='ocrx_word' id='word_1_332' title='bbox 373 2892 676 2965; x_wconf 84' lang='grc' dir='ltr'>Πνεύματι.</span> <span class='ocrx_word' id='word_1_333' title='bbox 733 2895 922 2947; x_wconf 84' lang='grc' dir='ltr'>Ταῦτα</span> <span class='ocrx_word' id='word_1_334' title='bbox 967 2894 1026 2948; x_wconf 78' lang='grc' dir='ltr'>δὲ</span> <span class='ocrx_word' id='word_1_335' title='bbox 1073 2893 1361 2959; x_wconf 77' lang='grc' dir='ltr'>λέγοντες,</span> <span class='ocrx_word' id='word_1_336' title='bbox 1399 2889 1522 2945; x_wconf 76' lang='grc' dir='ltr'>οὔτε</span> <span class='ocrx_word' id='word_1_337' title='bbox 1557 2891 1772 2952; x_wconf 80' lang='grc' dir='ltr'>ἑαυτοῖς</span> 
     </span>
    </p>
   </div>
   <div class='ocr_carea' id='block_1_46' title="bbox 181 2980 1769 3054">
    <p class='ocr_par' dir='ltr' id='par_1_46' title="bbox 181 2980 1769 3054">
     <span class='ocr_line' id='line_1_46' title="bbox 181 2980 1769 3054; baseline -0.004 -16"><span class='ocrx_word' id='word_1_338' title='bbox 181 2985 320 3053; x_wconf 70' lang='grc' dir='ltr'>γοῦν</span> <span class='ocrx_word' id='word_1_339' title='bbox 365 2985 685 3038; x_wconf 82' lang='grc' dir='ltr'>ἀκολουθεῖν</span> <span class='ocrx_word' id='word_1_340' title='bbox 724 2984 1064 3050; x_wconf 77' lang='grc' dir='ltr'>ἐγνώκασιν·</span> <span class='ocrx_word' id='word_1_341' title='bbox 1102 2982 1284 3054; x_wconf 87' lang='grc' dir='ltr'>τρίτον</span> <span class='ocrx_word' id='word_1_342' title='bbox 1314 2982 1444 3052; x_wconf 81' lang='grc' dir='ltr'>γάρ,</span> <span class='ocrx_word' id='word_1_343' title='bbox 1473 2980 1769 3050; x_wconf 79' lang='grc' dir='ltr'>λεγομένου</span> 
     </span>
    </p>
   </div>
   <div class='ocr_carea' id='block_1_47' title="bbox 1867 1881 3446 1960">
    <p class='ocr_par' dir='ltr' id='par_1_47' title="bbox 1867 1881 3446 1960">
     <span class='ocr_line' id='line_1_47' title="bbox 1867 1881 3446 1960; baseline 0.009 -24"><span class='ocrx_word' id='word_1_344' title='bbox 1867 1881 1977 1937; x_wconf 91' lang='lat' dir='ltr'><strong>ritu</strong></span> <span class='ocrx_word' id='word_1_345' title='bbox 2014 1891 2204 1939; x_wconf 75' lang='lat' dir='ltr'><strong>saneto</strong></span> <span class='ocrx_word' id='word_1_346' title='bbox 2247 1883 2597 1956; x_wconf 74' lang='lat' dir='ltr'><strong>doxologiam</strong></span> <span class='ocrx_word' id='word_1_347' title='bbox 2630 1889 3117 1960; x_wconf 90' lang='lat' dir='ltr'><strong>participantibus.</strong></span> <span class='ocrx_word' id='word_1_348' title='bbox 3171 1893 3287 1949; x_wconf 84' lang='lat' dir='ltr'><strong>Hoc</strong></span> <span class='ocrx_word' id='word_1_349' title='bbox 3313 1911 3446 1953; x_wconf 90' lang='lat' dir='ltr'><strong>vero</strong></span> 
     </span>
    </p>
   </div>
   <div class='ocr_carea' id='block_1_48' title="bbox 1866 1975 3444 2051">
    <p class='ocr_par' dir='ltr' id='par_1_48' title="bbox 1866 1975 3444 2051">
     <span class='ocr_line' id='line_1_48' title="bbox 1866 1975 3444 2051; baseline 0.01 -23"><span class='ocrx_word' id='word_1_350' title='bbox 1866 1975 2015 2029; x_wconf 83' lang='lat' dir='ltr'><strong>aliud</strong></span> <span class='ocrx_word' id='word_1_351' title='bbox 2050 1991 2159 2030; x_wconf 92' lang='lat' dir='ltr'><strong>non</strong></span> <span class='ocrx_word' id='word_1_352' title='bbox 2197 1986 2304 2040; x_wconf 87' lang='lat' dir='ltr'><strong>est,</strong></span> <span class='ocrx_word' id='word_1_353' title='bbox 2342 1994 2530 2048; x_wconf 88' lang='lat' dir='ltr'><strong>quam,</strong></span> <span class='ocrx_word' id='word_1_354' title='bbox 2553 1981 2709 2050; x_wconf 76' lang='lat' dir='ltr'><strong>j‘uxta</strong></span> <span class='ocrx_word' id='word_1_355' title='bbox 2744 1982 2860 2036; x_wconf 82' lang='lat' dir='ltr'><strong>Arii</strong></span> <span class='ocrx_word' id='word_1_356' title='bbox 2895 1981 3190 2051; x_wconf 89' lang='lat' dir='ltr'><strong>insaniam,</strong></span> <span class='ocrx_word' id='word_1_357' title='bbox 3242 1984 3444 2043; x_wconf 86' lang='lat' dir='ltr'><strong>Filium</strong></span> 
     </span>
    </p>
   </div>
   <div class='ocr_carea' id='block_1_49' title="bbox 1867 2057 3449 2152">
    <p class='ocr_par' dir='ltr' id='par_1_49' title="bbox 1867 2057 3449 2152">
     <span class='ocr_line' id='line_1_49' title="bbox 1867 2057 3449 2152; baseline 0.011 -32"><span class='ocrx_word' id='word_1_358' title='bbox 1867 2080 2125 2137; x_wconf 85' lang='lat' dir='ltr'><strong>separare</strong></span> <span class='ocrx_word' id='word_1_359' title='bbox 2152 2057 2524 2127; x_wconf 80' lang='lat' dir='ltr'><strong>a&#39;substantia</strong></span> <span class='ocrx_word' id='word_1_360' title='bbox 2550 2073 2729 2129; x_wconf 88' lang='lat' dir='ltr'><strong>Patris</strong></span> <span class='ocrx_word' id='word_1_361' title='bbox 2762 2090 2827 2130; x_wconf 91' lang='lat' dir='ltr'><strong>ac</strong></span> <span class='ocrx_word' id='word_1_362' title='bbox 2853 2075 3094 2146; x_wconf 86' lang='lat' dir='ltr'><strong>Spiritus</strong></span> <span class='ocrx_word' id='word_1_363' title='bbox 3129 2080 3328 2146; x_wconf 86' lang='lat' dir='ltr'><strong>sancti,</strong></span> <span class='ocrx_word' id='word_1_364' title='bbox 3365 2082 3449 2152; x_wconf 56' lang='lat' dir='ltr'><strong>ip-</strong></span> 
     </span>
    </p>
   </div>
   <div class='ocr_carea' id='block_1_50' title="bbox 1868 2163 3446 2237">
    <p class='ocr_par' dir='ltr' id='par_1_50' title="bbox 1868 2163 3446 2237">
     <span class='ocr_line' id='line_1_50' title="bbox 1868 2163 3446 2237; baseline 0.01 -23"><span class='ocrx_word' id='word_1_365' title='bbox 1868 2175 2101 2231; x_wconf 89' lang='lat' dir='ltr'><strong>sumque</strong></span> <span class='ocrx_word' id='word_1_366' title='bbox 2131 2163 2325 2220; x_wconf 67' lang='lat' dir='ltr'><strong>alienae</strong></span> <span class='ocrx_word' id='word_1_367' title='bbox 2355 2164 2681 2222; x_wconf 70' lang='lat' dir='ltr'><strong>substantiae</strong></span> <span class='ocrx_word' id='word_1_368' title='bbox 2724 2167 2904 2225; x_wconf 77' lang='lat' dir='ltr'><strong>facere</strong></span> <span class='ocrx_word' id='word_1_369' title='bbox 2930 2188 2945 2236; x_wconf 87' lang='lat'><strong>;</strong></span> <span class='ocrx_word' id='word_1_370' title='bbox 2983 2172 3106 2237; x_wconf 89' lang='lat' dir='ltr'><strong>vel,</strong></span> <span class='ocrx_word' id='word_1_371' title='bbox 3150 2172 3195 2228; x_wconf 89' lang='lat' dir='ltr'><strong>si</strong></span> <span class='ocrx_word' id='word_1_372' title='bbox 3227 2189 3341 2228; x_wconf 90' lang='lat' dir='ltr'><strong>non</strong></span> <span class='ocrx_word' id='word_1_373' title='bbox 3370 2175 3446 2229; x_wconf 85' lang='lat' dir='ltr'><strong>ita</strong></span> 
     </span>
    </p>
   </div>
   <div class='ocr_carea' id='block_1_51' title="bbox 1870 2249 3449 2327">
    <p class='ocr_par' dir='ltr' id='par_1_51' title="bbox 1870 2249 3449 2327">
     <span class='ocr_line' id='line_1_51' title="bbox 1870 2249 3449 2327; baseline 0.01 -24"><span class='ocrx_word' id='word_1_374' title='bbox 1870 2249 1962 2313; x_wconf 86' lang='lat' dir='ltr'><strong>sit,</strong></span> <span class='ocrx_word' id='word_1_375' title='bbox 1981 2252 2135 2321; x_wconf 81' lang='lat' dir='ltr'><strong>juxta</strong></span> <span class='ocrx_word' id='word_1_376' title='bbox 2153 2268 2285 2308; x_wconf 86' lang='lat' dir='ltr'><strong>vero</strong></span> <span class='ocrx_word' id='word_1_377' title='bbox 2311 2253 2549 2310; x_wconf 84' lang='lat' dir='ltr'><strong>Nestorii</strong></span> <span class='ocrx_word' id='word_1_378' title='bbox 2572 2256 2996 2327; x_wconf 86' lang='lat' dir='ltr'><strong>blasphemiam,</strong></span> <span class='ocrx_word' id='word_1_379' title='bbox 3021 2259 3302 2317; x_wconf 83' lang='lat' dir='ltr'><strong>Christum</strong></span> <span class='ocrx_word' id='word_1_380' title='bbox 3326 2278 3449 2319; x_wconf 87' lang='lat' dir='ltr'><strong>esse</strong></span> 
     </span>
    </p>
   </div>
   <div class='ocr_carea' id='block_1_52' title="bbox 1869 2341 3447 2421">
    <p class='ocr_par' dir='ltr' id='par_1_52' title="bbox 1869 2341 3447 2421">
     <span class='ocr_line' id='line_1_52' title="bbox 1869 2341 3447 2421; baseline 0.008 -26"><span class='ocrx_word' id='word_1_381' title='bbox 1869 2341 2064 2404; x_wconf 85' lang='lat' dir='ltr'><strong>Deum,</strong></span> <span class='ocrx_word' id='word_1_382' title='bbox 2097 2360 2380 2414; x_wconf 90' lang='lat' dir='ltr'><strong>unumque</strong></span> <span class='ocrx_word' id='word_1_383' title='bbox 2408 2355 2612 2402; x_wconf 69' lang='lat' dir='ltr'><strong>sancta:</strong></span> <span class='ocrx_word' id='word_1_384' title='bbox 2636 2346 2927 2405; x_wconf 88' lang='lat' dir='ltr'><strong>Trinitatis</strong></span> <span class='ocrx_word' id='word_1_385' title='bbox 2971 2367 3085 2407; x_wconf 93' lang='lat' dir='ltr'><strong>non</strong></span> <span class='ocrx_word' id='word_1_386' title='bbox 3126 2353 3447 2421; x_wconf 78' lang='lat' dir='ltr'><strong>confitetur,</strong></span> 
     </span>
    </p>
   </div>
   <div class='ocr_carea' id='block_1_53' title="bbox 1869 2435 3448 2513">
    <p class='ocr_par' dir='ltr' id='par_1_53' title="bbox 1869 2435 3448 2513">
     <span class='ocr_line' id='line_1_53' title="bbox 1869 2435 3448 2513; baseline 0.011 -26"><span class='ocrx_word' id='word_1_387' title='bbox 1869 2448 1934 2488; x_wconf 84' lang='lat' dir='ltr'><strong>ac</strong></span> <span class='ocrx_word' id='word_1_388' title='bbox 1959 2435 2176 2490; x_wconf 79' lang='lat' dir='ltr'><strong>cuidam</strong></span> <span class='ocrx_word' id='word_1_389' title='bbox 2204 2446 2417 2507; x_wconf 65' lang='lat' dir='ltr'><strong>quartae</strong></span> <span class='ocrx_word' id='word_1_390' title='bbox 2446 2454 2715 2509; x_wconf 67' lang='lat' dir='ltr'><strong>personae,</strong></span> <span class='ocrx_word' id='word_1_391' title='bbox 2725 2442 2879 2511; x_wconf 84' lang='lat' dir='ltr'><strong>juxta</strong></span> <span class='ocrx_word' id='word_1_392' title='bbox 2907 2444 3129 2501; x_wconf 91' lang='lat' dir='ltr'><strong>illorum</strong></span> <span class='ocrx_word' id='word_1_393' title='bbox 3154 2447 3448 2513; x_wconf 85' lang='lat' dir='ltr'><strong>insaniam,</strong></span> 
     </span>
    </p>
   </div>
   <div class='ocr_carea' id='block_1_54' title="bbox 1870 2525 3451 2609">
    <p class='ocr_par' dir='ltr' id='par_1_54' title="bbox 1870 2525 3451 2609">
     <span class='ocr_line' id='line_1_54' title="bbox 1870 2525 3451 2609; baseline 0.011 -29"><span class='ocrx_word' id='word_1_394' title='bbox 1870 2525 2020 2582; x_wconf 89' lang='lat' dir='ltr'><strong>hunc</strong></span> <span class='ocrx_word' id='word_1_395' title='bbox 2048 2527 2313 2598; x_wconf 86' lang='lat' dir='ltr'><strong>hymnum</strong></span> <span class='ocrx_word' id='word_1_396' title='bbox 2351 2531 2681 2609; x_wconf 77' lang='lat' dir='ltr'><strong>decantant;</strong></span> <span class='ocrx_word' id='word_1_397' title='bbox 2703 2533 3019 2607; x_wconf 87' lang='lat' dir='ltr'><strong>Filiumque</strong></span> <span class='ocrx_word' id='word_1_398' title='bbox 3072 2554 3238 2608; x_wconf 90' lang='lat' dir='ltr'><strong>quem</strong></span> <span class='ocrx_word' id='word_1_399' title='bbox 3269 2542 3451 2597; x_wconf 83' lang='lat' dir='ltr'><strong>colere</strong></span> 
     </span>
    </p>
   </div>
   <div class='ocr_carea' id='block_1_55' title="bbox 1870 2616 3453 2699">
    <p class='ocr_par' dir='ltr' id='par_1_55' title="bbox 1870 2616 3453 2699">
     <span class='ocr_line' id='line_1_55' title="bbox 1870 2616 3453 2699; baseline 0.013 -30"><span class='ocrx_word' id='word_1_400' title='bbox 1870 2616 2235 2684; x_wconf 82' lang='lat' dir='ltr'><strong>exsistimant,</strong></span> <span class='ocrx_word' id='word_1_401' title='bbox 2253 2619 2575 2691; x_wconf 81' lang='lat' dir='ltr'><strong>ignorantes</strong></span> <span class='ocrx_word' id='word_1_402' title='bbox 2599 2622 2912 2690; x_wconf 77' lang='lat' dir='ltr'><strong>offendunt.</strong></span> <span class='ocrx_word' id='word_1_403' title='bbox 2939 2642 3007 2683; x_wconf 94' lang='lat' dir='ltr'><strong>eo</strong></span> <span class='ocrx_word' id='word_1_404' title='bbox 3019 2630 3167 2699; x_wconf 90' lang='lat' dir='ltr'><strong>quod</strong></span> <span class='ocrx_word' id='word_1_405' title='bbox 3192 2648 3299 2688; x_wconf 89' lang='lat' dir='ltr'><strong>una</strong></span> <span class='ocrx_word' id='word_1_406' title='bbox 3320 2632 3453 2689; x_wconf 89' lang='lat' dir='ltr'><strong>ado-</strong></span> 
     </span>
    </p>
   </div>
   <div class='ocr_carea' id='block_1_56' title="bbox 1872 2708 3463 2794">
    <p class='ocr_par' dir='ltr' id='par_1_56' title="bbox 1872 2708 3463 2794">
     <span class='ocr_line' id='line_1_56' title="bbox 1872 2708 3463 2794; baseline 0.012 -33"><span class='ocrx_word' id='word_1_407' title='bbox 1872 2708 2087 2765; x_wconf 90' lang='lat' dir='ltr'><strong>ratione</strong></span> <span class='ocrx_word' id='word_1_408' title='bbox 2133 2724 2249 2764; x_wconf 91' lang='lat' dir='ltr'><strong>non</strong></span> <span class='ocrx_word' id='word_1_409' title='bbox 2282 2711 2464 2782; x_wconf 88' lang='lat' dir='ltr'><strong>ipsum</strong></span> <span class='ocrx_word' id='word_1_410' title='bbox 2496 2713 2732 2771; x_wconf 89' lang='lat' dir='ltr'><strong>adorant</strong></span> <span class='ocrx_word' id='word_1_411' title='bbox 2759 2731 2885 2773; x_wconf 88' lang='lat' dir='ltr'><strong>cum</strong></span> <span class='ocrx_word' id='word_1_412' title='bbox 2931 2714 3095 2777; x_wconf 87' lang='lat' dir='ltr'><strong>Patre</strong></span> <span class='ocrx_word' id='word_1_413' title='bbox 3122 2738 3188 2778; x_wconf 88' lang='lat' dir='ltr'><strong>ac</strong></span> <span class='ocrx_word' id='word_1_414' title='bbox 3235 2721 3463 2794; x_wconf 64' lang='lat' dir='ltr'><strong>Spiritur</strong></span> 
     </span>
    </p>
   </div>
   <div class='ocr_carea' id='block_1_57' title="bbox 1871 2801 3452 2886">
    <p class='ocr_par' dir='ltr' id='par_1_57' title="bbox 1871 2801 3452 2886">
     <span class='ocr_line' id='line_1_57' title="bbox 1871 2801 3452 2886; baseline 0.011 -32"><span class='ocrx_word' id='word_1_415' title='bbox 1871 2809 2081 2856; x_wconf 83' lang='lat' dir='ltr'><strong>sancto.</strong></span> <span class='ocrx_word' id='word_1_416' title='bbox 2122 2801 2249 2858; x_wconf 72' lang='lat' dir='ltr'><strong>Haec</strong></span> <span class='ocrx_word' id='word_1_417' title='bbox 2275 2813 2459 2860; x_wconf 84' lang='lat' dir='ltr'><strong>autem</strong></span> <span class='ocrx_word' id='word_1_418' title='bbox 2484 2805 2758 2875; x_wconf 87' lang='lat' dir='ltr'><strong>dicentes,</strong></span> <span class='ocrx_word' id='word_1_419' title='bbox 2785 2825 2890 2866; x_wconf 85' lang='lat' dir='ltr'><strong>nec</strong></span> <span class='ocrx_word' id='word_1_420' title='bbox 2919 2811 3286 2885; x_wconf 86' lang='lat' dir='ltr'><strong>sibimetipsis</strong></span> <span class='ocrx_word' id='word_1_421' title='bbox 3325 2818 3452 2886; x_wconf 86' lang='lat' dir='ltr'><strong>qui-</strong></span> 
     </span>
    </p>
   </div>
   <div class='ocr_carea' id='block_1_58' title="bbox 1873 2886 3450 2978">
    <p class='ocr_par' dir='ltr' id='par_1_58' title="bbox 1873 2886 3450 2978">
     <span class='ocr_line' id='line_1_58' title="bbox 1873 2886 3450 2978; baseline 0.012 -34"><span class='ocrx_word' id='word_1_422' title='bbox 1873 2890 1997 2945; x_wconf 88' lang='lat' dir='ltr'><strong>dem</strong></span> <span class='ocrx_word' id='word_1_423' title='bbox 2045 2886 2276 2963; x_wconf 85' lang='lat' dir='ltr'><strong>obsequi</strong></span> <span class='ocrx_word' id='word_1_424' title='bbox 2315 2905 2565 2965; x_wconf 87' lang='lat' dir='ltr'><strong>norunt;</strong></span> <span class='ocrx_word' id='word_1_425' title='bbox 2616 2907 2703 2954; x_wconf 87' lang='lat' dir='ltr'><strong>ter</strong></span> <span class='ocrx_word' id='word_1_426' title='bbox 2742 2902 2896 2956; x_wconf 89' lang='lat' dir='ltr'><strong>enim</strong></span> <span class='ocrx_word' id='word_1_427' title='bbox 2951 2902 3173 2960; x_wconf 87' lang='lat' dir='ltr'><strong>dicente</strong></span> <span class='ocrx_word' id='word_1_428' title='bbox 3223 2906 3450 2978; x_wconf 87' lang='lat' dir='ltr'><strong>hymno,</strong></span> 
     </span>
    </p>
   </div>
   <div class='ocr_carea' id='block_1_59' title="bbox 1870 2981 3453 3068">
    <p class='ocr_par' dir='ltr' id='par_1_59' title="bbox 1870 2981 3453 3068">
     <span class='ocr_line' id='line_1_59' title="bbox 1870 2981 3453 3068; baseline 0.014 -33"><span class='ocrx_word' id='word_1_429' title='bbox 1870 2981 2046 3050; x_wconf 84' lang='lat' dir='ltr'><strong>Patri,</strong></span> <span class='ocrx_word' id='word_1_430' title='bbox 2076 2984 2295 3050; x_wconf 81' lang='lat' dir='ltr'><strong>etFilio,</strong></span> <span class='ocrx_word' id='word_1_431' title='bbox 2323 2994 2372 3040; x_wconf 80' lang='lat' dir='ltr'><strong>et</strong></span> <span class='ocrx_word' id='word_1_432' title='bbox 2400 2985 2626 3059; x_wconf 77' lang='lat' dir='ltr'><strong>Spiritui</strong></span> <span class='ocrx_word' id='word_1_433' title='bbox 2649 3002 2833 3047; x_wconf 77' lang='lat' dir='ltr'><strong>sancto</strong></span> <span class='ocrx_word' id='word_1_434' title='bbox 2860 2994 3072 3053; x_wconf 89' lang='lat' dir='ltr'><strong>directe</strong></span> <span class='ocrx_word' id='word_1_435' title='bbox 3099 2999 3331 3068; x_wconf 82' lang='lat' dir='ltr'><strong>gloriam</strong></span> <span class='ocrx_word' id='word_1_436' title='bbox 3363 3018 3453 3056; x_wconf 84' lang='lat' dir='ltr'><strong>re-</strong></span> 
     </span>
    </p>
   </div>
   <div class='ocr_carea' id='block_1_60' title="bbox 181 3070 1768 3167">
    <p class='ocr_par' dir='ltr' id='par_1_60' title="bbox 181 3070 1766 3146">
     <span class='ocr_line' id='line_1_60' title="bbox 181 3070 1766 3146; baseline -0.001 -19"><span class='ocrx_word' id='word_1_437' title='bbox 181 3075 280 3128; x_wconf 78' lang='grc' dir='ltr'>τοῦ</span> <span class='ocrx_word' id='word_1_438' title='bbox 313 3074 511 3146; x_wconf 78' lang='grc' dir='ltr'>ὕμνου,</span> <span class='ocrx_word' id='word_1_439' title='bbox 548 3074 827 3146; x_wconf 79' lang='grc' dir='ltr'>ὲπάγομεν</span> <span class='ocrx_word' id='word_1_440' title='bbox 854 3074 1044 3138; x_wconf 78' lang='grc' dir='ltr'>εὐθύς·</span> <span class='ocrx_word' id='word_1_441' title='bbox 1088 3074 1245 3138; x_wconf 79' lang='grc' dir='ltr'>Δόξα</span> <span class='ocrx_word' id='word_1_442' title='bbox 1269 3071 1470 3142; x_wconf 62' lang='lat' dir='ltr'><strong>Harp},</strong></span> <span class='ocrx_word' id='word_1_443' title='bbox 1503 3071 1602 3127; x_wconf 83' lang='grc' dir='ltr'><strong>καί</strong></span> <span class='ocrx_word' id='word_1_444' title='bbox 1638 3070 1766 3137; x_wconf 86' lang='grc' dir='ltr'>Υίῷ,</span> 
     </span>
    </p>
   </div>
   <div class='ocr_carea' id='block_1_61' title="bbox 1873 3070 3452 3167">
    <p class='ocr_par' dir='ltr' id='par_1_61' title="bbox 1875 3074 3452 3156">
     <span class='ocr_line' id='line_1_61' title="bbox 1875 3074 3452 3156; baseline 0.013 -28"><span class='ocrx_word' id='word_1_445' title='bbox 1875 3074 2170 3132; x_wconf 88' lang='lat' dir='ltr'><strong>mittimus.</strong></span> <span class='ocrx_word' id='word_1_446' title='bbox 2188 3075 2332 3145; x_wconf 86' lang='lat' dir='ltr'><strong>Quid</strong></span> <span class='ocrx_word' id='word_1_447' title='bbox 2343 3093 2478 3135; x_wconf 86' lang='lat' dir='ltr'><strong>vero</strong></span> <span class='ocrx_word' id='word_1_448' title='bbox 2491 3080 2729 3139; x_wconf 92' lang='lat' dir='ltr'><strong>dicimus</strong></span> <span class='ocrx_word' id='word_1_449' title='bbox 2752 3085 2902 3156; x_wconf 89' lang='lat' dir='ltr'><strong>ipsos</strong></span> <span class='ocrx_word' id='word_1_450' title='bbox 2923 3103 3034 3143; x_wconf 91' lang='lat' dir='ltr'><strong>non</strong></span> <span class='ocrx_word' id='word_1_451' title='bbox 3058 3089 3164 3144; x_wconf 87' lang='lat' dir='ltr'><strong>sibi</strong></span> <span class='ocrx_word' id='word_1_452' title='bbox 3186 3092 3452 3149; x_wconf 68' lang='lat' dir='ltr'><strong>credere-2</strong></span> 
     </span>
    </p>
   </div>
   <div class='ocr_carea' id='block_1_62' title="bbox 182 3164 1775 3236">
    <p class='ocr_par' dir='ltr' id='par_1_62' title="bbox 182 3164 1775 3236">
     <span class='ocr_line' id='line_1_62' title="bbox 182 3164 1775 3236; baseline -0.003 -17"><span class='ocrx_word' id='word_1_453' title='bbox 182 3166 287 3221; x_wconf 77' lang='grc' dir='ltr'>καὶ</span> <span class='ocrx_word' id='word_1_454' title='bbox 338 3166 488 3235; x_wconf 72' lang='grc' dir='ltr'>ἁγίῳ</span> <span class='ocrx_word' id='word_1_455' title='bbox 534 3168 853 3236; x_wconf 72' lang='grc' dir='ltr'>Πνεύματι.</span> <span class='ocrx_word' id='word_1_456' title='bbox 919 3164 986 3219; x_wconf 88' lang='grc' dir='ltr'>Τί</span> <span class='ocrx_word' id='word_1_457' title='bbox 1032 3164 1091 3219; x_wconf 78' lang='grc' dir='ltr'>δὲ</span> <span class='ocrx_word' id='word_1_458' title='bbox 1138 3165 1374 3234; x_wconf 83' lang='grc' dir='ltr'>λέγομεν</span> <span class='ocrx_word' id='word_1_459' title='bbox 1425 3165 1508 3218; x_wconf 81' lang='grc' dir='ltr'>ὅτι</span> <span class='ocrx_word' id='word_1_460' title='bbox 1557 3164 1775 3227; x_wconf 77' lang='grc' dir='ltr'>ἑαυτοῖς</span> 
     </span>
    </p>
   </div>
   <div class='ocr_carea' id='block_1_63' title="bbox 182 3254 1776 3329">
    <p class='ocr_par' dir='ltr' id='par_1_63' title="bbox 182 3254 1776 3329">
     <span class='ocr_line' id='line_1_63' title="bbox 182 3254 1776 3329; baseline -0.001 -17"><span class='ocrx_word' id='word_1_461' title='bbox 182 3258 545 3327; x_wconf 74' lang='grc' dir='ltr'>ἀπειθοῦσινς</span> <span class='ocrx_word' id='word_1_462' title='bbox 584 3260 716 3313; x_wconf 86' lang='grc' dir='ltr'>πότε</span> <span class='ocrx_word' id='word_1_463' title='bbox 767 3258 889 3313; x_wconf 82' lang='grc' dir='ltr'>οὐδὲ</span> <span class='ocrx_word' id='word_1_464' title='bbox 919 3258 988 3314; x_wconf 82' lang='grc' dir='ltr'><strong>τά</strong></span> <span class='ocrx_word' id='word_1_465' title='bbox 1011 3257 1264 3329; x_wconf 75' lang='grc' dir='ltr'>Σεραφὶμ</span> <span class='ocrx_word' id='word_1_466' title='bbox 1292 3256 1663 3328; x_wconf 77' lang='grc' dir='ltr'>ἑντρέπονται,</span> <span class='ocrx_word' id='word_1_467' title='bbox 1684 3254 1776 3311; x_wconf 80' lang='grc' dir='ltr'><strong>διά</strong></span> 
     </span>
    </p>
   </div>
   <div class='ocr_carea' id='block_1_64' title="bbox 179 3345 1773 3421">
    <p class='ocr_par' dir='ltr' id='par_1_64' title="bbox 179 3345 1773 3421">
     <span class='ocr_line' id='line_1_64' title="bbox 179 3345 1773 3421; baseline 0 -20"><span class='ocrx_word' id='word_1_468' title='bbox 179 3351 284 3419; x_wconf 81' lang='grc' dir='ltr'>τῆς</span> <span class='ocrx_word' id='word_1_469' title='bbox 306 3349 614 3421; x_wconf 82' lang='grc' dir='ltr'>Τρισαγίας</span> <span class='ocrx_word' id='word_1_470' title='bbox 642 3349 849 3419; x_wconf 84' lang='grc' dir='ltr'>φωνῆς,</span> <span class='ocrx_word' id='word_1_471' title='bbox 872 3351 940 3421; x_wconf 82' lang='grc' dir='ltr'><strong>τῇ</strong></span> <span class='ocrx_word' id='word_1_472' title='bbox 963 3347 1096 3420; x_wconf 80' lang='grc' dir='ltr'>ἁγίᾳ</span> <span class='ocrx_word' id='word_1_473' title='bbox 1109 3347 1305 3418; x_wconf 85' lang='grc' dir='ltr'>Τριάδι</span> <span class='ocrx_word' id='word_1_474' title='bbox 1325 3345 1423 3417; x_wconf 85' lang='grc' dir='ltr'>τὴν</span> <span class='ocrx_word' id='word_1_475' title='bbox 1457 3345 1773 3416; x_wconf 82' lang='grc' dir='ltr'>δοξολογίαν</span> 
     </span>
    </p>
   </div>
   <div class='ocr_carea' id='block_1_65' title="bbox 181 3437 1773 3511">
    <p class='ocr_par' dir='ltr' id='par_1_65' title="bbox 181 3437 1773 3511">
     <span class='ocr_line' id='line_1_65' title="bbox 181 3437 1773 3511; baseline 0.001 -20"><span class='ocrx_word' id='word_1_476' title='bbox 181 3440 575 3511; x_wconf 79' lang='grc' dir='ltr'>προσάγοντα,</span> <span class='ocrx_word' id='word_1_477' title='bbox 631 3439 819 3504; x_wconf 85' lang='grc' dir='ltr'>καθὼς</span> <span class='ocrx_word' id='word_1_478' title='bbox 867 3439 936 3493; x_wconf 79' lang='grc' dir='ltr'>τὰ</span> <span class='ocrx_word' id='word_1_479' title='bbox 980 3440 1110 3511; x_wconf 76' lang='grc' dir='ltr'>περὶ</span> <span class='ocrx_word' id='word_1_480' title='bbox 1152 3437 1348 3492; x_wconf 78' lang='grc' dir='ltr'>τούτου</span> <span class='ocrx_word' id='word_1_481' title='bbox 1402 3438 1498 3492; x_wconf 74' lang='grc' dir='ltr'>καὶ</span> <span class='ocrx_word' id='word_1_482' title='bbox 1539 3439 1589 3491; x_wconf 89' lang='grc' dir='ltr'><strong>οἰ</strong></span> <span class='ocrx_word' id='word_1_483' title='bbox 1628 3437 1773 3509; x_wconf 76' lang='grc' dir='ltr'>ἅγιοι</span> 
     </span>
    </p>
   </div>
   <div class='ocr_carea' id='block_1_66' title="bbox 179 3528 1105 3604">
    <p class='ocr_par' dir='ltr' id='par_1_66' title="bbox 179 3528 1105 3604">
     <span class='ocr_line' id='line_1_66' title="bbox 179 3528 1105 3604; baseline 0 -20"><span class='ocrx_word' id='word_1_484' title='bbox 179 3534 322 3604; x_wconf 72' lang='grc' dir='ltr'>ἡμῖν</span> <span class='ocrx_word' id='word_1_485' title='bbox 352 3532 600 3601; x_wconf 84' lang='grc' dir='ltr'>Πατέρες</span> <span class='ocrx_word' id='word_1_486' title='bbox 632 3528 1105 3602; x_wconf 80' lang='grc' dir='ltr'>παραδεδώκασιν.</span> 
     </span>
    </p>
   </div>
   <div class='ocr_carea' id='block_1_67' title="bbox 258 3619 1776 3696">
    <p class='ocr_par' dir='ltr' id='par_1_67' title="bbox 258 3619 1776 3696">
     <span class='ocr_line' id='line_1_67' title="bbox 258 3619 1776 3696; baseline -0.001 -19"><span class='ocrx_word' id='word_1_487' title='bbox 258 3621 703 3696; x_wconf 72' lang='grc' dir='ltr'><strong>[Ρ.260.]Ταῦτα</strong></span> <span class='ocrx_word' id='word_1_488' title='bbox 722 3622 903 3675; x_wconf 86' lang='grc' dir='ltr'>τοίνυν</span> <span class='ocrx_word' id='word_1_489' title='bbox 926 3619 1062 3692; x_wconf 83' lang='grc' dir='ltr'>πρὸς</span> <span class='ocrx_word' id='word_1_490' title='bbox 1081 3619 1364 3696; x_wconf 84' lang='grc' dir='ltr'>ἀναίρεσιν</span> <span class='ocrx_word' id='word_1_491' title='bbox 1385 3619 1483 3691; x_wconf 81' lang='grc' dir='ltr'><strong>τῆς</strong></span> <span class='ocrx_word' id='word_1_492' title='bbox 1498 3619 1611 3673; x_wconf 86' lang='grc' dir='ltr'><strong>τῶν</strong></span> <span class='ocrx_word' id='word_1_493' title='bbox 1631 3620 1776 3691; x_wconf 76' lang='lat' dir='ltr'><strong>alpe-</strong></span> 
     </span>
    </p>
   </div>
   <div class='ocr_carea' id='block_1_68' title="bbox 179 3710 1773 3785">
    <p class='ocr_par' dir='ltr' id='par_1_68' title="bbox 179 3710 1773 3785">
     <span class='ocr_line' id='line_1_68' title="bbox 179 3710 1773 3785; baseline 0 -17"><span class='ocrx_word' id='word_1_494' title='bbox 179 3715 360 3769; x_wconf 84' lang='grc' dir='ltr'>τικῶν</span> <span class='ocrx_word' id='word_1_495' title='bbox 388 3713 744 3784; x_wconf 80' lang='grc' dir='ltr'>βλασφημίας</span> <span class='ocrx_word' id='word_1_496' title='bbox 766 3713 819 3766; x_wconf 84' lang='grc' dir='ltr'><strong>οἰ</strong></span> <span class='ocrx_word' id='word_1_497' title='bbox 846 3712 1092 3783; x_wconf 83' lang='grc' dir='ltr'>Πατέρες</span> <span class='ocrx_word' id='word_1_498' title='bbox 1118 3710 1438 3781; x_wconf 79' lang='grc' dir='ltr'>ἑκθέμενοι,</span> <span class='ocrx_word' id='word_1_499' title='bbox 1472 3711 1573 3784; x_wconf 79' lang='grc' dir='ltr'>τὴν</span> <span class='ocrx_word' id='word_1_500' title='bbox 1602 3713 1773 3785; x_wconf 75' lang='grc' dir='ltr'>ὀρθὴν</span> 
     </span>
    </p>
   </div>
   <div class='ocr_carea' id='block_1_69' title="bbox 178 3801 1772 3879">
    <p class='ocr_par' dir='ltr' id='par_1_69' title="bbox 178 3801 1772 3879">
     <span class='ocr_line' id='line_1_69' title="bbox 178 3801 1772 3879; baseline -0.002 -19"><span class='ocrx_word' id='word_1_501' title='bbox 178 3808 283 3879; x_wconf 83' lang='grc' dir='ltr'>τῆς</span> <span class='ocrx_word' id='word_1_502' title='bbox 339 3804 678 3874; x_wconf 84' lang='grc' dir='ltr'>Ἐκκλησίας</span> <span class='ocrx_word' id='word_1_503' title='bbox 732 3802 1193 3876; x_wconf 84' lang='grc' dir='ltr'>παραδεδώκασιν</span> <span class='ocrx_word' id='word_1_504' title='bbox 1235 3801 1567 3872; x_wconf 83' lang='grc' dir='ltr'>ὁμολογίαν,</span> <span class='ocrx_word' id='word_1_505' title='bbox 1626 3803 1772 3858; x_wconf 86' lang='grc' dir='ltr'>διδά-</span> 
     </span>
    </p>
   </div>
   <div class='ocr_carea' id='block_1_70' title="bbox 181 3894 1774 3971">
    <p class='ocr_par' dir='ltr' id='par_1_70' title="bbox 181 3894 1774 3971">
     <span class='ocr_line' id='line_1_70' title="bbox 181 3894 1774 3971; baseline -0.003 -17"><span class='ocrx_word' id='word_1_506' title='bbox 181 3902 382 3965; x_wconf 80' lang='grc' dir='ltr'>ξαντες</span> <span class='ocrx_word' id='word_1_507' title='bbox 422 3901 573 3971; x_wconf 79' lang='grc' dir='ltr'>ἡμᾶς</span> <span class='ocrx_word' id='word_1_508' title='bbox 614 3899 743 3969; x_wconf 87' lang='grc' dir='ltr'>μίαν</span> <span class='ocrx_word' id='word_1_509' title='bbox 781 3896 1032 3967; x_wconf 87' lang='grc' dir='ltr'>θεότητα,</span> <span class='ocrx_word' id='word_1_510' title='bbox 1076 3895 1206 3966; x_wconf 91' lang='grc' dir='ltr'>μίαν</span> <span class='ocrx_word' id='word_1_511' title='bbox 1240 3894 1492 3964; x_wconf 80' lang='grc' dir='ltr'>δύναμιν,</span> <span class='ocrx_word' id='word_1_512' title='bbox 1527 3895 1658 3966; x_wconf 88' lang='grc' dir='ltr'>μίαν</span> <span class='ocrx_word' id='word_1_513' title='bbox 1682 3897 1774 3950; x_wconf 85' lang='grc' dir='ltr'><strong>οὑ-</strong></span> 
     </span>
    </p>
   </div>
   <div class='ocr_carea' id='block_1_71' title="bbox 181 3989 1772 4065">
    <p class='ocr_par' dir='ltr' id='par_1_71' title="bbox 181 3989 1772 4065">
     <span class='ocr_line' id='line_1_71' title="bbox 181 3989 1772 4065; baseline -0.001 -17"><span class='ocrx_word' id='word_1_514' title='bbox 181 3997 308 4050; x_wconf 80' lang='grc' dir='ltr'><strong>σὶαν</strong></span> <span class='ocrx_word' id='word_1_515' title='bbox 358 3994 461 4065; x_wconf 80' lang='grc' dir='ltr'><strong>τῆς</strong></span> <span class='ocrx_word' id='word_1_516' title='bbox 508 3994 674 4063; x_wconf 84' lang='grc' dir='ltr'>ἁγίας</span> <span class='ocrx_word' id='word_1_517' title='bbox 716 3992 1004 4064; x_wconf 83' lang='grc' dir='ltr'>όμολογεϊν</span> <span class='ocrx_word' id='word_1_518' title='bbox 1049 3991 1316 4064; x_wconf 86' lang='grc' dir='ltr'>Τριάδος,</span> <span class='ocrx_word' id='word_1_519' title='bbox 1352 3991 1448 4045; x_wconf 75' lang='grc' dir='ltr'>καὶ</span> <span class='ocrx_word' id='word_1_520' title='bbox 1473 3989 1572 4062; x_wconf 79' lang='grc' dir='ltr'>τὴν</span> <span class='ocrx_word' id='word_1_521' title='bbox 1602 3992 1772 4064; x_wconf 79' lang='grc' dir='ltr'>αὐτὴν</span> 
     </span>
    </p>
   </div>
   <div class='ocr_carea' id='block_1_72' title="bbox 178 4082 1770 4159">
    <p class='ocr_par' dir='ltr' id='par_1_72' title="bbox 178 4082 1770 4159">
     <span class='ocr_line' id='line_1_72' title="bbox 178 4082 1770 4159; baseline -0.001 -19"><span class='ocrx_word' id='word_1_522' title='bbox 178 4088 526 4159; x_wconf 78' lang='grc' dir='ltr'>προσφέρειν</span> <span class='ocrx_word' id='word_1_523' title='bbox 575 4085 887 4155; x_wconf 79' lang='grc' dir='ltr'>δοξολογίαν</span> <span class='ocrx_word' id='word_1_524' title='bbox 924 4100 985 4137; x_wconf 88' lang='grc' dir='ltr'><strong>τε</strong></span> <span class='ocrx_word' id='word_1_525' title='bbox 1036 4084 1133 4138; x_wconf 79' lang='grc' dir='ltr'><strong>καὶ</strong></span> <span class='ocrx_word' id='word_1_526' title='bbox 1165 4082 1544 4154; x_wconf 80' lang='grc' dir='ltr'>προσκύνησιν</span> <span class='ocrx_word' id='word_1_527' title='bbox 1570 4084 1770 4155; x_wconf 76' lang='grc' dir='ltr'>Πατρί,</span> 
     </span>
    </p>
   </div>
   <div class='ocr_carea' id='block_1_73' title="bbox 179 4174 1771 4248">
    <p class='ocr_par' dir='ltr' id='par_1_73' title="bbox 179 4174 1771 4248">
     <span class='ocr_line' id='line_1_73' title="bbox 179 4174 1771 4248; baseline 0 -17"><span class='ocrx_word' id='word_1_528' title='bbox 179 4181 278 4233; x_wconf 71' lang='grc' dir='ltr'>καὶ</span> <span class='ocrx_word' id='word_1_529' title='bbox 320 4178 441 4248; x_wconf 85' lang='grc' dir='ltr'><strong>Υἰῷ</strong></span> <span class='ocrx_word' id='word_1_530' title='bbox 484 4178 578 4232; x_wconf 76' lang='grc' dir='ltr'>καὶ</span> <span class='ocrx_word' id='word_1_531' title='bbox 620 4176 760 4247; x_wconf 84' lang='grc' dir='ltr'>ἀγίῳ</span> <span class='ocrx_word' id='word_1_532' title='bbox 799 4175 1083 4245; x_wconf 76' lang='grc' dir='ltr'>Πνεῦματι</span> <span class='ocrx_word' id='word_1_533' title='bbox 1110 4193 1125 4207; x_wconf 91' lang='grc'><strong>·</strong></span> <span class='ocrx_word' id='word_1_534' title='bbox 1187 4174 1474 4244; x_wconf 77' lang='grc' dir='ltr'>ὁμολογεῖν</span> <span class='ocrx_word' id='word_1_535' title='bbox 1515 4175 1571 4229; x_wconf 78' lang='grc' dir='ltr'>δὲ</span> <span class='ocrx_word' id='word_1_536' title='bbox 1617 4177 1678 4230; x_wconf 74' lang='grc' dir='ltr'>τὸ</span> <span class='ocrx_word' id='word_1_537' title='bbox 1712 4176 1771 4231; x_wconf 75' lang='grc' dir='ltr'>ἓν</span> 
     </span>
    </p>
   </div>
   <div class='ocr_carea' id='block_1_74' title="bbox 179 4267 1767 4342">
    <p class='ocr_par' dir='ltr' id='par_1_74' title="bbox 179 4267 1767 4342">
     <span class='ocr_line' id='line_1_74' title="bbox 179 4267 1767 4342; baseline -0.001 -19"><span class='ocrx_word' id='word_1_538' title='bbox 179 4271 488 4342; x_wconf 73' lang='grc' dir='ltr'>πρόσωπον</span> <span class='ocrx_word' id='word_1_539' title='bbox 543 4267 606 4322; x_wconf 78' lang='grc' dir='ltr'><strong>τὸ</strong></span> <span class='ocrx_word' id='word_1_540' title='bbox 652 4271 718 4323; x_wconf 83' lang='grc' dir='ltr'>ὲκ</span> <span class='ocrx_word' id='word_1_541' title='bbox 750 4268 851 4338; x_wconf 80' lang='grc' dir='ltr'>τῆς</span> <span class='ocrx_word' id='word_1_542' title='bbox 877 4267 1041 4336; x_wconf 81' lang='grc' dir='ltr'>ἁγίας</span> <span class='ocrx_word' id='word_1_543' title='bbox 1071 4267 1168 4322; x_wconf 73' lang='grc' dir='ltr'>καὶ</span> <span class='ocrx_word' id='word_1_544' title='bbox 1197 4267 1489 4337; x_wconf 86' lang='grc' dir='ltr'>ὁμοουσίου</span> <span class='ocrx_word' id='word_1_545' title='bbox 1515 4267 1767 4339; x_wconf 85' lang='grc' dir='ltr'>Τριάδος,</span> 
     </span>
    </p>
   </div>
   <div class='ocr_carea' id='block_1_75' title="bbox 175 4358 1770 4432">
    <p class='ocr_par' dir='ltr' id='par_1_75' title="bbox 175 4358 1770 4432">
     <span class='ocr_line' id='line_1_75' title="bbox 175 4358 1770 4432; baseline -0.001 -16"><span class='ocrx_word' id='word_1_546' title='bbox 175 4364 272 4416; x_wconf 57' lang='grc' dir='ltr'>τὴν</span> <span class='ocrx_word' id='word_1_547' title='bbox 316 4361 535 4432; x_wconf 80' lang='grc' dir='ltr'>Κύριον</span> <span class='ocrx_word' id='word_1_548' title='bbox 558 4358 719 4429; x_wconf 79' lang='grc' dir='ltr'>ἡμῶν</span> <span class='ocrx_word' id='word_1_549' title='bbox 748 4358 958 4429; x_wconf 81' lang='grc' dir='ltr'>Ἰησοῦν</span> <span class='ocrx_word' id='word_1_550' title='bbox 1001 4359 1258 4430; x_wconf 64' lang='grc' dir='ltr'>Χριστὸν,</span> <span class='ocrx_word' id='word_1_551' title='bbox 1284 4359 1418 4413; x_wconf 80' lang='grc' dir='ltr'>Θεὸν</span> <span class='ocrx_word' id='word_1_552' title='bbox 1440 4360 1645 4431; x_wconf 79' lang='grc' dir='ltr'>ἀληθῆ,</span> <span class='ocrx_word' id='word_1_553' title='bbox 1672 4363 1770 4416; x_wconf 77' lang='grc' dir='ltr'>καὶ</span> 
     </span>
    </p>
   </div>
   <div class='ocr_carea' id='block_1_76' title="bbox 1875 3164 3452 3249">
    <p class='ocr_par' dir='ltr' id='par_1_76' title="bbox 1875 3164 3452 3249">
     <span class='ocr_line' id='line_1_76' title="bbox 1875 3164 3452 3249; baseline 0.013 -29"><span class='ocrx_word' id='word_1_554' title='bbox 1875 3167 2005 3237; x_wconf 88' lang='lat' dir='ltr'><strong>quia</strong></span> <span class='ocrx_word' id='word_1_555' title='bbox 2031 3166 2342 3240; x_wconf 88' lang='lat' dir='ltr'><strong>Seraphim,</strong></span> <span class='ocrx_word' id='word_1_556' title='bbox 2377 3164 2513 3229; x_wconf 83' lang='lat' dir='ltr'><strong>voce</strong></span> <span class='ocrx_word' id='word_1_557' title='bbox 2547 3174 2806 3249; x_wconf 81' lang='lat' dir='ltr'><strong>Trisagii,</strong></span> <span class='ocrx_word' id='word_1_558' title='bbox 2831 3189 3036 3237; x_wconf 72' lang='lat' dir='ltr'><strong>sancta:</strong></span> <span class='ocrx_word' id='word_1_559' title='bbox 3060 3181 3319 3241; x_wconf 79' lang='lat' dir='ltr'><strong>&#39;Prinitati</strong></span> <span class='ocrx_word' id='word_1_560' title='bbox 3350 3186 3452 3241; x_wconf 62' lang='lat' dir='ltr'><strong>do:</strong></span> 
     </span>
    </p>
   </div>
   <div class='ocr_carea' id='block_1_77' title="bbox 1873 3259 3453 3354">
    <p class='ocr_par' dir='ltr' id='par_1_77' title="bbox 1873 3259 3453 3354">
     <span class='ocr_line' id='line_1_77' title="bbox 1873 3259 3453 3354; baseline 0.014 -41"><span class='ocrx_word' id='word_1_561' title='bbox 1873 3259 2149 3332; x_wconf 76' lang='lat' dir='ltr'><strong>xologiam</strong></span> <span class='ocrx_word' id='word_1_562' title='bbox 2187 3262 2440 3321; x_wconf 90' lang='lat' dir='ltr'><strong>dicentes</strong></span> <span class='ocrx_word' id='word_1_563' title='bbox 2468 3282 2581 3322; x_wconf 92' lang='lat' dir='ltr'><strong>non</strong></span> <span class='ocrx_word' id='word_1_564' title='bbox 2615 3280 2835 3325; x_wconf 87' lang='lat' dir='ltr'><strong>cessant</strong></span> <span class='ocrx_word' id='word_1_565' title='bbox 2863 3310 2880 3337; x_wconf 88' lang='lat'><strong>,</strong></span> <span class='ocrx_word' id='word_1_566' title='bbox 2913 3272 3251 3354; x_wconf 73' lang='lat' dir='ltr'><strong>juxtaquod</strong></span> <span class='ocrx_word' id='word_1_567' title='bbox 3293 3277 3453 3335; x_wconf 78' lang='lat' dir='ltr'><strong>nobis</strong></span> 
     </span>
    </p>
   </div>
   <div class='ocr_carea' id='block_1_78' title="bbox 1876 3351 2930 3418">
    <p class='ocr_par' dir='ltr' id='par_1_78' title="bbox 1876 3351 2930 3418">
     <span class='ocr_line' id='line_1_78' title="bbox 1876 3351 2930 3418; baseline 0.013 -13"><span class='ocrx_word' id='word_1_568' title='bbox 1876 3351 2052 3408; x_wconf 84' lang='lat' dir='ltr'><strong>sancti</strong></span> <span class='ocrx_word' id='word_1_569' title='bbox 2091 3352 2281 3411; x_wconf 83' lang='lat' dir='ltr'><strong>Patres</strong></span> <span class='ocrx_word' id='word_1_570' title='bbox 2312 3355 2382 3413; x_wconf 90' lang='lat' dir='ltr'><strong>de</strong></span> <span class='ocrx_word' id='word_1_571' title='bbox 2412 3356 2520 3415; x_wconf 91' lang='lat' dir='ltr'><strong>hoc</strong></span> <span class='ocrx_word' id='word_1_572' title='bbox 2559 3359 2930 3418; x_wconf 87' lang='lat' dir='ltr'><strong>tradiderunt.</strong></span> 
     </span>
    </p>
   </div>
   <div class='ocr_carea' id='block_1_79' title="bbox 1949 3619 3452 3701">
    <p class='ocr_par' dir='ltr' id='par_1_79' title="bbox 1949 3619 3452 3701">
     <span class='ocr_line' id='line_1_79' title="bbox 1949 3619 3452 3701; baseline 0.007 -26"><span class='ocrx_word' id='word_1_573' title='bbox 1949 3619 2076 3676; x_wconf 69' lang='lat' dir='ltr'><strong>Haec</strong></span> <span class='ocrx_word' id='word_1_574' title='bbox 2098 3621 2267 3692; x_wconf 75' lang='lat' dir='ltr'><strong>igitur</strong></span> <span class='ocrx_word' id='word_1_575' title='bbox 2291 3623 2360 3677; x_wconf 85' lang='lat' dir='ltr'><strong>ad</strong></span> <span class='ocrx_word' id='word_1_576' title='bbox 2397 3625 3159 3684; x_wconf 67' lang='lat' dir='ltr'><strong>evertendamh‘aereticorum</strong></span> <span class='ocrx_word' id='word_1_577' title='bbox 3196 3632 3452 3701; x_wconf 81' lang='lat' dir='ltr'><strong>blasphe-</strong></span> 
     </span>
    </p>
   </div>
   <div class='ocr_carea' id='block_1_80' title="bbox 1874 3711 3450 3783">
    <p class='ocr_par' dir='ltr' id='par_1_80' title="bbox 1874 3711 3450 3783">
     <span class='ocr_line' id='line_1_80' title="bbox 1874 3711 3450 3783; baseline 0.008 -18"><span class='ocrx_word' id='word_1_578' title='bbox 1874 3711 2040 3766; x_wconf 85' lang='lat' dir='ltr'><strong>miam</strong></span> <span class='ocrx_word' id='word_1_579' title='bbox 2073 3724 2447 3783; x_wconf 77' lang='lat' dir='ltr'><strong>exponentes,</strong></span> <span class='ocrx_word' id='word_1_580' title='bbox 2496 3732 2684 3773; x_wconf 87' lang='lat' dir='ltr'><strong>veram</strong></span> <span class='ocrx_word' id='word_1_581' title='bbox 2734 3719 2998 3775; x_wconf 76' lang='lat' dir='ltr'><strong>Ecclesiae</strong></span> <span class='ocrx_word' id='word_1_582' title='bbox 3048 3721 3450 3778; x_wconf 73' lang='lat' dir='ltr'><strong>confessiormm</strong></span> 
     </span>
    </p>
   </div>
   <div class='ocr_carea' id='block_1_81' title="bbox 1875 3803 3452 3883">
    <p class='ocr_par' dir='ltr' id='par_1_81' title="bbox 1875 3803 3452 3883">
     <span class='ocr_line' id='line_1_81' title="bbox 1875 3803 3452 3883; baseline 0.007 -25"><span class='ocrx_word' id='word_1_583' title='bbox 1875 3803 2068 3860; x_wconf 86' lang='lat' dir='ltr'><strong>Patres</strong></span> <span class='ocrx_word' id='word_1_584' title='bbox 2107 3805 2476 3872; x_wconf 89' lang='lat' dir='ltr'><strong>tradiderunt,</strong></span> <span class='ocrx_word' id='word_1_585' title='bbox 2512 3825 2676 3866; x_wconf 82' lang='lat' dir='ltr'><strong>unam</strong></span> <span class='ocrx_word' id='word_1_586' title='bbox 2738 3810 3024 3877; x_wconf 86' lang='lat' dir='ltr'><strong>deitatem,</strong></span> <span class='ocrx_word' id='word_1_587' title='bbox 3055 3828 3217 3867; x_wconf 84' lang='lat' dir='ltr'><strong>unam</strong></span> <span class='ocrx_word' id='word_1_588' title='bbox 3257 3824 3452 3883; x_wconf 80' lang='lat' dir='ltr'><strong>poten—</strong></span> 
     </span>
    </p>
   </div>
   <div class='ocr_carea' id='block_1_82' title="bbox 1875 3893 3452 3973">
    <p class='ocr_par' dir='ltr' id='par_1_82' title="bbox 1875 3893 3452 3973">
     <span class='ocr_line' id='line_1_82' title="bbox 1875 3893 3452 3973; baseline 0.007 -27"><span class='ocrx_word' id='word_1_589' title='bbox 1875 3893 2032 3959; x_wconf 86' lang='lat' dir='ltr'><strong>tiam,</strong></span> <span class='ocrx_word' id='word_1_590' title='bbox 2059 3910 2333 3965; x_wconf 89' lang='lat' dir='ltr'><strong>unamque</strong></span> <span class='ocrx_word' id='word_1_591' title='bbox 2357 3899 2725 3954; x_wconf 81' lang='lat' dir='ltr'><strong>substantiam</strong></span> <span class='ocrx_word' id='word_1_592' title='bbox 2757 3911 2963 3956; x_wconf 84' lang='lat' dir='ltr'><strong>sanetae</strong></span> <span class='ocrx_word' id='word_1_593' title='bbox 2992 3901 3282 3959; x_wconf 86' lang='lat' dir='ltr'><strong>Trinitatis</strong></span> <span class='ocrx_word' id='word_1_594' title='bbox 3315 3921 3452 3973; x_wconf 76' lang='lat' dir='ltr'><strong>con-</strong></span> 
     </span>
    </p>
   </div>
   <div class='ocr_carea' id='block_1_83' title="bbox 1877 3980 3453 4059">
    <p class='ocr_par' dir='ltr' id='par_1_83' title="bbox 1877 3980 3453 4059">
     <span class='ocr_line' id='line_1_83' title="bbox 1877 3980 3453 4059; baseline 0.006 -22"><span class='ocrx_word' id='word_1_595' title='bbox 1877 3980 2020 4038; x_wconf 80' lang='lat' dir='ltr'><strong>ﬁteri</strong></span> <span class='ocrx_word' id='word_1_596' title='bbox 2049 4000 2151 4040; x_wconf 91' lang='lat' dir='ltr'><strong>nos</strong></span> <span class='ocrx_word' id='word_1_597' title='bbox 2185 3984 2473 4051; x_wconf 80' lang='lat' dir='ltr'><strong>docentes,</strong></span> <span class='ocrx_word' id='word_1_598' title='bbox 2498 3988 2750 4044; x_wconf 85' lang='lat' dir='ltr'><strong>eamdem</strong></span> <span class='ocrx_word' id='word_1_599' title='bbox 2781 3988 3149 4059; x_wconf 74' lang='lat' dir='ltr'><strong>doxologiam.</strong></span> <span class='ocrx_word' id='word_1_600' title='bbox 3177 3993 3453 4047; x_wconf 86' lang='lat' dir='ltr'><strong>eamdem-</strong></span> 
     </span>
    </p>
   </div>
   <div class='ocr_carea' id='block_1_84' title="bbox 1875 4075 3450 4150">
    <p class='ocr_par' dir='ltr' id='par_1_84' title="bbox 1875 4075 3450 4150">
     <span class='ocr_line' id='line_1_84' title="bbox 1875 4075 3450 4150; baseline 0.006 -21"><span class='ocrx_word' id='word_1_601' title='bbox 1875 4088 1982 4145; x_wconf 85' lang='lat' dir='ltr'><strong>que</strong></span> <span class='ocrx_word' id='word_1_602' title='bbox 2005 4075 2382 4132; x_wconf 85' lang='lat' dir='ltr'><strong>adorationem</strong></span> <span class='ocrx_word' id='word_1_603' title='bbox 2414 4080 2599 4144; x_wconf 87' lang='lat' dir='ltr'><strong>Patri,</strong></span> <span class='ocrx_word' id='word_1_604' title='bbox 2635 4088 2692 4134; x_wconf 88' lang='lat' dir='ltr'><strong>et</strong></span> <span class='ocrx_word' id='word_1_605' title='bbox 2731 4081 2891 4143; x_wconf 89' lang='lat' dir='ltr'><strong>Filio,</strong></span> <span class='ocrx_word' id='word_1_606' title='bbox 2924 4082 3226 4150; x_wconf 83' lang='lat' dir='ltr'><strong>etSpiritui</strong></span> <span class='ocrx_word' id='word_1_607' title='bbox 3260 4098 3450 4139; x_wconf 81' lang='lat' dir='ltr'><strong>sancto</strong></span> 
     </span>
    </p>
   </div>
   <div class='ocr_carea' id='block_1_85' title="bbox 1875 4164 3450 4241">
    <p class='ocr_par' dir='ltr' id='par_1_85' title="bbox 1875 4164 3450 4241">
     <span class='ocr_line' id='line_1_85' title="bbox 1875 4164 3450 4241; baseline 0.006 -21"><span class='ocrx_word' id='word_1_608' title='bbox 1875 4164 2130 4231; x_wconf 77' lang='lat' dir='ltr'><strong>deferre;</strong></span> <span class='ocrx_word' id='word_1_609' title='bbox 2156 4167 2407 4224; x_wconf 78' lang='lat' dir='ltr'><strong>confiteri</strong></span> <span class='ocrx_word' id='word_1_610' title='bbox 2438 4185 2571 4225; x_wconf 90' lang='lat' dir='ltr'><strong>vero</strong></span> <span class='ocrx_word' id='word_1_611' title='bbox 2617 4185 2785 4225; x_wconf 89' lang='lat' dir='ltr'><strong>unam</strong></span> <span class='ocrx_word' id='word_1_612' title='bbox 2817 4185 3117 4241; x_wconf 83' lang='lat' dir='ltr'><strong>personam</strong></span> <span class='ocrx_word' id='word_1_613' title='bbox 3145 4188 3213 4228; x_wconf 81' lang='lat' dir='ltr'><strong>ex</strong></span> <span class='ocrx_word' id='word_1_614' title='bbox 3259 4184 3450 4230; x_wconf 76' lang='lat' dir='ltr'><strong>sancta</strong></span> 
     </span>
    </p>
   </div>
   <div class='ocr_carea' id='block_1_86' title="bbox 1874 4258 3443 4330">
    <p class='ocr_par' dir='ltr' id='par_1_86' title="bbox 1874 4258 3443 4330">
     <span class='ocr_line' id='line_1_86' title="bbox 1874 4258 3443 4330; baseline 0.003 -17"><span class='ocrx_word' id='word_1_615' title='bbox 1874 4258 2445 4330; x_wconf 87' lang='lat' dir='ltr'><strong>consubstantialique</strong></span> <span class='ocrx_word' id='word_1_616' title='bbox 2484 4259 2779 4327; x_wconf 85' lang='lat' dir='ltr'><strong>Trinitate,</strong></span> <span class='ocrx_word' id='word_1_617' title='bbox 2830 4262 3127 4316; x_wconf 89' lang='lat' dir='ltr'><strong>Dominum</strong></span> <span class='ocrx_word' id='word_1_618' title='bbox 3191 4272 3443 4318; x_wconf 83' lang='lat' dir='ltr'><strong>nostrum</strong></span> 
     </span>
    </p>
   </div>
   <div class='ocr_carea' id='block_1_87' title="bbox 1873 4342 3445 4424">
    <p class='ocr_par' dir='ltr' id='par_1_87' title="bbox 1873 4342 3445 4424">
     <span class='ocr_line' id='line_1_87' title="bbox 1873 4342 3445 4424; baseline 0.002 -17"><span class='ocrx_word' id='word_1_619' title='bbox 1873 4350 2060 4407; x_wconf 70' lang='lat' dir='ltr'><strong>Iesum</strong></span> <span class='ocrx_word' id='word_1_620' title='bbox 2082 4342 2386 4418; x_wconf 72' lang='lat' dir='ltr'><strong>Christum,</strong></span> <span class='ocrx_word' id='word_1_621' title='bbox 2406 4354 2581 4409; x_wconf 88' lang='lat' dir='ltr'><strong>Deum</strong></span> <span class='ocrx_word' id='word_1_622' title='bbox 2606 4369 2802 4409; x_wconf 87' lang='lat' dir='ltr'><strong>verum</strong></span> <span class='ocrx_word' id='word_1_623' title='bbox 2822 4369 3124 4424; x_wconf 77' lang='lat' dir='ltr'><strong>verumque</strong></span> <span class='ocrx_word' id='word_1_624' title='bbox 3143 4356 3445 4419; x_wconf 75' lang='lat' dir='ltr'><strong>hominem.</strong></span> 
     </span>
    </p>
   </div>
   <div class='ocr_carea' id='block_1_88' title="bbox 177 4442 1768 4524">
    <p class='ocr_par' dir='ltr' id='par_1_88' title="bbox 177 4449 1768 4524">
     <span class='ocr_line' id='line_1_88' title="bbox 177 4449 1768 4524; baseline -0.001 -17"><span class='ocrx_word' id='word_1_625' title='bbox 177 4453 480 4524; x_wconf 79' lang='grc' dir='ltr'>ἄνθρωπον</span> <span class='ocrx_word' id='word_1_626' title='bbox 503 4450 700 4521; x_wconf 82' lang='grc' dir='ltr'>ἀληθῆ.</span> <span class='ocrx_word' id='word_1_627' title='bbox 716 4449 809 4503; x_wconf 79' lang='grc' dir='ltr'>τὸν</span> <span class='ocrx_word' id='word_1_628' title='bbox 835 4449 998 4503; x_wconf 80' lang='grc' dir='ltr'>αὑτὸν</span> <span class='ocrx_word' id='word_1_629' title='bbox 1020 4449 1306 4520; x_wconf 81' lang='grc' dir='ltr'>ὀμοούσιον</span> <span class='ocrx_word' id='word_1_630' title='bbox 1330 4449 1407 4520; x_wconf 80' lang='grc' dir='ltr'><strong>τῷ</strong></span> <span class='ocrx_word' id='word_1_631' title='bbox 1430 4451 1608 4522; x_wconf 60' lang='lat' dir='ltr'><strong>Harp).</strong></span> <span class='ocrx_word' id='word_1_632' title='bbox 1630 4451 1768 4505; x_wconf 83' lang='grc' dir='ltr'>κατὰ</span> 
     </span>
    </p>
   </div>
   <div class='ocr_carea' id='block_1_89' title="bbox 1873 4442 3449 4524">
    <p class='ocr_par' dir='ltr' id='par_1_89' title="bbox 1875 4443 3449 4505">
     <span class='ocr_line' id='line_1_89' title="bbox 1875 4443 3449 4505; baseline 0.005 -8"><span class='ocrx_word' id='word_1_633' title='bbox 1875 4443 2130 4499; x_wconf 89' lang='lat' dir='ltr'><strong>eumdem</strong></span> <span class='ocrx_word' id='word_1_634' title='bbox 2164 4445 2695 4501; x_wconf 87' lang='lat' dir='ltr'><strong>consubstantialem</strong></span> <span class='ocrx_word' id='word_1_635' title='bbox 2729 4445 2877 4501; x_wconf 85' lang='lat' dir='ltr'><strong>Patri</strong></span> <span class='ocrx_word' id='word_1_636' title='bbox 2912 4448 3217 4503; x_wconf 88' lang='lat' dir='ltr'><strong>secundum</strong></span> <span class='ocrx_word' id='word_1_637' title='bbox 3248 4448 3449 4505; x_wconf 78' lang='lat' dir='ltr'><strong>divini-</strong></span> 
     </span>
    </p>
   </div>
   <div class='ocr_carea' id='block_1_90' title="bbox 175 4541 1769 4615">
    <p class='ocr_par' dir='ltr' id='par_1_90' title="bbox 175 4541 1769 4615">
     <span class='ocr_line' id='line_1_90' title="bbox 175 4541 1769 4615; baseline -0.002 -16"><span class='ocrx_word' id='word_1_638' title='bbox 175 4548 280 4615; x_wconf 75' lang='grc' dir='ltr'>τὴν</span> <span class='ocrx_word' id='word_1_639' title='bbox 309 4543 680 4615; x_wconf 74' lang='grc' dir='ltr'>θεότητα,καί</span> <span class='ocrx_word' id='word_1_640' title='bbox 707 4541 998 4611; x_wconf 78' lang='grc' dir='ltr'>δμοούσιον</span> <span class='ocrx_word' id='word_1_641' title='bbox 1020 4543 1156 4612; x_wconf 76' lang='grc' dir='ltr'>ἡμῖν</span> <span class='ocrx_word' id='word_1_642' title='bbox 1183 4541 1276 4595; x_wconf 83' lang='grc' dir='ltr'>τὸν</span> <span class='ocrx_word' id='word_1_643' title='bbox 1306 4541 1472 4595; x_wconf 83' lang='grc' dir='ltr'>αὑτὸν</span> <span class='ocrx_word' id='word_1_644' title='bbox 1501 4541 1641 4596; x_wconf 85' lang='grc' dir='ltr'><strong>κατά</strong></span> <span class='ocrx_word' id='word_1_645' title='bbox 1669 4543 1769 4615; x_wconf 80' lang='grc' dir='ltr'>τὴν</span> 
     </span>
    </p>
   </div>
   <div class='ocr_carea' id='block_1_91' title="bbox 178 4631 1771 4710">
    <p class='ocr_par' dir='ltr' id='par_1_91' title="bbox 178 4631 1771 4710">
     <span class='ocr_line' id='line_1_91' title="bbox 178 4631 1771 4710; baseline -0.003 -19"><span class='ocrx_word' id='word_1_646' title='bbox 178 4637 592 4710; x_wconf 85' lang='grc' dir='ltr'>ἀνθρωπότητα</span> <span class='ocrx_word' id='word_1_647' title='bbox 610 4650 621 4664; x_wconf 82' lang='grc'><em>’</em></span> <span class='ocrx_word' id='word_1_648' title='bbox 644 4635 737 4689; x_wconf 74' lang='grc' dir='ltr'>καὶ</span> <span class='ocrx_word' id='word_1_649' title='bbox 752 4632 875 4687; x_wconf 76' lang='grc' dir='ltr'>οὔτε</span> <span class='ocrx_word' id='word_1_650' title='bbox 894 4633 1037 4687; x_wconf 88' lang='grc' dir='ltr'><strong>κατά</strong></span> <span class='ocrx_word' id='word_1_651' title='bbox 1059 4634 1157 4703; x_wconf 76' lang='grc' dir='ltr'>τὴν</span> <span class='ocrx_word' id='word_1_652' title='bbox 1175 4631 1345 4704; x_wconf 79' lang='grc' dir='ltr'>αὐτὴν</span> <span class='ocrx_word' id='word_1_653' title='bbox 1367 4632 1558 4688; x_wconf 79' lang='grc' dir='ltr'>οὐσίαν</span> <span class='ocrx_word' id='word_1_654' title='bbox 1576 4632 1771 4705; x_wconf 81' lang='grc' dir='ltr'>ὁμοού-</span> 
     </span>
    </p>
   </div>
   <div class='ocr_carea' id='block_1_92' title="bbox 180 4723 1772 4798">
    <p class='ocr_par' dir='ltr' id='par_1_92' title="bbox 180 4723 1772 4798">
     <span class='ocr_line' id='line_1_92' title="bbox 180 4723 1772 4798; baseline -0.003 -16"><span class='ocrx_word' id='word_1_655' title='bbox 180 4746 299 4783; x_wconf 90' lang='grc' dir='ltr'>σιον</span> <span class='ocrx_word' id='word_1_656' title='bbox 342 4729 516 4783; x_wconf 78' lang='grc' dir='ltr'>αὐτὸν</span> <span class='ocrx_word' id='word_1_657' title='bbox 551 4723 688 4781; x_wconf 82' lang='grc' dir='ltr'>εἶναι</span> <span class='ocrx_word' id='word_1_658' title='bbox 725 4725 804 4797; x_wconf 84' lang='grc' dir='ltr'><strong>τῷ</strong></span> <span class='ocrx_word' id='word_1_659' title='bbox 833 4725 1014 4797; x_wconf 66' lang='lat' dir='ltr'><strong>Ila-cpi</strong></span> <span class='ocrx_word' id='word_1_660' title='bbox 1054 4724 1179 4780; x_wconf 85' lang='grc' dir='ltr'>καθ’</span> <span class='ocrx_word' id='word_1_661' title='bbox 1203 4725 1270 4798; x_wconf 71' lang='grc' dir='ltr'>ἦν</span> <span class='ocrx_word' id='word_1_662' title='bbox 1298 4728 1456 4797; x_wconf 79' lang='grc' dir='ltr'>ἡμῖν,</span> <span class='ocrx_word' id='word_1_663' title='bbox 1484 4724 1609 4779; x_wconf 79' lang='grc' dir='ltr'>οὒτε</span> <span class='ocrx_word' id='word_1_664' title='bbox 1635 4727 1772 4796; x_wconf 79' lang='grc' dir='ltr'>ἡμῖν</span> 
     </span>
    </p>
   </div>
   <div class='ocr_carea' id='block_1_93' title="bbox 179 4815 1772 4892">
    <p class='ocr_par' dir='ltr' id='par_1_93' title="bbox 179 4815 1772 4892">
     <span class='ocr_line' id='line_1_93' title="bbox 179 4815 1772 4892; baseline -0.004 -17"><span class='ocrx_word' id='word_1_665' title='bbox 179 4820 304 4875; x_wconf 75' lang='grc' dir='ltr'>καθ’</span> <span class='ocrx_word' id='word_1_666' title='bbox 326 4821 397 4892; x_wconf 81' lang='grc' dir='ltr'>ἢν</span> <span class='ocrx_word' id='word_1_667' title='bbox 428 4820 511 4891; x_wconf 79' lang='grc' dir='ltr'>τῷ</span> <span class='ocrx_word' id='word_1_668' title='bbox 535 4819 712 4890; x_wconf 85' lang='grc' dir='ltr'>Πατρί</span> <span class='ocrx_word' id='word_1_669' title='bbox 732 4836 746 4851; x_wconf 73' lang='grc' dir='ltr'><strong>ο</strong></span> <span class='ocrx_word' id='word_1_670' title='bbox 804 4816 1073 4872; x_wconf 76' lang='grc' dir='ltr'>ἀδύνατον</span> <span class='ocrx_word' id='word_1_671' title='bbox 1097 4815 1208 4889; x_wconf 83' lang='grc' dir='ltr'><strong>γάρ</strong></span> <span class='ocrx_word' id='word_1_672' title='bbox 1236 4815 1366 4887; x_wconf 86' lang='grc' dir='ltr'>μίαν</span> <span class='ocrx_word' id='word_1_673' title='bbox 1389 4815 1581 4871; x_wconf 79' lang='grc' dir='ltr'>οὐσίαν</span> <span class='ocrx_word' id='word_1_674' title='bbox 1607 4817 1772 4888; x_wconf 77' lang='grc' dir='ltr'>ἧτουν</span> 
     </span>
    </p>
   </div>
   <div class='ocr_carea' id='block_1_94' title="bbox 181 4906 1770 4982">
    <p class='ocr_par' dir='ltr' id='par_1_94' title="bbox 181 4906 1770 4982">
     <span class='ocr_line' id='line_1_94' title="bbox 181 4906 1770 4982; baseline -0.004 -14"><span class='ocrx_word' id='word_1_675' title='bbox 181 4914 351 4979; x_wconf 86' lang='grc' dir='ltr'>φύσιν</span> <span class='ocrx_word' id='word_1_676' title='bbox 406 4909 699 4982; x_wconf 79' lang='grc' dir='ltr'>ὁμοούσιον</span> <span class='ocrx_word' id='word_1_677' title='bbox 746 4906 886 4965; x_wconf 75' lang='grc' dir='ltr'>εἶναι</span> <span class='ocrx_word' id='word_1_678' title='bbox 929 4909 1051 4981; x_wconf 87' lang='grc' dir='ltr'>Θεῷ</span> <span class='ocrx_word' id='word_1_679' title='bbox 1102 4911 1198 4963; x_wconf 77' lang='grc' dir='ltr'>καὶ</span> <span class='ocrx_word' id='word_1_680' title='bbox 1242 4908 1595 4980; x_wconf 79' lang='grc' dir='ltr'>ἀνθρὼποις’</span> <span class='ocrx_word' id='word_1_681' title='bbox 1653 4909 1770 4962; x_wconf 80' lang='grc' dir='ltr'>ἀλλ’</span> 
     </span>
    </p>
   </div>
   <div class='ocr_carea' id='block_1_95' title="bbox 183 4997 1770 5076">
    <p class='ocr_par' dir='ltr' id='par_1_95' title="bbox 183 4997 1770 5076">
     <span class='ocr_line' id='line_1_95' title="bbox 183 4997 1770 5076; baseline -0.004 -18"><span class='ocrx_word' id='word_1_682' title='bbox 183 5009 241 5058; x_wconf 70' lang='grc' dir='ltr'>ἓν</span> <span class='ocrx_word' id='word_1_683' title='bbox 271 5006 375 5076; x_wconf 83' lang='grc' dir='ltr'><strong>μιᾷ</strong></span> <span class='ocrx_word' id='word_1_684' title='bbox 398 5000 705 5057; x_wconf 81' lang='grc' dir='ltr'>ὑποστάσει</span> <span class='ocrx_word' id='word_1_685' title='bbox 734 5004 789 5056; x_wconf 80' lang='lat' dir='ltr'><strong>ai</strong></span> <span class='ocrx_word' id='word_1_686' title='bbox 814 5001 907 5055; x_wconf 82' lang='grc' dir='ltr'>δύο</span> <span class='ocrx_word' id='word_1_687' title='bbox 931 5001 1127 5071; x_wconf 82' lang='grc' dir='ltr'>φύσεις</span> <span class='ocrx_word' id='word_1_688' title='bbox 1152 4997 1575 5071; x_wconf 82' lang='grc' dir='ltr'>γνωριζόμεναι,</span> <span class='ocrx_word' id='word_1_689' title='bbox 1605 5000 1637 5069; x_wconf 81' lang='grc' dir='ltr'><strong>ἠ</strong></span> <span class='ocrx_word' id='word_1_690' title='bbox 1670 5000 1770 5070; x_wconf 67' lang='grc' dir='ltr'>μὲν</span> 
     </span>
    </p>
   </div>
   <div class='ocr_carea' id='block_1_96' title="bbox 184 5093 1766 5168">
    <p class='ocr_par' dir='ltr' id='par_1_96' title="bbox 184 5093 1766 5168">
     <span class='ocr_line' id='line_1_96' title="bbox 184 5093 1766 5168; baseline -0.003 -15"><span class='ocrx_word' id='word_1_691' title='bbox 184 5097 327 5166; x_wconf 76' lang='grc' dir='ltr'>πρὸς</span> <span class='ocrx_word' id='word_1_692' title='bbox 352 5097 449 5152; x_wconf 77' lang='grc' dir='ltr'><strong>τὸν</strong></span> <span class='ocrx_word' id='word_1_693' title='bbox 473 5095 696 5168; x_wconf 82' lang='grc' dir='ltr'>Πατέρα</span> <span class='ocrx_word' id='word_1_694' title='bbox 716 5096 816 5165; x_wconf 77' lang='grc' dir='ltr'>τὴν</span> <span class='ocrx_word' id='word_1_695' title='bbox 838 5095 1131 5166; x_wconf 81' lang='grc' dir='ltr'>κοινότητα</span> <span class='ocrx_word' id='word_1_696' title='bbox 1150 5094 1285 5165; x_wconf 74' lang='grc' dir='ltr'>ἔχει,</span> <span class='ocrx_word' id='word_1_697' title='bbox 1306 5096 1340 5163; x_wconf 77' lang='grc' dir='ltr'><strong>ἡ</strong></span> <span class='ocrx_word' id='word_1_698' title='bbox 1363 5093 1419 5147; x_wconf 79' lang='grc' dir='ltr'>δὲ</span> <span class='ocrx_word' id='word_1_699' title='bbox 1441 5094 1576 5164; x_wconf 79' lang='grc' dir='ltr'>πρὸς</span> <span class='ocrx_word' id='word_1_700' title='bbox 1597 5093 1766 5163; x_wconf 78' lang='grc' dir='ltr'>ἡμᾶς.</span> 
     </span>
    </p>
   </div>
   <div class='ocr_carea' id='block_1_97' title="bbox 183 5180 1767 5256">
    <p class='ocr_par' dir='ltr' id='par_1_97' title="bbox 183 5180 1767 5256">
     <span class='ocr_line' id='line_1_97' title="bbox 183 5180 1767 5256; baseline -0.006 -14"><span class='ocrx_word' id='word_1_701' title='bbox 183 5189 354 5242; x_wconf 81' lang='grc' dir='ltr'>Ὠστε</span> <span class='ocrx_word' id='word_1_702' title='bbox 397 5186 456 5240; x_wconf 77' lang='grc' dir='ltr'>δὲ</span> <span class='ocrx_word' id='word_1_703' title='bbox 516 5185 703 5256; x_wconf 80' lang='grc' dir='ltr'>σαφῶς</span> <span class='ocrx_word' id='word_1_704' title='bbox 754 5185 907 5254; x_wconf 76' lang='grc' dir='ltr'>ὑμᾶς·</span> <span class='ocrx_word' id='word_1_705' title='bbox 949 5182 1248 5251; x_wconf 72' lang='grc' dir='ltr'>ἐπιγνῶναι</span> <span class='ocrx_word' id='word_1_706' title='bbox 1296 5180 1396 5252; x_wconf 77' lang='grc' dir='ltr'>τὴν</span> <span class='ocrx_word' id='word_1_707' title='bbox 1437 5180 1767 5251; x_wconf 86' lang='grc' dir='ltr'>ὁμολογίαν,</span> 
     </span>
    </p>
   </div>
   <div class='ocr_carea' id='block_1_98' title="bbox 182 5272 1770 5350">
    <p class='ocr_par' dir='ltr' id='par_1_98' title="bbox 182 5272 1770 5350">
     <span class='ocr_line' id='line_1_98' title="bbox 182 5272 1770 5350; baseline -0.005 -16"><span class='ocrx_word' id='word_1_708' title='bbox 182 5283 252 5350; x_wconf 81' lang='grc' dir='ltr'>ἣν</span> <span class='ocrx_word' id='word_1_709' title='bbox 284 5276 717 5340; x_wconf 76' lang='grc' dir='ltr'>ἀκολουθοῦντες</span> <span class='ocrx_word' id='word_1_710' title='bbox 757 5278 826 5347; x_wconf 78' lang='grc' dir='ltr'>τῇ</span> <span class='ocrx_word' id='word_1_711' title='bbox 861 5274 1125 5343; x_wconf 83' lang='grc' dir='ltr'>καθολικῇ</span> <span class='ocrx_word' id='word_1_712' title='bbox 1156 5273 1254 5327; x_wconf 71' lang='grc' dir='ltr'>καὶ</span> <span class='ocrx_word' id='word_1_713' title='bbox 1280 5272 1611 5344; x_wconf 80' lang='grc' dir='ltr'>ἀποστολικῇ</span> <span class='ocrx_word' id='word_1_714' title='bbox 1649 5273 1770 5326; x_wconf 77' lang='grc' dir='ltr'><strong>Ἐκο</strong></span> 
     </span>
    </p>
   </div>
   <div class='ocr_carea' id='block_1_99' title="bbox 183 5363 1770 5440">
    <p class='ocr_par' dir='ltr' id='par_1_99' title="bbox 183 5363 1770 5440">
     <span class='ocr_line' id='line_1_99' title="bbox 183 5363 1770 5440; baseline -0.007 -12"><span class='ocrx_word' id='word_1_715' title='bbox 183 5371 391 5440; x_wconf 68' lang='grc' dir='ltr'>γλησίᾳ</span> <span class='ocrx_word' id='word_1_716' title='bbox 424 5369 800 5438; x_wconf 82' lang='grc' dir='ltr'>φυλάττομεν,</span> <span class='ocrx_word' id='word_1_717' title='bbox 831 5366 1037 5436; x_wconf 75' lang='grc' dir='ltr'>ταύτην</span> <span class='ocrx_word' id='word_1_718' title='bbox 1065 5367 1124 5420; x_wconf 80' lang='grc' dir='ltr'>ὲν</span> <span class='ocrx_word' id='word_1_719' title='bbox 1148 5363 1465 5434; x_wconf 78' lang='grc' dir='ltr'>κεφαλαίοις</span> <span class='ocrx_word' id='word_1_720' title='bbox 1488 5365 1770 5433; x_wconf 86' lang='grc' dir='ltr'>συντόμως</span> 
     </span>
    </p>
   </div>
   <div class='ocr_carea' id='block_1_100' title="bbox 183 5453 1771 5531">
    <p class='ocr_par' dir='ltr' id='par_1_100' title="bbox 183 5453 1771 5531">
     <span class='ocr_line' id='line_1_100' title="bbox 183 5453 1771 5531; baseline -0.009 -12"><span class='ocrx_word' id='word_1_721' title='bbox 183 5462 485 5531; x_wconf 76' lang='grc' dir='ltr'>ὲκθέμενοι</span> <span class='ocrx_word' id='word_1_722' title='bbox 522 5460 650 5527; x_wconf 80' lang='grc' dir='ltr'>ὑμῖν</span> <span class='ocrx_word' id='word_1_723' title='bbox 673 5476 737 5515; x_wconf 85' lang='grc' dir='ltr'><strong>τε</strong></span> <span class='ocrx_word' id='word_1_724' title='bbox 766 5458 862 5512; x_wconf 76' lang='grc' dir='ltr'>καὶ</span> <span class='ocrx_word' id='word_1_725' title='bbox 891 5457 957 5511; x_wconf 84' lang='grc' dir='ltr'><strong>δι’</strong></span> <span class='ocrx_word' id='word_1_726' title='bbox 985 5456 1140 5527; x_wconf 81' lang='grc' dir='ltr'>ὑμῶν</span> <span class='ocrx_word' id='word_1_727' title='bbox 1166 5457 1280 5520; x_wconf 82' lang='grc' dir='ltr'>τοῖς</span> <span class='ocrx_word' id='word_1_728' title='bbox 1306 5454 1399 5507; x_wconf 79' lang='grc' dir='ltr'>τὸν</span> <span class='ocrx_word' id='word_1_729' title='bbox 1424 5455 1632 5524; x_wconf 85' lang='grc' dir='ltr'>μονήρη</span> <span class='ocrx_word' id='word_1_730' title='bbox 1659 5453 1771 5525; x_wconf 75' lang='grc' dir='ltr'>βίον</span> 
     </span>
    </p>
   </div>
   <div class='ocr_carea' id='block_1_101' title="bbox 182 5545 1770 5621">
    <p class='ocr_par' dir='ltr' id='par_1_101' title="bbox 182 5545 1770 5621">
     <span class='ocr_line' id='line_1_101' title="bbox 182 5545 1770 5621; baseline -0.006 -12"><span class='ocrx_word' id='word_1_731' title='bbox 182 5555 330 5609; x_wconf 85' lang='grc' dir='ltr'><strong>κατά</strong></span> <span class='ocrx_word' id='word_1_732' title='bbox 379 5549 485 5619; x_wconf 72' lang='grc' dir='ltr'><strong>τὴν</strong></span> <span class='ocrx_word' id='word_1_733' title='bbox 530 5550 925 5621; x_wconf 77' lang='grc' dir='ltr'>Ἀλεξανδρέων</span> <span class='ocrx_word' id='word_1_734' title='bbox 982 5552 1074 5603; x_wconf 77' lang='grc' dir='ltr'>καὶ</span> <span class='ocrx_word' id='word_1_735' title='bbox 1126 5548 1254 5618; x_wconf 62' lang='lat' dir='ltr'><strong>napi.</strong></span> <span class='ocrx_word' id='word_1_736' title='bbox 1288 5545 1458 5618; x_wconf 69' lang='grc' dir='ltr'>αὐτὴν</span> <span class='ocrx_word' id='word_1_737' title='bbox 1494 5547 1770 5617; x_wconf 73' lang='grc' dir='ltr'>ἑλομένοις</span> 
     </span>
    </p>
   </div>
   <div class='ocr_carea' id='block_1_102' title="bbox 182 5640 825 5725">
    <p class='ocr_par' dir='ltr' id='par_1_102' title="bbox 182 5640 825 5725">
     <span class='ocr_line' id='line_1_102' title="bbox 182 5640 825 5725; baseline -0.006 -25"><span class='ocrx_word' id='word_1_738' title='bbox 182 5645 355 5717; x_wconf 80' lang='grc' dir='ltr'>δήλην</span> <span class='ocrx_word' id='word_1_739' title='bbox 391 5640 497 5695; x_wconf 78' lang='grc' dir='ltr'><strong>καθ</strong></span> <span class='ocrx_word' id='word_1_740' title='bbox 511 5643 678 5712; x_wconf 70' lang='grc' dir='ltr'>ιστιῖψ</span> <span class='ocrx_word' id='word_1_741' title='bbox 692 5660 767 5696; x_wconf 85' lang='grc' dir='ltr'>εν.</span> <span class='ocrx_word' id='word_1_742' title='bbox 816 5718 825 5725; x_wconf 74' lang='lat'><strong>_</strong></span> 
     </span>
    </p>
   </div>
   <div class='ocr_carea' id='block_1_103' title="bbox 1877 4533 3448 4604">
    <p class='ocr_par' dir='ltr' id='par_1_103' title="bbox 1877 4533 3448 4604">
     <span class='ocr_line' id='line_1_103' title="bbox 1877 4533 3448 4604; baseline 0.002 -14"><span class='ocrx_word' id='word_1_743' title='bbox 1877 4540 2068 4599; x_wconf 80' lang='lat' dir='ltr'><strong>tatem,</strong></span> <span class='ocrx_word' id='word_1_744' title='bbox 2103 4533 2747 4604; x_wconf 85' lang='lat' dir='ltr'><strong>consubstantialemque</strong></span> <span class='ocrx_word' id='word_1_745' title='bbox 2775 4535 3032 4591; x_wconf 87' lang='lat' dir='ltr'><strong>eumdem</strong></span> <span class='ocrx_word' id='word_1_746' title='bbox 3062 4538 3223 4594; x_wconf 90' lang='lat' dir='ltr'><strong>nobis</strong></span> <span class='ocrx_word' id='word_1_747' title='bbox 3252 4554 3448 4594; x_wconf 74' lang='lat' dir='ltr'><strong>secun~</strong></span> 
     </span>
    </p>
   </div>
   <div class='ocr_carea' id='block_1_104' title="bbox 1875 4624 3452 4697">
    <p class='ocr_par' dir='ltr' id='par_1_104' title="bbox 1875 4624 3452 4697">
     <span class='ocr_line' id='line_1_104' title="bbox 1875 4624 3452 4697; baseline 0.004 -17"><span class='ocrx_word' id='word_1_748' title='bbox 1875 4624 2007 4680; x_wconf 90' lang='lat' dir='ltr'><strong>dum</strong></span> <span class='ocrx_word' id='word_1_749' title='bbox 2030 4625 2471 4693; x_wconf 89' lang='lat' dir='ltr'><strong>humanitatem;</strong></span> <span class='ocrx_word' id='word_1_750' title='bbox 2498 4642 2610 4682; x_wconf 91' lang='lat' dir='ltr'><strong>non</strong></span> <span class='ocrx_word' id='word_1_751' title='bbox 2640 4636 2825 4683; x_wconf 91' lang='lat' dir='ltr'><strong>autem</strong></span> <span class='ocrx_word' id='word_1_752' title='bbox 2857 4630 3037 4697; x_wconf 86' lang='lat' dir='ltr'><strong>ipsum</strong></span> <span class='ocrx_word' id='word_1_753' title='bbox 3062 4646 3183 4686; x_wconf 88' lang='lat' dir='ltr'><strong>esse</strong></span> <span class='ocrx_word' id='word_1_754' title='bbox 3212 4635 3452 4687; x_wconf 60' lang='lat' dir='ltr'><strong>consul)-</strong></span> 
     </span>
    </p>
   </div>
   <div class='ocr_carea' id='block_1_105' title="bbox 1874 4717 3469 4792">
    <p class='ocr_par' dir='ltr' id='par_1_105' title="bbox 1874 4717 3469 4792">
     <span class='ocr_line' id='line_1_105' title="bbox 1874 4717 3469 4792; baseline 0.003 -20"><span class='ocrx_word' id='word_1_755' title='bbox 1874 4717 2185 4773; x_wconf 79' lang='lat' dir='ltr'><strong>stantialem</strong></span> <span class='ocrx_word' id='word_1_756' title='bbox 2223 4717 2375 4773; x_wconf 83' lang='lat' dir='ltr'><strong>Patri</strong></span> <span class='ocrx_word' id='word_1_757' title='bbox 2409 4718 2714 4774; x_wconf 89' lang='lat' dir='ltr'><strong>secundum</strong></span> <span class='ocrx_word' id='word_1_758' title='bbox 2753 4719 3003 4776; x_wconf 89' lang='lat' dir='ltr'><strong>eamdem</strong></span> <span class='ocrx_word' id='word_1_759' title='bbox 3057 4723 3469 4792; x_wconf 18' lang='lat' dir='ltr'><strong>substantiam.”</strong></span> 
     </span>
    </p>
   </div>
   <div class='ocr_carea' id='block_1_106' title="bbox 1875 4808 3445 4882">
    <p class='ocr_par' dir='ltr' id='par_1_106' title="bbox 1875 4808 3445 4882">
     <span class='ocr_line' id='line_1_106' title="bbox 1875 4808 3445 4882; baseline 0.003 -17"><span class='ocrx_word' id='word_1_760' title='bbox 1875 4808 2179 4866; x_wconf 85' lang='lat' dir='ltr'><strong>secundum</strong></span> <span class='ocrx_word' id='word_1_761' title='bbox 2216 4826 2382 4882; x_wconf 88' lang='lat' dir='ltr'><strong>quam</strong></span> <span class='ocrx_word' id='word_1_762' title='bbox 2439 4812 2929 4869; x_wconf 87' lang='lat' dir='ltr'><strong>consubstantialis</strong></span> <span class='ocrx_word' id='word_1_763' title='bbox 2970 4822 3056 4870; x_wconf 90' lang='lat' dir='ltr'><strong>est</strong></span> <span class='ocrx_word' id='word_1_764' title='bbox 3089 4816 3281 4880; x_wconf 86' lang='lat' dir='ltr'><strong>nobis,</strong></span> <span class='ocrx_word' id='word_1_765' title='bbox 3343 4832 3445 4869; x_wconf 72' lang='lat' dir='ltr'><strong>nor.</strong></span> 
     </span>
    </p>
   </div>
   <div class='ocr_carea' id='block_1_107' title="bbox 1875 4901 3441 4969">
    <p class='ocr_par' dir='ltr' id='par_1_107' title="bbox 1875 4901 3441 4969">
     <span class='ocr_line' id='line_1_107' title="bbox 1875 4901 3441 4969; baseline 0.001 -13"><span class='ocrx_word' id='word_1_766' title='bbox 1875 4901 2400 4957; x_wconf 89' lang='lat' dir='ltr'><strong>consubstantialem</strong></span> <span class='ocrx_word' id='word_1_767' title='bbox 2416 4902 2577 4957; x_wconf 89' lang='lat' dir='ltr'><strong>nobis</strong></span> <span class='ocrx_word' id='word_1_768' title='bbox 2591 4902 2899 4959; x_wconf 85' lang='lat' dir='ltr'><strong>secundum</strong></span> <span class='ocrx_word' id='word_1_769' title='bbox 2916 4904 3166 4959; x_wconf 87' lang='lat' dir='ltr'><strong>eamdem</strong></span> <span class='ocrx_word' id='word_1_770' title='bbox 3184 4905 3329 4960; x_wconf 85' lang='lat' dir='ltr'><strong>ac-Pa</strong></span> <span class='ocrx_word' id='word_1_771' title='bbox 3340 4908 3404 4960; x_wconf 82' lang='lat' dir='ltr'><strong>tri</strong></span> <span class='ocrx_word' id='word_1_772' title='bbox 3427 4922 3441 4969; x_wconf 84' lang='lat'><strong>;</strong></span> 
     </span>
    </p>
   </div>
   <div class='ocr_carea' id='block_1_108' title="bbox 1874 4988 3513 5061">
    <p class='ocr_par' dir='ltr' id='par_1_108' title="bbox 1874 4988 3513 5061">
     <span class='ocr_line' id='line_1_108' title="bbox 1874 4988 3513 5061; baseline 0.003 -18"><span class='ocrx_word' id='word_1_773' title='bbox 1874 4988 2217 5061; x_wconf 88' lang='lat' dir='ltr'><strong>impossibile</strong></span> <span class='ocrx_word' id='word_1_774' title='bbox 2249 4999 2335 5045; x_wconf 88' lang='lat' dir='ltr'><strong>est</strong></span> <span class='ocrx_word' id='word_1_775' title='bbox 2363 4991 2511 5044; x_wconf 91' lang='lat' dir='ltr'><strong>enim</strong></span> <span class='ocrx_word' id='word_1_776' title='bbox 2534 5007 2699 5047; x_wconf 89' lang='lat' dir='ltr'><strong>unam</strong></span> <span class='ocrx_word' id='word_1_777' title='bbox 2731 4994 3115 5049; x_wconf 25' lang='lat' dir='ltr'><strong>substantiam,</strong></span> <span class='ocrx_word' id='word_1_778' title='bbox 3146 5008 3242 5047; x_wconf 89' lang='lat' dir='ltr'><strong>seu</strong></span> <span class='ocrx_word' id='word_1_779' title='bbox 3278 5004 3442 5048; x_wconf 84' lang='lat' dir='ltr'><strong>natn-</strong></span> <span class='ocrx_word' id='word_1_780' title='bbox 3512 4992 3513 4995; x_wconf 58' lang='grc'><em>“</em></span> 
     </span>
    </p>
   </div>
   <div class='ocr_carea' id='block_1_109' title="bbox 1874 5081 3441 5151">
    <p class='ocr_par' dir='ltr' id='par_1_109' title="bbox 1874 5081 3441 5151">
     <span class='ocr_line' id='line_1_109' title="bbox 1874 5081 3441 5151; baseline 0.003 -16"><span class='ocrx_word' id='word_1_781' title='bbox 1874 5095 1990 5135; x_wconf 90' lang='lat' dir='ltr'><strong>ram</strong></span> <span class='ocrx_word' id='word_1_782' title='bbox 2012 5081 2537 5136; x_wconf 87' lang='lat' dir='ltr'><strong>consubstantialem</strong></span> <span class='ocrx_word' id='word_1_783' title='bbox 2554 5098 2676 5138; x_wconf 90' lang='lat' dir='ltr'><strong>esse</strong></span> <span class='ocrx_word' id='word_1_784' title='bbox 2692 5085 2805 5140; x_wconf 85' lang='lat' dir='ltr'><strong>Deo</strong></span> <span class='ocrx_word' id='word_1_785' title='bbox 2817 5094 2873 5139; x_wconf 92' lang='lat' dir='ltr'><strong>et</strong></span> <span class='ocrx_word' id='word_1_786' title='bbox 2899 5085 3245 5151; x_wconf 87' lang='lat' dir='ltr'><strong>hominibus;</strong></span> <span class='ocrx_word' id='word_1_787' title='bbox 3270 5085 3363 5139; x_wconf 83' lang='lat' dir='ltr'><strong>sed</strong></span> <span class='ocrx_word' id='word_1_788' title='bbox 3388 5088 3441 5141; x_wconf 87' lang='lat' dir='ltr'><strong>in</strong></span> 
     </span>
    </p>
   </div>
   <div class='ocr_carea' id='block_1_110' title="bbox 1875 5171 3443 5243">
    <p class='ocr_par' dir='ltr' id='par_1_110' title="bbox 1875 5171 3443 5243">
     <span class='ocr_line' id='line_1_110' title="bbox 1875 5171 3443 5243; baseline 0.003 -18"><span class='ocrx_word' id='word_1_789' title='bbox 1875 5187 1982 5225; x_wconf 87' lang='lat' dir='ltr'><strong>una</strong></span> <span class='ocrx_word' id='word_1_790' title='bbox 2016 5171 2296 5242; x_wconf 83' lang='lat' dir='ltr'><strong>hypostasi</strong></span> <span class='ocrx_word' id='word_1_791' title='bbox 2344 5172 2467 5227; x_wconf 66' lang='lat' dir='ltr'><strong>duae</strong></span> <span class='ocrx_word' id='word_1_792' title='bbox 2521 5180 2734 5228; x_wconf 76' lang='lat' dir='ltr'><strong>naturae</strong></span> <span class='ocrx_word' id='word_1_793' title='bbox 2778 5181 3157 5243; x_wconf 77' lang='lat' dir='ltr'><strong>agnoscuntur</strong></span> <span class='ocrx_word' id='word_1_794' title='bbox 3208 5189 3443 5243; x_wconf 68' lang='lat' dir='ltr'><strong>quarum.</strong></span> 
     </span>
    </p>
   </div>
   <div class='ocr_carea' id='block_1_111' title="bbox 1875 5262 3439 5333">
    <p class='ocr_par' dir='ltr' id='par_1_111' title="bbox 1875 5262 3439 5333">
     <span class='ocr_line' id='line_1_111' title="bbox 1875 5262 3439 5333; baseline 0.003 -18"><span class='ocrx_word' id='word_1_795' title='bbox 1875 5278 1981 5316; x_wconf 88' lang='lat' dir='ltr'><strong>una</strong></span> <span class='ocrx_word' id='word_1_796' title='bbox 2006 5262 2316 5317; x_wconf 88' lang='lat' dir='ltr'><strong>communis</strong></span> <span class='ocrx_word' id='word_1_797' title='bbox 2346 5270 2433 5317; x_wconf 88' lang='lat' dir='ltr'><strong>est</strong></span> <span class='ocrx_word' id='word_1_798' title='bbox 2466 5278 2591 5317; x_wconf 91' lang='lat' dir='ltr'><strong>cum</strong></span> <span class='ocrx_word' id='word_1_799' title='bbox 2617 5263 2795 5329; x_wconf 84' lang='lat' dir='ltr'><strong>Patre,</strong></span> <span class='ocrx_word' id='word_1_800' title='bbox 2826 5264 3107 5333; x_wconf 86' lang='lat' dir='ltr'><strong>alteraque</strong></span> <span class='ocrx_word' id='word_1_801' title='bbox 3133 5263 3439 5320; x_wconf 85' lang='lat' dir='ltr'><strong>nobiscum.</strong></span> 
     </span>
    </p>
   </div>
   <div class='ocr_carea' id='block_1_112' title="bbox 1873 5340 3443 5422">
    <p class='ocr_par' dir='ltr' id='par_1_112' title="bbox 1873 5340 3443 5422">
     <span class='ocr_line' id='line_1_112' title="bbox 1873 5340 3443 5422; baseline 0.001 -13"><span class='ocrx_word' id='word_1_802' title='bbox 1873 5354 1944 5409; x_wconf 89' lang='lat' dir='ltr'><strong>Ut</strong></span> <span class='ocrx_word' id='word_1_803' title='bbox 1967 5364 2150 5410; x_wconf 85' lang='lat' dir='ltr'><strong>autem</strong></span> <span class='ocrx_word' id='word_1_804' title='bbox 2176 5353 2364 5409; x_wconf 86' lang='lat' dir='ltr'><strong>sciatis</strong></span> <span class='ocrx_word' id='word_1_805' title='bbox 2386 5369 2551 5422; x_wconf 89' lang='lat' dir='ltr'><strong>quam</strong></span> <span class='ocrx_word' id='word_1_806' title='bbox 2593 5354 3001 5409; x_wconf 79' lang='lat' dir='ltr'><strong>confessionem</strong></span> <span class='ocrx_word' id='word_1_807' title='bbox 3048 5340 3317 5415; x_wconf 82' lang='lat' dir='ltr'><strong>tenentes.</strong></span> <span class='ocrx_word' id='word_1_808' title='bbox 3356 5370 3443 5412; x_wconf 79' lang='lat' dir='ltr'><strong>ca-</strong></span> 
     </span>
    </p>
   </div>
   <div class='ocr_carea' id='block_1_113' title="bbox 1875 5444 3442 5515">
    <p class='ocr_par' dir='ltr' id='par_1_113' title="bbox 1875 5444 3442 5515">
     <span class='ocr_line' id='line_1_113' title="bbox 1875 5444 3442 5515; baseline 0.001 -14"><span class='ocrx_word' id='word_1_809' title='bbox 1875 5447 2095 5501; x_wconf 64' lang='lat' dir='ltr'><strong>tholicae</strong></span> <span class='ocrx_word' id='word_1_810' title='bbox 2118 5455 2175 5501; x_wconf 92' lang='lat' dir='ltr'><strong>et</strong></span> <span class='ocrx_word' id='word_1_811' title='bbox 2199 5446 2514 5514; x_wconf 70' lang='lat' dir='ltr'><strong>apostolicae</strong></span> <span class='ocrx_word' id='word_1_812' title='bbox 2541 5446 2800 5501; x_wconf 63' lang='lat' dir='ltr'><strong>Ecclesiae</strong></span> <span class='ocrx_word' id='word_1_813' title='bbox 2831 5444 3213 5515; x_wconf 87' lang='lat' dir='ltr'><strong>obsequimur,</strong></span> <span class='ocrx_word' id='word_1_814' title='bbox 3240 5460 3360 5501; x_wconf 87' lang='lat' dir='ltr'><strong>eam</strong></span> <span class='ocrx_word' id='word_1_815' title='bbox 3387 5448 3442 5503; x_wconf 81' lang='lat' dir='ltr'><strong>in</strong></span> 
     </span>
    </p>
   </div>
   <div class='ocr_carea' id='block_1_114' title="bbox 1873 5534 3442 5609">
    <p class='ocr_par' dir='ltr' id='par_1_114' title="bbox 1873 5534 3442 5609">
     <span class='ocr_line' id='line_1_114' title="bbox 1873 5534 3442 5609; baseline 0.001 -17"><span class='ocrx_word' id='word_1_816' title='bbox 1873 5539 2153 5608; x_wconf 83' lang='lat' dir='ltr'><strong>capitibus</strong></span> <span class='ocrx_word' id='word_1_817' title='bbox 2178 5538 2424 5592; x_wconf 87' lang='lat' dir='ltr'><strong>breviter</strong></span> <span class='ocrx_word' id='word_1_818' title='bbox 2450 5544 2789 5607; x_wconf 82' lang='lat' dir='ltr'><strong>exponentes</strong></span> <span class='ocrx_word' id='word_1_819' title='bbox 2833 5534 2993 5590; x_wconf 86' lang='lat' dir='ltr'><strong>vobis</strong></span> <span class='ocrx_word' id='word_1_820' title='bbox 3025 5544 3188 5607; x_wconf 88' lang='lat' dir='ltr'><strong>atque</strong></span> <span class='ocrx_word' id='word_1_821' title='bbox 3216 5552 3316 5609; x_wconf 83' lang='lat' dir='ltr'><strong>per</strong></span> <span class='ocrx_word' id='word_1_822' title='bbox 3346 5554 3442 5594; x_wconf 70' lang='lat' dir='ltr'><strong>vos</strong></span> 
     </span>
    </p>
   </div>
   <div class='ocr_carea' id='block_1_115' title="bbox 1870 5625 3443 5699">
    <p class='ocr_par' dir='ltr' id='par_1_115' title="bbox 1870 5625 3443 5699">
     <span class='ocr_line' id='line_1_115' title="bbox 1870 5625 3443 5699; baseline 0.001 -15"><span class='ocrx_word' id='word_1_823' title='bbox 1870 5629 1983 5684; x_wconf 83' lang='lat' dir='ltr'><strong>illis</strong></span> <span class='ocrx_word' id='word_1_824' title='bbox 2024 5629 2114 5699; x_wconf 85' lang='lat' dir='ltr'><strong>qui</strong></span> <span class='ocrx_word' id='word_1_825' title='bbox 2158 5628 2520 5683; x_wconf 84' lang='lat' dir='ltr'><strong>monasticam</strong></span> <span class='ocrx_word' id='word_1_826' title='bbox 2548 5628 2719 5682; x_wconf 82' lang='lat' dir='ltr'><strong>‘vitam</strong></span> <span class='ocrx_word' id='word_1_827' title='bbox 2776 5625 3124 5684; x_wconf 69' lang='lat' dir='ltr'><strong>Alexandrim</strong></span> <span class='ocrx_word' id='word_1_828' title='bbox 3169 5627 3254 5685; x_wconf 82' lang='lat' dir='ltr'><strong>vel</strong></span> <span class='ocrx_word' id='word_1_829' title='bbox 3296 5631 3443 5685; x_wconf 71' lang='lat' dir='ltr'><strong>circa</strong></span> 
     </span>
    </p>
   </div>
   <div class='ocr_carea' id='block_1_116' title="bbox 1875 5720 3149 5788">
    <p class='ocr_par' dir='ltr' id='par_1_116' title="bbox 1875 5720 3149 5788">
     <span class='ocr_line' id='line_1_116' title="bbox 1875 5720 3149 5788; baseline -0.005 -12"><span class='ocrx_word' id='word_1_830' title='bbox 1875 5722 2022 5777; x_wconf 81' lang='lat' dir='ltr'><strong>illam</strong></span> <span class='ocrx_word' id='word_1_831' title='bbox 2061 5720 2367 5788; x_wconf 76' lang='lat' dir='ltr'><strong>amplexuri</strong></span> <span class='ocrx_word' id='word_1_832' title='bbox 2401 5729 2549 5787; x_wconf 83' lang='lat' dir='ltr'><strong>sunt,</strong></span> <span class='ocrx_word' id='word_1_833' title='bbox 2576 5720 2779 5777; x_wconf 78' lang='lat' dir='ltr'><strong>claram</strong></span> <span class='ocrx_word' id='word_1_834' title='bbox 2806 5727 3149 5776; x_wconf 54' lang='lat' dir='ltr'><strong>statuemus.</strong></span> 
     </span>
    </p>
   </div>
  </div>
