3924 6294
507 217 649 286 1148
1592 218 2034 285 JUSTINIANI

2176 221 2600 286 PERATORIS
3661 235 3803 302 1144

571 331 619 388 1.
654 332 716 390 Si
752 332 879 405 quis
906 346 1018 388 non
1046 332 1343 389 conﬁtetur
1365 340 1571 389 sanctas
1599 332 1890 388 Trinitatis
1913 346 2060 388 unan

2257 331 2336 387 A'.
2398 333 2467 386 Εἴ
2496 352 2580 398 τις
2612 335 2711 406 οὑχ
2739 335 3000 407 ὁμολογεί
3038 339 3140 410 τῆς
3181 339 3346 410 ἁγίας
3370 341 3623 411 Τριάδος
3678 346 3801 415 μίαν

505 425 898 490 substantiam,
956 423 1171 480 scilicet
1191 432 1448 481 naturam
1472 432 1530 480 et
1570 423 1922 480 divinitatem
1950 463 1967 489 ,
2027 423 2060 478 ii

2184 426 2407 493 οὑσίαν,
2440 428 2696 482 τουτέστι
2738 428 2906 499 φύσιν
2934 432 3030 486 καὶ
3056 431 3313 504 θεότητα,
3346 435 3408 488 ὲν
3436 437 3647 504 τρισὶν
3675 439 3801 490 ὑπο-

505 519 687 574 tribus
711 516 1102 588 hypostasibus
1122 518 1210 573 vel
1244 517 1520 588 personis,
1560 516 1775 573 scilicet
1813 515 1871 572 in
1897 516 2059 571 Patre

2186 517 2468 583 στάσεσιν,
2521 518 2684 589 ἧτουν
2722 519 3073 590 προσώποις,
3107 524 3247 597 ὅπερ
3285 525 3439 579 ἐστὶν
3479 529 3547 580 ὲν
3584 527 3794 599 Hart-pi,

500 618 558 667 et
601 610 761 673 Filio,
795 619 852 666 et
873 609 1090 680 Spiritu
1136 618 1334 666 sancto
1384 608 1746 674 adorandam,
1786 607 2060 663 anathem:

2182 608 2276 662 καὶ
2296 608 2539 679 Υἱῷ,καὶ
2565 611 2709 682 ἁγίῳ
2727 611 3013 685 Πνεὺματι
3036 619 3491 690 προσκυνεῖσθαι,
3519 620 3789 694 ἀνάθεμα

500 701 596 757 sit.

2180 698 2343 754 ἔστω.

568 792 634 849 Π.
675 791 734 848 Si
763 792 890 863 quis
921 792 1129 847 dixerit
1166 792 1341 848 Deum
1370 792 1614 849 Verbum
1657 791 1775 847 sive
1807 790 2060 862 Spiritun

2251 791 2330 848 B'.
2384 794 2454 848 Εἴ
2483 813 2570 861 τις
2599 796 2756 865 λέγει
2793 798 2887 854 τὸν
2923 800 3058 855 Θεὸν
3090 802 3265 872 Λόγον
3296 805 3332 875 ἦ
3363 805 3429 860 τὸ
3450 806 3711 878 Πνεῦμα
3742 810 3793 861 τὲ

497 893 753 942 sanctum
783 891 1103 941 creaturam
1126 899 1271 949 esse,
1299 884 1387 939 vel
1409 884 1544 941 alias
1567 883 1911 941 substantias
1932 899 2060 955 pra:-

2179 885 2336 954 ἅγιον
2389 887 2597 960 κτίσμα
2641 887 2825 955 εἶναι,
2898 892 2934 962 ἢ
2996 893 3195 967 ἑτέρας
3230 897 3426 962 οὐσίας
3474 900 3654 972 παρὰ
3702 901 3789 972 τὴν

497 989 584 1033 ter
601 977 970 1033 substantiam
996 975 1197 1042 Patris,
1227 977 1522 1031 anathema
1546 977 1639 1032 sit.
1688 1026 1695 1034 .

2177 973 2272 1029 τοῦ
2300 976 2539 1048 Πατρὸς,
2575 979 2831 1051 ἀνάθεμα
2854 981 3020 1037 ἔστω.

565 1070 657 1126 lli.
671 1068 729 1124 Si
746 1069 871 1140 quis
885 1067 1358 1124 dixeriteumdem
1375 1084 1499 1124 esse
1514 1069 1758 1134 Patrem,
1777 1077 1834 1124 et
1851 1068 2060 1134 Filium,

2247 1065 2325 1122 I".
2376 1068 2443 1121 Εί
2471 1085 2557 1132 τις
2594 1069 2688 1124 τὸν
2721 1072 2885 1126 αὑτὸν
2921 1073 3071 1144 λέγει
3110 1077 3358 1150 Πατέρα,
3385 1081 3493 1135 καὶ
3526 1082 3673 1136 Υἰδν
3704 1084 3785 1138 καὶ

494 1162 837 1232 ctSpiritum
890 1171 1164 1227 sanctum,
1214 1177 1378 1215 unam
1424 1176 1720 1231 personam
1757 1175 2060 1232 supponen:

2177 1157 2333 1227 ἅγιον
2369 1159 2622 1228 Πνεῦμα,
2657 1159 2716 1216 ἓν
2764 1164 3066 1234 πρόσωπον
3104 1168 3470 1243 πολυώνυμον
3519 1175 3779 1229 ὑποτιθέ-

494 1254 754 1324 pluribus
782 1251 1129 1319 nominibus,
1164 1264 1443 1318 unamque
1474 1249 1817 1322 hypostasim
1838 1247 1943 1304 sub
1972 1248 2060 1304 tri-

2179 1268 2344 1322 μενος
2365 1292 2381 1317 ,
2432 1254 2530 1309 καὶ
2566 1253 2696 1325 μίαν
2722 1255 3027 1312 ὑπόστασιν
3062 1260 3170 1315 ὑπὸ
3201 1263 3372 1334 τριῶν
3397 1264 3671 1337 κλήσεων
3700 1270 3779 1321 ἐκο

494 1344 604 1401 bus
628 1342 1100 1413 appellationibus
1149 1342 1485 1407 invocatam,
1525 1341 1677 1396 hunc
1707 1339 1764 1394 in
1789 1349 1945 1411 parte
1985 1338 2060 1396 Jul

2176 1344 2554 1418 φωνουμένην,
2573 1347 2668 1402 τὸν
2695 1347 2940 1404 τοιοῦτον
2971 1351 3031 1405 ἐν
3050 1355 3117 1423 τῇ
3147 1355 3329 1426 μερίδι
3356 1357 3473 1413 τῶν
3501 1360 3778 1415 Ἰουδαίων

493 1436 743 1492 decorum
770 1434 1031 1503 ponimus
1065 1441 1232 1503 atque
1263 1432 1818 1488 anathematizamus.

2176 1434 2449 1507 τάσσομεν
2478 1440 2576 1491 καὶ
2603 1437 3104 1511 ἁναθεματίζομεν.

565 1527 654 1582 ιγ.
687 1525 744 1581 Si
793 1526 921 1596 quis
953 1541 1064 1579 non
1097 1523 1392 1579 conﬁtetur
1440 1524 1607 1579 unius
1657 1538 1907 1594 personae
1948 1523 2060 1578 nni-

2243 1527 2316 1580 Δ’.
2337 1527 2502 1592 Είτις
2526 1528 2602 1601 μὴ
2617 1531 2874 1601 ὁμολογεῖ
2886 1532 2981 1587 τοῦ
2998 1534 3119 1599 ἑνὸς
3143 1536 3449 1608 προσώπου
3483 1539 3597 1593 τοῦ
3625 1558 3773 1611 μονο-

491 1618 662 1691 geniti
690 1617 816 1672 Filii
842 1616 939 1672 Dei
974 1625 1031 1672 et
1062 1615 1283 1671 Domini
1321 1614 1500 1671 nostri
1534 1614 1666 1671 Iesu
1695 1613 1902 1670 Christi
1933 1613 2060 1669 duas

2176 1619 2365 1689 γενοῦς
2377 1620 2510 1677 Υίοῦ
2530 1624 2625 1678 τοῦ
2642 1624 2780 1679 Θεοῦ
2808 1627 2906 1679 καὶ
2923 1627 3130 1698 Κυρίου
3152 1628 3310 1698 ἡμῶν
3325 1629 3513 1700 Ἰησοῦ
3537 1631 3773 1703 Χριστοῦ

492 1687 618 1768 esse
647 1709 991 1773 nativitates,
1020 1722 1187 1762 uuam
1233 1706 1561 1762 aeternitatis
1582 1720 1651 1761 ex
1673 1706 1838 1761 Patre
1865 1720 2060 1761 secun-

2176 1687 2274 1777 τὰς
2309 1713 2405 1767 δύο
2447 1716 2736 1787 γεννήσεις
2780 1687 3092 1789 ὑπάρχειν,
3310 1687 3536 1775 τε’τοῦ
3582 1687 3774 1786 αἰῶνος

491 1804 625 1861 dum
678 1801 1049 1865 divinitatem,
1086 1801 1450 1870 alteramque,
1501 1813 1625 1870 quae
1672 1797 1818 1855 facta
1877 1807 1965 1854 est
2013 1798 2060 1852 in

2176 1806 2237 1858 ὲκ
2266 1804 2363 1858 τοῦ
2391 1806 2607 1878 Πατρὺς
2651 1808 2797 1863 κατὰ
2830 1808 2929 1881 τὴν
2957 1809 3196 1883 θεότητα
3230 1812 3327 1865 καὶ
3352 1813 3459 1885 τὴν
3490 1815 3594 1866 ἐπ’
3615 1818 3771 1884 ἐσχά-

489 1893 793 1951 novissimo
833 1893 1052 1947 dierum
1084 1907 1153 1947 ex
1194 1899 1386 1946 sancta
1408 1888 1635 1961 Virgine
1662 1889 1873 1959 Deique
1900 1888 2060 1945 Matre

2176 1912 2267 1950 του
2306 1897 2416 1951 τῶν
2456 1899 2683 1972 ἡμερῶν
2726 1899 2824 1955 τοῦ
2856 1902 3023 1956 αὑτοῦ
3057 1905 3125 1957 ὲκ
3154 1906 3255 1975 τῆς
3286 1904 3460 1973 ἁγίας
3487 1906 3768 1978 Παρθένου

486 1988 661 2044 Maria
711 1987 1020 2044 secundum
1100 1986 1525 2049 humanitatem,
1603 1984 1898 2055 ipsumque
1945 1998 2060 2039 esse

2176 1990 2267 2043 καὶ
2293 1988 2562 2044 Θεοτόκου
2596 1991 2817 2062 Μαρίας
2871 1994 3016 2048 κατὰ
3061 1994 3163 2066 τὴν
3191 1996 3642 2069 ἁνθρωπὸτητα,
3684 2003 3768 2053 καὶ

490 2097 662 2137 unum
698 2088 903 2135 sancta:
932 2077 1319 2142 Trinitatis,id
1342 2085 1429 2132 est
1455 2074 1973 2147 unambypostasim
1998 2089 2060 2130 ex

2176 2081 2337 2137 αὑτὸν
2372 2078 2514 2136 εἶναι
2543 2083 2642 2137 ἕνα
2675 2084 2779 2155 τῆς
2808 2085 2971 2155 ἁγίας
2993 2087 3261 2158 Τριάδος,
3312 2091 3580 2146 τουτέστι
3646 2094 3765 2163 μξαν

487 2173 669 2228 tribus
697 2169 1107 2243 hypostasibus,
1150 2167 1445 2223 anathema
1481 2165 1574 2221 sit.

560 2266 624 2319 V.
645 2265 703 2322 Si
724 2265 851 2335 quis
903 2278 1016 2319 non
1047 2260 1346 2318 conﬁtetur
1395 2258 1497 2314 Dei
1523 2272 1646 2314 esse
1668 2258 1898 2314 Matrem
1929 2273 2066 2313 san-

486 2368 632 2416 ctam
658 2358 957 2431 gloriosam
982 2368 1313 2427 semperque
1338 2351 1621 2424 Virginem
1650 2350 1899 2415 Mariam,
1937 2365 2069 2406 ana-

488 2454 673 2509 thema
705 2452 797 2506 sit.

558 2546 651 2601 VI.
678 2544 735 2601 Si
788 2545 914 2615 quis
941 2540 1168 2596 adducit
1196 2539 1337 2595 duos
1362 2524 1529 2598 ﬁlios.
1551 2550 1722 2592 unum
1748 2535 1973 2607 quidem
2002 2553 2069 2594 ex

485 2641 602 2695 Deo
636 2648 694 2694 et
721 2638 908 2701 Patre,
973 2641 1030 2689 et
1072 2633 1312 2689 alterum
1372 2646 1443 2686 ex
1466 2629 1662 2694 Matre,
1703 2627 1819 2684 sive
1867 2625 2069 2682 dixerit

485 2729 677 2785 Jesum
709 2736 771 2783 ut
811 2724 1094 2781 hominem
1118 2722 1447 2794 inspiratum
1480 2719 1675 2786 fuisse,
1727 2717 2068 2791 gloriamque

489 2818 775 2893 Unigeniti
823 2829 950 2874 eum
979 2813 1440 2879 circumdedisse,
1494 2821 1557 2869 ut
1585 2813 1818 2869 alterum
1857 2811 1948 2867 cui
1985 2809 2067 2866 af-

456 2952 459 2957 ς
487 2913 781 2980 fuisset,eo
801 2909 967 2966 modo
982 2922 1093 2981 quo
1105 2907 1311 2965 Paulus
1334 2902 2069 2968 Samosatenus,Neslorius—

2172 2174 2471 2228 ὑπόστασιν
2495 2175 2561 2229 ὲκ
2585 2175 2696 2229 τῶν
2720 2179 2892 2247 τριῶν
2914 2180 3297 2243 ὑποστάσεων,
3320 2181 3589 2253 ἀνάθεμα
3610 2187 3762 2238 ἔστω.

2242 2267 2337 2348 E’._
2373 2267 2443 2321 Εῐ
2480 2284 2566 2331 τις
2607 2268 2709 2339 οὐχ
2742 2269 3001 2339 ὁμολογεῖ
3034 2270 3302 2327 Θεοτόκον
3344 2276 3447 2345 τὴν
3481 2278 3657 2344 ἁγίαν
3684 2280 3762 2331 ἔν-

2169 2357 2321 2427 δοξον
2351 2359 2718 2431 ἀειπάρθενον
2744 2362 2996 2433 Μαρίαν,
3028 2364 3285 2437 ἀνάθεμα
3310 2366 3483 2425 ἔστω.

2243 2541 2335 2607 εἷ’.
2360 2540 2430 2592 Εἴ
2453 2557 2537 2603 τις
2563 2539 2781 2607 είσάγει
2809 2540 2905 2595 δύο
2925 2540 3113 2606 Υίοὺς,
3143 2543 3244 2596 ἕνα
3276 2543 3374 2612 μὲν
3403 2545 3503 2598 τὸν
3532 2547 3606 2600 ἐκ
3630 2546 3756 2601 Θεοῦ

2168 2629 2266 2683 καὶ
2303 2628 2554 2700 Πατρδς,
2600 2628 2790 2700 ἕτερον
2818 2629 2875 2684 δὲ
2907 2630 3002 2685 τὸν
3033 2633 3098 2685 ὲκ
3126 2631 3231 2702 τῆς
3261 2633 3493 2705 Μητρὸς
3515 2674 3532 2695 ,
3590 2635 3629 2706 ἢ
3672 2636 3757 2690 καὶ

2166 2721 2243 2782 ὡς
2272 2720 2563 2792 ἄνθρωπον
2596 2721 2946 2792 ἐνεργεῖσθαι
2971 2723 3121 2793 λέγει
3148 2725 3240 2778 τὸν
3273 2726 3510 2795 Ἰησοῦν,
3542 2731 3646 2782 καὶ
3666 2730 3757 2799 τὴν

2166 2810 2260 2865 τοῦ
2294 2810 2641 2880 Μονογενοῦς
2674 2811 2920 2877 εὐδοξίαν
2952 2812 3265 2885 περιῆφθαι
3305 2815 3383 2881 ώς
3415 2818 3602 2890 ἑτέρῳ
3634 2821 3755 2888 παρ’

2168 2902 2334 2959 αὑτὸν
2378 2902 2724 2976 ὑπάρχοντι,
2778 2904 3034 2977 καθάπερ
3075 2906 3363 2972 Παῦλοςὸ
3396 2909 3755 2981 Σαμοσατεῦς

485 3021 596 3078 que
625 3005 1033 3078 blasphemant,
1056 3001 1153 3059 sed
1187 3016 1301 3057 non
1334 3014 1509 3055 unum
1545 2995 1912 3065 eumdemque
1939 3009 2060 3050 esse

2176 2996 2265 3051 καὶ
2294 2997 2595 3069 Νεστόριος
2623 2996 3043 3067 βλασφημοῦσιν
3068 3038 3082 3061 ,
3135 2999 3255 3054 ἁλλ’
3286 3001 3385 3071 οὑχ
3408 3002 3512 3055 ἕνα
3539 3004 3644 3057 καὶ
3674 3005 3755 3056 τὸν

485 3098 782 3155 conﬁtetur
814 3097 1014 3153 Filium
1073 3093 1420 3166 unigenitum
1466 3091 1641 3146 Deum
1676 3088 1922 3145 Verbum
1954 3086 2064 3143 Do-

483 3190 701 3245 minum
728 3188 916 3246 Jesum
945 3186 1252 3251 Christum,
1306 3180 1631 3254 hujusmodi
1690 3179 1760 3235 ab
1808 3179 2065 3235 omnibus

483 3279 818 3336 Christianis
839 3275 1360 3332 anathematizetur.

555 3370 669 3425 Vll.
703 3369 761 3423 Si
808 3367 938 3437 quis
965 3365 1167 3421 dixerit
1190 3364 1351 3435 quasi
1383 3378 1485 3433 per
1529 3364 1780 3419 canalem
1821 3362 2064 3433 Virginis

486 3461 773 3523 transisse,
801 3458 899 3514 sed
949 3472 1064 3512 non
1112 3457 1169 3511 in
1202 3472 1267 3512 ea
1296 3455 1591 3511 formatum
1647 3453 1841 3520 fuisse,
1872 3453 2064 3508 divino

485 3554 651 3611 simul
675 3567 740 3609 ac
771 3552 1016 3607 humano
1041 3549 1226 3614 modo,
1275 3547 1468 3605 divino
1509 3547 1736 3618 quidem
1762 3546 1894 3618 quia
1944 3545 2064 3599 sine

484 3647 625 3712 viro,
655 3646 897 3700 humano
922 3657 1054 3698 vero
1079 3641 1209 3712 quia
1235 3640 1354 3712 lege
1378 3638 1788 3711 praegnationis,
1811 3638 2062 3694 similiter

484 3739 834 3796 maledictus.

554 3832 694 3889 Vill.
721 3829 928 3902 Siquis
980 3828 1199 3884 duabus
1249 3825 1506 3897 personis
1555 3822 1644 3878 vel
1675 3818 2061 3895 bypostasibus

483 3922 932 3979 tribueritverba
962 3936 1085 3991 quae
1105 3920 1365 3991 leguntur
1386 3916 1445 3973 in
1491 3915 1653 3971 libris
1705 3911 2058 3984 evangelicis,

476 4015 570 4070 vel
600 4027 723 4085 quae
766 4012 837 4070 de
862 4011 1085 4068 Christo
1121 4025 1154 4066 a
1182 4008 1390 4064 sanctis
1440 4006 1589 4062 dicta
1648 4012 1798 4071 sunt,
1851 4003 1957 4059 velv
1990 4001 2061 4057 ab

482 4106 604 4174 ipso
631 4103 701 4159 de
733 4118 816 4169 se,
843 4102 1136 4157 anathema
1166 4101 1258 4156 sit.

481 4234 491 4243 ι
555 4197 649 4252 IX.
704 4196 762 4253 Si
808 4196 935 4266 quis
980 4210 1090 4250 non
1145 4194 1444 4252 conﬁtetur
1487 4191 1799 4249 divinitatis
1849 4186 2058 4245 Christi

482 4302 648 4342 unam
677 4301 802 4341 esse
859 4284 1199 4356 hypostasim
1240 4300 1337 4341 seu
1370 4298 1536 4340 uuam
1572 4294 1888 4357 personam,
1924 4294 2060 4334 ana-

482 4380 669 4435 thema
696 4379 790 4435 sit.

551 4469 621 4524 X.
656 4469 713 4525 Si
738 4468 866 4539 quis
888 4468 1028 4524 duas
1053 4477 1279 4524 naturas
1308 4467 1585 4538 Uuigeniti
1630 4466 1803 4524 fuisse
1848 4466 2056 4531 dixerit

481 4569 612 4616 ante
635 4561 921 4625 unionem,
960 4574 1126 4614 unam
1146 4575 1281 4615 vero
1313 4567 1437 4630 post
1463 4559 1747 4621 unionem,
1791 4558 2055 4613 divinita-

411 4696 417 4701 .
485 4652 557 4707 tis
585 4650 878 4721 carnisque
896 4649 1073 4721 ipsius
1095 4658 1346 4709 naturam
1380 4649 1624 4714 ﬁnxerit,
1642 4648 1938 4705 anathema
1958 4648 2050 4705 sit.

552 4740 644 4796 XI.
679 4738 736 4795 Si
778 4738 907 4810 quis
934 4754 1047 4794 non
1090 4738 1387 4795 conﬁtetur
1426 4737 1566 4795 duas
1623 4748 1852 4795 naturas
1907 4738 2053 4794 divi-

482 4830 670 4885 nitatis
706 4844 772 4884 ac
825 4827 1189 4883 humanitatis
1222 4828 1279 4883 in
1312 4842 1476 4882 unam
1538 4828 1877 4900 hypostasim
1922 4842 2055 4883 con-

422 4934 429 4939 '
482 4921 745 4987 currisse,
777 4936 948 4975 unum
970 4919 1250 4976 Christum
1295 4918 1606 4991 perfectum
1658 4918 1850 4984 fuisse,
1886 4928 2054 4988 atque

482 5014 538 5066 in
579 5011 847 5067 ambabus
868 5010 1084 5066 naturis
1105 5010 1414 5067 iuconl‘usis
1439 5010 1851 5080 individuisque
1871 5009 2053 5079 ipsum

481 5104 724 5177 agnosci,
746 5104 899 5173 juxta
930 5101 1075 5173 quod
1107 5100 1412 5171 perfectum
1444 5101 1501 5156 in
1532 5099 1879 5155 humanitate
1897 5113 2053 5153 eum-

480 5197 606 5252 dem
626 5194 975 5258 conﬁtemur,
1003 5191 1168 5248 unius
1205 5190 1372 5246 etiam
1403 5190 1761 5261 ejusdemque
1783 5186 2052 5244 miracula

476 5301 600 5344 esse
626 5286 926 5350 credimus,
961 5283 1251 5339 anathema
1277 5282 1370 5337 sit.

546 5465 675 5523 Haec
723 5476 854 5523 sunt
904 5480 1029 5536 quae
1081 5458 1265 5516 divina
1293 5457 1576 5529 Scriptura
1626 5455 1807 5511 edocti
1836 5471 2046 5512 sumus.

473 5555 607 5609 llaec
657 5562 781 5611 sunt
836 5555 1093 5612 Ecclesia:
1131 5549 1419 5607 catholicae.
1467 5548 1744 5618 dogmata.
1780 5548 1874 5602 lla:
1922 5556 2051 5603 sunt

496 5645 806 5700 traditiones
854 5644 1099 5709 Patrum,
1132 5642 1419 5697 hominum
1445 5655 1545 5710 pro
1577 5639 1808 5696 diversis
1840 5648 2049 5711 tempo-

2165 3088 2330 3142 αὑτὸν
2378 3089 2636 3159 ὁμολογεῖ
2681 3090 2811 3144 Υἱδν
2859 3091 3129 3163 μονογενῆ
3170 3091 3308 3147 Θεὸν
3338 3096 3517 3162 Λόγον
3552 3096 3754 3167 Κύριον

2178 3177 2386 3251 Ἰησοῦν
2431 3181 2704 3251 Χριστὸν,
2760 3184 2789 3237 ὁ
2838 3183 3086 3248 τοιοῦτος
3141 3184 3297 3256 παρὰ
3343 3186 3573 3240 πάντων
3616 3190 3748 3260 Χρι-

2167 3272 2401 3327 στιανῶν
2433 3273 2952 3345 ἁναθεματιζὲσθω.

2234 3365 2309 3418 Z'.
2371 3364 2441 3417 Εῖ
2483 3381 2568 3428 τις
2617 3365 2695 3430 ὼς
2740 3365 2832 3420 διὰ
2874 3365 3121 3436 σωλῆνος
3165 3367 3266 3437 τῆς
3307 3367 3599 3438 Παρθένου
3640 3370 3749 3424 δια-

2163 3452 2396 3524 δραμεῖν
2416 3492 2432 3518 ,
2484 3454 2625 3509 ἁλλὰ
2656 3454 2732 3527 μὴ
2763 3456 2822 3510 ὲν
2847 3457 2988 3529 αὑτῇ
3016 3457 3422 3512 διαπεπλάσθαι
3450 3459 3632 3528 λέγει,
3666 3461 3747 3513 θε-

2162 3543 2298 3609 ἳκῶς
2324 3562 2385 3598 τε
2416 3544 2535 3617 ἁμα
2564 3546 2663 3600 καὶ⁵
2688 3546 3073 3618 ἀνθρωπίνως,
3110 3548 3312 3612 θεῖκῶς
3342 3548 3445 3619 μὲν
3476 3552 3561 3604 ὅτι
3587 3552 3747 3621 χωρξ

2162 3634 2392 3705 ἀνδρὸς,
2440 3635 2809 3708 ἀνθρωπίνως
2832 3637 2889 3692 δὲ
2916 3639 3000 3692 ὅτι
3030 3640 3184 3711 νόμῳ
3209 3640 3505 3712 κυήσεως,
3549 3643 3747 3713 ὁμοίως

2162 3723 2339 3787 ἄθεος.

2234 3814 2318 3870 H'.
2375 3815 2444 3869 Εἴ
2483 3833 2570 3881 τις
2615 3816 2937 3889 προσώποις
2977 3819 3162 3885 δυσὶν,
3207 3822 3327 3891 ἦτοι
3358 3822 3739 3883 ὑποστάσεσιν,

2162 3907 2263 3972 τὰς
2312 3908 2373 3961 ὲν
2419 3910 2536 3973 τοῖς
2584 3909 2974 3995 ειὺαγγελικοῖς
3020 3912 3460 3984 συγγράμμασιν
3505 3915 3737 3986 διανέμει

2164 3999 2379 4072 φωνὰς.
2428 4000 2462 4071 ἢ
2507 4000 2602 4055 ἐπὶ
2639 4002 2865 4071 Χριστῷ
2898 4003 3053 4075 παρὰ
3080 4004 3191 4058 τῶν
3221 4005 3397 4074 ἁγίων
3421 4006 3735 4079 λεγομένας,

2160 4093 2197 4164 ἢ
2233 4092 2365 4165 παρ’
2392 4092 2567 4147 αὑτοῦ
2601 4096 2737 4166 περὶ
2761 4094 2953 4160 αὑτοῦ,
2989 4097 3243 4169 ἀνάθεμα
3266 4097 3434 4155 ἔστω.

2233 4184 2311 4239 Θ’.
2354 4184 2425 4239 Et
2448 4202 2534 4251 τις
2563 4187 2666 4259 οὑχ
2692 4187 2952 4258 ὁμολογεῖ
2983 4189 3086 4260 τῆς
3110 4189 3371 4263 θεότητος
3400 4192 3503 4244 καὶ
3530 4192 3629 4263 τῆς
3650 4191 3732 4243 ἀνι

2164 4274 2521 4346 θρωπότητος
2554 4276 2651 4331 τοῦ
2682 4276 2925 4349 Χριστοῦ
2963 4279 3093 4351 μίαν
3118 4274 3263 4334 εἶναι
3287 4279 3391 4352 τὴν
3421 4282 3729 4343 ὑπόστασιν,

2165 4366 2282 4436 ἤτοι
2316 4364 2374 4419 ἓν
2403 4366 2719 4437 πρόσωπον,
2748 4369 3004 4442 ἀνάθεμα
3029 4370 3189 4424 ἔστω.

2226 4457 2282 4512 l'.
2314 4457 2382 4512 Εἴ
2401 4476 2485 4522 τις
2509 4457 2606 4513 δύο
2632 4458 2825 4529 φύσεις
2848 4461 2946 4514 τοῦ
2971 4461 3316 4530 Μονογενοῦς
3338 4460 3499 4532 λέγει
3523 4465 3628 4534 πρὸ
3641 4464 3732 4531 τῆς

2156 4549 2429 4614 ὲνώσεως,
2465 4551 2597 4622 μίαν
2621 4551 2680 4605 δὲ
2711 4553 2853 4624 μετὰ
2874 4552 2974 4626 τὴν
2996 4553 3214 4617 ἕνωσιν,
3240 4554 3339 4624 τῆς
3362 4554 3626 4626 θεότητος
3647 4552 3730 4607 καὶ

2154 4641 2256 4712 τῆς
2284 4642 2490 4713 σαρκὸς
2515 4642 2683 4698 αὑτοῦ
2712 4643 3264 4713 φύσινὰναπλάττει,
3296 4644 3556 4717 ἀνάθεμα
3580 4647 3725 4699 ἔστω.

2148 4794 2151 4797 λ
2222 4734 2327 4787 lA'.
2384 4734 2452 4788 Εἴ
2480 4751 2565 4798 τις
2605 4735 2705 4806 οὑχ
2730 4735 2990 4807 ὁμολογεί
3016 4737 3114 4802 τὰς
3142 4734 3240 4790 δύο
3269 4736 3467 4806 φύσεις
3498 4737 3597 4807 τῆς
3621 4737 3728 4790 θιεὸ-

2155 4840 2317 4895 τητος
2366 4824 2461 4879 καὶ
2503 4826 2606 4896 τῆς
2647 4825 3072 4898 ἀνθρωπότητος
3134 4829 3216 4891 εἰς
3265 4828 3398 4899 μίαν
3435 4828 3728 4883 ὑπόστασιν

2156 4915 2486 4987 συνδραμεῖν
2511 4954 2527 4981 ,
2580 4915 2680 4971 ἕνα
2721 4935 2782 4971 τε
2828 4919 2919 4972 τὸν
2959 4919 3199 4991 Χριστὸν
3241 4920 3609 4985 ἀποτελέσαι,
3644 4919 3729 4972 καὶ

2153 5007 2214 5059 ὲν
2246 5006 2591 5077 ἀμφοτέραις
2616 5009 2738 5073 ταῖς
2764 5008 2994 5076 φύσεσιν
3021 5010 3355 5081 ἀσυγχύτοις
3383 5013 3483 5065 καὶ
3506 5010 3729 5081 ἁδιαιρέο

2153 5111 2268 5158 τοις
2298 5095 2464 5148 αὑτὸν
2489 5097 2882 5170 γνωρίζεσθαι,
2914 5100 3037 5154 καθ’
3059 5099 3088 5154 ὃ
3118 5101 3328 5154 τέλειον
3356 5103 3418 5154 ἐν
3448 5101 3727 5173 ἀνθρωπό-

2151 5204 2276 5256 τητι
2307 5188 2399 5242 τὸν
2429 5189 2594 5243 αὑτὸν
2623 5190 3024 5262 ὁμολογοῦμεν,
3060 5190 3156 5247 καὶ
3180 5192 3301 5256 ἑνὸς
3324 5193 3427 5246 καὶ
3449 5193 3547 5246 τοῦ
3570 5192 3726 5249 αὑτοῦ

2151 5277 2220 5330 τά
2251 5277 2508 5349 θαύματα
2541 5283 2637 5336 καὶ
2665 5282 2732 5335 τά
2759 5282 2909 5355 πάθη
2932 5278 3074 5338 εἶναι
3100 5282 3463 5356 πιστεύομεν,
3486 5284 3726 5356 ἀνάθεμα

2152 5368 2312 5422 ἔστω.

2222 5458 2409 5516 Ταῦτά
2455 5464 2605 5516 ἐστιν
2665 5463 2699 5518 ἂ
2753 5465 2905 5534 παρὰ
2952 5465 3049 5535 τῆς
3094 5465 3244 5527 θείας
3289 5467 3518 5539 Γραφῆς
3563 5467 3731 5521 gazas-

2152 5550 2401 5621 χθημενο
2458 5554 2634 5606 ταῦτα
2678 5557 2779 5626 τῆς
2822 5555 3114 5628 καθολικῆς
3148 5558 3479 5629 Ἑκκλησίας
3538 5558 3609 5613 τά
3647 5558 3729 5611 δό-

2153 5660 2372 5714 γματαο
2409 5642 2563 5698 αὗται
2608 5646 2717 5699 τῶν
2760 5648 3019 5721 [lat-spur;
3064 5651 3115 5702 αί
3145 5650 3498 5722 παραδόσεις,
3534 5651 3644 5707 τῶν
3672 5668 3727 5705 τι
