3924 6294
91 233 258 298 1145

1117 233 1484 295 EPISTULA
1522 231 1962 294 DOGMATICA
2003 235 2106 296 AD
2142 235 2454 298 ZOILUM.

3273 231 3410 297 1146

84 345 261 398 ¹κατὰ.
309 344 518 416 καιρὸν
570 344 628 398 ἐν
673 344 740 414 τῇ
779 342 914 414 ἁγίᾳ
953 342 1048 396 τοῦ
1084 342 1220 397 Θεοῦ
1265 342 1566 414 Ἐκκλησία
1605 342 1722 394 δια-

1828 345 1979 400 ribus
2002 344 2062 398 in
2087 354 2277 400 sancta
2301 346 2397 400 Dei
2420 344 2667 400 Ecclesia
2689 343 3143 415 praecellentium,
3163 343 3412 397 illorum-

85 437 508 506 πρεψάντων,
563 436 658 490 καὶ
706 435 817 488 τῶν
860 438 917 488 ὲν
957 438 1080 498 ταῖς
1124 435 1310 503 ἁγίαις
1343 435 1568 504 τέτρασι
1634 450 1727 502 γε-

80 529 388 598 νομένων
438 530 702 592 συνόδοις,
734 529 844 581 τῶν
886 528 1217 597 τριακοσίων
1269 528 1403 582 δέκα
1448 528 1542 581 καὶ
1582 528 1729 580 ὀκτὼ

83 620 216 674 τῶν
269 623 339 674 ὲν
387 622 648 691 Νικαίῳ,
699 621 798 675 καὶ
839 621 952 674 τῶν
994 621 1192 674 ἑκατὸν
1235 623 1586 692 πεντήκοντα,
1617 619 1728 672 τῶν

83 713 152 764 ὲν
185 713 789 777 Κωνσταντινοπόλει,
827 714 926 766 καὶ
951 716 1059 767 τῶν
1081 715 1141 767 ὲν
1171 714 1386 785 Ἐφέσῳ
1409 712 1551 767 κατά
1576 712 1729 784 πρώ-

83 821 207 873 την
236 806 422 873 τάξιν
453 806 892 877 συνειλεγμένων
918 806 1233 872 διακοσίων,
1257 810 1352 860 καὶ
1376 806 1484 859 τῶν
1512 809 1568 860 ἐν
1589 805 1728 859 Χαλρ

87 894 313 964 κηδόνι
381 896 687 963 ἑξακοσίων
738 897 1074 968 τριάκοντα,
1128 898 1327 961 οἵτινες
1373 898 1540 968 νόμος
1574 896 1728 961 ὄντες

87 987 204 1056 τῆς
241 988 622 1058 Ἐκκλησίας,
659 990 788 1054 τοὺς
817 989 960 1044 κατά
985 990 1179 1060 καιρὸν
1206 990 1556 1060 ἀναφυέντας
1579 991 1728 1061 αἰρε-

88 1078 353 1142 τικοὺς,
415 1080 513 1132 καὶ
557 1077 627 1132 τὰ
683 1079 910 1133 ἐκείνων
960 1081 1177 1150 μυσερά
1237 1081 1489 1150 δόγματα
1526 1085 1594 1152 τῇ
1628 1080 1725 1134 τοῦ

92 1169 280 1239 ἁγίου
307 1171 464 1224 Πνεύ
474 1189 641 1242 ματος
667 1173 962 1244 συνεργείᾳ⁵
987 1173 1086 1242 τῆς
1103 1174 1428 1244 Ἐκκλησίας
1446 1173 1723 1238 ἐξέϐαλον.

93 1265 166 1314 Οἱ
218 1262 287 1314 δὲ
339 1262 451 1330 τῆς
491 1262 774 1326 εὐσεϐείας
808 1263 1014 1334 ἐχθροὶ,
1044 1264 1144 1335 τὴν
1175 1264 1484 1336 ὲπισποράν
1507 1264 1618 1317 τῶν
1643 1265 1725 1328 ζι-

94 1353 332 1416 ζανίων
386 1353 484 1407 τοῦ
526 1354 778 1406 διαϐόλου
829 1355 1186 1426 κατέχοντες,
1233 1357 1470 1419 καὶτοῖς
1498 1357 1726 1424 ἀγαθοῖς

98 1442 458 1513 σπέρμασιν
490 1441 806 1498 ἀκολουθεῖν
838 1443 915 1514 μὴ
944 1445 1282 1516 βουλόμενοι,
1315 1446 1402 1499 ἀεὶ
1427 1445 1486 1498 δὲ
1514 1463 1726 1516 προφα-

99 1533 464 1603 σιζόμενοι,
532 1536 734 1599 παντὸς
789 1537 1126 1606 ἀποροῦντες
1178 1538 1378 1607 λόγου,
1437 1539 1519 1602 είς
1565 1537 1724 1592 τοῦτο

99 1623 558 1691 καταφεύγουσι
613 1625 674 1677 τὸ
697 1626 879 1694 λέγειν
900 1629 1389 1700 πατροπαράδοτον
1413 1628 1558 1700 ἔχειν
1578 1629 1724 1683 διδα⁹

103 1712 400 1776 σκαλίαν,
447 1715 543 1766 καὶ
576 1713 782 1786 ταύτην
811 1716 1101 1771 ἀπολιπεῖν
1133 1719 1208 1790 μὴ
1235 1718 1520 1787 δύνασθαι,
1551 1721 1725 1773 πατέ-

106 1822 218 1870 ρας
249 1805 510 1874 ἔχοντες,
556 1807 606 1859 οἱ
650 1807 749 1877 μὲν
794 1809 902 1862 ἀπὸ
931 1810 1232 1881 Νεστορίου
1274 1811 1489 1865 Παῦλόν
1515 1831 1597 1878 τε,
1635 1813 1730 1867 καὶ

101 1896 442 1960 Φωτεινον,
496 1897 592 1950 καὶ
640 1898 1002 1968 Μάρκελλον,
1061 1903 1159 1953 κα)⁸
1209 1902 1338 1965 τοὺς
1384 1901 1455 1955 τά
1503 1903 1729 1957 ἐκείνων

106 1974 558 2056 φρονήσαντας·
589 1990 637 2040 οἱ
664 1988 720 2040 δὲ
749 1989 1042 2058 Ἀκέφαλοι
1070 1991 1321 2062 Εὐτυχέα
1347 2009 1430 2054 τε,
1461 1993 1555 2046 καλ⁷
1575 1993 1731 2046 Διόσ-

105 2097 319 2148 κορον,
357 2080 460 2132 καὶ
489 2081 759 2148 Τιμόθεον
788 2081 879 2136 τὸν
905 2083 1190 2154 Ατλουρον,
1222 2085 1314 2138 καὶ
1339 2085 1465 2147 τοὺς
1493 2085 1562 2138 τὰ
1583 2085 1729 2138 ἐκεί-

107 2187 229 2221 νων
256 2170 687 2240 φρονήσαντας’
717 2171 766 2224 οἳ
791 2175 855 2244 τῇ
873 2174 1278 2244 Ἀπολιναρίου,
1306 2174 1401 2229 καὶ
1417 2176 1725 2247 Μανιχαίου

109 2264 217 2316 καὶ
277 2262 618 2317 Βαλεντίνου
675 2265 844 2338 μανίᾳ
901 2265 1336 2339 ἠκολουθηκότες
1383 2268 1725 2340 ἐδείχθησαν.

111 2356 184 2410 Οἱ
213 2351 319 2410 οὖν
358 2355 542 2410 ταῦτα
565 2357 819 2427 λέγοντες
840 2401 858 2426 ,
909 2359 1026 2424 πῶς
1063 2361 1355 2426 Ἰουδαίους
1382 2379 1442 2414 τε
1478 2363 1574 2416 καὶ
1598 2364 1726 2416 Ἔλ-

109 2447 300 2517 ληνας
327 2448 478 2519 πρὸς
498 2449 930 2519 Χριστιανισμὸν
949 2451 1280 2523 ὁδηγήσουσι
1319 2452 1416 2517 ,τά
1440 2455 1728 2526 παραπλή-

117 2557 220 2595 σια.
270 2540 507 2604 τούτοις
549 2542 988 2613 προϐαλλόμενοι
1030 2545 1129 2597 καὶ
1159 2545 1436 2613 λέγοντες,
1473 2547 1532 2599 οὐ
1565 2547 1726 2617 μόνον

115 2632 658 2704 πατροπαράδοτον,
692 2633 831 2687 ἀλλά
860 2636 956 2688 καὶ
986 2635 1171 2706 πολλῷ
1197 2637 1403 2691 τούτων
1429 2638 1725 2692 παλαιοτέ-

119 2741 228 2791 ραν
278 2723 600 2792 κεκτῆσθαι
648 2724 749 2794 τὴν
791 2725 1081 2791 ἀσέϐειαν;
1134 2725 1298 2779 Ὅθεν
1338 2727 1726 2800 προτρέπομεν

116 2813 224 2884 τὴν
259 2814 554 2884 ὑμετέραν
584 2809 867 2884 θεοφιλίαν
909 2816 1393 2890 διαμαρτύρασθαι
1426 2820 1604 2874 πάντα
1630 2820 1724 2873 ἇν-

117 2904 363 2974 θρωπον
416 2905 758 2975 φοϐούμενον
804 2907 897 2961 τὸν
945 2907 1191 2979 Κύριον,
1244 2911 1339 2962 καὶ
1376 2909 1556 2982 κρίσιν
1585 2909 1722 2963 Θεοῦ

1831 453 1939 508 que
1967 438 2023 492 in
2085 449 2326 507 quatuor
2373 437 2625 492 conciliis
2673 435 2880 492 sanctis
2927 442 3408 506 congregatorum,

1834 539 2210 586 trecentorum
2268 528 2461 584 decem
2517 536 2574 583 et
2621 538 2745 584 octo
2798 529 2856 583 in
2908 528 3155 592 Nic-aeno,
3187 537 3409 582 centum

1831 623 2232 694 quinquaginta
2257 621 2316 675 in
2352 620 2990 690 Constantinopolitano,
3042 619 3408 674 ducentorum

1829 712 2011 784 prima
2065 711 2313 767 sessione
2356 711 2413 764 in
2472 709 2774 780 Ephesiae,
2815 720 3313 778 sexcentorumque
3356 717 3413 763 et

1833 805 2052 876 triginta
2083 807 2141 859 in
2189 802 2650 867 Chalcedonensi,
2681 801 2928 872 quicum
2957 802 3070 856 sint
3117 812 3313 856 norma
3350 800 3411 871 (ι.

1829 898 1950 969 Dei)
1982 897 2267 963 Ecclesiae,
2293 894 2531 951 diversis
2554 894 2901 964 temporibus
2941 901 3274 963 apparentes
3299 893 3413 946 has-

1830 987 2056 1053 reticos,
2084 1002 2390 1056 eorumque
2425 985 2595 1055 impia
2645 985 2924 1056 dogmata,
2952 985 3250 1056 adjuvante
3280 981 3410 1052 Spi-

1829 1077 1938 1130 ritu
1983 1086 2195 1140 sancto,
2254 1075 2323 1128 ab
2379 1075 2629 1129 Ecclesia
2684 1075 2995 1145 eiecerunt.
3045 1073 3245 1128 Hostes
3275 1088 3411 1127 vero

1827 1166 2133 1238 religionis,
2164 1166 2501 1222 zizaniorum
2533 1181 2722 1221 semen
2753 1166 3092 1220 diabolicum
3115 1165 3408 1225 habentes,
3497 1193 3506 1200 -

1826 1275 1931 1315 nec
1965 1261 2130 1314 bonis
2156 1258 2462 1313 seminibus
2490 1258 2723 1328 obsequi
2765 1257 3034 1320 volentes,
3069 1270 3288 1326 semper
3313 1271 3412 1309 au-

1827 1359 1938 1405 tem
1960 1365 2156 1405 causas
2188 1349 2483 1419 ﬁngentes,
2512 1362 2705 1402 omnes
2728 1346 2972 1401 rationes
3012 1345 3410 1415 despicientes.

1827 1441 1883 1498 in
1915 1444 2021 1498 hoc
2051 1441 2380 1514 confugiunt
2405 1451 2466 1496 ut
2497 1441 2684 1497 dicant
2713 1455 2771 1494 se
2799 1439 3054 1494 traditam
3081 1455 3111 1493 a
3149 1437 3410 1493 Patribus

1826 1534 2032 1590 habere
2059 1533 2388 1597 doctrinam,
2422 1547 2606 1602 neque
2631 1531 2782 1584 illam
2808 1529 3196 1598 derelinquere
3219 1542 3407 1598 posse,

1827 1630 1959 1685 dum
1993 1629 2185 1683 Patres
2201 1627 2433 1692 habent,
2470 1625 2564 1680 alii
2594 1639 2624 1678 a
2655 1622 2932 1688 Nestorio,
2979 1617 3236 1686 Paulum,
3267 1616 3412 1674 Pho-

1831 1724 2032 1785 tinum,
2061 1721 2378 1776 Marcellum
2409 1718 2726 1787 similiaque
2763 1717 3087 1786 opinantes;
3147 1711 3410 1781 Acephali

1827 1831 1961 1872 vero
2017 1815 2346 1886 Eutychem,
2409 1813 2760 1876 Dioscorum,
2815 1809 3171 1864 Timotheum
3225 1803 3410 1858 Felem

1828 1908 2142 1977 similiaque
2177 1907 2504 1976 opinantes;
2538 1903 2632 1958 alii
2671 1911 2856 1957 autem
2913 1895 3260 1969 Apollinarii,
3293 1894 3410 1948 Ma-

1825 1999 2026 2055 nichaei
2050 1998 2439 2068 Valentinique
2473 1995 2702 2051 insaniae
2718 1994 3090 2062 obsequentes
3114 1988 3228 2042 noti
3257 1995 3407 2041 sunt.

1826 2093 1930 2159 Qui
1954 2093 2120 2163 igitur
2153 2091 2228 2146 ita
2271 2090 2484 2151 dicunt,
2519 2086 2799 2157 quomodo
2826 2083 3048 2140 Judzeos
3073 2082 3408 2148 Graecosque

1827 2184 1896 2239 ad
1916 2183 2401 2239 Christianismum
2430 2179 2731 2242 adducent,
2760 2177 2847 2232 his
2895 2174 3096 2230 similia
3122 2171 3410 2242 proferen-

1829 2283 1912 2327 tes
1947 2280 2111 2341 atque
2140 2278 2453 2325 asserentes
2487 2284 2597 2322 non
2636 2266 2801 2320 modo
2848 2281 2879 2320 a
2928 2262 3192 2319 Patribus
3239 2257 3412 2313 tradi-

1829 2373 1960 2428 tam,
1991 2364 2086 2418 sed
2127 2363 2292 2417 etiam
2325 2363 2500 2415 multo
2542 2360 2654 2414 illis
2698 2357 3075 2427 antiquiorem
3107 2367 3264 2407 suam
3302 2351 3408 2404 im-

1825 2448 2091 2524 pietatem
2121 2452 2353 2508 tenere?
2402 2451 2560 2506 Unde
2605 2449 2935 2503 charilatem
2983 2452 3226 2500 vestram
3279 2440 3412 2494 hor-

1827 2554 2010 2600 tamur
2053 2555 2115 2598 ut
2146 2541 2508 2598 obtestcmini
2539 2542 2860 2612 quicunque
2892 2538 3054 2593 timet
3082 2535 3406 2593 Dominum,

1824 2641 2035 2709 Deique
2068 2637 2370 2692 imminens
2402 2635 2703 2706 judicium,
2736 2649 2806 2688 ne
2843 2629 3117 2687 doctrinis
3147 2626 3316 2682 variis
3349 2631 3409 2679 et

1825 2727 2136 2800 peregrinis
2168 2725 2537 2788 abducantur,
2593 2723 2692 2778 sed
2723 2737 2914 2777 veram
2969 2716 3409 2773 immaculatam-

1825 2837 1934 2891 que
1966 2820 2127 2874 ﬁdem
2156 2817 2360 2882 edocti,
2385 2824 2686 2872 accurrant
2714 2815 2781 2870 ad
2819 2819 3065 2869 sanctam
3090 2809 3189 2864 Dei
3214 2808 3406 2863 catho-

1825 2911 1995 2965 licam
2030 2918 2086 2964 et
2115 2907 2471 2978 apostolicam
2509 2905 2843 2970 Ecclesiam,
2875 2903 3056 2972 inqua
3087 2901 3278 2957 eadem
3310 2913 3411 2968 per

117 2993 512 3064 ἀναμένοντα,
541 2994 1094 3072 διδαχαῖςςποικίλαις
1120 3000 1214 3051 καὶ
1238 2998 1419 3065 ξέναις
1445 3000 1519 3071 μὴ
1545 3018 1723 3072 παρα-

1828 3004 2150 3058 universum
2210 3001 2400 3054 orbem
2467 3016 2497 3052 a
2543 2998 2642 3053 Dei
2698 2995 3085 3052 sacerdotibus
3147 2991 3410 3048 doctrina

119 3087 416 3158 φέρεσθαι
435 3127 450 3152 ,
499 3087 637 3143 ἀλλά
666 3088 1091 3160 διδασκομένους
1120 3091 1218 3162 τὴν
1244 3091 1413 3177 ὀρθὴν
1445 3094 1538 3147 καὶ
1563 3093 1722 3162 ἀμώ-

1832 3093 2135 3167 apostolica
2173 3083 2527 3160 pradicatur.

127 3198 314 3253 μητον
351 3182 576 3247 πίστιν,
615 3183 979 3257 προστρέχειν
1010 3186 1077 3257 τῇ
1146 3187 1279 3260 ἁγία
1324 3172 1440 3241 ¹τοῦ
1503 3189 1639 3243 Θεοῦ
1671 3191 1934 3261 καθολικῇ
1987 3190 2082 3242 καὶ
2122 3184 2460 3254 ἀποστολικῇ
2512 3180 2852 3252 Ἐκκλησία,
2907 3179 2964 3231 ὲν
3001 3170 3035 3252 ᾖ
3089 3170 3402 3245 συμφώνως

121 3282 278 3336 κατὰ
334 3275 524 3337 πᾶσαν
567 3275 666 3354 τὴν
708 3278 1041 3350 οἰκουμένην
1088 3279 1242 3351 παρά
1289 3279 1401 3332 τῶν
1445 3281 1539 3332 τοῦ
1583 3279 1720 3335 Θεοῦ
1759 3284 1953 3352 ἱερέων
1982 3283 2016 3352 ἡ
2043 3277 2385 3349 ἀποστολικὴ
2409 3273 2734 3331 διδασκαλία
2763 3270 3120 3344 κηρύττεται.

475 3633 1271 3728 ΙΟΥΣΤΙΝΙΑΝΟΥ
1341 3641 1569 3728 ΤΟΥ
1641 3630 2494 3727 ΕΥΣΕΒΕΣΤΑΤΟΥ
2571 3622 3107 3720 ΒΑΣΙΛΕΩΣ

309 3809 411 3865 ΕΚ
442 3813 576 3868 ΤΗΣ
613 3813 793 3872 ΠΡΟΣ
823 3819 1074 3874 ΖΩΙΛΟΝ
1115 3821 1254 3874 ΤΟΝ
1282 3819 1670 3874 ΑΓΙΩΤΑΤΟΝ
1714 3821 1723 3872 l

1828 3815 2171 3872 I‘PIAPXHN
2205 3814 2726 3871 ΑΛΕΞΑΝΔΡΕΙΑΣ
2773 3788 3244 3867 aorMATmHs'

1507 3915 1895 3971 EHIZTOAIIE
1937 3914 2035 3985 (ι).

676 4225 1376 4314 JUSTINIANI
1457 4227 1957 4315 PIISSIMI
2036 4221 2860 4314 IMPERATORIS

343 4413 458 4475 EX
499 4414 894 4477 EPISTOLA
948 4415 1431 4478 DOGMATICA
1485 4417 1597 4476 AD
1643 4417 1950 4478 ZOlLUM
2003 4415 2558 4477 ALEXANDRIZE
2609 4411 3205 4477 SANCTISSIMUM

1477 4518 2093 4579 PATBIARCHAM.

746 4679 852 4751 (Ex
882 4679 1144 4735 Thesauro
1182 4679 1390 4736 Nicetae
1419 4680 1859 4751 Chroniataa,ap.
1889 4680 2012 4749 MAI,
2050 4679 2234 4752 Spicil.
2274 4681 2427 4735 Rom.
2459 4690 2495 4736 t.
2534 4681 2622 4749 ιγ,
2655 4681 2805 4754 468.)

1753 4837 1822 4854 ’ἐ

213 4953 311 5022 Εἷς
355 4954 448 5014 οὖν
486 4963 635 5015 ἐστιν
675 4963 703 5014 ὁ
743 4963 1014 5034 Χριστὸς,
1067 4966 1170 5018 οὐκ
1218 4964 1575 5037 ἀνῃρημένης
1617 4967 1716 5038 τῆς

1889 4969 2044 5025 Unus
2073 4976 2160 5024 est
2187 4984 2320 5040 ergo
2345 4967 2624 5034 Christus,
2674 4985 2787 5024 non
2830 4968 3048 5024 sublata
3077 4977 3402 5023 naturarum

143 5050 258 5104 τῶν
285 5051 501 5122 φύσεων
526 5055 790 5125 διαφορᾶς
817 5053 906 5109 διὰ
931 5055 1032 5126 τὴν
1055 5055 1338 5126 ἄφραστον
1363 5058 1587 5125 ἕνωσιν,
1621 5059 1725 5112 Λό-

146 5159 239 5211 γος
264 5146 384 5199 νοού
395 5165 554 5215 μενος
587 5148 681 5200 καὶ
706 5143 992 5216 ἄνθρωπος
1013 5147 1390 5218 θεωρούμενος
1408 5165 1422 5179 ·
1459 5149 1582 5202 οὔτε
1613 5151 1723 5222 γὰρ

145 5237 179 5303 ἡ
220 5235 414 5300 ἓνωσις
468 5239 730 5309 σύγχυσιν
777 5240 1189 5306 ἀπειργάσατο,
1243 5241 1366 5295 οὔτε
1411 5242 1445 5306 ἠ
1486 5241 1723 5313 διαφορά

144 5326 253 5381 τῶν
299 5331 358 5382 ὲν
400 5331 548 5400 αὐτῷ
587 5331 787 5384 οὑσιῶν
833 5331 1006 5401 τομὴν
1035 5333 1213 5386 εῖτουν
1240 5333 1509 5402 διαίρεσιν
1539 5334 1720 5388 ἐπιδέ-

217 5477 293 5548 (ι)
315 5479 459 5536 Citat
483 5482 588 5538 hoc
623 5484 885 5553 scriptum
936 5501 1096 5539 suum
1122 5486 1465 5542 Justinianus
1517 5489 1570 5542 in
1611 5487 1719 5544 alio

149 5564 248 5628 suo
273 5555 603 5628 ropuseuloa
633 5556 792 5628 nobis
812 5556 961 5628 edito
993 5556 1131 5628 Coll.
1161 5565 1268 5628 vat.
1300 5557 1478 5628 t._\’ll,
1511 5575 1561 5628 p.
1588 5559 1710 5612 509.

148 5619 285 5673 (litat
311 5619 497 5678 rursus
532 5623 742 5693 Agatho
774 5638 912 5692 papa
943 5625 994 5678 in
1025 5626 1252 5696 epistola
1301 5626 1367 5681 ad
1415 5619 1711 5698 imperato-

1831 5059 2151 5116 diﬂ‘erentia
2179 5075 2281 5129 per
2315 5059 2656 5116 ineffabilem
2706 5061 2994 5126 unionem,
3019 5060 3261 5116 Verbum
3289 5075 3407 5116 cre—

1828 5153 1979 5207 ditus
2023 5151 2301 5221 homoque
2363 5151 2536 5207 visus.
2575 5152 2692 5207 Nec
2739 5161 2927 5207 autem
2979 5151 3112 5206 unio
3171 5151 3405 5206 commi-

1829 5243 2071 5298 stionem
2101 5243 2362 5310 exclusit,
2401 5259 2503 5298 nec
2537 5243 2853 5298 dill‘erentia
2880 5243 3318 5321 substantiarum
3344 5243 3401 5297 in

1828 5351 1896 5390 eo
1935 5335 2259 5392 seissionem
2307 5345 2403 5391 aut
2442 5336 2774 5392 divisionem
2825 5333 3090 5391 admittit.
3143 5334 3400 5389 Miracula

1823 5507 1911 5615 re?
1961 5491 2187 5614 8990”.
2239 5491 2424 5546 labi)-
2465 5498 2502 5543 1.
2535 5493 2617 5556 \‘l,
2677 5508 2728 5562 ρ.
2782 5491 2904 5546 665.
2955 5487 3168 5544 ——\’isl.
3219 5501 3403 5560 supra,
3462 5481 3469 5487 ’

1824 5578 1886 5615 co
1917 5601 1928 5613 .
2027 5581 2057 5612 ι)
2105 5602 2116 5614 .

1824 5578 1928 5615 (⁵01.
1961 5578 2116 5614 “Ol.
