3924 6294
514 287 530 300 ν·
555 254 690 322 1147

553 370 704 428 enim
741 367 950 426 Christi
990 368 1269 434 videntes,
1301 367 1454 424 illius
1485 367 1832 424 divinitatem
1863 365 2130 438 praedica-
2157 367 2198 423 Α

554 473 710 528 mus,
741 462 1094 518 infirmitates
1135 477 1270 518 vero
1315 460 1700 532 inspicientes,
1725 461 2128 517 humanitatem

551 553 676 624 ejus
720 567 832 606 non
882 551 1184 606 diﬂitemur
1223 567 1238 618 ;
1279 566 1384 606 nec
1433 550 1699 606 miracula
1757 551 1879 607 sine
1938 566 2126 618 carne,

552 657 656 701 nec
684 644 894 714 absque
941 643 1232 700 divinitate
1266 644 1636 700 inﬁrmitates.
1663 645 1868 702 Verum
1941 652 2128 700 autem

548 752 660 792 non
711 746 798 792 est
842 736 1028 793 dicere
1074 737 1256 808 ipsum
1313 753 1438 794 esse
1481 753 1738 808 passum;
1795 751 1993 808 passus
2043 745 2130 794 est

544 827 800 898 quidem,
849 826 984 898 quia
1024 827 1307 898 proprium
1361 827 1482 898 ejus
1523 841 1727 897 corpus
1786 825 2124 896 patiebatur,

545 930 716 992 atque
752 921 810 976 in
855 936 1090 992 corpore
1140 921 1262 992 ejus
1306 920 1486 976 inerat
1521 920 1618 991 qui
1659 935 1772 974 non
1811 929 2122 989 pateretur,

549 1011 766 1069 scilicet
811 1013 906 1082 qui
938 1023 1137 1068 natura
1171 1013 1321 1068 Deus
1360 1020 1503 1073 erat,
1539 1027 1664 1066 nam
1715 1011 1961 1066 Verbum
2001 1017 2124 1067 erat

547 1101 911 1173 impassihile.
943 1104 1076 1158 Erat
1111 1103 1472 1175 incorporeus
1501 1103 1560 1158 in
1587 1118 1821 1173 corpore
1845 1103 2120 1174 passibili,

547 1213 863 1268 corpusque
911 1199 1032 1269 ejus
1065 1199 1120 1256 in
1164 1199 1464 1270 semetipso
1491 1199 1734 1256 habebat
1783 1201 2124 1272 impassibile

546 1288 815 1356 Verbum,
857 1288 1216 1346 inﬁrmitates
1268 1291 1447 1360 ipsius
1483 1291 1740 1362 corporis
1787 1302 2120 1364 protegens;

463 1373 475 1392 ‘
548 1379 984 1450 unumquodque
1031 1381 1182 1435 enim
1244 1381 1422 1436 altero
1475 1381 1777 1438 comitante
1839 1392 2121 1452 operatur,

543 1471 700 1544 juxta
745 1472 896 1542 quod
947 1471 1235 1543 pr0prium
1288 1473 1582 1541 habuerit;
1628 1474 1815 1530 Verbo
1861 1475 2011 1545 quod
2037 1485 2125 1533 est

545 1563 734 1630 Ve'rbi,
765 1580 1000 1636 corpore
1037 1580 1172 1621 vero
1199 1567 1349 1637 quod
1383 1573 1468 1622 est
1497 1567 1749 1636 corporis
1779 1565 2120 1637 perﬁciente.

547 1652 642 1708 Sic
661 1653 809 1708 enim
827 1654 991 1710 docet
1012 1662 1235 1712 sanctus
1248 1657 1486 1730 Cyrillus
1504 1659 1562 1714 in
1581 1658 1860 1714 tricesimo
1876 1659 2120 1716 secundo
2151 1705 2196 1764 Β

545 1759 802 1800 sermone
848 1745 1144 1815 Thesauri,
1204 1749 1264 1804 in
1311 1751 1617 1820 Epistolam
1672 1754 1742 1810 ad
1798 1756 2116 1812 Romanos:

545 1830 877 1908 Neutiquam
905 1855 1075 1894 unam
1104 1857 1226 1898 esse
1255 1843 1643 1914 operationem
1669 1849 1986 1904 naturalem
2019 1849 2119 1905 Dei
2163 1837 2167 1842 ’

543 1937 600 1983 et
639 1938 908 1988 creaturae
953 1933 1220 2000 dicemus,
1253 1935 1330 1991 ita
1377 1945 1440 1991 ut
1468 1953 1574 1994 nec
1615 1939 1766 2010 quod
1795 1939 2004 1996 factum
2033 1949 2120 1997 est

542 2013 612 2069 ad
683 2015 1049 2075 substantiam
1109 2021 1355 2078 divinam
1423 2025 1751 2095 referamus,
1807 2045 1914 2086 nec
1967 2032 2118 2102 quod

545 2104 747 2161 divinae
786 2117 1001 2166 naturae
1047 2113 1332 2182 peculiare
1379 2125 1466 2172 est
1507 2117 1566 2172 in
1608 2119 1793 2176 locum
1831 2123 2118 2193 proprium

543 2196 746 2266 genitis
777 2199 1175 2270 deprimamus.
1230 2205 1380 2262 Idem
1434 2219 1658 2267 sanctus
1711 2213 1894 2280 Pater,
1932 2215 1986 2269 in
2031 2215 2120 2272 his

542 2305 666 2359 qua
695 2291 762 2347 ad
795 2292 1190 2365 Theodosium,
1220 2315 1325 2356 nos
1357 2301 1549 2358 eadem
1579 2303 1778 2360 docet:
1803 2305 2001 2362 Totum
2019 2309 2119 2364 toti

545 2381 764 2438 unitum
797 2385 968 2442 fuisse
998 2397 1208 2446 nostrae
1241 2390 1574 2449 humanitati
1607 2396 1852 2452 Verbum
1899 2399 1968 2453 de
2004 2400 2118 2456 Deo

544 2474 812 2542 dicimus;
847 2494 960 2534 non
1003 2480 1153 2536 enim
1191 2481 1449 2549 forsitan,
1488 2486 1636 2556 quod
1690 2488 1891 2544 melius
1933 2498 2019 2546 est
2055 2491 2120 2548 in

543 2565 728 2631 nobis,
766 2567 822 2622 id
869 2578 955 2625 est
991 2573 1254 2642 animam,
1307 2575 1460 2630 nullo
1487 2577 1660 2633 verbo
1697 2579 2004 2649 judicasset
2028 2584 2118 2639 di-

545 2672 738 2726 gnum,
783 2660 886 2714 soli
918 2663 1072 2717 carni
1102 2676 1266 2734 quam
1292 2665 1642 2724 inhabitabat
1669 2671 1838 2726 verba
1872 2673 2115 2732 tradens.

545 2747 670 2804 istis
691 2750 960 2808 ambabus
980 2753 1121 2811 bene
1141 2759 1463 2830 mysterium
1481 2762 1807 2819 oeconomiae
1825 2763 2106 2836 implebat:

545 2855 716 2898 carne
759 2853 822 2899 ut
859 2845 1235 2906 instrumento
1283 2853 1552 2909 utebatur
1582 2855 1653 2910 ad
1711 2872 1883 2928 opera
1913 2859 2118 2929 carnis,

545 2933 896 2995 inﬁrmitates
915 2939 1127 2997 scilicet
1147 2958 1211 2998 ac
1232 2959 1576 3017 quacunque
1599 2948 1858 3005 abessent
1875 2968 1905 3006 a
1930 2953 2116 3024 culpa;

543 3028 726 3086 anima
781 3047 918 3089 vero
964 3033 1033 3090 ad
1086 3035 1330 3094 humana
1377 3039 1742 3114 innoxiasque
1793 3047 2118 3114 passiones;
2147 3069 2193 3132 ο

543 3120 750 3176 dicitur
804 3124 955 3179 enim
988 3127 1274 3195 esuriisse,
1315 3144 1384 3184 ex
1431 3131 1636 3203 longis’
1661 3133 1959 3194 itineribus
1987 3136 2116 3196 fati-

542 3211 793 3280 gationes
811 3215 1164 3282 sustinuisse,
1185 3219 1466 3284 timorem,
1491 3229 1790 3290 terrorem,
1812 3227 2114 3298 tristitiam,

543 3306 796 3374 agoniam
849 3317 1017 3378 atque
1055 3309 1114 3364 in
1161 3327 1328 3367 cruce
1375 3323 1635 3370 mortem.
1688 3315 1965 3389 Namque,
2021 3337 2122 3379 ne-

545 3397 695 3452 mine
731 3409 983 3469 cogente,
1039 3403 1281 3458 animam
1319 3420 1475 3460 suam
1526 3423 1630 3478 pro
1659 3410 1824 3467 nobis
1857 3429 1890 3468 a
1937 3415 2120 3488 seipso

545 3489 752 3556 posuit,
776 3497 834 3542 ut
856 3491 1086 3547 vivorum
1109 3501 1267 3567 atque
1289 3507 1614 3556 mortuorum
1629 3503 1986 3574 dominaturi,
2000 3525 2121 3567 car-

545 3594 785 3652 nemque
799 3599 955 3639 suam
973 3590 1220 3644 omnium
1237 3591 1390 3646 carni
1405 3593 1644 3652 reddens
1657 3600 1868 3668 aequale
1884 3601 2116 3670 donum,

546 3670 786 3728 animam
835 3691 938 3746 pro
991 3679 1176 3736 anima
1218 3684 1459 3752 pretium
1518 3689 1768 3746 omnium
1800 3691 2032 3751 faciens.
2061 3696 2119 3753 Si

544 3773 729 3823 autem
780 3771 984 3828 iterum
1029 3775 1144 3832 vita
1187 3787 1442 3834 revocata
1473 3779 1664 3850 fuerit,
1697 3799 1766 3840 eo
1793 3787 1941 3856 quod
1972 3799 2121 3846 esset

545 3858 712 3926 Deus,
743 3866 1086 3935 resurrexit;
1107 3885 1220 3926 non
1258 3871 1405 3926 enim
1440 3883 1590 3931 certe
1614 3875 1826 3946 justum
1851 3890 2000 3937 esset
2029 3881 2118 3938 di-

543 3968 670 4010 cere
685 3970 928 4020 camem.
955 3961 1087 4016 olim
1110 3963 1294 4020 Verbo
1311 3967 1545 4034 unitam,
1569 3972 1928 4041 corruptione
1953 3989 2117 4045 posse

541 4045 803 4114 detineri,
849 4051 1204 4126 animamque
1247 4057 1492 4115 divinam
1532 4061 1720 4132 ipsius
1737 4063 1941 4120 inferni
1987 4083 2118 4138 por-

541 4149 718 4197 tarum
743 4142 862 4200 ﬁeri
889 4149 1160 4217 captivam
1180 4168 1194 4205 :
1213 4151 1332 4206 Non
1354 4155 1633 4212 derelictus
1658 4167 1734 4212 est
1759 4159 1814 4212 in
1830 4159 2038 4230 inferno
2063 4160 2114 4228 δ,

529 4231 690 4302 juxta
731 4237 878 4306 quod
930 4238 1070 4296 dicit
1120 4254 1348 4300 sanctus
1388 4245 1606 4304 Petrus.
1651 4249 1772 4306 Non
1817 4261 2004 4308 autem
2034 4253 2121 4310 di-

536 4324 774 4377 cendum
809 4334 897 4382 est
940 4338 1198 4386 naturam
1237 4334 1361 4403 ejus
1389 4335 1908 4408 incompreltensam
1939 4342 2117 4400 indis-

535 4414 884 4486 solutamque
913 4421 1143 4476 omnino
1167 4421 1340 4480 fuisse
1369 4437 1572 4492 morte,
1618 4430 1718 4484 sed
1763 4430 2110 4488 divinitatem
2143 4417 2188 4473 Ῑ)

535 4505 817 4578 Unigeniti
854 4511 909 4565 in
944 4513 1126 4569 sinum
1159 4525 1320 4572 terrae
1373 4521 1693 4577 translatam
1730 4525 1898 4579 etiam
1937 4525 2110 4584 fuisse

533 4597 820 4666 dicemus;
864 4617 976 4657 non
1021 4606 1170 4660 enim
1229 4616 1316 4664 est
1361 4610 1636 4678 mirabile,
1684 4613 1731 4668 si
1787 4615 1843 4670 in
1891 4617 2110 4674 inferno

534 4688 868 4748 habitaverit
917 4694 986 4752 de
1019 4698 1134 4754 Deo
1160 4699 1425 4766 Verbum,
1471 4718 1598 4758 cum
1629 4705 1855 4762 deitatis
1900 4709 2108 4768 virtute

531 4795 598 4835 ac
644 4793 882 4852 natura,
954 4789 1277 4848 mirabiliter
1339 4810 1404 4852 ac
1449 4811 1618 4866 supra
1665 4798 1720 4853 id
1792 4801 1939 4870 quod
1997 4801 2110 4858 dici

530 4881 735 4943 potest,
777 4878 962 4936 omnia
1004 4879 1256 4954 impleat,
1297 4895 1466 4958 atque
1525 4888 1582 4944 in
1638 4890 1800 4947 nobis
1849 4893 2110 4950 omnibus

501 4965 830 5054 'inhahitet.
885 4973 1096 5030 Deinde
1163 4993 1416 5050 pergens,
1470 4981 1586 5038 haec
1637 4983 1838 5040 iterum
1891 4985 2030 5042 dicit
2088 5005 2102 5041 :

491 5077 501 5102 ί
535 5074 556 5110 ι
591 5057 896 5118 Humanam
929 5065 1304 5126 inﬁrmitatem
1347 5073 1640 5138 occidisse,
1687 5075 1946 5132 virtutem
1969 5093 2102 5134 vero

530 5150 778 5210 divinam
795 5157 1142 5230 viviﬁcasse;
1177 5181 1195 5214 ›
1225 5166 1524 5223 ostendens
1551 5167 1698 5238 quod
1721 5169 1810 5224 his
1835 5170 2101 5227 ambabus

527 5248 872 5318 agnoscitur,
923 5254 1138 5310 scilicet
1167 5257 1314 5313 inter
1350 5275 1456 5316 nos
1483 5274 1608 5316 esse
1641 5261 1802 5316 simul
1847 5270 1905 5316 et
1931 5277 2100 5332 supra

527 5353 630 5394 nos
674 5349 735 5396 ut
781 5343 977 5400 Deum.
1009 5347 1250 5404 Videsne
1297 5339 1580 5420 quomodo
1640 5353 1732 5408 hic
1759 5353 2100 5410 venerabilis

527 5429 692 5487 Pater
725 5433 958 5491 duarum
983 5449 1308 5497 naturarum
1332 5443 1570 5498 virtutes
1600 5443 1652 5498 in
1681 5458 1787 5498 una
1817 5443 2096 5516 hypostasi

528 5542 624 5584 seu
681 5546 787 5584 una
837 5549 1068 5602 persona
1096 5535 1299 5590 Christi
1347 5537 1440 5590 Dei
1491 5537 1668 5591 nostri
1715 5536 2099 5592 demonstrat?

600 5703 817 5760 ‘Bom.
875 5725 979 5776 xw,
1011 5712 1044 5767 9
1139 5713 1165 5752 ιδ
1213 5711 1331 5768 Act.
1379 5727 1434 5778 ιι,
1486 5713 1574 5766 27.

1675 253 2116 318 JUSTINIANI
2153 249 2700 317 IMPERATORIS‘

3735 259 3854 326 tm

2226 382 2400 437 χεται.
2472 365 2779 432 Βλέποντες
2823 366 2935 439 γὰρ
2988 368 3085 423 τοῦ
3125 370 3368 442 Χριστοῦ
3415 367 3499 426 τὰ
3552 367 3846 442 θαύματι,
3898 429 3899 450 ᾗ

2230 459 2578 530 κηρύττομεν
2629 459 2800 514 αὑτοῦ
2855 463 2955 531 τὴν
3007 460 3276 532 θεότητα-
3355 462 3646 536 ὁρῶντες
3700 465 3845 519 αὑτοῦ
3898 479 3899 540 1

2229 549 2298 603 τὰ
2331 549 2476 620 πάθη
2497 592 2512 615 ,
2565 551 2668 604 οὑκ
2700 549 3016 622 ἀρνούμεθα
3049 552 3215 607 αὑτοῦ
3247 553 3349 624 τὴν
3377 553 3844 626 ἀνθρωπότητι·

2229 641 2453 697 οὐδὲδιιά
2479 641 2738 714 θαύματα
2765 643 2893 714 δίχα
2920 644 3124 716 σαρκός
3140 685 3156 712 ,
3211 646 3338 700 οὐδὲ
3365 647 3446 702 τὰ
3478 645 3660 716 πάθη
3694 649 3846 716 χωρὶς

2228 737 2328 808 τῆς
2379 736 2659 806 θεότητος.
2723 737 2838 790 Καὶ
2887 735 3004 790 ἔστι
3053 735 3364 809 παράδοξον
3416 739 3520 792 ὃτι
3573 739 3758 801 αὐτὸς
3787 736 3840 809 ἦν

2227 831 2258 885 ὀ
2285 830 2534 902 πάσχων,
2567 831 2664 886 xci.
2695 830 2770 902 μὴ
2796 831 3054 902 πάσχωνο
3089 832 3316 902 πάσχων
3348 833 3483 903 μὲν,
3517 833 3619 886 ὃτι
3643 833 3710 886 τὸ
3729 833 3837 887 ἴδει-ι

2227 925 2396 980 αὑτοῦ
2442 925 2650 998 ἔπασχε
2698 929 2858 998 σῶμα
2883 943 2896 959 °
2959 928 3055 982 καὶ
3101 929 3161 982 ἐν
3200 928 3354 1000 αὐτῷ
3383 929 3476 1000 τῷ
3509 927 3745 998 σώματι
3777 927 3829 999 ἦν

2230 1019 2308 1090 μὴ
2339 1019 2567 1090 πάσχων
2597 1023 2626 1075 ό
2653 1025 2720 1094 τῇ
2747 1021 2906 1092 φύσει
2935 1021 3068 1086 Θεὸς
3090 1022 3186 1086 ὢν,
3218 1025 3249 1076 ό
3271 1025 3461 1093 Λόγος
3497 1023 3740 1092 ἀπαθὴς
3757 1019 3823 1093 ἦν.

2226 1112 2338 1166 Καὶ
2384 1112 2553 1176 αὐτὸς
2599 1113 2700 1182 μὲν
2748 1117 2777 1168 ό
2815 1114 3110 1184 ἀσώματος
3133 1110 3204 1187 ἦν
3244 1117 3303 1168 ὲν
3331 1115 3416 1186 τῷ
3451 1115 3824 1187 παθητῷσὲιο
3898 1167 3899 1187 ἦ

2229 1219 2396 1274 ματι·
2431 1204 2496 1258 τὸ
2523 1203 2582 1258 δὲ
2612 1203 2778 1276 σῶμα
2806 1201 2953 1275 εἶχεν
2985 1208 3046 1260 ὲν
3069 1205 3251 1277 ἑαυτῷ
3277 1207 3374 1261 τὸν
3401 1207 3624 1276 ἀπαθῆ
3652 1208 3818 1275 Λόγον,

2229 1246 2364 1274 «ν’-’ν-
2443 1246 2495 1258 υν
2525 1246 2582 1258 ν*
2613 1246 2778 1276 νυνι-’ν’
2806 1246 2949 1275 ”Α“⁹’
2985 1246 3042 1260 ν’
3069 1246 3251 1277 ἀ’-’στ’
3289 1246 3372 1261 ’ν’
3401 1246 3624 1276 α’·*νιι
3652 1246 3818 1275 ⁵⁵·’ἕσἿ

2225 1296 2564 1368 ἀφανίζοντα
2595 1298 2698 1361 τὰς
2728 1299 3017 1364 ἀσθενείας
3041 1299 3212 1354 αὐτοῦ
3241 1301 3340 1355 τοῦ
3370 1303 3666 1372 σώματος
3689 1319 3706 1332 ·
3753 1306 3818 1355 ἐν·
3893 1246 3900 1383 1

2226 1393 2382 1465 εργεῐ
2419 1393 2530 1464 γὰρ
2579 1393 2820 1464 ἑκατέρα
2867 1394 3054 1466 μορφὴ
3109 1393 3251 1464 μετά
3294 1395 3404 1465 τῆς
3439 1396 3704 1466 θατέρου
3731 1414 3818 1449 κα-

2225 1487 2444 1552 νωνίας,
2474 1487 2615 1559 ὅπερ
2646 1487 2781 1541 ἴδιον
2806 1485 3038 1556 ἔσχηκεο
3074 1485 3170 1540 τοῦ
3203 1487 3306 1558 μὲν
3331 1488 3532 1556 Λόγου
3557 1505 3814 1556 κατεργα-

2225 1573 2456 1646 ζομένου
2484 1575 2644 1630 τοῦτο
2671 1577 2808 1648 ὅπερ
2834 1575 2954 1630 ἐστὶ
2983 1575 3074 1630 τοῦ
3105 1577 3306 1646 Λόγου,
3341 1576 3448 1630 τοῦ
3480 1577 3552 1630 δὲ
3585 1575 3814 1646 σώματος

2225 1670 2572 1737 ὲκτελοῦντος
2604 1671 2750 1744 ἅπερ
2779 1675 2900 1726 ἐστὶ
2929 1671 3023 1726 τοῦ
3051 1670 3328 1741 σώματος.
3375 1668 3574 1724 Τοῦτο
3601 1671 3714 1741 γὰρ
3737 1673 3810 1723 ui

2221 1769 2251 1822 ὁ
2285 1767 2343 1820 ὲν
2371 1765 2550 1834 ἁγίοις
2582 1765 2854 1837 Κύριλλος
2885 1765 2944 1818 ὲν
2981 1764 3062 1836 τῷ
3100 1763 3181 1833 λβ⁹
3201 1763 3349 1834 λόγῳ
3389 1763 3495 1816 τοῦ
3534 1761 3808 1835 Θησαυρεῦ

2217 1863 2460 1918 διδάσκει
2477 1855 2576 1933 τήν
2605 1859 3064 1932 πρὸςῬωμαίους
3091 1857 3780 1929 ἐρμηνεύωνἘπιστολῇν
3797 1877 3808 1887 ·

2219 1957 2468 2028 οὒδήπου
2508 1954 2636 2025 μίαν
2666 1949 2808 2006 εἶναι
2845 1953 3084 2020 φυσικὴν
3117 1952 3218 2021 τὴν
3249 1952 3559 2018 ἐνέργειαν
3583 1950 3806 2020 δώσομεν
3897 1949 3899 2020 1

2219 2048 2355 2103 Θεοῦ
2402 2047 2500 2102 καὶ
2532 2047 2842 2116 ποιήματος
2865 2088 2880 2110 ,
2941 2045 3029 2099 i'va
3067 2045 3212 2124 μήτε
3237 2043 3304 2097 τδ
3332 2044 3583 2114 ποιηθὲν
3618 2047 3698 2107 εἰς
3725 2046 3802 2112 τὴν
3898 2035 3899 2048 “

2221 2141 2374 2196 θείαν
2405 2139 2777 2208 ἀναγάγωμεν
2805 2137 3018 2201 οὐσίαν,
3069 2138 3209 2207 μήτε
3237 2137 3350 2208 μὴν
3385 2137 3495 2207 τῆς
3529 2135 3690 2198 θείας
3717 2136 3802 2204 9-3-

2221 2251 2360 2298 σεως
2395 2233 2458 2288 τδ
2491 2232 2772 2304 ἐξαίρετον
2819 2233 2901 2295 εἰς
2933 2229 3026 2283 τὸν
3059 2232 3174 2293 τοῖς
3201 2231 3501 2298 γεννητοῖς
3538 2230 3803 2300 πρέποντα

2219 2325 2628 2394 καταγάγωμεν
2676 2323 2865 2377 τόπον.
2919 2321 2976 2376 '0
3011 2321 3170 2386 αὐτὸς
3201 2319 3260 2372 δὲ
3285 2320 3458 2386 ἅγιος
3491 2321 3693 2392 Πατὴρ
3723 2321 3799 2372 καὶ
3898 2383 3899 2390 κ

2219 2420 2278 2474 ἐν
2306 2420 2421 2482 τοῖς
2455 2417 2591 2490 πρὸς
2619 2415 2900 2470 Θεοδόσιον
2933 2415 3004 2468 τὰ
3033 2413 3171 2468 αὺτᾶ
3205 2415 3354 2484 ἡμᾶς
3387 2415 3712 2469 ἐκδιδάσκει
3731 2413 3802 2466 λέ-

2218 2529 2366 2579 γων.
2413 2511 2575 2566 ὀλον
2621 2510 2718 2582 ὅλῃ
2767 2506 3110 2578 συνηνῶσθαι
3150 2525 3334 2578 φαμεν
3389 2509 3462 2578 τῇ
3505 2507 3643 2562 καθ’
3674 2509 3800 2578 ἡμᾶς

2219 2604 2600 2677 ἀνθρωπότητι
2654 2601 2746 2656 τὸν
2796 2603 2862 2655 ὲκ
2903 2600 3041 2664 Θεοῦ
3079 2601 3293 2668 Λόγον·
3353 2599 3420 2652 οὔ
3455 2600 3579 2669 γάρ
3625 2616 3725 2651 που
3751 2597 3800 2648 τὲ

2220 2697 2442 2766 ἄμεινον
2473 2696 2531 2749 ὲν
2559 2696 2715 2763 ἡμῖν,
2747 2693 2997 2748 τουτέστι
3025 2691 3226 2762 ψυχὴν,
3261 2690 3490 2754 οὐδενὸς
3519 2690 3594 2744 ἂν
3618 2690 3800 2760 tam

2219 2787 2379 2856 λόγου
2415 2787 2550 2859 μόνῃ
2579 2784 2921 2855 δωρούμενος
2947 2784 3013 2852 τῇ
3041 2783 3208 2852 σαρκὶ
3230 2781 3334 2848 τῆς
3355 2781 3673 2852 ἐπιδημίας
3698 2778 3803 2841 τὼς

2219 2879 2433 2948 λόγους.
2489 2877 2824 2948 Ἐπράττετο
2862 2875 2920 2928 δὲ
2964 2874 3032 2928 δι’
3060 2875 3268 2944 ἀμφοῖν
3313 2873 3503 2936 καλῶς
3541 2873 3651 2942 τῆς
3681 2873 3804 2923 citre-

2221 2969 2416 3039 νομῐας
2447 2967 2508 3022 τδ
2541 2969 2836 3039 μυστήριον
2855 2983 2871 2998 ’
2910 2964 3332 3036 προσεχρήσατο
3357 2961 3635 3033 καθάπερ
3659 2960 3804 3029 όρτὰο

2222 3081 2299 3137 νῳ
2347 3067 2413 3136 τῇ
2459 3061 2564 3134 ἰδία
2603 3061 2770 3133 σαρκὶ
2815 3055 2951 3129 πρὶς
2987 3059 3057 3112 τὰ
3088 3056 3294 3128 σαρκὸς
3333 3054 3480 3124 ἔργα
3505 3072 3576 3108 τε
3605 3055 3704 3107 καὶ
3721 3054 3804 3123 ἆῤ-

2225 3159 2563 3231 ρωστήματα
2601 3153 2808 3226 φυσικὰ
2857 3153 2955 3207 καὶ
2998 3153 3099 3206 ὅσα
3139 3149 3335 3220 μώμου
3371 3149 3642 3220 μακράν·
3677 3149 3801 3216 ψυχῇ

2225 3179 2563 3231 ρωστηματα
2601 3179 2808 3226 φυσικα
2857 3179 2955 3207 και
2998 3179 3099 3206 auat
3139 3179 3335 3220 μωμυυ
3371 3179 3637 3220 μαιρὶιν⁷
3677 3179 3801 3216 Vulg
3897 3179 3899 3294 4

2221 3251 2270 3306 δ’
2309 3251 2448 3324 αὐτῇ
2497 3248 2604 3320 ἰδίᾳ
2659 3247 2796 3319 πρὸς
2838 3245 2910 3300 τὰ
2942 3242 3264 3316 ἀνθρώπινά
3287 3259 3352 3295 τε
3383 3243 3487 3294 καὶ
3515 3242 3803 3296 ivventus
3898 3295 3899 3316 η

2222 3344 2370 3416 πάθη
2397 3361 2412 3377 ο
2459 3341 2718 3410 πεινῆσαι
2745 3337 2857 3408 γὰρ
2883 3337 3126 3404 λέγεται,
3156 3332 3357 3396 πόνους
3381 3348 3445 3384 τε
3488 3331 3802 3398 ὗπενεγκεῖν

2221 3437 2348 3500 τοὺς
2374 3435 2440 3488 ὲκ
2467 3431 2697 3505 μακρῶν
2721 3427 3064 3500 όδοιποριῶν,
3088 3425 3350 3495 πτοήσεις
3375 3440 3464 3490 τε,
3490 3422 3596 3478 καὶ
3621 3421 3803 3488 φὸὃικ

2223 3527 2320 3580 καὶ
2357 3525 2534 3596 λύπην
2575 3522 2671 3578 καὶ
2703 3519 2946 3591 ἀγωνίαν
2977 3517 3074 3574 καὶ
3101 3517 3194 3571 τδν
3225 3517 3320 3570 ἐπὶ
3347 3515 3432 3586 τῷ
3460 3513 3695 3585 σταυρῷ
3723 3513 3801 3566 θὶ-

2221 3637 2400 3674 νατον.
2460 3615 2967 3684 Ἐπαναγκάζοντος
3019 3613 3129 3684 γὰρ
3183 3609 3400 3674 οὐδενὸς
3457 3609 3669 3676 ἔθηκεν
3721 3605 3800 3674 ἀφ’

2221 3709 2416 3766 ἑαυτοῦ
2449 3708 2549 3780 τὴν
2579 3708 2716 3762 ἰδίαν
2737 3704 2917 3777 ψυχὴν
2945 3703 3090 3776 ὑπὲρ
3114 3701 3293 3773 ἡμῶν.
3321 3702 3425 3756 ἵνα
3451 3700 3555 3753 καὶ
3587 3699 3800 3767 νεκρῶν
3897 3729 3899 3732 ‹

2221 3803 2318 3860 καὶ
2363 3801 2593 3864 ζώντων
2638 3799 2929 3868 κυριεύσῃ
2950 3812 2965 3828 ο
3028 3794 3210 3864 σάρκα
3243 3791 3344 3863 μὲν
3377 3792 3483 3859 τὴν
3519 3790 3685 3854 ιδξαν,
3716 3790 3800 3858 τῆς

2221 3897 2477 3951 ἁπάντων
2507 3893 2712 3964 σαρκὸς
2741 3890 3030 3952 ἀποτιννὺς
3059 3885 3278 3956 ἀληθῶς
3307 3883 3488 3953 δῶρον
3515 3879 3795 3946 ἀντάξιον

2217 3988 2398 4060 ψυχὴν
2422 3986 2469 4042 δ’
2494 3986 2618 4040 ἀντὶ
2639 3983 2822 4054 ψυχῆς
2845 3981 3165 4050 ἀντίλυτρον
3194 3976 3305 4030 τῶν
3325 3973 3598 4029 ἁπάντων
3628 3969 3800 4025 macd-

2223 4090 2420 4148 μενος⁹
2477 4075 2527 4126 ει
2557 4073 2653 4127 καὶ
2686 4070 2890 4124 ἀνεϐίω
2917 4068 3080 4124 πάλιν
3109 4065 3224 4134 ζωὴ
3261 4064 3406 4119 κατὰ
3430 4063 3606 4132 φύσιν
3634 4062 3796 4128 ὕπαρ·

2219 4184 2330 4238 κων
2358 4165 2434 4229 ὡς
2456 4163 2620 4227 Θεάς·
2653 4162 2716 4216 οὐ
2747 4161 2856 4232 γάρ
2883 4178 2965 4214 τοι
2991 4158 3152 4229 θέμις
3178 4157 3357 4210 ειπεῖν
3385 4155 3566 4225 φθορᾷ
3594 4155 3700 4223 μιν

2220 4254 2416 4312 νασθαι
2449 4251 2772 4324 κρατεῖσθαι
2809 4249 2940 4304 ποτὶ
2983 4247 3280 4302 ὲνωθείσαν
3307 4243 3389 4315 τῷ
3415 4244 3570 4314 λόγῳ
3601 4242 3788 4313 capita.

2219 4351 2450 4419 κάτοχον
2485 4347 2543 4400 δὲ
2579 4345 2770 4410 αὑταῖς
2809 4343 2937 4416 ᾅδου
2977 4340 3176 4408 πύλαις
3223 4338 3325 4408 τὴν
3354 4335 3513 4390 θείαν
3543 4331 3790 4403 γενέσθαι

2213 4441 2392 4513 ψυχήν
2410 4457 2423 4470 ο
2455 4441 2576 4494 Οὐκ
2603 4436 3035 4508 ἐγκατελείφθη
3065 4432 3174 4504 γὰρ
3207 4433 3295 4497 εἰς
3322 4429 3501 4498 ᾅδου,
3535 4426 3681 4481 καθὰ
3709 4425 3791 4478 καὶ

2215 4536 2246 4588 ὁ
2288 4532 2576 4594 θεσπέσιος
2625 4529 2730 4602 εφη
2773 4529 3003 4599 Πέτρος.
3065 4525 3140 4581 Οὐ
3181 4525 3292 4594 γὰρ
3328 4523 3485 4575 ἐστιν
3515 4521 3696 4574 εἰπεῖν
3723 4517 3791 4581 ὡς

2214 4619 2314 4692 τὴν
2338 4619 2579 4690 ἄληπτον
2607 4615 2890 4680 παντελῶς
2915 4616 3010 4670 καὶ
3033 4613 3312 4668 ἀνάλωτον
3342 4611 3424 4680 τῷ
3452 4611 3677 4679 θανάτῳ
3702 4610 3789 4677 ςύο

2217 4723 2303 4760 σιν
2321 4747 2338 4774 ,
2371 4707 2621 4760 τουτέστι
2648 4703 2749 4776 τὴν
2775 4705 3010 4773 θεότητα
3036 4701 3138 4756 τοῦ
3159 4700 3507 4768 Μονογενοῦς
3542 4700 3650 4754 ὑπὸ
3674 4699 3784 4769 χθό-

2215 4815 2280 4852 να
2314 4798 2501 4869 μυχῶν
2531 4797 2967 4868 ἀνακεκομίσθαι
2993 4797 3270 4876 ερήσομενο
3304 4795 3366 4849 οὐ
3394 4794 3509 4865 γὰρ
3539 4793 3604 4848 ἂν
3627 4793 3783 4863 ἠξιώ-

2214 4889 2280 4962 θη
2327 4890 2388 4944 τὸ
2421 4889 2612 4960 χρῆμα
2652 4889 2954 4960 θαύματος,
3003 4890 3051 4942 εἰ
3087 4888 3400 4958 μεμένηκεν
3431 4887 3518 4950 εἰς
3546 4886 3640 4939 τὸν
3665 4885 3785 4956 ᾅδην

2209 4984 2239 5036 ό
2273 4984 2337 5036 ἐκ
2359 4981 2494 5037 Θεοῦ
2519 4982 2692 5050 Λόγος
2719 4984 2788 5052 τῇ
2816 4981 2914 5050 τῆς
2939 4979 3191 5049 θεότητος
3217 4978 3470 5048 ἐνεργείᾳ
3492 4993 3556 5029 τε
3580 4979 3677 5030 καὶ
3697 4975 3786 5042 οὐ·

2211 5090 2294 5126 σει
2345 5071 2660 5144 παραδόξως
2687 5088 2745 5125 τε
2788 5071 2881 5124 καὶ
2911 5069 3053 5142 ὑπὲρ
3073 5068 3232 5138 λόγον
3261 5067 3488 5138 πληρῶν
3519 5068 3591 5121 τὰ
3613 5066 3785 5120 πάντα

2208 5165 2304 5220 καὶ
2348 5167 2462 5228 τοῖς
2507 5165 2678 5218 πᾶσιν
2716 5164 2874 5234 ἐπιδη
2885 5163 3022 5234 μῶν.
3090 5157 3224 5218 Εῑτα
3271 5160 3480 5232 προῖὼν
3529 5159 3610 5230 τῷ
3649 5159 3787 5227 λόγῳ

2205 5256 2380 5312 ταῦτα
2429 5256 2592 5310 πάλιν
2633 5256 2832 5325 φησιν’
2895 5253 3260 5326 ’Δνθρὼπινον
3308 5253 3410 5322 μὲν
3441 5251 3503 5305 τὸ
3528 5250 3782 5306 τεθνάναι

2206 5350 2398 5413 πάθος.
2435 5350 2722 5420 ἐνέργημα
2747 5347 3039 5402 δὲ’θεῖκδν
3071 5346 3136 5398 τὸ
3177 5343 3481 5401 ἀναϐιῶναι
3503 5359 3522 5374 θ
3569 5343 3780 5404 δεικνὺς

2203 5441 2240 5496 ἃ
2269 5442 2336 5495 δι’
2362 5441 2564 5512 ἀμφοῖν
2603 5441 2926 5512 γνωρίζεται
2955 5440 3078 5493 καθ’
3103 5441 3250 5511 ἡμᾶς
3274 5453 3337 5490 τε
3367 5437 3485 5507 ἅμα
3515 5436 3612 5490 καὶ
3643 5434 3778 5504 ὑπὲρ

2203 5536 2350 5607 ἡμᾶς
2383 5533 2458 5596 ὡς
2486 5533 2636 5598 Θεός.
2672 5531 2833 5603 Ὁρᾷς
2865 5533 3010 5596 ὅπως
3042 5533 3070 5585 ό
3095 5530 3391 5600 σεϐάσμιος
3418 5522 3576 5592 uino;
3598 5523 3779 5596 Πατὴρ
