3924 6294
571 337 599 406 1
615 339 715 407 159
1907 322 2120 382 AGAP]

2338 316 2586 379 [AGONI
3394 285 3405 291 ’
3773 304 3887 369 ne:

568 454 885 517 Phalaride,
934 452 1181 521 Agapeto
1221 452 1276 501 et
1314 443 1515 499 Basilio
1564 438 1882 495 Macedone.
1936 435 2130 521 Eidem
2181 431 2558 487 Hendreichio
2607 436 2984 485 memorantur
3025 440 3250 497 quoque
3309 424 3556 480 Andreae
3613 421 3888 478 Wernen'

571 548 690 620 (qui
744 545 938 600 Latine
985 517 1173 603 vertit,
1230 535 1479 608 Magdeb.
1532 533 1587 597 8,
1663 531 1746 586 uti
1793 518 2217 587 ctiam‘Petrus
2266 522 2570 594 Bizarrus),
2618 522 2859 577 Conradi
2903 519 3288 583 Rittershusii,
3336 518 3498 583 Lips.
3555 517 3757 583 1611,
3808 520 3881 574 12.

684 637 956 702 Bercovii,
985 644 1043 691 et
1072 632 1296 690 lienrici
1327 629 1559 686 Kitschii
1588 626 1863 683 editiones
1896 623 2047 693 Lips.
2083 619 2246 686 1615,
2270 617 2404 691 1[a.
2433 619 2593 681 16l0,
2620 619 2675 670 1.
2710 632 2800 687 ap.
2844 614 3120 683 Adelung.
3154 613 3193 667 l.
3225 611 3328 685 c.].

643 730 930 802 Expositio
958 727 1214 798 Capitum
1250 721 1732 796 paraeneticorum,
1762 729 1888 772 cum
1929 714 2074 768 notis
2116 710 2385 781 Stephani
2404 707 2769 778 Scbmningii,
2806 704 3186 769 Franeckerae,
3218 703 3379 768 1608,
3411 704 3497 768 8.,
3528 717 3688 758 cum
3712 708 3875 760 sancti

514 881 519 887 ,
570 816 677 881 Nili
708 794 1186 878 admonitionibus
1214 794 1270 872 et
1297 813 1483 870 libello
1506 813 1582 867 De
1616 808 1936 872 virtutibus,
1972 805 2069 875 qui
2091 802 2381 859 Aristoteli
2410 801 2679 856 tribuitur
2707 799 2845 871 [rec.
2875 798 3110 860 Gorlitz,
3144 796 3306 861 1679,
3334 794 3418 867 8].

513 956 521 973 .
639 915 777 971 Cum
808 913 1064 969 versione
1109 908 1340 979 duplici,
1366 901 1875 965 dissertationibus,
1914 896 2205 968 exemplis,
2250 894 2654 966 quaestionibus
2698 908 2799 963 per
2835 890 3137 962 Georgium
3188 889 3533 952 Drandium,
3601 887 3863 945 Francol.

699 1012 924 1042 ειοοι
964 1008 1065 1042 ΑΕΚ

699 1014 711 1028 .
824 1029 838 1042 ,
1037 1008 1065 1039 ι..

571 1014 713 1161 16ἒὲ
718 1006 1388 1160 ’ἰυέιῐὶἱὲϐἕξέιΐίίώθθω
1404 1095 1631 1149 Patrum
1661 1090 1954 1153 Ducatano,
1986 1086 2164 1143 Paris.
2191 1084 2352 1150 1624,
2386 1083 2483 1139 fol.
2503 1090 2636 1137 tom.
2668 1080 2736 1144 ll,
2761 1095 2887 1150 pag.
2916 1078 3057 1143 562;
3088 1087 3144 1132 et
3168 1086 3299 1133 tom.
3319 1075 3420 1132 XII
3448 1075 3614 1131 Bibi.
3654 1075 3858 1131 Patul-

572 1199 930 1261 Morellianae,
960 1196 1137 1250 Paris.
1175 1191 1334 1256 16M,
1375 1205 1432 1260 p.
1457 1188 1583 1243 607.

642 1288 871 1361 Agapeti
913 1260 1126 1340 Scheda
1156 1281 1308 1351 regia
1349 1287 1407 1333 et
1430 1275 1616 1333 Basilii
1654 1272 1971 1330 Macedonis
1998 1270 2416 1327 adhortationes
2457 1268 2526 1326 ad
2574 1267 2823 1361 Leonem
2850 1261 3228 1361 ﬁliuni-cun:
3267 1260 3551 1361 rversione
3590 1261 3852 1316 recensita

575 1400 605 1438 a
634 1347 957 1438 Bernbardo
998 1347 1687 1437 Damke,‘Hamburgensi,
1735 1362 1940 1419 additis
1968 1362 2089 1435 ejus
2122 1360 2272 1415 notis
2315 1357 2424 1432 [sat
2466 1352 2755 1427 copiosis],
2785 1352 2954 1407 Basil.
2987 1349 3145 1415 1655,
3196 1348 3229 1403 8
3267 1347 3429 1421 [usus
3506 1364 3751 1419 quoque
3788 1360 3854 1401 est

577 1477 689 1622 edA
693 1466 1121 1638 3:33-51:23:
1171 1555 1319 1626 regia
1370 1559 1660 1623 repurgata
1706 1549 1923 1604 mendis
1967 1559 2025 1604 et
2059 1546 2351 1617 explanata
2382 1560 2414 1599 a
2457 1544 2520 1600 P.
2548 1541 2779 1598 Guerin.
2830 1539 3008 1594 Paris.
3055 1535 3215 1591 1655.
3246 1537 3301 1591 8.
3342 1535 3516 1591 Fam.
3573 1534 3849 1608 [ascriptis

577 1667 635 1721 in
662 1632 876 1720 Biniau.
907 1658 1082 1715 Catal.
1125 1663 1260 1708 tom.
1297 1650 1388 1716 lll,
1430 1650 1542 1703 vol.
1582 1648 1626 1712 1,
1669 1662 1794 1718 pag.
1835 1646 1927 1713 99,
1967 1653 2089 1701 est:
2127 1641 2354 1719 Agapeti
2400 1640 2599 1711 Capita
2628 1635 2999 1693 admonitoria
3035 1649 3201 1697 Lxxn,
3235 1632 3303 1687 ad
3349 1633 3672 1688 Justinian.
3716 1635 3847 1704 imp.

579 1761 675 1819 Gr.
716 1769 773 1815 et
810 1756 929 1815 Lat.
971 1770 1038 1813 ex
1066 1747 1412 1807 correctione
1445 1753 1502 1799 et
1533 1758 1660 1799 cum
1688 1741 2075 1814 explanatione
2114 1740 2175 1794 P.
2214 1738 2444 1794 Guerin.
2478 1735 2653 1791 Paris.
2683 1734 2813 1791 Seb.
2837 1732 3145 1801 Cramoisy,
3184 1730 3348 1791 1655,
3387 1730 3443 1783 8.

647 1879 719 1889 --
746 1843 1029 1916 Expositio
1068 1835 1435 1896 admonitoria
1470 1848 1595 1889 cum
1649 1826 2037 1903 explanatione
2076 1829 2335 1885 familiari
2374 1843 2573 1882 vocum
2619 1825 2895 1891 omnium,
2929 1832 3044 1878 aut.
3068 1821 3234 1877 Guid.
3294 1821 3643 1887 Britonello,
3695 1822 3841 1877 Paris.

579 1943 740 2009 1654,
781 1940 816 1995 8
844 1938 1136 2010 (Adelung.
1165 1950 1230 1989 ex
1258 1931 1396 1987 bibl.
1427 1929 1599 2000 Regia
1636 1926 1863 1998 Paris).

649 2003 922 2089 Haittai‘re
950 2029 1019 2107 ‘in
1055 2003 1121 2081 A.
1175 2025 1241 2079 Τ.
1296 2025 1353 2078 in
1386 2020 1559 2076 lndic.
1604 2035 1660 2090 p.
1699 2019 1788 2082 11,
1843 2017 1979 2072 citat
2022 2014 2186 2070 aliam
2232 2012 2370 2068 edit.
2420 2011 2650 2083 Agapeti
2695 2008 2981 2080 Expositio
3020 2006 3417 2071 admonitoria,
3454 2004 3717 2061 Gr.cum
3744 2003 3841 2059 Lat.

575 2129 829 2183 versione
858 2133 915 2181 et
952 2103 1341 2199 explanatione
1373 2116 1539 2172 Guid.
1580 2112 1896 2175 Britouelli,
1942 2119 2052 2165 etc.
2092 2108 2272 2163 Paris.
2308 2122 2398 2178 ap.
2420 2107 2507 2163 Jo.
2548 2105 2784 2169 Libert.,
2822 2104 2983 2164 16³59.
3015 2104 3068 2157 8.
3098 2103 3264 2158 Hann.

649 2219 787 2275 Cum
826 2187 1117 2272 notis'J-ac.
1149 2208 1447 2272 Brunonis,
1486 2215 1542 2261 et
1574 2204 1693 2270 ﬁlii,
1724 2203 1838 2259 Jac.
1865 2199 2141 2257 Pancratii
2173 2197 2473 2263 Brunonis,
2509 2196 2711 2268 Lipsiae
2746 2204 2803 2251 et
2833 2194 3081 2249 Norimb.
3118 2193 3277 2258 1669,
3311 2191 3363 2245 8.
3394 2189 3487 2262 [Υ.
3519 2206 3655 2260 qua
3682 2187 3837 2243 notati

577 2315 634 2370 in
656 2310 866 2367 Introd.
898 2309 953 2363 in
984 2306 1125 2361 Hist.
1158 2304 1198 2358 l.
1231 2302 1329 2359 Gr.
1364 2300 1432 2366 Il,
1474 2308 1617 2370 part.
1660 2315 1697 2365 ι,
1738 2312 1863 2368 pag.
1894 2293 2047 2366 £06.]

647 2400 924 2457 Brunonis
966 2396 1103 2452 edit.
1154 2393 1392 2465 repetita
1429 2400 1513 2445 est
1560 2398 1616 2444 et
1659 2396 1819 2443 aucta
1861 2388 1918 2440 in
1969 2400 2089 2455 seq.
2141 2384 2432 2440 editione:
2481 2382 2711 2453 Agapeti
2771 2379 3045 2436 Schedam
3085 2377 3292 2449 regiam
3343 2372 3840 2446 praeceptorumde

578 2496 762 2553 ofﬁcio
788 2491 921 2548 boni
947 2488 1215 2560 principis
1243 2485 1312 2539 ad
1352 2484 1740 2554 imperatorem
1779 2478 2080 2534 Justinian.
2126 2477 2435 2541 recensuit,
2482 2477 2632 2530 notis
2680 2475 2795 2530 Jac.
2832 2480 2891 2529 et
2931 2473 3049 2529 Jac.
3099 2472 3356 2526 Pancrat.
3414 2469 3771 2531 Brunonnm.
3796 2480 3839 2521 et

578 2587 717 2648 suis,
748 2580 1140 2647 iudicibusque
1176 2573 1438 2630 instruxit
1467 2571 1553 2626 Jo.
1581 2569 1875 2639 Augustin.
1905 2565 2238 2622 Grcebelius.
2274 2565 2425 2636 Lips.
2458 2565 2545 2621 Jo.
2573 2563 2706 2620 Cbr.
2750 2563 2995 2629 Martini,
3037 2561 3198 2625 1755,
3231 2560 3283 2616 8.
3323 2561 3502 2616 Hann.

1835 2682 2059 2753 Agapeti
2089 2681 2340 2735 editiones
2369 2679 2596 2735 Latinae.

650 2816 811 2890 Apud
847 2812 1167 2873 Baronium,
1198 2807 1267 2864 ad
1297 2822 1349 2860 a.
1377 2804 1439 2861 C.
1473 2804 1599 2869 527,
1625 2818 1684 2857 n.
1710 2802 1744 2855 4
1784 2815 1903 2872 seq.

650 2888 715 2966 In
756 2906 1075 2964 Bibliotheca
1113 2902 1362 2965 Patrum,
1420 2898 1597 2954 Paris.
1641 2896 1800 2960 1575,
1853 2894 2011 2960 1621,
2046 2903 2183 2951 tom.
2227 2894 2296 2961 ll,
2330 2910 2386 2966 p.
2417 2894 2542 2960 565,
2589 2902 2755 2965 atque
2796 2894 2854 2949 in
2895 2893 3018 2949 aliis
3042 2890 3390 2950 editionibus
3416 2888 3837 2953 Parisiensibas,

580 3000 920 3065 Coloniensi,
952 3006 1009 3053 et
1035 2995 1278 3065 denique
1308 2993 1364 3048 in
1389 2988 1746 3062 Lugdunensi
1783 2997 1933 3043 tomo
1955 2987 2051 3043 IX.

648 3093 730 3149 Ex
758 3089 957 3146 Albani
979 3085 1170 3143 Torini
1190 3083 1446 3138 versione
1478 3080 1644 3134 Basil.
1672 3077 1831 3139 1541,
1858 3077 1912 3141 8,
1954 3076 2025 3130 ad
2052 3075 2265 3132 calcem
2287 3072 2624 3141 Onosandri,
2660 3072 2808 3143 apud
2836 3072 3137 3129 Robertum
3161 3073 3405 3131 Winter.

650 3188 733 3243 Ex
754 3181 1086 3255 Metaphrasi
1122 3179 1347 3235 heroica
1371 3174 1615 3231 Menradi
1634 3171 1912 3238 Moltheri,
1946 3169 2241 3242 Hagenore,
2268 3168 2430 3232 1527,
2457 3166 2512 3224 8.

651 3286 733 3340 Ex
771 3281 1026 3338 versione
1059 3285 1116 3332 et
1140 3290 1265 3330 cum
1292 3271 1523 3328 scholiis
1550 3267 1743 3324 Jacobi
1775 3265 2049 3338 Huggelii,
2075 3264 2360 3329 Mulbusii,
2383 3262 2543 3329 1560,
2567 3262 2622 3319 8.

655 3382 735 3435 Ex
769 3377 1029 3432 versione
1054 3369 1246 3427 Joach.
1284 3365 1504 3429 Axonii,
1534 3362 1818 3427 Graviani,
1850 3362 2134 3432 Antwerp.
2175 3361 2335 3427 1561,
2367 3360 2421 3414 8.

655 3472 806 3526 Halae
839 3468 967 3523 Sax.
1002 3463 1162 3527 1595,
1192 3461 1247 3528 8,
1276 3460 1347 3515 ad
1381 3459 1466 3515 Jo.
1494 3456 1932 3528 Sigismundum,
1956 3455 2334 3512 marehionem
2373 3453 2946 3524 Brandenburgicnm,
2983 3452 3169 3509 studio
3197 3454 3283 3510 Jo.
3314 3454 3554 3522 Olearii,
3591 3455 3837 3528 adiunctis

585 3562 863 3635 capitibus
896 3558 1230 3629 Augustam:
1260 3550 1497 3608 confess.
1532 3558 1588 3604 et
1620 3548 1747 3605 libri
1782 3546 2124 3603 Concordiae.

654 3653 1005 3727 Aphorismis
1048 3664 1191 3705 Lxxn
1222 3646 1584 3702 distributum
1627 3643 1841 3699 Latinis
1895 3643 2153 3698 versibus
2184 3642 2359 3714 elegis
2388 3641 2633 3698 reddidit
2667 3640 2786 3697 Edo
2832 3640 3172 3707 Neubusius,
3204 3639 3676 3711 Steinl‘urtianus,
3706 3645 3836 3704 1603.

585 3752 840 3833 Erancol‘.
868 3752 902 3807 8
926 3768 942 3818 ;
975 3762 1100 3803 eum
1123 3745 1343 3801 Ottonis
1362 3740 1659 3807 Casmanni
1689 3739 1997 3811 Systemate
2029 3739 2299 3794 doctrinae
2327 3738 2565 3808 vitaeque
2600 3737 2860 3809 politicae.

1711 3857 1958 3959 Gallicae,
1982 3856 2306 3928 Hispaniam,
2333 3856 2681 3913 Germanica.

657 3988 887 4051 Gallice,
916 4001 947 4040 a
981 3984 1194 4040 Joanne
1238 3980 1414 4044 Picot,
1464 3976 1642 4031 Paris.
1681 3974 1840 4039 1565,
1882 3973 1937 4028 8.
1975 3971 2120 4027 Hinc
2163 3972 2233 4028 ab
2264 3971 2605 4043 Hieronymo
2652 3971 3065 4037 Beneventano,
3095 3971 3231 4026 ibid.
3262 3971 3314 4026 8.
3359 3971 3504 4027 Tum
3547 3973 3839 4044 Pardulpho

586 4078 809 4138 Prateio
856 4076 1198 4144 interprete,
1234 4069 1410 4139 Lugd.
1467 4065 1627 4131 1570,
1659 4063 1712 4118 8.
1770 4062 1952 4132 Atque
1988 4077 2057 4116 ex
2108 4062 2371 4117 versione
2418 4060 2686 4116 Ludovici
2745 4060 2865 4116 XIII
2888 4085 2911 4126 ,·
2968 4061 3157 4119 Galliae
3211 4063 3379 4134 regis.
3442 4063 3544 4119 La
3602 4078 3839 4137 ρηεερισ

587 4174 910 4243 d‘Agupetus
943 4186 974 4223 a
1004 4166 1269 4222 Justinien
1298 4204 1313 4230 ,
1352 4179 1446 4217 sur
1493 4176 1597 4214 une
1648 4160 1857 4214 version
1880 4157 2104 4223 Latine,
2135 4175 2237 4229 par
2277 4157 2326 4211 le
2364 4159 2444 4212 roi
2481 4156 2640 4211 Louis
2685 4156 2840 4224 XIII,
2880 4174 2946 4211 en
2978 4174 3061 4212 ses
3105 4157 3281 4224 legans
3310 4161 3639 4216 ordinaires.
3685 4164 3835 4218 Paris.

668 4267 752 4333 12,
799 4265 854 4320 8.

668 4269 730 4321 12
799 4269 854 4320 8.

557 4269 990 4431 .wﬂispanice,
1041 4370 1144 4426 per
1174 4351 1639 4424 Cbristophorum
1690 4351 1983 4422 Mosquera
2036 4349 2105 4405 de
2153 4349 2444 4421 Figueroa.
2496 4348 2718 4405 Madrit.
2766 4348 2940 4415 1596,
2989 4349 3043 4403 1.
3089 4348 3285 4421 Regia:
3327 4367 3468 4421 para
3513 4351 3595 4404 los
3639 4367 3737 4421 quc
3767 4366 3839 4420 go-

589 4472 1006 4605 magna“,
1042 4536 1281 4593 Martino
1310 4535 1538 4591 Mollero
1578 4534 1896 4604 interprete
1920 4574 1935 4599 ,
1987 4532 2205 4589 Gorlitii
2231 4572 2247 4599 ,
2300 4529 2437 4588 1590
2480 4528 2620 4603 [alii,
2648 4528 2839 4602 1591],
2871 4529 3033 4596 1605,
3067 4531 3124 4587 8.
3154 4530 3226 4585 Et
3257 4545 3325 4585 ex
3356 4531 3619 4586 versione
3662 4530 3839 4586 Nicohi

587 4632 811 4705 Glajeri,
846 4630 1030 4685 Brem.
1067 4628 1224 4696 1619,
1252 4628 1322 4697 4;
1352 4641 1479 4683 cum
1514 4626 1684 4680 laude
1709 4624 2026 4695 philomela;
2062 4631 2120 4679 et
2149 4624 2398 4679 Luciano
2438 4623 2509 4678 de
2544 4622 2821 4689 calumnia
2851 4637 2916 4678 ac
2948 4623 3136 4678 tabula
3172 4621 3416 4677 Cebetis.
3443 4620 3611 4676 Fam.
3657 4622 3841 4691 Regen-

589 4737 682 4783 ten
716 4722 1006 4785 Buchlein,
1033 4720 1405 4790 Wittenberg.
1437 4716 1592 4782 1550,
1617 4718 1673 4772 1.
1706 4715 1967 4771 Praelatio
1984 4724 2267 4771 auctorem
2296 4714 2468 4771 habet
2488 4714 2609 4769 Nic.
2641 4713 2975 4769 Krumbacb.
3002 4712 3162 4769 Conf.
3191 4711 3437 4783 Beim'ige
3462 4728 3566 4765 καί·
3587 4712 3837 4766 hunc»:

589 4817 823 4875 Historie
850 4815 945 4868 der
974 4815 1257 4868 deutschen
1291 4810 1552 4881 Sprache,
1579 4818 1712 4873 ctc.,
1751 4815 1892 4878 part.
1922 4824 1975 4872 x,
2007 4823 2130 4878 pag.
2156 4806 2257 4861 201
2288 4821 2406 4876 seq.
2438 4814 2493 4861 et
2527 4804 2598 4861 de
2633 4805 2738 4859 hac
2764 4804 2999 4874 aliisque
3053 4805 3287 4874 interpr.
3333 4818 3585 4873 german.
3632 4803 3742 4857 vid.
3782 4802 3838 4854 cl.

587 4914 770 4981 Degen
802 4909 859 4963 in
890 4906 1190 4961 Litteratur
1215 4905 1310 4956 der
1336 4901 1619 4954 deutschen
1649 4899 1945 4955 L’ebersetz.
1972 4898 2067 4954 der
2094 4897 2371 4961 Griechen,
2398 4906 2536 4951 tom.
2578 4896 2622 4959 1,
2648 4911 2773 4966 pag.
2805 4894 2877 4949 48
2915 4910 3070 4965 seqq.
3113 4895 3263 4950 ldem
3291 4895 3348 4949 in
3378 4893 3657 4967 Nachtrag
3681 4912 3741 4949 an
3768 4896 3841 4946 der

588 5004 906 5067 Litteratur,
939 5006 1047 5052 etc.
1085 4997 1312 5064 Erlang.
1343 4991 1504 5057 1801,
1539 4991 1594 5055 8,
1623 5007 1678 5063 p.
1709 4991 1776 5046 15
1813 4991 1895 5062 (ut
1918 4992 2029 5062 jam
2065 5006 2234 5061 supra
2264 4987 2502 5060 monui),
2542 4995 2796 5042 recenset
2820 4986 3132 5042 versionem
3169 5001 3417 5058 german.
3450 4985 3509 5040 in
3544 4986 3842 5042 Griechische

588 5086 994 5164 Sprachubuug,
1028 5095 1165 5153 ctc.,
1196 5083 1433 5141 Gothen.
1475 5082 1634 5149 1620,
1667 5081 1720 5137 8.
1754 5113 1824 5122 -
1854 5081 1913 5135 in
1948 5081 2170 5136 Memor.
2202 5079 2511 5148 Beitrdgen,
2547 5084 2657 5132 etc.
2690 5077 2864 5132 altera
2909 5075 3018 5147 (vel
3049 5077 3235 5149 potius
3262 5074 3451 5146 tertia)
3481 5078 3625 5134 edit.
3664 5078 3843 5134 Hellen

586 5188 831 5242 version.
858 5199 1030 5254 germ.
1065 5197 1192 5237 cum
1223 5190 1373 5237 textu
1410 5179 1602 5235 Graeco
1631 5188 1688 5235 et
1716 5179 1910 5255 Latina
1946 5179 2297 5248 interpretat.
2331 5176 2631 5246 Agapetus,
2660 5174 2719 5228 h.
2751 5190 2804 5229 e.
2848 5173 3363 5247 Regrmenbichleiu
3387 5215 3404 5240 ,
3431 5184 3569 5241 ctc.,
3595 5178 3843 5247 prodiisse

588 5282 815 5346 dicitur,
856 5279 1016 5345 1618,
1072 5279 1126 5332 8.
1162 5309 1232 5319 ——
1266 5277 1350 5333 Ab
1385 5292 1661 5349 anonymo
1693 5275 1956 5332 German.
1987 5290 2137 5331 versr

1870 5292 1956 5331 an.
1987 5289 2183 5331 versus
2217 5284 2304 5328 est
2333 5272 2578 5336 libellus,
2618 5256 2872 5327 Francol‘.
2903 5279 2960 5326 et
2986 5271 3138 5342 Lips.
3172 5270 3335 5339 1782,
3366 5271 3419 5325 8.

656 5378 890 5449 Anglice
943 5392 1143 5432 versus
1179 5384 1267 5431 est
1310 5375 1535 5431 libellus
1577 5390 1610 5428 a
1654 5374 1859 5428 Thom.
1904 5372 2148 5444 Paynell.
2194 5370 2461 5435 Londini,
2484 5384 2574 5440 ap.
2619 5368 2818 5424 Thom.
2851 5368 3151 5425 Berthelet.
3184 5368 3275 5434 12,
3305 5369 3425 5426 sine
3456 5371 3590 5426 anni
3622 5382 3769 5428 nota.
3792 5400 3845 5411 —

586 5472 956 5527 Introduction
998 5478 1048 5525 to
1118 5471 1410 5542 wifedome,
1442 5469 1645 5525 Banket
1689 5468 1752 5539 of
1784 5467 2064 5539 Sapience,
2093 5467 2201 5521 and
2231 5474 2470 5538 precepts
2495 5465 2557 5535 of
2584 5464 2874 5536 Agapetus.
2918 5463 3162 5527 London,
3211 5465 3423 5535 printed
3467 5465 3558 5535 for
3598 5468 3845 5523 Abl-chen

588 5564 766 5632 Veale,
803 5564 924 5620 sine
947 5565 1077 5619 anni
1113 5563 1346 5628 indicio,
1378 5564 1464 5618 16.
1489 5573 1609 5619 -et
1630 5562 1799 5616 Lond.
1831 5562 1884 5615 iu
1911 5559 2221 5614 Fletestrete
2251 5560 2307 5612 in
2340 5558 2424 5611 the
2450 5558 2612 5611 house
2641 5556 2703 5628 of
2712 5556 2894 5611 Thom.
2927 5553 3213 5622 Berthetet,
3246 5553 3661 5621 1550,12.-ν.
3698 5557 3847 5626 Bri;-

586 5667 843 5721 gemann,
870 5652 1010 5717 Viw,
1044 5662 1176 5717 ctc.,
1211 5669 1268 5722 p.
1310 5652 1438 5707 442.

660 5741 738 5796 De
763 5742 947 5797 ltalica
983 5744 1258 5812 versione,
1289 5745 1487 5801 Venet.
1521 5744 1682 5830 1535,
1720 5743 1842 5800 8.V.
1866 5742 2081 5801 Paitoni
2102 5781 2119 5813 ,
2153 5739 2370 5833 Bibliot.
2405 5739 2546 5811 dein
2577 5739 2756 5795 autori
2777 5769 2847 5780 —
2873 5736 3241 5810 wlgarizzati,
3286 5738 3329 5807 Ι,
3371 5752 3492 5810 pag.
3524 5737 3584 5794 8.
