3924 6294
128 405 136 415 ,
215 333 351 398 1165

1419 333 1686 394 CAPITA
1723 332 2280 395 ADMONITORIA.

3337 343 3478 414 1166

212 439 503 518 φυλακὴν,
531 447 624 502 καὶ
675 445 782 498 τῶν
837 445 956 498 κατ’
1007 444 1174 497 αὐτοῦ
1241 444 1565 498 λυσσώντων
1609 444 1797 498 ἐκδιώ-

1918 459 2092 499 :orum
2142 445 2236 516 qui
2286 446 2584 514 adversum
2633 442 2816 518 ipsum
2872 444 3177 519 insaniunt,
3213 452 3472 516 [unum

213 542 308 611 ξῃς
357 540 455 611 τὴν
488 537 717 609 ὑλακὴν,
748 537 853 590 ὐπὸ
894 537 1003 590 τῶν
1057 537 1232 590 αὐτοῦ·
1259 537 1334 609 (6)
1370 536 1792 608 βασιλευόμενος

213 635 413 704 νόμων,
450 633 546 685 καὶ
571 630 680 684 τῶν
706 630 811 682 ὐπὸ
843 629 903 682 σὲ
945 629 1248 697 βασιλεύων
1279 630 1541 700 ἐννόμως.

824 721 1075 775 ΚΕΦΑΛ.
1107 723 1182 772 B'.

295 812 383 875 Ὠς
409 813 748 883 κυϐερνήτης
781 815 1054 882 ἀγρυπνεῖ
1085 813 1172 866 διὰ
1205 813 1430 876 παντὸς,
1462 813 1491 866 ὁ
1516 813 1610 866 τοῦ
1637 812 1795 883 βασι-

1897 535 2190 615 cohiberes
2229 556 2242 591 :
2295 538 2474 608 ipsius
2513 539 2958 612 obtemperando
2985 543 3220 615 legibus,
3245 561 3312 604 ac
3341 548 3480 606 sub-

1896 612 2044 682 ditos
2071 628 2172 684 tibi
2205 630 2448 700 regendo
2477 631 2743 702 legitime.

2565 723 2720 778 CAP.
2754 725 2819 780 II.

1966 813 2080 869 Ceu
2117 815 2479 885 gubernator,
2515 817 2710 888 vigilat
2752 835 2929 890 usque
2957 824 3096 880 adeo
3130 827 3484 896 imperatoris

210 907 346 984 λᾴως
402 906 790 976 πολυόμματος
829 905 974 969 νοῦς,
1014 905 1352 974 διακατέχων
1392 903 1653 972 ἀσφαλῶς
1691 904 1797 974 τῆς

1918 905 2319 964 ιουιιιιίεείῐηυε
2357 909 2698 976 intellectus,
2730 913 3025 970 continens
3053 916 3289 975 ﬁrmiter
3313 923 3484 992 tequi-

212 992 470 1070 εὐνομίας
494 1000 622 1062 τοὺς
647 999 862 1064 οἴακας,
890 999 988 1051 καὶ
1011 998 1406 1069 ἀπωθούμενος
1432 997 1676 1069 ἰσχυρῶς
1695 998 1798 1068 τῆς

212 1091 441 1164 ἀνομίας
468 1093 596 1155 τοὺς
619 1089 852 1162 ῥύακας,
882 1090 968 1143 ἵνα
998 1091 1059 1144 τὸ
1091 1091 1300 1160 σκάφος
1324 1093 1424 1162 τῆς
1445 1091 1795 1162 παγκοσμίου

142 1171 154 1179 ’
209 1161 494 1246 πολιτείας
537 1161 954 1256 μὴνπεριπίπτῃ
985 1184 1234 1255 κύμασιν
1270 1161 1509 1248 ἀδικίας.

827 1297 1080 1352 ΚΕΦΑΛ.
1115 1299 1188 1352 Γν.
1458 1364 1461 1365 ί

286 1391 442 1444 Θεῖον
487 1387 724 1460 μάθημα
761 1389 858 1441 καὶ
902 1388 1124 1458 πρῶτον
1157 1390 1206 1441 oi
1239 1387 1539 1460 ἄνθρωποι,
1567 1388 1628 1441 τὸ
1656 1388 1798 1456 γνῶ-

213 1484 302 1535 ναί
346 1499 469 1536 τινα
523 1482 718 1535 ἑαυτὸν
751 1481 850 1552 (7),
880 1480 1269 1552 διδασκόμεθα.
1331 1482 1389 1535 Ὀ
1440 1481 1549 1553 γὰρ
1601 1483 1798 1536 ἑαυτὸν

213 1576 400 1642 γνοὺς,
431 1575 702 1642 γνώσεται
733 1574 866 1628 Θεόν
893 1592 906 1602 ·
935 1574 1071 1627 Θεὸν
1097 1574 1154 1628 δὲ
1186 1576 1214 1628 ὁ
1246 1575 1429 1643 γνούς,
1456 1575 1797 1646 ὁμοιωθήσει-

213 1684 304 1718 ται
335 1666 455 1737 Θεῷ
481 1682 494 1695 °
523 1667 924 1736 ὁμοιωθήσεται
969 1667 1027 1720 δὲ
1074 1665 1216 1736 Θεῷ,
1248 1669 1276 1720 ὁ
1306 1665 1456 1731 ἄξιος
1503 1667 1800 1738 γενόμενος

212 1760 350 1812 Θεοῦ
377 1775 387 1787 ·
417 1758 569 1824 ἄξιος
597 1759 655 1812 δὲ
679 1758 889 1827 γίνεται
925 1759 1085 1824 Θεοῦ,
1178 1761 1345 1832 μηδὲν
1381 1761 1798 1831 άνὰξιονπράτ-

1900 998 2029 1051 tatis
2067 998 2308 1064 clavum,
2353 1009 2519 1070 atque
2569 1003 2853 1072 expellens
2892 1008 3116 1064 fortiter
3142 1012 3484 1081 impetuosos
3519 1021 3527 1030 '

1899 1091 2210 1161 iniquitatis
2262 1092 2485 1160 ﬂuctus,
2528 1103 2590 1150 ut
2634 1113 2703 1152 ne
2746 1098 2941 1168 cymba
2970 1103 3264 1159 mundana:
3295 1107 3483 1176 reipu-

1899 1181 2056 1237 blicte
2089 1181 2339 1237 illidatur
2376 1184 2639 1241 ﬂuctibus
2660 1188 2998 1258 iniquitatis.

2548 1297 2698 1353 CAP.
2741 1299 2832 1355 III.

1979 1383 2235 1440 Divinum
2285 1387 2686 1443 documentum
2733 1399 2792 1445 et
2842 1394 3214 1462 potissimum,
3253 1415 3354 1455 nos
3382 1402 3485 1456 ho-

1900 1473 2098 1541 mines,
2144 1486 2206 1531 ut
2248 1487 2545 1548 cognoscat
2591 1495 2650 1535 se
2699 1483 2961 1552 quisque,
3033 1487 3319 1546 docemur.
3379 1494 3485 1559 Qui

1899 1566 2049 1620 enim
2091 1567 2337 1637 seipsum
2393 1572 2668 1641 cognovit,
2730 1585 3031 1644 cognoscet
3064 1579 3278 1634 Deum:
3312 1584 3486 1640 Deum

1904 1672 2038 1712 vero
2085 1659 2182 1728 qui
2223 1661 2398 1727 novit,
2447 1663 2850 1719 assimilabitur
2889 1667 3002 1722 Deo
3045 1686 3058 1722 :
3091 1672 3486 1731 assimilahitur

1907 1757 2093 1805 autem
2122 1751 2256 1818 Deo,
2292 1754 2384 1824 qui
2419 1754 2620 1826 dignus
2647 1755 2826 1812 factus
2855 1759 2971 1814 Deo
3000 1772 3085 1817 est
3111 1781 3124 1816 :
3155 1764 3354 1835 dignus
3386 1769 3485 1822 de-

213 1867 322 1903 των
350 1850 510 1915 Θεοῦ,
553 1825 700 1904 ἀλλά
727 1851 940 1921 φρονῶν
983 1853 1083 1924 μὲν
1117 1825 1194 1907 ’τά
1237 1825 1425 1920 αὐτοῦ,
1460 1825 1640 1909 λαλῶν
1676 1825 1732 1908 δὲ
1760 1855 1797 1908 ὃ.

1918 1842 2072 1913 lique
2101 1842 2162 1896 ﬁt
2198 1843 2333 1910 Deo,
2363 1846 2458 1915 qui
2487 1846 2629 1901 nihil
2657 1846 2944 1919 indignum
2974 1861 3158 1921 patrat
3188 1825 3300 1910 Dveo
3337 1875 3351 1910 :
3389 1859 3484 1913 sed

215 1944 423 2011 φρονεῖ,
455 1940 625 1994 ποιῶν
647 1940 706 1992 δὲ
737 1940 773 1994 ά
796 1939 970 1996 λαλεῖ.

818 2139 1072 2196 ΚΕΦΑΛ.
1125 2141 1200 2194 Δ’.

300 2227 424 2286 Ἐπὶ
455 2233 736 2305 προγόνων
759 2236 1010 2308 εὐγενείᾳ
1041 2236 1232 2306 μηδεὶς
1254 2235 1636 2308 ἐναϐρυνέσθω
1655 2254 1669 2268 ·
1694 2248 1800 2308 πη-

215 2326 308 2379 λὸν
340 2327 447 2398 γάρ
475 2325 661 2396 ἔχουσι
710 2327 911 2390 πάντες
957 2327 1052 2382 τοῦ
1092 2328 1284 2397 γένους
1327 2329 1672 2401 προπάτορα,
1705 2333 1801 2383 καὶ

213 2421 263 2472 oi
287 2420 346 2471 ὲν
372 2418 634 2489 πορφύρᾳ
657 2420 753 2472 καὶ
782 2418 965 2490 βύσσῳ
999 2418 1372 2490 καυχώμενοι,
1408 2422 1503 2475 καὶ
1536 2423 1585 2474 oi
1609 2423 1668 2476 ὲν
1697 2440 1797 2476 πε-

215 2513 308 2582 νίᾳ
338 2513 434 2564 καὶ
455 2511 596 2580 νόσῳ
623 2513 948 2583 τρυχόμενοι
981 2512 1079 2584 (8),
1107 2514 1201 2566 καὶ
1233 2516 1280 2567 oi
1311 2513 1618 2585 διαδήματα
1641 2532 1800 2584 περι-

216 2604 484 2673 κείμενοι,
516 2603 613 2656 καὶ
661 2603 711 2654 oi
759 2601 850 2655 διά
901 2603 1111 2673 δόματα
1152 2603 1230 2673 (9)
1282 2605 1670 2675 προκείμενοι.
1707 2604 1799 2677 Μὴ

217 2696 398 2749 τοίνυν
450 2695 532 2757 είς
580 2693 807 2763 πήλινον
856 2692 1259 2764 ὲγκαυχώμεθα
1305 2693 1499 2763 γένος,
1545 2696 1660 2750 ἀλλ’
1706 2697 1801 2750 ἐπὶ

217 2787 549 2860 χρηστότητι
581 2803 638 2838 σε
647 2783 975 2855 μνυνὼμεθα
1007 2786 1246 2855 τρόπων.

811 2900 1061 2952 ΚΕΦΔΛ.
1104 2900 1181 2953 E'.

293 2992 457 3056 Ἰσθι,
490 2985 535 3043 ῶ
585 2991 869 3052 εὐσεϐείας
909 2989 1228 3044 Οεότευκτον
1275 2990 1519 3062 ἄγαλμα,
1553 2992 1634 3046 ὅτι
1691 2994 1801 3066 ὅσῳ

224 3084 478 3155 μεγάλων
508 3083 756 3154 ἠξιώθης
786 3084 940 3153 παρὰ
964 3083 1100 3137 Θεοῦ
1127 3085 1370 3155 δωρεῶν,
1402 3087 1644 3157 τοσούτῳ
1683 3088 1800 3157 μεί⁹

1897 1933 1995 2005 qui
2037 1943 2101 1990 ut
2144 1936 2350 2006 cogitat
2393 1953 2517 2008 qua:
2554 1940 2732 2009 ipsius
2775 1950 2927 2006 sunt,
2979 1945 3057 1998 ita
3095 1957 3204 2002 tam
3236 1949 3488 2020 loquitur

1898 2041 2022 2098 qua:
2046 2029 2272 2099 cogitat,
2298 2046 2463 2100 quam
2488 2021 2619 2087 facit
2640 2049 2764 2103 qua:
2789 2035 3058 2110 loquitur.

2553 2145 2706 2201 CAP.
2743 2148 2830 2204 IV.

1971 2225 2241 2305 Majorum
2291 2236 2585 2293 nobilitate
2635 2255 2706 2294 ne
2750 2242 2879 2310 quis
2923 2258 2984 2297 se
3020 2245 3192 2315 jactet
3232 2264 3245 2300 :
3299 2248 3487 2304 limum

1900 2323 2047 2376 enim
2090 2324 2298 2379 habent
2334 2341 2528 2382 omnes
2552 2330 2773 2398 generis
2802 2341 3108 2402 auctorem,
3138 2345 3194 2390 et
3229 2338 3322 2406 qui
3356 2355 3491 2408 pur-

1900 2430 2042 2484 pura
2083 2415 2361 2487 byssoque
2415 2427 2657 2490 turgent,
2707 2431 2764 2477 et
2806 2424 2902 2493 qui
2945 2438 3272 2498 paupertate
3301 2441 3356 2487 et
3389 2433 3489 2488 ad~

1900 2520 2062 2560 versa
2103 2507 2421 2564 valetudine
2480 2511 2818 2582 aﬁliguntur,
2883 2523 2994 2570 tam
3035 2519 3131 2588 qui
3174 2519 3490 2580 diademate

1901 2595 2146 2650 redimiti
2210 2609 2360 2666 sunt,
2409 2616 2577 2670 quam
2619 2605 2717 2673 qui
2769 2609 3185 2667 emendicandae
3241 2617 3492 2684 pecunias

1901 2700 2067 2741 causa
2105 2696 2560 2756 prosternuntur.
2598 2693 2680 2748 Ne
2726 2696 2897 2766 igitur
2937 2698 3275 2756 lutulentum
3314 2706 3491 2775 jacte-

1903 2791 2027 2832 mus
2056 2793 2251 2848 genus,
2275 2782 2372 2837 sed
2406 2799 2628 2840 morum
2657 2787 2978 2861 integritate
3004 2793 3332 2864 gloriemur.

2563 2896 2716 2953 CAP.
2749 2901 2812 2956 V.

1975 2983 2146 3050 Scito,
2179 2999 2213 3039 o
2259 2985 2482 3055 pietatis
2520 2986 2788 3044 divinitus
2821 2991 3150 3051 fabricatum
3183 3002 3488 3070 specimen,

1903 3077 2033 3144 quia
2075 3085 2284 3146 quanto
2332 3079 2638 3149 majoribus
2695 3081 2897 3152 dignus
2953 3085 3178 3145 habitus
3239 3108 3321 3158 es,
3391 3097 3491 3149 tri-

219 3178 376 3243 ζονος
432 3175 668 3246 ἀμοιϐῆς
710 3177 996 3245 ὀφειλέτης
1057 3177 1326 3246 ὑπάρχεις
1384 3179 1552 3249 αὐτῷ.
1587 3179 1799 3234 Οὐκοῦν

1918 3171 2110 3223 υιιεηῐε
2151 3169 2284 3236 Deo,
2330 3171 2679 3235 muneribus,
2727 3180 2880 3230 tanto
2924 3179 3162 3248 majores
3192 3182 3244 3236 ei
3286 3186 3491 3254 gratias

219 3272 420 3334 ἀπόδος
459 3269 537 3338 τῷ
578 3269 842 3341 εὐεργέτῃ
889 3270 951 3322 τὺ
981 3270 1143 3340 χρέος
1166 3271 1267 3340 τῆς
1301 3273 1682 3344 εὐχαριστίας,
1722 3275 1801 3347 τῷ

217 3361 553 3434 λαμϐάνοντι
578 3363 640 3414 τὸ
671 3362 830 3432 χρέος
859 3362 934 3425 ὼς
975 3365 1157 3432 χάριν,
1185 3364 1282 3416 καὶ
1314 3364 1412 3435 τὴν
1448 3367 1670 3438 χάριτος
1699 3369 1802 3438 χά-

220 3473 308 3528 ριν
365 3454 705 3509 ἀντιδιδόντι.
732 3454 906 3517 Αὐτὸς
939 3455 1049 3524 γὰρ
1095 3456 1184 3508 ἀεὶ
1220 3457 1314 3509 καὶ
1347 3457 1587 3528 χαρίτων
1619 3459 1800 3530 ἄρχει,

218 3548 314 3601 καὶ
343 3548 419 3611 ὡς
447 3548 606 3618 χρέος
643 3547 743 3610 τὰς
777 3547 1010 3617 χάριτας
1041 3548 1368 3602 ἀποδίδωσιν
1393 3565 1407 3579 ”
1447 3550 1804 3622 εὐχαριστίαν

217 3640 277 3692 δὲ
320 3639 475 3703 ζητεί
507 3640 638 3708 παρ’
663 3638 841 3710 ἡμῶν,
882 3638 943 3691 οὐ
981 3638 1078 3709 τὴν
1131 3639 1219 3693 διὰ
1258 3642 1521 3712 ῥημάτων
1577 3644 1802 3712 ἀγαθῶν

219 3732 526 3804 προφορὰν,
559 3730 699 3786 ἀλλὰ
725 3729 826 3804 τὴν
854 3731 946 3787 διὰ
972 3735 1320 3804 πραγμάτων
1361 3737 1606 3793 εὐσεϐῶν
1637 3755 1802 3808 προσ-

219 3826 416 3894 φοράν.

827 3995 1078 4049 ΚΕΦΑΛ.
1119 3989 1216 4064 (τ’.

291 4090 460 4144 Οὐδὲν
493 4090 667 4152 οὕτως
710 4089 998 4158 εὐδόκιμον
1047 4088 1342 4158 ἐργάζεται
1393 4088 1704 4159 ἄνθρωπον,
1726 4091 1798 4154 ὡς

216 4183 481 4238 δύνασθαι
531 4181 642 4253 (10)
717 4180 817 4252 μὲν
870 4181 906 4234 ἃ
961 4180 1212 4250 βούλεται
1269 4182 1550 4252 πράττειν,
1616 4183 1700 4236 ἀεὶ
1744 4182 1802 4234 δὲ

216 4274 578 4348 φιλάνθρωπῖίι
633 4274 729 4327 καὶ
767 4271 1052 4342 βούλεσθαι
1110 4273 1204 4328 καὶ
1245 4272 1528 4344 πράττειν.
1585 4274 1802 4345 Ἐπειδὴ

214 4368 399 4422 τοίνυν
433 4368 497 4420 ὲκ
542 4364 679 4420 Θεοῦ
723 4380 808 4417 σοι
853 4364 1176 4433 κεχάρισται
1231 4363 1482 4435 δύναμις,
1513 4361 1580 4437 ἧς
1629 4365 1803 4419 ἐδεῖτο

213 4462 284 4517 δι’
313 4462 465 4532 ἡμᾶς
487 4463 521 4531 ή
555 4460 736 4532 ἀγαθή
779 4475 875 4512 σου
927 4458 1202 4530 βούλησις,
1236 4459 1414 4513 πάντα
1461 4459 1558 4513 καὶ
1606 4457 1799 4530 βούλου

216 4553 312 4608 καὶ
365 4553 597 4623 πρᾶττε,
622 4552 698 4615 ὡς
737 4553 964 4624 ἀρέσκει
1017 4551 1096 4621 τῷ
1151 4550 1354 4621 ταύτην
1394 4567 1476 4604 σοι
1520 4551 1798 4606 δεδωκότι.

819 4667 1077 4720 ΚΕΦΑΛ.
1122 4667 1195 4720 Z'.

285 4759 411 4811 Τῶν
461 4758 724 4828 ἐπιγείων
759 4759 1060 4828 χρημάτων
1093 4759 1123 4810 ὁ
1153 4758 1387 4821 ἄστατος
1433 4757 1661 4822 πλοῦτος
1692 4757 1802 4811 τῶν

217 4849 503 4920 ποταμίων
567 4845 854 4920 ῥευμάτων
913 4852 1165 4922 μιμεῖται
1229 4850 1323 4903 τὸν
1376 4849 1576 4921 δρόμον
1607 4866 1621 4880 ⁸
1665 4849 1802 4920 πρὸς

216 4942 400 5010 ὀλίγον
435 4943 534 5012 μὲν
568 4943 842 5014 ἐπιρρέων
861 4945 975 5006 τοῖς
1001 4942 1148 5012 ἔχειν
1183 4942 1507 5014 νομίζουσι’
1553 4945 1672 5013 μετ’
1688 4943 1802 4996 ὀλί-

217 5051 313 5101 γον
333 5034 390 5086 δὲ
409 5034 756 5105 παραρρέων,
775 5037 856 5097 είς
873 5034 1066 5098 ἄλλους
1087 5034 1407 5106 ἀπέρχεται.
1434 5034 1610 5097 Μόνος
1629 5035 1686 5089 δὲ
1706 5039 1804 5107 τῆς

218 5127 464 5189 εὐποιίας
502 5129 529 5179 ό
560 5126 854 5196 θησαυρὸς,
888 5125 1116 5195 μόνιμός
1151 5128 1265 5178 ἐστι
1289 5128 1406 5194 τοῖς
1438 5126 1800 5196 κεκτημένοις

218 5218 382 5270 αὐτόν
403 5233 416 5246 ·
459 5218 565 5271 τῶν
595 5218 704 5288 γὰρ
739 5217 963 5286 ἀγαθῶν
992 5217 1172 5288 ἔργων
1199 5219 1256 5271 αί
1293 5219 1517 5290 χάριτες
1543 5221 1637 5272 ἐπὶ
1672 5221 1800 5284 τοὺς

219 5308 512 5371 ποιοῦντας
545 5311 1082 5378 ὲπαναστρέφουσιν.

1906 3260 2112 3316 referre
2169 3260 2358 3316 debes.
2415 3263 2561 3333 Ergo
2621 3265 2793 3322 redde
2857 3267 3199 3329 benefactori
3242 3275 3487 3332 debitam

1904 3352 2203 3422 gratiarum
2245 3354 2874 3428 actionem,acceptanti
2924 3361 3173 3420 debitum
3216 3376 3280 3421 ut
3321 3371 3492 3424 meri-

1906 3454 2044 3511 tum,
2109 3453 2167 3500 et
2217 3446 2490 3502 beneﬁcio
2551 3449 2884 3508 beneﬁcium
2949 3457 3296 3526 rependenti.
3366 3461 3488 3531 Ipse

1903 3536 2050 3591 enim
2104 3551 2325 3606 semper
2372 3545 2429 3592 et
2479 3539 2765 3597 beneﬁciis
2806 3545 2964 3614 prior
3002 3559 3374 3618 promeretur,
3430 3563 3489 3608 et

1903 3635 1965 3682 ut
2004 3627 2254 3683 debitum
2299 3628 2568 3684 beneﬁcia
2614 3645 2871 3702 repensat
2901 3655 2914 3690 :
2946 3640 3249 3709 gratiarum
3298 3651 3486 3700 autem

1903 3719 2180 3774 actionem
2217 3719 2392 3790 exigit
2421 3737 2452 3775 a
2493 3723 2676 3790 nobis,
2708 3742 2820 3781 non
2843 3744 2964 3797 quae
2994 3732 3296 3786 verborum
3329 3735 3487 3790 blan-

1901 3811 2100 3866 dorum
2124 3811 2456 3881 prolatione,
2481 3815 2577 3870 sed
2597 3831 2720 3886 qua:
2747 3834 2934 3875 rerum
2956 3822 3172 3891 piarum
3202 3825 3486 3882 oblatione

1903 3903 2214 3975 peragitur.

2553 4003 2706 4058 CAP.
2739 4003 2828 4058 VI.

1971 4091 2136 4147 Nulla
2165 4108 2254 4147 res
2276 4092 2418 4149 adeo
2439 4094 2936 4150 commendabilem
2966 4096 3152 4152 reddit
3181 4099 3480 4167 hominem,

1903 4189 1965 4236 ut
2001 4197 2164 4252 posse
2200 4185 2425 4254 quidem
2453 4201 2577 4256 quae
2617 4186 2752 4242 velit
2782 4185 3020 4254 eﬁicere,
3055 4205 3276 4261 semper
3298 4204 3484 4249 autem

1904 4273 2143 4329 humana
2176 4283 2234 4330 et
2268 4275 2409 4330 velle
2455 4287 2512 4330 et
2559 4291 2720 4346 agere
2755 4293 2770 4330 :
2807 4279 3070 4347 quoniam
3115 4281 3284 4351 igitur
3311 4298 3342 4338 a
3371 4283 3484 4338 Deo

1905 4365 2006 4420 tibi
2034 4365 2238 4420 donata
2264 4376 2348 4421 est
2373 4366 2612 4423 facultas
2641 4383 2751 4438 qua
2791 4369 3074 4440 indigebat
3117 4383 3347 4443 propter
3381 4391 3484 4430 nos

1905 4455 2049 4511 bona
2087 4465 2183 4511 tua
2224 4456 2502 4521 voluntas,
2547 4459 2731 4513 omnia
2779 4466 2836 4514 et
2873 4459 3014 4516 velis
3035 4471 3090 4517 et
3121 4477 3268 4534 agas,
3318 4475 3483 4534 prout

1903 4549 1956 4604 ei
1979 4548 2161 4620 placet
2183 4548 2280 4618 qui
2304 4564 2425 4604 eam
2449 4549 2551 4604 tibi
2585 4550 2759 4605 dedit.

2547 4660 2698 4716 CAP.
2730 4662 2842 4717 VII.

1973 4751 2342 4812 Terrenarum
2377 4769 2545 4823 opum
2586 4754 2874 4811 instabiles
2898 4755 3106 4813 divitia:
3130 4757 3484 4816 ﬂuviatilium

1903 4843 2186 4900 undarum
2243 4847 2532 4902 imitantur
2572 4863 2800 4904 cursum
2838 4867 2852 4902 :
2899 4849 3180 4904 modicum
3217 4852 3367 4906 enim
3405 4854 3486 4908 af-

1906 4937 2088 4994 ﬂuunt
2130 4939 2218 4994 his
2265 4939 2359 5008 qui
2416 4939 2622 4996 habere
2676 4956 2737 4996 se
2784 4956 2880 4995 eas
2930 4941 3294 5008 arbitrantur,
3358 4961 3486 4998 mox

1905 5047 2040 5087 vero
2098 5030 2398 5087 renuentes
2434 5031 2502 5086 ad
2551 5032 2691 5088 alios
2738 5032 3033 5088 accedunt.
3082 5031 3244 5087 Solus
3299 5044 3486 5090 autem

1909 5123 2291 5179 beneﬁcentiae
2340 5125 2638 5180 thesaurus
2677 5125 2893 5180 stabilis
2943 5132 3026 5178 est
3071 5125 3488 5192 possidentibus

1907 5232 2034 5271 eum
2082 5233 2096 5269 :
2135 5216 2407 5270 bonarum
2456 5217 2605 5273 enim
2661 5217 2943 5272 actionum
2985 5216 3246 5272 meritum
3287 5221 3356 5275 ad
3383 5236 3487 5274 au-
3523 5269 3525 5273 .

1906 5320 2088 5366 olores
2117 5317 2489 5378 retorquetur.

1751 5433 1983 5490 NOTAE.

295 5518 370 5587 (6)
413 5519 561 5572 Ὑπὸ
585 5519 705 5572 τῶν
753 5520 959 5574 αὐτοῦ.
991 5518 1084 5576 Sic
1134 5519 1374 5575 habetur
1401 5522 1456 5576 in
1518 5524 1806 5582 codicibus

221 5589 428 5656 Regiis.
459 5591 520 5643 ln
550 5589 718 5644 editis
748 5605 879 5644 vero
914 5591 1021 5644 ὐπὸ
1047 5590 1142 5643 τοῦ
1193 5591 1380 5646 αὐτοῦ.
1419 5593 1661 5648 ΒΑΝυυιι.

295 5660 370 5727 (7)
399 5657 481 5735 -Τὸ
501 5659 748 5735 γνῶναί-
771 5678 906 5735 τινςα
928 5661 1172 5715 ἑαυτόν.
1194 5661 1256 5715 In
1313 5663 1503 5719 codice
1538 5665 1709 5735 Regio
1739 5665 1801 5720 Β.

220 5730 294 5784 Τὸ
322 5730 524 5795 γνῶναι
561 5730 803 5794 ἑαυτούς.
841 5733 915 5786 In.

292 5801 370 5868 (8)
409 5803 784 5871 'l‘pvxdperm.
811 5803 890 5857 lta
919 5802 1095 5860 codex
1144 5803 1351 5873 Regius
1380 5804 1440 5858 Β.
1498 5805 1798 5873 Perperam

846 5893 861 5920 Ι
1611 5908 1618 5915 .

1909 5527 1968 5581 in
1994 5525 2160 5580 editis
2186 5523 2542 5594 τρυχώμενοι.
2587 5521 2684 5594 In.)
2829 5593 2836 5594 ί
2938 5556 2965 5594 γ.

1989 5596 2064 5665 (9)
2095 5593 2347 5665 Δόματα.
2374 5595 2466 5649 Sic
2491 5611 2558 5648 ex
2592 5593 2781 5648 codice
2815 5593 2984 5663 Regio
3019 5596 3078 5649 Β.
3105 5597 3404 5665 Perperam
3430 5597 3485 5651 in

1911 5663 2080 5722 editis
2119 5663 2368 5733 δώματα,
2401 5676 2461 5720 ut
2485 5682 2549 5719 ex
2573 5673 2832 5719 contextu
2878 5675 3126 5735 apparet.
3159 5663 3232 5720 In.

1980 5737 2092 5809 (Hi)
2129 5735 2222 5809 ᾯς
2252 5735 2570 5809 δύνασθαι.
2598 5737 2656 5790 In
2693 5733 2982 5797 codicibus
3042 5737 3226 5809 Regii-3
3280 5733 3472 5807 legitur

1903 5805 1977 5870 ὡς
2011 5807 2071 5860 τὸ
2091 5805 2364 5860 δύνασθαι.
2389 5806 2466 5862 ID.
