3924 6294
194 302 330 368 1169

1414 299 2281 363 (ΞΑΡΙΤΑκΛΒΜΟΝΙΤΟΒΙΑ.

3337 296 3497 355 την

204 416 557 491 ἀνθρωπίνης
612 418 852 488 ἀπάτης,
882 418 977 472 καὶ
1011 414 1200 488 βλέπει
1247 416 1307 471 τὸ
1351 418 1633 473 ούτιδανδν
1684 419 1785 490 τῆς

1923 417 2131 483 oribus,
2166 418 2544 488 perspicitque
2584 428 2707 471 suae
2735 420 2950 469 natura;
2975 409 3269 476 vilitatem,
3296 410 3483 468 brevi-

205 509 396 565 lornoii
454 527 691 578 φυσεως,
722 510 844 564 τότε
888 510 1064 581 βραχὺ
1107 512 1202 564 καὶ
1228 510 1525 581 ὠκύμορον
1564 511 1667 582 τῆς
1685 513 1788 574 ,ένα-

201 601 373 655 ταῦοα
408 600 576 671 ζωῆς,
603 603 695 656 καὶ
734 602 825 656 τὸν
853 602 1284 674 συνεζευγμένον
1305 607 1371 674 τῇ
1407 604 1572 674 σαρκὶ
1596 604 1792 676 ῥύπον,

203 697 282 756 είς
332 694 423 746 τὸν
460 693 561 763 τῆς
607 694 990 766 ὑπερηφανίας
1027 697 1130 749 οὐκ
1169 697 1493 765 ἐμπεσεῖται
1524 696 1791 767 κρημνὸν,

204 783 308 836 κᾶν
347 784 404 835 έν
435 781 714 854 ἀξιώματι
746 784 975 856 ὑπάρχῃ
1004 784 1217 857 ὑψηλῷ.

801 916 1060 972 ΚΕΦΑΛ.
1115 918 1217 973 ιε’.

282 1030 454 1101 ’Υπὲρ
527 1030 709 1085 πάντα
770 1031 869 1103 τῆς
930 1031 1217 1102 βασιλείας
1272 1033 1342 1088 τά
1422 1033 1633 1100 ἔνδοξα,
1695 988 1794 1104 τῆς

202 1122 481 1189 εὐσεϐείας
518 1124 581 1177 τὸ
630 1125 850 1196 στέμμα
906 1125 999 1179 τὸν
1043 1124 1272 1197 βασιλέα
1322 1129 1559 1190 κοσμεῖ·
1597 1129 1625 1180 ὁ
1682 1126 1792 1198 γὰρ

203 1216 434 1277 πλοῦτος
484 1217 811 1299 ἀπέρχεται,
844 1217 942 1271 καὶ
986 1219 1022 1290 ἡ
1060 1218 1189 1287 δόξα
1223 1218 1557 1291 μετέρχεται
1588 1236 1605 1253 ο
1639 1220 1702 1274 τὸ
1732 1220 1792 1275 δὲ

204 1306 359 1370 κλέος
388 1311 486 1380 τῆς
515 1309 702 1363 ἐνθέου
759 1310 1039 1374 πολιτείας
1091 1310 1383 1375 ἀθανάτοις
1432 1309 1593 1365 αξῶσι
1650 1330 1790 1381 συμ-

207 1401 653 1470 παρεκτείνεται,
727 1403 825 1456 καὶ
879 1402 1050 1475 λήθης
1088 1403 1343 1458 ἐπέκεινα
1404 1404 1532 1468 τοὺς
1566 1403 1791 1475 ἔχοντας

203 1490 410 1562 ἵστησι.

749 1628 1034 1684 ικεοΑΛ.
1096 1629 1216 1699 ις’.

272 1741 486 1813 Σφόδρα
529 1759 621 1812 μοι
653 1743 802 1798 δοκεῖ
842 1745 1198 1811 ἀτοπώτατον
1228 1741 1390 1810 εἶναι,
1424 1747 1506 1800 δτι
1534 1749 1786 1803 πλούσιοι

1898 516 2182 580 talemque
2217 508 2395 564 veloci
2426 508 2541 564 fato
2588 503 2845 561 obnoxiae
2883 500 3174 573 presenti:
3194 497 3343 563 vitae,
3370 508 3485 553 tum

1895 601 2050 657 carni
2096 601 2421 673 coniunctas
2469 599 2779 668 insitasque
2825 595 3061 658 sordes.
3116 594 3183 650 ad
3210 593 3488 663 superbia:

1894 707 2182 761 nunquam
2236 691 2502 747 illabetur
2531 687 2930 759 praecipitium,
2980 684 3238 757 quamvis
3287 685 3344 740 in
3389 700 3475 740 es-

1895 784 2043 839 celso
2066 783 2357 854 dignitatis
2382 782 2607 853 fastigio
2631 779 2926 838 consistat.

2533 919 2689 977 CAP.
2728 918 2849 974 XV.

1966 1036 2146 1109 Super
2193 1037 2381 1092 omnia
2420 1036 2690 1107 praeclara
2722 1050 2846 1105 qua:
2889 1030 3117 1104 regnum
3150 1030 3339 1093 habet,
3371 1028 3492 1099 pie-

1898 1132 2025 1185 tatis
2055 1131 2352 1200 cultusque
2383 1128 2560 1184 divini
2581 1142 2788 1184 corona
2820 1139 3005 1197 regem
3037 1128 3315 1178 exornat:
3341 1118 3490 1176 divi-

1898 1222 1987 1278 tite
2030 1238 2273 1294 namque
2322 1230 2689 1284 evanescunt,
2739 1218 3000 1290 vulgique
3055 1215 3213 1270 favor
3258 1222 3317 1268 et
3355 1225 3491 1267 aura

1897 1314 2098 1369 transit
2138 1332 2153 1369 :
2196 1315 2314 1370 sola
2343 1315 2472 1368 vita:
2507 1313 2622 1368 Deo
2658 1308 2932 1381 placentis
2955 1305 3127 1379 gloria
3159 1300 3493 1359 immortali-

1894 1406 2001 1461 bus
2029 1406 2247 1463 saeculis
2279 1404 2693 1467 coextenditur,
2725 1411 2783 1457 et
2812 1408 2969 1456 trans
3006 1395 3312 1454 oblivionis
3337 1403 3495 1449 tene-

1893 1496 2024 1553 bras
2049 1498 2285 1553 collocat
2309 1495 2693 1567 possidentes.

2523 1629 2676 1686 CAP.
2717 1626 2859 1681 XVI.

1965 1745 2338 1800 Vehementer
2392 1743 2525 1797 mihi
2566 1741 2791 1795 videtur
2838 1737 3307 1793 absurdissimum
3345 1750 3491 1796 esse.

203 1833 295 1885 καὶ
328 1809 557 1904 πένητες
584 1833 864 1906 ἄνθρωποι
890 1837 950 1902 ἐξ
977 1809 1248 1907 ἀνομοίων
1272 1840 1617 1912 πραγμάτων
1658 1841 1790 1911 βλά-

1923 1838 2049 1907 luod
2084 1837 2287 1892 divites
2330 1846 2387 1891 ct
2421 1850 2700 1906 pauperes
2731 1834 2989 1888 homines
3025 1848 3093 1884 ex
3133 1828 3500 1885 dissimilibus

202 1924 303 1995 δην
356 1926 659 1997 πάσχουσιν
687 1929 902 1998 ὁμοίαν.
935 1933 999 1986 Οἱ
1025 1933 1126 1997 μὲν
1176 1932 1287 2003 γὰρ
1330 1933 1437 1987 ὑπὸ
1488 1934 1582 1988 τοῦ
1624 1936 1791 2005 κόρου

202 2018 652 2089 διαβόήγνυνται,
677 2023 726 2074 οί
764 2022 821 2075 δὲ
862 2024 967 2077 ὑπὸ
1009 2023 1105 2078 τοῦ
1162 2025 1326 2092 λιμοῦ
1360 2026 1792 2102 διαφθείρονται·

204 2109 302 2163 καὶ
322 2110 372 2162 oi
406 2109 504 2181 μὲν
557 2112 850 2183 κατέχουσι
890 2114 983 2169 τοῦ
1026 2115 1232 2186 κόσμου
1264 2115 1333 2169 τὰ
1371 2118 1585 2188 πέρατα
1611 2160 1625 2182 ,
1662 2121 1711 2172 oi
1739 2118 1797 2173 δὲ

205 2200 306 2253 οὐκ
358 2199 543 2270 έχουσι
592 2202 694 2256 ποῦ
758 2204 957 2273 στῆσαι
993 2204 1063 2259 τὰ
1117 2207 1397 2277 πέλματα.
1430 2208 1547 2262 Ἵνα
1610 2210 1794 2263 τοίνυν

205 2293 376 2362 ἄμφω
406 2298 506 2363 τῆς
550 2296 740 2362 ὑγείας
768 2297 1022 2366 τύχωσιν,
1048 2301 1343 2368 ἀφαιρέσει
1383 2302 1477 2355 καὶ
1510 2303 1799 2372 προσθέσει

205 2384 432 2449 τούτους
454 2386 840 2458 θεραπευτέον,
870 2390 1111 2462 καὶπρὸς
1130 2393 1349 2463 ἰσότητα
1376 2395 1474 2463 τὴν
1508 2393 1802 2465 ἀνισότητα

210 2472 579 2545 μετενεκτέον.

809 2596 1065 2652 ΚΕΦΛΛ.
1108 2599 1209 2651 lZ'.

298 2682 412 2751 Ἐφ’
451 2684 584 2755 ἡμῖν
649 2685 934 2759 ἀνεδείχθη
990 2688 1089 2757 τῆς
1139 2690 1371 2753 εὐζωῖας
1416 2693 1445 2744 ὁ
1500 2692 1803 2760 χρό-ιος,ὃν

212 2776 444 2843 προεῖπέ
482 2793 568 2840 τις
596 2776 706 2831 τῶν
739 2779 985 2834 παλαιῶν
1024 2782 1267 2842 ἔσεσθαι.
1299 2784 1483 2855 ὅτανὴ
1515 2784 1802 2853 φιλόσοφοι

215 2865 694 2938 βασιλεύσωσιν,ἢ
745 2868 990 2938 βασιλεῖς
1039 2872 1489 2944 φιλοσοφήσωσιο
1551 2877 1644 2931 καὶ
1695 2879 1803 2945 γὰρ

213 2956 636 3023 φιλοσοφοῦντες
658 2959 931 3031 ἠξιὼθητε
970 2962 1252 3033 βασιλείας
1275 3006 1291 3027 ,
1319 2968 1414 3020 καὶ
1440 2967 1804 3038 βασιλεύσαν-

215 3063 311 3107 τες
336 3047 436 3101 οὐκ
460 3049 736 3118 ἀπέστητε
785 3053 1130 3122 φιλοσοφίας.
1164 3058 1228 3112 El
1254 3059 1364 3129 γάρ
1404 3060 1464 3113 τὸ
1502 3062 1679 3129 φιλεῖν
1717 3081 1804 3117 σο-

1904 1929 2071 1983 rebus
2103 1929 2503 1983 detrimentum
2545 1926 2726 1980 simile
2765 1925 3091 1996 patiuntur;
3136 1922 3217 1975 illi
3256 1936 3496 1990 namque

1905 2038 1933 2075 a
1955 2021 2113 2090 copia
2138 2036 2323 2077 rerum
2345 2026 2804 2089 perrumpuntur,
2824 2017 2882 2071 hi
2902 2030 3037 2071 vero
3065 2015 3206 2068 fame
3231 2021 3494 2081 pereunt:

1906 2111 2037 2167 item
2068 2106 2159 2167 illi
2181 2118 2460 2182 occupant
2500 2110 2725 2165 ultimos
2755 2108 2949 2163 mundi
2977 2106 3268 2167 terminos,
3304 2103 3359 2157 hi
3387 2118 3499 2157 non

1907 2203 2118 2260 habent
2151 2203 2249 2259 ubi
2285 2203 2492 2258 callosa
2527 2201 2732 2272 pedum
2779 2200 3012 2270 vestigia
3055 2199 3274 2253 sistant.
3298 2195 3369 2252 Ut
3398 2195 3500 2265 igi-

1907 2304 2000 2351 tur
2051 2305 2291 2367 utraque
2347 2309 2477 2365 pars
2519 2293 2777 2349 sanitatis
2829 2293 2963 2347 ﬁant
3003 2288 3500 2361 compotes.aufe~

1909 2388 2083 2443 rendo
2128 2398 2183 2443 et
2234 2388 2604 2443 diutinucndo
2634 2386 2773 2442 istos
2808 2399 3002 2456 regere
3029 2390 3272 2453 oportet,
3321 2390 3379 2438 et
3427 2382 3500 2436 ad

1908 2478 2287 2548 aqualilatem
2333 2478 2682 2549 imequalitas
2713 2474 3097 2530 transferenda
3131 2483 3239 2529 est.

2532 2590 2687 2646 CAP.
2726 2587 2891 2644 XVII.

1979 2682 2194 2739 Nostris
2232 2682 2582 2752 temporibus
2625 2691 2915 2737 ostensum
2954 2686 3041 2734 cst
3069 2691 3351 2747 prospera:
3376 2676 3504 2730 vita:

1910 2782 2129 2845 tempus
2171 2774 2321 2844 quod
2368 2775 2624 2845 praedixit
2671 2774 2897 2844 quidam
2933 2788 3000 2826 ex
3030 2771 3314 2826 veteribus
3338 2768 3501 2839 futu-

1911 2880 2057 2929 rum,
2109 2881 2235 2920 cum
2292 2865 2374 2920 vel
2435 2864 2751 2935 philosophi
2807 2862 3140 2933 regnahuut,
3198 2860 3286 2914 vel
3343 2873 3500 2929 reges

1911 2956 2454 3027 philosophabuntur
2487 2974 2501 3010 :
2539 2971 2667 3010 nam
2706 2963 2821 3010 tum
2868 2952 3314 3025 philosophando
3346 2950 3501 3023 digni

1913 3048 2089 3103 habiti
2142 3064 2313 3119 regno
2355 3048 2515 3111 estis,
2558 3057 2673 3103 tum
2702 3062 2838 3103 vero
2880 3046 3163 3116 regnando
3197 3062 3226 3099 a
3258 3044 3507 3114 philoso-

216 3139 349 3205 φίαν
386 3144 529 3194 ποιεῖ
563 3143 902 3213 φιλοσοφίαν,
942 3147 1088 3218 ἀρχὴ
1145 3149 1202 3202 δὲ
1246 3151 1484 3219 σοφίαςό
1518 3153 1612 3207 τοῦ
1662 3155 1798 3210 Θεοῦ

1923 3139 2041 3210 phia
2084 3156 2195 3194 non
2241 3139 2556 3195 descivistis
2601 3157 2615 3192 :
2661 3139 2707 3194 si
2734 3138 2884 3194 enim
2944 3153 3131 3192 amare
3170 3136 3501 3206 sapientiam

218 3231 411 3299 φόϐος,
450 3233 509 3289 δν
546 3237 606 3288 ὲν
651 3241 764 3302 τοῖς
807 3241 1058 3312 στέρνοις
1092 3243 1248 3312 ὑμῶν
1285 3245 1584 3311 διαπαντὸς
1629 3249 1802 3320 ἔχετε,

218 3322 443 3396 εὔδηλον
470 3328 545 3392 ὡς
576 3329 779 3400 ἀληθὲς
813 3333 872 3386 τὸ
910 3335 1045 3405 παρ’
1078 3335 1215 3406 ἐμοῦ
1255 3337 1572 3407 λεγόμενον.

814 3616 1067 3673 ΚΕΦΔΛ.
1107 3618 1215 3673 IH'.

300 3704 536 3759 Βασιλέα
577 3723 635 3759 σε
686 3708 829 3762 κατὰ
874 3709 1139 3780 ἀλήθειαν
1177 3712 1475 3784 ὁρίζομαι,
1520 3715 1595 3779 ὡς
1655 3718 1811 3788 βασιο

230 3799 410 3853 λεύειν
436 3800 528 3854 καὶ¹
570 3796 794 3871 κρατεῖν
821 3803 928 3855 τῶν
968 3802 1174 3873 ἡδονῶν
1211 3804 1512 3875 δυνάμενον
1539 3849 1553 3875 ,
1594 3809 1689 3861 καὶ
1722 3810 1812 3862 τὸν

230 3887 494 3960 στέφανον
523 3892 623 3964 τῆς
667 3893 1026 3965 σωφροσύνης
1077 3896 1507 3965 ὰναδησὰμενον,
1540 3900 1632 3952 καὶ
1676 3917 1812 3970 πορ-

228 3981 411 4052 φύραν
472 3982 569 4053 τῆς
612 3984 958 4056 δικαιοσύνης
1013 3987 1456 4058 ἀμφιασάμενοι).
1487 3990 1550 4044 Ἠ
1586 3990 1814 4063 μὲνγὰρ

227 4074 367 4143 ἄλλη
395 4073 616 4139 ἐξουσία
652 4077 744 4129 τὸν
771 4077 1001 4131 θάνατον
1030 4079 1144 4149 ἔχει
1174 4079 1433 4152 διαδοχήν
1451 4095 1466 4110 '
1504 4082 1610 4152 ἡδὲ
1639 4085 1818 4138 τοιαύ-

228 4177 297 4229 τη
351 4161 596 4227 βασιλεία
636 4164 735 4234 τὴν
774 4165 1043 4221 ἀθάνατον
1092 4168 1259 4233 σώζει
1300 4170 1602 4243 διαμονήνο
1640 4175 1735 4228 καὶ
1782 4177 1815 4247 ἠ

235 4252 340 4320 μὲν
388 4256 443 4305 ἐν
477 4254 554 4324 τῷ
599 4256 756 4309 αἰῶνι
806 4257 982 4329 τούτῳ
1022 4259 1242 4315 λύεται·
1278 4264 1306 4314 ὁ
1337 4263 1393 4316 δὲ
1445 4263 1546 4333 τῆς
1593 4267 1817 4321 αἰωνίου

235 4344 512 4409 κολάσεως
555 4345 764 4417 ῥύεται.
854 4380 855 4383 η

827 4463 1080 4521 ΚΕΦΑΛ.
1129 4466 1230 4522 ιδ’.

314 4546 374 4600 Ei
403 4550 502 4619 τὴν
526 4551 591 4604 ὲκ
623 4552 843 4609 πάντων
873 4555 1053 4625 βούλει
1084 4561 1429 4631 καρποῦσθαι
1450 4565 1636 4634 τιμὴν,
1663 4567 1816 4634 γίνου

242 4640 356 4699 τοῖς
376 4637 582 4693 ἅπασιν
619 4643 918 4717 εὐεργέτης
951 4647 1131 4713 κοινός
1156 4666 1170 4680 ’
1201 4650 1355 4705 οὐδὲν
1387 4654 1494 4725 γὰρ
1513 4654 1656 4707 οὕτω
1687 4657 1821 4726 πρὸς

243 4730 458 4787 εὖνοιαν
498 4734 812 4805 ἐφέλκεται,
842 4740 920 4803 ὡς
961 4743 1211 4810 εὐποιίας
1241 4746 1401 4817 χάρις
1432 4747 1684 4820 διδομένη
1709 4752 1822 4813 τοῖς

239 4823 556 4895 χρῄζουσιν.
600 4828 664 4882 Ἦ
712 4830 822 4903 γὰρ
860 4833 948 4887 διὰ
997 4835 1164 4905 φόϐον
1213 4841 1476 4909 γινομένη
1526 4839 1820 4911 θεραπεία,

240 4924 797 4993 κατεσχηματισμένη
826 4926 944 4978 ἐστὶ
975 4927 1205 4992 θωπεία,
1241 4931 1633 5002 πεπλασμένης
1656 4934 1823 5004 τιμῆς

238 5008 464 5077 ὀνόματι
496 5014 862 5081 φενακίζουσα
891 5020 1019 5083 τοὺς
1047 5022 1183 5093 αὐτῇ
1223 5024 1679 5095 προσανέχοντας.

848 5221 1105 5275 ΚΕΦΛΛ.
1133 5224 1219 5277 Κ’.

315 5307 496 5378 Σεπτὴ
540 5308 765 5372 δικαίως
808 5311 957 5363 ἐστὶν
1016 5315 1048 5381 ἡ
1098 5316 1254 5383 ἡμῶν
1303 5316 1548 5385 βασιλεία
1594 5321 1675 5373 ὅτι
1714 5323 1827 5382 τοῖς
1896 5309 1898 5312 ’

246 5401 530 5467 πολεμίοις
574 5401 673 5472 μὲν
725 5404 963 5457 δεικνύει
994 5407 1093 5475 τὴν
1121 5408 1389 5472 ἐξουσίαν,
1417 5414 1529 5474 τοῖς
1561 5413 1825 5483 ὑπηκόοις

244 5490 302 5542 δὲ
352 5491 505 5558 νέμει
555 5493 1007 5563 φιλανθρωπίαν*
1049 5499 1143 5551 καὶ
1207 5501 1704 5566 νικῶσαλέκείνοῠς
1759 5507 1826 5575 τῇ

247 5581 474 5650 δυνάμει
507 5579 614 5635 τῶν
654 5585 857 5649 ὃπλων,
884 5596 947 5662 τῇ
989 5589 1174 5656 ἀόπλιρ
1219 5592 1409 5663 ἀγάπῃ
1450 5594 1557 5645 τῶν
1608 5594 1828 5646 οἰκείων

250 5673 478 5741 ἡττᾶται
516 5691 527 5704 ο
565 5677 686 5730 ὅσον
721 5678 829 5748 γὰρ
884 5679 1075 5750 θηρίου
1109 5683 1200 5736 καὶ
1231 5683 1505 5752 προϐάτου
1545 5684 1601 5737 τό
1640 5684 1825 5755 μέσον,

252 5770 509 5824 auso-3m
529 5771 860 5843 ἀμφοτέρων
881 5776 1092 5843 ἡγεῖται
1126 5777 1183 5827 τ’,
1210 5775 1484 5846 διάφορον.

1910 3231 2077 3288 efﬁcit
2102 3231 2548 3303 philosophiam;
2588 3231 2928 3302 principium
2962 3237 3148 3283 autem
3191 3229 3500 3298 sapientize,

1909 3325 2008 3380 Dei
2040 3331 2127 3379 est
2156 3326 2325 3378 timor
2377 3340 2544 3394 quem
2590 3324 2646 3377 in
2701 3321 3024 3394 pectoribus
3055 3321 3257 3375 vestris
3296 3322 3503 3392 jugiter

1913 3415 2150 3477 habetis.
2203 3415 2415 3471 clarum
2457 3431 2622 3486 quam
2673 3429 2865 3469 verum
2917 3412 2990 3469 sit
3031 3412 3175 3482 quod
3224 3428 3254 3466 a
3296 3428 3383 3466 me
3422 3413 3505 3466 tli-

1913 3508 2082 3562 citur.

2513 3622 2665 3679 CAP.
2699 3622 2890 3677 XVIII.

1985 3716 2062 3769 'I‘e
2108 3731 2298 3773 revera
2351 3717 2742 3785 imperatorem
2791 3713 3118 3775 asserimus,
3169 3710 3375 3781 quippe
3406 3711 3501 3779 qui

1915 3817 1972 3861 et
2001 3808 2270 3877 imperare
2295 3822 2361 3862 ac
2382 3805 2656 3861 dominari
2678 3805 3062 3873 voluptatibus
3084 3804 3270 3867 vales;
3298 3812 3351 3857 et
3386 3812 3502 3856 tum

1916 3909 2119 3951 corona
2149 3897 2419 3953 castitatis
2453 3896 2768 3959 redimitus,
2791 3905 2908 3950 tum
2943 3909 3246 3965 purpuram
3268 3894 3507 3964 justitize

1918 3976 2151 4043 indutus
2192 3988 2431 4043 incedis.
2476 3989 2615 4044 Aliis
2651 4002 2893 4057 namque
2941 3986 3314 4057 potestatibus
3357 4002 3505 4040 mors

1920 4079 2036 4149 ipsa
2096 4080 2410 4136 succedit:
2475 4080 2864 4150 hujuscemodi
2918 4093 3053 4133 vero
3115 4094 3344 4148 regnum
3402 4078 3505 4131 im-

1920 4173 2210 4228 mortalem
2259 4164 2446 4229 servat
2490 4172 2920 4244 perpetuitatem
2975 4189 2988 4225 :
3041 4181 3097 4225 et
3143 4171 3233 4225 illa
3289 4173 3393 4226 hoc
3450 4172 3506 4225 in

1921 4266 2122 4320 saeculo
2173 4266 2431 4331 solvitur,
2474 4266 2591 4320 haec
2637 4275 2823 4321 autem
2855 4282 2885 4320 a
2919 4273 3188 4334 perpetuo
3233 4264 3537 4334 supplicio‘

1921 4356 2214 4412 liberatur.
2546 4354 2561 4367 ⁴

2551 4471 2705 4526 CAP.
2741 4469 2884 4525 XIX.
2920 4498 2923 4503 ν

1998 4563 2053 4617 Si
2081 4562 2291 4618 honore
2330 4564 2423 4634 qui
2451 4565 2522 4619 ab
2548 4563 2810 4617 omnibus
2843 4563 3236 4632 proﬁciscitur,
3271 4562 3475 4631 perfrui

1927 4656 2030 4719 vis,
2063 4665 2260 4725 prtesta
2281 4664 2333 4711 te
2357 4671 2711 4711 communem
2755 4655 3002 4710 omnium
3048 4654 3461 4710 honefactoretu
3494 4673 3503 4703 :

1925 4747 2064 4803 nihil
2103 4749 2252 4803 enim
2293 4748 2433 4803 adeo
2457 4748 2685 4803 attrahit
2723 4747 2793 4801 ad
2824 4747 3286 4811 benevolentiam,
3322 4755 3384 4801 ut
3410 4748 3505 4801 be-

1926 4839 2109 4896 neﬁcii
2142 4832 2323 4913 gratia
2367 4858 2491 4911 qua:
2522 4842 2688 4896 datur
2720 4841 3100 4911 indigentibus
3133 4858 3145 4893 :
3181 4839 3326 4909 quod
3355 4839 3503 4893 enim

1928 4933 1999 4988 ob
2023 4943 2227 4989 metum
2259 4941 2552 5003 prtestatur
2581 4932 2937 5002 obsequium,
2964 4932 3144 4987 fucata
3170 4930 3509 5001 ﬁgurataque

1927 5034 2014 5081 est
2045 5025 2291 5080 adulatio
2324 5023 2432 5079 [icti
2463 5025 2691 5079 honoris
2731 5025 2913 5089 titulo,
2950 5023 3144 5101 fallens
3166 5036 3262 5077 eos
3286 5023 3378 5092 qui
3405 5024 3507 5092 ipsi

1929 5115 2171 5171 animum
2199 5116 2513 5171 advertunt.

2567 5228 2718 5282 CAP.
2765 5228 2880 5281 XX.

2001 5318 2389 5376 cherandum
2430 5321 2553 5390 jure
2583 5330 2667 5375 est
2704 5328 2949 5373 vestrum
2984 5316 3281 5387 imperium
3322 5332 3335 5369 :
3380 5317 3505 5385 quia

1932 5414 2187 5469 hostibus
2217 5413 2441 5483 quidem
2474 5430 2586 5468 suae
2617 5413 2977 5467 detuoustrar
3011 5409 3233 5480 pietatis
3261 5411 3505 5471 amicus,

1933 5505 2172 5560 subditis
2207 5520 2339 5560 vero
2374 5505 2598 5559 exhibet
2635 5505 3038 5558 humanitatem
3074 5520 3086 5554 ι
3120 5511 3169 5555 ct
3213 5517 3337 5555 cum
3386 5502 3510 5554 ἱιξως

1933 5598 2116 5653 vincat
2163 5614 2442 5654 armorum
2492 5599 2565 5661 vi,
2618 5598 2816 5653 inermi
2873 5596 3142 5671 charitate
3192 5596 3428 5671 vincitur
3482 5612 3509 5647 a

1934 5689 2049 5743 suis
2082 5702 2096 5743 :
2126 5699 2391 5760 quantum
2427 5691 2575 5744 enim
2604 5689 2730 5744 ferte
2760 5698 2817 5743 ct
2852 5688 2970 5743 ovis
3013 5670 3372 5742 intr-rstitium
3403 5699 3505 5751 ost,

1933 5789 2148 5838 tantum
2179 5798 2299 5837 esse
2331 5784 2473 5837 inter
2507 5799 2601 5839 eos
2636 5782 2938 5838 discrimen
2966 5780 3335 5835 existimatur.
