3924 6294
478 276 499 338 l
515 270 607 335 I71
1785 277 2054 343 AGAPE'J

2175 278 2462 340 )IACONI

1093 391 1246 448 CAP.
1295 391 1440 449 XXI.
1898 402 1904 411 '
2086 395 2132 449 Α

543 483 796 556 Essentia
847 487 1100 553 corporis
1149 487 1379 556 aequalis
1430 502 1492 542 es
1535 488 1769 544 cuilibet
1812 486 2047 552 homini,

472 567 794 646 imperator,
845 585 1117 646 potestate
1153 587 1338 634 autem
1394 579 1680 652 dignitatis
1723 587 2051 636 cunctorum

472 667 695 735 praesidi
736 667 848 725 Duo
882 669 1082 726 similis
1117 687 1132 725 :
1163 686 1274 726 non
1302 673 1452 728 enim
1487 666 1657 729 habet
1696 674 1750 728 in
1800 674 1966 728 terris
1993 689 2052 729 se

474 773 808 830 quemquam
863 761 1140 818 altiorem.
1193 763 1651 838 Oportet‘igitur
1708 767 1924 837 ipsum.
1992 775 2054 822 ut

471 849 669 916 lleum,
702 867 815 907 non
855 853 1050 920 irasci;
1084 863 1144 911 ut
1185 858 1494 926 mortalem,
1525 873 1636 912 non
1664 857 1852 914 eﬂ‘erri
1881 850 1906 914 ε’
1925 874 2051 913 nam

467 941 570 996 etsi
615 941 796 1015 efﬁgie
839 943 1028 1004 divina
1054 946 1361 1018 honoratus
1389 957 1493 1017 est,
1525 957 1585 1005 at
1609 948 1839 1019 pulvere
1866 956 2052 1018 tamen

467 1041 695 1089 terreno
719 1049 1006 1100 connexus
1046 1047 1160 1107 est;
1191 1053 1302 1110 quo
1331 1040 1600 1106 edocetur
1622 1048 1686 1095 ut
1704 1055 1832 1112 erga
1859 1057 2054 1096 omnes

3627 276 3800 345 1172

2723 391 2978 446 ΚΕΦᾹΛ.
3035 390 3172 445 KA'.

2231 481 2310 552 Τῇ
2343 483 2444 552 μὲν
2477 483 2637 554 οὐσίᾳ
2671 484 2766 538 τοῦ
2803 485 3078 556 σώματος,
3107 486 3224 548 ῐσορς
3262 483 3431 538 παντὶ
3473 480 3794 552 ἀνερώτπὲΙ

2158 576 2187 628 ὁ
2217 573 2494 643 βασιλεὺς,
2511 579 2577 647 τῇ
2610 577 2834 648 ἐξουσίᾳ
2866 579 2925 632 δὲ
2951 577 3046 633 τοῦ
3071 577 3388 648 ἀξιώματος
3415 574 3632 646 ὅμοιός
3659 576 3790 630 ἐστι

2157 667 2237 738 τῷ
2288 670 2381 722 ἐπὶ
2431 670 2653 724 πάντων
2705 670 2983 740 Θεῷοούκ
3038 669 3152 741 ἔχει
3193 669 3304 738 γάρ
3345 668 3442 720 ἐπὶ
3505 669 3628 737 γῆς
3685 668 3788 721 τὸν

2159 757 2324 811 αὑτοῦ
2371 759 2726 830 ὑψηλότερον.
2759 760 2880 830 Χρὴ
2917 760 3098 815 τοίνυν
3139 759 3307 813 αὐτὸν
3354 757 3448 809 καὶ
3490 758 3573 820 ὡς
3635 760 3782 811 Θεὸν

2162 850 2238 920 μὴ
2283 851 2626 923 ὀργίζεσθαι,
2657 852 2752 906 καὶ¹
2781 851 2858 915 ὡς
2910 852 3105 921 Θνητὸν
3142 852 3219 923 μὴ
3273 852 3626 923 ἐπαίρεσθαι
3655 871 3676 886 ο
3731 856 3780 905 ει

2158 941 2327 994 εἰκόνι
2357 941 2512 1014 θεῖκῇ
2538 943 2851 1014 τετίμηται,
2877 943 3016 996 ἀλλὰ
3049 945 3144 996 καὶ
3187 944 3366 998 εἰκόνι
3394 946 3564 1016 χοῖκῇ
3627 961 3777 1014 συμ-

2157 1033 2462 1087 πέπλεκται
2487 1048 2503 1062 ⁶
2555 1034 2622 1088 δι’
2651 1030 2721 1115 ἧς
2763 1035 3142 1098 ἐκδιδάσκεται
3205 1035 3305 1110 τὴν
3347 1035 3492 1108 πρὸς
3543 1038 3775 1100 πάντας

467 1141 654 1186 servet
685 1132 1079 1206 aequalitatem.

1077 1245 1230 1310 CAP.
1275 1245 1444 1318 xxu.

535 1334 917 1404 Complectere
961 1352 1059 1393 eos
1103 1339 1198 1409 qui
1251 1339 1528 1396 bonorum
1589 1348 1642 1396 te
1687 1339 2051 1396 consiliorum

469 1427 810 1482 admonitum
847 1429 1064 1495 volunt,
1115 1447 1228 1486 non
1270 1447 1370 1496 eos
1411 1432 1507 1502 qui
1555 1432 1774 1489 adulari
1803 1447 2053 1503 saepenu-

469 1531 621 1571 mero
677 1517 922 1573 student.
998 1519 1080 1574 Illi
1155 1523 1304 1576 enim
1362 1522 1511 1592 quod
1562 1538 1758 1579 revera
1803 1522 2048 1592 expedit,

468 1609 840 1680 perSpiciunt:
877 1611 932 1664 hi
963 1627 1094 1666 vero
1120 1612 1188 1668 ad
1211 1629 1276 1668 ea
1301 1629 1423 1684 qua:
1453 1615 1677 1684 placent
1705 1613 2048 1685 potentibus,

468 1702 776 1772 respiciunt
809 1718 1260 1775 :corporumque
1305 1706 1532 1762 umbras
1585 1707 1892 1772 imitantes,
1931 1707 2050 1762 sin-

465 1795 612 1864 gulis
635 1809 828 1860 eorum
860 1794 1026 1856 dictis
1057 1797 1383 1861 concinunt.
1678 1793 1685 1800 ’

1065 1905 1220 1962 CAP.
1260 1905 1454 1962 XXIII.

537 1997 723 2054 Talem
780 2007 834 2054 te
891 2007 1090 2068 praesta
1127 2010 1253 2056 tuos
1273 2015 1404 2072 erga
1435 1999 1792 2064 domesticos,
1833 2001 2052 2071 qualem

464 2101 624 2162 optas
653 2106 785 2162 erga
813 2099 867 2146 te
897 2092 1190 2147 Dominum
1222 2108 1344 2148 esse
1370 2111 1383 2146 :
1411 2100 1578 2163 prout
1601 2093 1751 2148 enim
1772 2093 2051 2159 audimus,

465 2183 787 2248 audiemur;
829 2191 887 2239 et
924 2192 988 2238 ut
1017 2184 1370 2256 respicimus,
1405 2185 1776 2256 respiciemur
1803 2201 1834 2240 a
1864 2185 2054 2240 divino

467 2283 777 2346 cunctaque
823 2285 1124 2332 contuente
1173 2285 1422 2349 aspecgi.
1465 2277 1690 2333 Priores
1735 2278 1906 2349 igitur
1949 2291 2054 2333 nos

467 2367 867 2424 misericordiae
917 2369 1355 2427 misericordiam
1393 2368 1765 2436 conferamus,
1819 2378 1883 2423 ut
1935 2367 2055 2439 pari

467 2472 569 2527 par
594 2458 942 2530 recipiamus.

1085 2571 1239 2628 CAP.
1289 2573 1479 2630 XXIV.

541 2665 719 2720 Sicuti
737 2665 1011 2736 exquisita
1045 2667 1272 2737 specula
1302 2667 1442 2722 tales
1464 2677 1780 2728 monstrant
1798 2669 2053 2726 vultuum

471 2757 953 2837 imagines,qualia
991 2758 1109 2829 ipsa
1157 2766 1288 2815 sunt
1315 2759 1633 2832 archetypa,
1665 2761 1871 2819 nitidas
1899 2763 2058 2819 vide-

469 2846 603 2902 licet
627 2846 947 2928 nitentium,
981 2849 1172 2909 tristes
1193 2858 1381 2906 autem
1423 2841 1826 2920 maerentium,
1858 2855 2054 2910 eodem

469 2946 635 3008 pacto
661 2939 870 3010 justum
897 2940 997 2997 Dei
1041 2943 1312 3014 judicium
1334 2944 1543 3001 nostris
1565 2945 1884 3004 actionibus
1915 2949 2055 3004 assi-

471 3031 728 3091 milatur:
747 3033 931 3104 qualia
962 3035 1110 3090 enim
1134 3045 1265 3092 sunt
1293 3053 1417 3108 quae
1447 3053 1478 3093 a
1507 3038 1672 3094 nobis
1697 3045 2050 3110 praestantur,

471 3127 600 3190 talia
631 3127 746 3198 ipse
765 3128 926 3184 nobis
966 3145 1067 3200 par
1101 3130 1218 3200 pari
1251 3131 1502 3188 referens
1523 3131 1770 3200 exhibet.

1089 3329 1242 3384 CAP.
1266 3328 1434 3385 XXV.

545 3419 800 3473 Delibera
833 3418 927 3473 diu
965 3418 1034 3474 de
1079 3419 1148 3474 iis
1171 3435 1294 3489 quae
1317 3419 1527 3490 agenda
1555 3429 1714 3488 sunt;
1755 3436 2057 3492 exsequere

475 3518 660 3564 autem
697 3525 820 3579 quae
841 3510 1154 3565 decreveris
1190 3511 1408 3567 naviter
1440 3529 1454 3566 :
1483 3512 1745 3582 quoniam
1781 3515 2056 3584 periculo-

475 3616 597 3654 sum
629 3609 715 3657 est
737 3601 1033 3657 admodum
1052 3601 1459 3659 inconsiderata
1487 3603 1541 3658 in
1560 3603 1726 3660 rebus
1751 3606 2051 3662 temeritas.

477 3691 535 3746 Si
562 3691 686 3762 quis
725 3692 875 3748 enim
897 3709 1020 3764 quae
1043 3709 1109 3750 ex
1140 3693 1453 3751 inconsulta
1480 3702 1666 3752 mente
1715 3697 2052 3768 proveniunt

476 3782 656 3845 mala,
719 3785 1040 3856 conceperit
1096 3786 1304 3855 animo,
1364 3785 1525 3842 facile
1571 3788 1880 3858 comperiet
1919 3789 2052 3845 boni

478 3874 708 3930 consilii
736 3876 1023 3932 commoda
1072 3894 1089 3931 :
1132 3885 1200 3935 ut
1248 3876 1345 3947 qui
1399 3891 1680 3948 prospere
1723 3879 2058 3938 valetudinis

476 3963 710 4026 bonum,
748 3975 874 4036 post
918 3967 1294 4038 aegrotationis
1317 3965 1756 4037 experimentum
1784 3972 2056 4039 persenti-

479 4066 660 4112 scunt.
692 4059 870 4115 Debes
910 4059 1095 4131 igitur,
1122 4058 1555 4131 prudentissime
1581 4074 1701 4126 rex,
1721 4069 1836 4117 tum
1868 4063 2056 4119 consi-

2163 1125 2408 1196 ἰσότητα.

2719 1240 2972 1301 ΚΕΦΑΛ.
3027 1239 3158 1297 ΚΒ⁴.

2242 1328 2299 1381 Ἀ
2308 1328 2535 1400 ποδέχου
2548 1330 2676 1393 τοὺς
2693 1333 2762 1384 τὰ
2783 1329 2998 1402 χρηστά
3017 1347 3080 1383 συ
3088 1329 3412 1398 μὸουλεύειν
3434 1331 3760 1397 ὲοέλοντας.

2157 1419 2295 1474 ἀλλά
2341 1420 2417 1494 μὴ
2461 1422 2590 1486 τοὺς
2639 1423 2957 1478 κολακεύειν
2989 1424 3252 1478 ἑκάστοτε
3297 1423 3671 1489 σπεύδοντας.
3697 1427 3760 1482 οι

2162 1514 2262 1582 μὲν
2290 1513 2400 1586 γὰρ
2432 1514 2492 1568 τὸ
2525 1517 2806 1588 συμφέρον
2828 1517 2944 1587 (il)
2972 1517 3274 1587 συνορῶσιν
3295 1517 3358 1571 ἐν
3396 1515 3678 1589 ἀληθείᾳο
3709 1520 3758 1570 οἱ

2155 1605 2214 1660 δὲ
2257 1606 2396 1678 πρὸς
2429 1607 2506 1661 ’τὰ
2549 1608 2814 1664 δοκοῦντα
2853 1611 2968 1674 τοῖς
2995 1610 3295 1682 κρατοῦσιν
3335 1609 3620 1682 ἀφορῶσι,
3665 1613 3756 1663 καὶ

2157 1697 2267 1752 τῶν
2294 1699 2566 1769 σωμάτιον
2595 1702 2696 1765 τὰς
2729 1702 2894 1766 σκιὰς
2935 1702 3296 1774 μιμούμενοι,
3328 1703 3449 1766 τοίς
3479 1703 3621 1774 παρ’
3659 1703 3754 1755 αὑ-

2097 1787 2130 1820 -"
2153 1787 2263 1860 τῶν
2291 1788 2605 1862 λεγομένοις
2624 1793 2937 1865 συνᾴδουσι.

2733 1904 2984 1965 ΚΕΦΑΛ.
3019 1901 3148 1958 Kl".

2223 1993 2482 2059 Τοιοῦτος
2511 1995 2666 2064 γίνου
2701 1995 2830 2064 περὶ
2853 1996 2983 2060 τοὺς
3022 1997 3153 2062 σοὺς
3185 1997 3432 2065 οἰκέτας,
3455 1992 3578 2052 οἷον
3613 1996 3746 2068 εἴδη

2155 2102 2240 2140 σοι
2261 2086 2356 2142 τὸν
2377 2087 2658 2158 Δεσπότην
2679 2086 2964 2156 γενέσθαιε
2994 2087 3071 2152 ὡς
3101 2088 3214 2160 γάρ
3238 2088 3547 2158 ἀκούομεν,
3583 2089 3745 2143 ἀκου-

2155 2176 2490 2249 σθησόμεθα,
2521 2179 2616 2232 καὶ
2662 2178 2739 2242 ὡς
2787 2179 3027 2250 ὁρῶμεν,
3052 2180 3449 2252 ὁραθησόμεθα
3496 2182 3612 2235 ὑπὸ
3649 2181 3744 2234 τ’οὸ

2154 2267 2303 2322 θείου
2352 2269 2446 2324 καὶ
2485 2269 2827 2341 παντεφόρου
2857 2271 2970 2343 (l2)
2998 2272 3334 2343 βλέμματος.
3369 2272 3744 2343 Προεισενέγ-

2155 2378 2344 2433 κωμεν
2371 2357 2464 2416 οὗν
2483 2361 2563 2433 τῷ
2583 2363 2718 2434 ἐλέῳ
2737 2365 2829 2418 τὸν
2857 2364 3028 2429 ἔλεον,
3045 2365 3132 2418 ha
3159 2363 3240 2435 τῷ
3267 2365 3448 2436 ὁμοίῳ
3473 2367 3541 2420 τὸ
3563 2367 3744 2436 ὅμοιον

2155 2453 2556 2526 ἀντιλάὅωμεν.

2733 2571 2984 2626 ΚΕΦΔΔ.
3023 2573 3150 2625 KA'.

2229 2662 2440 2734 Ὠσπερ
2469 2661 2539 2716 τὰ
2574 2663 2780 2734 ἀκριϐῆ
2804 2664 2914 2717 τῶν
2949 2664 3278 2734 κατόπτρων
3326 2663 3596 2728 τοιαύτας
3640 2663 3746 2717 δεί-

2155 2753 2429 2818 κνυσιτὰς
2463 2753 2575 2807 τῶν
2593 2754 2902 2825 προσώπων
2940 2755 3214 2825 ἐμφάσεις
3244 2795 3261 2820 ,
3300 2750 3504 2826 οἷάπερ
3541 2756 3659 2809 ἐστὶ
3679 2757 3744 2809 τὲ

2155 2846 2514 2917 πρωτὸτυπα,
2555 2847 2758 2919 φαιδρὰ
2801 2847 2902 2918 μὲν
2945 2847 3057 2900 τῶν
3103 2848 3578 2922 φαιδρυνομένων.
3617 2865 3740 2902 axu-

2155 2939 2354 3010 θρωπὰ
2381 2939 2439 2994 δὲ
2479 2941 2590 2994 τῶν
2624 2940 3164 3012 σκυθρωπαζόντωνο
3193 2940 3340 2995 οὕτω
3366 2942 3467 2994 καὶ
3494 2941 3531 3010 ἡ
3568 2940 3746 2994 δικαία

2156 3029 2252 3084 τοῦ
2280 3029 2419 3084 Θεοῦ
2469 3031 2650 3102 κρίσις
2676 3031 2799 3094 ταῖς
2827 3031 3133 3103 ἡμετέραις
3156 3029 3428 3101 πράξεσιν
3463 3029 3742 3100 ἐξομοιοῦ-

2157 3141 2269 3180 ται.
2297 3118 2512 3196 Οἷάπερ
2547 3122 2660 3196 γάρ
2713 3123 2782 3179 ἂν
2891 3124 2962 3178 τὰ
2989 3125 3125 3196 παρ’
3161 3121 3326 3193 ἡμῶν
3374 3120 3735 3194 εἰργασμένα.

2157 3215 2389 3271 τοιαῦτα
2417 3218 2554 3288 ἡμῖν
2585 3217 2652 3270 ἐκ
2669 3215 2781 3270 τῶν
2805 3215 3013 3287 ὁμοίων
3034 3213 3292 3285 παρέχει.

2734 3329 2988 3384 ΚΕΦΛΛ.
3029 3328 3162 3383 κεν.

2231 3420 2500 3475 Βουλεύου
2535 3421 2635 3492 μὲν
2657 3420 2730 3475 τὰ
2773 3421 3028 3493 πρακτέα
3053 3420 3321 3492 βραδέως,
3349 3419 3566 3474 ὲκτέλει
3589 3419 3646 3472 δὲ
3677 3417 3741 3470 τὰ

2162 3513 2428 3584 κριθέντα
2455 3513 2792 3578 σπουδαίως·
2823 3512 2953 3567 ἐπεὶ
2977 3513 3099 3568 λίαν
3121 3513 3244 3567 ἐστὶ
3272 3513 3571 3585 σφαλερὸν,
3599 3512 3660 3565 τὺ
3683 3512 3740 3563 ἓν

2160 3607 2276 3669 τοῖς
2305 3605 2628 3676 πράγμασιν
2675 3591 3107 3676 ἀπερίσκεπτον.
3150 3604 3212 3658 Εί
3261 3606 3373 3674 γὰρ
3401 3605 3472 3658 τά
3499 3603 3558 3670 ἐξ
3584 3602 3740 3656 ἀδου-

2159 3697 2281 3762 λίας
2310 3714 2394 3760 τις
2441 3697 2690 3768 ὲννοήσει
2739 3695 2915 3757 κακὰ.
2965 3696 3087 3750 τότε
3133 3696 3406 3765 γνώσεται
3445 3695 3628 3759 καλῶς
3648 3694 3740 3765 τῆς

2161 3782 2447 3854 εὗῦουλίας
2467 3788 2536 3843 τὰ
2553 3790 2803 3860 χρήσιμα
2824 3805 2840 3822 ο
2867 3787 2944 3850 ὡς
2969 3788 3068 3842 καὶ
3099 3790 3198 3859 τῆς
3225 3789 3416 3858 ὑγείας
3441 3788 3543 3859 τὴν
3565 3787 3738 3858 χάριν,

2165 3881 2304 3952 μετὰ
2327 3881 2426 3950 τὴν
2453 3881 2652 3950 πεῖραν
2678 3881 2779 3950 τῆς
2795 3877 2976 3934 νόσου.
2996 3880 3090 3932 Δεῖ
3112 3879 3318 3941 τοίνυν,
3345 3879 3738 3950 εὖφρονέστατε

2165 3970 2416 4043 βασιλεῦ,
2449 3973 2546 4026 καὶ
2583 3969 2750 4042 βουλῇ
2799 3969 3165 4042 συνετωτέρᾳ,
3188 3969 3287 4023 καὶ
3306 3969 3443 4040 εὐχῇ
3483 3983 3738 4020 συντονω-

2162 4065 2302 4137 τέρᾳ
2324 4063 2620 4137 λξερευνᾷν
2642 4063 2890 4135 ἀκριϐῶς
2921 4061 2992 4116 τὰ
3015 4062 3336 4118 συνοίσοντα
3360 4060 3439 4132 τῷ
3463 4062 3671 4131 κόσμῳ.

478 4148 554 4202 lio
596 4150 977 4221 prudentiore,
1012 4161 1125 4207 tum
1153 4151 1412 4222 precibus
1430 4149 1501 4221 ad
1534 4150 1708 4208 Deum
1755 4153 2205 4226 impensioribus,
2242 4159 2535 4232 exquirere
2592 4155 2890 4237 diligenter
2932 4170 3058 4229 qua
3121 4153 3331 4211 mundo
3386 4163 3521 4215 sunt
3580 4166 3736 4224 expc-

480 4241 685 4314 (litura.

1079 4359 1230 4425 CAP.
1269 4362 1460 4420 XXVI.

456 4506 466 4517 _
548 4449 766 4519 Optime
798 4449 1213 4508 administrabis
1237 4455 1517 4526 egregium
1546 4456 1702 4511 tutim
1737 4456 2052 4528 imperium,

481 4540 530 4594 si
555 4541 740 4594 omnia
771 4539 869 4594 des
899 4556 1120 4610 operam
1171 4539 1503 4616 perspicere,
1533 4559 1638 4600 nec
1665 4548 1940 4618 negligere
1964 4563 2058 4618 pa-

484 4631 626 4685 tiare
673 4629 996 4702 quidquam.
1046 4633 1236 4706 Neque
1289 4636 1437 4691 enim
1484 4651 1717 4706 parvum
1771 4646 1858 4692 est
1890 4639 1947 4694 in
1985 4648 2062 4705 te,

484 4723 634 4792 quod
673 4739 902 4792 parvum
935 4741 1058 4781 esse
1095 4736 1326 4797 apparet
1354 4727 1769 4796 comparatione
1803 4737 2062 4784 tuorum:

2735 4365 2990 4419 malm.
3031 4364 3178 4432 Kcr.

2237 4457 2472 4530 Ἀριστα
2504 4456 2802 4528 διοικήσεις
2842 4457 2945 4528 τὴν
2975 4456 3190 4528 ἀγαθήν
3218 4473 3314 4510 σου
3365 4455 3662 4526 βασιλείαν,
3689 4453 3731 4506 εἰ

2165 4549 2342 4604 πάντα
2397 4549 2724 4614 σπουδάζεις
2769 4552 2994 4623 ἑφορᾷν,
3037 4551 3134 4604 καὶ
3181 4549 3353 4620 μηδὲν
3411 4549 3577 4618 ἀνέχῃ
3608 4563 3736 4615 παρ·-

2159 4641 2314 4710 ορᾷν.
2346 4641 2422 4693 Οὐ
2457 4639 2566 4710 γὰρ
2627 4639 2826 4710 μικρὸν
2877 4640 2972 4692 ἐπὶ
3033 4637 3136 4700 σοὶ,
3173 4640 3315 4712 ὅπερ
3364 4639 3562 4709 μικρὸν
3608 4631 3733 4688 εἶναι

2159 4733 2310 4788 δοκεῖ
2335 4734 2394 4786 ὲν
2425 4733 2714 4804 συγκρίσει
2741 4732 2852 4786 τῶν
2883 4733 3028 4786 σῶν·
3059 4732 3248 4804 ἐπειδὴ
3277 4733 3375 4786 καὶ
3401 4733 3557 4802 ῥῆμα
3587 4732 3732 4802 βατι-

485 4815 748 4884 quoniam
807 4817 890 4872 vel
917 4819 1062 4874 exile
1099 4818 1450 4890 imperatoris
1493 4817 1735 4884 Verbum
1786 4821 2054 4892 ingentem

2175 4827 2303 4890 λέως
2335 4826 2492 4897 ψιλὸν
2532 4825 2780 4897 μεγάλην
2812 4825 2929 4896 ἔχει
2962 4825 3116 4897 παρὰ
3149 4827 3318 4879 πᾶσιν
3347 4827 3528 4896 ἰσχύν.

487 4906 702 4966 obtinet
737 4907 886 4979 apud
917 4924 1113 4969 omnes
1136 4911 1272 4964 vim.

425 5029 446 5146 ί
554 5102 678 5146 τηις
721 5113 823 5146 ιηοτ
854 5001 1474 5146 ...ωιηιιιῗ-ῒιῗλὲἒιγ

554 5102 680 5169 Tibi
719 5113 826 5186 ipsi
853 5113 1073 5175 custodi

1076 5113 1205 5171 cudi
1233 5115 1382 5188 leges
1408 5117 1628 5189 impone
1654 5119 2062 5184 necessitatem,

485 5219 618 5266 cu
669 5221 781 5263 non
836 5206 1044 5263 habeas
1093 5205 1150 5262 in
1201 5209 1370 5265 terris
1393 5211 1574 5281 quite
1613 5212 1790 5283 possit
1825 5227 2063 5283 cogere:

486 5297 570 5356 sic
619 5298 785 5356 enim’
831 5307 950 5356 tum
1008 5300 1190 5374 legum
1224 5317 1342 5374 pra:
1388 5312 1444 5359 te
1491 5303 1638 5360 feres
1680 5305 1892 5361 cultum
1926 5304 2064 5375 ipse.

2755 5024 3003 5078 ΚΕΦᾹΛ.
3045 5025 3172 5078 ΚΖ’.

2238 5115 2432 5187 Σαυτῷ
2483 5115 2583 5187 τὴν
2640 5113 2734 5169 τοῦ
2783 5115 3078 5184 φυλάττειν
3128 5116 3256 5178 τοὺς
3301 5113 3502 5183 νόμους
3564 5111 3738 5171 ἐπίθες

2169 5207 2439 5280 ἀνάγκην,
2470 5207 2546 5270 ὡς
2576 5205 2652 5278 μὴ
2690 5205 2828 5276 ἔχων
2865 5207 2961 5260 ἐπὶ
2989 5207 3096 5275 γῆς
3121 5207 3214 5259 τδν
3249 5205 3550 5274 δυνάμενον
3583 5208 3740 5269 avar-

2170 5299 2363 5364 κάζειν
2385 5315 2400 5331 ο
2428 5297 2572 5353 οὕτω
2609 5299 2719 5370 γάρ
2754 5297 2850 5350 καὶ
2887 5298 2998 5351 τῶν
3025 5297 3209 5368 νόμων
3252 5297 3544 5363 ἐπιδείξεις
3571 5296 3634 5348 τὺ
3661 5295 3740 5348 σέο

489 5398 620 5452 antc
647 5389 789 5453 alios
833 5406 932 5450 eas
977 5393 1314 5461 reverendo;
1354 5403 1472 5451 tum
1507 5395 1750 5452 subditis
1788 5394 2054 5451 constabit

2175 5393 2294 5459 σας,
2330 5391 2493 5457 αὐτὸς
2527 5391 2634 5462 πρὸ
2667 5390 2780 5445 τῶν
2811 5389 2992 5446 ἀλλων
3024 5389 3251 5461 τούτους
3289 5388 3614 5456 αῑδοὺμενος
3659 5389 3742 5439 καὶ

2013 5531 2236 5590 NOTAE.

563 5618 678 5700 (l‘l)
709 5623 773 5700 οι
791 5622 1042 5700 μὲν-γὰρ
1069 5623 1136 5676 τὸ
1189 5625 1520 5700 (ξυμφέρον.
1552 5626 1736 5682 Codex
1764 5627 1966 5700 Regius
2013 5627 2072 5682 Β.

491 5687 544 5748 αι
577 5687 676 5758 μὶν
700 5687 808 5760 γὰρ
845 5687 978 5762 πρὸς
1003 5687 1183 5763 sum).
1209 5687 1443 5751 Βέῖὼυἶι.

2260 5625 2374 5687 (l2)
2404 5625 2805 5692 Παντεςρόρου.
2839 5621 2933 5678 Sic
2960 5622 3014 5682 in
3047 5619 3335 5676 codicibus
3381 5620 3588 5689 Regiis.
3619 5617 3738 5674 Γετ-

2189 5712 2377 5767 peram
2402 5696 2456 5749 iu
2487 5695 2652 5750 editis
2683 5692 3044 5764 παντοφόρον.
3074 5692 3147 5747 In.
