3924 6294
276 226 412 293 1173

1488 246 1756 307 CAPITA
1796 248 2347 314 ADMONITORIA.

3388 261 3525 326 HM

272 350 382 410 τοῖς
414 347 678 422 ὑπηκόοις
700 351 998 423 φανήσεται
1036 353 1098 407 τδ
1137 358 1478 430 παρανομεῖν
1500 360 1601 412 οὐκ
1632 359 1847 414 ἀκίνδυ-

1979 377 2129 440 egum
2193 368 2703 436 praevaricationem
2768 373 3002 442 periculi
3063 391 3172 430 non
3243 392 3368 434 esse
3428 379 3530 432 im~

273 456 385 495 νον.

833 560 1086 616 ΚΕΦΑΛ.
1143 564 1282 618 KII'.

349 647 493 702 Ἴσον
533 648 611 719 τῷ
659 650 1029 723 πλημμελεῖν,
1054 655 1115 708 τὸ
1148 657 1224 727 μὴ
1256 654 1491 710 κωλύειν
1511 657 1852 727 τοὺςκπλημ-

1951 472 2197 513 munem.

2536 577 2687 634 CAP.
2728 579 2964 635 XXVIII.

2021 666 2279 732 Peccare,
2323 678 2379 724 et
2406 684 2518 724 non
2543 669 2804 726 cohibere
2856 680 3167 741 peccantes,
3218 673 3366 729 idem
3406 689 3530 729 esse

277 738 579 838 pel-95v“;
615 741 854 812 λογίζου.
907 746 1030 802 Κᾶν
1085 747 1195 819 γάρ
1237 765 1320 811 τις
1369 748 1724 822 πολιτεύηται
1753 751 1854 820 μὲν

1979 767 2164 815 putato.
2198 761 2254 816 Si
2281 762 2406 832 quis
2429 764 2583 818 enim
2609 738 2909 820 incivitate
2951 767 3118 821 vitam
3147 767 3373 836 quidem
3415 767 3532 838 ipse

273 829 570 900 ὲνθὲσμως,
605 835 868 908 ἀνέχηται
896 839 954 893 δὲ
986 840 1096 894 τῶν
1125 840 1385 912 βιούντων
1416 842 1695 914 ἀθέσμως,
1730 859 1854 896 συν-

276 922 438 990 εργὸς
466 922 575 977 τῶν
615 927 802 983 κακῶν
843 932 1158 1005 παράνθεῷ
1186 931 1464 1004 κρίνεται·
1499 936 1548 988 εί
1585 935 1642 990 δὲ
1669 935 1853 1005 βούλει

275 1010 467 1077 διττῶς
504 1015 832 1087 εὐδοκιμεῖν,
868 1023 960 1075 καὶ
995 1025 1118 1088 τοὺς
1156 1024 1227 1077 τὰ
1275 1017 1552 1080 κάλλιστα
1568 1026 1853 1093 ποιοῦντας

277 1105 540 1177 προτίμα,
566 1110 663 1164 καὶ
684 1114 797 1175 τοῖς
824 1113 893 1165 τὰ
922 1115 1173 1188 χείριστα
1199 1116 1402 1187 δρῶσιν
1426 1118 1679 1189 ὲπιτίμα.

857 1312 1109 1370 ΚΕΦΑΑ.
1152 1316 1280 1369 ΚΘ.

347 1397 484 1451 Δίαν
515 1402 814 1473 συμφέρειν
842 1404 1232 1476 ὑπολαμϐάνω,
1265 1409 1326 1463 τὸ
1361 1410 1584 1480 φεύγειν
1615 1413 1714 1479 τὰς
1749 1414 1859 1468 τῶν

281 1487 470 1543 κακῶν
502 1492 933 1565 συνδιαιτήσειςο
966 1497 1056 1551 τὸν
1090 1499 1199 1571 γάρ
1227 1502 1462 1556 συνόντα
1496 1503 1731 1559 πάντοτε
1759 1507 1858 1561 άν-

278 1578 522 1650 θρὼποις
540 1587 865 1658 πονηροῖς,ἢ
884 1588 1121 1662 ποιθεῖνῆ
1156 1592 1349 1662 μαθεῖν
1370 1595 1588 1666 ἀνάγκη
1606 1613 1661 1649 τι
1696 1615 1862 1669 πονη-

1957 849 2207 907 traducat
2258 869 2415 924 usque
2443 895 2457 917 ,
2506 856 2704 912 toleret
2761 866 2947 912 autem
2996 858 3250 918 viventes
3306 860 3527 931 inique,

1955 943 2139 999 socius
2184 946 2457 1001 malorum
2498 949 2643 1020 apud
2692 950 2865 1007 Deum
2909 950 3195 1021 judicatur
3234 971 3246 1005 :
3279 954 3427 1023 quod
3482 957 3528 1009 si

1956 1035 2095 1090 velis
2132 1036 2387 1093 bifariam
2418 1041 2755 1110 approbari,
2787 1050 2849 1098 ut
2901 1043 3275 1112 pulcherrima
3311 1061 3534 1116 quoque

1955 1135 2211 1198 gerentes
2243 1129 2477 1196 honora,
2509 1133 2585 1187 ita
2614 1135 2900 1191 teterrima
2924 1142 3206 1204 patrantes
3248 1147 3537 1196 contume-

1955 1216 2035 1274 lia
2057 1219 2283 1277 allicito.

2556 1343 2706 1400 CAP.
2734 1345 2928 1401 XXIX.

2028 1428 2304 1499 Expedire
2341 1433 2638 1490 admodum
2673 1438 2914 1493 arbitror
2943 1436 3189 1510 eﬂ‘ugere
3214 1452 3536 1510 pravorum

1960 1519 2319 1577 contubernia
2356 1541 2370 1578 :
2404 1526 2499 1594 qui
2556 1526 2704 1581 enim
2747 1543 2874 1583 eum
2917 1529 3240 1586 hominibus
3272 1529 3539 1600 improbis

1961 1622 2179 1680 semper
2214 1622 2485 1680 versatur,
2513 1630 2638 1670 eum
2669 1619 2754 1673 vel
2790 1619 2902 1688 pati
2954 1619 3039 1675 vel
3078 1619 3295 1676 discere
3333 1622 3539 1677 malum

281 1672 458 1782 ὁ
485 1673 542 1782 δὲ
561 1678 703 1782 ⁸τρῖς
756 1678 983 1747 ἀγαθοῖς
1026 1683 1352 1753 συνδιάγων,
1399 1686 1432 1758 ἢ
1472 1686 1706 1759 μίμησιν
1749 1690 1860 1743 τῶν

1979 1697 2173 1768 rliquid
2199 1717 2426 1758 necesse
2452 1713 2535 1759 est
2564 1723 2577 1759 :
2607 1707 2703 1776 qui
2734 1672 2865 1763 verro
2896 1724 3004 1763 una
3021 1725 3148 1765 cum
3173 1710 3335 1765 bonis
3369 1710 3537 1782 degit,

280 1763 461 1821 καλῶν
491 1766 962 1843 ἐκδιδάσκεται,ἡῆ
1012 1775 1238 1844 μείωσιν
1282 1776 1394 1829 τῶν
1444 1779 1635 1834 κακῶν
1665 1781 1860 1836 ἐκπαι-

279 1861 518 1919 δεύεται.

568 2034 571 2037 λ
882 1984 1134 2039 ΚΕΦΛΛ.
1175 1986 1256 2043 A'.

362 2076 690 2146 Ἐγκόσμιον
735 2077 840 2130 ὑπὸ
885 2077 1024 2131 Θεοῦ
1075 2078 1386 2144 πιστευθεὶς
1427 2080 1726 2151 βασιλείαν,
1760 2099 1863 2153 ἕνθ’

281 2165 398 2217 δενὶ
440 2167 559 2236 χρῶ
604 2165 711 2218 τῶν
747 2166 1004 2236 πονηρῶν
1054 2166 1187 2237 πρὸς
1239 2167 1336 2230 τὰς
1368 2166 1478 2221 τῶν
1521 2167 1864 2239 πραγμάτων

281 2257 599 2327 διοικήσεις.
632 2252 733 2310 Ὧν
763 2256 874 2329 γὰρ
903 2257 971 2312 ἂν
1003 2258 1203 2312 ἐκεῖνοι
1229 2257 1415 2322 κακῶς
1436 2258 1862 2329 διαπράξωνται,

285 2351 444 2420 λόγον
478 2353 665 2421 ὑφέξει
696 2351 816 2423 Θεῷ
844 2352 873 2404 ὁ
899 2351 999 2421 τὴν
1035 2352 1193 2423 ἰσχὺν
1235 2353 1422 2414 αὐτοῖς
1448 2351 1717 2416 δεδωκώς.
1751 2355 1868 2409 Με-

283 2444 354 2496 τὰ
393 2445 593 2515 πολλῆς
627 2440 1061 2525 οὗνέξετάσεως
1088 2445 1272 2502 αἰτῶν
1293 2447 1573 2519 ἀρχόντων
1602 2446 1866 2519 προϐολαὶ

176 2546 177 2549 “
281 2540 641 2606 γενέσθωσαν.

868 2747 1120 2802 ΚΕΦΑΛ.
1160 2749 1286 2801 AA'.

359 2842 502 2893 Ἴσον
550 2839 757 2911 νομίζω
806 2841 995 2904 κακὸν,
1023 2840 1120 2894 καὶ
1155 2840 1263 2894 τῶν
1304 2839 1517 2911 ἐχθρῶν
1558 2837 1864 2908 θυμοῦσθαι

283 2936 405 2991 ταῖς
455 2931 836 3002 κακουργίαις,
886 2933 982 2987 καὶ
1034 2932 1141 2986 τῶν
1190 2931 1363 3001 φίλων
1410 2931 1701 3001 θέλγεσθαι
1742 2934 1867 2994 ταῖς

1963 1790 2051 1846 vel
2079 1791 2443 1850 imitationem
2474 1796 2833 1853 honestorum
2862 1801 3149 1868 edocetur,
3180 1803 3267 1858 vel
3300 1804 3542 1859 diminu-

1966 1885 2171 1939 tionem
2196 1886 2459 1942 vitiorum
2487 1890 2780 1945 condiscit.

2565 2001 2718 2058 CAP.
2759 2003 2927 2060 XXX.

2037 2087 2337 2145 Terrarum
2386 2093 2540 2148 orbis
2581 2110 2611 2147 a
2646 2095 2759 2149 Deo
2808 2111 2935 2150 cum
2982 2097 3263 2153 creditum
3317 2099 3418 2154 tibi
3469 2102 3543 2156 sit

1965 2194 2215 2250 regnum,
2242 2197 2375 2237 cave
2401 2200 2471 2239 ne
2514 2184 2701 2255 aliquo
2731 2187 2909 2243 utaris
2947 2203 3016 2243 ex
3042 2189 3227 2259 pravis
3256 2189 3324 2243 ad
3356 2206 3541 2245 rerum

1965 2268 2508 2330 administrationes:
2540 2292 2662 2345 qua:
2696 2277 2843 2332 enim
2868 2277 2949 2334 illi
2971 2294 3257 2350 perperam
3287 2281 3541 2343 fecerint,

1964 2363 2160 2418 eorum'
2186 2364 2459 2422 rationem
2501 2368 2698 2439 reddet
2718 2371 2830 2426 Deo
2859 2370 2956 2441 qui
2993 2372 3258 2442 peccandi
3313 2373 3543 2427 faculta-

1965 2462 2078 2509 tem
2114 2454 2249 2525 ipsis
2278 2458 2591 2515 indulserit.
2619 2461 2807 2532 Magna
2841 2465 3009 2534 igitur
3030 2474 3088 2521 et
3125 2467 3376 2535 diligenti
3416 2482 3541 2520 cum

1965 2551 2403 2617 perscrutatione
2473 2557 2895 2625 magistratuum
2957 2561 3338 2627 promotiones
3389 2560 3541 2623 liant,

1965 2648 2204 2710 oportet.

2562 2766 2714 2822 CAP.
2752 2766 2947 2822 XXXI.

2037 2852 2268 2924 Equale
2298 2871 2424 2910 reor
2454 2872 2574 2911 esse
2613 2859 2846 2923 malum,
2877 2867 2935 2913 et
2968 2856 3320 2913 inimicorum
3351 2870 3548 2911 excau-

1967 2948 2194 3004 descere
2223 2949 2467 3021 ﬂagitiis,
2491 2958 2547 3005 et
2567 2951 2869 3005 amicorum
2902 2950 3204 3005 demulceri
3235 2948 3542 3003 blanditiis.
3574 2980 3589 3001 1

287 3022 622 3086 κολακείαις.
658 3025 749 3076 Δεῖ
796 3023 904 3096 γάρ
948 3025 1086 3096 πρὸς
1114 3025 1415 3098 ἑκατέρους
1440 3025 1705 3094 γενναίως
1734 3025 1861 3079 ἀνθ-

1979 3022 2199 3109 Dportet
2219 3040 2368 3095 enim
2406 3041 2658 3110 utrisque
2690 3041 2967 3105 resistere,
2998 3057 3101 3096 nec
3132 3055 3364 3110 usquam
3395 3056 3424 3095 a
3451 3041 3549 3094 de-

288 3115 562 3183 ίστασθαι,
594 3116 809 3170 καὶτοῦ
849 3117 1156 3186 πρέποντος
1197 3117 1466 3188 μηδαμῶς
1506 3116 1863 3186 ἀφίστασθαι,

288 3210 430 3279 μήτε
452 3208 550 3280 τὴν
577 3209 860 3277 ἀλόγιστον
896 3212 1121 3265 ἐκείνων
1144 3210 1469 3281 δυσμένειαν
1499 3211 1863 3281 ἀμυνόμενον,

288 3303 427 3371 μήτε
457 3303 559 3374 τὴν
605 3303 943 3359 ἐπίπλαστον
971 3308 1180 3360 τούτων
1227 3307 1516 3377 εὐμένειαν
1561 3305 1865 3376 ἀμειϐόμε-

284 3411 395 3448 νον.

869 3527 1124 3582 ΚΕΦΑΛ.
1164 3527 1285 3582 AB'.

286 3644 289 3647 ι
369 3615 535 3684 Ἦγοῦ
586 3616 813 3680 τούτους
866 3615 1005 3672 εἶναι
1058 3618 1249 3690 φίλους
1314 3618 1735 3689 ἀληθεστάτους,
1793 3622 1867 3693 μὴ

285 3711 414 3771 τοὺς
468 3709 827 3774 ἐπαινοῦντας
875 3710 1091 3766 ἅπαντα
1113 3712 1183 3766 τὰ
1219 3716 1374 3784 παρὶι
1414 3713 1509 3767 σοῦ
1565 3713 1861 3783 λεγόμενα,

285 3801 425 3855 ἀλλὰ
451 3803 582 3865 τοὺς
611 3803 791 3873 κρίσει
822 3804 1009 3876 δικαίᾳ
1031 3805 1210 3860 πάντα
1237 3805 1499 3877 πράττειν
1532 3806 1866 3871 σπουδάζονο

284 3913 408 3959 τας,
458 3894 553 3947 καὶ
599 3896 995 3965 συνηδομένους
1034 3896 1135 3968 μὲν
1177 3897 1272 3949 ἐπὶ
1316 3899 1428 3961 τοῖς
1456 3900 1863 3969 χρηστοτέροις,

285 3988 783 4051 ἑπιστυγνάζοντας
831 3988 891 4041 δὲ
937 3988 1033 4042 ἐπὶ
1073 3989 1187 4052 τοῖς
1232 3988 1518 4052 ἐναντίοις.
1552 3982 1714 4043 Οὗτοι
1755 3989 1864 4061 γὰρ
1914 4018 1923 4026 ·

285 4080 457 4144 ὅντως
486 4079 895 4151 ἀψευδεστάτης
919 4080 1105 4150 φιλίας
1130 4080 1437 4136 δεικνύουσι
1464 4083 1795 4154 τεκμήριον.

870 4192 1122 4247 ΚΕΦΑΛ.
1157 4192 1281 4246 AI".

358 4282 451 4352 Μὴ
477 4281 864 4353 μεταϐαλλέτω
893 4300 975 4336 σοι
1001 4283 1098 4354 τὴν
1124 4282 1502 4355 μεγαλόφρονα
1522 4282 1747 4354 γνώμην
1765 4282 1867 4353 τῆς

1968 3146 2096 3186 core
2130 3130 2439 3197 discedere,
2474 3147 2657 3200 neque
2689 3131 3125 3186 irrationabilem
3153 3146 3347 3186 eorum
3375 3131 3548 3185 male-

1968 3224 2268 3281 volentiam
2298 3224 2644 3288 ulciscendo,
2666 3239 2847 3295 neque
2871 3223 3121 3279 ﬁctiliam
3148 3224 3347 3278 horum
3382 3223 3551 3279 bene-

1967 3319 2267 3376 volentiam
2297 3317 2730 3376 remunerando.

2557 3520 2711 3579 CAP.
2751 3520 2974 3577 XXXII.

2041 3614 2309 3669 Existima
2363 3613 2683 3669 verissimus
2715 3614 2946 3679 amicos,
3003 3626 3115 3666 non
3171 3611 3268 3679 qui
3321 3608 3551 3663 laudent

1971 3706 2155 3761 omnia
2183 3721 2307 3775 qua:
2334 3705 2591 3760 dicantur
2614 3705 2713 3760 abs
2738 3712 2812 3771 te,
2836 3703 2934 3760 sed
2962 3703 3058 3773 qui
3104 3702 3243 3756 nihil
3279 3717 3389 3755 non
3416 3701 3549 3754 inte-

1970 3813 2068 3868 gro
2097 3796 2308 3867 judicio
2343 3794 2526 3851 Iacere
2562 3795 2927 3859 contendunt,
2968 3794 3085 3848 sive
3109 3801 3171 3847 ut
3202 3792 3551 3863 gratulentur

1971 3890 2095 3957 tibi,
2128 3889 2175 3945 si
2200 3889 2373 3956 bene;
2406 3888 2716 3954 tristentur,
2754 3889 2801 3942 si
2827 3895 3020 3941 contra
3060 3899 3357 3955 perperam
3393 3883 3552 3939 dixe-

1970 3983 2049 4037 ris
2077 3981 2387 4037 feeerisve:
2421 3979 2481 4033 hi
2523 3979 2674 4035 enim
2715 3994 2909 4034 revera
2950 3977 3021 4032 ab
3051 3977 3202 4032 omni
3226 3975 3421 4030 fraude
3450 3976 3549 4030 ah-

1971 4071 2253 4127 horrentis
2278 4070 2534 4127 amicitiae
2558 4085 2674 4140 pra)
2694 4084 2754 4125 se
2780 4068 2968 4139 ferunt
2994 4066 3256 4137 insignia.

2533 4182 2689 4239 CAP.
2734 4181 2974 4238 XXXIII.

2042 4282 2121 4336 Ne
2155 4286 2331 4335 mutet
2359 4278 2459 4334 tibi
2488 4278 2892 4349 magnanimam
2919 4282 3161 4330 mentem
3187 4280 3420 4329 terrena:
3449 4273 3552 4326 hu-

287 4377 536 4445 ἐπιγείου
564 4376 771 4448 ταύτης
797 4376 1116 4441 δυναστείας
1140 4377 1169 4429 ὁ
1195 4377 1380 4445 ὄγκος,
1408 4376 1524 4430 ἀλλ’
1563 4376 1640 4439 ὡς
1673 4376 1861 4443 ἐπίκη-

1979 4373 2061 4444 ius
2088 4371 2378 4442 potestatis
2398 4366 2740 4440 amplitudo;
2764 4367 2863 4424 sed
2909 4373 2972 4421 ut
3009 4364 3264 4435 fragilem
3294 4374 3354 4419 et
3381 4362 3550 4418 cadu-

290 4489 386 4541 ρον
413 4469 614 4524 διέπων
652 4470 848 4542 ἀρχὴν,
875 4469 1146 4540 ἄτρεπτον
1174 4468 1265 4540 ἔχε
1304 4470 1396 4524 τὸν
1459 4469 1585 4523 νοῦν
1623 4470 1683 4522 ἐν
1724 4469 1867 4539 πρά-

287 4580 464 4633 γμασι
497 4565 773 4633 τρεπτοῖς,
811 4563 953 4633 μήτε
995 4564 1056 4616 ὲν
1097 4564 1217 4624 ταῖς
1240 4560 1527 4631 εὐθυμίαις
1565 4560 1867 4631 ὲξυψούμε-

286 4671 400 4721 νος,
432 4657 571 4727 μήτε
595 4658 653 4710 ἐν
678 4657 799 4719 ταῖς
820 4654 1083 4726 ἀθυμίαις
1101 4653 1553 4725 ταπεινούμενος.

875 4855 1124 4910 ΚΕΦΛΛ.
1166 4853 1285 4909 ΛΔ’.

313 4939 316 4943 ’
362 4948 572 5019 Ὥσπερ
600 4947 798 5018 χρυσὸς
828 4948 1018 5002 ἄλλοτε
1050 4948 1225 5012 ἄλλως
1268 4947 1373 5000 ὑπὸ
1424 4946 1521 5011 τῆς
1549 4945 1744 5017 τέχνης
1777 4963 1872 5017 με·

285 5041 723 5112 τατυπούμενος,
754 5042 851 5095 καὶ
879 5041 1018 5112 πρὸς
1061 5041 1298 5112 διάφορα
1328 5038 1577 5108 κοσμίων
1615 5038 1734 5110 εῐδη
1769 5055 1869 5108 με·

286 5132 703 5203 ταποιούμενος,
737 5133 875 5203 ὅπερ
922 5134 1039 5186 ἐστὶ
1087 5131 1353 5203 διαμένει,
1375 5130 1471 5184 καὶ
1516 5129 1728 5200 τροπὴν
1772 5130 1869 5198 οὐχ

288 5222 587 5292 ὑπομένει·
644 5222 788 5277 οὕτω
834 5223 930 5277 καὶ
981 5222 1164 5287 αὐτὸς,
1216 5221 1573 5275 εύκλεέστατε
1624 5218 1867 5291 βασιλεῦ,

287 5316 457 5386 ἄλλην
487 5314 548 5379 ἐξ
577 5315 746 5382 ἄλλης
777 5314 1022 5385 ἀμείϐων
1052 5313 1248 5386 ἀρχὴν,
1285 5314 1498 5383 φθάσας
1526 5313 1584 5367 δὲ
1626 5313 1722 5368 καὶ
1770 5311 1869 5365 αύ-

289 5407 391 5476 τὴν
421 5408 519 5477 τὴν
555 5408 819 5460 ἀνωτάτω
859 5407 1044 5478 τιμὴν,
1083 5408 1111 5460 ὁ
1149 5405 1311 5468 αὐτὸς
1340 5405 1638 5476 διαμένεις,
1674 5403 1775 5457 οὐκ
1813 5404 1870 5457 ἐν

290 5499 407 5559 τοῖς
444 5499 623 5560 αὐτοῖς
648 5497 989 5567 πράγμασιν,
1030 5498 1391 5552 ἀναλλοίωτον
1420 5499 1557 5567 ἔχων
1585 5497 1642 5550 ὲν
1666 5495 1742 5568 τῷ
1767 5513 1867 5549 κα-

290 5586 373 5660 λῷ
406 5593 467 5646 τὸ
498 5591 776 5663 φρόνημα.

1974 4476 2102 4515 cum
2159 4475 2356 4531 regens
2408 4458 2824 4530 principatum,
2891 4455 3295 4519 immutabilem
3345 4453 3549 4508 habeto

1972 4553 2313 4609 intellectum
2363 4552 2421 4606 in
2470 4551 2640 4606 rebus
2687 4549 3100 4606 mutabilibus:
3146 4546 3319 4607 nimia
3367 4560 3549 4615 neque

1972 4645 2163 4701 laetitia
2211 4644 2504 4702 sublimem
2537 4652 2594 4701 te
2620 4643 2921 4709 extollens,
2953 4654 3136 4711 neque
3166 4637 3431 4695 maestitia
3468 4638 3550 4691 vi-

1970 4736 2208 4793 leseens.

2546 4851 2696 4907 CAP.
2738 4848 2996 4907 XXXIV..

2043 4945 2217 5000 Sicuti
2249 4961 2443 5000 aurum
2474 4945 2725 5015 quamvis
2758 4945 2924 4998 modo
2953 4943 3055 5008 sic,
3083 4939 3248 4994 modo
3271 4938 3433 4993 aliter
3477 4935 3547 4988 ab

1971 5045 2090 5090 arte
2107 5036 2552 5106 transﬁguretur,
2601 5043 2767 5104 atque
2796 5033 2864 5088 ad
2888 5032 3069 5087 varias
3093 5036 3545 5085 ornamentorum

1971 5130 2185 5199 species
2207 5125 2648 5191 translormetnr,
2673 5136 2961 5197 permanet
2989 5135 3169 5180 tamen
3195 5123 3247 5178 id
3264 5121 3413 5193 quod
3440 5132 3544 5185 est,

1970 5235 2074 5276 nec
2094 5218 2453 5273 mutationem
2489 5218 2726 5288 patitur;
2765 5215 2847 5271 sic
2879 5215 2997 5285 ipse
3020 5228 3266 5284 quoque,
3293 5212 3543 5283 inclytis-

1971 5311 2110 5367 sime
2131 5310 2452 5379 imperator,
2485 5309 2616 5364 licet
2644 5307 2881 5362 aliud'ex
2909 5307 3019 5362 alio
3052 5320 3151 5375 per
3172 5303 3378 5376 gradus
3402 5303 3547 5356 01)ιὶ-

1969 5402 2162 5457 nueris
2209 5399 2452 5470 regimen
2483 5442 2497 5467 ,
2551 5398 2982 5470 pervenerisque
3028 5395 3096 5451 ad
3128 5394 3310 5465 ipsum
3352 5409 3545 5463 supre-

1970 5511 2119 5550 mum
2162 5494 2465 5558 honorem,
2519 5491 2663 5547 idem
2725 5500 2906 5545 tamen
2963 5499 3274 5559 permanes,
3330 5499 3439 5540 non
3492 5485 3544 5538 in

1973 5586 2180 5641 eisdem
2237 5566 2422 5652 rebus,
2476 5582 2879 5647 iualtcrabilem
2931 5579 3223 5637 continens
3278 5576 3335 5634 in
3365 5575 3543 5633 cilicio

1971 5694 2234 5733 allllIIUIn.
