3924 6294
419 467 448 518 =\

505 229 647 298 1175

1101 357 1255 418 CAP.
1291 359 1508 416 XXXV.

566 450 838 508 Exlstima
875 461 1010 508 tunc
1050 452 1272 511 demum
1301 461 1355 509 te
1388 461 1509 510 luto
1535 467 1788 524 regnare,
1817 467 1943 509 cum
1975 469 2075 508 vo-

494 543 744 601 lentibus
816 545 1056 615 imperas
1129 545 1451 603 hominibus
1497 563 1513 600 :
1567 546 1662 617 qui
1699 536 2076 602 enim'invito

495 638 685 694 animo
709 637 1021 712 subjicitur,
1045 639 1416 696 seditionibus
1443 638 1696 706 ﬂuctuat,
1724 647 1884 710 capta
1909 653 2074 694 occa-

493 731 686 797 sione;
713 729 810 801 qui
851 745 986 786 vero
1013 731 1252 787 vinculis
1277 732 1677 790 benevolentia:
1705 733 1938 805 regitur,
1966 741 2076 788 sta-

491 822 666 880 bilem
689 832 876 882 servat
903 839 1033 896 erga
1058 835 1337 882 rectorem
1363 825 1760 885 ebedientiam.

1079 939 1233 996 CAP.
1263 939 1506 998 XXXVI.

561 1027 635 1086 Ut
656 1027 966 1085 dominium
988 1030 1209 1102 imperii
1234 1032 1316 1087 tui
1335 1032 1507 1088 facias
1532 1031 1772 1098 illustre,
1805 1039 2070 1102 quantam

490 1120 666 1177 habes
707 1121 977 1182 adversus
1001 1123 1256 1180 subditos
1300 1133 1598 1195 peccantes
1643 1123 1804 1188 iram,
1861 1131 2071 1178 tantam

489 1211 802 1270 habendam
847 1230 970 1271 esse
1001 1215 1104 1271 tibi
1148 1215 1416 1272 adversus
1463 1215 1704 1286 teipsum
1748 1223 2072 1286 peccantem

491 1315 750 1373 censeto;
772 1321 936 1362 nemo
953 1306 1104 1362 enim
1125 1307 1272 1363 valet
1301 1314 1451 1363 tanta
1474 1308 1773 1378 pollentem
1801 1313 2072 1378 potestate

491 1396 791 1468 corrigere,
821 1397 930 1452 nisi
966 1398 1108 1452 ratio
1134 1398 1356 1468 propria
1387 1413 1508 1468 quae
1555 1413 1624 1452 ex
1655 1397 1777 1467 ipso
1805 1403 2070 1466 peccante

491 1497 803 1544 ιιιονεαῑυτ.

1045 1605 1198 1662 CAP.
1225 1605 1492 1662 XXXVII.

559 1694 810 1765 “agnam
839 1695 932 1766 qui
965 1705 1297 1766 potestatem
1325 1696 1561 1769 adeptus
1605 1704 1714 1762 est,
1740 1695 2062 1769 largitorem
2098 1711 2142 1766 Β

491 1787 788 1856 pctestatis
809 1787 1059 1845 imitetur
1094 1803 1198 1858 pro
1219 1789 1472 1845 viribus:
1511 1789 1556 1844 si
1587 1788 1736 1845 enim
1769 1787 2068 1860 imaginem

490 1885 670 1950 gestat
694 1867 882 1934 rerum
911 1881 1166 1950 praesidis
1188 1881 1308 1946 Dei,
1336 1890 1502 1952 atque
1544 1897 1646 1952 per
1677 1882 1862 1952 ipsum
1892 1881 2070 1937 conti-

491 1962 600 2026 net.
627 1987 817 2027 rerum
846 1972 1249 2044 principatum,
1279 1974 1334 2029 in
1381 1989 1450 2029 eo
1483 1974 1721 2030 maxime
1761 1972 2072 2028 imitabitur

489 2062 684 2130 Deum,
711 2063 756 2120 si
780 2063 922 2122 nihil
947 2065 1330 2125 misericordia
1353 2067 1652 2138 pretiosius
1677 2065 2030 2138 iudicaverit.

1047 2265 1200 2324 CAP.
1233 2265 1522 2321 XXXVIII.

563 2355 744 2426 Super
775 2371 976 2435 aurum
999 2367 1056 2414 et
1075 2358 1316 2427 lapidem
1353 2359 1658 2428 pretiosum
1691 2348 2071 2412 beneﬁcentia)

490 2449 714 2504 divitias
738 2449 907 2505 nobis
943 2449 1116 2504 veluti
1153 2449 1477 2505 thesaurum
1517 2450 1926 2505 recondamus:
1961 2448 2069 2503 illae

488 2557 727 2611 namque
757 2551 876 2596 tum
903 2541 961 2596 in
1000 2543 1256 2612 praesenti
1309 2543 1420 2598 vita
1447 2541 1728 2597 oblectant
1747 2555 1845 2612 Spe
1869 2540 2070 2596 futurae

487 2633 804 2697 fruitionis,
867 2641 986 2688 tum
1033 2634 1087 2688 in
1143 2634 1333 2691 futura
1393 2634 1744 2690 dulcedinem
1801 2632 2098 2698 afferunt,

487 2725 868 2796 experimento
897 2735 1230 2798 gustatuqne
1258 2735 1490 2797 speratae
1515 2725 1876 2782 beatitudinis
1905 2743 1918 2779 :
1947 2739 2070 2795 qute

485 2833 622 2872 vero
675 2833 826 2874 nunc
868 2818 1144 2884 circanos
1191 2827 1480 2890 apparent,
1531 2828 1790 2890 tanquam
1833 2817 1970 2872 nihil
1999 2815 2067 2870 ad

487 2922 592 2962 nos
619 2907 974 2980 pertinentia,
1007 2923 1076 2962 ne
1101 2923 1202 2964 nos
1231 2909 1462 2964 nimium
1489 2909 1770 2964 allectent.

1047 3019 1200 3081 CAP.
1243 3021 1487 3076 XXXIX.

555 3113 630 3168 Da
689 3127 916 3184 operam
956 3123 1019 3173 nt
1057 3129 1156 3168 eos
1201 3113 1674 3183 splendidioribus
1721 3114 2061 3169 demerearis

484 3207 1051 3267 remunerationibus,
1077 3207 1172 3276 qui
1193 3222 1319 3261 cum
1348 3207 1734 3263 benevolentia
1767 3214 2064 3276 capessunt

483 3315 606 3368 quae
639 3300 972 3354 mandantur
1011 3299 1111 3353 abs
1157 3308 1208 3354 te
1240 3315 1254 3351 :
1287 3298 1394 3354 hoc
1419 3297 1567 3353 enim
1613 3307 1778 3368 pacto
1807 3307 1865 3352 et
1890 3297 2063 3352 bono-

483 3407 608 3444 rum
636 3391 868 3461 augebis
896 3390 1256 3446 alacritatem.
1301 3397 1359 3444 et
1405 3390 1582 3444 malos
1614 3389 1842 3444 docebis
1869 3399 1931 3444 ut
1959 3389 2060 3445 de—

483 3574 578 3646 qui
603 3589 714 3630 non
743 3574 936 3634 eadem
959 3574 1187 3642 faciunt,
1221 3575 1390 3632 nimis
1409 3575 1682 3632 nefarium
1715 3587 1816 3630 cst.

1117 3687 1271 3744 CAP.
1316 3689 1424 3744 XL.

551 3779 1050 3836 lIonoratissimum
1093 3781 1338 3834 omnium
1389 3788 1475 3834 est
1541 3780 1828 3849 imperium
1869 3796 1883 3834 :
1929 3789 2056 3836 tunc

479 3883 612 3924 vero
655 3869 742 3924 vel
785 3869 1026 3924 maxime
1077 3868 1241 3938 hujus
1289 3870 1436 3924 modi
1467 3879 1574 3934 est,
1627 3885 1752 3925 cum
1805 3871 1912 3926 hac
1962 3869 2058 3941 qui

479 3961 860 4019 circumdatus
903 3969 990 4016 est
1029 3971 1321 4032 potestate,
1353 3978 1464 4018 non
1511 3963 1580 4018 ad
1635 3963 1971 4033 pertinacem
2001 3971 2061 4018 et

483 4054 828 4108 temerariam
854 4053 1118 4108 saevitiam
1145 4069 1454 4125 propensus
1477 4055 1569 4118 sit,
1605 4055 1700 4110 sed
1731 4055 1800 4110 ad
1823 4055 2056 4125 aequita-

481 4158 587 4200 tem
622 4144 916 4215 respiciat;
948 4145 1358 4205 inclementiam
1382 4157 1446 4203 ut
1464 4147 1696 4202 ferinam
1715 4147 2055 4213 aversanda,

475 4237 879 4304 humanitatem
909 4245 975 4294 ut
1005 4238 1122 4296 Deo
1159 4254 1273 4310 prae
1294 4255 1353 4294 se
1378 4239 1630 4296 ferendo.

1106 4351 1261 4409 CAP.
1301 4351 1439 4408 XLI.

531 4426 724 4512 'rEqua
765 4443 929 4520 lance
997 4453 1109 4498 tam
1137 4442 1208 4496 ad
1252 4443 1461 4498 amicos
1482 4458 1650 4512 quam
1677 4443 1750 4498 ad
1795 4441 2050 4498 inimicos

477 4551 712 4606 vergens
737 4535 1027 4604 iudicandi
1074 4549 1278 4590 munus
1319 4533 1473 4589 obito
1503 4551 1518 4588 :
1547 4549 1728 4604 neque
1759 4535 1900 4590 bene
1927 4549 2053 4590 sen-

474 4626 748 4682 tientibus
769 4626 838 4681 de
859 4635 914 4680 te
938 4626 1254 4697 gratiﬁcans
1272 4625 1345 4680 ob
1374 4625 1837 4690 benevolentiam,
1871 4638 2052 4691 neque

473 4717 760 4774 malevolis
809 4718 1076 4774 resistens
1120 4727 1350 4788 propter
1383 4717 1704 4773 inimicitias
1737 4737 1749 4770 :
1787 4719 2049 4788 quoniam

473 4807 721 4881 ejusdem
778 4817 865 4864 est
913 4808 1312 4874 absurditatis,
1384 4817 1442 4862 et
1501 4808 1804 4863 secundum
1863 4808 2052 4879 iniqua

471 4908 750 4970 petentem
789 4901 926 4956 dare
954 4899 1132 4965 litem,
1167 4899 1272 4956 etsi
1315 4900 1388 4954 sit
1423 4901 1663 4972 amicus,
1707 4901 2044 4972 etinjuriam

466 4992 619 5063 justo
652 4991 880 5058 inferre,
913 4991 1019 5048 etsi
1049 4992 1123 5048 sit
1145 4991 1400 5048 inimicus
1440 5009 1452 5045 :
1489 4993 1692 5048 malum
1717 4993 1866 5049 enim
1890 5005 2048 5050 utro-

467 5083 636 5154 biqne
665 5083 846 5140 simile
885 5092 990 5150 est,
1024 5083 1241 5142 tametsi
1282 5086 1574 5144 contrariis
1609 5087 1666 5142 in
1693 5087 1860 5148 rebus
1893 5089 2047 5146 inve-

349 5209 362 5220 .
467 5177 673 5234 niatur.

1059 5293 1211 5350 CAP.
1245 5293 1406 5350 XLII.

539 5385 745 5444 Intenta
793 5395 980 5444 mente
1013 5389 1326 5444 auscultare
1357 5389 1566 5444 debent
1595 5405 1780 5444 rerum
1805 5391 2042 5460 judiccs,

1810 245 2137 308 AGAPETI
2174 235 2485 311 DIACONI

3173 177 3216 206 α
3305 177 3310 182 .

3675 252 3840 324 1176

2755 369 3007 427 ΚΕΦΑΛ.
3047 369 3173 429 AE'.

2249 459 2457 530 Νόμιςε
2497 459 2622 514 τότε
2666 461 2978 532 βασιλεύειν
3023 463 3306 530 ἀσφαλῶς,
3345 465 3488 518 όταν
3537 462 3824 518 ἑκόντων

2177 551 2420 623 ἀνάσσης
2451 551 2563 607 τῶν
2597 553 2925 624 ἀνθρώπων.
2957 555 3035 610 Τὸ
3073 553 3184 625 γὰρ
3214 553 3504 619 ἀκουσίως
3539 555 3824 606 ὑποτατ-

2175 641 2426 711 τόμενον,
2477 641 2762 707 στασιάζει
2809 643 3009 715 καιροῦ
3056 642 3396 714 λαϐόμενον
3444 642 3514 696 τὸ
3547 641 3625 695 δὲ
3695 646 3819 704 rei;

2175 734 2399 804 θεσμοῖς
2422 736 2524 805 τῆς
2549 735 2768 800 εὐνοίας
2793 736 3192 808 κρατούμενον,
3218 735 3456 808 βεϐαίαν
3485 735 3626 807 εχει
3665 733 3813 806 ’.τρὶς

2171 827 2236 882 τὸ
2268 826 2507 899 κρατοῦν
2532 827 2635 899 τὴν
2657 827 2974 883 εὐπείθειαν
2996 829 3135 900 (I3).

2743 941 3001 998 ΚΕΦΑΛ.
3043 945 3186 1011 Δεῖν.

2245 1034 2366 1088 Ἵνα
2403 1034 2483 1088 τὸ.
2513 1035 2717 1106 κράτος
2755 1036 2856 1106 τῆς
2905 1035 3186 1106 βασιλείας
3219 1037 3468 1109 ποιήσῃς
3505 1035 3796 1104 ἀοίδιμον,

2170 1125 2304 1195 ὅσην
2327 1124 2474 1196 ἔχεις
2501 1126 2644 1180 κατά
2673 1127 2784 1180 τῶν
2822 1127 3084 1200 ὑπηκόων
3107 1131 3560 1201 ἁμαρτανόντων
3589 1131 3790 1201 ὀργὴν.

2171 1215 2443 1287 τοσαύτην
2491 1217 2640 1289 ἔχειν
2690 1221 2787 1273 καὶ
2833 1221 2977 1274 κατά
3049 1222 3252 1276 σαυτοῦ
3302 1221 3793 1292 πλημμελοῦντος

2171 1308 2354 1376 ἀξίοιν
2388 1309 2570 1374 οὐδεὶς
2598 1313 2708 1380 γὰρ
2745 1312 2920 1383 ἰσχύει
2953 1313 3047 1368 τὸν
3092 1315 3153 1368 ὲν
3185 1314 3415 1386 ἐξουσίᾳ
3459 1315 3786 1386 τηλικαύτῃ

2170 1400 2474 1468 παιδεύειν,
2530 1404 2582 1458 εί
2641 1403 2718 1475 μὴ
2773 1403 3038 1476 λογισμὸς
3090 1408 3294 1471 οἰκεῖος
3350 1407 3412 1475 ἐξ
3469 1407 3657 1460 αὑτοῦ
3697 1407 3786 1458 τοὸ

2171 1492 2625 1566 πλημμελοῦντος
2665 1496 3010 1566 κινούμενος.

2754 1613 3004 1668 ΚΕΦΑΛ.
3047 1611 3172 1668 ΛΖ’.

2251 1699 2312 1753 '0
2359 1699 2606 1770 μεγάλης
2649 1699 2902 1766 ἐξουσίας
2949 1701 3376 1772 ἐπιλαϐόμενος,
3423 1701 3534 1754 τὸν
3581 1699 3774 1768 δοτῆρι

2168 1789 2271 1860 τῆς
2319 1789 2568 1856 ἐξουσίας
2622 1791 2902 1862 μιμείσθω
2951 1793 3093 1846 κατά
3117 1793 3384 1864 δύναμινο
3417 1795 3476 1845 εί
3507 1794 3628 1862 γάρ
3664 1809 3775 1853 πως

2168 1883 2270 1954 τὴν
2301 1884 2489 1938 εἰκόνα
2516 1883 2674 1955 φέρει
2705 1885 2802 1939 τοῦ
2847 1886 2942 1938 ἐπὶ
2974 1885 3195 1939 πάντων
3232 1884 3400 1949 Θεοῦ,
3437 1887 3547 1940 καὶ
3581 1886 3652 1938 δι’
3679 1885 3770 1936 αὖ·

2169 1973 2264 2028 τοῦ
2312 1975 2536 2045 κατέχει
2572 1975 2672 2048 τὴν
2727 1977 2820 2030 ἐπὶ
2871 1977 3098 2032 πάντων
3127 1977 3328 2048 ἀρχὴν,
3365 1980 3429 2031 ὲν
3475 1978 3666 2048 τούτῳ
3707 1977 3766 2045 5i;

2173 2067 2408 2140 μάλιστα
2454 2069 2546 2122 τὸν
2597 2068 2732 2122 Θεὸν
2780 2071 3106 2140 μιμήσεται,
3160 2070 3219 2122 ὲν
3263 2067 3347 2138 τῷ
3401 2067 3584 2138 μηδὲν
3632 2071 3766 2138 ἠγεῖ-

2171 2161 2300 2218 σθαι
2325 2163 2438 2236 (Ην)
2468 2161 2563 2216 τοῦ
2593 2163 2768 2217 ἐλεεῖν
2799 2161 3242 2236 προτιμὼτερον.

2733 2277 2986 2332 ΚΕΦΑΛ.
3035 2278 3168 2330 AIl'.

2251 2365 2423 2437 ’Υπὲρ
2461 2366 2685 2439 χρυσίον
2725 2367 2818 2420 καὶ
2852 2367 3002 2421 λίθον
3029 2369 3210 2438 τίμιον
3238 2369 3338 2440 τῆς
3364 2368 3627 2429 εὖποιίας
3675 2367 3760 2418 τὸν

2168 2456 2400 2512 πλοῦτον
2441 2459 2660 2522 ἑαυτοῖς
2705 2457 3162 2530 θησαυρίσωμεν·
3203 2465 3298 2513 τὸν
3349 2459 3450 2513 καὶ
3481 2454 3591 2510 ὧδε
3627 2475 3751 2510 κατ-

2169 2549 2534 2622 ευφραίνοντα
2563 2553 2630 2622 τῇ
2661 2549 2840 2604 ἐλπίδι
2897 2551 3000 2622 τῆς
3033 2549 3340 2621 μελλούσης
3375 2549 3754 2612 ἀπολαύσεως.

2169 2645 2332 2698 κάκεῖ
2377 2641 2888 2712 καταγλυκαίνοντα
2929 2645 2998 2715 τῇ
3035 2642 3206 2714 πείρα
3253 2642 3361 2713 τῆς
3405 2641 3756 2708 ἔλπισθείσης

2171 2732 2612 2804 μακαριότητος·
2644 2733 2713 2786 τὰ
2749 2732 2810 2786 δὲ
2844 2731 2942 2788 νῦν
2967 2734 3100 2806 περὶ
3127 2735 3279 2805 ἡμᾶς
3303 2733 3384 2798 ὡς
3417 2732 3584 2786 οὐδὲν
3623 2733 3758 2803 πρὸς

2167 2825 2336 2896 ἡμᾶς,
2375 2823 2450 2895 μὴ
2479 2823 2732 2895 τερπέτω
2764 2825 2937 2896 ἡμᾶς.

2746 3027 2998 3080 ΚΕΦΑΛ.
3038 3025 3162 3079 ΛΘ¹.

2237 3117 2516 3184 Σπούδαζε
2545 3117 2965 3189 λαμπροτέραις
2991 3116 3324 3187 ἀμείϐεσθαι
3352 3117 3599 3188 δωρεαῖς
3633 3117 3752 3179 τοὺς

2168 3213 2286 3281 μετ’
2313 3211 2530 3274 εύνοὲας
2551 3209 2839 3272 ποιοῦντας
2853 3211 2920 3262 τά
2953 3207 3108 3278 παρὰ
3143 3207 3238 3260 σοῦ
3267 3208 3748 3278 προσταττόμενα·

2163 3303 2336 3373 τούτῳ
2380 3304 2489 3374 γὰρ
2533 3301 2610 3374 τῷ
2645 3302 2834 3374 τρόπῳ
2879 3302 2974 3354 καὶ
3005 3301 3116 3354 τῶν
3154 3299 3380 3368 ἀγαθῶν
3425 3301 3751 3370 ἐπαυξήσεις

2161 3395 2261 3468 τὴν
2295 3395 2628 3469 προθυμίαν,
2662 3394 2758 3448 καὶ
2806 3393 2939 3458 τοὺς
2990 3393 3267 3465 πονηροὺς
3297 3393 3539 3459 διδάξεις
3591 3409 3745 3463 μετα-

387 3525 399 3533 .
482 3483 700 3536 discant
747 3481 1012 3540 malitiam
1057 3499 1072 3534 :
1123 3481 1335 3538 eisdem
1393 3481 1542 3536 enim
1592 3483 1804 3537 censeri
1865 3483 2063 3554 dignos

2182 3487 2360 3540 ιαθεῖν
2391 3485 2491 3556 τὴν
2535 3485 2734 3540 κακίαν
2759 3503 2773 3518 ο
2803 3486 2865 3538 τὸ
2916 3487 3024 3556 γὰρ
3077 3486 3187 3540 τῶν
3235 3485 3423 3539 αὐτῶν
3468 3485 3746 3550 ἀξιοῦσθαι

2160 3580 2288 3642 τοὺς
2319 3579 2397 3650 μὴ
2427 3580 2495 3632 τὰ
2528 3579 2667 3632 αύτά
2697 3577 3010 3644 ποιοῦντας,
3051 3579 3194 3647 ἄγαν
3245 3579 3395 3632 ἐστὶν
3431 3579 3712 3648 ἀθέμιτον.

2759 3692 3007 3746 ΚΕΦΛΛ.
3049 3693 3138 3746 Μ’.

2231 3782 2576 3856 Τιμιώτατον
2607 3785 2828 3839 πάντων
2851 3787 3001 3838 ἐστὶν
3025 3787 3058 3854 ὴ
3094 3782 3378 3854 βασιλεία’
3405 3785 3532 3836 τότε
3560 3783 3616 3836 δὲ
3647 3784 3742 3852 μά-

2157 3875 2320 3933 λιστα
2349 3877 2594 3931 τοιοῦτόν
2629 3879 2802 3938 ἐστιν,
2827 3879 2956 3931 ὃταν
2984 3880 3014 3931 ὁ
3054 3876 3219 3930 τοῦτο
3265 3876 3657 3947 περικείμενος
3681 3875 3740 3928 τὺ

2158 3967 2379 4038 κράτος,
2422 3967 2497 4036 μὴ
2532 3966 2670 4038 πρὸς
2695 3965 2987 4023 αὐθάδειαν
3023 3967 3186 4038 ῥέπῃ,
3220 3965 3360 4018 ἀλλὰ
3406 3965 3545 4028 πρὸς
3577 3965 3737 4018 ἐπιεί-

2157 4074 2312 4111 κειαν
2365 4056 2577 4130 βλέπῃ*
2610 4057 2673 4110 τὸ
2727 4057 2826 4128 μὲν
2885 4054 3282 4126 ἀπάνθρωπον,
3335 4054 3412 4117 ὡς
3483 4054 3736 4124 θηριῶδες

2155 4149 2662 4220 ἀποστρεφόμενος,
2693 4151 2754 4204 τὸ
2776 4149 2833 4202 δὲ
2875 4149 3284 4220 φιλᾲνθρωπον,
3325 4147 3400 4211 ὡς
3436 4147 3730 4202 θεοείκελον

2157 4243 2401 4299 ἑνδεικνύ
2409 4257 2594 4314 μενος.

2741 4354 2784 4405 Κ
2797 4352 2991 4410 ΕΦΑΛ.
3030 4352 3170 4407 MA’.

2233 4447 2394 4509 Ἴσως
2429 4445 2567 4514 πρός
2593 4462 2650 4498 τε
2681 4444 2866 4516 φεῖλους
2909 4447 3006 4499 καὶ
3036 4445 3271 4516 ἐχθροὺς
3301 4445 3466 4498 ποιοῦ
3495 4444 3594 4508 τὰς
3619 4445 3727 4515 κρε-

2160 4558 2218 4602 σε
2227 4558 2296 4606 ιε,
2327 4541 2466 4610 μήτε
2483 4543 2595 4604 τοῖς
2623 4540 2871 4596 εὐνοοῦσι
2899 4540 3260 4612 χαριζόμενος
3273 4540 3365 4596 διά
3381 4541 3482 4610 τὴν
3499 4543 3727 4607 εὔνοιαν,

2161 4635 2300 4704 μήτε
2344 4635 2455 4696 τοῖς
2495 4633 2820 4703 δυσμενέσιν
2848 4633 3246 4704 ἀνθιστάμενος
3293 4632 3364 4686 δι’
3393 4632 3724 4704 ἀπέχθειαν-

2159 4723 2351 4794 ἐπειδὴ
2379 4724 2480 4792 τῆς
2512 4723 2687 4792 αὐτῆς
2719 4725 2868 4776 ἐστιν
2895 4723 3152 4788 ἀτοπίας,
3211 4724 3309 4778 καὶ
3353 4723 3606 4778 δικαιοῦν
3645 4723 3726 4776 τὸν

2158 4817 2362 4874 ἄδικον.
2398 4818 2448 4870 εί
2484 4817 2581 4870 καὶ
2619 4816 2771 4886 φίλος
2820 4817 3080 4887 ὑπάρχει,
3123 4817 3218 4871 καὶ
3265 4817 3477 4872 ἀδικεῖν
3521 4819 3616 4871 τὸν
3659 4818 3719 4870 δί-

2153 4927 2333 4975 καιον,
2364 4910 2414 4983 εἰ
2463 4911 2563 4962 καὶ
2615 4909 2810 4979 ἐχθρὸς
2863 4911 3154 4980 τυγχάνει·
3201 4911 3264 4963 τὸ
3298 4910 3409 4981 γὰρ
3467 4912 3636 4964 κακὸν
3674 4911 3722 4960 iv

2153 5004 2486 5074 ἀμφοτέροις
2521 5003 2730 5074 ὅμοιον,
2765 5001 2867 5056 κᾶν
2915 5004 2974 5056 ἐν
3023 5005 3139 5068 τοῖς
3169 5006 3435 5068 ἐναντίοις
3468 5005 3718 5074 εύρίτκη·

2152 5114 2261 5149 ται.

2731 5297 2776 5349 Κ
2788 5297 2954 5350 ΕΦΑΛ
2967 5336 2979 5349 .
3019 5295 3152 5359 ΜΒζ.

2223 5390 2509 5460 Νουνεχῶς
2567 5390 2874 5461 ἀκροᾶσθαι
2909 5389 3011 5443 ’δεῖ
3047 5393 3174 5453 τοὺς
3225 5391 3334 5444 τῶν
3385 5394 3716 5462 πραγμᾲτων

1973 5515 2204 5573 NOTAE.

542 5596 655 5672 (ἶῗῇ
685 5598 834 5672 Πρός
867 5601 932 5672 τὸ
961 5602 1222 5672 κρατοῦν
1253 5603 1365 5672 τὴν
1418 5607 1649 5656 εὑπείθ.
1705 5605 1888 5664 Codex
1927 5607 2036 5662 Rc-

465 5667 589 5735 giu:
619 5667 678 5719 Β.
710 5669 840 5737 πρὸς
859 5671 949 5723 τδν
971 5667 1276 5741 δέρατοῦα)τὰ
1298 5667 1349 5724 τι
1379 5673 1586 5728 abusio.
1625 5675 1859 5732 ΒΑΝύοιι.

2217 5608 2330 5678 (14)
2377 5608 2473 5660 Ἐν
2491 5608 2690 5676 μηδὲν
2712 5609 2790 5674 τῷ
2823 5608 3114 5676 ἡγεῖσθαι.
3144 5609 3246 5678 εἰς
3272 5626 3338 5664 ex
3391 5607 3580 5665 codice
3619 5607 3716 5663 Be-

2134 5675 2251 5759 _giu.
2283 5675 2347 5735 Α.
2382 5679 2471 5733 At.
2493 5675 2661 5746 editi,
2694 5680 2751 5732 ἓν
2780 5681 2946 5750 μηδὲν
2975 5675 3248 5746 ἡγεῖσθαι.
3299 5681 3371 5736 In.
