3924 6294
98 244 252 310 1177

1252 303 1275 326 ο
1319 265 1585 328 CAPITA
1624 271 2183 340 ADMONITORIA.

3240 284 3378 350 1178

89 364 337 432 κριτάς’
373 365 716 438 δυσθήρατος
751 372 863 444 γάρ
890 374 1042 429 ἐστιν
1076 379 1108 447 ἡ
1157 376 1250 433 τοῦ
1285 382 1499 436 δικαίου
1529 384 1672 455 εὗρε·

1793 391 2035 449 dillicilis
2067 410 2307 468 namque
2340 406 2506 470 captu
2531 407 2614 455 est
2634 400 2768 473 justi
2808 400 3064 466 intentio,
3101 400 3374 473 facileque

88 472 209 521 σις,
251 458 455 531 ῥᾳδίως
497 462 846 533 ἐκφεύτιιυσα
871 469 1003 533 τοὺς
1038 471 1112 542 μὴ
1151 470 1273 527 λίαν
1299 476 1687 547 προσέχοντας.

94 547 209 603 "Av
246 551 307 605 δέ
350 553 449 607 καὶ
476 554 577 625 τὴν
619 556 731 609 τῶν
774 558 1045 628 λεγόντων
1097 563 1330 631 ἀφέντες
1382 565 1688 640 δεινότητα.

85 645 194 696 καὶ
230 645 335 711 τὴν
358 646 470 701 τῶν
497 649 810 717 λεγομένων
841 655 1112 725 παρέντες
1142 644 1499 730 πιθῖινότητα,
1528 664 1608 725 είς
1628 662 1691 716 τὸ

84 731 275 801 βάθος
314 736 424 790 τῶν
473 739 765 810 νοημάτων
813 743 1045 809 ἑαυτοὺς
1091 748 1460 816 ἐμϐάλλωσιν,
1513 752 1689 818 οὕτως

83 825 465 918 ᾁνιμήσονται
493 832 557 886 τὸ
587 833 718 906 παρ’
745 834 926 891 αὐτῶν
970 839 1321 910 ζητούμενον,
1363 847 1458 899 καὶ
1493 846 1688 918 διπλῆν

81 917 379 988 ἁμαρτίαν
430 921 813 991 ἐκφεύξονται,
856 929 999 999 μήτε
1033 930 1190 984 αὐτοὶ
1224 932 1287 985 τὸ
1340 934 1507 988 καλὸν
1549 917 1685 1005 προ-

81 1008 357 1077 διδόντες,
387 1014 528 1085 μήτε
551 1015 734 1081 ἄλλοις
762 1018 925 1074 τοῦτο
946 1019 1083 1093 δρᾷν
1114 1026 1543 1096 συγχωροῦντες.

672 1155 924 1211 ΚΕΦΔΛ.
982 1155 1114 1214 ΜΓ.

171 1238 475 1311 ’ἰσάριθμα
500 1244 617 1308 τοῖς
652 1244 877 1318 ἄστροις
907 1247 975 1301 ἂν
1007 1250 1183 1321 κτήσῃ
1214 1251 1283 1303 τὰ
1316 1252 1683 1323 κατορθώμα-

83 1348 179 1399 τα,
212 1332 483 1387 οὐδέποτε
509 1338 752 1407 νικήσεις
780 1339 878 1409 τὴν
907 1341 1000 1394 τοῦ
1042 1341 1175 1395 Θεοῦ
1200 1342 1513 1414 ἀγαθότητα
1536 1364 1547 1377 ·
1579 1346 1680 1399 ὅσα

80 1425 200 1496 γὰρ
233 1424 307 1479 ἄν
326 1443 412 1491 τις
438 1429 779 1503 προσενέγκῃ
808 1430 928 1504 Θεῷ
962 1435 1026 1486 ἐκ
1056 1432 1166 1486 τῶν
1194 1434 1381 1502 αὑτοῦ,
1409 1436 1478 1490 τὰ
1512 1436 1679 1491 αὐτοῦ

80 1517 409 1589 προσφέρει
439 1518 589 1591 αὑτῷ
610 1536 623 1549 °
666 1522 762 1575 καὶ
792 1523 868 1587 ὡς
913 1524 1014 1578 οὑκ
1062 1525 1210 1579 ἔστιν
1242 1526 1547 1599 ὑπερϐῆναι
1579 1531 1680 1602 τὴν

79 1608 230 1661 [δίαν
270 1611 335 1663 ἐν
376 1611 454 1682 τῷ
490 1612 624 1685 ἡλίῳ
679 1616 859 1680 σκιὰν,
900 1617 1395 1689 προλαμϐάνουσαν
1445 1623 1532 1676 ἀεὶ
1584 1624 1679 1678 καὶ

1791 484 2036 557 effugere
2068 488 2213 544 solet
2261 505 2372 545 non
2400 486 2700 550 admodum
2727 492 3102 548 attendentes.
3142 493 3299 559 Quod
3325 495 3371 548 si

1789 578 2161 645 praetermissa
2206 581 2513 637 dicentium
2571 583 2925 652 eloquentia.
2985 577 3370 654 dictorumque

1790 672 2037 747 neglecta
2071 672 2592 739 verisimilitudine,
2625 674 2694 729 ad
2742 674 3148 744 penitissimam
3178 676 3369 730 inten-

1789 761 2002 816 tionum
2039 763 2476 833 profunditatem
2526 765 2976 834 penetraverint,
3027 765 3109 820 sic
3143 766 3368 821 demum

1786 854 2047 909 baurient
2079 856 2227 923 quod
2268 855 2338 910 ab
2367 856 2503 926 ipsis
2526 856 2796 927 quaeritur
2824 858 3139 928 geminique
3177 858 3368 912 inson—

1787 951 1871 997 tes
1913 950 2084 997 erunt
2119 942 2331 1006 delicti,
2360 959 2541 1013 neque
2575 944 2680 1014 ipsi
2714 942 3011 998 honestum
3053 944 3365 1012 prodendo,

1785 1050 1964 1114 neque
1998 1035 2140 1097 aliis,
2168 1036 2222 1090 id
2259 1045 2364 1101 est,
2396 1045 2458 1090 ut
2488 1036 2858 1102 committant,
2884 1036 3260 1091 concedendo.

2382 1168 2534 1223 CAP.
2582 1167 2771 1223 XLIII.

1851 1258 2103 1335 .Equalia
2167 1275 2401 1316 numero
2457 1248 2740 1317 sideribus
2788 1260 2893 1315 etsi
2931 1258 3175 1314 edideris
3219 1260 3366 1314 bona

1783 1369 1970 1427 opera,
2004 1369 2115 1408 non
2152 1362 2337 1408 tamen
2370 1353 2442 1408 ob
2471 1354 2525 1406 id
2556 1353 2851 1422 superabis
2883 1353 2979 1406 Dei
3014 1351 3323 1406 bonitatem
3345 1344 3386 1417 ;'

1782 1460 2145 1516 quaecumque
2168 1446 2318 1500 enim
2347 1444 2621 1515 quispiam
2654 1444 2922 1497 obtulerit
2961 1443 3096 1506 Deo,
3128 1458 3227 1496 sua
3257 1443 3362 1512 ipsi

1780 1535 2016 1592 offeret:
2045 1545 2103 1593 et
2133 1536 2297 1591 sicuti
2330 1535 2609 1589 transilire
2635 1533 2720 1589 vel
2753 1533 2969 1588 anteire
2999 1533 3139 1587 nulli
3196 1532 3362 1586 datur

1780 1642 1936 1685 suam
1984 1630 2040 1684 in
2079 1629 2195 1684 sole
2229 1627 2505 1690 umbram,
2535 1625 2967 1696 praevenientem
3006 1639 3245 1693 semper,
3276 1624 3361 1677 vel

72 1701 172 1754 τὸν
208 1700 342 1756 λὲαν
386 1707 775 1776 ἐπειγόμενον·
818 1709 990 1774 οὕτως
1029 1714 1149 1766 οὐδὲ
1183 1716 1283 1784 τὴν
1324 1716 1672 1787 ἀνυπέρϐλη-

1782 1721 1943 1776 nimis
1974 1728 2386 1791 properantem,
2441 1719 2517 1772 ita
2555 1716 2986 1787 insuperabilem
3014 1716 3108 1769 Dei
3144 1715 3361 1769 bonita-

70 1811 170 1847 τον
201 1794 303 1849 τοῦ
338 1798 477 1851 Θεοῦ
501 1802 851 1873 χρηστότητα
879 1798 1007 1867 ταῖς
1029 1806 1303 1873 εὐποιίαις
1336 1810 1675 1881 ὑπερϐήσον-

72 1902 172 1940 ται
210 1886 315 1941 ἄνθ
325 1904 525 1959 ρωποι.

657 2005 911 2061 ΚΕΦΑΛ.
968 1990 1100 2063 Min

160 2093 548 2164 Ἀδαπάνητός
578 2097 699 2150 ἐστι
725 2098 826 2167 τῆς
859 2099 1168 2165 εὐποιίας-ό
1198 2100 1430 2164 πλοῦτος
1451 2119 1464 2133 ·
1504 2105 1562 2156 ἐν
1594 2106 1675 2175 τῷ

65 2184 288 2240 διδόναι
325 2187 435 2257 γὰρ
459 2187 822 2258 λαμϐάνεται,
854 2193 951 2245 καὶ
977 2193 1038 2246 ἐν
1067 2192 1147 2264 τῷ
1177 2192 1498 2265 σκορπίζειν
1547 2213 1673 2249 συν-

69 2279 301 2348 άγεται.
354 2280 558 2335 Τοῦτον
605 2281 747 2353 ἔχων
781 2285 840 2338 ἐν
864 2287 930 2357 τῇ
965 2285 1113 2359 ψυχῇ
1151 2304 1270 2349 σου,
1305 2288 1672 2360 πλουσιόδωρε

70 2371 341 2442 βασιλεῦ,
375 2371 519 2426 δίδου
553 2376 688 2428 πᾶσι
716 2374 954 2445 δαψιλῶς
986 2380 1101 2443 τοῖς
1129 2377 1343 2434 αίτοῦσι
1375 2381 1525 2451 παρὰ
1550 2380 1669 2434 σοῦ·

68 2464 526 2535 ἀπειροπλασίας
556 2467 663 2539 γὰρ
690 2465 836 2532 ἕξεις
858 2468 958 2531 τὰς
982 2470 1122 2541 ὑπὲρ
1163 2472 1372 2524 τούτων
1407 2472 1666 2541 ἀμοιϐὰς,

67 2557 204 2610 ὅταν
228 2556 366 2629 ἔλθῃ
391 2559 422 2611 ό
440 2561 634 2630 καιρὸς
661 2560 762 2630 τῆς
789 2559 899 2614 τῶν
930 2560 1110 2631 ἐργων
1137 2562 1486 2627 ἀντιδόσεως.

650 2676 907 2730 ΚΕΦΑΛ.
969 2676 1104 2730 ME'.

140 2760 402 2833 Νεύματι
434 2746 571 2817 Θεοῦ
601 2764 702 2832 τὴν
734 2765 1016 2836 βασιλείαν
1042 2763 1246 2830 λαϐὼν,
1287 2763 1527 2837 μίμησαι
1567 2770 1669 2824 αὖ·

1780 1822 1915 1878 tem,
1944 1812 2083 1867 nulli
2110 1811 2270 1866 bonis
2295 1809 2561 1880 cperibus
2582 1808 2838 1863 homines
2856 1808 3145 1863 excedent.

2391 2007 2546 2063 CAP.
2581 2007 2768 2062 XLIV.

1846 2102 2192 2157 lnexhaustze
2239 2108 2373 2155 sunt
2423 2098 2810 2153 beneﬁcentia:
2857 2110 2993 2165 opes
3029 2111 3041 2147 :
3084 2110 3212 2148 nam
3243 2103 3356 2149 lar-

1774 2193 1975 2261 giendo
2003 2192 2394 2262 acquiruntur,
2417 2198 2473 2246 et
2506 2187 2830 2258 dissipando
2859 2186 3219 2256 colliguntur.
3248 2186 3358 2240 llas

1773 2294 1871 2339 tuo
1900 2283 2098 2339 insitas
2132 2283 2319 2337 animo
2348 2281 2579 2345 habens,
2631 2276 3151 2333 muniﬁcentissime
3178 2276 3357 2346 impe-

1772 2383 1944 2439 rator,
1974 2376 2179 2446 largire
2224 2373 2486 2428 omnibus
2523 2371 2734 2427 aﬂ‘atim
2763 2368 3087 2439 petentibus
3118 2368 3219 2423 abs
3260 2378 3353 2422 te:

1771 2468 1990 2523 inﬁnito
2017 2467 2166 2521 enim
2199 2466 2538 2535 multiplices
2573 2478 2674 2533 pro
2714 2462 2802 2516 his
2836 2460 3067 2515 habebis
3099 2476 3355 2516 remune-

1771 2561 2043 2625 rationes,
2072 2574 2196 2614 cum
2223 2568 2443 2628 tempus
2479 2553 2755 2611 reddendi
2776 2554 2954 2608 vicem
2978 2555 3216 2607 venerit.

2369 2671 2524 2726 CAP.
2555 2669 2721 2724 XLV.

1839 2766 1987 2823 Nutu
2020 2766 2118 2821 Dei
2171 2779 2401 2836 regnum
2440 2763 2708 2832 adeptus,
2752 2762 2972 2817 imitare
3008 2774 3134 2814 eum
3178 2757 3354 2827 bonis

67 2853 160 2906 τὸν
186 2854 256 2907 δι’
279 2853 466 2926 ἔργων
511 2853 764 2922 ἀγαθῶν·
803 2856 887 2908 ὅτι
924 2855 1034 2909 τῶν
1067 2852 1127 2909 εὖ
1152 2857 1330 2910 ποιεῖν
1351 2856 1668 2927 δυναμένων

1782 2859 2070 2930 operibus;
2114 2858 2244 2926 quia
2295 2856 2443 2910 inter
2474 2869 2670 2909 eorum
2711 2868 3009 2909 numerum
3054 2859 3219 2906 natus
3265 2864 3350 2914 es,
3460 2892 3481 2917 ,

71 2946 293 3015 ἐγένου,
331 2946 452 3000 ἀλλ’
510 2948 570 3000 οὐ
615 2947 723 3000 τῶν
756 2947 818 3000 εὖ
854 2948 1048 3001 παθεῖν
1101 2948 1398 3020 δεομένων.
1441 2949 1516 3004 Τὸ
1555 2948 1668 3025 γὰρ

1782 2948 2040 3005 beneﬁcio
2072 2949 2166 3018 qui
2195 2947 2412 3002 allicere
2445 2955 2698 3016 possunt,
2731 2960 2843 3000 non
2862 2945 2958 3014 qui
2987 2943 3126 2998 allici
3163 2951 3355 3012 postu-

65 3041 299 3112 ἕτοιμον
333 3041 438 3112 τῆς
465 3040 578 3109 τῶν
607 3043 907 3114 γρημάτων
953 3042 1238 3113 δαψιλείας
1270 3045 1666 3115 ἀνεμπόδιστόν

1782 3044 1926 3097 iant:
1961 3029 2166 3111 parata:
2200 3040 2350 3094 enim
2384 3038 2549 3107 largae
2583 3052 2770 3091 rerum
2797 3036 2971 3105 copia
2997 3035 3210 3088 nullum
3244 3035 3350 3088 im-

66 3133 189 3186 ἐστι
219 3132 366 3203 πρὸς
396 3132 496 3196 τὰς
525 3132 633 3186 τῶν
660 3134 910 3205 πενήτων
939 3134 1207 3199 εὐποιίας.

564 3322 568 3326 ’
647 3330 897 3385 ΚΕΦΑΛ.
947 3331 1098 3401 Μετ’.

144 3423 368 3494 Ὠσπερ
419 3422 698 3494 ὀφθαλμὸς
732 3424 1023 3494 ἐμπέφυκε
1071 3425 1310 3497 σώματι,
1340 3425 1485 3480 οὕτω
1514 3428 1669 3498 βασι-

67 3512 201 3578 λεὺς
231 3514 314 3585 τῷ
337 3514 535 3584 κόσμῳ
560 3516 921 3586 ἐνήρμοσται,
964 3515 1071 3570 ὑπὸ
1104 3517 1200 3571 τοῦ
1254 3516 1393 3571 Θεοῦ
1442 3518 1668 3590 δεδομέ-

67 3619 160 3668 νος
184 3605 266 3667 είς
293 3605 594 3676 συνεργίαν
628 3607 735 3659 τῶν
766 3607 1182 3678 συμφερόντων.
1209 3607 1328 3680 Χρὴ
1358 3602 1453 3663 οὖν
1481 3610 1665 3677 αὐτὸν,

65 3694 145 3759 ὡς
191 3695 420 3749 οἰκείων
459 3696 660 3767 μελῶν,
706 3696 852 3751 οὕτω
904 3699 1128 3752 πάντων
1172 3699 1483 3773 ἀνθρώπων
1532 3719 1668 3773 προ-

65 3791 232 3853 νοεῖν,
255 3788 348 3841 ῖνα
380 3788 803 3859 προσκόπτωσιν
827 3791 938 3862 (15)
964 3793 1023 3845 ἐν
1046 3790 1250 3855 καλοῖς,
1272 3794 1368 3847 καὶ
1399 3792 1474 3865 μὴ
1495 3811 1665 3866 προσ-

64 3882 353 3935 κόπτωσιν
378 3880 440 3932 ἐν
464 3882 680 3946 κακοῖς.

640 4017 894 4071 ΚΕΦΑΛ.
937 4016 1071 4072 ΜΖ’.

148 4104 607 4176 Ἀσφαλεστάτην
656 4105 811 4178 ἡγοῦε
825 4108 927 4176 τῆς
958 4108 1231 4179 σωτηρίας
1257 4126 1355 4162 σου
1387 4109 1660 4181 φυλακὴν,
1748 4141 1770 4161 .

65 4197 128 4249 τὸ
162 4196 443 4266 μηδέποτέ
477 4214 602 4249 τινα
627 4197 737 4251 τῶν
769 4199 1030 4267 ὑπηκόων
1064 4200 1274 4253 ἀδικεῖν
1296 4219 1308 4232 ·
1339 4202 1367 4253 ὁ
1397 4201 1505 4270 γάρ
1539 4217 1663 4254 τινα

69 4287 146 4361 μὴ
177 4288 407 4351 ἀδικῶν,
443 4289 543 4359 οὐχ
572 4289 845 4361 ὑφορᾶται
877 4307 1024 4343 τινα*
1060 4294 1110 4345 εί
1141 4292 1199 4345 δὲ
1238 4292 1300 4345 τὸ
1331 4294 1408 4363 μὴ
1453 4292 1662 4347 ἀδικεῖν

64 4380 375 4451 ἀσφάλειαν
402 4380 673 4451 προξενεῖ,
698 4380 759 4433 τὸ
790 4380 1104 4454 εὐεργετεῖν
1146 4380 1330 4452 πολλῷ
1369 4382 1552 4436 πλέον.
1589 4383 1661 4435 Τὸ

67 4473 313 4541 ἀσφαλὲς
343 4473 450 4544 γὰρ
470 4472 680 4537 δίδωσι,
711 4475 806 4528 καὶ
834 4474 896 4528 τὸ
926 4473 1228 4546 προσφιλὲς
1250 4475 1313 4529 οὐ
1344 4473 1658 4548 προδίδωσι.

657 4734 904 4791 ΚΕΦΑΛ.
950 4738 1095 4793 MII'.

142 4827 301 4880 Γίνου
352 4831 468 4893 τοῖς
512 4830 795 4901 ὑπηκόοις,
837 4830 1201 4883 εὐσεϐέστατε
1252 4830 1497 4900 βασιλεῦ,
1561 4832 1656 4885 καὶ

75 4918 302 4988 φοϐερὸς
340 4920 427 4977 διὰ
455 4920 553 4991 τὴν
588 4920 863 4991 ὑπεροχὴν
886 4920 987 4991 τῆς
1026 4920 1296 4985 ἐξουσίας,
1338 4922 1435 4975 καὶ⁸
1467 4922 1653 4975 ποθει-

74 5009 161 5071 νὸς
193 5010 279 5062 διὰ
308 5015 406 5082 τὴν
444 5012 692 5082 παροχὴν
713 5014 812 5080 τῆς
848 5012 1097 5075 εὐποιίας
1131 5030 1145 5044 ·
1184 5014 1321 5085 μήτε
1352 5013 1447 5068 τοῦ
1484 5014 1652 5083 φόϐου

77 5103 438 5171 καταφρονῶν
491 5102 582 5157 διὰ
627 5104 720 5156 τὸν
763 5104 947 5168 πόθον,
991 5105 1131 5175 μήτε
1153 5105 1246 5157 τοῦ
1280 5106 1446 5158 πόθου
1476 5122 1654 5175 παρα·

78 5189 257 5257 μελῶν
285 5192 377 5248 διὰ
404 5195 496 5248 τὸν
528 5194 691 5266 φόϐον
711 5194 894 5248 ’.ἀλλὰ
929 5193 989 5248 τὸ
1023 5196 1233 5266 ἥμερον
1265 5198 1405 5267 ἔχων
1440 5198 1649 5250 ἀκατα-

76 5279 361 5353 φρόνητον,
392 5273 486 5338 κάξ
515 5285 576 5339 τό
610 5284 1094 5355 εὐκαταφρόνητον
1135 5286 1276 5355 ἔχων
1316 5287 1609 5356 ἀνήμερον.

1766 3133 2146 3206 pedimentum
2183 3147 2307 3187 esse
2335 3139 2540 3201 potest,
2563 3142 2673 3199 quo
2694 3128 2879 3182 minus
2909 3126 3269 3182 conferantur
3293 3126 3350 3179 in

1767 3241 2044 3298 pauperes
2070 3223 2365 3282 beneﬁcia.

2341 3332 2493 3389 CAP.
2531 3331 2715 3386 XLVI.

1839 3427 1995 3483 Sicut
2039 3427 2236 3483 oculus
2269 3425 2496 3480 innatus
2530 3432 2616 3479 est
2645 3424 2890 3494 corpori,
2924 3426 3000 3479 ita
3041 3424 3351 3492 imperator

1767 3518 1976 3573 mundo
2006 3526 2227 3587 aptatus
2244 3525 2351 3581 est,
2378 3532 2410 3570 a
2439 3515 2553 3570 Deo
2575 3515 2738 3569 datus
2766 3529 2869 3584 pro
2903 3511 3351 3568 administratio-

1765 3626 1837 3667 ne
1870 3625 2066 3672 eorum
2107 3624 2231 3680 quae
2260 3609 2387 3663 usui
2418 3617 2572 3663 sunt.
2602 3606 2833 3678 Oportet
2861 3606 3029 3676 igitur
3064 3620 3194 3661 eum
3227 3618 3351 3658 om-

1764 3700 1931 3755 nibus
1983 3698 2306 3753 hominibus
2337 3697 2497 3768 quasi
2546 3697 2792 3767 propriis
2822 3694 3087 3749 membris
3134 3693 3349 3763 prospi-

1765 3806 1922 3852 cere,
1960 3782 2024 3844 ut
2060 3790 2354 3859 proficiant
2386 3788 2445 3843 in
2468 3787 2654 3853 bonis,
2674 3802 2782 3842 nec
2806 3787 3083 3840 malorum
3105 3786 3347 3840 offensa-

1764 3882 1892 3937 cqu
1918 3880 2227 3937 illidantur.

2098 4062 2101 4065 .
2353 4010 2503 4066 CAP.
2535 4009 2745 4065 XLVII.

1835 4104 2187 4160 Tutissimam
2247 4101 2519 4157 arbitrare
2552 4100 2749 4155 salutis
2778 4085 2887 4154 ture
2933 4094 3266 4156 custodiam,
3298 4094 3344 4149 si

1763 4198 2044 4252 neminem
2081 4209 2325 4263 unquam
2386 4192 2735 4249 subditorum
2783 4189 3039 4245 all‘eceris
3090 4184 3343 4256 injuria:

1763 4287 1860 4358 qui
1897 4286 2046 4341 enim
2076 4285 2311 4341 oﬂ‘cndit
2352 4284 2654 4347 neminem,
2692 4272 2992 4353 suSpicioni
3045 4279 3211 4334 habet
3242 4292 3345 4333 ne-

1764 4377 1973 4432 minem
2007 4375 2194 4447 :quod
2234 4375 2281 4430 si
2313 4375 2468 4429 nulla
2497 4389 2834 4445 quemquam
2866 4371 3085 4427 allicere
3116 4368 3345 4439 injuria.

1767 4467 1994 4523 tutelam
2023 4466 2309 4530 conciliat,
2355 4463 2530 4520 multo
2556 4465 2732 4535 magis
2755 4461 3137 4518 beneﬁcentiis
3170 4459 3343 4514 colla-

1763 4556 1837 4612 tis
1881 4556 1936 4611 id
1969 4556 2267 4626 praastahit.
2297 4554 2434 4611 Nam
2469 4564 2530 4609 ut
2566 4556 2793 4611 tutelam
2828 4554 3076 4613 exhibet.
3113 4551 3190 4607 ita
3213 4550 3345 4606 cha-

1761 4644 1985 4702 ritatcm
2006 4660 2117 4701 non
2140 4644 2346 4717 prodit.

2321 4733 2474 4791 CAP.
2511 4734 2744 4790 XLVIII.

1827 4826 1960 4884 Esto
1988 4826 2253 4891 subditis,
2284 4826 2634 4895 pientissime
2670 4826 2995 4895 imperator,
3037 4831 3114 4878 .et
3145 4820 3341 4876 formi-

1753 4919 1955 4974 dabilis
1977 4918 2050 4974 ob
2081 4917 2469 4973 excellentiam
2514 4917 2830 4985 potestatis,
2860 4924 2919 4969 et
2965 4913 3223 4967 amabilis
3265 4913 3343 4965 ob

1752 5011 2102 5083 largitionem
2149 5007 2551 5073 beneﬁcentiae,
2588 5022 2768 5075 neque
2799 5005 3154 5060 formidinem
3203 5019 3340 5056 con-

1752 5102 2052 5158 temnendo
2083 5107 2316 5169 propter
2342 5112 2609 5160 amorem,
2636 5112 2741 5151 nec
2775 5097 2904 5150 item
2951 5107 3195 5147 amorem
3236 5107 3337 5144 ne-

1752 5196 1961 5265 gligens
1994 5194 2065 5247 ob
2116 5189 2504 5254 formidinem;
2556 5189 2652 5243 sed
2708 5198 2815 5241 Iam
2851 5182 3332 5240 mansuetudinem

1758 5303 1872 5357 pra:
1926 5294 1979 5340 te
2008 5284 2192 5339 ferens
2223 5281 2370 5336 haud
2431 5280 2858 5350 aspemabilem,
2892 5292 3055 5347 quam
3108 5273 3332 5328 nimiam

1758 5387 1814 5433 ct
1864 5374 2265 5447 aspernabilem
2319 5371 2749 5429 familiaritatem
2793 5369 2993 5424 immiti
3043 5364 3335 5423 severitate

1758 5472 2052 5539 castigans.

1584 5581 1818 5640 NOTAE.

1584 5583 1725 5639 ΝΟΤ
1801 5622 1818 5640 .
2203 5583 2207 5585 ’

153 5661 265 5735 (I5)
316 5669 803 5735 Προινκόπτωσιν.
859 5672 937 5726 lla
996 5670 1214 5728 codices
1268 5673 1447 5744 Regii.
1498 5674 1644 5731 Editi
1687 5583 2082 5746 πὲκόπτωσιν.
2115 5671 2347 5728 Burrum
