3924 6294
42 250 92 320 ’1
112 256 233 321 181
1315 272 1584 333 CAPITA
1624 275 1675 335 Α

1790 276 2156 340 ONITORIA
2169 325 2185 342 .

54 369 179 434 τὰς
232 371 415 443 ὁρμὰς
443 371 744 449 ἀναστέλλῃ
769 390 784 409 ·
807 376 868 431 τὸ
898 376 997 445 δὲ,
1032 379 1120 434 ἵνα
1151 382 1250 446 τὰς
1279 383 1537 457 ἀφορμὰς
1581 388 1675 443 τῶι

1794 394 2061 449 irascatur
2094 403 2319 465 oportet
2352 414 2363 448 :
2402 397 2534 452 illud
2567 438 2582 460 ,
2639 407 2702 453 ut
2761 414 3059 468 pravorum
3109 398 3374 470 impetum

58 464 360 535 χρηστῶν
387 466 668 540 ἀνιχνεύῃ.

1795 464 2158 554 comprimat;
2215 488 2323 543 hoc
2346 528 2361 550 .
2400 497 2461 543 ut
2495 489 2899 560 propensiones
2942 490 3215 547 honorum
3248 508 3350 563 per

1793 576 2046 648 vestiget.

426 716 433 721 .
665 669 918 729 ΚΕΦΑΛ.
972 672 1118 743 NQ”.

156 756 267 812 Ἐν
287 757 368 829 τῷ
391 757 610 830 ἀκριϐεῖ
626 759 728 831 τῆς
753 761 984 834 καρδίας
1017 780 1111 817 σου
1138 764 1526 841 βουλευτηρίῳ,
1563 771 1687 824 ἐπι-

59 847 277 917 μελῶς
307 849 562 905 κατανόει
588 850 701 907 τῶν
725 853 995 910 συνόντων
1029 872 1112 910 σοι
1146 857 1275 921 τοὺς
1303 859 1561 930 τρόπους,
1594 862 1684 917 ῐνα

53 939 371 1014 γινώσκῃς
397 942 645 1013 ἀκριϐῶς
670 946 767 1000 καὶ
800 947 927 1011 τοὺς
950 948 1010 1001 ἐν
1037 948 1227 1022 ἀγάπῃ
1252 950 1682 1023 θεραπεύοντας,

51 1033 167 1085 καὶ
202 1034 343 1098 τοὺς
372 1036 432 1089 ἐν
454 1036 640 1109 ἀπάτῃ
671 1041 1069 1106 κολακεύοντας
1086 1060 1101 1073 ο
1128 1043 1316 1099 πολλοὶ
1342 1045 1455 1118 γὰρ
1478 1048 1684 1103 εὐνοεῖν

54 1126 556 1199 ὑποκρινόμενοι,
628 1134 844 1203 μεγάλα
896 1138 1025 1201 τοὺς
1090 1140 1452 1208 πιστεύοντας
1511 1162 1683 1201 κατα-

54 1217 420 1277 ϐλάπτουσι.

2450 688 2604 747 CAP.
2638 690 2774 745 LVI.

1846 781 1924 857 ‘ln
1963 782 2238 852 exquisita
2281 779 2361 838 tui
2392 780 2581 837 cordis
2624 780 2782 835 curia
2816 780 3112 852 diligenter
3161 780 3376 851 perspi-

1793 873 1926 937 cito,
1974 875 2426 929 conversantium
2455 883 2639 931 tecum
2668 888 2854 929 mores
2885 881 2949 929 ut
2980 887 3281 943 pernoscas
3311 872 3405 926 ad-

1791 965 2078 1030 amussim,
2118 975 2176 1020 et
2200 960 2341 1035 quos
2368 963 2610 1022 charitas
2635 965 2821 1022 colere
2857 963 3164 1034 compellit,
3193 971 3253 1020 et
3282 962 3379 1034 qui

1792 1058 1893 1113 tibi
1937 1073 2038 1129 per
2090 1058 2341 1113 fraudem
2398 1057 2744 1113 adulantur:
2773 1057 3028 1128 plerique
3075 1053 3228 1112 enim
3275 1069 3378 1123 per

1790 1149 2237 1205 benevolentiam
2286 1151 2610 1207 simulantes
2632 1191 2646 1212 .
2675 1165 2874 1222 magno
2898 1147 3250 1204 credentibus
3278 1146 3376 1200 de-

1791 1243 2056 1299 trimento
2085 1251 2234 1296 sunt.

663 1337 915 1395 ΚΕΦΑΛ.
971 1342 1096 1398 NZ'.

2112 1342 2117 1345 ’
2410 1353 2560 1409 CAP.
2610 1353 2797 1431 Lvu,

214 1396 235 1423 /

138 1446 336 1516 Λόγον
379 1449 620 1517 ἀκούσας
687 1453 968 1525 ὠφελῆσαι
1026 1457 1348 1529 δυνάμενον,
1400 1463 1475 1535 μὴ
1521 1465 1675 1535 μόνον

1860 1472 2184 1529 Sermonem
2224 1488 2350 1528 cum
2388 1472 2547 1527 audis
2573 1472 2767 1542 iuvare
2789 1469 3092 1530 valentem,
3124 1480 3194 1519 ne
3221 1465 3373 1519 auri-

54 1537 467 1633 dtxpﬁ-zoﬁrov,
499 1543 636 1597 ἀλλὰ
665 1547 759 1606 καὶ
782 1546 980 1615 πράξει
1002 1548 1250 1622 διαδέχου
1269 1570 1283 1584 ·
1318 1553 1463 1609 οὕτω
1486 1557 1596 1630 γὰρ
1619 1558 1675 1612 τδ

1790 1565 1895 1621 bus
1932 1564 2119 1631 modo,
2150 1580 2344 1619 verum
2385 1565 2553 1619 etiam
2586 1576 2758 1633 opere
2793 1560 3036 1630 excipito
3067 1576 3080 1612 :
3112 1558 3193 1613 sic
3226 1557 3373 1613 enim

54 1628 166 1728 τοῦ
212 1630 490 1701 βασιλέως
512 1634 832 1704 ἀγλαΐζεται
857 1639 1080 1711 κράτος,
1109 1642 1237 1697 ὅταν
1265 1644 1309 1716 ῆι
1324 1647 1456 1719 παρ’
1482 1628 1674 1703 ἑαυτοῦ

1790 1656 2144 1728 imperatoris
2202 1666 2506 1712 exornatur
2564 1655 2976 1723 decoraturque
3041 1650 3372 1715 dominium,

55 1720 137 1774 τὰ
168 1722 374 1777 δέοντα
408 1728 628 1799 συνορᾷ,
656 1727 689 1799 ἢ
722 1732 853 1801 παρ’
886 1734 1046 1787 ἄλλου
1087 1735 1377 1807 εὑρεθέντα
1410 1741 1675 1812 μηδαμῶς

1790 1763 1914 1803 cum
1942 1748 2031 1804 vel
2073 1764 2142 1804 ex
2173 1764 2233 1804 se
2279 1747 2595 1804 considerat
2629 1762 2752 1816 quae
2792 1743 3045 1801 facienda
3088 1750 3253 1806 sunt,
3286 1742 3373 1797 vel
3424 1801 3427 1805 ,

58 1818 331 1911 παρορᾷ,
359 1817 517 1911 ἀλλά
539 1821 801 1890 μανθάνει
836 1824 936 1895 μὲν
972 1827 1418 1899 ἀνεπαισχύντως
1444 1873 1460 1897 ,
1492 1834 1675 1888 ἐπιτε-

1790 1840 1854 1894 ab
1877 1839 1987 1896 alio
2011 1848 2232 1911 reperta
2259 1855 2371 1895 non
2418 1839 2659 1910 despicit
2686 1879 2700 1904 ,
2748 1836 2847 1893 sed
2903 1846 3021 1891 tum
3050 1835 3215 1890 discit
3253 1834 3372 1890 sine

61 1904 154 1959 λεῖ
186 1906 254 1961 δὲ
282 1908 382 1962 ἀνυ
391 1909 691 1982 περθέτως.

1790 1934 2139 1999 verecundia,
2178 1941 2293 1989 tum
2334 1933 2662 2003 exsequitur
2690 1932 2809 1987 sine
2856 1928 3231 1986 cunctatione.

675 2027 904 2083 ΚΕΦΛΛ
916 2072 931 2085 .
961 2031 1094 2089 NH'.

2394 2049 2547 2106 CAP.
2578 2048 2762 2104 LVIII.

157 2137 500 2208 Ἄκρόπολις
536 2139 1001 2231 μὲνᾼάπορθήτοις
1028 2145 1265 2217 τείχεσιν
1296 2148 1675 2224 ἡσφαλισμένη

1853 2167 1964 2222 Arx
1991 2166 2218 2238 quidem
2243 2165 2634 2221 munitissimis
2684 2162 2964 2219 mmnibus
3024 2160 3207 2215 cincta
3238 2173 3367 2214 con-

72 2232 429 2299 γαταφρονεῖ
453 2230 564 2286 τῶν
608 2230 1043 2305 πολιορκούντων
1070 2237 1242 2300 αὐτὴν
1276 2241 1560 2313 πολεμίων
1588 2258 1605 2274 ⁸
1644 2245 1675 2315 ἡ

1790 2258 1985 2314 temnit
2008 2230 2339 2315 obsidentes
2370 2273 2431 2313 se
2459 2257 2651 2312 hostes
2683 2273 2697 2309 :
2731 2255 2883 2326 pium
2914 2261 3098 2309 autem
3116 2259 3365 2323 vestrum

64 2321 325 2418 εὐσεὸὴς
342 2323 401 2377 δὲ
420 2323 663 2395 βασιλεία
679 2327 834 2398 ὐμῶν
856 2329 981 2400 ὲλεη
989 2333 1253 2402 μοσύναις
1269 2337 1675 2409 τετειχισμένη,

1790 2348 2101 2418 imperium,
2133 2364 2259 2404 cum
2297 2358 2356 2404 et
2394 2346 2732 2402 liberalitate
2764 2360 2898 2417 erga
2932 2344 3167 2399 miseros
3198 2341 3368 2397 veluti

3244 282 3382 350 1182
3498 252 3501 259 ’

66 2414 175 2467 καὶ
210 2418 551 2486 προσευχαῖς
592 2423 1103 2495 περιπυργουμένη,
1153 2426 1425 2498 ἀήττητος
1467 2428 1680 2498 γίνεται

67 2505 196 2567 τοῖς
225 2503 344 2558 τῶν
376 2506 589 2577 ἐχθρῶν
633 2507 866 2581 βέλεσιν,
898 2512 1121 2586 ἀοίδιμα
1166 2518 1287 2570 κατ’
1317 2517 1501 2572 αὐτῶν
1534 2519 1681 2586 ἐγεί-

74 2612 266 2667 ρουσα
296 2601 554 2669 τρόπαια.

668 2716 920 2774 ΚΕΦΑΛ,
957 2716 1108 2781 ΝΘ.ἒ

149 2823 384 2895 Χρῆσαι
418 2824 646 2890 δεόντως
671 2830 737 2899 τῇ
760 2829 912 2884 κάτω
943 2831 1192 2905 βασιλείᾳ
1211 2873 1227 2898 ,
1256 2833 1345 2887 ἵνα
1373 2834 1578 2905 κλίμαξ
1600 2853 1684 2891 σοι

75 2911 324 2985 γένηται
371 2915 471 2985 τῆς
522 2915 638 2971 ἀνω
675 2917 959 2985 εὐδοξίας·
1011 2923 1062 2975 οἱ
1108 2922 1220 2995 γὰρ
1253 2924 1462 2996 ταύτην
1501 2926 1684 2991 καλῶς

73 3004 444 3070 διοικοῦντες,
492 3008 634 3077 μετά
662 3010 870 3082 ταύτης
912 3012 1173 3085 κάκείνης
1201 3015 1501 3083 ἀξιοῦνται.
1534 3019 1682 3072 Ταύ-

74 3112 185 3167 την
227 3098 290 3152 δὲ
339 3098 602 3154 διοικοῦσι
642 3101 846 3170 καλῶς,
879 3104 931 3157 οἱ
971 3106 1239 3178 πατρικὸν
1283 3110 1399 3173 τοῖς
1439 3110 1681 3181 ἁρχομέ-
1706 3091 1753 3154 C

78 3201 200 3248 νοις
235 3186 673 3256 ἐπιδεικνύοντες
703 3191 867 3247 πόθον
891 3232 906 3257 ,
939 3195 1037 3249 καὶ
1070 3197 1299 3267 ἀρχικὸν
1329 3201 1459 3270 παρ’
1497 3201 1678 3255 αὐτῶν

78 3276 586 3348 ἀντιλαμϐάνοντες
613 3282 779 3352 φόϐον
799 3299 813 3314 ·
841 3284 1095 3351 ἀπειλαῖς
1128 3287 1229 3359 μὲν
1260 3285 1332 3342 τά
1358 3289 1680 3360 πταίσματα

79 3368 648 3439 προαναστέλλοντες,
703 3376 998 3448 τιμωρίαις
1049 3377 1108 3431 δὲ
1136 3379 1333 3452 πεῖραν
1378 3378 1560 3446 αὐτοῖς
1616 3382 1678 3437 οὐ

78 3457 485 3530 προσάγοντες.

707 3575 962 3631 ΚΕΦΑΔ.
1000 3576 1078 3633 Ξ¹.

166 3682 413 3754 Ίμάτιον
442 3685 786 3741 ἀπαλαίωτόν
813 3690 929 3743 ἐστι
956 3691 1017 3744 τὸ
1048 3690 1150 3761 τῆς
1174 3692 1422 3760 εὐποιίας
1456 3699 1677 3768 περιϐό-

81 3773 240 3828 λαιον
270 3815 285 3838 ,
333 3777 425 3830 καὶ
461 3778 785 3850 ἀδιάφθορος
827 3783 989 3854 στολὴ
1018 3786 1051 3853 ἡ
1104 3784 1241 3855 πρὸς
1270 3787 1397 3851 τοὺς
1439 3791 1678 3860 πένητας

84 3867 321 3937 στοργή.
359 3868 453 3920 Δεῖ
482 3862 576 3922 οὖν
605 3869 695 3922 τὸν
725 3870 1049 3943 βουλόμενον
1071 3874 1312 3940 εὐσεϐῶς
1341 3877 1671 3949 βασιλεύειν,

83 3957 356 4019 τοιούτοις
374 3957 638 4028 ἐνδύμασι
657 3958 755 4031 τὴν
769 3962 947 4033 ψυχὴν
970 3966 1335 4033 καλλωπίζειν
1357 3985 1372 3998 ·
1396 3969 1674 4038 φιλοπτω-

84 4046 208 4114 χίας
239 4048 351 4118 γὰρ
372 4048 746 4121 ἠμφιεσμένος
771 4054 1081 4127 πορφύραν,
1114 4059 1208 4112 καὶ
1236 4059 1490 4131 οὐρανίου
1523 4062 1677 4134 βασι-

82 4138 238 4204 λείας
274 4142 647 4206 καταξιοῦται.

683 4260 935 4317 ΚΕΦΛΛ.
987 4263 1107 4322 ΞΝ.

156 4369 445 4440 Σκῆπτρον
467 4369 743 4441 βασιλείας
768 4376 920 4446 παρά
941 4377 1077 4431 Θεοῦ
1099 4378 1409 4451 δεξάμενος,
1435 4384 1669 4439 σκέπτου

87 4458 207 4521 πῶς
238 4460 460 4530 ἀρέσεις
496 4462 576 4534 τῷ
606 4464 816 4537 ταύτην
856 4484 940 4522 σοι
981 4468 1270 4525 δεδωκότι·
1307 4475 1402 4526 καὶ
1427 4475 1502 4538 ὡς
1533 4476 1673 4530 πάν-

87 4565 196 4603 των
216 4552 523 4625 ἀνθρώπων
548 4556 639 4609 ὐπ’
666 4557 834 4612 αὐτοῦ
862 4560 1246 4631 προτιμηθεὶς,
1272 4562 1434 4618 πλέον
1458 4567 1674 4622 πάντων

89 4643 312 4713 ἐπείγου
334 4649 763 4721 καταγεραίρειν
785 4652 972 4708 αὐτόν.
994 4652 1169 4707 Τοῦτο
1188 4654 1246 4708 δὲ
1267 4656 1440 4729 γέρας
1457 4660 1673 4730 ἡγεῖται

95 4734 387 4803 μέγιστον,
442 4739 509 4793 ἂν
559 4741 635 4804 ὼς
688 4741 853 4796 αὐτὸν
902 4744 1031 4807 τοὺς
1087 4743 1181 4798 ὐπ’
1232 4746 1400 4801 αὐτοῦ
1441 4750 1673 4805 διαπλα-

92 4825 313 4967 gena;
341 4831 495 4902 ὁρᾷς,
525 4833 620 4887 καὶ
648 4834 725 4899 ὡς
756 4837 935 4908 χρεὼν
966 4837 1269 4910 καταϐολὴν
1298 4839 1398 4905 τὰς
1424 4842 1675 4909 εὐποιίας

167 4919 337 4967 noon;

167 4919 340 4988 ηροῖςο

669 5126 921 5182 ΚΕΦΔΑ.
962 5127 1080 5184 EB’.

162 5212 388 5286 Τρέχειν
445 5217 548 5288 μὲν
575 5218 658 5283 είς
692 5221 790 5290 τὴν
819 5221 934 5294 ἀνω
965 5222 1217 5293 βοήθειαν
1248 5227 1355 5289 πᾶς
1382 5226 1670 5300 ἄνθρωπος

95 5302 314 5371 ὀφείλει,
361 5309 392 5361 ὁ
421 5308 696 5380 σωτηρίας
731 5310 1053 5383 γλιχόμενος
1083 5330 1096 5343 ·
1127 5316 1157 5367 ὀ
1187 5314 1440 5383 βασιλεὺς
1476 5318 1532 5371 δὲ
1561 5319 1670 5391 πρὸ

97 5395 331 5462 πάντων,
364 5398 441 5461 ὡς
471 5402 756 5473 μεριμνῶν
788 5405 930 5474 ὑπὲρ
964 5405 1200 5462 πάντων.
1245 5408 1383 5463 ’Υπὺ
1407 5410 1501 5463 τοῦ
1531 5412 1666 5466 Θεοῦ

100 5482 205 5552 γὰρ
246 5486 639 5560 φυλαττόμενος
663 5535 678 5558 ,
731 5495 983 5558 καὶτοὺς
1030 5495 1321 5568 πολεμίους
1361 5505 1667 5571 καταγωνί-

101 5575 243 5636 ζεται
291 5583 549 5649 γενναίως
575 5627 588 5652 ,
624 5590 721 5642 καὶ
758 5591 885 5653 τοὺς
929 5590 1157 5655 οἰκείους
1209 5597 1666 5666 κατασφαλίζεται

105 5671 394 5737 σπουδιίως

1781 2456 1945 2496 muro
1978 2442 2224 2498 cinctum
2269 2448 2328 2497 et
2351 2455 2581 2511 precum
2618 2438 2871 2494 turribus
2920 2437 3367 2500 eorroboratum,

1781 2533 1858 2588 sit
1884 2533 2179 2598 invictum,
2201 2532 2372 2587 nullis
2396 2531 2642 2587 hostium
2662 2529 2790 2587 telis
2812 2529 3065 2600 pervium
3094 2527 3159 2583 ﬁt
3189 2545 3205 2583 :
3230 2544 3357 2599 pra:-

1779 2623 1926 2679 clara
1951 2632 2008 2678 et
2039 2623 2284 2680 celebria
2309 2630 2505 2679 contra
2533 2636 2632 2677 eos
2665 2620 2888 2692 erigens
2930 2628 3155 2690 tropaea.

2432 2735 2586 2793 CAP.
2623 2734 2762 2792 LIX.

1853 2847 2022 2905 Utere
2052 2856 2115 2904 ut
2155 2855 2377 2920 oportet
2401 2862 2575 2919 regno
2603 2848 2713 2903 hoc
2740 2845 3005 2903 inferiore
3035 2884 3052 2910 ,
3112 2850 3176 2898 ut
3222 2842 3367 2899 scala

1783 2938 1883 2995 tibi
1925 2938 2022 2994 ﬁat
2053 2939 2360 3012 superioris
2386 2940 2659 2996 claritatis
2691 2956 2707 2994 :
2741 2939 2840 3010 qui
2879 2937 3035 2994 enim
3076 2937 3188 2991 hoc
3215 2943 3364 2991 recte

1781 3030 2115 3103 gubernant,
2158 3020 2251 3086 illa
2297 3046 2521 3102 quoque
2546 3029 2903 3101 postmodum
2928 3027 3081 3099 digni
3122 3042 3358 3082 censeris

1784 3130 1895 3177 tur.
1948 3120 2065 3178 Hoc
2105 3130 2315 3178 autem
2348 3130 2499 3177 recte
2549 3122 2899 3193 gubernant,
2933 3119 3031 3190 qui
3076 3126 3361 3188 paternam

1780 3214 2022 3271 subditis
2043 3214 2347 3271 ostendunt
2377 3214 2731 3281 charitatem,
2763 3221 2822 3269 et
2842 3212 3082 3284 principi
3110 3210 3363 3266 debitum

1780 3306 1852 3362 ab
1882 3306 2016 3377 ipsis
2046 3306 2328 3378 recipiunt
2377 3306 2636 3361 timorem
2667 3322 2680 3359 :
2715 3305 2908 3375 itaque
2940 3305 3110 3361 minis
3137 3301 3358 3373 quidem

1779 3398 1914 3454 vitia
1952 3407 2345 3470 compescunt;
2397 3396 2659 3470 supplicii
2718 3405 2905 3453 autem
2953 3410 3178 3452 sensum
3228 3391 3358 3463 ipsis

1778 3487 2103 3560 neutiquam
2135 3488 2417 3562 inﬂigunt.

2410 3597 2564 3653 CAP.
2621 3597 2737 3652 LX.

1848 3708 2251 3783 Yestimcntum
2302 3725 2415 3765 non
2462 3720 2820 3768 veterascens
2868 3719 2955 3766 est
2981 3709 3358 3766 beneﬁcentiae

1779 3790 2105 3862 aniictus,et
2134 3800 2457 3872 incorrupta
2499 3802 2640 3857 stola
2665 3810 2752 3857 est
2787 3801 3029 3857 Charitas
3056 3815 3186 3870 erga
3210 3816 3350 3869 pan-

1777 3904 1955 3960 peres.
1986 3891 2160 3961 Igitur
2195 3900 2417 3963 oportet
2449 3893 2545 3963 qui
2574 3893 2663 3963 pie
2689 3907 2924 3964 regnare
2947 3892 3092 3957 vult,
3151 3890 3354 3945 talium

1778 3979 2232 4037 indumentorum
2281 3982 2705 4053 pulchritudine
2750 3982 2990 4037 animam
3042 3995 3357 4051 exornare;

1776 4071 1986 4126 amoris
2015 4071 2163 4127 enim
2195 4073 2253 4127 in
2279 4088 2485 4144 egenos
2510 4075 2607 4144 qui
2659 4072 2892 4128 indutus
2951 4080 3040 4128 est
3090 4085 3357 4142 purpura,

1776 4163 2019 4219 caelestis
2044 4179 2270 4236 quoque
2300 4166 2455 4237 regni
2487 4180 2716 4236 compos
2733 4164 2990 4220 edicitur.

2434 4275 2587 4335 CAP.
2629 4276 2769 4333 LXI.

1849 4388 2140 4460 Sceptrum
2178 4388 2404 4460 imperii
2420 4404 2547 4445 cum
2568 4405 2600 4445 a
2629 4390 2744 4444 Deo
2764 4387 3098 4459 susceperis,
3122 4386 3356 4458 cogitato

1777 4479 2110 4551 quibusnam
2160 4480 2344 4536 modis
2397 4481 2645 4552 placebis
2690 4481 2742 4537 ei
2795 4481 2891 4550 qui
2935 4480 2991 4535 id
3023 4480 3120 4535 tibi
3160 4479 3339 4537 dedit:

1778 4585 2015 4641 cumque
2032 4570 2296 4627 omnibus
2316 4571 2640 4627 hominibus
2666 4572 2736 4627 ab
2757 4587 2826 4627 eo
2840 4572 2918 4627 sis
2940 4572 3221 4642 praelatus,
3245 4586 3355 4642 prae

1775 4662 2042 4727 omnibus
2072 4679 2203 4720 eum
2231 4664 2510 4720 honorare
2554 4664 2776 4721 festina.
2825 4664 2997 4721 Porro
3026 4664 3083 4720 id
3114 4664 3233 4734 ipse
3257 4665 3354 4720 hc.

1774 4763 2187 4813 nestamentum
2242 4757 2551 4813 arbitratur
2612 4757 2913 4812 maximum
2942 4797 2958 4823 ,
3019 4757 3067 4812 si
3126 4756 3352 4828 perinde

1774 4845 1931 4901 illum
1982 4862 2049 4903 ac
2091 4855 2322 4904 casteros
2353 4847 2425 4903 ab
2454 4863 2523 4903 eo
2564 4849 2834 4904 formatos
2874 4848 3134 4918 accipias,
3189 4859 3352 4919 atque

1776 4937 2036 4994 utdebiti
2080 4938 2484 4994 exsolutionem
2525 4938 2906 4996 benefaciendi
2945 4954 3149 4995 munus
3178 4939 3349 4993 adim-

1774 5028 1946 5098 pleas.

2408 5140 2561 5196 CAP.
2590 5140 2751 5197 LXII.

1846 5232 2154 5289 Recurrere
2173 5242 2239 5289 ad
2267 5249 2567 5305 supernum
2590 5230 2863 5291 auxilium
2889 5251 3016 5291 cum
3040 5235 3205 5288 homo
3230 5234 3353 5304 qui-

1771 5322 1856 5379 vis
1895 5323 2102 5391 debet,
2133 5341 2236 5395 pro
2267 5327 2446 5383 salute
2496 5344 2713 5400 rogans,
2743 5338 2858 5384 tum
2880 5337 3007 5383 ante
3035 5343 3227 5382 omnes
3253 5328 3353 5381 im-

1771 5426 2034 5487 perator,
2086 5426 2280 5487 utpote
2310 5421 2405 5489 qui
2439 5437 2541 5491 pro
2593 5422 2852 5477 omnibus
2903 5420 3176 5477 sollicitus
3221 5428 3347 5476 est:

1771 5525 1897 5564 cum
1960 5511 2112 5565 enim
2164 5527 2195 5565 a
2257 5512 2370 5567 Deo
2425 5506 2779 5575 custoditur,
2820 5522 2947 5568 tam
3018 5512 3206 5567 hostes
3257 5527 3349 5581 gew

1771 5617 1969 5657 nerosa
2017 5620 2182 5659 manu
2233 5605 2512 5669 debellat,
2571 5618 2728 5672 quam
2786 5620 2917 5661 suos
2977 5603 3170 5660 sedqu
3200 5619 3350 5660 com-

1771 5693 1968 5748 munit.
