3924 6294
133 407 275 476 1201

1348 419 1447 479 DE
1486 418 1765 480 SECTIS.
1804 444 1874 458 -
1902 419 2064 481 ACT.
2104 419 2191 481 II.

3264 411 3406 478 12(ιὲ

118 524 380 595 περιέχει
406 522 463 577 δὲ
509 523 668 578 τοῦτο
694 524 753 579 τδ
803 524 1011 597 βιϐλίον
1049 526 1119 581 τὰ
1161 527 1270 582 ἀπὸ
1312 528 1409 597 τῆς
1452 531 1725 603 ποιήσεως

1848 524 2066 588 ιωῑοόο
2100 539 2268 597 terra,
2298 546 2472 602 usque
2499 532 2570 589 ad
2601 531 2824 602 Josephi
2858 537 3095 589 mortem
3141 525 3413 584 continet.

119 615 223 671 τοῦ
263 616 501 689 ούρανοῦ
547 618 639 671 καὶ
686 618 785 689 τῆς
839 620 962 689 γῆς,
1016 618 1120 684 ἓως
1171 621 1271 692 τῆς
1325 621 1585 692 τελευτῆς
1631 619 1723 675 τοῦ

138 707 374 778 Ἰωσήφ.
414 706 678 778 Δεύτερον
704 709 854 761 ἔστιν
890 710 923 781 ὴ
953 709 1208 776 Ἐξοδος·
1250 709 1496 784 περιέχει
1534 710 1727 765 δὲ·καὶ

121 801 293 856 τοῦτο
324 801 434 856 ἀπὸ
464 802 564 870 τῆς
591 802 851 874 τελευτῆς
887 805 983 858 τοῦ
1028 805 1247 877 Ἰωσὴφ,
1291 807 1387 860 καὶ
1415 807 1517 875 τῆς
1549 806 1725 871 ἐξόδου

121 895 238 948 τῶν
285 895 660 966 Ἰσραηλιτῶν,
693 896 800 958 ἕως
831 898 942 951 τῶν
975 900 1283 969 γενομένων
1307 900 1435 971 ἄχρι
1461 899 1555 954 τοῦ
1588 897 1725 968 φθά-

125 1003 220 1040 σαι
251 989 457 1052 αὐτοὺς
496 988 556 1042 τὸ
588 988 715 1059 ὅρος
758 990 851 1044 τοῦ
894 992 1046 1047 Σινᾶ.
1082 990 1269 1045 Ταῦτα
1314 992 1371 1045 δέ
1417 993 1531 1044 ἐστι
1562 1007 1577 1022 ο
1610 989 1727 1052 πῶς

123 1079 226 1150 τὴν
272 1080 571 1151 Ἐρυθρὰν
607 1080 887 1136 Θάλασσαν
933 1082 1282 1154 διεπέρασαν,
1323 1083 1419 1137 καὶ
1459 1083 1511 1137 τί
1556 1084 1615 1136 ὲν
1646 1080 1728 1152 τῷ

128 1186 198 1239 με
213 1169 347 1236 mih
376 1171 592 1239 γέγονε,
617 1173 714 1226 καὶ
747 1173 862 1237 πῶς
888 1174 980 1227 τὸν
1012 1175 1176 1245 νόμον
1205 1175 1293 1229 διὰ
1326 1174 1570 1237 Μωσέως
1600 1173 1728 1228 ελα-

126 1262 224 1316 ϐον
250 1263 364 1316 ἀπὸ
404 1263 500 1317 τοῦ
534 1264 694 1319 Θεοῦ.
726 1265 922 1335 Τρίτον
956 1267 1073 1320 ἐστὶ
1102 1267 1329 1336 βιϐλίον,
1364 1269 1414 1320 οἱ
1443 1266 1729 1336 λεγόμενοι

126 1353 413 1426 ’Λριθμο“ι,
443 1357 500 1408 ἐν
525 1352 605 1421 οἷς
635 1359 1035 1429 ἀπαριθμεῖται
1054 1359 1153 1421 τὰς
1174 1359 1346 1429 φυλὰς
1373 1358 1481 1412 τῶν
1510 1358 1728 1429 ’ἰσραην-

131 1446 335 1511 λιτῶν,
364 1448 463 1502 καὶ
494 1450 620 1513 τοὺς
667 1450 936 1520 ἄρχοντας
968 1451 1167 1505 αὐτῶν.
1202 1451 1244 1503 Τ
1250 1449 1476 1522 ἐταρτόν
1509 1451 1625 1503 ἐστι
1666 1448 1729 1502 τὸ

130 1540 449 1605 Λευῖτικδν,
478 1543 538 1594 ἐν
569 1533 613 1609 ᾦ
651 1542 1003 1613 προστάττει,
1037 1542 1155 1606 πῶς
1183 1542 1265 1596 δεῖ
1291 1540 1579 1613 λατρεύειν
1603 1538 1730 1604 τοὺς

132 1628 303 1700 ἱερεῖς
338 1646 352 1660 ·
388 1628 512 1682 ὅθεν
552 1630 646 1682 καὶ
690 1628 894 1701 ἐκλήθη
947 1630 1233 1685 Λευῖτικόν
1262 1647 1276 1663 ·
1324 1630 1434 1685 ἀπὸ
1478 1628 1589 1702 γὰρ
1630 1629 1731 1700 τῆς

130 1719 311 1790 φυλῆς
331 1719 444 1771 τῶν
466 1720 709 1774 Λευῖτῶν
727 1721 973 1790 ἐγίνοντο
998 1723 1046 1776 oi
1078 1723 1262 1794 ἱερεῖς.
1288 1722 1551 1793 Πέμπτον
1588 1718 1728 1787 ἐστὶ,

128 1806 191 1859 τὸ
238 1808 683 1877 Δευτερονὸμιον,
733 1810 791 1863 ἐν
826 1802 871 1877 ᾧ
906 1809 982 1877 ὡς
1026 1812 1083 1864 ὲν
1115 1812 1334 1881 συνόψει
1364 1812 1632 1885 διηγεῖται
1664 1810 1732 1865 τὰ

1831 622 2007 690 Alter,
2043 622 2300 690 Exodus;
2325 632 2384 679 et
2405 638 2436 678 a
2464 633 2645 679 morte
2671 624 2898 695 Josephi
2929 631 2987 679 et
3015 621 3168 677 exitu
3193 619 3416 676 lsracli-

1833 724 2017 773 tarum
2051 724 2207 788 gesta
2237 717 2629 787 complectitur
2671 717 2739 772 ad
2776 715 2912 771 illud
2956 729 3137 785 usque
3175 721 3419 783 tempus,

1833 823 1946 881 quo
1973 808 2043 864 ad
2067 808 2526 867 montemSinam
2557 815 2953 880 pervenerunt.
2985 807 3061 867 Ea
3088 822 3220 861 vero
3249 813 3414 859 sunt:

1834 899 2117 970 quomodo
2155 916 2307 957 mare
2340 900 2594 957 Rubrum
2650 900 3005 963 transierint,
3040 897 3173 969 quid
3209 897 3417 952 interea

1804 1000 1809 1003 '
1834 994 2063 1055 factum.
2081 994 2360 1063 quomodo
2374 995 2551 1065 legem
2568 1009 2601 1049 a
2618 993 2731 1049 Deo
2745 1008 2844 1064 per
2858 992 3060 1048 Mosem
3079 988 3419 1060 acceperint.

1836 1083 2060 1140 Tertius
2081 1086 2222 1141 liber
2242 1094 2347 1148 cst,
2369 1101 2534 1156 quem
2557 1086 2830 1141 Numeros
2855 1093 3082 1149 vocant;
3105 1097 3217 1152 quo
3239 1080 3422 1136 tribus

1834 1174 2212 1231 lsraelitarum
2224 1190 2535 1246 eorumque
2554 1175 2836 1246 principes
2848 1179 3230 1229 recensentur.
3245 1167 3425 1235 Quar-

1835 1272 1947 1331 tus,
1968 1264 2251 1321 Leviticus
2298 1273 2383 1320 est
2403 1283 2433 1332 ;.
2470 1282 2582 1336 quo
2623 1265 2964 1337 praccipitur,
2996 1277 3110 1334 quo
3155 1262 3263 1317 ritu
3308 1261 3425 1317 Deo

1835 1356 2046 1414 servire
2076 1357 2391 1413 sacerdotes
2414 1357 2652 1413 debeant
2673 1375 2685 1411 :
2708 1358 2855 1413 unde
2876 1364 2931 1414 et
2961 1355 3194 1411 Levitici
3219 1369 3422 1409 nomen

1838 1446 2078 1503 invenit.
2100 1445 2239 1503 Nam
2268 1446 2338 1503 de
2368 1446 2687 1504 Levitarum
2726 1446 2877 1502 tribu
2915 1444 3239 1502 sacerdotes
3272 1458 3425 1498 crcao
3459 1486 3475 1500 .

1837 1540 2065 1596 bantur.
2097 1538 2336 1607 Quintus
2360 1546 2465 1608 est,
2493 1538 3023 1606 Deuteronomium;
3060 1537 3116 1592 in
3140 1550 3253 1608 quo
3272 1534 3425 1590 velut

1839 1632 1898 1688 in
1924 1631 2168 1705 synopsi,
2202 1630 2271 1686 ab
2301 1632 2451 1688 exitu
2483 1632 2626 1688 facta
2658 1640 2868 1698 narrat,
2894 1646 3071 1702 usque
3090 1628 3157 1685 ad
3181 1637 3422 1684 montem

1840 1723 2050 1780 Sinam.
2082 1723 2240 1791 Item,
2270 1723 2438 1779 latius
2464 1724 2693 1795 exponit
2721 1724 2920 1795 legem.
2953 1722 3111 1781 Unde
3157 1721 3413 1777 Deutcro~

1838 1815 2088 1869 nomium
2116 1823 2405 1880 vocarunt,
2439 1814 2597 1885 quasi
2622 1814 2799 1885 legem
2831 1814 3108 1869 iteratam.
3140 1811 3277 1867 Nam
3302 1823 3427 1881 qua)

128 1898 241 1952 ἀπὸ
274 1901 376 1975 τῆς
418 1898 629 1965 Ἐξόδου
651 1901 936 1969 γενόμενα,
966 1902 1128 1975 μέχρι
1154 1902 1245 1957 τοῦ
1274 1902 1432 1975 ὅρους
1456 1903 1551 1957 τοῦ
1581 1903 1730 1968 Σινᾶ,

1848 1904 1905 1960 ie
1941 1904 2060 1978 lege
2088 1896 2329 1962 brevitér
2352 1906 2410 1961 in
2428 1905 2619 1961 Exodo
2645 1905 2968 1977 praescripta
2992 1912 3143 1967 sunt,
3170 1917 3234 1958 ea
3259 1900 3425 1957 latius

129 1993 228 2043 καὶ
265 1990 373 2052 ὅτι,
410 1990 501 2044 τὸν
531 1993 693 2061 νόμον
723 1993 971 2057 πλατέως
1004 1993 1298 2054 ἐκτίθεται.
1333 1993 1456 2048 ὅθεν
1480 1995 1575 2048 καὶ
1601 1996 1733 2048 Δευ-

1843 1996 1898 2051 in
1931 1996 2365 2052 Deuteronomio
2395 2012 2522 2052 cum
2557 1997 2813 2069 pluribus
2838 1996 2963 2051 aliis
2995 1994 3315 2051 traduntur.

130 2084 460 2154 προνόμιον
493 2084 718 2156 ἐκλήθη·
759 2087 827 2139 Ἀ
859 2086 968 2157 γὰρ
1005 2087 1063 2139 έν
1095 2090 1161 2160 τῇ
1206 2087 1402 2159 Ἐξάδφ
1438 2087 1513 2152 ὼς
1582 2088 1641 2141 ὲν
1685 2087 1938 2160 συντόμῳ
1968 2088 2280 2165 γέγραπται
2315 2090 2444 2164 περὶ
2478 2090 2575 2144 τοῦ
2602 2090 2792 2163 νόμον,
2851 2089 3025 2145 ταῦτα
3094 2085 3426 2154 πλατύτερον

135 2181 194 2231 ἑν
221 2177 301 2247 τῷ
351 2179 756 2252 Δευτερονομίῳ
798 2182 1148 2253 παραδίδοται
1192 2185 1330 2254 μετα
1384 2183 1478 2237 καὶ
1533 2182 1739 2253 ἑτέρων
1776 2181 1987 2243 ἄλλων.

209 2272 401 2327 Ταῦτα
431 2272 488 2326 δὲ
513 2274 582 2328 τὰ
615 2275 779 2328 πέντε
832 2274 1035 2347 βιϐλία,
1082 2277 1287 2344 πάντες
1337 2278 1432 2333 τοῦ
1490 2277 1737 2342 Μωσέως

140 2364 524 2438 μαρτυροῦσιν
543 2361 685 2421 εἶναι
714 2385 729 2400 ο
768 2369 838 2422 τὰ
858 2368 968 2442 γὰρ
997 2370 1221 2441 ἑφεξῆς,
1247 2370 1422 2436 οὐδεὶς
1452 2367 1561 2427 οἶδε
1591 2371 1737 2435 τίνος

144 2456 277 2511 εἰσί.
328 2456 599 2526 Δέγονωαι
654 2460 712 2513 δὲ
763 2460 961 2527 ταῦτα,
1006 2464 1041 2534 ὴ
1086 2464 1478 2535 Πεντάτευχος.
1536 2464 1739 2520 Ἕκτον

144 2548 287 2617 μετὰ
312 2549 376 2603 τὸ
405 2552 831 2623 Δευτερονόμιόν
850 2556 1024 2620 ἐστιν,
1071 2556 1293 2628 Ἰησοῦς
1324 2557 1417 2611 τοῦ
1448 2557 1627 2628 Ναυῆ,
1677 2559 1738 2611 ὲν

132 2635 180 2709 ᾧ
205 2640 455 2709 λέγεται.
486 2642 605 2707 πῶς
648 2642 888 2714 ἐξήγαγε
926 2624 1082 2710 τοὺς’
1107 2624 1457 2721 Ἰσραηλίτας,
1490 2624 1602 2704 ἀπδ
1640 2650 1739 2722 τῆς

143 2729 243 2799 ipf,
254 2749 358 2798 μου
384 2731 466 2795 εἰς
487 2732 588 2803 τὴν
608 2734 711 2805 γῆν
733 2736 830 2806 τῆς
853 2738 1187 2807 ἐπαγγελίας
1221 2742 1249 2794 ό
1290 2740 1521 2812 Ἰησοῦς,
1561 2740 1744 2815 μαθη-

142 2822 244 2895 τὴς
284 2826 583 2895 γενόμενος
627 2827 723 2880 τοῦ
767 2829 1034 2894 Μωσέως,
1076 2832 1171 2885 καὶ
1209 2832 1532 2905 ίσοδύναμος
1568 2833 1740 2905 αὐτῷ.

145 2915 428 2985 Ἐϐδομόν
452 2918 623 2985 ἐστιν,
650 2919 702 2973 οἱ
731 2919 1017 2991 λεγόμενοι
1056 2924 1277 2992 Κριταί.
1324 2925 1604 2990 Ἐλθόντες
1630 2926 1743 3000 γὰρ

142 3008 195 3061 οι
244 3009 579 3081 Ἰσραηλῖται
601 3012 682 3074 είς
708 3012 809 3083 τὴν
839 3013 942 3083 γῆν
970 3016 1071 3081 τῆς
1093 3016 1454 3084 ἑπαγγελίας,
1474 3017 1739 3090 ἐποίησαν

1910 2280 1977 2336 ll.
2024 2279 2206 2351 Atque
2253 2279 2358 2337 hos
2392 2281 2642 2352 quinque
2707 2279 2920 2344 libros,
2964 2277 3211 2333 universi
3260 2273 3451 2333 Hosis.

1838 2389 1961 2431 esse
1992 2364 2304 2433 testantur:
2336 2374 2432 2444 qui
2460 2375 2611 2430 enim
2642 2379 2953 2444 sequuntur
2983 2368 3242 2443 proximi,
3268 2369 3428 2440 cujus

1840 2467 1975 2533 sint,
1993 2475 2160 2524 nemo
2180 2466 2357 2524 novit.
2373 2467 2467 2524 Isti
2488 2466 2715 2538 quidem
2727 2463 3115 2521 Pentateuchus
3133 2469 3424 2519 vocantur.

1841 2557 2042 2614 Sestus
2080 2557 2575 2614 Deuteronomium
2602 2555 2855 2628 sequitur
2888 2554 3051 2616 liber,
3089 2552 3248 2609 Iesus
3278 2550 3429 2608 Nave

1841 2649 2026 2716 ﬁlius;
2057 2666 2235 2722 eoque
2268 2659 2549 2715 narratur,
2579 2663 2692 2720 quo
2728 2655 2890 2720 pacto
2933 2646 3098 2703 Iesus
3123 2645 3220 2717 qui
3259 2640 3428 2699 Mosis

1840 2741 2150 2814 discipulus
2186 2743 2407 2811 fuerat,
2456 2751 2515 2799 et
2567 2749 2840 2814 p0lestate
2888 2746 3017 2812 post
3067 2737 3250 2809 ipsum
3305 2733 3427 2807 pari

1839 2842 2095 2905 praeerat,
2117 2834 2440 2890 israelitase
2464 2820 2766 2890 solitudine
2789 2831 3119 2904 promissam
3142 2828 3197 2884 in
3223 2834 3426 2883 terram

1840 2925 2159 2982 deduxerit.
2183 2924 2465 2996 Septimus
2488 2933 2596 2989 est,
2613 2924 2709 2996 qui
2731 2923 2988 2980 Iudicum
3008 2935 3211 2977 nomen
3234 2916 3425 2973 habet:

1840 3033 1969 3073 nam
2000 3032 2125 3073 cum
2159 3017 2215 3071 in
2250 3025 2456 3072 terram
2490 3015 2818 3087 promissam
2841 3014 3100 3069 Israelita:
3120 3009 3426 3072 venissent.

144 3099 364 3164 ἑαυτοῖς
397 3101 612 3172 κριτὰς,
647 3103 734 3157 ἵνα
767 3105 995 3176 κρίνωσι
1033 3106 1117 3159 τὸν
1154 3108 1316 3167 λαόν.
1344 3109 1595 3176 Βασιλεῖς
1627 3110 1736 3185 γὰρ

1848 3111 2057 3183 iudices
2081 3109 2187 3166 sibi
2215 3109 2650 3176 constituerunt,
2684 3107 2778 3180 qui
2804 3105 3008 3178 populo
3031 3106 3126 3175 jus
3152 3104 3426 3159 dicerent.

142 3191 248 3245 οὐκ
293 3187 468 3262 εἶχον,
529 3194 691 3263 μόνον
735 3195 826 3249 τὸν
883 3195 1015 3250 Θεὸν
1070 3197 1297 3270 βασιλέα
1355 3201 1738 3272 ὀνομάζοντες.

1844 3203 2089 3275 Regibus
2133 3202 2282 3258 enim
2331 3200 2631 3266 carebant,
2679 3199 2972 3269 solumque
3020 3196 3191 3252 Deum
3244 3208 3428 3265 regem

158 3282 384 3381 Ἐπειδὴ
406 3283 499 3340 οὖν
523 3288 580 3381 εν
603 3285 779 3381 τούτῳ
802 3287 879 3359 τῷ
891 3286 1093 3381 βιϐλίῳ
1108 3290 1404 3361 διηγεῖται,
1431 3293 1533 3348 ὅσα
1554 3295 1741 3367 εποίη-

1848 3312 2007 3353 suum
2031 3294 2406 3368 appellabant.
2429 3294 2622 3365 itaque
2648 3291 2793 3349 liber
2824 3290 2917 3348 hic
2940 3289 3200 3347 Iudicum
3226 3300 3428 3342 nomen

147 3390 251 3427 σαν
285 3376 337 3430 0i
370 3379 560 3446 κριταὶ
607 3378 773 3451 μέχρι
811 3376 920 3433 τῶν
969 3380 1263 3454 βασιλέων.
1314 3384 1415 3439 Δια
1452 3384 1613 3440 τοῦτο
1653 3386 1748 3443 ὲκ-

145 3463 314 3538 λήοη,
372 3469 423 3521 οἱ
476 3469 702 3538 Κριταί.
756 3472 983 3540 Ὄγδοον
1037 3475 1157 3529 ἐστι
1209 3475 1417 3546 βιϐλίον
1467 3478 1501 3549 ή
1564 3477 1744 3536 Ῥούθ.

158 3556 321 3613 Ῥοὺο
359 3558 418 3612 δὲ
449 3558 696 3627 λέγεται,
730 3562 920 3634 ἐπειδὴ
968 3566 1027 3618 ἐν
1069 3565 1222 3637 αὖτῷ
1270 3567 1565 3638 διηγεῖται,
1631 3568 1748 3634 πῶς

148 3653 184 3723 ἠ
228 3651 387 3706 Ῥοὺο
416 3651 554 3724 γυνὴ
590 3652 727 3709 οὖσα
755 3653 1060 3720 Μωαϐῖτις,
1101 3658 1183 3722 είς
1217 3660 1344 3723 τοὺς
1412 3658 1749 3733 Ἰσραηλίτας

154 3742 424 3814 μετέστη.
456 3740 566 3798 Ἰἰν
595 3746 651 3798 δὲ
682 3745 824 3818 αὕτη
852 3748 989 3819 γυνὴ
1028 3746 1124 3803 τοῦ
1165 3752 1510 3822 προπάτορος
1560 3751 1745 3808 Δαϐίδ.

152 3837 310 3892 Μετὰ
337 3837 516 3892 ταῦτα
549 3840 664 3894 ἐστι
693 3839 789 3893 δύο
819 3839 1021 3912 βιϐλία,
1048 3842 1142 3897 καὶ
1169 3845 1418 3915 περιέχει
1455 3844 1556 3910 τὰς
1594 3844 1751 3916 βασις-

153 3929 328 3994 λείας.
359 3931 640 4002 Τέσσαρες
674 3933 785 4015 γάρ
813 3934 923 3987 εἰσι
970 3933 1127 4005 λόγοι
1164 3936 1273 3991 τῶν
1324 3935 1643 4009 βασιλειῶν,
1689 3941 1751 3993 ὲν

154 4019 250 4075 δύο
284 4021 513 4087 ϐιϐλίοις
545 4024 862 4096 φερόμενοι.

241 4113 634 4169 Ἐϐασίλευσαν
698 4116 755 4169 δὲ
796 4117 849 4171 οί
902 4117 1170 4184 Ἰουδαῖοι,
1214 4118 1325 4175 ἀπὸ
1369 4121 1632 4191 τοιαύτης
1676 4122 1753 4175 αἱ·

155 4206 301 4267 τίας.
348 4207 407 4260 ὀ
440 4208 715 4278 Σαμουὴλ,
747 4209 805 4273 ὃς
836 4210 1055 4278 ἐγένετο
1095 4210 1326 4284 ὕστερος
1373 4215 1486 4269 τῶν
1523 4214 1749 4286 κριτῶν,

159 4299 303 4369 ἀνὴρ
343 4299 563 4369 ἐγένετο
596 4304 886 4372 προφήτης
926 4305 1022 4359 καὶ
1060 4306 1258 4377 μέγας,
1291 4307 1443 4371 ὅστις
1478 4307 1617 4377 μετὰ
1644 4307 1752 4363 πά-

1844 3388 2079 3458 accepit,
2101 3384 2248 3457 quod
2265 3385 2322 3440 in
2339 3400 2407 3441 eo
2425 3389 2936 3442 commemorentur
2958 3396 3049 3437 res
3064 3380 3133 3436 ab
3149 3377 3433 3449 judicibus

1844 3481 1915 3538 ad
1958 3495 2113 3551 reges
2157 3494 2335 3549 usque
2387 3487 2576 3550 gestae.
2605 3476 2847 3534 Octavus
2880 3474 3082 3534 Ruthze
3123 3472 3266 3528 liber
3311 3479 3430 3534 est,
3502 3541 3507 3545 θ

1844 3581 2139 3643 propterea
2163 3570 2246 3627 sic
2265 3570 2472 3635 dictus,
2494 3569 2645 3641 quod
2677 3568 2733 3624 in
2761 3583 2830 3624 eo
2847 3574 3108 3624 narretur
3136 3580 3249 3636 quo
3273 3570 3433 3634 pacto

1846 3663 2055 3729 Rutha,
2075 3662 2279 3718 mulier
2296 3661 2520 3717 natione
2549 3660 2827 3725 Moabitis,
2855 3659 2923 3715 ad
2951 3658 3227 3715 lsraelilas
3251 3669 3437 3711 acces-

1848 3756 2004 3812 serit.
2026 3754 2162 3810 Erat
2184 3762 2371 3810 autem
2405 3751 2524 3808 haec
2552 3753 2642 3808 avi
2672 3750 2897 3808 Davidis
2926 3765 3089 3809 uxor.
3113 3745 3434 3804 Secundum

1849 3846 1953 3902 hos
1979 3844 2109 3901 libri
2144 3841 2257 3900 duo
2285 3851 2439 3910 sunt,
2469 3841 2568 3913 qui
2601 3856 2899 3915 regnorum
2928 3838 3217 3895 historiam
3254 3837 3435 3892 conti-

1848 3937 2232 4009 nent:.qnippe
2260 3935 2392 3991 libri
2422 3944 2551 3990 sunt
2586 3932 2656 3989 de
2696 3932 2884 4005 regnis
2910 3931 3140 3991 omnino
3171 3938 3435 4003 quatuor,
3546 3983 3551 3988 .

1849 4031 2010 4088 libris
2042 4029 2262 4089 duobus
2288 4027 2703 4100 comprehensi.

1921 4121 2014 4178 111.
2047 4121 2298 4193 Regnum
2338 4118 2658 4175 Iudaeorum
2702 4117 2850 4173 hanc
2887 4113 3168 4189 'originem
3215 4113 3435 4171 habuit.

1853 4213 2164 4279 Samuelus,
2198 4210 2446 4285 judicum
2474 4218 2811 4283 postremus,
2843 4220 2899 4266 et
2926 4218 3082 4265 vates
3120 4217 3179 4265 et
3206 4222 3440 4280 magnus

1853 4309 1940 4363 vir
1972 4305 2224 4372 exstitit;
2264 4305 2359 4376 qui
2391 4303 2700 4376 justissima
2732 4303 2937 4374 populo
2968 4301 3276 4358 lsraelitico
3310 4315 3435 4356 cum

160 4405 262 4457 σης
319 4391 673 4461 δικαιοσύνης
719 4393 906 4466 ἔκρινε
966 4397 1060 4450 τὸν
1110 4397 1239 4453 λαὸν
1298 4399 1539 4471 Ἰσραήλ.
1585 4394 1741 4465 Οὗτος

1854 4407 2131 4471 potestate
2160 4398 2368 4471 judicis
2395 4395 2637 4468 pra-fuit.
2677 4398 2851 4452 Erant
2882 4396 3017 4451 huic
3048 4394 3161 4451 duo
3196 4394 3315 4460 lilii,
3345 4394 3439 4465 qui

160 4481 288 4553 ⁸ἔσχε
340 4484 436 4567 δύο
485 4485 705 4551 παῖδας,
756 4487 956 4552 οἵτινες
988 4489 1338 4561 γηράσαντος
1371 4490 1466 4544 τοῦ
1497 4492 1741 4565 Σαμουὴλ

1857 4488 2118 4545 Samuelo
2138 4489 2248 4557 jam
2274 4486 2430 4543 senio
2450 4486 2703 4542 coniecto
2727 4485 2944 4557 judices
2966 4485 3251 4548 declarati,
3273 4485 3443 4555 patris

161 4579 447 4646 γενόμενοι
479 4580 687 4650 κριταὶ,
734 4580 834 4634 οὐκ
884 4580 1110 4652 ἔκριναν
1164 4582 1256 4636 τὸν
1307 4583 1436 4637 λαὸν
1487 4583 1631 4638 κατὰ
1685 4585 1741 4640 τᾶ

1859 4579 1917 4635 ἰη
1943 4580 2069 4650 jure
2098 4577 2331 4635 dicendo
2369 4575 2639 4648 justitiam
2667 4585 2725 4632 et
2755 4576 3075 4647 aequitatem
3106 4591 3216 4631 non
3251 4573 3437 4630 imita-

162 4671 509 4735 δικαιώματα
538 4671 632 4726 τοῦ
676 4674 890 4744 Πατρός
918 4691 934 4705 ο
989 4674 1126 4728 ἀλλὰ
1161 4674 1313 4747 δῶρα
1360 4675 1741 4746 λαμϐάνοντες,

1858 4673 2095 4730 bantur:
2134 4671 2231 4728 sed
2274 4686 2502 4726 munera
2548 4671 2832 4742 capientes
2866 4670 3197 4742 judiciarias
3242 4684 3443 4725 causas

165 4763 480 4830 προεδίδουν
508 4763 609 4827 τὰς
636 4765 869 4836 κρίσεις.
906 4764 948 4819 Γ
949 4765 1169 4837 ἐροντπς
1200 4766 1294 4821 οὖν
1325 4767 1476 4833 ὄντος
1503 4766 1597 4823 τοῦ
1638 4769 1741 4823 Πα-

1860 4766 2189 4843 prodebant.
2217 4763 2567 4834 Quapropter
2589 4764 2644 4818 in
2673 4763 2775 4820 ista
2798 4764 3042 4820 Samueli
3077 4772 3298 4825 senecta
3324 4762 3437 4818 col-

167 4855 293 4924 τρὸς
318 4856 524 4919 αὐτῶν,
557 4859 906 4931 συνήχθησαν
955 4862 1005 4914 0i
1072 4861 1431 4934 Ἰσραηλῖται,
1458 4863 1741 4927 ἀἰτοῦντες

1860 4861 2038 4916 lectus
2067 4857 2440 4916 lsraelitarum
2471 4857 2733 4929 pepulus,
2763 4857 2833 4915 ab
2873 4873 2945 4916 eo
2969 4858 3213 4927 petebat,
3259 4870 3443 4926 regem

168 4946 329 4998 αὐτὸν
356 4950 707 5015 μεταστεῖλαι
744 4953 933 5016 αὐτοῖς
962 4952 1211 5024 βασιλέα.
1258 4955 1315 5009 ’0
1358 4954 1416 5007 δὲ
1460 4954 1741 5026 εὐχόμενος

1861 4953 1968 5009 sibi
1995 4952 2332 5024 designaret.
2354 4944 2452 5005 I‘lle
2477 4950 2623 5006 votis
2652 4951 2724 5004 ob
2749 4950 2897 5008 hanc
2930 4964 3155 5011 causam
3178 4948 3244 5004 ad
3272 4948 3438 5003 Deum

168 5034 244 5102 τῷ
270 5036 389 5107 Θεῷ
422 5040 550 5108 περὶ
578 5038 793 5104 τούτου,
821 5043 1077 5112 1Ιγκουσεν,
1126 5043 1209 5097 δτι
1240 5044 1512 5112 Ποίησον
1550 5045 1758 5111 αὐτοῖς

166 5127 453 5190 βασιλέα.
495 5134 578 5185 Οὐ
603 5133 716 5201 γὰρ
740 5133 822 5187 σὲ
852 5133 1298 5200 ἐξουδένωσαν,
1335 5137 1475 5193 ἀλλ’
1501 5136 1628 5207 ἐμὲ,
1671 5139 1760 5192 αὶ-

171 5217 469 5288 τήσαντες
505 5223 747 5289 ἑαυτοῖς
799 5225 1088 5290 βασιλέα.
1148 5227 1206 5280 '0
1264 5227 1321 5282 δὲ
1364 5228 1611 5292 ἀκούσας
1662 5226 1757 5282 τοῦ

173 5310 333 5372 Θεοῦ.
363 5315 622 5386 ἐποίησεν
654 5317 837 5382 αὐτοῖς
872 5318 1101 5389 βασιλέα
1125 5320 1218 5375 τὸν
1262 5321 1455 5387 Σαοὺλ,
1495 5322 1662 5393 ἄνδρα
1695 5324 1761 5377 ἐκ

176 5401 351 5472 φυλῆς
381 5405 642 5476 Βενιαμίν
670 5423 685 5439 ο
717 5407 866 5470 ὅστις
897 5410 1068 5481 ἄρξας
1111 5410 1208 5483 ἔτη
1255 5411 1330 5482 μ’,
1381 5412 1481 5483 οὐκ
1528 5412 1761 5481 ἐφύλαξε

175 5496 272 5557 τὰς
308 5497 527 5562 ἐντολὰς
555 5499 648 5553 τοῦ
679 5500 835 5556 Θεοῦ.
873 5504 983 5557 Καὶ
1017 5503 1139 5557 τότε
1187 5505 1216 5557 ὁ
1250 5505 1380 5568 Θεὸς
1420 5480 1538 5559 ἀντ’
1590 5503 1758 5559 οι)τοῦ

176 5583 269 5636 τὸν
292 5588 453 5642 Δαϐὶδ
478 5591 698 5663 ἐποίησε
737 5592 962 5665 βασιλέα
983 5595 1082 5667 τῆς
1112 5595 1286 5665 φυλῆς
1302 5595 1396 5650 τοῦ
1440 5595 1628 5650 Ἰούδα.
1654 5597 1760 5650 Καὶ

179 5675 274 5731 ἀπ’
299 5678 505 5735 ἐκείνου
527 5681 742 5752 ἔμεινεν
775 5688 806 5757 ἠ
844 5687 987 5760 φυλὴ
1032 5686 1125 5740 τοῦ
1168 5686 1339 5741 Ἰούδα
1370 5686 1758 5757 βασιλεύουσα,

254 5857 276 5886 ⁵
318 5856 336 5912 1
384 5858 515 5931 Reg.
546 5875 659 5928 vm,
694 5857 745 5914 7.

1862 5045 2167 5116 conceptis,
2202 5058 2531 5115 responsum
2561 5043 2708 5108 tulit,
2735 5058 2848 5115 quo
2881 5056 3066 5113 regem
3106 5040 3191 5097 eis
3236 5039 3441 5095 consli-

1863 5145 2019 5192 tuere
2064 5134 2388 5208 jubebatur.
2430 5132 2550 5189 Non
2592 5135 2753 5198 enim,
2794 5133 2976 5204 inquit
3001 5132 3171 5195 Deus,
3206 5139 3256 5183 te
3294 5130 3443 5185 nihili

1862 5228 2097 5299 fecerunt
2136 5222 2255 5297 rege
2292 5222 2601 5297 postulato;
2626 5222 2720 5281 sed
2744 5240 2827 5279 me
2862 5225 3036 5296 ipsum
3058 5221 3099 5278 ⁵.
3155 5218 3449 5277 Samuelus

1864 5328 2094 5390 accepto
2129 5318 2224 5374 Dei
2257 5333 2545 5389 reSponso,
2579 5317 2808 5379 Saﬁlum
2838 5317 2922 5372 eis
2947 5330 3132 5387 regem
3161 5311 3336 5378 dedit,
3368 5310 3449 5367 vi-

1866 5426 1988 5467 rum
2009 5409 2377 5482 Benjaminea:
2401 5408 2612 5465 tribus:
2636 5407 2735 5481 qui
2760 5424 2931 5480 regno
2952 5408 3113 5463 annis
3130 5406 3197 5462 10
3217 5405 3445 5478 potitus,

1869 5501 2144 5558 mandatis
2174 5502 2413 5558 Dcinon
2457 5511 2541 5557 est
2563 5502 2879 5557 obsecutus.
2904 5500 3085 5568 Quare
3107 5500 3252 5555 Deus
3275 5497 3450 5569 ipsius

1868 5595 1995 5651 loco
2016 5593 2280 5649 Davidem
2304 5608 2335 5649 c
2362 5593 2511 5648 tribu
2538 5593 2680 5649 Juda
2714 5608 2898 5663 regem
2927 5592 3092 5648 fecit:
3120 5606 3149 5647 a
3170 5606 3282 5662 quo
3313 5599 3449 5645 tem-

1874 5703 2005 5759 pore
2040 5686 2179 5744 Juda
2211 5685 2394 5745 tribus
2425 5686 2479 5742 in
2516 5687 2863 5757 possessione
2902 5686 3051 5757 regni
3081 5684 3300 5750 ruansit',
3322 5681 3451 5740 filiis
