3924 6294
126 303 263 372 1209

1364 315 1463 378 DE
1502 316 1786 378 SECTIS.
1814 306 2070 399 -'.ACT.
2108 278 2225 383 Π)

3260 317 3393 380 1213

136 419 494 493 Ἰσραηλῖται,
528 420 642 475 ἀπὸ
682 422 777 477 τοῦ
820 423 1212 491 πλεονάζοντος
1245 426 1617 499 λαμϐάνοντες
1648 430 1711 483 τδ

1818 432 1996 489 tribus
2036 434 2144 490 illa:
2192 452 2316 506 qua:
2386 435 2756 492 secessionem
2801 434 3048 491 fecelont
3076 475 3116 498 ,.
3157 434 3392 487 vicinam

124 513 316 582 δνομα·
358 512 414 565 αἱ
450 511 507 565 δὲ
544 510 658 578 δύο,
700 514 970 577 Ἰουδαῖοι.
998 516 1064 572 Al
1096 514 1193 572 οὖν
1225 518 1360 573 δέκα
1392 521 1710 592 προστησά-

130 623 291 688 μεναι
330 604 512 658 αὐτῶν
555 606 841 679 Ἰεροϐοάμ
878 609 970 663 τὸν
999 610 1185 666 δοῦλον
1214 613 1308 666 τοῦ
1340 614 1712 684 Σολομῶντος,

130 693 371 763 συνεχῶς
400 695 704 765 ἐπολέμουν
733 697 872 768 πρὸς
911 698 1219 764 Ἰουδαίους·
1252 703 1443 775 ἐπειδὴ
1467 704 1522 757 δὲ
1550 706 1713 772 νόμος

129 784 197 858 ἦν
230 787 447 856 ἑκάστῳ
470 787 579 840 ἔτει
614 794 942 858 προσκυνεῖν
966 792 1093 857 τοὺς
1129 792 1414 863 Ἑϐραίους
1448 797 1506 846 ἐν
1555 794 1714 863 Ἰερο-

131 881 383 947 σολύμοις
417 883 484 951 τῇ
522 882 760 951 κιϐωτῷ,
799 883 1059 954 φοϐηθεὶς
1086 885 1115 939 ὁ
1154 886 1454 956 Ἱεροϐοάμ,
1500 888 1573 958 μὴ
1612 887 1710 940 ab-

128 972 494 1040 τομολὴσωσι.
534 974 771 1043 συνεχῶς
816 977 1076 1040 ἀπιόντες
1122 978 1275 1030 ἐκεῖο
1334 978 1563 1047 ἐποίησε
1619 976 1714 1030 δύο

127 1064 389 1134 δαμάλεις
419 1069 625 1136 χρυσᾶς
648 1108 662 1127 ,
702 1070 796 1121 καὶ
826 1064 981 1122 εἶπεν
1010 1071 1220 1137 αὐτοῖς,
1256 1072 1340 1124 ὄτι
1375 1065 1535 1124 Οὗτοί
1572 1072 1712 1122 εἰσιν

128 1159 176 1210 οἱ
208 1159 343 1216 θεοὶ.
388 1160 438 1211 οἱ
471 1159 836 1228 ἐξαγαγόντες
879 1162 1026 1228 ὑμᾶς
1066 1162 1124 1228 ἐξ
1164 1162 1463 1231 Αἰγύπτου·
1496 1160 1713 1223 τούτοις

129 1253 515 1319 προσκυνεῖτε.
569 1251 680 1304 Καὶ
724 1253 775 1305 οἱ
816 1254 1150 1323 Ἰσραηλῖται
1194 1251 1313 1317 οὖν,
1351 1254 1447 1306 καὶ
1488 1254 1537 1305 οἱ
1582 1253 1715 1306 Ἰου-

123 1338 281 1404 δαῖοι,
321 1340 432 1391 ἀπὸ
466 1339 559 1393 τοῦ
609 1339 899 1412 Ίεροϐοὰμ
944 1343 1368 1413 εἰδωλολάτρουν
1393 1382 1407 1406 ,
1454 1343 1546 1395 ἐπὶ
1582 1342 1712 1394 πολ-

123 1430 242 1493 λοὺς
272 1429 557 1500 βασιλέας·
604 1431 708 1496 ἓως
753 1425 813 1486 οὗ
844 1435 872 1486 ὁ
908 1433 1040 1492 Θεὸς
1073 1434 1350 1503 ὀργισθεὶς
1388 1434 1596 1505 ἤγαγεν
1626 1434 1713 1487 ἐπ’

122 1524 320 1586 αὐτοὺς
354 1524 446 1576 τὸν
472 1524 697 1593 βασιλέα
726 1525 836 1578 τῶν
875 1526 1178 1597 Ἀσσυρίων
1198 1528 1291 1580 τὸν
1321 1524 1708 1597 Σαλμανασάρ·

123 1617 214 1668 καὶ
246 1617 602 1688 ᾐχμαλώτισε
624 1619 720 1679 τὰς
751 1618 881 1672 δέκα
920 1612 1095 1690 φυλάς
1124 1620 1231 1673 τῶν
1277 1617 1709 1690 Ἰσραηλιτικῶν⁸

120 1709 245 1768 τοὺς
277 1711 392 1779 γὰρ
423 1710 711 1774 Ἰουδαίους
745 1711 866 1765 οὐδὲ
891 1713 1254 1782 ἐπολέμησεν.
1288 1710 1713 1782 Αίχμαλωτίσας

119 1802 176 1855 δὲ
198 1806 324 1868 τοὺς
361 1803 724 1874 Ἰσραηλίτας,
761 1804 876 1857 ἀντ’
907 1804 1089 1858 αὐτῶν
1126 1805 1320 1868 ἄλλους
1361 1805 1541 1858 ἐκεῖσε
1567 1820 1714 1856 κατ-
1746 1797 1786 1851 Β

123 1894 349 1963 ἐστησε,
385 1896 521 1966 πρὸς
554 1897 803 1967 φυλακὴν
840 1897 942 1964 τῆς
977 1897 1197 1967 χώρας,
1230 1898 1429 1959 οἵτινες
1478 1895 1716 1964 ἐκλήθη-

125 2000 229 2038 σαν
254 1986 621 2054 Σαμαρεῖταν
649 1985 836 2055 ἐπειδὴ
865 1985 1217 2055 Σαμαρείτης
1243 1985 1462 2054 λέγεται
1484 1985 1512 2037 ὁ
1539 1983 1715 2052 φύλαξ

124 2076 259 2144 παρ’
305 2076 605 2146 Ἑϐραίοις.
650 2066 891 2141 Τούτους
938 2076 996 2130 δὲ
1051 2078 1174 2130 ἀντὶ
1210 2077 1321 2130 τῶν
1367 2075 1718 2147 Ἰσραηλιτῶν

125 2168 440 2233 οἰκοῦντας,
468 2162 685 2234 λέοντες
708 2170 1034 2224 ἀπέκτεινον
1056 2167 1296 2232 πυκνῶςσ
1326 2167 1431 2231 ἕως
1453 2161 1515 2222 οὗ
1546 2166 1643 2220 ἐπε
1653 2183 1720 2234 μ-

118 2264 253 2332 ψαν,
285 2266 543 2332 λέγοντες
581 2266 659 2336 τῷ
694 2266 907 2336 βασιλεῖ
933 2266 1043 2320 τῶν
1079 2264 1411 2336 Ἀσσυρίων,
1444 2266 1526 2318 ὅτι
1556 2261 1721 2318 Λέον-
1772 2264 1779 2269 ’

120 2374 215 2421 τες
251 2359 402 2428 ἡμᾶς
441 2357 789 2422 ἀπολλύασιν,
838 2359 1028 2428 ἐπειδὴ
1075 2358 1178 2412 οὐκ
1208 2354 1373 2429 ἴσμεν
1420 2353 1715 2427 λατρεῦσαι

121 2449 200 2519 τῷ
244 2442 369 2521 Θεῷ
416 2452 517 2520 τῆς
564 2450 671 2519 γῆς
712 2449 939 2521 ταύτης.
973 2450 1160 2505 Ταῦτα
1201 2448 1448 2512 ἀκούσας
1490 2451 1518 2502 ὀ
1563 2447 1712 2519 βασι-

121 2538 272 2604 λεὺς.
301 2540 551 2612 ἔπεμψεν
579 2542 762 2606 αὐτοῖς
797 2542 896 2597 ἕνα
922 2541 1030 2597 τῶν
1062 2540 1612 2613 αἰχμαλωτισθέντων
1644 2538 1720 2591 leo

124 2632 288 2702 ρέων,
325 2634 422 2686 ἐπὶ
458 2633 520 2687 τὸ
552 2634 764 2700 διδάξαι
792 2634 1035 2700 ’,αὐτοὺς,
1087 2634 1207 2699 πῶς
1258 2634 1340 2688 δεῖ
1390 2632 1718 2704 προσκυνεῖν

121 2723 201 2792 τῷ
233 2725 355 2792 Θεῷ
393 2725 494 2795 τῆς
523 2727 627 2795 γῆς
676 2727 921 2797 ἐκείνης.
970 2727 1032 2780 '0
1073 2725 1129 2780 δὲ
1178 2724 1372 2783 ἐλθὼν.
1410 2724 1563 2778 οὐδὲν
1592 2722 1719 2778 ἄλλο

123 2814 362 2881 ἐδίδαξέν
397 2818 618 2882 αὐτους,
666 2816 742 2881 ὦς
779 2835 944 2887 φασιν
990 2819 1042 2872 οι
1089 2816 1293 2882 ἔξωθεν
1345 2800 1717 2885 ἱστοροῦντες,

125 2906 174 2960 εί
212 2910 290 2980 μὴ
326 2911 489 2980 μόνον
522 2910 622 2979 τὴν
650 2911 1046 2981 Πεντάτευχον,
1081 2910 1204 2964 ὅθεν
1227 2909 1324 2965 καὶ
1353 2910 1518 2981 μόνην
1547 2908 1719 2979 αὐτὴν

120 2996 372 3067 δέχονται
425 3001 476 3054 οι
523 3001 882 3072 Σαμαρεῖται.
932 3002 1145 3073 Μέχρις
1189 3000 1285 3056 οὖν
1333 3000 1444 3056 τῶν
1481 2999 1717 3056 ἐνταῦθα

119 3088 277 3160 λέγει
306 3094 339 3164 ἡ
365 3093 583 3165 nam.

192 3274 310 3329 Kal.
337 3273 448 3330 ἀπὸ
478 3273 686 3330 τούτων
716 3275 936 3345 λέγουσι
977 3274 1311 3346 γεγενῆσθαι
1343 3275 1475 3340 τοὺς
1520 3275 1713 3345 Σαμα-

125 3363 333 3434 ρείτας
360 3368 395 3434 ἠ
436 3365 494 3420 δὲ
541 3365 756 3437 αἵρεσις
782 3366 964 3421 αὐτῶν
1003 3365 1231 3437 τοιαύτη
1264 3364 1405 3420 ἐστί.
1445 3364 1583 3436 Περὶ
1615 3364 1714 3436 μὲν

120 3457 222 3526 τὴν
265 3456 573 3527 θεολογίαν,
619 3459 690 3513 τά
736 3459 877 3513 αὐτά
927 3457 1219 3526 δοξάζουσι
1260 3460 1373 3522 τοῖς
1415 3457 1710 3529 Ἑϐραίοις·

127 3546 262 3614 μίαν
288 3549 403 3619 γὰρ
431 3549 752 3611 ὑπόστασιν,
778 3551 874 3604 καὶ
897 3549 1028 3619 μίαν
1055 3547 1218 3620 φύσιν
1242 3548 1547 3615 δοξάζουσι.
1576 3549 1716 3620 Περὶ

121 3636 179 3693 δὲ
209 3640 309 3710 τὴν
334 3640 752 3712 ἐνανθρὼπησιν
774 3643 870 3697 τοῦ
894 3642 1158 3713 Χριστοῦ,
1178 3642 1353 3708 οὕτως
1381 3642 1619 3713 ἔχουσιν.
1638 3644 1712 3697 03

124 3733 498 3793 πιστεύουσιν.
531 3735 613 3788 ὅτι
645 3730 834 3805 ἦλθεν,
862 3735 979 3790 ἀλλ’
1015 3737 1099 3790 ὅτι
1149 3734 1333 3808 μέλλει
1366 3735 1565 3794 ἐλθεῖν.
1592 3735 1716 3789 οὐδὲ

122 3819 205 3874 ὃτι
245 3822 416 3890 Θεὸς,
467 3826 495 3879 ὁ
533 3826 862 3897 ἐρχόμενος,
919 3828 1058 3883 ἀλλά
1097 3832 1411 3901 προφήτης.
1468 3826 1608 3883 Οὔτε
1657 3827 1716 3881 δὲ

124 3911 357 3983 ἄγγελον
400 3917 718 3984 δοξάζουσιν
764 3914 929 3985 εἶναι,
981 3919 1107 3975 οὔτε
1168 3920 1347 3993 ψυχὴν
1407 3919 1713 3983 ἀθάνατον,

124 4001 251 4056 οὔτε
308 4007 633 4063 ἀνάστασιν.
719 4011 796 4064 Οὐ
861 4012 1360 4081 συγκατατίθενται
1434 4011 1546 4083 γὰρ
1599 4011 1716 4074 τοῖς

135 4092 440 4169 Ἑϐραίοις,
489 4102 573 4156 ὅτι
636 4102 870 4173 Χριστὸς
908 4105 1095 4175 μέλλει
1147 4107 1335 4176 κρῖναι
1374 4103 1585 4169 ζῶντας
1621 4102 1715 4156 καὶ

123 4189 376 4258 νεκρούς.
410 4193 519 4246 Καὶ
551 4193 637 4247 ὅτι
663 4195 766 4264 μέν
806 4197 947 4249 εἰσιν
978 4195 1226 4266 ἄγγελοι,
1258 4194 1576 4266 ἐλέγχονται
1606 4194 1715 4248 ἀπὸ

123 4279 224 4348 τῆς
251 4282 658 4356 Πεντατεύχου’
683 4289 803 4341 ἐκεῖ
828 4288 940 4359 γάρ
971 4305 1165 4359 φησιν’
1209 4288 1368 4344 Ἰδοὺ
1394 4290 1427 4343 ό
1457 4287 1715 4359 ἄγγελός

121 4388 242 4440 μου
293 4369 728 4446 προπορεύεται
753 4381 869 4447 πρὸ
920 4381 1249 4449 προσώπου
1274 4397 1414 4436 σου.
1462 4382 1594 4447 Καὶ,
1630 4381 1714 4435 ὅτι

1814 525 2044 596 Neapoli
2077 528 2356 598 regionem
2387 530 2747 601 occupabant.
2777 530 2843 585 Et
2877 527 3292 599 appellabantur
3314 529 3398 584 hae

1813 618 2005 675 decem
2069 621 2283 685 tribus,
2335 622 2626 687 Israelitre,
2658 610 2863 677 nomen
2921 637 2953 676 a
3008 620 3199 690 majori
3242 624 3397 691 parte

1814 713 2100 768 consecuti
2129 730 2142 766 :
2178 713 2404 783 reliquae
2430 730 2562 769 vero
2588 715 2732 776 dirae.
2766 713 2964 770 Judaei.
2996 714 3202 768 Tribus
3228 714 3396 785 igitur

1814 804 2004 860 decem
2039 806 2388 867 leroboamo.
2418 807 2730 862 Solomonis
2758 823 2939 869 servo,
2976 807 3078 861 sibi
3115 806 3393 875 pr:el‘ecto,

1813 898 2078 952 continua
2112 915 2238 953 cum
2273 900 2484 955 Jurlmis
2540 900 2682 954 bella
2717 900 3031 975 gerebant»:
3069 906 3125 951 et
3151 900 3276 969 quia
3311 899 3397 952 lex

1812 998 1931 1055 erat
1952 1020 1975 1055 ,ν
2027 999 2088 1045 ut
2148 992 2358 1046 llebrzci
2414 992 2713 1062 quotannis
2768 1007 2951 1047 arcam
3001 990 3398 1071 Hierosolymis

1814 1082 2134 1147 adorarent,
2164 1085 2374 1140 veritus
2400 1085 2764 1140 Jeroboamus
2787 1126 2802 1149 ,
2849 1094 2919 1139 ne
2972 1084 3292 1154 frequenter
3332 1099 3397 1138 eo

1813 1186 2206 1240 commeantes,
2247 1176 2608 1247 transfugium
2633 1179 2880 1233 facerent
2913 1194 2925 1229 :
2961 1176 3097 1230 duas
3131 1177 3395 1246 iuvencas

1811 1283 2011 1323 aureas
2042 1267 2188 1327 fecit.
2226 1270 2451 1338 suisque
2476 1271 2634 1333 dixit.
2665 1271 2766 1326 hos
2808 1271 2931 1326 illos
2962 1284 3083 1325 esse
3112 1269 3265 1334 deos,
3302 1269 3398 1339 qui

1813 1360 2155 1431 ex‘IEgypto
2199 1362 2479 1418 lsraelitas
2522 1363 2895 1418 eduxissent:
2936 1377 3033 1417 eos
3081 1362 3394 1416 adorarent.

1814 1453 1932 1521 Quo
1966 1455 2167 1511 factum
2200 1466 2304 1518 cst,
2338 1464 2400 1509 ut
2441 1456 2653 1526 pariter
2678 1465 2734 1512 et
2770 1455 3066 1520 Israelitae,
3116 1463 3167 1508 et
3197 1453 3397 1517 Judaei,

1814 1548 1887 1603 ab
1907 1547 2223 1603 Jeroboami
2274 1548 2614 1617 temporibus
2640 1548 2934 1602 simulacra
2966 1546 3068 1600 sub
3095 1546 3397 1600 multorum

1814 1654 2004 1710 regum
2050 1639 2281 1709 imperio
2308 1640 2589 1704 colerent,
2640 1639 2818 1694 donec
2855 1641 3031 1692 iratus
3077 1638 3243 1699 Deus,
3274 1635 3397 1692 Sal-

1816 1745 2167 1784 manasarum
2198 1729 2549 1801 Assyriorum
2583 1744 2765 1798 regem
2794 1728 2848 1782 in
2877 1744 2976 1783 eos
3009 1728 3186 1781 duxit.
3220 1727 3271 1793 is
3304 1726 3400 1781 de-

1817 1836 1936 1878 cem
1992 1822 2363 1876 lsraelitarum
2417 1821 2598 1875 tribus
2648 1821 2702 1875 in
2758 1821 3081 1876 servitutem
3132 1819 3395 1889 redegit:

1815 1912 2021 1968 Judzeis
2047 1928 2117 1966 ne
2142 1913 2349 1968 bellum
2379 1912 2602 1982 quidem
2645 1912 2850 1968 intulit.
2879 1912 3128 1980 Cumque
3153 1911 3399 1979 captivos

1818 2003 2093 2059 lsraelilas
2117 2003 2456 2070 abduxisset,
2484 2005 2623 2060 alios
2658 2005 2861 2060 ibidem
2906 2019 3096 2059 eorum
3134 2003 3275 2063 loco,
3307 2016 3397 2055 rc-

1818 2096 1998 2167 gionis
2035 2095 2411 2151 custodienda:
2447 2111 2632 2159 causa,
2665 2094 2989 2159 constituit;
3021 2094 3115 2164 qui
3152 2093 3400 2148 Samari-
3466 2124 3471 2131 ι

1820 2188 1933 2241 tani
1960 2195 2091 2243 sunt
2122 2187 2326 2253 vocati,
2357 2188 2561 2257 quippe
2596 2187 2888 2247 Samarita.
2938 2194 3127 2241 custos
3150 2183 3400 2240 Hebraeis

1819 2278 2043 2334 dicitur.
2078 2280 2187 2335 Eos
2222 2288 2408 2334 autem
2444 2279 2751 2334 incolentes
2789 2278 3156 2333 lsraelitarum
3198 2284 3397 2340 terras,

1819 2385 2200 2441 saepenumero
2219 2370 2411 2425 leones
2436 2369 2879 2435 interliciebant;
2907 2368 3086 2424 donec
3106 2367 3287 2422 missis
3315 2367 3398 2421 le-

1818 2463 1961 2534 gatis
1981 2501 1998 2527 ,
2040 2461 2392 2534 Assyriorum
2424 2460 2539 2532 regi
2571 2459 2947 2532 signiﬁcarent
2971 2501 2986 2521 ,
3047 2458 3117 2514 ab
3145 2457 3400 2513 leonibus

1819 2554 1885 2610 ad
1911 2554 2345 2609 internecionem
2391 2569 2450 2609 se
2494 2552 2688 2618 deleri,
2718 2562 3011 2623 propterea
3041 2550 3189 2622 quod
3230 2549 3398 2604 ritum

1819 2648 2037 2703 colendi
2058 2648 2230 2703 Deum
2250 2648 2399 2702 illius
2422 2630 2661 2719 regionis
2691 2648 3030 2719 ignorarent.
3063 2644 3277 2711 Quibus
3304 2658 3402 2698 rex

1818 2739 2046 2803 auditis,
2076 2753 2244 2793 unum
2270 2754 2337 2793 ex
2362 2738 2620 2794 abductis
2647 2737 2703 2792 in
2735 2736 3110 2807 captivitatem
3141 2732 3401 2789 sacerdo-

1773 2821 1785 2831 ’
1823 2831 1970 2886 tibus
2001 2831 2068 2885 ad
2095 2846 2193 2886 eos
2217 2830 2386 2892 misit,
2414 2830 2507 2899 qui
2543 2829 2794 2891 doceret,
2827 2844 2938 2899 quo
2970 2835 3134 2897 pacto
3160 2823 3402 2895 regionis

1820 2921 1970 2977 illius
2008 2922 2154 2977 Deus
2207 2929 2356 2979 esset
2407 2921 2744 2976 adorandus.
2800 2921 2853 2976 Is
2910 2921 3004 2974 ubi
3063 2917 3398 2982 advenisset,

1819 3014 1962 3069 nihil
1988 3013 2137 3069 aliud
2165 3028 2262 3069 eos
2290 3013 2501 3077 docuit,
2533 3020 2592 3066 ut
2617 3011 2864 3068 extranei
2897 3011 3197 3081 scriptores
3221 3008 3398 3071 aiunt,

1689 3126 1700 3134 -
1744 3129 1789 3187 ο
1821 3106 1926 3161 nisi
1958 3104 2397 3160 Pentateucbum
2431 3122 2445 3159 :
2476 3104 2837 3175 quamobrem
2893 3103 3038 3156 illam
3093 3101 3265 3155 solam
3296 3097 3400 3154 Sa-

1820 3195 2076 3251 maritani
2104 3194 2401 3265 recipiunt.
2429 3194 2708 3250 Hactenus
2729 3193 3016 3263 Scriptura
3047 3205 3227 3249 sacra.

1886 3287 2024 3344 Vlll.
2049 3287 2351 3343 Perhibent
2376 3295 2583 3350 autem,
2606 3286 2676 3342 ab
2701 3286 2788 3342 his
2809 3295 2964 3341 ortos
2987 3283 3397 3338 samaritanos:

1815 3392 2053 3448 quorum
2086 3385 2172 3433 est
2222 3377 2543 3449 huiusmodi
2575 3385 2756 3432 secta:
2791 3374 2851 3431 In
2900 3373 3152 3430 doctrina
3186 3371 3255 3426 de
3285 3371 3402 3426 Deo

1815 3485 1942 3526 cum
1989 3469 2236 3525 Hebra'is
2291 3470 2486 3525 eadem
2516 3476 2768 3525 statuunt
2799 3484 2815 3522 :
2852 3481 3017 3525 unam
3052 3462 3398 3536 hypostasin,

1813 3571 1873 3619 et
1913 3576 2078 3617 unam
2123 3576 2249 3616 esse
2283 3568 2537 3615 naturam
2570 3559 2872 3615 tradentes.
2932 3555 3088 3623 Quod
3119 3553 3186 3609 ad
3218 3552 3402 3608 incar-

1815 3655 2097 3710 nationem
2160 3652 2368 3708 Christi
2425 3653 2670 3717 attinet,
2725 3652 2832 3706 hoc
2887 3649 3051 3703 modo
3104 3646 3397 3703 sentiunt:

1813 3746 2094 3802 Christum
2137 3744 2360 3800 venisse
2389 3759 2500 3799 non
2533 3742 2804 3811 credunt,
2858 3748 3151 3796 venturum
3206 3735 3401 3792 existi-

1814 3846 2001 3894 mant:
2028 3852 2131 3892 nec
2158 3837 2331 3892 Deum
2355 3851 2476 3892 esse
2509 3835 2603 3906 qui
2633 3835 2819 3890 veniat
2839 3874 2853 3898 ,
2886 3832 2980 3888 sed
3012 3840 3215 3886 vatem.
3257 3829 3400 3883 Pras-

1816 3937 1968 3984 terea
2018 3942 2127 3983 nec
2174 3926 2431 3999 angelum
2488 3925 2789 3996 opinantur
2821 3939 2943 3980 esse
2967 3963 2981 3987 ,
3018 3936 3122 3976 nec
3160 3919 3400 3973 animam

1815 4018 2208 4080 immortalem,
2249 4032 2355 4073 nec
2394 4017 2884 4073 resurrectionem.
2939 4015 3058 4070 Non
3096 4012 3244 4068 enim
3288 4010 3399 4067 Ησ-

1813 4111 1977 4168 ιπαξίε
2036 4108 2454 4173 assentiuntur,
2499 4106 2860 4165 credentibus
2904 4105 3185 4163 Christum
3244 4104 3403 4160 vivos

1814 4213 1981 4276 atque
2004 4210 2255 4277 mortuos
2281 4200 2682 4273 iudicaturum.
2706 4199 2979 4256 Carterum
3004 4197 3228 4267 angelos
3257 4210 3400 4259 esse,

1814 4292 1885 4349 de
1918 4291 2295 4348 Pentateucho
2337 4290 2748 4346 convincuntur
2775 4332 2789 4351 ,
2845 4305 2913 4344 ex
2975 4288 3129 4343 hisce
3169 4286 3401 4342 verbis:
3487 4348 3495 4355 ,

1816 4386 1949 4441 Ecce
1980 4382 2203 4456 angelus
2231 4400 2375 4438 meus
2408 4390 2533 4438 ante
2562 4382 2747 4452 {aciem
2769 4390 2917 4436 tuam
2949 4381 3101 4449 prwit
3136 4378 3199 4432 ¹⁸.
3230 4378 3400 4432 Item:

130 4466 428 4540 Ἀγγελος
470 4475 694 4541 Κυρίου
735 4473 996 4530 ἐκάλεσε
1049 4475 1168 4544 τὴν
1216 4477 1425 4547 Ἀγορ.
1459 4477 1605 4539 Καὶ,
1633 4478 1715 4530 ὃτι

1818 4475 2053 4548 Angelus
2088 4476 2298 4531 Domini
2326 4473 2661 4546 compellavit
2689 4473 2919 4544 Agarem
2959 4474 3022 4526 '9.
3064 4472 3199 4527 Item
3242 4487 3256 4525 :
3292 4468 3404 4525 Λη-

140 4556 473 4631 Ἐκὰλεσεν
503 4565 758 4636 ἄγγελος
786 4567 1010 4634 Κυρίου
1033 4567 1141 4622 τὸν
1182 4566 1461 4637 Ἀϐραάμ.
1493 4567 1605 4622 Καὶ
1635 4567 1720 4621 ὅτι

125 4647 432 4741 Εἱσῆλθον
456 4661 511 4714 οι
539 4658 786 4726 ἄγγελοι
818 4661 906 4726 είς
936 4659 1195 4730 Σόδομα.
1224 4658 1322 4713 καὶ
1349 4658 1515 4731 ἕτερα
1536 4656 1719 4712 τοιαῦ-

128 4755 216 4795 τα.
252 4745 360 4800 Καὶ
388 4750 471 4805 ὅτι
498 4751 531 4817 ή
564 4748 713 4821 ψυχὴ
754 4751 925 4821 θνητή
970 4753 1109 4816 ἐστι,
1142 4750 1301 4821 φασὶ,
1331 4750 1427 4804 καὶ
1454 4750 1556 4805 οὐκ
1581 4749 1720 4804 ἀθά-

129 4843 325 4902 νατος,
358 4845 630 4913 μαρτυρεῖ
667 4843 697 4896 6
750 4842 1031 4913 Μωῦσῆς,
1080 4841 1284 4909 εἰπὼν..
1328 4843 1420 4914 Μὴ
1477 4841 1720 4912 φάγεσθε

131 4915 294 4992 αἷμα,
330 4930 447 4986 ἀλλ’
480 4936 693 5005 ἐκχεῖτε
722 4934 859 4989 αὐτὸ
891 4935 1035 4990 κατὰ
1063 4936 1163 5006 τῆς
1207 4935 1335 5006 γῆς.
1376 4935 1586 5000 Παντὸς
1608 4934 1720 5007 γὰρ

132 5012 272 5078 {dum
308 5022 371 5076 τὸ
402 5022 566 5097 αἷμα,
594 5027 629 5097 ἡ
653 5026 802 5099 ψυχὴ
840 5027 1032 5083 αὑτοῦ.
1073 5028 1270 5099 Ἡμεῖς
1304 5028 1363 5083 δὲ
1392 5029 1531 5100 πρὸς
1557 5026 1721 5082 τοῦτο

130 5102 386 5179 λέγομεν.
420 5118 505 5173 δτι
551 5117 768 5187 πρῶτον
810 5117 910 5188 μὲν
937 5118 1039 5174 οὐκ
1071 5118 1190 5173 ἔστι
1229 5118 1292 5173 τδ
1340 5112 1481 5190 αἷμα
1510 5119 1545 5191 ἡ
1572 5117 1721 5190 ψυχὴ

132 5195 243 5250 τῶν
269 5201 446 5272 ζώων,
485 5207 604 5263 ἀλλ’
633 5208 822 5279 ἐπειδὴ
867 5208 961 5263 τοῦ
1010 5209 1241 5280 αἵματος
1269 5210 1597 5282 ἐκχεομένου
1628 5212 1723 5263 καὶ

134 5285 169 5356 ’θ
207 5288 358 5365 ψυχὴ
410 5298 741 5356 ἀπόλλυταιο
795 5300 862 5354 ὲκ
898 5300 1098 5356 τούτου
1154 5301 1284 5373 περὶ
1337 5302 1433 5356 τοῦ
1483 5301 1717 5373 αἵματος

135 5379 350 5445 κτηνῶν
384 5380 453 5455 ἦν
483 5387 633 5459 αὐτῷ
654 5391 683 5444 ὁ
712 5390 894 5458 λόγος,
923 5391 960 5446 ἃ
993 5392 1090 5447 καὶ
1121 5393 1283 5465 ἡμεῖς
1319 5392 1493 5462 θνητὰ
1518 5393 1713 5464 ὁμολο-

135 5465 344 5538 γοῦμεν
375 5470 535 5533 εἶναι·
565 5482 628 5534 οὐ
664 5483 793 5555 περὶ
811 5483 1136 5555 ἀνθρώπων.
1171 5484 1283 5538 Καὶ
1327 5484 1435 5538 ἀπὸ
1477 5486 1717 5557 ἱστορίας

140 5637 257 5765 υἷ’
288 5645 460 5709 Exod.
499 5674 650 5722 mu,
676 5659 764 5713 20.
848 5661 888 5693 "
921 5660 1062 5717 Gen.
1095 5680 1202 5731 xxi,
1256 5664 1337 5718 17.

1442 5664 1487 5695 ⁸⁸
1525 5664 1640 5720 Gen
1699 5681 1827 5725 χχιι.
1866 5664 1948 5718 ll.

1821 4572 1970 4647 gelu:
1996 4571 2212 4626 Domini
2241 4567 2582 4637 compellavit
2602 4567 2967 4623 Abrahamum
2990 4564 3058 4618 ’⁸.
3107 4563 3240 4618 Item
3274 4579 3286 4614 :
3313 4561 3408 4616 In-

1819 4666 1986 4739 gressi
2032 4672 2158 4719 sunt
2204 4661 2382 4734 angeli
2421 4659 2772 4717 Sodomorum
2800 4659 3048 4729 oppidum
3078 4657 3147 4711 ".
3174 4655 3406 4724 Aliaque

1823 4756 1974 4812 talia.
1995 4753 2280 4811 Mortalem
2298 4769 2431 4809 vero
2447 4753 2686 4810 animam
2704 4765 2847 4809 esse,
2870 4752 2979 4804 no‘n
3001 4748 3368 4802 immortalem
3387 4787 3405 4813 ,

1823 4856 2082 4912 testatur,
2131 4845 2395 4917 inquiunt
2433 4845 2561 4915 ipsi,
2591 4840 2795 4899 verbis.
2820 4841 2972 4895 hisce
3002 4839 3184 4896 Moses
3215 4855 3229 4891 :
3270 4837 3408 4905 Sau-

1818 4940 2041 5011 guinem
2072 4954 2144 4994 ne
2179 4936 2563 5000 comederitis,
2594 4934 2690 4990 sed
2733 4949 2860 4989 eum
2907 4932 2962 4986 in
2998 4940 3199 4987 terram
3228 4928 3410 4983 elfun-

1821 5031 1958 5089 dite.
2010 5030 2149 5088 Nam
2177 5013 2440 5100 cujusvis
2470 5025 2724 5082 animalis
2779 5023 3044 5094 sanguis,
3101 5019 3277 5092 ipsius
3324 5026 3435 5097 est.

1818 5125 2003 5182 anima
2032 5123 2101 5177 ”.
2153 5119 2262 5176 Sed
2298 5134 2402 5175 nos
2438 5118 2507 5173 ad
2556 5117 2662 5172 hoc
2690 5114 3118 5185 respondemus,
3163 5110 3408 5181 primum

1821 5229 1929 5269 non
1957 5227 2079 5267 esse
2106 5210 2432 5282 sanguinem
2458 5206 2781 5263 animalium
2805 5205 3085 5282 animam:
3129 5200 3224 5258 sed
3266 5216 3408 5270 quo-

1821 5305 1971 5361 niam
1992 5301 2169 5358 eﬂ'uso
2186 5280 2477 5375 sanguine,
2506 5298 2688 5355 anima
2707 5312 2929 5372 quoque
2946 5280 3162 5363 interit,
3197 5290 3410 5348 idcirco

1824 5394 1893 5451 de
1939 5391 2204 5465 sanguine
2253 5392 2634 5464 iumentorum
2683 5388 2766 5445 sic
2817 5388 3105 5460 loquitur,
3140 5400 3263 5457 quae
3308 5399 3411 5439 nos

1828 5502 2050 5560 quoque
2074 5485 2238 5542 morti
2266 5481 2506 5541 obnoxia
2531 5484 2771 5542 fatemur
2795 5497 2955 5549 esse;
2994 5496 3108 5537 non
3139 5480 3209 5535 de
3232 5478 3409 5534 homi-

2046 5663 2088 5695 ²¹
2131 5663 2267 5725 Gen.
2294 5681 2400 5729 vix,
2448 5664 2491 5719 l.
2598 5665 2641 5694 "
2696 5660 2872 5716 Levit.
2907 5676 2983 5727 tu,
3017 5659 3115 5727 i7;
3148 5671 3279 5721 xm,
3320 5653 3407 5721 i3,
