3924 6294
182 289 317 354 12Ξὶ

1391 270 1487 330 DE
1529 265 1805 328 SECTIS.
1846 287 1916 298 -
1956 259 2112 319 ACT.
2157 259 2257 321 Ν.

3353 263 3458 327 223

255 403 393 475 Περὶ¹
423 401 478 455 δὲ
505 398 634 463 τοὺς
656 395 882 470 χρόνους
909 392 1148 452 ἐκείνους
1184 387 1432 455 ἐγένοντο
1455 382 1549 436 δύο
1579 379 1767 475 ἄνδρες

1945 371 2032 427 Ill.
2057 369 2400 426 Exstiterunt
2419 367 2488 423 iis
2517 365 2857 436 temporibus
2878 366 3060 439 magni
3097 369 3322 440 quidam
3347 375 3458 428 duo

182 459 437 564 μεγάλοι,
469 459 730 560 Διάδυὶέξς
757 489 786 540 6
835 480 1053 552 Ταρσοῦ
1085 477 1404 541 ἐπίσκοπος,
1430 475 1526 530 καὶ
1556 473 1768 528 Θεόδω-

1885 465 1998 532 viri,
2031 463 2308 519 Diodorus
2364 462 2658 532 episcopus
2682 459 2859 527 Tarsi,
2885 470 2943 516 et
2984 461 3312 520 Theodorus
3343 467 3460 522 Mo-

180 603 280 658 ρος
333 585 362 638 6
414 579 790 651 Μοψουεστίας
821 593 833 606 °
877 576 1077 638 οἵτινες
1134 571 1575 642 ἀντηγωνίσαντο
1631 565 1772 640 πρὸς

195 674 537 750 Ἀρειανοὺς,
569 672 662 726 καὶ
696 667 1032 725 Μακεδόνων
1056 707 1071 732 ,
1103 664 1199 718 καὶ
1235 661 1634 734 ’Δπολινάριον,
1677 658 1772 714 καὶ⁵

179 771 286 840 τὴν
335 767 502 837 ἀλλην
537 763 761 836 Γραφὴν
795 757 1281 831 ὑπεμνημάτισαν,
1311 756 1405 809 καὶ
1428 757 1484 808 ἐν
1519 756 1652 826 τιμῇ
1685 755 1774 807 δν-

179 877 276 923 τες
307 857 542 930 μεγάλῃ,
574 855 877 910 ἀπέθανον
907 851 1003 906 καὶ
1043 849 1217 913 οὐδεὶς
1247 851 1305 902 ὲν
1341 851 1407 919 τῇ
1440 848 1554 918 ζωῇ
1591 845 1774 900 αὐτῶν

185 950 489 1004 ἐπελάϐετό
520 965 668 1011 τινος
710 945 892 1001 αὐτῶν
918 961 932 975 ·
976 942 1091 995 ἀλλ’
1123 941 1376 1012 ἐγκώμια
1415 940 1663 1012 ἔγραψαν
1693 943 1775 1003 είς

181 1042 386 1104 αὐτοὺς
406 1039 612 1093 πολλοί.
633 1039 743 1093 Καὶ
761 1037 1039 1100 Βασίλειος
1061 1037 1168 1106 γὰρ
1191 1039 1388 1100 αὐτοὺς
1413 1033 1770 1104 ἐγκωμιάζει,

181 1133 280 1186 καὶ
315 1133 564 1203 Ἰωάννης
595 1132 622 1184 ό
653 1129 1058 1202 Χρυσόστομος.
1085 1129 1352 1200 ’Υστερον
1373 1127 1430 1180 δὲ
1455 1127 1775 1196 κινουμένου

180 1223 281 1278 τοῦ
336 1222 707 1295 Νεστοριανοῦ
747 1221 1040 1292 δόγματος,
1065 1221 1387 1293 ἠναγκάσθη
1419 1220 1710 1290 Κύριλλος,
1745 1223 1774 1274 6

181 1317 388 1389 πρώην
435 1317 635 1379 αὐτοὺς
677 1315 953 1382 ἐπαινῶν,
1000 1315 1140 1369 κατά
1179 1314 1290 1368 τῶν
1325 1314 1776 1386 συγγραμμάτων

181 1409 370 1463 αὐτῶν
390 1409 625 1480 γράψαι·
650 1407 844 1479 ἐπειδὴ
870 1408 964 1462 ἀπ’
985 1407 1166 1468 αὐτῶν
1193 1408 1498 1478 ἰσχυρίζετο
1523 1408 1585 1460 τὸ
1601 1408 1779 1477 δόγμα

183 1499 357 1554 αὐτοῦ
406 1501 435 1552 6
470 1499 788 1572 Νεστόριος.
836 1500 1423 1572 Ὑπομνηματίσαντες
1477 1499 1584 1570 γάρ
1627 1493 1776 1553 οὗτοι

183 1590 287 1663 τὴν
335 1592 500 1661 ἁγίαν
549 1591 774 1663 Γραφὴν
797 1629 812 1657 ,
856 1591 955 1644 οὐκ
986 1591 1222 1662 ἔστησαν
1253 1593 1382 1662 άχρι
1412 1591 1506 1644 τοῦ
1537 1590 1776 1656 δέοντος,

1874 557 2135 630 psuestiae
2166 573 2179 610 :
2215 556 2310 627 qui
2338 565 2392 610 et
2419 554 2686 610 adversus
2707 553 2960 619 Arianos,
2980 563 3035 609 et
3053 555 3456 626 Macedonium,

1873 661 1930 708 et
1948 651 2325 722 Apollinarem
2348 647 2690 719 pugnabant,
2707 647 3104 718 universasque
3120 649 3357 706 Litteras
3375 669 3461 707 sa-

1874 759 1999 799 cras
2022 743 2440 800 commentariis
2463 743 2814 798 illustrabant
2836 783 2851 808 ,
2879 754 2935 796 et
2963 743 3016 798 in
3054 747 3232 814 pretio
3259 747 3458 813 habiti,

1874 845 2110 892 mortem
2141 837 2528 907 oppetierunt;
2564 851 2667 891 nec
2698 835 2832 906 ipsis
2874 837 3015 892 vivis
3056 839 3346 910 quisquam
3374 840 3461 895 di-

1875 937 2024 986 ctum
2046 929 2268 1000 aliquod
2300 944 2494 984 eorum
2529 929 3002 999 reprehendebat;
3058 932 3168 986 imo
3208 935 3461 1003 complu-

1876 1037 1966 1076 res
2002 1021 2226 1090 scriptis
2266 1021 2538 1076 encomiis
2582 1036 2679 1075 eos
2704 1021 3078 1077 celebrarunt.
3114 1024 3248 1077 Nam
3276 1034 3332 1079 et
3359 1026 3460 1081 Ba-

1875 1113 2031 1168 silius
2055 1125 2111 1168 et
2132 1113 2370 1170 Joannes
2401 1113 2836 1185 Chrysostomus
2875 1132 2972 1170 eos
3011 1117 3328 1186 praedicant.
3357 1121 3462 1176 Ve-

1877 1221 2000 1261 rum
2030 1216 2222 1276 postea
2254 1215 2404 1260 moto
2435 1205 2690 1276 dogmate
2728 1206 3079 1271 Nestor-iano,
3123 1222 3350 1267 coactus
3379 1224 3465 1268 est

1876 1298 2133 1371 Cyrillus,
2153 1299 2248 1370 qui
2272 1308 2328 1353 et
2355 1300 2469 1368 ipse
2496 1299 2713 1367 pridem
2738 1314 2836 1354 eos
2859 1300 3158 1368 laudasset,
3196 1303 3466 1361 adversus

1877 1405 2069 1445 eorum
2119 1405 2290 1460 opera
2341 1389 2620 1456 scribere;
2663 1390 2811 1460 quod
2843 1391 3038 1461 dogma
3072 1409 3232 1450 suum
3264 1397 3464 1452 Nesto-

1880 1483 1995 1537 rius
2026 1498 2093 1536 ex
2120 1483 2204 1538 eis
2251 1482 2626 1538 conﬁrmaret.
2657 1483 2792 1538 Nam
2836 1484 3002 1539 editis
3053 1485 3131 1539 illi
3179 1503 3364 1544 sacras
3406 1490 3465 1546 in

1880 1573 2123 1629 Litteras
2147 1635 2159 1643 .
2186 1574 2625 1638 commentariis,
2663 1574 2806 1628 intra
2858 1573 2996 1630 ﬁnes
3038 1593 3150 1630 non
3197 1580 3466 1636 constite-

184 1683 326 1737 ἀλλά
394 1682 748 1754 βουληθέντες
805 1683 1030 1751 μερίσαι
1073 1684 1172 1747 τὰς
1203 1685 1261 1736 ὲν
1293 1686 1360 1754 τῇ
1412 1681 1543 1755 ἁγίᾳ
1585 1683 1776 1754 Γραφῇ

1885 1675 2046 1729 runt;
2083 1665 2181 1720 sed
2235 1682 2360 1722 cum
2419 1667 2753 1721 distribuere
2785 1668 2989 1722 vellent
3036 1685 3316 1727 sa-zrarum
3347 1672 3467 1728 Lit-

186 1775 397 1844 ῴωνάς,
427 1775 526 1839 τὰς
560 1776 659 1846 μὲν
689 1778 756 1848 τῇ
781 1775 1019 1844 θεότητι,
1052 1775 1150 1838 τὰς
1185 1775 1241 1828 δέ
1273 1778 1337 1847 τῇ
1373 1775 1776 1847 ἀνθρωπότητιο

186 1866 498 1939 εὑρέθησαν
523 1867 615 1921 δύο
639 1869 966 1930 ὑποστάσεις
994 1885 1089 1921 του
1114 1868 1351 1936 Χριστοῦ
1393 1874 1485 1922 καὶ
1515 1869 1781 1938 διαίρεσιν

187 1961 530 2025 εἰσάγοντες.
560 1960 669 2014 Καὶ
701 1961 769 2014 δι’
794 1962 924 2014 αὐτὸ
953 1961 1278 2033 ἠναγκάσθη
1301 1964 1333 2014 6
1363 1961 1628 2032 Κύριλλος
1658 1962 1780 2016 κατ’

187 2050 377 2105 αὐτῶν
404 2049 635 2123 γράψαι,
671 2052 797 2105 ἐπεὶ
831 2053 924 2106 ἀπ’
953 2056 1134 2107 αὐτῶν
1176 2053 1484 2124 ἰσχυρίζετο
1516 2055 1577 2108 τὸ
1603 2054 1782 2124 δόγμα

189 2141 365 2196 αὑτοῦ
394 2143 423 2196 6
473 2141 789 2214 Νεστόριος.
816 2144 916 2198 Διά
944 2143 1102 2199 τοῦτο
1146 2144 1202 2198 δὲ
1236 2147 1293 2198 ἐν
1346 2149 1413 2217 τῇ
1440 2146 1554 2217 ζιυῇ
1603 2147 1784 2200 αὐτῶν

189 2233 371 2298 οὓδεὶς
401 2233 588 2298 αὐτοῖς
619 2234 891 2299 ἀντεῖπεν,
922 2234 1112 2307 ἐπειδὴ
1137 2235 1198 2289 τὸ
1223 2235 1494 2305 μάχεσθαι
1512 2237 1651 2309 πρὸς
1683 2237 1782 2302 τὰς

195 2323 421 2396 μείζους
447 2324 708 2399 αἱρέσεις,
740 2327 939 2380 ἔσκεπε
967 2329 1037 2382 τά
1067 2326 1297 2381 τοιαῦτα
1325 2329 1592 2400 δόγματα.
1625 2329 1782 2383 Μετά

191 2417 251 2473 δὲ
286 2418 478 2490 χρόνον
508 2418 686 2488 ὀλίγον
710 2419 803 2474 τοῦ
822 2421 1114 2476 ἀποθανεῖν
1147 2421 1422 2492 Θεόδωρον
1462 2423 1555 2476 καὶ
1581 2421 1781 2474 Διόδω-

196 2525 314 2580 ρον,
375 2509 570 2581 ἀνὲστη
603 2512 636 2580 ἡ
672 2512 881 2583 αἵρεσις
911 2513 1208 2581 Νεστορίου
1232 2531 1244 2544 ·
1280 2509 1348 2586 ἦν
1390 2513 1446 2568 δὲ
1489 2516 1780 2567 Κωνσταν-

188 2600 569 2664 τινουπόλεως.
589 2602 749 2666 αὐτὸς
777 2603 804 2654 ό
827 2603 1120 2672 Νεστόριος
1158 2604 1480 2666 ἐπίσκοπος,
1524 2603 1777 2670 ’Λλεξαν-

189 2693 383 2761 δρείας
420 2693 478 2747 δὲ
503 2692 792 2765 Κύριλλος,
836 2695 1168 2765 Ἀντιοχείας
1187 2694 1247 2748 δὲ
1288 2696 1568 2764 Ἰωάννης.
1652 2685 1655 2687 ’

263 2867 331 2921 Τί
355 2868 415 2921 δὲ
440 2863 507 2939 ἦν
530 2867 590 2920 τὸ
630 2868 807 2938 δόγμα
829 2868 923 2922 τοῦ
949 2868 1272 2940 Νεστορίου,
1295 2869 1398 2940 ἤδη
1428 2869 1528 2939 μὲν
1566 2869 1624 2921 ὲν
1664 2871 1779 2932 τοῖς

194 2960 570 3032 προλαϐοῦσιν
615 2962 954 3032 εἰρήκαμενο
983 2963 1077 3015 καὶ
1122 2959 1219 3016 νῦν
1260 2959 1319 3014 δὲ
1374 2963 1548 3032 μικρὰ
1578 2960 1782 3026 διεξέλ-

1883 1765 2128 1813 terarum
2182 1774 2368 1823 voces,
2404 1759 2541 1814 alias
2585 1758 2652 1812 ad
2689 1759 3060 1828 divinitatem,
3091 1763 3228 1818 alias
3261 1764 3327 1819 ad
3365 1780 3470 1819 na-

1885 1858 2062 1904 turam
2116 1851 2412 1930 humanam
2473 1851 2697 1915 relatas,
2744 1851 3152 1920 deprehensum
3215 1864 3323 1916 est,
3371 1873 3470 1913 eos

1882 1944 2022 1999 duas
2058 1943 2262 1999 Christi
2289 1944 2635 2015 hypostases,
2679 1950 2736 1999 et
2791 1943 3118 1999 divisionem
3172 1948 3467 2016 quamdam

1885 2033 2266 2090 introducere.
2313 2034 2487 2100 Quam
2515 2034 2587 2088 ob
2653 2049 2874 2091 causam
2906 2035 3145 2108 Cyrillus
3201 2039 3477 2098 adversus

1886 2124 2038 2196 ipsos
2090 2126 2336 2181 scribere
2392 2133 2619 2181 coactus
2671 2127 2801 2192 fuit,
2854 2130 3216 2185 conlirmante
3270 2131 3470 2202 dogma

1882 2230 2044 2270 suum
2072 2232 2140 2269 ex
2173 2217 2253 2270 eis
2282 2215 2559 2271 Nestorio.
2579 2217 2732 2272 Vivis
2755 2217 2980 2287 quidem
3007 2219 3148 2290 ipsis
3175 2237 3275 2276 cur
3307 2239 3470 2278 nemo

1883 2308 2303 2371 contradixerit,
2341 2309 2547 2364 factum
2583 2309 2708 2364 ideo
2745 2312 2890 2380 quod
2940 2314 3218 2382 pugnandi
3273 2327 3469 2372 contra

1883 2407 2063 2454 sectas
2086 2399 2320 2469 majores
2347 2401 2646 2455 necessitas
2667 2400 2938 2470 ejusmodi
2957 2403 3209 2473 dogmata
3236 2415 3466 2476 tegeret.

1881 2489 1950 2543 At
1984 2491 2150 2559 paulo
2169 2499 2292 2562 post
2338 2507 2502 2561 quam
2551 2491 2695 2546 diem
2733 2491 3058 2549 Theodorus
3089 2511 3152 2551 ac
3195 2497 3468 2553 Diodorus

1881 2581 2172 2647 obiissent,
2204 2582 2470 2637 suscitata
2513 2582 2753 2637 Nestorii
2785 2581 2890 2638 fuit
2918 2585 3147 2641 haeresis
3187 2605 3200 2641 :
3237 2597 3475 2658 eratque

1880 2671 2526 2743 Constantiuopolitanus
2550 2672 2846 2743 episcopus
2874 2675 2964 2729 hic
3000 2675 3116 2746 ipse
3157 2677 3467 2744 Nestorius,

1880 2763 2118 2836 Cyrillus
2140 2763 2571 2842 Alexandrinus,
2607 2764 2850 2821 Joannes
2873 2765 3278 2826 Antiochenus.

1955 2852 2042 2908 IV.
2076 2853 2364 2920 Quodnam
2399 2855 2597 2926 dogma
2647 2857 2887 2911 Nestorii
2930 2859 3120 2923 fuerit,
3157 2862 3471 2931 expositum

1884 2945 1938 3000 id
1975 2947 2198 3017 quidem
2230 2956 2314 3002 est
2351 2948 2407 3002 in
2436 2947 2503 3003 iis
2527 2938 2652 3011 qua:
2682 2950 2846 3004 modo
2864 2950 3108 3007 diximus
3135 2971 3147 3006 :
3176 2955 3272 3010 sed
3293 2957 3480 3010 nihilo-

196 3028 405 3124 θωμεν.
457 3055 571 3106 Οὐκ
616 3028 770 3121 uisis
804 3028 914 3124 iam
947 3053 1143 3107 ἕνωσιν
1171 3054 1266 3107 τοῦ
1313 3028 1491 3123 Λόγου
1521 3053 1617 3107 τοῦ
1644 3053 1777 3107 Θεοῦ

1885 3038 2068 3093 minus
2097 3038 2289 3109 paucis
2329 3040 2708 3109 explanemus.
2741 3041 2859 3095 Non
2891 3057 3016 3097 esse
3049 3043 3248 3100 factam
3289 3046 3472 3102 aiebat

196 3145 338 3215 πρὸς
366 3146 462 3198 τὸν
499 3145 806 3216 ἄνθρωπον,
833 3144 969 3199 ἀλλά
996 3144 1089 3198 δύο
1125 3145 1451 3209 ὑποστάσεις
1483 3145 1660 3214 ἔλεγε,
1689 3149 1785 3200 καὶ

195 3237 469 3310 διαίρεσιν
489 3255 504 3269 ·
529 3237 653 3291 ὅθεν
681 3232 800 3293 οὑδὲ
827 3239 924 3310 τὴν
947 3237 1109 3306 ἁγίαν
1131 3238 1355 3310 Μαρίαν
1384 3239 1569 3293 ἐκάλει
1593 3239 1784 3293 Θεοτό-

197 3347 318 3394 κον,
365 3329 506 3386 ἀλλά
558 3331 940 3402 Χριστοτόκον.
980 3331 1043 3385 Εἰ
1085 3331 1143 3384 δὲ
1195 3332 1290 3384 καὶ
1341 3331 1648 3401 ἄνθρωπον,
1691 3333 1784 3386 καὶ

198 3420 334 3476 Θεὸν
372 3420 640 3476 ἀπεκάλει
675 3421 766 3474 τὸν
796 3421 1032 3494 Χριστόν
1054 3438 1070 3453 ο
1105 3421 1222 3477 ἀλλ’
1252 3422 1435 3475 οὐκέτι
1481 3421 1557 3484 ὠς
1600 3424 1783 3493 ἡμεῖς,

197 3514 340 3569 ἀλλά
368 3517 436 3586 τῇ
475 3513 658 3583 σχέσει
697 3515 792 3567 καὶ
841 3515 908 3585 τῇ
965 3515 1260 3568 οἰκειώσει.
1293 3515 1506 3585 ’Ὠσπερ
1551 3515 1790 3585 λέγομεν

199 3607 336 3677 περὶ
368 3605 469 3658 δύο
497 3602 662 3656 τινῶν
694 3604 890 3672 φίλων,
931 3603 1072 3658 πάνυ
1121 3603 1384 3676 ἀλλήλους
1414 3605 1784 3673 ἀγαπώντωνυ

199 3699 283 3754 δτι
324 3699 378 3752 οἱ
432 3695 528 3750 δύο
572 3688 720 3749 οὗτοι
755 3697 886 3768 μίαν
913 3696 1092 3767 ψυχὴν
1116 3697 1321 3766 ἔχουσι,
1355 3697 1496 3751 κατά
1523 3697 1584 3751 τὸ
1614 3698 1791 3752 ταυτά

199 3791 458 3863 ἀλλήλοις
516 3790 796 3860 ἀρέσκειν,
831 3789 922 3843 διὰ
950 3787 1048 3860 τὴν
1102 3789 1412 3860 ὑπερϐολὴν
1441 3791 1541 3860 τῆς
1580 3790 1782 3860 φιλίας.

200 3875 392 3953 Τοῦτῳ
420 3880 477 3934 δὲ
507 3880 586 3951 τῷ
629 3879 914 3954 Νεστορίῳ
945 3881 1184 3945 ἐναντίος
1213 3876 1281 3951 ἦν
1307 3883 1335 3935 6
1375 3881 1662 3953 Κύριλλος,
1693 3883 1787 3937 καὶ

201 3973 443 4042 ἔγραφεν
477 3971 628 4042 αὐτῷ
660 3972 1070 4043 συνεχέστερον,
1098 3973 1522 4044 ἀποστραφῆναι
1559 3975 1671 4030 ἀπὸ
1690 3976 1785 4030 τοῦ

199 4063 476 4132 δόγματος
508 4061 731 4116 τούτου.
768 4063 1049 4133 Ἐγραψεν
1089 4057 1181 4116 οὖν
1221 4065 1452 4136 πρώτην.
1495 4066 1646 4136 αὐτῷ
1693 4067 1789 4121 καὶ

201 4153 467 4224 δευτέραν
513 4151 821 4222 ἐπιστολὴν,
851 4153 947 4206 καὶ
989 4154 1092 4206 οὐκ
1121 4153 1339 4208 ἔπεισεν
1369 4154 1552 4210 αὐτόν.
1587 4156 1786 4210 ’Ύστε-

204 4260 299 4315 ρον
337 4240 396 4295 δὲ
428 4242 631 4312 γράφει
671 4243 824 4313 αὑτῷ
855 4243 1045 4313 τρίτην
1079 4245 1389 4316 ἐπιστολὴν,
1410 4248 1467 4300 ἐν
1577 4247 1786 4319 ἔγραψε

201 4334 412 4389 δώδεκα
459 4332 737 4404 κεφάλαια
765 4336 896 4408 περὶ
937 4336 1208 4400 πίστεως·
1241 4341 1336 4392 καὶ
1367 4337 1596 4410 ὕστερον
1616 4341 1780 4413 ἔγρα-

200 4425 324 4494 ψεν,
359 4425 443 4478 ὅτι
463 4423 525 4476 El
551 4424 650 4491 μὲν
675 4425 945 4496 καταδέχῃ
975 4425 1166 4491 ταῦτα,
1198 4426 1608 4498 συλλειτουργὸς
1631 4430 1786 4501 ήμῶν

201 4513 273 4577 εἴ,
301 4517 398 4570 καὶ
435 4515 588 4585 φίλος
609 4530 624 4544 ·
654 4515 703 4568 ει
734 4515 792 4569 δὲ
824 4515 919 4587 μὴ,
971 4516 1219 4586 ἀνάθεμα
1259 4518 1378 4589 ἔσῃ.
1429 4519 1554 4573 Οὐδ’
1610 4518 1786 4585 οὕτως

202 4605 258 4659 δὲ
287 4607 497 4660 ἔπεισε.
529 4605 874 4676 Κινουμένης
901 4605 960 4658 δὲ
989 4606 1089 4675 τῆς
1116 4607 1298 4677 μάχης
1318 4605 1544 4678 ταύτης,
1571 4608 1785 4663 κελεύει

203 4701 232 4751 6
265 4698 520 4769 βασιλεὺς
547 4695 639 4771 (ἦν
664 4697 720 4752 δὲ
750 4699 1031 4764 Θεοδόσιος
1051 4703 1080 4754 ό
1104 4699 1340 4772 Μικρὸς)
1367 4701 1623 4770 γενέσθαι
1657 4703 1782 4757 σύν-

205 4789 321 4844 οδον
347 4793 405 4844 ἐν
446 4786 696 4862 Ἐφέσῳ,
731 4791 827 4846 καὶ
873 4791 1068 4863 κριτὴν
1108 4791 1362 4860 γενέσθαι
1392 4793 1660 4862 Κυρίλλου
1691 4795 1783 4848 καὶ

204 4881 502 4955 Νεστορίου
558 4885 817 4955 Ἰωάννην
888 4885 986 4936 τὸν
1056 4885 1390 4957 Ἀντιοχείας
1458 4888 1782 4944 ἐπίσκοπον,

202 4967 406 5027 Ἦλθεν
447 4969 540 5030 οὖν
591 4977 618 5028 6
664 4975 933 5054 Κύριλλος
977 4978 1058 5041 εἰς
1104 4977 1204 5049 τὴν
1230 4979 1545 5050 ὁρισθεῖσαν
1571 4980 1787 5051 ἡμέραν

209 5067 348 5136 μετά
383 5070 564 5139 πάσης
612 5069 715 5139 τῆς
770 5071 992 5122 συνόδου
1044 5071 1212 5124 αὑτοῦ
1254 5073 1337 5136 εἰς
1382 5073 1481 5144 τὴν
1528 5073 1786 5140 Ἔφεσον.

218 5157 450 5227 Ὁμοίως
508 5163 604 5214 καὶ
654 5161 947 5233 Νεστόριος
1003 5163 1143 5235 μετά
1180 5165 1278 5235 τῆς
1331 5165 1496 5218 αὑτοῦ
1545 5167 1790 5222 συνόδου.

218 5248 688 5320 Ἐμσραδύναντος
731 5251 788 5305 δὲ
828 5253 1079 5307 Ἰωάννου
1126 5254 1320 5320 ἐλθεῖν,
1355 5255 1450 5309 καὶ
1486 5273 1784 5328 παραπρο-

207 5339 586 5410 θεσμήσαντος
623 5342 838 5414 ἡμέρας
886 5350 984 5409 ις’,
1022 5345 1252 5414 νομίσας
1301 5348 1330 5401 6
1375 5347 1666 5418 Κύριλλος,
1700 5349 1782 5402 ὅτι

202 5431 386 5483 οὐκέτι
416 5430 660 5505 ἔρχεται,
698 5435 1022 5505 συναγαγὼν
1051 5436 1176 5501 τοὺς
1208 5436 1529 5510 εὑρεθέντας
1561 5435 1786 5494 ἐπισκό-

205 5539 362 5586 πους,
393 5528 493 5578 καὶ
533 5527 862 5597 ἀνεγνωκὼς
888 5531 983 5582 ἐπὶ
1011 5530 1194 5584 αὐτῶν
1218 5532 1288 5590 τά
1317 5530 1617 5604 Nec-copim)
1653 5549 1785 5602 συγ-

203 5615 533 5684 γράμματα,
573 5621 667 5674 καὶ
719 5621 945 5695 ὕστερον
999 5624 1110 5678 ἀπὸ
1147 5625 1257 5677 τὼν
1309 5623 1482 5693 ἁγίων
1525 5626 1787 5696 Πατέρων

205 5711 426 5780 χρήσεις
466 5716 880 5794 ὲναντιουμένας
921 5717 1125 5785 αὐτοῖς,
1157 5717 1456 5791 Νεστορίου
1501 5718 1574 5791 μὴ
1604 5718 1788 5772 συνελ-

1885 3131 2150 3184 unionem
2199 3130 2296 3184 Dei
2351 3129 2635 3186 Sermonis
2684 3147 2810 3186 eum
2866 3131 3124 3200 homine,
3180 3137 3276 3190 sed
3331 3139 3472 3192 duas

1887 3219 2141 3274 tradebat
2196 3219 2544 3291 hypostases,
2597 3237 2662 3276 ac
2691 3222 3025 3280 divisionem
3062 3230 3478 3297 :quamobrem

1886 3329 1990 3368 nec
2026 3324 2281 3371 sanctam
2309 3316 2458 3370 illam
2489 3315 2714 3371 Mariam
2739 3318 2969 3374 vocabat
2998 3321 3309 3392 Deiparam,
3373 3326 3470 3380 sed

1885 3405 2309 3476 Christiparam.
2339 3406 2497 3474 Quod
2527 3408 2572 3463 si
2609 3409 2845 3465 maxime
2888 3410 3168 3468 Christum
3201 3425 3256 3470 et
3291 3419 3471 3472 homi-

1886 3498 2319 3561 nem,_etDeum
2376 3500 2712 3569 appellabat,
2771 3518 2881 3558 non
2934 3512 3118 3560 tamen
3152 3507 3258 3562 hoc
3288 3525 3355 3564 eo
3392 3510 3480 3564 fa-

1887 3589 2068 3644 ciebat
2089 3606 2277 3655 sensu,
2309 3607 2421 3660 quo
2443 3607 2576 3656 nos,
2628 3593 2724 3648 sed
2774 3595 3091 3653 affectionis
3123 3601 3483 3670 conjunctio—

1885 3682 2082 3753 nisque
2114 3693 2370 3752 respectu
2406 3703 2418 3737 :
2451 3686 2919 3754 quemadmodum
2967 3689 3036 3744 de
3077 3690 3295 3747 duobus
3345 3695 3471 3764 qui-

1887 3775 2122 3830 busdam
2165 3775 2361 3831 amicis
2393 3775 2654 3841 dicimus,
2685 3779 2922 3834 invicem
2951 3782 3109 3837 valde
3139 3799 3198 3838 se
3235 3785 3480 3856 diligen-

1889 3868 2062 3933 tibus,
2112 3884 2277 3924 unam
2319 3885 2416 3926 eos
2459 3870 2668 3928 habere
2715 3872 2956 3927 animam
3003 3891 3017 3928 :
3068 3875 3214 3944 quod
3264 3880 3479 3933 amoris

1887 3960 2046 4016 nimii
2075 3975 2260 4022 causa,
2281 3961 2472 4016 eadem
2513 3962 2649 4031 ipsis
2672 3963 2946 4032 placeant.
2970 3964 3112 4020 Huic
3145 3975 3329 4021 autem
3359 3968 3476 4024 Ne-

1887 4052 2061 4108 storio
2092 4051 2330 4125 Cyrillus
2355 4053 2770 4120 adversabatur,
2796 4055 3119 4127 litterasque
3151 4057 3484 4130 Frequentes

1886 4142 2175 4206 exarabat,
2208 4151 2269 4196 ut
2299 4143 2579 4199 hominem
2608 4144 2678 4199 ab
2714 4145 2809 4200 illo
2841 4146 3095 4225 dogmate
3144 4150 3478 4208 diverteret.

1888 4235 2004 4292 Hoc
2032 4235 2224 4292 studio
2245 4238 2535 4308 impulsus.
2559 4247 2616 4294 et
2645 4239 2880 4309 primam
2918 4241 2988 4296 ad
3025 4242 3206 4313 ipsum
3244 4253 3303 4298 et
3327 4245 3474 4300 alte-

1891 4344 2008 4384 ram
2048 4328 2272 4399 scripsit
2295 4329 2611 4400 epistolam,
2652 4346 2756 4386 nec
2784 4341 2967 4387 tamen
2998 4336 3295 4403 persuasit.
3323 4336 3480 4391 Tan:-

1893 4422 2017 4478 dem
2062 4423 2277 4478 litteras
2319 4412 2388 4478 ad
2439 4438 2566 4477 eum
2603 4424 2793 4478 tertias
2827 4424 3002 4488 dedit,
3033 4426 3086 4480 in
3123 4427 3302 4497 iisque
3328 4429 3478 4484 duo-

1889 4513 2070 4570 decim
2095 4514 2163 4570 de
2191 4513 2297 4570 ﬁde
2328 4514 2568 4585 capitula
2596 4516 2937 4586 perscripsit,
2965 4526 3022 4572 et
3053 4518 3259 4589 adjecit
3289 4521 3342 4574 in
3376 4537 3481 4576 er.-

1888 4607 2082 4663 tremis
2112 4624 2126 4661 :
2159 4606 2216 4663 Si
2256 4607 2478 4678 quidem
2520 4608 2639 4663 haec
2668 4607 2894 4678 recipis,
2923 4617 2981 4664 et
3004 4610 3300 4666 ministerii
3336 4627 3480 4668 con—

1888 4715 2032 4766 sors,
2060 4707 2118 4754 et
2169 4697 2382 4755 amicus
2419 4709 2609 4769 noster
2652 4715 2712 4755 es
2740 4717 2754 4752 :
2781 4699 2867 4754 sin
2905 4709 3090 4755 autem
3123 4743 3138 4767 ,
3178 4703 3480 4759 anathema

1888 4791 2019 4850 eris.
2067 4792 2275 4848 Verum
2328 4807 2398 4847 ne
2447 4791 2528 4848 sic
2556 4791 2781 4862 quidem
2809 4793 3102 4864 persuasit.
3138 4793 3250 4850 Hac
3285 4807 3478 4850 autem

1885 4886 2006 4942 rixa
2051 4897 2232 4952 mota,
2277 4885 2438 4957 jubet
2497 4885 2800 4955 imperator
2852 4886 2922 4956 (is
2964 4893 3085 4941 erat
3127 4884 3484 4940 Theodosius

1886 4977 2091 5049 minor)
2125 4977 2330 5047 Ephesi
2375 4977 2644 5049 synodum
2677 4977 2894 5043 haberi,
2939 4977 3294 5048 judicemque
3336 4991 3471 5031 eon-

1888 5069 2044 5126 stitui
2095 5077 2204 5123 tam
2252 5067 2458 5139 Cyrillo
2480 5084 2645 5138 quam
2675 5068 2952 5130 Nestorio,
2983 5068 3250 5123 Joannem
3282 5067 3473 5121 Antio-

1889 5162 2131 5216 chenum
2168 5160 2513 5237 episcopum.
2558 5159 2747 5231 Itaque
2774 5159 3013 5231 Cyrillus
3047 5157 3310 5214 universo
3342 5174 3470 5212 cum

1889 5262 2035 5310 coetu
2086 5267 2211 5320 suo,
2264 5253 2543 5322 Ephesum
2580 5251 2649 5307 ad
2683 5251 2830 5307 diem
2863 5251 3233 5323 prastitutum
3274 5250 3469 5306 venit:

1891 5346 2197 5417 itidemque
2227 5361 2330 5401 suo
2366 5361 2492 5402 cum
2530 5345 2769 5402 concilio
2793 5385 2809 5411 ,
2871 5344 3182 5402 Nestorius.
3205 5343 3341 5403 Cum
3374 5360 3470 5400 au-

1894 5448 2005 5494 tem
2031 5437 2276 5495 Joannes
2295 5437 2596 5496 adventum
2620 5451 2783 5498 suum
2810 5436 3029 5508 longius
3057 5436 3396 5500 extraheret,
3415 5448 3475 5490 et

1893 5532 2039 5588 ultra
2077 5530 2224 5587 diem
2253 5530 2462 5586 dictum
2492 5544 2701 5584 moram
2721 5528 2786 5583 16
2812 5528 3030 5585 dierum
3057 5528 3470 5598 interponeret:

1893 5623 2130 5698 Cy'rillus
2187 5640 2317 5681 eum
2371 5639 2483 5680 non
2527 5630 2823 5680 venturum
2869 5621 3108 5692 amplius
3143 5620 3474 5692 arbitratus,

1896 5722 2110 5779 coactis
2141 5721 2440 5799 episcopis,
2470 5728 2741 5794 quotquot
2782 5718 2996 5776 inventi
3037 5726 3204 5786 sunt,
3235 5725 3291 5775 et
3312 5715 3482 5774 lectis
