3924 6294
210 316 352 382 1225

200 525 402 596 λέγειν,
432 524 534 578 οὐκ
567 524 758 591 ἔλεγεν
793 523 1084 592 όμοούσιον
1111 519 1246 590 ἡμῖν
1273 520 1413 590 μετά
1456 520 1557 590 τὴν
1587 520 1788 574 ἕνωσιν

201 620 264 672 τὸ
285 616 465 684 σῶμα.
500 613 688 683 Τούτῳ
713 613 791 684 τῷ
846 613 1086 684 ⁴Εὐτυχεῖ
1110 611 1395 684 γνώριμος
1426 607 1495 683 ἦν
1526 612 1788 675 Εὐσέϐιος

199 705 229 757 ό
257 704 540 775 Δορυλέων
590 704 916 767 ἐπίσκοπος.
953 706 1066 758 Καὶ
1095 706 1261 774 γνοὺς
1285 705 1346 771 ἐξ
1386 705 1554 758 αὐτοῦ
1578 706 1638 758 τὸ
1661 705 1788 774 δόγ-

205 812 280 866 μα
309 794 492 858 τοῦτο,
525 795 820 864 ἀνήγγειλε
848 794 1156 867 Φλαδιανῷ,
1199 795 1410 865 λέγων·
1449 798 1541 849 Δεῖ
1566 813 1625 849 σε
1664 797 1786 848 ἑπι-

198 883 427 954 τιμῆσαι
459 883 538 954 τῷ
586 885 837 956 Εὐτυχεῖ,
874 887 1086 940 τοιοῦτο
1135 886 1222 956 δόγ
1240 905 1316 958 μα
1344 887 1677 956 εἰσφέροντι,
1702 888 1790 941 ἵνα

201 977 277 1047 μὴ
332 979 642 1050 διαστραφῇ
692 981 726 1049 ὴ
777 979 964 1044 πίστις
1036 979 1213 1052 ήμῶν.
1263 982 1322 1036 '0
1349 978 1444 1036 οὖν
1489 981 1788 1045 Φλαϐιανδς

195 1068 408 1124 τούτων
439 1069 705 1132 ἀκούσας,
726 1073 1016 1153 ὶσυνήγαγε
1046 1074 1172 1136 τούς
1206 1073 1370 1127 αὐτοῦ
1408 1073 1628 1127 συνόδου
1664 1074 1787 1126 ἐπι-

199 1160 439 1224 σκόπους
471 1163 546 1226 ὡς
584 1164 716 1234 περὶ
745 1162 812 1228 λ’,
847 1163 944 1216 καὶ
985 1162 1277 1235 ἠρώτησεν
1322 1164 1419 1220 ἐπὶ
1455 1163 1639 1217 αὐτῶν
1697 1163 1788 1216 τὸν

195 1253 438 1323 Εὐτυχῆ,
486 1253 666 1321 λέγων
689 1294 705 1320 ,
747 1255 831 1308 ὅτι
873 1255 1190 1326 Ὁμολογεῖς
1219 1256 1284 1310 τὸ
1327 1255 1486 1326 σῶμα
1522 1255 1619 1310 τοῦ
1649 1255 1786 1326 Χρι-

193 1342 330 1396 στοῦ
373 1345 658 1413 ὁμοούσιον
703 1349 859 1417 ἡμῖν,
897 1347 1052 1420 καὶῆ
1103 1348 1206 1414 ob;
1250 1349 1309 1402 Ὀ
1339 1349 1398 1403 δὲ
1427 1350 1783 1422 ἀπεκρίνατο,

189 1433 272 1486 ὅτι
335 1434 516 1504 Μέχρι
565 1434 666 1503 μὲν
723 1436 824 1506 τῆς
886 1437 1126 1508 σήμερον
1186 1436 1285 1507 οὐχ
1331 1436 1678 1506 ὡμολόγουν
1717 1437 1784 1491 δι’

195 1525 344 1594 ὑμᾶς
375 1526 433 1578 δὲ
465 1526 737 1596 ὁμολογῶ.
767 1526 941 1581 Τοῦτο
996 1527 1053 1582 δὲ
1087 1527 1274 1597 ἔλεγεν
1327 1529 1605 1600 εἰρωνείᾳ.
1653 1531 1784 1583 ’Λπ-

203 1615 464 1683 εκρίνατο
492 1617 632 1687 πρὸς
661 1617 828 1671 αὐτὸν
851 1619 880 1670 ό
908 1618 1211 1682 Φλαϐιανός
1231 1635 1245 1650 ·
1264 1616 1376 1690 Οὐχ
1407 1621 1566 1691 ἡμεῖς
1589 1623 1781 1691 ἐσμεν,

193 1709 244 1760 oi
287 1707 464 1761 ταῦτά
499 1725 582 1760 σοι
619 1709 873 1776 λέγοντες
921 1709 1226 1779 ὁμολογεῖν,
1277 1711 1395 1766 ἀλλ’
1429 1713 1778 1783 οί.Πατέρες.

1413 316 1510 378 DE
1547 312 1828 377 SECTIS.
1871 337 1940 349 -’
1977 315 2280 377 ACT..IV.

198 437 302 508 τὴν
360 433 664 504 ὑπερϐολὴν
710 433 810 501 τῆς
847 429 1120 496 ὲνὼσεως,
1171 429 1268 483 καὶ
1335 429 1397 482 τὸ
1441 430 1572 500 μίαν
1619 429 1780 498 φύσιν

1887 428 2140 494 nimiam,
2169 437 2226 484 et
2251 443 2416 483 unam
2464 429 2604 485 adeo
2643 439 2903 486 naturam
2929 440 3240 500 statueret;
3268 433 3476 493 Christi
3518 493 3538 510 I

1890 533 2096 589 corpus
2133 518 2301 574 unius
2335 533 2459 574 esse
2492 519 2785 576 nobiscum
2818 531 3032 576 naturae
3057 532 3182 593 post
3213 525 3475 583 unionem
3500 524 3515 544 ’

1902 184 1962 194 τι.

3341 321 3478 388 1226

1888 607 2145 678 negabat.
2170 607 2311 663 Huic
2351 607 2589 680 Eutychi
2633 609 2832 665 notitia
2867 626 2994 666 cum
3025 611 3270 669 Eusebio
3298 617 3474 688 Dory—

1890 700 2108 754 lcorum
2162 698 2426 768 episcopo
2486 697 2889 784 intercedebat,
2925 701 3032 771 qui
3087 702 3196 759 hoc
3247 706 3369 776 eius
3406 722 3476 761 ex

1890 791 2127 860 ipsomet
2157 789 2438 844 intellecto
2459 789 2735 861 dogmate,
2768 806 2883 846 rem
2915 791 2982 846 ad
3010 793 3330 850 Flavianum
3351 811 3476 851 ver-

1889 877 1976 932 bis
2013 877 2165 931 hisce
2202 875 2403 931 detulit
2440 893 2453 930 :
2487 877 2862 948 lnerepandus
2912 879 3011 934 tibi
3040 879 3340 952 Eutyches,
3371 883 3474 939 hu-

1883 965 2129 1036 jusmodi
2181 965 2456 1036 dogmatis
2505 975 2744 1033 auctor;
2771 983 2839 1023 ne
2865 967 3001 1024 ﬁdes
3028 979 3216 1025 nostra
3249 987 3475 1041 perver-

1890 1065 2058 1112 tatur.
2124 1056 2338 1123 Quibus
2404 1057 2628 1123 auditis,
2686 1058 2982 1114 Flavianus
3023 1060 3318 1132 episcopos
3362 1079 3474 1120 suae

1888 1148 2116 1204 ditionis
2152 1148 2223 1203 ad
2271 1147 2339 1202 50
2363 1149 2545 1218 coegit
2575 1188 2588 1212 ,
2622 1149 2802 1218 iisque
2833 1150 3198 1219 prementibus
3233 1153 3473 1211 interro-

1889 1242 2035 1312 gavit
2080 1240 2387 1311 Eutychem
2421 1277 2437 1303 ,
2512 1238 2794 1294 Christine
2837 1254 3041 1309 corpus
3078 1241 3326 1311 ejusdem
3351 1258 3473 1300 esse

1887 1327 2177 1383 nobiscum
2217 1325 2543 1381 substantiae
2571 1325 2862 1390 fateretur,
2898 1340 2968 1380 an
3021 1328 3165 1381 non?
3200 1328 3296 1384 llle
3339 1346 3472 1386 vero

1888 1419 2259 1490 responderit,
2275 1418 2545 1474 hactenus
2569 1416 2626 1474 id
2652 1433 2710 1473 se
2732 1417 2958 1489 quidem
2981 1419 3209 1476 minime
3232 1420 3438 1477 lassum
3455 1467 3468 1480 .

1884 1513 1983 1569 sed
2036 1513 2286 1582 ipsorum
2325 1519 2510 1566 tamen
2559 1523 2728 1565 causa
2785 1523 2936 1564 nunc
2977 1511 3234 1566 conﬁteri
3277 1515 3469 1583 :quod

1885 1617 2016 1657 sane
2037 1615 2136 1672 per
2156 1599 2567 1656 simulationem
2593 1599 2665 1654 ab
2693 1614 2762 1654 eo
2773 1599 3192 1670 proferebatur.
3215 1601 3468 1660 Vicissim

1885 1689 2422 1756 Flavianus‘dicere,
2454 1707 2568 1746 non
2601 1692 2753 1761 ipsos
2779 1707 2902 1748 esse
2926 1692 3023 1763 qui
3047 1693 3166 1752 haec
3189 1711 3316 1752 eum
3339 1713 3474 1752 con-

195 1799 257 1850 L‘i
282 1793 376 1851 οὖν
405 1765 708 1867 ὁμολογεῖς,
742 1765 1151 1869 ἀναθεμθάτισον
1184 1765 1312 1865 τοὺς
1341 1801 1417 1873 μὴ
1449 1765 1592 1856 οὕτω
1620 1765 1779 1869 δόξάέ

1884 1781 2337 1853 literijuberent,
2367 1782 2465 1838 sed
2497 1790 2684 1852 patres
2708 1800 2721 1836 :
2745 1783 2982 1854 ideoque
3011 1785 3058 1841 si
3086 1788 3469 1857 conﬁteretur,

192 1887 411 1951 ζοντας.
463 1889 522 1942 ’0
546 1889 600 1942 δὲ
632 1885 751 1942 εἷπε
784 1890 921 1960 πρὸς
950 1892 1136 1955 αὐτὸν,
1168 1893 1250 1945 ὅτι
1290 1893 1377 1956 Ὠς
1408 1890 1584 1955 εἷπον,
1620 1896 1781 1964 μέχρι

191 1979 291 2049 τῆς
323 1980 566 2049 σήμερον
587 1981 685 2050 οὐχ
707 1980 1020 2050 ὡμολόγουν
1053 1981 1214 2036 τοῦτο
1232 1998 1246 2014 °
1270 1982 1340 2036 δι’
1364 1984 1510 2052 ὑμᾶς
1531 1983 1590 2037 δὲ
1615 1983 1780 2052 λέγω.

193 2072 311 2124 Οὐκ
343 2070 714 2140 ἀναθεμάτιζέ
746 2087 899 2126 τινα·
935 2072 1034 2124 έάν
1062 2073 1174 2141 γὰρ
1204 2074 1594 2144 ἀναθεματίζω
1630 2076 1777 2140 τινὰ,

192 2161 322 2223 τοὺς
352 2160 597 2231 πατέρας
634 2179 736 2232 μου
775 2161 1177 2232 ἀναθεματίζω,
1209 2165 1304 2217 καὶ
1320 2165 1423 2233 τὴν
1453 2165 1614 2232 ἁγίαν
1642 2165 1782 2234 Γρα-

193 2256 326 2321 φήν.
366 2251 512 2323 Αὕτη
540 2253 650 2323 γάρ
680 2255 830 2306 ἐστιν
853 2255 886 2323 ἡ
913 2254 1172 2322 λέγουσα,
1206 2257 1292 2309 ὃτι
1334 2256 1433 2308 οὐκ
1467 2255 1616 2310 ἐστιν
1647 2258 1781 2327 ἡμῖν

191 2343 484 2413 όμοούσιον
512 2345 573 2396 τὸ
607 2344 771 2414 σῶμα
799 2345 896 2398 τοῦ
947 2343 1214 2416 Χριστοῦ.
1249 2345 1436 2400 Ταῦτα
1471 2345 1718 2410 ἀκούσας
1751 2348 1779 2399 ό

192 2436 524 2500 Φλαδιανὸς,
573 2436 824 2489 καθεῖλεν
852 2437 1017 2490 αὐτὸν
1038 2437 1148 2490 ἀπὸ
1176 2437 1279 2507 τῆς
1313 2437 1776 2508 πρεσϐυτερείας,

193 2529 291 2581 καὶ
331 2527 428 2580 τοῦ
460 2525 601 2580 εἶναι
651 2527 814 2580 αὐτὸν
856 2528 1318 2602 ἀρχιμανδρίτην,
1355 2528 1546 2592 εἰπὼν,
1572 2530 1652 2582 ὅτι
1677 2530 1779 2582 οὐκ

192 2616 309 2670 ἐστι
345 2615 465 2671 κατ’
500 2615 749 2687 ἀνάγκην
778 2617 982 2680 πίστις.

264 2877 474 2951 Τοιεου
516 2877 574 2930 δὲ
615 2875 1063 2946 καθαιρεθέντος,
1095 2834 1298 2948 γράφει
1326 2878 1354 2930 ό
1377 2875 1675 2941 Φλαόιανδς
1701 2877 1781 2950 τῷ

193 2969 391 3024 Λέοντι
433 2967 656 3038 Ῥώμης
688 2968 978 3038 ὲπισκόπῳ
1010 2968 1111 3038 τὴν
1150 2968 1508 3040 καθαίρεσιν·
1542 2970 1636 3025 καὶ
1683 2971 1780 3025 ἀν·-

193 3061 462 3132 τιγράφει
487 3059 626 3130 πρὸς
652 3059 815 3157 αὐτὸν
864 3059 1036 3125 Λέων,
1072 3060 1154 3114 ὃτι
1184 3060 1369 3125 καλῶς
1397 3062 1563 3117 αὐτὸν
1593 3063 1779 3118 καθεϊ-
1804 3095 1852 3157 c

192 3151 274 3205 λε.
329 3150 594 3205 Καλείται
625 3145 720 3203 οὖν
761 3152 794 3220 ὴ
826 3150 1086 3221 ἐπιστολὴ
1139 3152 1278 3223 αὐτη
1309 3153 1487 3224 Τόμος
1523 3153 1774 3220 Λέοντος,

193 3241 326 3312 περὶ
358 3233 424 3294 οὗ
467 3238 906 3310 ἀμφιδάλλουσιν
953 3243 1005 3294 οἱ
1064 3241 1472 3312 διακρινόμενοι
1524 3245 1778 3314 λέγοντες

193 3329 368 3400 αὐτὴν
400 3327 588 3391 κακῶς
612 3327 780 3399 ἔχειν.
823 3328 882 3382 '0
923 3329 982 3381 δὲ
1011 3329 1258 3399 Εὐτυχὴς
1289 3328 1430 3399 μετά
1454 3329 1553 3400 τὴν
1580 3329 1778 3385 καθαίοο

195 3438 349 3494 ρεσιν
411 3419 649 3490 συνεχῶς
703 3419 1035 3491 ἐνετύγχανε
1058 3418 1140 3490 τῷ
1175 3419 1412 3490 βασιλεῖ,
1454 3420 1631 3490 λέγων
1657 3423 1776 3492 ἠδι-

193 3510 402 3581 κῆσθαι
453 3507 924 3564 ὐπδΦλαϐιανοῦ.
973 3508 1084 3562 Καὶ
1129 3509 1251 3562 τότε
1309 3509 1529 3564 κελεύει
1559 3511 1589 3564 ό
1621 3510 1778 3580 βασι-

192 3603 324 3668 λεὺς
370 3601 678 3666 Θεοδόσιος,
728 3599 983 3669 γενέσθαι
1021 3601 1081 3654 ὲν
1124 3599 1338 3671 Ἐφέσῳ
1387 3599 1778 3674 οίκουμενικὴν

198 3695 443 3758 σύνοδον,
478 3693 566 3746 ῖνα
597 3693 878 3761 κρίνωσιν,
914 3691 964 3744 εί
997 3691 1181 3754 καλῶς
1212 3690 1466 3746 καθεῖλεν
1495 3694 1524 3746 ό
1545 3691 1780 3746 Φλαϐιαο

196 3785 288 3848 νὸς
318 3785 410 3838 τὸν
439 3785 675 3855 Εὐτυχῆ,
712 3784 745 3855 ἦ
772 3782 856 3838 οὐ.
900 3783 1200 3855 Ἐπέτρεψε
1231 3783 1290 3838 δὲ
1311 3783 1409 3856 τὴν
1445 3786 1626 3839 πᾶσαν
1659 3785 1778 3856 κρί-

199 3894 282 3930 σιν
329 3876 612 3946 Διοσκόρῳ
643 3874 722 3944 τῷ
761 3875 1046 3946 ὲπισκόπῳ
1077 3874 1511 3945 Ἀλεξανδρείας.
1540 3875 1774 3946 Γενομέ-

197 3983 294 4036 νης
327 3967 382 4020 δὲ
410 3967 512 4037 τῆς
560 3966 799 4032 συνόδου,
825 3966 1043 4038 πρῶτον
1090 3966 1190 4036 μὲν
1218 3967 1420 4021 ἄτοπον
1471 3966 1728 4039 ἐποίησεν
1751 3969 1780 4020 ό

195 4057 511 4130 Διόσκορος.
546 4057 725 4111 Μόνον
755 4058 863 4127 γὰρ
888 4057 1099 4126 ἀνέγνω
1125 4057 1194 4110 τὰ
1221 4057 1594 4130 πεπραγμένα
1636 4058 1776 4112 Φλα-

199 4146 416 4210 ϐιανοῦ,
459 4145 560 4198 οὐκ
610 4147 762 4200 είασε
804 4146 862 4199 δὲ
890 4146 1054 4200 αὐτὸν
1093 4145 1469 4216 συνηγορῆσαι
1498 4147 1708 4215 αὐτοῖς,
1743 4148 1776 4216 ἢ

199 4238 481 4312 ἐρωτῆσαι
520 4237 684 4291 αὐτὸν
706 4236 760 4290 τί
798 4253 953 4303 ποτε,
983 4237 1116 4307 περὶ
1153 4228 1229 4290 ὧν
1255 4234 1624 4308 ἀμφιϐάλλειν
1657 4237 1778 4290 ένό-

202 4329 348 4401 μιζε.
397 4328 661 4400 Δεύτερον
694 4327 772 4395 δὲ,
807 4327 930 4382 οὐδέ
962 4327 1056 4381 τὸν
1107 4328 1419 4398 κατήγορον
1474 4326 1774 4399 Εὐτυχοῦς,

1881 1872 2238 1929 anathemate
2265 1873 2549 1928 diversum
2577 1874 2883 1929 sentientes
2930 1886 3338 1933 exsecraretur.
3372 1880 3471 1935 llle

1882 1964 2143 2018 Flaviano
2207 1963 2544 2032 respondere
2607 1979 2703 2031 se,
2760 1966 3225 2033 quemadmodum
3309 1979 3472 2026 antea

1881 2053 2136 2118 dixisset,
2165 2053 2234 2107 ad
2267 2068 2395 2108 eum
2424 2052 2570 2108 diem
2595 2052 2650 2107 id
2683 2054 2913 2109 minime
2942 2055 3255 2111 confessum
3280 2075 3293 2110 :
3321 2058 3469 2128 ipso-

1883 2160 2004 2198 rum
2045 2151 2224 2198 tamen
2250 2143 2427 2214 gratia
2448 2143 2746 2200 facturum.
2767 2145 3056 2201 Neminem
3085 2147 3310 2204 interim
3333 2166 3469 2204 ana-

1884 2235 2244 2290 thematizare
2283 2253 2298 2289 :
2332 2237 2539 2305 quippe
2584 2237 2629 2290 si
2661 2237 2767 2291 hoc
2816 2236 3025 2294 faceret
3050 2280 3064 2305 ,
3121 2241 3468 2298 anathemate

1881 2325 2075 2380 Patres
2106 2336 2546 2391 exsccraturum,
2576 2327 2833 2397 ipsasque
2854 2343 3038 2385 sacras
3063 2330 3325 2400 Litteras,
3346 2349 3470 2404 quae

1881 2417 1962 2472 sic
1987 2419 2306 2485 loquantur,
2343 2426 2403 2472 ut
2430 2416 2637 2472 Christi
2665 2434 2868 2488 corpus
2900 2421 3146 2492 ejusdem
3177 2424 3468 2480 nobiscum

1880 2524 2002 2564 esse
2034 2509 2356 2564 substantiae
2397 2517 2621 2576 negent.
2655 2509 2868 2575 Quibus
2913 2513 3140 2580 auditis,
3169 2515 3237 2570 ab
3273 2516 3470 2572 ordine

1879 2601 2358 2672 presbyterorum,
2392 2610 2450 2657 et
2501 2601 2953 2659 archimandritas
3002 2619 3231 2660 munere
3257 2606 3469 2661 Flavia-

1882 2706 1990 2746 nus
2017 2707 2145 2746 eum
2171 2692 2449 2759 removit,
2475 2707 2600 2748 cum
2633 2694 2859 2764 quidem
2882 2695 3116 2763 diceret,
3159 2696 3322 2753 ﬁdem
3354 2713 3466 2755 non

1882 2781 2175 2837 admittere
2201 2784 2568 2839 coactionem.

1954 2872 2069 2928 νη.
2093 2871 2209 2927 Ηοο
2233 2872 2303 2928 ab
2333 2872 2514 2929 cilicio
2538 2884 2774 2936 remoto,
2806 2875 3103 2940 Flavianus
3125 2878 3193 2933 ad
3224 2877 3465 2936 Leonem

1883 2963 2197 3018 Romanum
2247 2963 2570 3033 episcopum
2593 2963 2662 3018 de
2700 2964 2942 3019 hominis
2970 2965 3313 3036 depositione
3335 2984 3466 3039 per-

1883 3053 2100 3111 scribit.
2121 3053 2441 3123 Respondet
2460 3053 2592 3119 Leo,
2619 3054 2722 3109 rite
2743 3054 3147 3124 depositionem
3173 3057 3320 3112 illam
3343 3075 3466 3116 esse

1880 3146 2081 3202 iactam
2111 3164 2125 3200 :
2155 3161 2279 3214 quae
2303 3145 2528 3216 quidem
2561 3145 2793 3215 epistola
2819 3146 3025 3202 Tomus
3048 3146 3248 3203 Leonis
3279 3151 3468 3220 appel-

1879 3239 1984 3294 lari
2019 3240 2178 3304 solet,
2214 3238 2282 3292 de
2315 3252 2427 3308 quo
2482 3237 2752 3306 ancipites
2795 3247 2925 3294 sunt
2949 3254 3142 3294 eorum
3167 3240 3264 3310 qui
3297 3239 3468 3297 Παιδί.
3505 3259 3507 3262 ⁴

1882 3339 2060 3387 tantes
2108 3330 2370 3386 dicuntur
2399 3330 2692 3384 sententia:
2714 3369 2729 3394 ,
2784 3330 2928 3385 male
2959 3340 3332 3401 comparatam
3377 3334 3464 3388 di-

1880 3423 2144 3478 centium.
2177 3421 2454 3491 Eutyches
2479 3430 2666 3477 autem
2697 3421 2768 3476 ab
2794 3421 2974 3477 cilicio
2996 3432 3263 3489 remotus,
3293 3426 3468 3496 impe-

1880 3520 2120 3569 ratorem
2161 3510 2319 3567 adire
2356 3511 2577 3578 crebro,
2621 3511 2838 3582 sibique
2866 3512 3066 3568 factam
3122 3530 3154 3568 a
3205 3515 3466 3570 Flaviano

1880 3603 2140 3675 injuriam
2166 3602 2374 3658 dicere.
2409 3601 2762 3674 Quapropter
2786 3603 3087 3674 imperator
3119 3605 3465 3662 Theodosius

1837 3693 2140 3764 ‘generale
2171 3691 2468 3747 concilium
2503 3691 2705 3761 Ephesi
2743 3693 2894 3747 coire
2919 3693 3117 3763 jubet,
3139 3693 3194 3746 in
3228 3709 3339 3764 quo
3369 3711 3464 3752 co-

1880 3793 2281 3858 gnosceretur,
2333 3790 2556 3836 rectene
2610 3781 2902 3838 Flavianus
2943 3783 3246 3854 Eutychem
3297 3784 3464 3856 depo-

1880 3878 2102 3942 suisset,
2143 3891 2216 3931 an
2268 3889 2401 3930 non.
2431 3874 2753 3930 Universam
2809 3889 2938 3930 vero
2985 3890 3166 3930 causae
3195 3877 3465 3946 cognitio-

1879 3983 2006 4022 nem
2030 3966 2296 4022 Dioseoro
2317 3964 2577 4035 episcopo
2595 3964 2970 4021 Alexandrino
3007 3967 3251 4022 mandat.
3276 3968 3464 4040 Itaque

1880 4067 2070 4115 coacta
2098 4055 2585 4130 synodo,primum
2609 4055 2717 4111 hoc
2736 4056 2976 4111 absurde
2998 4056 3296 4113 Dioscorus
3317 4060 3462 4130 egit,

1880 4151 2029 4220 quod
2055 4155 2209 4218 gesta
2237 4146 2481 4203 Flaviani
2512 4147 2781 4203 duntaxat
2819 4147 3057 4218 legebat,
3091 4163 3194 4204 nec
3223 4150 3466 4219 patroci-

1879 4235 1958 4290 nii
1988 4236 2202 4306 copiam
2234 4235 2286 4290 ei
2321 4233 2577 4300 faciebat,
2610 4243 2708 4289 aut
2735 4236 3112 4306 interrogandi
3143 4237 3211 4292 de
3244 4239 3313 4293 iis
3342 4256 3464 4309 quas

1880 4326 2049 4381 dubia
2079 4333 2431 4397 putarentur.
2461 4323 2730 4390 Alterum,
2765 4326 2912 4395 quod
2943 4337 3323 4384 accusatorem
3353 4331 3465 4386 Eu-

200 4421 462 4475 Εὐσέϐιον
495 4421 647 4474 εἴασε
679 4418 976 4491 παρελθεῖν
1008 4421 1088 4482 είς
1113 4417 1214 4489 τὴν
1245 4418 1429 4488 κρίσιν
1451 4435 1466 4450 ·
1501 4418 1642 4473 ἀλλά
1676 4437 1778 4474 κα-

1884 4417 2063 4488 tychis
2101 4416 2404 4471 Eusebium
2449 4415 2643 4470 adesse
2674 4415 2887 4486 judicio
2918 4417 3144 4473 minime
3178 4420 3464 4489 permitte-

197 4512 650 4584 ταψηφισάμενος
683 4510 1010 4575 Φλασιανοῦ,
1060 4509 1311 4566 καθεῖλεν
1358 4509 1558 4566 αὐτόν’
1591 4511 1683 4564 τὸν
1723 4511 1780 4564 δὲ

200 4603 418 4674 Εὐτυχῆ
451 4602 693 4668 ἐδέξατο,
713 4602 810 4658 καὶ
840 4601 1066 4671 εποίησε
1089 4599 1255 4654 πάλιν
1284 4598 1661 4671 πρεσϐύτερον
1687 4601 1780 4654 καὶ

202 4693 657 4771 ἀρχιμανδρίτην.
692 4692 898 4746 Τούτου
939 4690 1236 4762 γενομένου
1261 4728 1278 4756 ,
1312 4689 1532 4760 διελύθη
1583 4692 1615 4759 ἡ
1655 4689 1782 4742 σύν-

203 4784 343 4846 οδος.
376 4785 488 4837 Καὶ
517 4783 882 4848 ἀποθανόντος
907 4781 1231 4847 Φλασιανοῦ,
1252 4781 1585 4846 ἀπελθόντες
1615 4783 1663 4834 oi
1691 4799 1778 4835 το-

204 4871 515 4943 ποτηρηταλ⁸
556 4872 651 4924 τοῦ
694 4870 916 4942 Ῥώμης
951 4871 1257 4925 ἐπισκόπου
1307 4870 1492 4941 (αὐτὸς
1544 4870 1654 4941 γὰρ
1686 4870 1780 4923 οὐ-

201 4961 392 5015 δέποτε
436 4961 721 5033 εὑρίσκετο
762 4965 841 5026 εἰς
869 4963 1134 5031 σύνοδον),
1156 4962 1501 5033 ἀπήγγειλαν
1529 4961 1679 5031 αὐτῷ
1712 4961 1781 5015 τά

205 5053 492 5120 γενόμενα.
537 5053 603 5105 '0
637 5051 694 5106 δὲ
715 5052 978 5119 ἀκούσας,
1013 5053 1387 5121 ἠγανάκτησε,
1417 5053 1512 5108 καὶ
1538 5053 1774 5124 προσέρο

203 5158 357 5211 χεται
384 5141 816 5212 Οὐαλεντινιανῷ
864 5141 943 5213 τῷ
981 5142 1202 5214 Ῥώμης
1231 5143 1463 5212 βασιλεῖ,
1506 5144 1650 5213 ὑπὲρ
1681 5143 1776 5196 τοῦ

201 5229 484 5300 ἐκδίκησιν
510 5232 703 5287 παθεῖν
725 5247 738 5262 ·
781 5234 907 5295 τούς
928 5231 1156 5303 χρόνους
1188 5233 1296 5303 γὰρ
1325 5233 1592 5296 ἐκείνους,
1620 5231 1778 5302 βασι-

199 5321 324 5386 λεὺς
345 5318 427 5385 εἷς
448 5320 522 5396 ἦν
566 5325 626 5378 ἐν
663 5322 873 5396 Ῥώμῃ,
905 5323 1002 5378 καὶ
1027 5318 1107 5387 εἷς
1132 5324 1190 5378 ὲν
1217 5323 1511 5394 Βυζαντίῳ.
1548 5325 1780 5378 Οὐαλεν·

195 5413 429 5475 τινιανὸς
460 5410 554 5469 οὖν
573 5415 899 5486 ὀχλούμενος
928 5414 1033 5468 ὐπύ
1057 5414 1287 5478 Λέοντος
1316 5414 1411 5468 τοῦ
1441 5416 1596 5471 πάπα
1620 5459 1635 5483 ,
1654 5420 1788 5489 γρά-

197 5520 287 5573 φει
326 5503 606 5577 Θεοδοσίῳ
636 5506 714 5578 τῷ
740 5507 957 5579 Μικρῷ,
985 5508 1076 5564 ἴνα
1104 5507 1375 5578 ἐπιτρέψῃ
1427 5507 1644 5562 σύνοδον
1691 5527 1782 5578 γε-

107 5593 110 5595 “
196 5593 400 5657 νέσθαι,
433 5597 504 5650 ἑν
604 5599 830 5667 γνῶναι,
860 5600 908 5651 εί
952 5599 1135 5662 καλῶς
1172 5598 1390 5671 ἔκρινεν
1420 5600 1449 5652 ό
1469 5599 1778 5670 Διόσκορος,

196 5685 234 5756 ἢ
258 5684 340 5740 οὐ.
384 5673 443 5740 '0
493 5690 550 5743 δὲ
577 5690 854 5753 Θεοδόσιος
884 5690 1233 5760 ἀντέγραψεν
1262 5689 1434 5762 αὐτῷ,
1461 5690 1638 5758 λέγων
1658 5731 1672 5750 ,
1697 5693 1779 5746 ὅτι

523 5783 798 5855 Partica,
829 5784 947 5848 Gn.
980 5782 1339 5848 LXXXVL’

1882 4507 1977 4562 bat
2007 4524 2022 4560 :
2053 4506 2151 4562 sed
2176 4507 2287 4562 lata
2309 4505 2584 4562 sententia
2601 4515 2793 4560 contra
2815 4506 3158 4574 Flavianum,
3179 4525 3304 4567 mox
3335 4527 3464 4566 eum

1881 4598 2214 4662 abdicabat,
2268 4595 2511 4651 admisso
2565 4595 2634 4650 ad
2689 4597 3136 4653 communionem
3195 4600 3462 4672 Eutyche,

1882 4708 2048 4763 quem
2075 4690 2301 4761 quidem
2327 4701 2384 4745 et
2413 4690 2467 4744 in
2503 4689 2754 4745 ordinem
2808 4689 3280 4762 presbyterorum,
3312 4702 3369 4747 et
3408 4694 3465 4748 in

1881 4783 2329 4840 archimandritas
2360 4783 2540 4837 locum
2575 4782 2839 4837 restituit.
2877 4781 2991 4836 Hoc
3018 4791 3266 4853 peracto,
3297 4784 3463 4839 linem

1887 4875 2134 4948 synodus
2176 4875 2390 4929 habuit.
2443 4873 2691 4942 Curaque
2714 4874 2859 4929 diem
2890 4874 3182 4929 Flavianus
3213 4874 3461 4938 obiisset.

1885 4967 2112 5024 domum
2134 4965 2575 5037 proiectivicarii
2599 4966 2830 5021 Romani
2854 4967 3099 5036 episcopi
3128 4966 3221 5036 qui
3253 4968 3480 5045 synodo

1883 5076 1996 5115 non
2032 5059 2390 5121 interfuerat,
2418 5072 2763 5127 quascunque
2801 5058 3155 5123 accidissent,
3181 5044 3466 5116 renuntia-

1884 5161 2036 5206 runt.
2058 5150 2154 5206 Ille
2185 5149 2354 5205 rebus
2388 5147 2538 5202 hisce
2567 5149 2801 5218 cognitis
2823 5149 3244 5212 excandescere,
3265 5149 3466 5205 Roma-

1888 5255 2022 5295 num
2061 5238 2366 5308 principem
2411 5235 2857 5292 Valentinianum
2910 5237 3084 5304 adire,
3129 5252 3242 5306 quo
3284 5237 3472 5292 vindi-

1889 5339 2033 5387 ctam
2081 5338 2303 5399 caperet
2335 5346 2348 5382 :
2381 5327 2584 5398 quippe
2631 5328 2976 5398 temporibus
2997 5328 3067 5382 iis
3110 5344 3252 5384 unus
3279 5329 3466 5385 Romae

1885 5425 2190 5493 imperator
2221 5429 2362 5486 erat,
2396 5420 2537 5475 alter
2564 5419 2832 5490 Byzantii.
2865 5418 3283 5474 Valentinianus
3334 5436 3466 5491 ergo

1883 5515 1975 5569 cui
2025 5513 2138 5568 Leo
2201 5527 2340 5581 papa
2395 5511 2665 5566 molestus
2723 5519 2894 5576 esset,
2921 5495 3236 5565 Theodosio
3261 5510 3463 5588 minori

1882 5603 2113 5666 scribit,
2139 5600 2406 5673 synodum
2449 5601 2643 5656 haberi
2665 5601 2909 5672 iuberet,
2948 5601 3003 5656 in
3033 5615 3142 5671 qua
3165 5602 3464 5670 cognosce—

1884 5701 2041 5749 retur
2063 5731 2080 5761 ,
2138 5697 2362 5746 rectene
2407 5689 2706 5744 Dioscorus
2737 5705 2805 5745 an
2839 5690 2982 5744 male
3007 5687 3328 5756 iudicasset.
3354 5688 3464 5745 ilco

3070 5767 3150 5838 89

3495 5803 3506 5838 l
