3924 6294
251 331 389 398 1229
424 336 429 343 ’

1454 328 1554 392 DE
1597 329 1876 392 SECTIS.
1915 357 1986 367 --
2018 328 2178 393 ACT.
2218 331 2290 396 V.

3375 325 3513 392 1230

245 446 370 498 ὁδου
388 459 403 476 '
426 440 724 514 διαρρήδην
753 440 810 494 δέ
847 441 1021 511 αὐτὴν
1055 440 1156 495 οὐκ
1189 440 1550 511 ἁνεθεμάτιζε
1572 441 1759 494 ’τοῦτο
1780 441 1829 494 δέ

1938 444 2104 497 cretis
2126 442 2320 514 synodi
2338 441 2805 498 Chalcedonensis
2828 440 3128 497 contraria.
3141 441 3314 509 Quam
3337 441 3512 512 ipsam

247 534 516 607 ἔγραψεν,
545 534 630 586 ὅτι
665 533 741 588 ΕΖ
765 550 857 598 τις
887 531 1008 586 τῶν
1041 531 1150 599 τῆς
1177 532 1250 586 ἐν
1277 533 1616 600 Χαλκηδόνι
1643 533 1830 586 συνό-

246 625 380 688 δου,
414 624 454 692 ἣ
509 621 630 676 τῶν
676 625 973 690 πρότερον
1026 622 1303 692 ἀλλαχοῦ
1348 623 1709 692 γενομένων.
1743 622 1827 692 μὴ

246 713 448 779 καλῶς
473 709 726 776 δοξάζει,
756 710 1025 779 ἀνάθεμα
1053 709 1230 764 ἔστω.
1275 711 1478 764 Τούτου
1527 711 1620 764 τοῦ
1663 710 1830 764 Ἐνω-

245 807 402 862 τικού
435 804 711 868 ἐλθόντος,
747 804 970 872 δέχεται
1000 804 1104 872 ημέν
1133 803 1269 856 αὐτὸ
1299 802 1508 872 Πέτρος
1532 805 1562 856 6
1586 802 1828 871 Μογγὸς,

245 897 440 968 φεύγει
466 895 523 948 δὲ
572 894 832 963 Ἰωάννης
860 895 940 955 εἰς
975 891 1218 963 Ῥώμην.
1252 890 1371 961 Ἐφ’
1397 885 1459 944 οὗ
1484 892 1584 946 καὶ
1617 892 1830 958 Πέτρος

243 994 272 1046 ὁ
311 990 570 1058 Κναφεὺς
605 990 662 1042 ἐν
704 986 1009 1057 Ἀντιοχείᾳ
1049 985 1156 1039 ύπδ
1179 986 1430 1056 Ζήνωνος
1458 985 1828 1057 προϐάλλεται

244 1081 570 1142 ἐπίσκοπος.
627 1078 938 1149 Γενομένης
984 1077 1041 1131 δὲ
1083 1078 1184 1148 τῆς
1245 1077 1518 1140 ἐνώσεως,
1561 1081 1590 1131 6
1621 1078 1832 1148 Πέτρος

243 1173 490 1244 δηλονότι
529 1169 690 1242 παρὰ
721 1172 837 1233 τοῖς
875 1168 1294 1238 Ἀλεξανδρεῦσι
1339 1169 1680 1239 προετιμᾶτο
1700 1185 1714 1200 ’
1743 1169 1831 1221 δε-

246 1267 485 1334 ξάμενος
513 1259 606 1316 οὖν
635 1261 698 1315 τὸ
728 1259 1022 1315 Ἐνωτικὸν
1049 1262 1078 1314 6
1113 1259 1342 1331 Πέτρος,
1365 1258 1582 1330 δέχεται
1613 1259 1707 1312 καὶ
1737 1263 1831 1313 τὸν

245 1355 438 1426 θρόνον
480 1351 917 1422 Ἀλεξανδρείας,
956 1349 1056 1403 καὶ
1090 1350 1280 1402 οὐκέτι
1323 1344 1394 1419 ἦν
1433 1348 1644 1420 κρύφα,
1693 1348 1832 1403 ἀλλὰ

246 1445 504 1516 φανερῶς
542 1444 865 1503 ἐπίσκοπος.
918 1441 1020 1495 Διὰ
1050 1441 1107 1494 δέ
1142 1441 1242 1512 τὴν
1273 1439 1585 1510 ὑπερϐολὴν
1613 1441 1708 1493 τοῦ
1739 1439 1830 1511 μί-

247 1554 397 1602 σους,
434 1537 572 1606 ὅπερ
615 1530 762 1604 εἶχον
807 1532 944 1601 πρὸς
988 1531 1086 1602 τὴν
1137 1533 1197 1584 ἐν
1238 1530 1548 1600 Χαλκηδόνι
1590 1531 1828 1596 σύνοδον,

246 1626 636 1697 ἀποσχίζονταί
669 1641 816 1687 τινες
841 1623 950 1678 ἀπὸ
984 1623 1218 1693 Πέτρου,
1251 1623 1346 1676 καὶ
1377 1621 1480 1675 οὐκ
1507 1622 1831 1676 ἐκοινώνουν

246 1718 419 1788 αὐτῷ,
469 1717 604 1770 διότι
657 1714 955 1786 δεξάμενος
1004 1714 1066 1767 τὸ
1109 1713 1420 1777 Ἑνωτικὸν,
1469 1713 1530 1766 ού
1581 1713 1834 1783 φανερῶς

246 1809 610 1880 ἀνεθεμάτιζε
655 1809 756 1879 τὴν
791 1807 1042 1861 σύνοδον.’
1065 1806 1178 1859 Καὶ⁸
1212 1804 1466 1873 ἐλέγοντο
1499 1806 1549 1859 οἱ
1593 1805 1830 1859 τοιοῦτοι

260 1903 573 1971 Ἀκέφαλοι,
605 1902 743 1954 διότι
772 1900 852 1971 τῷ
895 1899 1217 1970 πατριάρχῃ
1255 1897 1432 1951 αὐτῶν
1485 1897 1560 1968 μὴ
1601 1897 1831 1951 ἀκολου-

249 1995 540 2065 θήσαντες,
566 1993 688 2046 καθ’
720 1993 952 2054 ἑαυτοὺς
1001 1989 1348 2044 ἐκοινώνουν.
1380 1985 1518 2042 Εἶτα
1557 1992 1586 2044 6
1623 1989 1831 2060 Πέτρος

250 2087 472 2157 θεωρῶν
501 2086 591 2138 τὸν
619 2085 790 2154 δῆμον
839 2083 934 2136 ἐπὶ
976 2081 1114 2135 πολὺ
1145 2081 1496 2152 σχιζόμενον,
1521 2082 1831 2150 ἀναγκάζε-

247 2197 339 2232 ται
372 2177 624 2248 φανερῶς
655 2175 1059 2245 ἀναθεματίσαι
1083 2173 1183 2242 τὴν
1223 2171 1465 2238 σύνοδον,
1493 2173 1588 2226 καὶ
1621 2173 1834 2243 ἐδέχετο

253 2272 356 2342 μὲν
385 2271 450 2324 τὸ
484 2269 796 2332 Ἐνωτικὸν,
832 2265 1197 2336 ἀνεθεμάτιζε
1239 2265 1296 2317 δὲ
1344 2267 1442 2318 καὶ
1481 2263 1582 2335 τὴν
1613 2264 1832 2318 σύνοδον

251 2363 525 2434 φανερῶς.
557 2361 694 2416 Οὐδὲ
719 2359 893 2422 οὕτως
917 2357 1292 2427 ἐκοινώνησαν
1323 2355 1474 2426 αὐτῷ
1509 2358 1560 2409 οἱ
1600 2356 1835 2425 Ἀκέφα-

250 2457 355 2519 λοι,
397 2458 479 2509 ὅτι
524 2454 661 2516 ὅλως
697 2451 920 2516 ἐδέξατο
969 2449 1031 2515 ἐξ
1085 2449 1263 2521 ἀρχῆς
1303 2448 1366 2502 τὸ
1406 2448 1715 2514 Ἑνωτικὸν,
1754 2448 1832 2517 μὴ

247 2543 659 2615 ἁναθεματίσας
691 2540 789 2612 τὴν
821 2539 1059 2593 σύνοδον.

321 2719 425 2772 Τὸν
460 2719 516 2771 δέ
564 2719 770 2788 Πέτρον
822 2717 1101 2782 διεδέξατο
1153 2718 1513 2784 Ἀθανάσιοίο
1549 2722 1646 2776 καὶ
1678 2717 1833 2786 οὗτος

249 2809 541 2878 δεχόμενος
580 2809 643 2861 τὸ
691 2809 1002 2875 Ἐνωτικὺν,
1047 2809 1410 2881 ἀνεθεμάτιζε
1447 2814 1547 2884 τὴν
1585 2814 1828 2870 σύνοδον.

251 2900 399 2970 Πλὴν
435 2900 557 2953 ούδέ
606 2900 784 2969 τούτῳ
824 2901 1192 2973 ἐκοινώνησαν
1234 2905 1285 2956 οἱ
1334 2904 1649 2974 Ἀκέφαλοι,
1694 2907 1832 2962 διότι

249 2993 342 3045 τὸν
372 2991 580 3061 Πέτρον
618 2990 856 3061 ἐδέχετο.
901 2993 1058 3046 Μετὰ
1099 2994 1160 3048 δέ
1189 2995 1284 3049 τὸν
1325 2995 1652 3053 Ἀθανάσιον
1680 3001 1830 3068 γίνε-

249 3099 342 3136 ται
388 3083 667 3173 Ἰωάννης,
698 3084 798 3137 καὶ
835 3084 998 3138 πάλιν
1045 3087 1323 3158 Ἰωάννης,
1365 3087 1484 3144 εῐτα
1513 3093 1824 3165 Διόσκορος,
1857 3110 1903 3173 C

254 3177 350 3230 καὶ
371 3171 473 3229 εἷθ’
500 3174 645 3230 οὕτω
688 3177 975 3248 Τιμόθεος,
1030 3181 1126 3233 καὶ
1163 3174 1313 3235 οὗτοι
1342 3181 1401 3235 δέ
1431 3185 1650 3248 πάντες,
1673 3187 1827 3257 δεχόιέ

255 3286 407 3340 μενοι
441 3269 540 3340 μὲν
566 3268 628 3322 τὺ
651 3269 960 3336 Ἑνωτικὸν,
985 3272 1472 3342 ἀναθεματίζοντες
1489 3276 1547 3329 δέ
1572 3278 1673 3349 τὴν
1701 3281 1826 3332 σύν-

252 3363 392 3416 οδον.
439 3361 832 3425 Ἀποθανόντος
872 3362 929 3416 δὲ
988 3365 1234 3434 Ζήνωνος
1263 3365 1358 3419 τοῦ
1397 3367 1684 3436 βασιλέως,
1720 3371 1828 3424 δια-

249 3452 469 3522 δέχεται
503 3451 604 3523 τὴν
633 3451 910 3520 βασιλείαν
935 3455 964 3506 6
997 3453 1372 3522 Ἀναστάσιος,
1397 3458 1494 3510 καὶ⁷
1521 3459 1642 3512 τότε
1669 3460 1829 3514 πλέον

253 3544 451 3614 κρατεῖ
477 3542 538 3595 τὸ
567 3542 709 3596 κατὰ
759 3544 860 3613 τῆς
921 3545 1144 3598 συνόδου
1173 3545 1376 3618 δόγμα.
1420 3548 1541 3604 Τῶν
1571 3551 1681 3620 γὰρ
1719 3553 1832 3605 δια-

250 3635 591 3706 κρινομένων
641 3630 710 3705 ἦν
753 3636 782 3688 6
823 3637 1199 3703 Ἀναστάσιος,
1235 3641 1323 3710 ἐφ’
1364 3635 1426 3695 οὗ
1458 3643 1552 3696 καὶ
1591 3645 1830 3714 Σεϐῆρος

249 3725 461 3794 γίνεται
492 3727 552 3780 ἐν
590 3727 899 3799 Ἀντιοχείᾳ
945 3729 1266 3793 ἐπίσκοπος,
1317 3731 1387 3784 τὰ
1437 3733 1576 3787 αὐτὰ
1619 3735 1830 3805 φρονῶν

249 3817 504 3888 Τιμοθέῳ
531 3816 612 3888 τῷ
643 3817 1080 3890 Ἀλεξανδρείας.
1125 3820 1518 3888 ’Δποθανόντος
1569 3825 1627 3878 δὲ
1672 3825 1829 3880 Ἀνα-

250 3909 501 3973 στασίου,
540 3908 756 3977 γίνεται
788 3909 1044 3980 βασιλεὺς
1087 3912 1373 3977 Ἰουστῖνος
1410 3917 1438 3967 6
1466 3915 1703 3985 πρῶτος,
1735 3918 1830 3969 καὶ

249 4001 328 4062 ὡς
365 4000 504 4070 μετὰ
537 3999 635 4054 Eva.
662 4001 836 4071 ἥμισυ
884 4001 1152 4067 ἐνιαυτὸν,
1185 4003 1388 4068 εὐθέως
1430 4006 1828 4071 ἰουστινιανός.

251 4091 454 4144 Τούτου
479 4091 538 4144 δὲ
571 4091 1014 4162 βασιλεύσαντος,
1055 4095 1150 4148 καὶ
1193 4095 1303 4149 τῶν
1335 4098 1626 4151 συνοδιτῶν
1655 4099 1829 4165 ὄντος,

249 4181 514 4251 φοϐηθεὶς
575 4183 604 4235 6
651 4183 894 4253 Σεϐῆρος
927 4222 942 4248 ,
999 4186 1194 4254 φεύγει
1243 4189 1326 4252 εἰς
1396 4188 1829 4262 Ἀλεξάνδρειαν,

250 4273 392 4344 ἔχων
418 4272 538 4343 μεθ’
563 4273 758 4327 ἑαυτοῦ
789 4272 1072 4329 Ἰουλιανόν
1097 4294 1219 4332 τινα
1239 4278 1542 4333 ἐπίσκοπον
1577 4279 1830 4353 Ἀλικαρ-

251 4358 640 4421 νασσοῦ.οὗτοι
652 4365 918 4432 ἐλθόντες,
937 4367 1259 4432 ἐκαθέζοντο
1274 4372 1354 4433 εἰς
1382 4369 1443 4424 τὸ
1457 4371 1720 4426 Ἐννατον
1731 4374 1829 4442 (9).

1932 542 2116 588 tamen
2132 547 2392 603 expresse
2407 547 2516 587 non
2535 531 3066 597 anathematizabat;
3089 532 3190 588 sed
3214 541 3374 588 erant
3395 533 3516 591 haec

1930 624 2099 679 verba
2128 624 2467 694 perscripta:
2503 622 2561 678 Si
2593 625 2709 694 quis
2746 639 2932 678 eorum
2971 623 3061 694 qui
3099 622 3516 680 Chalcedonenst'

1930 715 2128 785 synodo
2163 715 2474 784 adfuerunt,
2507 722 2600 768 aut
2635 713 2756 768 aliis
2789 713 2919 767 alibi
2959 715 3107 784 prius
3139 712 3331 768 habitis
3352 754 3367 778 ,
3406 731 3514 768 non

1933 815 2072 859 recte
2119 805 2298 870 sentit,
2344 807 2632 859 anathema
2677 805 2766 858 sit.
2805 803 2923 860 Hoc
2969 804 3192 859 unionis
3241 806 3513 876 scriptum

1931 896 2318 952 Alexandriam
2346 898 2569 952 allatum
2593 898 2792 952 Petrus
2809 897 3040 968 Mongus
3057 898 3278 968 recipit,
3300 899 3514 954 Joanne

1933 988 2162 1042 Romam
2192 988 2456 1058 fugiente.
2490 987 2606 1042 Sub
2630 988 2852 1042 Zenone
2883 988 3080 1042 Petrus
3103 1003 3325 1058 quoque
3357 989 3515 1043 Fullo

1931 1078 2267 1132 auctoritate
2303 1079 2662 1147 imperatoria
2695 1078 2757 1131 tit
2786 1077 3167 1132 Antiochenus
3193 1078 3511 1148 episcopus.

1932 1167 2148 1223 Unione
2178 1168 2344 1233 facta,
2373 1169 2572 1224 Petrus
2600 1169 2746 1238 apud
2777 1167 3185 1223 Alexandrinos
3214 1169 3270 1222 in
3302 1169 3513 1223 honore

1930 1259 2211 1330 pmcipuo
2227 1268 2368 1325 erat,
2385 1260 2729 1330 probatoque
2753 1260 2978 1314 unionis
3008 1261 3104 1314 illo
3121 1260 3352 1331 scripto,
3373 1261 3513 1315 solio

1931 1349 2143 1420 potitur
2177 1350 2588 1415 Alexandrino;
2621 1367 2725 1406 nec
2752 1353 2865 1422 jam
2895 1352 3131 1422 amplius
3161 1353 3397 1418 occulte,
3416 1353 3510 1408 sed

1932 1443 2115 1513 palam
2143 1451 2266 1497 erat
2293 1442 2607 1513 episcopus.
2635 1441 2872 1508 Quidam
2902 1450 3085 1497 tamen
3119 1443 3294 1498 nimio
3321 1452 3514 1497 contra

1933 1533 2206 1605 synodum
2263 1533 2773 1589 Chalcedonensem
2829 1533 2960 1589 odio
3010 1534 3269 1604 impUlsi,
3324 1549 3513 1590 seces-

1933 1625 2147 1680 sionem
2179 1640 2210 1678 a
2238 1625 2402 1679 Petro
2445 1623 2678 1688 faciunt,
2711 1640 2815 1679 nec
2843 1639 2970 1679 cum
3005 1625 3101 1680 illo
3134 1627 3513 1682 communica-

1934 1711 2072 1767 bant
2089 1713 2160 1767 ob
2180 1728 2301 1768 eam
2323 1728 2547 1768 causam
2575 1714 2744 1781 quod,
2779 1714 3002 1769 unionis
3022 1716 3230 1785 scripto
3257 1717 3514 1786 probato,

1935 1804 2210 1875 synodum
2245 1804 2595 1859 anathemate
2643 1803 2940 1859 manifesto
2982 1820 3095 1859 non
3124 1805 3321 1862 fuisset
3353 1822 3517 1862 exse-

1935 1901 2140 1948 oratus.
2172 1893 2352 1962 Atque
2395 1892 2454 1948 hi
2497 1892 2843 1948 vocabantur
2877 1894 3144 1963 Acephali
3187 1897 3388 1967 (capite
3423 1914 3510 1952 ea.

1936 1985 2184 2052 rentes),
2232 1983 2381 2052 quod
2422 1983 2794 2054 patriarcham
2831 1998 2994 2038 suum
3033 1985 3262 2040 minime
3297 1990 3512 2052 secuti,

1933 2088 2184 2130 seorsum
2209 2076 2706 2131 communicarent.
2736 2076 2875 2131 Hinc
2898 2078 3113 2143 Petrus,
3134 2083 3230 2148 qui
3251 2082 3515 2150 populum

1934 2167 2318 2238 multipliciter
2339 2168 2520 2224 scindi
2543 2168 2781 2235 videret,
2802 2170 3022 2226 tandem
3046 2173 3224 2243 palam
3245 2175 3516 2246 synodum

1935 2259 2410 2316 anathematizare
2443 2263 2693 2333 cogitur:
2730 2280 2843 2335 quo
2889 2265 3076 2330 ﬁebat,
3121 2275 3182 2321 ut
3220 2268 3430 2337 pariter
3461 2277 3516 2320 et

1936 2351 2160 2406 unionis
2209 2353 2479 2422 scriptum
2514 2356 2812 2423 reciperet,
2856 2366 2913 2412 et
2948 2358 3129 2427 palam
3177 2360 3513 2415 anathemati

1934 2442 2208 2513 synodum
2237 2445 2555 2516 subiiceret.
2585 2446 2790 2501 Verum
2815 2462 2886 2501 ne
2904 2448 2984 2503 sic
3006 2450 3232 2519 quidem
3253 2452 3514 2522 Acephali

1934 2550 2062 2589 cum
2106 2550 2174 2591 eo
2220 2537 2735 2604 eommunicabant,
2786 2540 2880 2609 qui
2928 2541 2998 2594 ab
3046 2543 3204 2598 initio
3249 2547 3515 2615 scriptum

1937 2625 2166 2682 unionis
2197 2630 2582 2698 approbasset,
2615 2645 2727 2686 non
2757 2632 3219 2689 anathematizata
3245 2637 3478 2707 synodo.

2009 2720 2100 2774 Ill.
2169 2720 2332 2774 Petro
2396 2721 2666 2776 successit
2729 2721 3097 2791 Athanasius,
3154 2727 3250 2796 qui
3307 2729 3517 2799 scripto

1937 2813 2162 2868 unionis
2185 2820 2462 2882 suscepto,
2492 2813 2828 2868 anathemati
2860 2816 3130 2886 synodum
3161 2819 3512 2888 subjiciebat.

1933 2904 2139 2960 Verum
2170 2917 2274 2959 nec
2302 2919 2426 2958 cum
2452 2905 2547 2958 illo
2568 2906 3051 2961 communicabant
3076 2910 3361 2978 Acephali,
3387 2911 3515 2979 quia

1934 2995 2156 3049 Petrum
2186 2995 2480 3066 reciperet.
2514 2996 2644 3051 Post
2672 2997 3032 3052 Athanasium
3059 3000 3297 3055 Joannes
3321 3001 3514 3070 tltepi-

1935 3094 2237 3156 scopus,et
2272 3102 2492 3140 rursum
2531 3086 2774 3142 Joannes
2823 3089 2982 3154 alter,
3017 3090 3142 3144 inde
3195 3092 3512 3156 Dioscorus,

1934 3186 1991 3246 et
2023 3177 2242 3232 tandem
2275 3177 2620 3233 Timotheus.
2653 3177 2720 3233 Hi
2750 3193 2944 3235 omnes
2976 3183 3198 3236 unionis
3246 3184 3512 3252 scriptum

1937 3265 2301 3334 recipiebant,
2327 3274 2382 3319 et
2411 3267 2677 3336 synodum
2711 3270 3266 3326 anathematizabant.
3295 3273 3516 3330 Zenone

1935 3371 2067 3410 vero
2118 3357 2368 3426 principe
2403 3367 2647 3422 mortuo,
2678 3357 2998 3414 Anastasius
3028 3361 3082 3414 in
3123 3362 3357 3431 imperio
3394 3379 3518 3417 suc-

1933 3447 2102 3510 cedit,
2127 3461 2238 3516 quo
2267 3456 2515 3517 tempore
2541 3448 2739 3518 dogma
2759 3451 2968 3520 synodo
2997 3451 3336 3506 contrarium
3367 3454 3515 3509 vires

1936 3538 2174 3607 majores
2197 3539 2541 3607 acquirebat.
2561 3539 2692 3593 Erat
2712 3541 2860 3594 enim
2889 3542 3210 3605 Anastasius
3230 3559 3298 3598 ex
3322 3560 3513 3599 eorum

1938 3642 2175 3681 numero
2203 3629 2297 3697 qui
2340 3628 2668 3684 Haesitantes
2713 3632 3089 3686 vocabantur:
3142 3635 3248 3688 sub
3297 3651 3408 3705 quo
3459 3648 3518 3691 et

1937 3719 2177 3774 Severus
2225 3719 2519 3788 episcopus
2568 3722 2950 3778 Antiochenus
2995 3724 3346 3795 designatur,
3388 3743 3512 3784 cum

1936 3807 2308 3864 Alexandrino
2334 3809 2625 3865 Timotheo
2645 3813 3019 3869 consentiens.
3041 3815 3334 3873 Anastasio
3349 3820 3516 3876 rebus

1937 3903 2194 3958 humanis
2217 3913 2493 3972 exempto,
2538 3903 2790 3959 Justinus
2820 3905 2974 3974 prior
3013 3906 3248 3976 imperio
3277 3911 3513 3978 potitur,

1936 4009 2002 4049 ac
2026 4003 2151 4063 post
2183 4009 2389 4047 annum
2419 4002 2476 4048 et
2509 3993 2802 4048 dimidium
2839 4011 2963 4050 mox
2993 3998 3344 4055 Justinianus
3382 4017 3512 4056 suc-

1938 4083 2105 4140 cedit.
2138 4086 2218 4139 Eo
2263 4100 2447 4139 rerum
2491 4084 2688 4154 potito,
2723 4086 2818 4155 qui
2851 4088 3159 4158 synoditam
3197 4105 3256 4143 se
3289 4093 3517 4160 proﬁte-

1939 4183 2110 4240 retur,
2148 4174 2391 4230 Severus
2422 4186 2573 4229 metu
2615 4175 2919 4244 impulsus,
2959 4176 3348 4235 Alexandriam
3385 4198 3516 4252 pro-

1938 4264 2098 4336 fugit,
2141 4264 2422 4320 Julianum
2465 4265 2760 4335 quemdam
2809 4267 3350 4326 Halicarnassensem
3397 4274 3516 4342 epi-

1937 4368 2164 4424 scopum
2195 4368 2384 4408 secum
2407 4353 2704 4409 abducens.
2729 4355 3093 4426 Posteaquam
3117 4375 3184 4416 eo
3209 4362 3509 4427 venissent,

248 4459 360 4512 Καί
409 4475 542 4512 ποτε
593 4458 752 4528 λόγου
798 4459 1116 4529 κινηθέντος
1152 4460 1358 4530 μεταξὺ
1391 4463 1592 4527 αὐτῶν,
1624 4464 1829 4535 ἠμφισ-

1937 4444 2208 4499 sedebant
2222 4445 2289 4499 ad
2313 4444 2610 4508 Ennatum,
2635 4455 2692 4500 et
2711 4457 2859 4502 mota
2879 4447 3024 4504 inter
3045 4450 3193 4521 ipsos
3212 4453 3512 4522 aliquando

247 4550 449 4620 δήτουν
499 4553 629 4622 περὶ
682 4550 928 4622 φθαρτοῦ
975 4552 1072 4606 καὶ
1099 4552 1383 4624 ἀφθάρτου
1411 4555 1512 4624 (It),
1543 4557 1592 4608 εί
1621 4558 1732 4626 ἄρα
1768 4557 1832 4610 τὸ

251 4640 412 4711 σῶμα
436 4640 532 4694 τοῦ
562 4642 800 4713 Χριστοῦ
831 4640 938 4713 πρὸ
957 4642 1058 4713 τῆς
1081 4643 1435 4706 ἀναστάσεως
1461 4644 1627 4698 αὐτοῦ
1659 4646 1832 4718 φθαρ-

247 4732 340 4785 τὸν
381 4728 540 4802 ἦν,ἢ
594 4731 893 4804 ἄφθαρτον.
941 4734 998 4788 '0
1047 4734 1149 4805 μὲν
1207 4733 1319 4806 γὰρ
1361 4735 1649 4800 Ἰουλιανὸς
1698 4753 1832 4791 κατ-

247 4822 560 4878 ακολουθῶν
588 4825 654 4893 τῇ
677 4825 878 4894 ἀρχαίᾳ
896 4823 1042 4896 δόξῃ,
1072 4824 1259 4894 ἔλεγεν
1290 4826 1372 4879 ὅτι
1403 4826 1679 4898 ἄφθαρτόν
1710 4831 1826 4882 ἐστι

245 4913 311 4966 τὸ
365 4912 527 4983 σῶμα
571 4912 668 4966 τοῦ
714 4913 989 4984 Χριστοῦ·
1035 4916 1084 4967 εἰ
1133 4916 1207 4986 μὴ
1248 4915 1359 4988 γὰρ
1405 4917 1654 4990 εἴπωμεν
1692 4920 1827 4973 αύτὺ

247 5004 550 5076 ἄφθαρτον,
581 5005 719 5058 ἀλλὰ
764 5006 1026 5075 φθαρτὸν,
1058 5006 1325 5078 διαφορὰν
1366 5010 1659 5080 εἰσάγομεν
1692 5010 1828 5080 πρὸς

247 5096 339 5149 τὸν
366 5097 539 5164 Λόγον
567 5095 664 5148 τοῦ
701 5096 858 5150 Θεοῦ.
908 5099 1184 5167 Διαφορᾶς
1223 5098 1279 5151 δὲ
1319 5101 1704 5170 εἰσαγομένης,
1735 5101 1829 5153 δύο

249 5186 444 5254 φύσεις
487 5188 834 5258 εὑρίσκονται
868 5189 926 5240 ἐν
954 5187 1034 5258 τῷ
1060 5189 1300 5260 Χριστῷ.
1329 5192 1440 5245 Καὶ
1485 5192 1540 5245 τί
1579 5192 1826 5262 ἀκαίρως

252 5279 542 5349 μαχόμεθα
568 5281 634 5350 τῇ
671 5279 908 5349 συνόδῳ;
943 5281 1087 5350 Πρὸς
1105 5281 1276 5335 ταῦτα
1303 5283 1488 5353 ἔλεγεν
1511 5287 1538 5338 6
1562 5286 1825 5356 Σεδῆρος,

319 5438 394 5510 (g)
418 5439 460 5489 Ε
468 5439 522 5504 ις
545 5438 612 5513 τὸ
633 5441 906 5496 ἔννατον.
936 5439 1153 5513 Videsis
1188 5457 1308 5513 quae
1339 5442 1596 5513 superius
1621 5440 1818 5513 ρ.155,

247 5519 366 5579 not.
393 5524 490 5579 c.,g
527 5509 885 5566 observamus
929 5527 998 5566 ex
1050 5509 1417 5579 Wesselingio
1467 5512 1534 5565 ad
1579 5510 1820 5566 Liberali

249 5577 614 5651 _Breviarium,
673 5595 793 5651 cap.
845 5579 1183 5651 l9.AQuibus
1221 5577 1392 5651 addas
1418 5581 1740 5651 velimquae
1765 5579 1822 5632 in

249 5646 400 5703 hunc
418 5648 601 5704 locum
624 5646 910 5708 adnotavit
933 5649 1244 5710 Cotelerius
1265 5649 1410 5708 Eccl.
1449 5649 1542 5706 Gr.
1562 5646 1820 5714 Monum,

245 5725 388 5798 39E.
489 5733 613 5791 pag.
640 5718 742 5776 809
770 5735 819 5777 ο.
1235 5766 1237 5769 .

1933 4536 2239 4604 quastione
2288 4535 2357 4589 de
2395 4535 2746 4606 corruptibili
2778 4547 2835 4592 et
2867 4537 3303 4610 incorruptibili,
3333 4543 3511 4598 ambi-

1934 4627 2134 4697 gebant
2183 4641 2316 4680 num
2353 4627 2566 4682 scilicet
2597 4626 2801 4683 Christi
2839 4643 3040 4698 corpus
3083 4641 3210 4687 ante
3257 4648 3509 4688 resurre-

1933 4727 2172 4782 ctionem
2200 4727 2714 4798 ejuscorruptibile
2745 4727 2934 4789 fuerit.
2969 4743 3038 4782 an
3065 4725 3507 4795 incorruptibile.

1932 4819 2186 4876 Julianus
2212 4819 2384 4882 enim,
2418 4819 2682 4874 insistens
2721 4820 2968 4890 Opinioni
3002 4820 3268 4889 pristinae,
3305 4817 3510 4873 Christi

1935 4935 2137 4988 corpus
2168 4933 2290 4972 esse
2319 4916 2540 4971 dicebat
2571 4917 3024 4988 incorruptibile:
3057 4917 3263 4988 quippe
3307 4916 3350 4970 si
3398 4931 3510 4970 non

1937 5008 2382 5080 incorruptibile,
2413 5008 2509 5062 sed
2553 5010 2914 5079 corruptibile
2942 5009 3268 5074 dixerimus,
3304 5008 3512 5077 inquit,

1933 5102 2081 5156 inter
2115 5115 2318 5170 corpus
2346 5107 2402 5154 et
2428 5099 2751 5155 Sermonem
2791 5101 2889 5155 Dei
2919 5100 3219 5155 discrimen
3249 5099 3509 5154 introdu-

1933 5193 2128 5247 cimus.
2172 5191 2242 5246 At
2269 5205 2404 5245 vero
2439 5190 2484 5244 si
2528 5189 2826 5246 discrimen
2860 5193 3253 5256 constituatur,
3289 5190 3412 5244 duae
3455 5188 3509 5243 in

1931 5284 2154 5340 Christo
2184 5289 2396 5336 natura!
2422 5282 2798 5353 reperiuntur.
2832 5283 2899 5337 Et
2927 5299 3028 5337 cur
3051 5293 3160 5338 tam
3191 5282 3508 5352 importune

2001 5441 2075 5511 (It)
2102 5439 2532 5511 Heptyaaptoﬁ
2583 5439 3048 5511 καὶέὰφθάρτου.
3108 5439 3500 5511 ϐοιειετίιιξᾲίιι

1930 5509 2076 5564 Eccl.
2106 5510 2200 5566 Gr.
2232 5509 2494 5579 Monum._,
2519 5519 2652 5564 tom.
2686 5510 2728 5573 l,
2774 5525 2897 5579 pag.
2929 5510 3031 5564 787
3071 5526 3223 5579 seqq.
3274 5526 3342 5564 ει
3387 5509 3500 5563 Eu-

1929 5579 2122 5656 thymii
2151 5579 2426 5656 P_an_oplia_
2450 5577 2638 5634 Graeca
2659 5577 3022 5656 fragmentum
3062 5577 3232 5638 refert
3259 5579 3518 5656 Leontii,‘

1928 5648 2079 5720 quod
2106 5648 2238 5704 huic
2259 5649 2383 5705 loco
2411 5649 2591 5706 lucem
2617 5648 2814 5706 aderre
2842 5648 3036 5720 possit.

3502 5749 3548 5828 ei
