3924 6294
446 348 590 417 .1231
1714 345 2018 406 LEONTII
2054 344 2458 406 BYZANTINI
3607 347 3750 416 1231

451 463 727 535 synodum
767 459 1189 530 oppugnamus?
1221 458 1302 513 Ad
1336 474 1402 513 ea
1434 459 1706 514 Severus:
1761 471 1922 526 posse
1971 471 2029 511 se

2145 456 2217 508 5τι
2254 456 2476 510 δύναται
2523 457 2620 510 καὶ
2649 457 2927 530 ἄφθαρτον
2958 445 3136 514 εἰπεῖν
3177 462 3234 515 τὸ
3262 463 3422 534 σῶμα
3469 467 3570 518 τοῦ
3607 469 3746 539 Χρι-

453 556 665 626 puriter
696 563 753 607 et
791 551 1000 606 Christi
1046 565 1250 620 corpus
1281 548 1709 618 incorruptibile
1738 547 1944 612 dicere,
1980 555 2034 600 et

2145 543 2304 608 στοῦ,
2349 547 2442 598 καὶ
2499 546 2765 616 διαφορὰν
2816 551 3174 618 εἰσαγαγεῖν,
3222 553 3318 605 καὶ
3382 554 3528 622 μίαν
3569 557 3744 624 φύσιν

452 645 752 700 discrimen
773 642 1144 706 constituere;
1178 648 1238 696 et
1272 639 1639 695 nihilominus
1671 654 1835 692 unam
1862 638 1914 694 ei
1940 638 2038 692 tri-
2140 634 2339 687 εἰπεῖν.

455 737 628 791 buerc
669 743 948 790 naturam.

2214 810 2480 881 Ἔμειναν
2511 812 2606 866 οὖν
2633 806 2780 866 οὗτοι
2811 814 3117 885 μαχόμενοι
3153 816 3292 886 πρὸς
3324 818 3617 892 ἀλλήλους
3651 827 3740 879 xz!

2138 904 2502 974 ἐκτιθέμενοι.
2544 906 2604 957 '0
2637 905 2696 960 δέ
2731 906 3026 977 Τιμόθεος,
3059 909 3194 964 ποτέ
3249 911 3353 980 μὲν
3399 913 3616 984 τούτῳ,
3647 935 3743 970 πο-

2137 997 2197 1050 τὲ
2241 996 2300 1050 δὲ
2336 999 2532 1067 ἐκείνῳ
2569 999 2874 1069 συνήγορος
2912 995 3017 1070 ἦν·
3051 1001 3265 1071 μέλλων
3307 1004 3369 1057 δὲ
3399 1008 3429 1059 6
3464 1008 3744 1077 Τιμόθεος

2141 1087 2384 1142 συνιέναι
2428 1089 2567 1160 πρὸς
2617 1090 2709 1144 τὸν
2743 1091 2998 1162 βασιλέα,
3031 1095 3264 1168 τελευτᾷ
3287 1113 3301 1128 ·
3335 1103 3780 1167 μετεστείλατοξ

2138 1181 2248 1250 γὰρ
2291 1180 2476 1246 αὐτὸν,
2527 1182 2765 1251 ὀφείλων
2798 1186 2832 1254 ἢ
2875 1189 3065 1241 πεῖσαι
3107 1188 3368 1256 γενέσθαι
3417 1183 3778 1265 συνοόἰτην,ί

2138 1271 2171 1340 ἢ
2204 1270 2456 1325 καθελεῖν
2485 1273 2674 1328 αὐτόν.
2706 1272 2888 1330 τΗσαν
2926 1277 2986 1330 δὲ
3015 1279 3139 1332 τότε
3172 1279 3269 1333 δύο
3301 1279 3534 1351 ἄνδρες,
3568 1285 3738 1340 Γαῖα·
3768 1287 3804 1298 ““

448 1382 601 1428 .ιιιι·ο.
634 1375 806 1428 Brant
837 1373 890 1426 id
915 1372 1180 1441 temporis
1205 1373 1312 1426 viri
1343 1372 1476 1438 duo,
1506 1371 1748 1426 Gaianus
1775 1379 1832 1427 et
1858 1371 2034 1427 Theo-

2145 1361 2228 1425 νδς
2281 1363 2378 1416 καὶ⁸
2428 1362 2716 1428 Θεοδόσιος
2738 1407 2754 1431 ,
2805 1367 2835 1418 6
2904 1368 3003 1437 μὲν
3062 1368 3294 1431 Γαῖανὸς
3344 1372 3738 1441 ἀρχιδιάκσνος

453 1465 790 1520 (Ιοεὶυεεῖιιο
820 1464 1044 1533 quidem
1069 1463 1497 1519 archidiaconus
1522 1463 1823 1529 Timothei,
1855 1463 2034 1519 Them

2145 1453 2432 1523 Τιμοθέου,
2461 1457 2488 1508 6
2517 1457 2576 1510 δὲ
2605 1455 2888 1521 Θεοδόσιος
2916 1459 3280 1530 λογογράφος.
3329 1463 3739 1531 Ἀποθανόντος

447 1556 643 1611 dosius
690 1570 825 1610 vero
889 1555 1128 1625 scriptor
1178 1555 1513 1610 orationum.
1574 1555 1766 1626 Itaque
1813 1567 2034 1613 mortuo

2145 1540 2230 1598 οὖν
2263 1545 2556 1615 Τιμοθέου,
2595 1550 2904 1618 χειροτονεῖ
2932 1550 2962 1602 6
2994 1547 3219 1621 κλῆρος,
3269 1554 3366 1606 καὶ
3403 1556 3460 1608 οῖ
3529 1559 3737 1627 πρῶται

456 1649 772 1714 Timotheo,
809 1648 992 1703 clerus
1045 1657 1103 1702 et
1150 1648 1310 1702 urbis
1342 1647 1608 1716 primates
1658 1648 2032 1705 Theodosium

2145 1637 2235 1708 τῆς
2266 1638 2496 1703 πόλεως,
2527 1639 2809 1694 Θεοδόσιον
2854 1642 3182 1697 ἐπίσκοπον.
3228 1644 3444 1699 Τούτου
3480 1666 3733 1719 15:96:0-

2138 1730 2413 1800 νηθέντος,
2473 1730 2735 1784 εἰσελθὼν
2781 1736 2809 1785 6
2849 1733 3046 1804 δῆμος,
3092 1737 3190 1789 καὶ
3227 1739 3511 1809 ἑωρακὼς
3575 1743 3730 1795 αὐτὸν

441 1832 609 1902 .plebs
642 1833 908 1901 ingressa,
959 1847 1086 1886 cum
1131 1832 1188 1885 in
1225 1832 1368 1886 solio
1397 1831 1685 1886 sedentem
1716 1833 2032 1903 conspexis-

2145 1823 2232 1875 ἐπὶ
2281 1822 2376 1876 τοῦ
2441 1822 2634 1894 θρόνου
2679 1824 3072 1895 καθεζόμενον,
3113 1826 3293 1890 οὕτως
3334 1831 3729 1903 ἠγανάκτησεν

454 1931 558 1986 set,
580 1936 751 1992 usque
767 1922 906 1976 adeo
925 1919 1206 1993 indignata
1229 1932 1315 1977 est
1329 1922 1476 1992 quod
1501 1922 1782 1980 hominem
1798 1924 2028 1992 odisset,

2145 1913 2390 1985 (ἐμίσουν
2423 1915 2533 1984 γὰρ
2565 1916 2774 1987 αὐτὸν),
2808 1916 2948 1970 ὥστε
2973 1919 3179 1984 εὐθέως
3209 1939 3297 1984 τις
3329 1923 3444 1975 ἀπὸ
3473 1925 3582 1977 τοῦ
3616 1927 3730 1992 θρό-

455 2020 516 2064 υι
535 2026 661 2066 ιιιοιι
685 2027 810 2066 eum
835 2011 1060 2081 quidam
1089 2027 1123 2066 e
1153 2013 1352 2068 throno
1369 2013 1663 2084 dejiceret:
1684 2025 2033 2086 quapropter

2145 2022 2232 2060 νου
2254 2007 2480 2078 ἔρριψεν
2506 2007 2689 2062 αὐτόν.
2712 2009 2821 2062 Καὶ
2841 2011 2870 2062 6
2895 2011 2992 2079 μέν
3017 2010 3298 2075 Θεοδόσιος
3323 2013 3505 2083 ἔφυγε
3529 2034 3544 2047 ·
3569 2017 3726 2071 Γαῖα-

453 2102 770 2172 aufugiente
805 2103 1140 2170 Theodosio,
1164 2103 1407 2161 Gaianus
1439 2106 1614 2176 ipsius
1641 2107 1765 2162 loco
1791 2121 1891 2176 per
1918 2108 2031 2162 vim

2145 2098 2229 2158 νὸς
2271 2097 2329 2150 δὲ
2375 2099 2468 2169 βίᾳ
2508 2101 2728 2167 ἐγένετο
2762 2101 2878 2154 ἀντ’
2914 2101 3083 2156 αὐτοῦ
3130 2105 3459 2170 ἐπίσκοπος.
3517 2110 3725 2164 Συνετ-

458 2191 639 2246 factus
677 2201 764 2248 est
795 2194 1110 2263 episcopus.
1139 2194 1210 2248 Et
1256 2195 1565 2250 incolarum
1611 2197 1766 2251 urbis
1809 2210 2032 2266 quoque

2145 2189 2380 2260 ἐστησαν
2425 2190 2482 2244 δὲ
2521 2191 2619 2246 καὶ
2651 2194 2766 2254 τοῖς
2798 2191 3139 2262 προσώποις,
3173 2197 3223 2249 οί
3265 2196 3368 2267 τῆς
3400 2200 3658 2262 πόλεως’
3685 2204 3726 2254 ei

453 2292 657 2338 secuta;
701 2292 831 2339 sunt
873 2285 1189 2350 factiones;
1227 2286 1432 2356 quippe
1483 2298 1764 2357 magnates
1800 2289 1956 2344 urbis
1999 2304 2032 2344 a

2145 2280 2243 2350 μὲν
2273 2279 2384 2351 γὰρ
2422 2282 2650 2352 μεγάλοι
2687 2283 2789 2351 τῆς
2819 2283 3031 2347 πόλεως
3067 2280 3209 2354 ἦσαν
3244 2289 3385 2356 μετὰ
3411 2288 3726 2358 Θεοδοσὲον,

455 2373 764 2430 Theodosio
795 2377 1036 2442 stabant,
1059 2377 1216 2445 plebs
1242 2392 1273 2430 a
1301 2377 1542 2432 Gaiano:
1575 2387 1914 2448 quapropter
1939 2393 2032 2433 ac-

2145 2372 2169 2426 ό
2201 2369 2260 2422 δέ
2292 2372 2464 2442 δῆμος
2498 2373 2641 2443 μετὰ
2667 2373 2934 2428 Γαῖανοῦ·
2964 2377 3165 2446 συνέϐη
3200 2373 3296 2431 οὖν
3323 2380 3387 2432 οὗ
3427 2383 3606 2450 μόνον
3627 2389 3727 2446 τοῖς

443 2465 608 2531 cidit,
642 2481 754 2520 non
777 2467 958 2521 solum
989 2475 1051 2520 ut
1085 2466 1371 2520 hominum
1399 2465 1734 2521 factionibus
1761 2467 1894 2522 urbs
1918 2476 2033 2522 tota

2145 2460 2462 2532 προσώποις
2518 2466 3006 2536 συναπορραγῆναι
3064 2467 3162 2538 τὴν
3209 2469 3386 2535 πόλιν,
3435 2472 3586 2527 ἀλὶὰ
3639 2476 3725 2528 αἱ

453 2559 876 2624 distraheretur,
921 2558 1018 2620 sed
1048 2558 1216 2612 etiam
1256 2558 1568 2614 sententiis.
1603 2557 1742 2612 Nam
1790 2556 2033 2613 Gaianus

2145 2555 2252 2615 τοῖς
2278 2553 2564 2623 δόγμασιν.
2600 2555 2661 2608 '0
2695 2555 2797 2626 μὲν
2839 2556 2950 2627 γὰρ
2979 2557 3204 2622 Γαῖανδς
3227 2559 3304 2630 τῷ
3331 2561 3582 2632 δόγματι
3603 2566 3724 2630 ἡκο-

453 2652 658 2708 Juliani
689 2651 1020 2706 sententiam
1065 2649 1400 2717 sectabatur,
1435 2649 1625 2704 Severi
1661 2648 2028 2706 Theodosius.

2145 2641 2324 2697 λούθει
2370 2644 2684 2713 Ἰουλιανοῦ,
2708 2647 2737 2699 6
2775 2646 2834 2699 δὲ
2864 2647 3148 2714 Θεοδόσιος
3175 2649 3255 2720 τῷ
3288 2651 3533 2723 δόγματι
3562 2656 3724 2727 256+.-

2133 2751 2260 2804 ρον.

2225 2826 2490 2893 Ἀκούσας
2541 2829 2598 2884 δὲ
2656 2828 2726 2884 τὰ
2775 2834 3040 2902 γινόμενα
3101 2833 3491 2901 Ἰουστινιανδς
3541 2840 3584 2891 6
3635 2839 3726 2909 βι-

451 2931 595 2987 rent,
639 2923 870 2977 Narsem
901 2922 1142 2993 ablegat,
1175 2921 1528 2992 cogniturum
1562 2930 1690 2977 uter
1722 2935 1794 2976 ex
1837 2920 2034 2975 ambo-

2145 2918 2360 2984 σιλεὺς,
2420 2921 2630 2990 πέμπει
2666 2922 2757 2976 τὸν
2786 2922 3033 2994 Νὰρσην,
3068 2925 3355 2994 ὀφείλοντα
3389 2928 3619 2997 μαθεῖν,
3650 2933 3725 2994 τίς

445 3013 560 3069 .bus
599 3029 723 3069 esse
770 3012 996 3068 deberet
1043 3013 1357 3083 episcopus.
1393 3012 1597 3068 Narses
1644 3011 2033 3067 Alexandriam

2145 3010 2206 3064 ἐκ
2249 3009 2360 3064 τῶν
2403 3011 2498 3065 δύο
2541 3013 2746 3082 ὀφείλει
2782 3010 2926 3070 εἶναι
2953 3017 3276 3082 ἐπίσκοπος.
3315 3019 3376 3073 '0
3405 3021 3469 3075 es
3499 3023 3725 3094 Νάρσης

445 3105 754 3177 profectus,
784 3121 910 3162 cum
942 3114 1067 3161 uter
1087 3106 1386 3161 amborum
1420 3106 1576 3175 prior
1613 3104 1792 3160 factus
1835 3103 2034 3160 fuisset

2145 3100 2312 3158 ἐλθὼν
2333 3141 2349 3167 ,
2401 3104 2499 3156 καὶ
2532 3105 2838 3176 ἐρωτήσας,
2873 3106 2957 3170 τίς
2989 3109 3056 3162 ἐκ
3083 3109 3195 3164 τῶν
3222 3109 3319 3164 δύο
3354 3113 3481 3166 ἐστὶ
3508 3116 3724 3185 πρῶτος

451 3199 765 3269 episcopus,
790 3198 1220 3267 interrogasset,
1253 3197 1420 3265 idque
1439 3195 1509 3250 de
1533 3195 1848 3250 Theodosio
1879 3210 2028 3280 com-

2145 3196 2449 3266 γενόμενος,
2486 3199 2582 3251 καὶ
2610 3197 2827 3266 μαθὼν,
2855 3199 2940 3252 ὅτι
2966 3199 3281 3264 Θεοδόσιος·
3333 3205 3431 3258 τὸν
3465 3206 3569 3276 μὲν
3602 3207 3723 3260 Γαῖ-

447 3294 709 3364 .perisset,
746 3292 1013 3347 Caianum
1046 3290 1271 3358 quidem
1311 3289 1369 3342 in
1411 3288 1668 3342 exsilium
1711 3288 1900 3354 misit,
1937 3288 2033 3357 qui

2145 3289 2264 3341 ινὸν
2293 3289 2524 3358 ἐξώρισε
2565 3289 2696 3358 (καὶ
2730 3291 2946 3361 ἀφανὴς
2973 3292 3195 3360 ἐγένετο
3220 3294 3283 3358 ἐξ
3306 3295 3528 3352 ἐκείνου
3563 3299 3724 3369 μέχρι

523 829 612 882 1V.
639 827 829 895 Itaque
853 824 910 878 hi
933 824 1274 880 contendere
1299 824 1527 877 inter'se
1551 838 1663 877 non
1681 820 2033 886 desinebant,

451 917 723 985 librisque
776 931 890 969 rem
944 913 1228 984 prosequi.
1272 912 1600 967 Timotheus
1645 921 1829 966 autem
1872 911 2036 966 modo

454 1009 604 1073 huic,
637 1007 802 1062 modo
837 1007 917 1061 illi
963 1006 1454 1076 patrocinabatur:
1506 1005 1745 1074 cumque
1796 1005 2036 1072 impera-

441 1110 627 1155 torem
648 1099 905 1154 aditurus
922 1105 1088 1163 esset,
1106 1098 1325 1154 vivendi
1351 1097 1517 1152 finem
1542 1096 1674 1152 fecit
1698 1112 1714 1162 ;
1739 1097 2038 1151 arcessitus

445 1193 601 1246 enim
635 1207 665 1245 a
702 1189 954 1260 principe
995 1190 1196 1255 fuerat,
1235 1190 1323 1244 vel
1366 1204 1724 1259 persuasum,
1766 1189 2037 1260 synoditis

456 1282 542 1336 uti
580 1297 638 1336 se
665 1281 1026 1352 conjungeret
1053 1319 1066 1344 ,
1109 1281 1196 1334 vel
1225 1280 1504 1334 hominem
1532 1281 1602 1334 ab
1635 1278 1814 1334 ofﬁcio
1852 1295 2035 1334 remo-

455 1739 732 1809 suﬂ'ragiis
773 1740 890 1794 suis
937 1739 1260 1808 episcopum
1296 1739 1525 1808 legunt:
1579 1755 1690 1810 quo
1723 1740 2030 1811 designato,

526 2831 590 2885 V.
622 2829 924 2898 Imperator
952 2836 1138 2884 autem
1159 2828 1522 2894 Justiuianus,
1553 2826 1761 2884 auditis
1783 2843 1906 2898 quas
1931 2828 2033 2884 ﬁe-

441 3384 524 3439 -ab
556 3399 623 3438 eo
651 3392 899 3450 tempore
931 3381 989 3434 in
1019 3379 1354 3434 hodiernum
1382 3393 1558 3447 usque
1587 3377 1736 3432 diem
1762 3379 2028 3433 evanuit:

453 3470 827 3529 Theodosium
859 3485 994 3525 vero
1028 3469 1085 3524 in
1117 3469 1320 3524 solium
1361 3468 1676 3524 collocavit.
1715 3469 1830 3524 Nec
1859 3471 2035 3525 multo

442 3564 640 3634 elapso
685 3569 954 3631 tempore,
993 3560 1163 3614 mittit
1188 3560 1552 3627 Justinianus,
1578 3575 1641 3614 ac
1660 3559 2034 3616 Theodosium

452 3669 673 3726 quoque
697 3662 978 3719 removet;
1005 3653 1170 3723 eique
1192 3652 1520 3724 Byzantium
1552 3653 1862 3723 deportato,
1892 3654 2035 3708 Pau-

448 3745 569 3801 lum
617 3744 910 3822 s_ubrogat,
959 3744 1056 3814 qui
1105 3744 1440 3800 sententiam
1493 3744 1691 3816 synodi
1733 3744 2036 3814 amplecte-

453 3838 643 3895 batur.
673 3837 728 3894 ls
759 3836 964 3895 deinde
997 3844 1246 3892 remotus
1272 3835 1400 3901 fuit,
1421 3846 1656 3906 propter
1672 3837 2038 3906 approbatum

457 3933 685 3988 caedem.
711 3931 890 3988 Paulo
923 3931 1160 4000 deiecto,
1193 3929 1553 3985 substituitur
1593 3929 1650 3983 in
1691 3929 1811 4000 ejus
1848 3928 2034 3982 locum

449 4025 642 4081 Zoilus
667 4064 682 4090 ,
717 4032 964 4079 remotus
983 4033 1039 4077 et
1073 4024 1193 4092 ipse
1218 4021 1296 4076 ab
1334 4020 1537 4085 ofﬁcio,
1579 4020 1744 4075 sicuti
1772 4020 2036 4092 deinceps

451 4115 841 4172 indicabimus;
863 4115 994 4170 Post
1019 4113 1234 4168 Zoilum
1259 4112 1320 4167 fit
1342 4113 1635 4182 episcopus
1683 4111 2033 4180 Apolinaris;

453 4217 582 4280 post
609 4208 961 4280 Apolinarem
1008 4207 1281 4271 Joannes;
1310 4213 1434 4274 post
1455 4203 1724 4260 Joannem
1747 4203 2031 4273 Eulogius.

450 4299 658 4356 Omnes
696 4300 754 4354 hi
788 4306 912 4369 post
947 4299 1177 4353 Paulum
1213 4295 1480 4367 synoditm
1527 4293 1778 4349 fuerunt.
1812 4295 1884 4349 Et
1919 4294 2037 4348 haec

451 4391 682 4462 quidem
715 4391 1106 4460 episcoporum
1137 4389 1242 4443 fuit
1271 4389 1465 4442 series.

2134 3380 2235 3448 τῆς
2264 3379 2551 3450 σήμερον),
2582 3381 2673 3433 τδν
2696 3380 2754 3434 δὲ
2781 3381 3066 3438 Θεοδόσιον
3091 3384 3350 3438 ἐκάθισεν
3371 3389 3460 3450 εἰς
3482 3388 3581 3441 τὸν
3607 3390 3725 3460 θρό-

2135 3486 2248 3523 νον.
2301 3469 2511 3540 Χρόνου
2552 3470 2610 3524 δὲ
2659 3470 2862 3542 μικροῦ
2902 3472 3332 3544 διεκδραμόντος,
3383 3477 3606 3548 πέμπει
3637 3479 3725 3532 καὶ

2135 3561 2392 3632 καθαιρεῖ
2422 3563 2520 3616 καὶ
2537 3563 2631 3617 τὸν
2656 3563 2939 3619 Θεοδόσιον
2967 3567 2996 3619 6
3023 3565 3426 3632 Ἰουστινιανδς,
3455 3572 3724 3642 καὶφέρει

2135 3654 2304 3707 αὐτὸν
2351 3654 2433 3717 είς
2480 3655 2540 3707 τὸ
2583 3655 2913 3723 Βυζάντιον,
2961 3658 3080 3713 ἀντ’
3113 3659 3282 3713 αὐτοῦ
3328 3666 3724 3734 χειροτονήσας

2133 3745 2227 3798 τὸν
2256 3746 2468 3799 Παῦλον
2494 3747 2796 3818 δεχόμενον
2824 3749 2888 3802 τὸ
2910 3750 3095 3822 δόγμα
3119 3753 3220 3823 τῆς
3245 3754 3497 3809 συνόδου.
3535 3757 3724 3819 Ὅστις

2135 3839 2456 3910 καθῃρέθη,
2507 3841 2914 3914 σννευδοκήσας
2959 3844 3132 3914 φόνῳ.
3181 3845 3634 3916 Καθαιρεθέντος
3669 3850 3724 3902 δέ

2136 3929 2376 3993 Παύλου,
2411 3933 2626 3999 γίνεται
2653 3932 2769 3988 ἀντ’
2795 3933 2964 3988 αὐτοῦ
2995 3933 3222 4001 Ζώῑλος,
3257 3937 3408 4000 ὅστις
3433 3940 3536 3992 καὶ
3559 3941 3724 4004 αὐτὸς

2135 4022 2439 4092 καθῃρέθη,
2469 4023 2545 4086 ὼς
2579 4026 2637 4078 ἐν
2665 4028 2780 4089 τοῖς
2806 4025 3010 4096 ἐφεξῆς
3038 4025 3292 4097 λέξομεν.
3328 4029 3492 4082 Μετὰ
3524 4031 3726 4084 zona.

2135 4115 2349 4182 γίνεται
2384 4114 2787 4186 Ἀπολινάριος,
2828 4117 2969 4187 μετὰ
2996 4117 3090 4171 τὸν
3125 4118 3510 4190 ’Δπολινάριον
3544 4122 3725 4175 Ἰωάν-

2138 4222 2269 4276 νης,
2331 4206 2471 4276 μετὰ
2521 4206 2776 4278 Ἰωάννην
2819 4208 3104 4276 Εὑλόγιος.
3170 4209 3385 4273 Πάντες
3427 4207 3532 4265 οὖν
3577 4209 3722 4267 οὗτοι

2135 4299 2230 4353 ἐπὶ
2277 4297 2495 4352 Παύλου
2539 4298 2837 4356 συνοδῖται.
2891 4302 3006 4356 Καὶ
3053 4300 3194 4373 αὕτη
3227 4303 3326 4374 μιν
3359 4303 3396 4374 ὴ
3421 4303 3589 4369 τάξις
3614 4305 3723 4358 nini

2139 4388 2472 4442 ἐπισκόπων.

527 4482 616 4536 Vl.
655 4457 793 4536 Cum
847 4457 1033 4534 autem
1093 4479 1344 4550 privatus
1386 4479 1636 4550 Byzantii
1687 4478 2034 4534 Theodosius

2213 4478 2605 4550 Καθεζομὲνου
2635 4481 2695 4536 δέ
2723 4481 2784 4533 ἐν
2811 4479 3095 4552 Βυζαντίῳ
3137 4483 3260 4536 κατ’
3294 4482 3434 4536 ἰδίαν
3464 4482 3567 4536 τοῦ
3591 4483 3720 4536 Osee

455 4573 702 4642 degeret,
735 4573 1107 4641 Agnoetarum
1139 4570 1245 4641 (sic
1271 4571 1342 4624 ab
1369 4571 1716 4641 ignoratione
1738 4569 2033 4640 dictorum)

453 4661 654 4730 dogma
694 4668 908 4714 motum
937 4659 1062 4713 fuit.
1093 4659 1229 4714 Nam
1260 4662 1393 4730 quia
1420 4661 1685 4715 Dominus
1715 4661 1794 4716 ait
1827 4661 1894 4724 ³³,
1935 4675 2034 4713 ne-

455 4752 661 4806 miuem
689 4751 882 4804 horam
903 4749 1095 4822 judicii
1118 4749 1280 4814 scire,
1304 4766 1375 4806 ne
1397 4750 1595 4805 Filium
1617 4750 1865 4819 quidem,
1884 4759 2035 4805 extra

459 4843 636 4897 solum
688 4841 948 4905 Patrem,
997 4841 1289 4910 quaesitum
1339 4849 1454 4905 est,
1505 4857 1574 4894 an
1609 4840 1868 4896 Christus
1914 4856 2033 4896 eam

459 4934 759 5004 ignoraret,
788 4941 848 4988 ut
875 4933 1061 4988 homo.
1087 4931 1437 4989 Theodosius
1465 4931 1746 4988 Christum
1781 4933 2037 5004 ignorare

459 5027 714 5096 negabat,
745 5034 801 5082 et
837 5026 1101 5081 adversus
1140 5025 1417 5096 Agnoetas
1468 5027 1714 5097 scripsit.
1748 5026 1858 5082 Alii
1909 5041 2040 5083 vero

457 5116 739 5171 Christum
763 5116 952 5171 horam
967 5117 1221 5187 ignorare
1239 5114 1552 5182 tradebant,
1572 5115 2038 5185 quemadmodum

460 5211 638 5280 ipsum
694 5221 751 5266 et
795 5211 1042 5266 dolorem
1086 5211 1326 5266 sensisse
1368 5210 1622 5266 dicimus.
1659 5211 1793 5266 inde
1839 5210 2042 5266 divulsi

459 5313 588 5358 sunt
643 5319 671 5358 a
736 5302 1171 5368 Theodosianis,
1229 5303 1326 5372 qui
1394 5303 1658 5373 Agnoeue
1717 5313 2031 5358 vocantur:

459 5411 694 5464 rumque
729 5407 734 5412 '
773 5396 1133 5463 peculiarem‘
1185 5395 1293 5453 sibi
1362 5393 1621 5449 fecissent
1697 5395 1988 5449 ecclesiam
2017 5434 2033 5460 ,

461 5503 713 5544 seorsum
749 5489 1253 5544 communicabant.
1290 5487 1486 5542 Adhuc
1517 5487 1749 5556 degente
1789 5487 2034 5558 Byzantii

461 5579 794 5643 Theodosio,
818 5581 1000 5637 d'enuo
1025 5589 1234 5636 motum
1250 5578 1353 5634 fuit
1376 5579 1571 5649 dogma
1600 5577 2032 5635 Tritheitarum:

537 5759 580 5790 ⁸³
608 5758 775 5812 Marc.
809 5768 922 5823 χιιι,
953 5761 1042 5812 5‘2.

2135 4573 2352 4639 δοσίου,
2406 4574 2635 4646 ἐκινήθη
2671 4574 2733 4627 τὸ
2764 4573 2944 4644 δόγμα
2973 4572 3082 4626 τῶν
3120 4572 3452 4644 ’Δγνοητῶν.
3504 4574 3725 4640 Ἐπειδὴ

2139 4667 2251 4736 γὰρ
2278 4665 2428 4735 λέγει
2457 4667 2489 4719 6
2517 4667 2725 4736 Κύριος
2748 4705 2764 4732 ,
2818 4667 2902 4720 ὅτι
2943 4664 3119 4728 οὐδεὶς
3153 4661 3263 4718 οἶδε
3304 4663 3408 4734 τὴν
3433 4662 3599 4731 ὥραν
3628 4663 3724 4730 τῆς

2139 4759 2396 4830 κρίσεως,
2431 4757 2556 4830 οὺδέ
2581 4760 2610 4811 ό
2637 4757 2788 4824 Υἱὸς,
2818 4759 2870 4810 εί
2900 4757 2974 4828 μὴ
3004 4756 3033 4808 6
3060 4756 3250 4826 Πατὴρ
3281 4754 3468 4825 μόνος·
3525 4755 3724 4825 ἐζητή-

2142 4849 2210 4920 θη
2235 4889 2249 4912 ,
2299 4851 2350 4903 εἰ
2394 4851 2504 4919 ἄρα
2547 4848 2737 4917 ἠγνόει
2778 4850 2808 4901 6
2846 4846 3121 4918 Χριστὸς,
3169 4847 3246 4910 ὡς
3275 4846 3576 4916 ἄνθρωπός
3603 4863 3724 4899 sane.

2144 4943 2258 4996 Καὶ
2287 4944 2316 4996 6
2350 4942 2450 5012 μὲν
2477 4941 2764 5002 Θεοδόσιος
2807 4939 2964 5008 ἔλεγε
3003 4937 3077 5009 μὴ
3107 4938 3350 5005 ἀγνοεῖν,
3383 4938 3483 4990 καὶ
3518 4938 3724 5008 ἔγραψε

2146 5032 2291 5086 κατὰ
2331 5031 2659 5104 Ἀγνοητῶν.
2714 5029 2902 5084 Ἀλλοι
2945 5030 3002 5084 δὲ
3045 5029 3236 5096 ελεγον
3275 5030 3494 5095 ἀγνοεῖν
3539 5030 3725 5088 αὐτὸν,

2146 5123 2338 5195 ὥσπερ
2383 5123 2481 5176 καὶ
2522 5123 2751 5176 muto-at
2785 5121 3020 5192 λέγομεν
3047 5121 3236 5176 αὐτόν.
3290 5121 3401 5174 Καὶ
3433 5123 3500 5172 ἐκ
3534 5121 3727 5173 τοῦτον

2145 5213 2564 5285 ἀπεσχίσθησαν
2622 5213 2730 5267 ἀπὸ
2771 5213 2881 5266 τῶν
2921 5212 3290 5266 Θεοδοσιανῶν
3344 5213 3396 5262 οἱ
3436 5210 3727 5280 λεγόμενοι

2156 5305 2488 5376 Ἀγνοηταί·
2550 5305 2646 5359 καὶ
2699 5303 2998 5374 ἐκκλησίαν
3043 5303 3184 5355 ίδίαν
3223 5303 3556 5372 ποιήσαντες
3607 5298 3726 5353 καθ’

2145 5399 2376 5461 ἑαυτοὺς
2418 5397 2756 5451 ἐκοινώνουν.
2814 5395 2938 5448 Ἔτι
2969 5395 3025 5448 δὲ
3063 5392 3434 5462 καθεζομένου
3464 5392 3568 5444 τοῦ
3596 5393 3730 5444 Beo-

2145 5488 2325 5542 δοσῐου
2373 5491 2431 5541 ἐν
2477 5488 2555 5558 τῷ
2595 5486 2907 5556 Βυζαντίῳ,
2961 5485 3189 5556 ἐκινήθη
3231 5483 3397 5536 πάλιν
3445 5483 3508 5536 τὸ
3547 5484 3729 5550 δόγμα

2144 5578 2254 5634 τῶν
2280 5578 2599 5651 Τριθεῖτῶν,
2633 5574 2694 5633 οὗ
2726 5576 3075 5649 αἱρεσξαρχος
3099 5575 3325 5645 γέγονεν
3352 5576 3380 5630 6
3404 5574 3716 5638 Φιλόπονος
