3924 6294
279 281 416 348 1233

1481 282 1580 342 DE
1618 281 1894 342 secus.
1936 308 2003 320 —
2032 283 2192 346 ACT.
2232 255 2347 346 vr;

3405 288 3553 353 τειιπ

289 397 444 451 Ἐπεὶ
468 395 577 466 γὰρ
603 392 851 465 ἠπόρητο
879 395 943 465 τῇ
975 392 1293 464 Ἐκκλησία,
1342 392 1425 446 ὅτι
1461 391 1521 444 Ei
1549 391 1645 444 δύο
1669 389 1854 457 λέγετε

1964 386 2306 462 ουὶυέεεοιοθ
2334 391 2590 462 princeps
2620 380 2963 463 Philoponus
3005 395 3238 451 exstitit.
3267 396 3559 464 Quoniam.

278 487 473 557 φύσεις
504 487 564 539 ἐν
590 484 667 555 τῷ
692 482 935 556 Χριστῷ,
967 485 1182 555 ἀνάγκη
1205 482 1357 554 ὑμᾶς
1381 481 1478 535 καὶ
1500 480 1596 534 δύο
1619 479 1857 533 ύποστάο

280 595 394 640 σεις
443 577 641 629 είπείν.
700 573 764 627 ἸΙ
814 572 872 626 δὲ
926 573 1226 643 Ἐκκλησία
1271 570 1730 643 ἀνταπεκρίνατο,
1775 571 1858 623 ὅτι

279 668 349 722 Et
393 667 491 737 μὲν
541 666 736 719 ταυτόν
780 666 900 718 ἑστι
932 664 1098 733 φύσις
1139 664 1235 718 καὶ¹
1266 665 1592 727 ὑπόστασις,
1645 662 1860 731 ἀνάγκη

278 759 427 829 ἡμᾶς
453 756 792 826 ὁμολογῆσαι
823 754 883 808 τὸ
905 754 1131 825 ἄτομον.
1190 755 1254 808 Εἰ
1280 754 1337 806 δὲ
1368 753 1498 807 ἄλλο
1528 752 1644 806 ἐστὶ
1671 751 1859 821 φύσις,

277 852 370 903 καὶ
419 849 547 901 ἄλλο
588 848 918 911 ὑπόστασις,
972 848 1059 910 τίς
1087 848 1120 916 ή
1154 845 1364 914 ἀποκλή
1378 860 1569 914 ρωσις,
1600 842 1861 910 λέγοντας

275 943 423 1010 ἡμᾶς
455 940 551 993 δύο
584 940 807 1003 φύσεις,
860 937 1201 1008 ὁμολογῆσαι
1235 937 1454 999 πάντως
1484 932 1703 988 καὶδύο
1729 934 1860 986 ὑπο.

277 1033 529 1097 στάσειςς
563 1028 958 1099 ’Δπεκρίναντο
989 1028 1127 1098 πρὸς
1153 1029 1251 1100 τὴν
1276 1027 1607 1097 Ἐκκλησίαν
1633 1026 1681 1078 οἱ
1709 1025 1860 1094 αἱρε-

275 1122 543 1185 τικο“ι,ὄτι
583 1120 724 1181 Ναὶ,
782 1120 980 1172 ταυτόν
1028 1122 1146 1172 ἐστι
1187 1119 1350 1189 φύσις
1395 1118 1491 1170 καὶ
1534 1116 1861 1177 ὑπόστασις.

276 1208 413 1265 Εἶτα
447 1209 609 1264 πάλιν
642 1210 675 1279 ἡ
711 1209 1009 1280 Ἐκκλησία
1036 1224 1048 1239 ·
1106 1210 1168 1262 El
1199 1207 1397 1262 ταυτόν
1424 1208 1542 1259 ἔστι
1571 1205 1734 1274 φύσις
1764 1205 1860 1257 καὶ

276 1303 617 1366 ὕπόστασις,
667 1301 866 1355 οὐκοῦν
913 1301 1151 1371 λέγομεν
1189 1302 1410 1370 καὶτῆς
1432 1282 1595 1367 α’γίας
1627 1296 1861 1367 Τριάδος

275 1396 426 1464 τρεῖς
457 1395 677 1463 φύσεις·
735 1392 925 1463 ἐπειδὴ
958 1391 1410 1462 ὁμολογουμένως
1436 1391 1588 1460 τρεῖς
1615 1388 1859 1442 ὑποστά-

279 1504 396 1548 σεις
426 1487 561 1556 ἔχει.
629 1485 844 1555 Ἐπειδὴ
888 1484 1063 1538 ταῦτα
1096 1484 1284 1551 ἔλεγεν
1316 1485 1349 1553 ἡ
1383 1481 1712 1552 Ἐκκλησία.
1748 1482 1858 1534 άπ-

275 1578 531 1648 εκρίνατο
559 1580 588 1632 ό
614 1577 1021 1641 ⁴1>ιλότιονος,ι’5τι
1059 1578 1171 1630 Καὶ
1196 1576 1342 1630 ἔστω
1370 1577 1521 1647 τρεῖς
1548 1575 1742 1644 φύσεις
1769 1573 1859 1628 λέ·-

276 1687 397 1738 γειν
428 1672 574 1739 ἡμᾶς
605 1670 697 1724 ini.
722 1669 823 1740 τῆς
849 1669 1015 1739 ἁγίας
1040 1669 1292 1739 Τριάδος.
1346 1666 1547 1735 Ἔλεγε
1573 1667 1630 1719 δὲ
1659 1664 1855 1729 ταῦτα,

273 1731 585 1830 λαδὼξτὴν
611 1731 869 1830 ἀφορμὴν
1030 1731 1140 1811 τῶν
1172 1731 1645 1828 Ἀριστοτελικῶν.
1663 1755 1724 1809 '0
1745 1753 1854 1825 γάρ
1888 1731 1930 1787 Β

284 1852 675 1923 Ἀριστοτέλης
707 1852 906 1920 φησὶν,
958 1851 1041 1904 ὅτι
1089 1850 1197 1903 εἰσὶ
1242 1848 1354 1901 τῶν
1384 1847 1603 1918 άτόμων
1632 1847 1727 1900 καὶ
1757 1864 1854 1915 με-

278 1945 432 2017 ρικαὶ
457 1942 663 2006 οὐσίαι,
699 1943 796 1995 καὶ
829 1942 928 2013 μία
955 1942 1130 2010 κοινή.
1190 1939 1379 2002 Οὕτως
1403 1933 1497 1992 οὗν
1526 1938 1621 1991 καὶ
1648 1940 1677 1992 ὁ
1700 1937 1856 1992 Φιλό-

277 2050 441 2096 πονος
471 2032 691 2100 ἔλεγεν,
738 2033 821 2086 ὅτι
854 2032 963 2084 εἰσὶ
991 2033 1140 2103 τρεῖς
1171 2031 1401 2101 μερικαὶ
1424 2029 1608 2083 οὐσίαι
1637 2028 1732 2081 ἐπὶ
1759 2028 1858 2099 τῆς

274 2130 442 2198 ἁγίας
471 2129 725 2201 Τριάδος,
743 2129 839 2183 καὶ
866 2128 980 2181 ἔστι
1000 2129 1097 2199 μία
1122 2128 1301 2200 κοινή.
1324 2127 1421 2183 Ἐν
1437 2124 1653 2190 τούτοις
1674 2125 1707 2196 ἡ
1729 2123 1861 2179 θεω-

281 2240 394 2291 ρια.

1960 482 2109 537 enim
2134 482 2433 554 objiciebat
2456 484 2794 550 Ecclesiaa,si
2822 485 2962 542 duas
2987 487 3042 541 in
3067 486 3290 543 Christo
3316 497 3563 551 naturas-

1962 570 2199 639 diceret,
2219 573 2533 627 necessario
2560 588 2782 644 quoque
2806 575 2945 630 duas
2968 577 3293 647 hypostases
3324 578 3543 634 confes-

1963 678 2150 746 suram
2169 680 2183 718 :
2210 664 2576 734 respondebat
2594 666 2858 733 Ecclesia,
2877 667 2921 723 si
2942 676 3139 723 natura
3161 677 3215 724 et
3232 670 3560 742 hypostasis-

1963 756 2111 811 idem
2154 756 2305 819 sint,
2345 757 2661 812 necessario
2701 773 2922 828 quoque
2968 759 3343 816 confitendum
3392 763 3541 818 indi-

1962 847 2217 902 viduum.
2266 848 2365 903 Sin
2416 849 2568 904 aliud
2615 860 2831 916 natura,
2885 859 2942 905 et
2990 851 3141 907 aliud
3190 852 3539 924 hypostasis,

1962 955 2213 1009 quaenam
2248 941 2340 995 illa
2379 942 2596 997 sortitio
2644 941 2829 1006 fuerit,
2877 952 2937 998 ut
2984 955 3210 999 naturas
3243 945 3380 1000 duas
3426 955 3540 1002 sta-

1964 1037 2203 1095 tuentes,
2247 1031 2476 1085 omnino
2520 1030 2658 1085 duas
2690 1048 2912 1102 quoque
2941 1034 3308 1089 conﬁteamur
3356 1036 3538 1108 hypo-

1962 1121 2174 1177 stases?
2214 1120 2277 1175 Ei
2306 1121 2714 1192 respondebant
2750 1122 2997 1178 haeretici
3044 1124 3205 1193 plane
3239 1125 3382 1180 idem
3415 1144 3536 1184 esse

1962 1221 2219 1267 naturam
2256 1221 2315 1267 et
2347 1201 2708 1283 hypostasim.
2742 1213 2996 1268 Vicissim
3033 1215 3278 1271 Ecclesia
3327 1218 3536 1285 dicere,

1961 1305 2008 1358 si
2041 1311 2236 1358 natura
2271 1311 2327 1359 et
2357 1304 2672 1375 hypostasis
2708 1302 2852 1359 idem
2882 1306 2993 1360 sint
3017 1346 3032 1370 ,
3067 1308 3231 1363 etiam
3259 1310 3313 1363 in
3351 1319 3541 1367 sancta

1962 1393 2228 1449 Trinitate
2256 1402 2495 1465 naturas
2523 1402 2636 1450 tres
2667 1409 2788 1451 esse
2811 1395 3100 1462 dicendas;
3140 1415 3267 1454 cum
3300 1397 3371 1454 in'
3405 1417 3537 1456 con-

1962 1485 2107 1541 fesso
2138 1486 2229 1551 sit,
2251 1500 2371 1542 eam
2393 1495 2504 1542 tres
2518 1486 2839 1559 hypostases
2854 1489 3209 1545 habere.Haac
3224 1491 3539 1561 proferente

1962 1576 2230 1641 Ecclesia,
2263 1577 2635 1647 respondebat
2656 1577 3017 1648 Philoponus,
3048 1581 3449 1638 admittendum
3479 1594 3549 1639 ut.

1965 1677 2081 1723 tres
2115 1677 2342 1724 naturas
2386 1670 2443 1723 in
2475 1670 3122 1727 sacrosanctaTrinitate
3152 1672 3530 1744 profiteamur.

1961 1760 2090 1816 limo
2128 1769 2313 1817 autem
2358 1761 2610 1825 dicebat,
2663 1764 3009 1820 occasionem
3059 1780 3128 1819 ex
3171 1765 3551 1821 Aristotelieis

1961 1858 2177 1905 nactus.
2207 1850 2400 1905 Tradit
2448 1850 2596 1906 enim
2648 1852 2981 1909 Aristoteles
3024 1855 3437 1911 individuorum
3483 1866 3552 1912 et:

1959 1942 2326 2012 particulares
2347 1958 2469 1999 esse
2498 1944 2856 2010 substantias,
2884 1934 2941 2001 et
2974 1961 3535 2003 unamcommunem.

1962 2030 2056 2088 Sic
2091 2032 2258 2103 igitur
2285 2042 2342 2088 et
2381 2035 2721 2105 Philoponus
2764 2037 2947 2092 aiebat
2988 2053 3110 2093 esse
3148 2046 3264 2094 tres
3288 2043 3540 2109 particu-

1963 2123 2110 2180 lares
2131 2124 2189 2179 in
2220 2132 2408 2180 sancta
2431 2124 2701 2180 Trinitate
2733 2127 3090 2194 substantias,
3118 2138 3174 2183 et
3200 2145 3363 2184 unam
3390 2145 3540 2186 com-

1856 2228 1888 2243 "
1967 2229 2211 2270 munem.
2245 2213 2372 2270 Haec
2401 2214 2806 2271 consideranda
2835 2217 3151 2274 veniebant.

278 2452 427 2520 Hcce
465 2451 630 2533 actio
675 2458 854 2513 sexta
892 2443 1294 2533 reprehendit
1359 2446 1656 2533 quaedam
1707 2445 1815 2524 qui
1839 2444 2159 2533 synodum
2205 2444 2767 2533 Chalcedonensem
2816 2448 3112 2511 nolebant
3169 2450 3567 2519 admittens.

983 2525 1449 2605 eorumdemq’ue
1477 2525 1756 2586 rationes
1792 2528 1850 2597 et
1877 2527 2321 2589 examinantur
2347 2533 2406 2586 et
2436 2525 2838 2603 refelluntur.

873 2645 1124 2703 ΠΡΑΞΙΣ
1159 2645 1249 2714 ς’.

2589 2647 2797 2705 ACTlO
2833 2648 2921 2705 Vl.
3024 2702 3033 2709 .

346 2745 503 2801 Μετὰ
536 2743 605 2798 τά
633 2742 922 2814 είρημένα,
957 2741 1091 2812 φέρε
1120 2742 1218 2794 καὶ
1247 2740 1377 2810 περὶ
1401 2737 1853 2809 ἐπιχειρημάτων

2031 2739 2076 2794 1.
2105 2739 2239 2796 Post
2262 2755 2328 2796 ea
2353 2756 2475 2812 quae
2509 2741 2777 2797 hactenus
2800 2743 3181 2812 exposuimus,
3210 2759 3309 2817 age
3344 2746 3413 2800 de
3441 2762 3533 2801 ar-

276 2834 442 2892 τινῶν
465 2877 480 2901 ,
540 2836 686 2906 άπερ
737 2834 935 2896 κοινῶς
974 2834 1113 2904 πρὸς
1141 2830 1241 2904 τὴν
1275 2830 1605 2900 Ἐκκλησίαν
1635 2828 1852 2898 λέγουσι

1959 2829 2236 2898 gumentis
2266 2845 2486 2900 quoque
2518 2831 2826 2897 nonnullis,
2859 2847 2983 2901 quae
3011 2846 3204 2887 omnes
3249 2833 3327 2888 illi
3362 2834 3535 2890 Haesi-

277 2932 482 2994 πάντες
526 2931 578 2982 oi
623 2926 1056 2998 διακρινόμενοι,
1100 2924 1274 2994 μικρὰ
1334 2920 1706 2991 διαλάϐωμεν.
1762 2920 1854 2971 Δι-

1960 2926 2143 2974 tantes
2181 2919 2452 2991 objiciunt
2488 2921 2770 2987 Ecclesiae,
2824 2924 3017 2992 paucis
3065 2924 3421 2981 disseramus.
3467 2927 3537 2982 Et

278 3024 491 3093 έλωμεν
509 3022 569 3076 δὲ
596 3022 735 3076 αὐτὰ
765 3016 1155 3091 τριχῆ,έπειδὴ
1179 3016 1246 3069 τὰ
1276 3016 1374 3086 μὲν
1397 3013 1580 3069 αὐτῶν
1606 3010 1857 3083 ἱστορικά
1882 3042 1925 3100 c

279 3114 420 3167 εἰσιν
440 3150 456 3174 ,
503 3112 568 3163 ἐκ
600 3109 711 3163 τῶν
740 3107 1097 3178 πραχθέντων
1126 3107 1194 3176 τῇ
1221 3106 1281 3157 ὲν
1308 3102 1617 3172 Χαλκηδόνι
1650 3100 1853 3170 συνόδῳ

277 3203 672 3274 λαμϐανόμενα
696 3217 711 3232 ⁸
772 3199 842 3253 τὰ
883 3198 941 3253 δὲ
980 3196 1089 3251 ἀπὸ
1132 3194 1530 3264 συλλογισμῶν,
1567 3194 1662 3247 καὶ
1694 3208 1856 3262 περι-

279 3296 450 3360 νοίας·
489 3295 559 3348 τά
585 3294 664 3357 δὲ,
696 3292 806 3346 ἀπὸ
828 3292 1106 3362 χρήσεων.
1154 3287 1319 3341 Ἀλλὰ
1343 3286 1563 3357 πρῶτον
1593 3285 1722 3353 περὶ⁸
1746 3284 1857 3337 τῶν

279 3385 570 3457 ἱστορικῶν
605 3382 1082 3453 διαλαμϐάνωμεν.
1139 3380 1262 3432 Εἰσὶ
1288 3378 1346 3432 δὲ
1387 3377 1425 3431 ά
1459 3365 1854 3447 μὲλλομενἋέ-

277 3495 420 3546 γειν,
456 3475 867 3546 ἐπιχειρήματα
891 3472 1156 3540 τέσσαρα,
1189 3463 1266 3523 ὧν
1293 3466 1509 3537 πρῶτόν
1534 3468 1651 3520 ἐστι
1675 3466 1854 3533 τοῦτο,

276 3572 362 3624 δτι
422 3572 483 3624 οὐ
537 3570 619 3622 δεῖ
671 3567 929 3638 δέχεσθαι
980 3565 1085 3636 τὴν
1140 3565 1201 3617 δν
1249 3560 1559 3631 Χαλκηδόνι
1611 3560 1852 3625 σύνοδον,

276 3663 471 3733 ἐπειδὴ
498 3664 548 3715 οἱ
577 3662 633 3713 ὲν
655 3661 793 3729 αὐτῇ
816 3658 1102 3728 γενόμενοι
1124 3655 1314 3727 ἄνδρες
1337 3653 1664 3724 παλίμϐολοι
1714 3648 1856 3724 ἦσαν
1904 3705 1909 3710 ,

280 3757 378 3809 καὶ
412 3754 713 3808 ἀλλόκοτοι.
743 3745 905 3806 Οὗτοι
962 3749 1071 3821 γάρ
1112 3748 1208 3803 καὶ
1236 3747 1489 3801 καθεῖλον
1520 3746 1611 3799 τὸν
1635 3745 1853 3816 Εὐτυχῆ

283 3849 339 3900 ὲν
366 3845 671 3914 Βυζαντίῳ,
702 3845 803 3898 καὶ
831 3843 912 3905 είς
933 3843 1171 3909 Ἔφεσον
1200 3838 1469 3902 ἐλθόντες,
1502 3836 1599 3890 τὸν
1629 3836 1728 3906 μὲν
1752 3837 1856 3890 Εὑ-

281 3938 418 4007 τυχῆ
468 3934 717 4000 ἐδέξαντο
765 3934 907 4004 μετὰ
947 3930 1239 3999 Διοσκόρου
1260 3969 1277 3994 ,
1326 3928 1421 3982 τὸν
1459 3928 1518 3982 δὲ
1553 3927 1856 3983 Φλαϐιανδν

282 4028 639 4082 άπεϐἀλοντο.
690 4026 835 4096 Πρὸς
875 4023 1032 4077 τοῦτο
1074 4022 1337 4090 λέγομεν,
1386 4020 1469 4074 ὅτι
1507 4019 1722 4090 πρῶτον
1755 4020 1855 4091 μὲν

279 4118 403 4172 δέον
435 4116 754 4184 λογίζεσθαι
772 4112 929 4184 ’ἡμᾶς
965 4112 1035 4166 τά
1065 4109 1409 4181 ἀνθρώπινα.
1467 4112 1577 4165 Καὶ
1620 4108 1852 4180 ἀλλαχοῦ

283 4210 393 4279 γάρ
417 4224 562 4269 τινες
594 4205 704 4259 τῶν
732 4206 905 4273 ἁγίων
929 4202 1190 4273 Πατέρων
1239 4202 1512 4274 ἐγκρίτων
1544 4201 1704 4255 τοῦτο
1729 4201 1856 4270 φαί-

280 4315 469 4354 νονται
518 4296 783 4358 πολλάκις
830 4294 1181 4354 πεπονθότες.
1228 4294 1465 4347 Ἔπειτα
1510 4294 1604 4355 δὲ,
1658 4294 1708 4346 εί
1757 4293 1854 4347 καὶ

1958 3007 2267 3078 partiamur
2292 3022 2356 3062 ea
2377 3022 2509 3063 sane
2532 3008 2846 3078 tripliciter,
2872 3012 3017 3081 quod
3045 3013 3246 3082 partim
3272 3014 3532 3070 historica
3566 3068 3571 3075 ,

1954 3099 2089 3164 sint,
2127 3106 2341 3169 sumpta
2377 3099 2446 3155 de
2496 3100 2565 3156 iis
2594 3116 2715 3170 qua:
2761 3117 2792 3156 a
2835 3102 3043 3174 synodo
3096 3103 3565 3162 C‘ltalcedo‘nensiw

1954 3198 2078 3245 acta
2126 3189 2387 3245 fuerunt:
2447 3191 2648 3262 partim
2702 3208 2769 3248 ex
2841 3193 3170 3264 syllogismis
3220 3205 3292 3250 et‘
3340 3207 3545 3268 arguta

1955 3280 2381 3337 ratiocinatione
2413 3282 2675 3338 collecta:
2723 3284 2924 3354 partim
2971 3300 3063 3340 ειη
3087 3287 3528 3343 auctoritatibus.
3564 3344 3569 3349 ι

1955 3370 2033 3427 De
2069 3372 2347 3428 historicis
2381 3374 2618 3443 primum
2663 3390 2910 3445 agamus.
2955 3374 3095 3431 Sunt
3137 3388 3320 3433 autem
3362 3395 3542 3450 arsit-

1952 3475 2141 3521 menta
2188 3474 2446 3536 quatuor,
2492 3482 2615 3536 qua:
2679 3483 2872 3523 sumus
2924 3467 3250 3539 exposituri.
3285 3468 3529 3525 Primum

1953 3562 2060 3618 est,
2095 3555 2363 3638 synodum
2389 3555 2894 3613 Chalcedonensem
2928 3567 3227 3629 propterea
3254 3575 3366 3615 non
3407 3576 3541 3615 essu

1955 3644 2352 3714 recipiendam,
2384 3646 2531 3716 quod
2563 3649 2614 3701 ei
2644 3647 2899 3703 homines
2926 3648 3304 3706 inconstantes
3326 3663 3383 3706 et
3423 3652 3527 3706 sibi
3556 3688 3569 3695 --

1957 3733 2092 3803 ipsis
2120 3734 2418 3791 dissimiles
2446 3737 2843 3793 inter-fuerint...
2863 3738 3136 3794 Nimirum
3164 3755 3260 3797 eos
3280 3750 3336 3795 et
3362 3742 3531 3813 Euty-

1955 3826 2115 3882 chem
2161 3826 2232 3882 ab
2271 3825 2449 3882 ofﬁcio
2488 3827 2788 3883 removisse
2832 3828 3103 3901 Byzantii,
3150 3840 3206 3886 et
3243 3832 3557 3902 Ephesum.

1954 3917 2250 3988 profectos,
2283 3917 2583 3989 Eutychem
2614 3934 2723 3974 una
2770 3934 2894 3974 cum
2926 3920 3190 3977 Dioscoro
3220 3924 3549 3992 recepisse,-,

1956 4009 2164 4079 rejecto
2208 4009 2489 4065 Flaviano.
2536 4009 2619 4065 Ad
2665 4010 2786 4066 hoc.
2805 4013 3239 4081 respondemus,
3291 4017 3561 4084 primum,

1953 4100 2347 4177 expendendas
2373 4116 2497 4158 esse
2529 4102 2944 4159 reshumanas.
2975 4105 3111 4159 Nam
3141 4116 3196 4160 et
3225 4107 3356 4162 alibi
3406 4109 3530 4178 qui-

1952 4192 2187 4249 busdam
2214 4193 2421 4249 sanctis
2462 4193 2892 4264 approbatisque
2916 4194 3175 4251 Patribus
3203 4197 3542 4268 huiusmodi

1955 4283 2088 4354 quid
2115 4284 2383 4340 accidisse
2426 4298 2807 4354 saepenumero
2833 4293 3069 4341 constat.
3098 4285 3329 4353 Deinde,
3369 4288 3413 4342 si
3442 4290 3523 4343 vel

280 4391 443 4443 πέντε
467 4428 482 4449 .
531 4389 564 4458 ἢ
611 4386 932 4458 τριάκοντα,
965 4385 998 4452 ἢ
1035 4383 1209 4437 πλείω
1241 4384 1351 4438 άπὸ
1380 4383 1490 4438 τῶν
1518 4381 1596 4454 χλ⁹
1628 4384 1854 4437 ἐκείνων

1958 4375 2191 4431 maxime
2216 4375 2483 4445 quinque.
2510 4375 2597 4430 vel
2625 4375 2870 4446 triginta,
2891 4377 2978 4432 vel
3005 4378 3192 4447 plures
3216 4394 3281 4433 ex
3307 4379 3524 4437 illorum

281 4479 597 4549 εὐρεθέντες
645 4480 704 4530 ὲν
741 4479 806 4547 τῇ
846 4475 1053 4545 συνόδῳ
1082 4475 1365 4546 ἐφάνησαν
1393 4474 1754 4544 παλίμϐολοι,
1789 4475 1852 4528 ού

279 4571 369 4625 διά
416 4568 575 4623 τοῦτο
628 4566 736 4639 χρὴ
787 4566 867 4637 χλ⁹
903 4565 1116 4636 ἀνδρῶν
1165 4567 1383 4621 σύνοδον
1425 4565 1851 4620 ἀποϐάλλεσθαι.

282 4664 543 4731 Δεύτερον
570 4660 627 4714 δὲ
661 4659 998 4729 ἐπιχείρημα
1030 4658 1180 4711 ἐστιν
1210 4658 1301 4711 ἐπὶ
1331 4657 1489 4710 τοῦτο
1512 4698 1527 4721 ,
1584 4658 1667 4711 ὅτι
1710 4656 1850 4728 αὕτη

268 4754 315 4822 ’ή
345 4753 402 4806 ὲν
424 4751 735 4821 Χαλκηδόνι
765 4749 1006 4811 σύνοδος,
1034 4749 1110 4813 ὡς
1134 4748 1282 4802 ἔστιν
1307 4750 1371 4802 ἐκ
1393 4747 1501 4801 τῶν
1527 4746 1854 4818 πεπραγμέ-

278 4860 386 4897 νων
420 4844 558 4912 αύτῇ
594 4842 809 4912 μαθεῖν,
844 4842 1096 4911 φαίνεται
1128 4840 1380 4904 εἰποῦσα,
1416 4841 1500 4893 δτι
1534 4840 1610 4893 Οὐ
1643 4840 1733 4893 διὰ
1756 4839 1850 4893 πί-

283 4953 399 4989 στιν
429 4934 708 5006 καθῃρέθη
742 4935 771 4987 ό
802 4932 1114 5004 Διόσκορος.
1165 4933 1310 5003 Ἄρα
1341 4931 1504 4995 αὐτὸς
1536 4930 1636 5000 μὲν
1668 4929 1850 4993 καλῶς

280 5024 532 5090 ἐδόξασεν
557 5064 572 5087 ,
628 5024 661 5093 ἡ
709 5023 767 5077 δὲ
819 5023 1038 5086 σύνοδος
1080 5021 1272 5086 κακῶς
1328 5021 1494 5075 αὐτὸν
1521 5018 1847 5075 άπεὸάλετο.

280 5114 393 5168 Καὶ
425 5113 542 5176 πῶς
569 5114 669 5183 τὴν
693 5112 952 5183 τοιαύτην
980 5111 1200 5166 σύνοδον
1228 5111 1423 5182 ἔχομεν
1449 5108 1851 5177 άποδέξασθαι;

285 5204 468 5271 ’Ᾱξιον
496 5205 554 5258 δέ
577 5206 724 5258 ἐστιν
744 5246 761 5270 ,
816 5203 1009 5272 ἐπειδὴ
1050 5204 1146 5256 καὶ
1173 5202 1301 5256 ἄλλο
1327 5203 1530 5258 ἄτοπον
1563 5202 1630 5254 ἐκ
1656 5199 1849 5254 τούτου

281 5297 412 5365 ἡμῖν
442 5293 841 5363 ἀναφαίνεται,
908 5292 1088 5346 εἰπεῖν
1128 5290 1276 5353 τινος
1307 5290 1621 5362 κινηθέντος
1649 5289 1848 5360 ἐλέχθη

278 5385 341 5439 τὸ
368 5383 534 5454 ῥητὸν
562 5381 740 5438 τοῦτο.
814 5393 820 5399 ’

361 5472 557 5527 ’ἰστέον
571 5468 788 5536 οὗν,ὄτι
817 5468 1312 5543 συναχθέντωντῶν
1338 5468 1416 5540 χλ¹
1449 5470 1507 5521 έν
1525 5469 1847 5534 Χαλκηδόνι,

280 5566 375 5619 καὶ
411 5564 755 5618 καθελόντων
786 5565 876 5619 τὸν
911 5564 1203 5631 Διόσκορον
1226 5598 1242 5624 ,
1296 5560 1435 5629 μετὰ
1461 5559 1635 5614 ταῦτα
1668 5559 1847 5623 ἔδοξεν

277 5658 502 5725 aisais,
560 5654 700 5707 ὥστε
749 5656 875 5721 ὅρον
917 5654 1152 5715 πίστεως
1203 5649 1299 5703 καὶ
1338 5650 1565 5722 μάθημα
1600 5652 1843 5722 ποιῆσαι.

1957 4464 2062 4521 650
2109 4466 2331 4520 Patrum
2360 4479 2615 4530 numero,
2641 4465 2846 4534 reperti
2873 4464 3102 4521 fuerunt
3133 4467 3189 4521 in
3221 4467 3447 4539 synodo,
3471 4478 3541 4523 et

1954 4557 2635 4614 inconstantesvisirnon
2659 4565 2953 4627 propterea
2977 4557 3082 4613 630
3110 4560 3355 4613 virorum
3396 4575 3492 4631 syn
3512 4586 3526 4599 -

1953 4650 2096 4705 odus
2142 4648 2297 4721 rejici
2320 4647 2509 4704 debet.
2535 4646 2783 4703 Alterum
2809 4656 3193 4719 argumentum
3240 4658 3345 4712 est,
3375 4650 3521 4719 quod

1954 4732 2148 4788 isthmc
2197 4731 2386 4787 habita
2430 4728 2780 4787 Chalcedone
2818 4731 3195 4809 synodus,yuti
3245 4730 3314 4785 de
3351 4731 3555 4801 ipsius.

1952 4824 2092 4880 actis
2128 4823 2361 4894 intelligi
2396 4831 2600 4892 potest,
2631 4823 2849 4879 dixisse.
2887 4822 3164 4886 videatur,
3196 4822 3520 4876 Dioscorum

1953 4930 2066 4970 non
2099 4922 2326 4984 propter
2363 4913 2527 4968 ﬁdem
2580 4913 2898 4969 abdicatum
2943 4928 3109 4968 esse._
3138 4912 3309 4966 Recte
3358 4912 3525 4980 igitur

1953 5006 2228 5061 sentiebat
2248 5006 2628 5070 Dioscorus,et
2642 5005 2784 5060 male
2806 5004 3047 5076 synodus
3065 5017 3191 5057 eum
3210 5000 3518 5056 abdicabat.

1952 5098 2139 5153 Talem
2161 5113 2297 5152 vero
2325 5098 2595 5168 synodum
2620 5113 2731 5168 quo
2752 5106 2916 5166 pacto
2938 5110 3041 5150 nos
3066 5093 3372 5164 approbare
3398 5107 3525 5161 pos-
3610 5139 3617 5174 ξ

1953 5189 2161 5243 simus?
2207 5188 2399 5243 Fuerit
2440 5198 2623 5242 autem
2669 5186 2903 5257 pretium
2954 5198 3159 5254 operae,
3205 5180 3426 5253 quando
3467 5192 3524 5236 et

1952 5279 2103 5334 aliud
2134 5279 2435 5333 absurdum
2479 5293 2546 5332 ex
2584 5278 2691 5333 hoc
2726 5277 2890 5332 nobis
2930 5272 3367 5343 oritur,,exponi
3415 5288 3550 5343 qua:

1952 5391 2013 5431 re
2048 5381 2194 5428 mota
2227 5371 2281 5425 id
2316 5371 2495 5440 ipsum
2532 5370 2588 5425 in
2619 5368 2826 5440 synodo
2856 5364 3347 5438 prolatum~fuerit.

2023 5463 2088 5518 11.
2119 5456 2414 5516 Sciendum
2443 5473 2598 5528 ergo,
2631 5456 2875 5511 collectis
2895 5454 3244 5511 Chalcedone
3276 5452 3378 5506 600
3410 5452 3523 5506 illis

1952 5564 2007 5611 et
2029 5553 2098 5608 ὅθ
2123 5549 2401 5610 Patribus,
2424 5555 2783 5617 posteaquam
2802 5545 3122 5599 Dioscorum
3148 5542 3519 5605 abdicassent,

1952 5647 2034 5702 eis
2062 5644 2323 5710 deinceps
2366 5635 2540 5693 visum
2577 5636 2748 5691 fuisse
2779 5645 2837 5687 nt
2871 5634 2993 5688 fidei
3030 5630 3519 5686 deﬁnitionem-ri:-
