3924 6294
430 261 571 329 1235

431 378 626 437 meque
657 359 892 419 formula
927 357 1330 416 conficeretur:
1387 357 1570 426 itaque
1618 354 1879 426 praecipui
1924 369 1994 408 ex
2022 358 2067 414 Α

349 471 356 508 ;
430 455 514 510 eis
546 466 798 508 seorsum
839 447 1142 519 congressi,
1178 446 1555 502 definitionem
1597 444 1996 514 pronuntiave-

433 551 584 603 runt,
619 555 780 610 quam
809 536 1166 606 Asclepiades
1194 534 1406 606 synodo
1435 533 1707 588 recitavit.
1743 533 1820 587 Ea
1861 530 2000 586 deﬁ-

433 632 574 687 nitio
606 631 837 686 verbum
865 627 1000 682 illud
1030 627 1375 682 continebat:
1413 624 1496 679 Ea:
1525 622 1732 678 naturis
1758 623 1960 678 duabus
1980 641 1998 677 :

431 722 582 800 quod
620 721 715 776 ubi
741 705 1042 776 recitatum
1081 717 1293 780 fuisset,
1329 717 1520 786 ingens
1543 715 1686 769 inter
1713 713 2002 785 episcopos

432 812 642 868 exstitit
687 811 982 865 dubitatio.
1033 808 1296 863 Proceres
1347 821 1480 860 vero
1521 822 1660 875 quos
1701 805 2001 874 imperator

433 900 784 957 moderanda:
817 898 1011 971 synodi
1041 913 1204 953 causa
1261 898 1506 960 miserat,
1557 911 1682 950 cum
1714 895 2004 964 episc0pos

435 993 692 1048 haesitare
721 991 994 1056 viderent,
1030 989 1110 1044 sic
1133 1003 1230 1042 eos
1259 987 1486 1041 allocuti
1515 995 1672 1041 sunt:
1706 985 2004 1040 Dioscorus

436 1085 578 1139 hanc
601 1097 823 1138 vocem:
851 1079 937 1134 Ea:
962 1079 1164 1133 duabus
1184 1077 1414 1140 naturis,
1435 1075 1750 1146 usurpavit:
1775 1073 2006 1129 sanctis-

437 1172 612 1226 simus
643 1179 828 1225 autem
860 1168 972 1223 Leo
999 1167 1279 1222 Christum
1305 1165 1360 1220 in
1385 1165 1602 1220 ddabus
1631 1163 1844 1218 naturis
1867 1163 2006 1216 citra

435 1262 818 1327 mutationem,
839 1257 1240 1322 confusionem,
1265 1256 1612 1319 divisionem,
1633 1254 1805 1326 dixit:
1833 1253 2006 1320 Quem

435 1351 768 1424 sequimini?
797 1351 1142 1412 Dioscorum,
1161 1363 1232 1402 an
1257 1346 1535 1402 Leonem?
1566 1344 1646 1399 lbi
1675 1359 2009 1416 consurgen-

317 1463 324 1470 ο
436 1455 520 1500 tes
557 1439 800 1497 universi
833 1439 1124 1496 dixerunt:
1175 1438 1330 1492 Sicut
1360 1436 1494 1502 Leo,
1513 1436 1795 1492 credimus
1824 1453 1838 1489 :
1873 1451 2008 1492 ana-

441 1536 626 1590 thema
673 1532 962 1588 Dioscoro.
999 1527 1100 1585 His
1126 1536 1183 1584 et
1225 1527 1348 1583 aliis
1375 1527 1706 1598 quibusdam
1757 1541 2008 1598 pronun-

438 1625 618 1690 tiatis,
659 1620 1126 1694 quemadmodum
1168 1621 1226 1675 in
1263 1618 1402 1674 actis
1446 1627 1560 1685 est,
1577 1617 1867 1673 Anatolius
1911 1633 2009 1688 pa-

1679 242 1990 308 LEONTII
2026 236 2429 303 BYZANTINI

3566 237 3722 302 1235

2098 352 2204 404 Kal.
2248 349 2313 422 δὴ
2364 351 2412 402 0i
2464 347 2670 418 πρῶτοι
2699 346 2882 410 αὐτῶν
2929 347 3054 404 καθ’
3084 347 3314 416 ἑαυτοὺς
3363 354 3718 423 γενόμενοι.

2099 439 2448 510 ἐξεφώνησαν
2496 439 2588 493 τὸν
2629 439 2789 510 ὅρον,
2835 439 2896 492 ὃν
2943 441 3344 512 Ἀσκληπιάδης
3390 443 3724 512 ὲπανέγνω

2099 535 2166 602 τῇ
2195 531 2420 598 συνόδῳ.
2452 531 2708 600 Περιεῖχε
2737 529 2794 583 δὲ
2820 522 2980 593 οὗτος
3004 531 3034 583 6
3055 531 3180 600 ὅρος
3205 533 3287 596 τὸ,
3318 533 3390 587 ἐκ
3435 533 3574 588 δύο
3601 537 3724 604 ρύ-

2099 638 2286 676 σεωνο
2320 621 2515 674 τούτου
2545 620 3010 689 ἀναγνωσθέντος,
3049 623 3220 694 πολλὴ
3249 625 3490 692 γέγονεν
3521 627 3720 696 ἀμφι-

2103 712 2258 765 ϐολία
2303 711 2512 782 μεταξὺ
2553 710 2662 764 τῶν
2699 712 3042 767 ὲπισκόπων;
3093 715 3159 767 οι
3184 714 3241 768 δὲ
3267 716 3584 786 ἄρχοντες,
3620 717 3721 779 οὓς

2100 801 2344 870 ἔπεμψεν
2366 802 2394 854 6
2421 801 2676 872 βασιλεὺς
2695 802 2834 873 πρὸς
2853 803 3475 872 κατάπασιν,όμῦντι;
3498 807 3720 870 αὐτοὺς

2100 893 2576 964 ἀμφιϐάλλοντας,
2621 889 2781 948 εἷπον
2813 894 2950 964 πρὸς
2973 895 3192 960 αὐτοὺς,
3221 897 3304 949 ὅτι
3334 899 3365 950 6
3389 897 3717 968 Διόσποορος

2101 984 2164 1038 τὸ
2181 1024 2197 1048 ,
2235 984 2305 1038 ἐκ
2348 983 2461 1038 δύο
2488 984 2971 1054 φύσεων,έλεγεν
2995 1001 3010 1016 ·
3031 988 3060 1040 6
3087 986 3145 1040 δὲ
3179 985 3502 1054 ἀγιώτατος
3525 987 3715 1050 Λέων,

2103 1075 2162 1127 ὲν
2185 1073 2281 1130 δύο
2300 1073 2532 1142 φύσεσιν
2552 1075 2708 1144 ἔλεγε
2731 1076 2992 1146 Χριστὸν,
3013 1076 3317 1147 ἀτρέπτως,
3334 1078 3714 1147 ἀσυγχύως,

2104 1165 2451 1235 ἀδιαιρέτως.
2497 1166 2621 1221 Τίνι
2649 1165 3038 1231 ἀκολουθεῖτε;
3070 1168 3368 1238 Διοσκόρῳ,
3395 1167 3433 1237 ἢ
3468 1169 3710 1230 Λέοντιξ

2117 1255 2474 1319 ’Δναστάντες
2497 1255 2555 1309 δὲ
2585 1257 2810 1318 πάντες,
2825 1253 3004 1322 εἷπον,
3029 1258 3118 1310 ὅτι
3147 1258 3236 1321 Ὠς
3257 1258 3412 1310 Λέων
3437 1259 3716 1311 πιπεύο-

2105 1364 2208 1418 μιν
2228 1363 2242 1378 ·
2303 1348 2558 1419 ἀνάθεμα
2603 1349 2901 1420 Διοσκόρῳ.
2961 1347 3182 1402 Τούτων
3232 1349 3292 1402 δὶ
3339 1351 3440 1403 καὶ
3520 1350 3713 1403 ἄλλων

2105 1438 2270 1492 τινῶν
2291 1437 2614 1508 λεχθέντων,
2637 1438 2714 1502 ὥς
2739 1437 2853 1508 ἔχει
2878 1438 2948 1492 τὰ.
2970 1439 3364 1510 πεπραγμένα,
3381 1440 3438 1492 Ἀ
3447 1440 3713 1503 vasin“;

2113 1530 2144 1583 6
2169 1529 2520 1602 πατριάρχης
2545 1526 2702 1584 εἶπεν
2725 1572 2741 1597 ,
2798 1532 2882 1586 ὅτι
2935 1533 3012 1585 O6
3057 1531 3149 1584 διὰ
3183 1532 3370 1585 πίστιν
3403 1531 3708 1603 καθῃρέθη

2109 1621 2140 1674 6
2167 1623 2458 1692 Διόσκορος
2479 1661 2495 1688 ,
2543 1620 2658 1675 ἀλλ’
2686 1622 2770 1674 ὅτι
2798 1621 3198 1694 ἀκοινωνησίαν
3221 1623 3456 1694 ἐποίησε
3487 1623 3575 1693 τῷ
3601 1641 3710 1692 μι-

439 1690 696 1770 triarcba—
724 1713 894 1768 dixit:
937 1711 1056 1767 Non
1111 1717 1338 1780 propter
1379 1707 1542 1764 fidem
1590 1708 1877 1778 depositus
1923 1718 2007 1764 est

2125 1714 2288 1786 ιαρίῳ
2335 1690 2526 1770 Λέοντι
2552 1754 2570 1778 ,
2623 1717 2721 1771 καὶ
2765 1717 2850 1770 δτι
2897 1718 2962 1770 ὲκ
2998 1690 3184 1788 τρίτου
3225 1690 3464 1787 κληθεὶς
3503 1690 3576 1771 ὲκ
3603 1690 3706 1786 si};

439 1809 757 1871 Dioscorus,
775 1806 871 1862 sed
894 1805 1022 1876 quia
1053 1803 1182 1860 fecit
1203 1801 1827 1861 excommunicationem
1847 1801 2011 1857 beato

441 1899 638 1963 Leoni,
675 1899 947 1969 tertioque
979 1906 1207 1954 vocatus
1233 1909 1266 1952 a
1289 1895 1521 1969 synodo,
1549 1911 1660 1951 non
1688 1894 1862 1951 venit.

517 1990 602 2046 Ill.
635 1988 768 2059 Quae
822 2004 948 2045 cum
988 1990 1063 2044 ita
1108 1989 1239 2052 sint,
1287 1987 1398 2044 duo
1441 1987 1691 2058 qua-dam
1742 1985 2014 2058 objiciunt

443 2079 705 2135 Ecclesiae
731 2078 920 2144 dubia,
951 2079 1046 2148 qui
1076 2076 1404 2134 llasitantes
1427 2084 1715 2132 vocantur.
1745 2076 2011 2140 Primum,

445 2169 492 2224 si
527 2169 643 2224 hanc
679 2169 922 2242 synodus
958 2183 1068 2222 non
1114 2177 1340 2239 propter
1370 2166 1532 2222 fidem
1565 2165 1888 2222 Dioscornm
1919 2165 2016 2222 de-

447 2260 689 2330 positum
721 2259 878 2324 dixit,
911 2274 1010 2313 cur
1041 2273 1144 2314 nos
1188 2259 1401 2330 rejicit?
1431 2258 1512 2312 sic
1538 2257 1683 2312 enim
1715 2257 2012 2320 credimus,

445 2359 510 2404 ut
541 2350 631 2405 ille
661 2350 940 2405 credebat.
969 2349 1386 2419 Respondemus
1413 2357 1620 2413 autem,
1647 2348 1696 2402 si
1729 2347 2016 2402 veritatem
2040 2391 2050 2394 -

445 2440 571 2509 quis
605 2439 1062 2504 consideraverit,
1101 2453 1214 2494 non
1241 2447 1469 2508 propter
1508 2437 1669 2492 fidem
1701 2436 2020 2491 abdicatum

446 2546 569 2587 esse
585 2531 932 2598 Dioscorum,
955 2546 1061 2586 nec
1089 2531 1237 2585 illam
1266 2529 1438 2584 fuisse
1458 2528 1820 2600 depositionis
1835 2529 2018 2598 ipsius

448 2636 671 2676 causam
709 2620 933 2692 (quippe
965 2635 1074 2676 nec
1109 2619 1246 2675 adiit
1286 2627 1578 2690 propterea
1619 2619 1925 2691 synodum,
1959 2626 2020 2673 ut

449 2713 560 2767 hoc
611 2713 835 2768 nomine
883 2711 952 2767 de
1009 2712 1130 2783 ipso
1166 2711 1566 2785 judicaretur):
1619 2711 1716 2768 sed
1758 2711 2018 2781 quoniam

450 2815 646 2870 reapse
683 2800 845 2855 tertio
891 2807 1119 2855 vocatus
1143 2800 1334 2856 venire
1382 2800 1674 2878 recusavit.
1724 2799 1781 2855 Si
1835 2808 2019 2854 tamen

449 2891 730 2955 venisset,
763 2891 926 2946 etiam
983 2899 1209 2962 propter
1255 2890 1420 2946 fidem
1467 2889 1663 2946 fuisset
1708 2888 2016 2945 abdicatus.

451 2981 830 3081 Nihilominus
858 2981 925 3036 ad
957 2981 1385 3081 istarespiciens
1405 2982 1694 3081 fpatojius
1719 2981 1879 3081 dixit,
1907 2997 2017 3036 non
2044 3021 2090 3081 α

451 3080 680 3142 propter
717 3071 878 3128 fidem
905 3087 1024 3128 esse
1057 3071 1367 3142 depositum
1408 3071 1745 3127 Dioscorum.
1768 3070 2018 3126 Alterum

453 3164 682 3218 du'bium
721 3173 825 3228 est,
857 3179 956 3218 cur
986 3163 1230 3235 synodus
1266 3161 1646 3216 deﬁnitionem
1681 3161 1826 3215 illam
1861 3176 2020 3230 repu-

455 3255 710 3318 diaverit,
723 3269 830 3324 qua
854 3253 1242 3309 continebatur
1257 3251 1488 3305 verbum
1514 3249 1661 3305 istud
1681 3267 1695 3302 :
1721 3249 1806 3304 Ea:
1821 3249 2023 3304 duabus

457 3350 698 3413 naturis;
727 3362 853 3402 cum
883 3354 1061 3399 tamen
1087 3353 1309 3398 sanctus
1330 3343 1421 3396 ille
1441 3341 1527 3395 vir
1546 3341 1784 3412 Cyrillus
1804 3357 2026 3397 sursum

459 3441 835 3508 deorsumque
867 3435 1084 3490 duabus
1111 3451 1178 3490 ex
1212 3431 1432 3488 naturis
1451 3431 1632 3487 dicat?
1659 3431 1742 3487 Ad
1788 3431 1896 3487 boe
1936 3448 2028 3488 re-

458 3529 815 3600 spondemus,
858 3541 970 3580 non
1007 3525 1267 3596 rejectam
1302 3521 1474 3578 fuisse
1519 3529 1838 3592 propterea,
1877 3521 2028 3592 quod

382 3668 393 3677 .
459 3620 564 3674 ista
593 3617 762 3672 verba
791 3615 1124 3680 contineret,
1147 3613 1233 3670 Ex
1259 3613 1460 3668 duabus
1485 3614 1692 3668 naturis
1719 3613 1857 3683 (base
1879 3613 2027 3668 enim

461 3717 519 3764 et
547 3723 652 3764 nos
669 3706 1032 3769 admittimus,
1057 3716 1115 3759 et
1140 3704 1243 3774 ipsi
1276 3703 1604 3758 Haesitantes
1628 3709 1686 3756 et
1708 3701 2028 3774 Eutycbes),

463 3799 560 3854 sed
613 3799 762 3870 quod
812 3805 958 3853 esset
1005 3795 1347 3866 imperfecta.
1381 3794 1598 3849 Nullam
1634 3793 1782 3849 enim
1822 3791 2032 3848 refuta-

465 3887 675 3942 tionem
705 3887 1025 3957 dogmatum
1048 3881 1313 3956 Eutycbis
1344 3881 1604 3948 habebat,
1635 3882 1730 3937 sed
1764 3881 1822 3936 id
1851 3881 2030 3936 solum

466 3977 956 4048 complectebatur,
1001 3974 1150 4045 quod
1194 3971 1566 4030 communiter
1605 3972 1857 4042 utrisque
1903 3987 2033 4042 pro-

469 4071 652 4124 batur.
691 4068 927 4123 Tantum
957 4081 1090 4122 vero
1118 4065 1272 4120 abest
1307 4073 1369 4120 ut
1397 4064 1661 4120 restiterit
1691 4064 1799 4119 illis
1828 4063 2030 4128 verbis,

472 4162 556 4216 Ex
575 4161 774 4216 duabus
797 4161 1002 4216 naturis
1021 4199 1036 4225 ,
1075 4167 1135 4214 ut
1150 4161 1204 4215 in
1223 4157 1468 4213 secunda
1483 4156 1803 4212 definitione
1827 4157 2032 4228 ubique

2111 1805 2362 1871 συνόδου,
2387 1804 2489 1858 ούκ
2504 1799 2662 1876 ἦλθε.

2183 1977 2406 2036 Τούτων
2432 1977 2605 2044 οὕτως
2625 1979 2884 2051 ἑχόντων,
2908 1979 3004 2034 δύο
3023 1983 3145 2036 τινὰ
3166 1979 3486 2052 ἀποροῦσιν
3510 1981 3568 2033 οἱ
3585 1985 3710 2033 Δια-

2113 2072 2426 2143 κρινόμενοι
2461 2072 2600 2145 πρὸς
2629 2073 2732 2144 τὴν
2770 2073 3125 2142 Ἐκκλησίαν.
3179 2073 3413 2142 Πρῶτον
3453 2072 3592 2140 μὲν,
3625 2074 3706 2124 ὅτι

2113 2165 2181 2217 Εἰ
2202 2164 2290 2217 διὰ
2319 2164 2504 2218 πίστιν
2533 2159 2689 2217 εἷπεν
2719 2165 2754 2235 ἡ
2782 2163 3001 2228 σύνοδος
3025 2164 3164 2234 αὕτη
3194 2164 3268 2234 μὴ
3295 2163 3706 2232 καθαιρεθῆναι

2113 2258 2208 2311 τὸν
2241 2258 2561 2328 Διόσκορον,
2595 2257 2685 2312 διά
2710 2258 2766 2312 τί
2794 2257 3166 2312 ἀποϐἀλλεται
3195 2259 3349 2328 ἡμᾶς
3377 2273 3396 2320 ς
3459 2258 3542 2321 ὡς
3573 2259 3710 2309 ἐκεῖ-ι

2117 2365 2208 2414 νος
2245 2348 2375 2418 γὰρ,
2412 2347 2588 2412 οὕτως
2617 2347 3004 2419 πιστεύομενυ
3027 2348 3174 2419 Πρὸς
3203 2346 3298 2410 οὒς
3322 2346 3597 2415 λέγομεν,
3632 2347 3708 2398 ὅτι

2117 2443 2168 2494 εί
2209 2441 2477 2510 σκοπήσςι
2503 2456 2588 2502 τις
2613 2439 2714 2509 τὴν
2740 2437 3024 2508 ἀλήθειαν,
3055 2440 3116 2492 06
3147 2438 3238 2492 διὰ
3263 2439 3366 2504 τὴν
3395 2439 3592 2490 πίστιν
3611 2438 3708 2489 ἀπ-

2119 2529 2326 2601 εϐλήθη
2354 2531 2384 2582 6
2404 2529 2721 2599 Διόσκορος,
2755 2529 2880 2583 οὐδὲ
2908 2528 3068 2582 τοῦτο
3095 2529 3288 2595 γέγονε
3316 2529 3426 2598 τῆς
3448 2527 3710 2595 καθαιρέ-

2120 2640 2260 2687 σεως
2291 2621 2456 2676 αύτοῦ
2503 2622 2676 2675 αῐτιον
2725 2621 2887 2690 (οὐδὲ
2915 2619 3030 2692 γὰρ
3059 2620 3316 2690 εἰσῆλθεν
3345 2621 3434 2682 εἰς
3463 2619 3570 2688 τὴν
3593 2619 3712 2670 5-39-

2118 2714 2261 2777 οδον,
2276 2715 2366 2768 ἵνα
2387 2715 2550 2786 κριθῇ
2577 2713 2708 2784 περὶ
2729 2713 2968 2782 τούτου)’
2994 2713 3110 2772 ἀλλ’
3126 2715 3230 2774 ὅτι,
3244 2713 3482 2784 κληθεὶς
3503 2713 3587 2783 τῷ
3603 2714 3711 2766 δντι

2119 2805 2187 2859 ὲκ
2213 2805 2420 2878 τρίτου,
2464 2807 2565 2860 οὐκ
2607 2805 2870 2875 ἠνέσχετο
2909 2803 3212 2858 συνελθεῖν.
3260 2805 3326 2857 Εἰ
3363 2804 3612 2874 συνῆλθε

2120 2896 2218 2950 καὶ
2263 2896 2353 2951 διὰ
2394 2895 2494 2967 τὴν
2521 2896 2706 2950 πίστιν
2745 2895 3104 2952 ἀπεσάλλετο.
3159 2896 3307 2966 Πλὴν
3359 2897 3506 2965 πρὶς
3541 2895 3713 2948 ταῦτα

2119 2987 2444 3040 ἀποϐλέπων
2489 2989 2519 3040 6
2567 2986 2881 3050 Ἀνατόλιος
2928 2982 3085 3040 εἶπεν
3106 3026 3122 3048 ,
3174 2988 3256 3040 δτι
3300 2987 3365 3039 οὐ
3398 2986 3498 3039 διὰ
3529 2987 3712 3038 πίστιν

2122 3079 2405 3150 καθῃρέθη
2437 3081 2466 3133 6
2492 3078 2810 3150 Διόσκορος.
2848 3077 3117 3148 Δεύτερον
3145 3077 3357 3148 ἄπορόν
3384 3079 3538 3139 ἐστι,
3571 3075 3713 3130 διατί

2132 3169 2441 3224 ἀπεσάλετο
2494 3171 2528 3241 ἡ
2581 3168 2800 3232 σύνοδος
2853 3168 2948 3223 τὸν
2998 3171 3126 3240 ὅρον
3209 3169 3300 3220 τὸν
3355 3167 3710 3236 περιέχοντα,

2125 3260 2196 3314 ἐκ
2252 3261 2362 3315 δύο
2408 3261 2654 3330 φύσεων
2676 3275 2690 3290 ο
2749 3260 2998 3329 καίτοιγε
3039 3263 3069 3314 6
3105 3259 3259 3328 ἅγιος
3287 3259 3574 3330 Κύριλλος
3607 3261 3718 3313 ἂνω

2129 3351 2227 3404 καὶ
2255 3351 2408 3406 κάτω
2435 3354 2502 3406 ἔκ
2527 3351 2622 3404 δύο
2647 3351 2865 3422 φύσεων
2887 3352 3060 3421 λέγει.
3091 3351 3239 3422 Πρὸς
3259 3350 3426 3404 τοῦτο
3455 3350 3712 3418 λέγομεν,

2127 3439 2213 3494 ὅτι
2247 3440 2350 3494 οὐκ
2393 3439 2700 3495 ἀπεδάλετο
2747 3441 2948 3506 αὐτὸν,
2983 3441 3174 3512 ἐπειδὴ
3222 3440 3306 3503 τὺ,
3354 3441 3428 3494 ἐκ
3460 3441 3576 3494 δύο
3603 3442 3714 3508 ρύ-

2129 3546 2310 3596 σεων,
2333 3528 2447 3603 εἶχε
2468 3532 2650 3603 (τοῦτο
2669 3533 2779 3604 γὰρ
2799 3533 2896 3588 καὶ
2917 3535 3098 3604 ἡμεῖς,
3119 3532 3217 3586 καὶ
3235 3533 3286 3585 οι
3304 3531 3715 3600 διακρινόμενα

2128 3622 2374 3693 δέχονται
2394 3664 2412 3688 ,
2465 3625 2563 3679 καὶ
2603 3627 2634 3680 6
2679 3624 2991 3696 Εὐτυχής)’
3048 3623 3165 3678 ἀλλ’
3213 3625 3295 3678 ὅτι
3333 3623 3569 3694 ὶλλιπὴς
3627 3617 3712 3690 ἦν.

2131 3713 2205 3767 O6
2246 3713 2356 3786 γὰρ
2397 3708 2514 3785 εἷχε
2554 3715 2616 3768 τὸ
2653 3715 2964 3786 ἀνατρέπον
3006 3715 3079 3768 τὰ
3115 3714 3369 3783 δόγματα
3397 3712 3712 3782 Εὐτυχοῧς.

2132 3804 2263 3860 ἀλλ’
2303 3805 2334 3860 δ
2381 3807 2544 3877 μόνον
2595 3805 2792 3871 κοινῶς
2843 3809 2978 3876 ἡμῖν
3029 3805 3275 3871 ἐδόξαζε.
3333 3805 3618 3858 Τοσοῦτον
3659 3803 3716 3856 δι

2132 3895 2234 3950 οὐκ
2271 3897 2505 3967 ἀντέστη
2537 3897 2672 3969 πρὸς
2711 3899 2792 3962 τὸ,
2849 3897 2920 3952 ἐκ
2981 3897 3090 3951 δύο
3117 3897 3388 3966 φύσοωγ,
3423 3897 3516 3949 ὃτι
3551 3897 3612 3946 ἐν
3643 3893 3718 3961 τῷ

2134 3982 2378 4053 δευτέρῳ
2420 3983 2536 4054 ὅρῳ
2581 3983 2862 4054 πανταχοῦ
2909 3985 3300 4054 ἀνατρέπουσα
3338 3986 3432 4038 τὸν
3476 3984 3714 4052 Εὐτυχῆ.

2134 4071 2370 4143 οὐδαμοῦ
2411 4072 2658 4143 ἐμνήσθη
2690 4073 2772 4141 τὸ,
2814 4073 2886 4128 ἐκ
2914 4072 3024 4128 δύο
3071 4075 3336 4144 φύσεων,
3368 4075 3446 4138 ὡς
3473 4073 3718 4142 δηλονότι

2134 4163 2400 4234 δεχομένη
2429 4164 2589 4221 αὐτό.

474 4252 720 4308 refutans
768 4251 1068 4324 Eutychen:
1091 4289 1106 4315 ,
1151 4263 1424 4320 nusquam
1469 4248 1805 4304 mentionem
1839 4247 2034 4304 fecerit
2066 4249 2234 4325 hujus
2260 4253 2525 4325 loquendi
2590 4253 2863 4320 formulae,
2893 4253 2980 4311 Ea:
3037 4253 3242 4310 duabus
3265 4257 3521 4322 naturis;
3558 4255 3712 4327 quasi

473 4345 687 4401 scilicet
718 4359 840 4400 eam
871 4343 1202 4398 admitteret.

542 4437 634 4492 iV.
658 4437 864 4502 Quarta
895 4433 1186 4490 didieultas
1207 4442 1293 4489 est
1321 4433 1600 4503 (secunda
1647 4435 1795 4491 enim
1830 4435 1887 4492 in
1926 4435 2025 4492 duc

2211 4436 2458 4507 Τετάρτη
2504 4437 2656 4493 ἐστὶν
2707 4437 2912 4510 ἀπορία
2949 4437 3008 4509 (ἡ
3044 4437 3157 4508 γὰρ
3201 4437 3434 4508 δευτέρα
3495 4440 3583 4500 εἰς
3623 4437 3715 4491 δύο

471 4522 802 4596 dividitur),
840 4523 989 4593 quod
1035 4523 1287 4578 homines
1317 4525 1581 4581 sectarios
1607 4527 1848 4598 synodus
1874 4526 2043 4583 Chal-

475 4615 805 4670 cedonensis
845 4613 1163 4683 receperit,
1219 4611 1628 4670 Tbeodorctum
1669 4617 1921 4681 scilicet,
1979 4632 2044 4672 ac

475 4707 649 4763 Ibam.
679 4699 760 4760 Ex
782 4705 868 4759 bis
889 4703 1268 4762 Theodoretus
1310 4715 1396 4762 est
1430 4707 1521 4762 ille
1571 4707 1666 4776 qui
1699 4708 1768 4762 12
1791 4707 2046 4778 capitulis

479 4797 626 4853 beati
651 4795 841 4868 Cyrilli
869 4795 1220 4862 contradixit,
1261 4805 1517 4866 tanquam
1556 4797 1792 4852 Nestorii
1817 4809 2044 4854 sentcn-

480 4888 611 4941 tiam
637 4887 878 4957 probans
905 4904 920 4938 :
947 4886 1068 4940 lbas
1092 4897 1274 4942 autem
1307 4897 1364 4941 et
1390 4886 1507 4956 ipse
1535 4885 1894 4942 Nestorianus
1920 4888 2045 4953 fuit,

478 4976 944 5046 quemadmodum
979 4979 1048 5029 ab
1071 4991 1138 5030 eo
1167 4975 1470 5046 perscripta
1515 4976 1583 5032 ad
1614 4976 1784 5031 Marin
1823 4977 2046 5032 Persam

479 5069 710 5137 epistola
739 5067 922 5131 docet,
955 5065 1010 5120 in
1041 5081 1148 5133 qua
1173 5081 1392 5120 sursum
1421 5065 1678 5122 deorsum
1697 5068 2046 5123 Theodorum

480 5159 708 5220 laudat,
764 5157 922 5227 cujus
950 5155 1282 5210 auctoritate
1315 5155 1566 5227 dogmata
1621 5173 1719 5213 sua
1767 5158 2052 5213 Nestorius

481 5246 864 5301 confirmabat.
915 5245 1027 5300 Nos
1085 5261 1218 5301 vero
1267 5239 1603 5302 Theodoreti
1655 5249 1851 5319 dogma
1899 5248 2045 5319 quod

477 5337 719 5397 attinet.
767 5335 1037 5398 dicimus,
1084 5351 1194 5390 non
1228 5336 1383 5406 prius
1429 5353 1459 5391 a
1512 5339 1719 5409 synodo
1766 5347 2046 5408 receptum

481 5428 678 5487 tuisse.
711 5441 876 5495 quam
917 5426 1230 5481 Nestorium
1262 5438 1319 5483 et
1351 5429 1522 5497 ipsius
1565 5429 1892 5483 sententiam
1923 5444 2054 5490 ana-

485 5515 716 5570 themati
763 5515 1104 5586 snlijecisset.
1137 5517 1352 5571 Rursus
1371 5517 1661 5586 objiciunt,
1691 5534 1790 5571 cur
1813 5517 2054 5589 synodus

486 5609 557 5660 ab
573 5593 656 5661 \eo
683 5621 793 5678 non
826 5607 1202 5670 postulaverit,
1235 5615 1296 5661 ut
1335 5608 1536 5676 scripta
1579 5623 1675 5662 sua
1705 5625 1825 5678 qtue
1860 5608 2055 5676 adver-

2140 4529 2474 4602 διαιρεῖται),
2501 4530 2586 4584 δτι
2632 4530 2949 4600 αίρετικοὺς
2975 4527 3302 4600 ἀνθρώπους
3341 4527 3570 4592 ἐδέξατο
3590 4531 3626 4599 η
3661 4531 3718 4580 ἰν

2143 4618 2448 4689 Χαλκηδόνι
2507 4617 2744 4682 σύνοδος.
2785 4618 3036 4684 Ἐδέξατο
3059 4617 3167 4688 γὰρ
3204 4617 3563 4688 Θεοδὼρητον
3581 4658 3600 4685 ,
3628 4621 3719 4671 καὶ

2143 4707 2238 4764 τδν
2287 4708 2428 4762 Ἰδᾶν
2457 4723 2474 4740 ·
2507 4700 2583 4762 ὧν
2606 4707 2636 4760 6
2669 4707 2768 4776 μὲν
2815 4706 3170 4780 Θεοδώρητός
3197 4707 3345 4762 ἔστιν
3385 4708 3414 4759 6
3443 4705 3720 4760 ἀντειπὼν

2135 4800 2284 4872 ,πρὸς
2325 4799 2396 4855 τὰ
2445 4799 2512 4870 ιβ’
2537 4797 2809 4867 κεφάλαια
2863 4798 2960 4852 τοῦ
3008 4797 3283 4870 μακαρίου
3312 4797 3614 4868 Κυρίλλον,
3645 4797 3720 4858 ὡς

2145 4891 2218 4945 τὰ
2248 4889 2546 4961 Νεστορίου
2574 4889 2812 4962 φρονῶν.
2841 4889 2904 4943 '0
2929 4889 2986 4942 δὲ
3029 4889 3172 4952 Ίόᾶς
3200 4889 3295 4942 καὶ
3319 4887 3486 4950 αὐτὸς
3513 4888 3722 4940 Νεστο-

2147 4979 2352 5052 ριανδς.
2385 4979 2462 5042 ὡς
2505 4979 2656 5049 δηλοί
2693 4981 2730 5052 ἡ
2764 4980 3042 5050 γραφεῖσα
3087 4979 3224 5050 παρ’
3242 4977 3412 5033 αὐτοῦ
3459 4978 3722 5043 ἐπιστολὴ

2145 5070 2284 5142 πρὸς
2320 5071 2506 5142 Μάριν
2528 5070 2620 5123 τὸν
2643 5071 2882 5140 Πέρσην,
2913 5070 2974 5124 έν
3075 5069 3192 5123 ἀνω
3231 5069 3329 5123 καὶ
3370 5067 3530 5122 κάτω
3563 5071 3724 5121 ἐπαι-

2149 5160 2232 5213 νεῖ
2277 5159 2368 5212 τὸν
2399 5160 2698 5231 Θεόδωρον,
2725 5162 2817 5230 ἀφ’
2843 5152 2904 5212 οὗ
2948 5159 3016 5213 τὰ
3056 5161 3237 5213 οἰκεῖα
3268 5159 3524 5228 δόγματα
3573 5160 3726 5228 ἰσχυο

2153 5250 2335 5320 ρίζετο
2361 5251 2389 5302 6
2415 5250 2732 5320 Νεστόριος.
2761 5251 3006 5321 Λέγομεν
3046 5246 3141 5303 οὖν
3181 5249 3318 5319 πρὸς
3353 5249 3454 5319 μὲν
3484 5251 3550 5301 τὸ
3599 5249 3728 5302 Θεο-

2153 5340 2402 5408 δωρήτου
2448 5339 2644 5409 δόγμα,
2677 5340 2760 5392 ὅτι
2815 5340 2879 5392 06
2935 5340 3201 5410 πρότερον
3239 5339 3403 5392 αὐτὸν
3444 5337 3668 5403 ἐδέξατο
3693 5339 3728 5402 1';

2160 5429 2398 5493 061060;,
2428 5430 2556 5500 πρὶν
2588 5429 2984 5500 ἀναθεματίσαι
3035 5429 3330 5499 Νεστόριον
3358 5428 3454 5480 καὶ
3484 5427 3548 5480 τὸ
3595 5427 3730 5494 φρό-

2159 5536 2308 5589 νημα
2355 5518 2544 5572 αὐτοῦ.
2593 5517 2753 5570 Ἀλλὰ
2809 5517 2970 5570 πάλιν
3019 5516 3392 5584 ὲπαποροῦςιν
3451 5515 3611 5582 ἡμῖν,
3644 5511 3726 5564 ὃτι

2161 5611 2269 5665 Καὶ
2303 5610 2444 5663 διατί
2490 5609 2567 5680 μὴ
2609 5609 2887 5679 ἀπῄτησεν
2932 5607 3091 5661 αὑτὸν
3121 5609 3210 5660 καὶ
3255 5607 3324 5659 τὰ
3374 5605 3552 5658 οἰκεῖα
3599 5614 3730 5666 συγ-
