3912 6298
462 207 597 301 123s
1705 242 2013 303 LEONTII

2124 240 2465 303 l'ZANTINI

3620 246 3772 313 12w

2014 380 2157 396 Μ

456 447 918 529 Philosophicis
978 447 1391 526 respondetur
1444 448 1803 540 rationious
1846 449 2425 540 quasflfesitontes
2471 447 2850 540 gﬂ'erebant,
2893 460 2965 512 ut
3006 451 3570 531 reprehenderent
3622 474 3765 538 quo

1344 604 1347 607 _
1458 527 1717 605 fuerant
1762 526 2122 590 de’Christi
2172 534 2403 586 natura
2448 526 2721 589 decreta.

1077 650 1283 707 ACTIO
1312 652 1426 708 Vll.

2735 653 2989 709 ΠΡᾹΞΙΣ
3045 656 3122 710 Ζ’.

522 745 564 799 1.
585 745 714 799 Ροει
727 743 1130 813 expositionem
1150 752 1625 813 argumentorum,
1642 759 1708 799 ex
1733 746 1869 816 ipsis
1889 746 2017 801 actis

2206 744 2362 798 Μετά
2417 744 2487 798 τά
2544 744 2652 799 ἀπὸ
2706 745 2818 798 τῶν
2865 749 3221 818 πραχθέντων
3270 750 3755 821 ἐπιχειρήματα,

450 836 791 907 petitorum,
844 835 915 890 ad
966 851 1031 890 ea
1081 846 1450 901 transeamus,
1483 852 1607 906 qua:
1647 837 2017 893 ratiocinando

2138 835 2493 907 μετέλθωμεν
2536 840 2633 890 καὶ
2674 838 2768 891 ἐπὶ
2811 839 3241 912 ἐπιχειρήματα.
3276 823 3612 911 ἆπερῖἡμῖν
3646 845 3756 898 ἀπὸ

450 927 614 983 nobis
628 927 923 998 objiciunt.
945 927 1191 981 Primum
1213 927 1349 982 illud
1371 937 1458 985 est
1481 945 1496 982 :
1525 927 1581 983 Si
1605 928 1743 983 duas
1776 938 2017 993 naturasI

2135 927 2513 998 συλλογισμῶν
2538 928 2959 1000 προϐάλλονται.
2994 925 3095 985 Ὧν
3119 934 3341 1003 πρῶτόν
3383 936 3517 989 ἐστι
3568 936 3751 990 τοῦτο·

451 1017 756 1087 inquiunt,
797 1017 856 1071 in
883 1015 1107 1073 Christo
1151 1017 1341 1074 dicitis
1365 1059 1380 1086 ,
1425 1018 1653 1073 omnino
1687 1018 1823 1073 duas
1855 1019 2017 1073 etiam

2135 1020 2198 1075 Et
2253 1021 2349 1075 δύο
2383 1022 2595 1091 φύσεις.
2630 1025 2786 1093 φασὶ,
2809 1024 3000 1095 λέγετε
3033 1028 3091 1080 ἐν
3119 1028 3197 1097 τῷ
3226 1027 3494 1100 Χριστῷ,
3526 1029 3752 1095 πάντας

451 1110 777 1182 hypostases
808 1110 1042 1166 traditis.
1072 1111 1129 1166 Si
1150 1110 1289 1166 duas
1307 1112 1656 1182 hypostases,
1689 1111 1857 1166 etiam
1888 1111 2017 1165 duas

2135 1114 2229 1167 καὶ
2248 1113 2343 1167 δύο
2359 1115 2686 1179 ὑποστάσεις
2702 1114 2913 1185 λέγετε.
2936 1118 2999 1171 Εἰ
3014 1118 3108 1172 δύο
3123 1120 3494 1185 ὑποστάσεις,
3524 1125 3627 1176 καὶ
3656 1124 3744 1176 δῦο

449 1218 739 1273 personas,
765 1211 823 1258 et
849 1202 993 1258 duos
1018 1202 1299 1268 Christos,
1325 1214 1383 1258 et
1410 1203 1553 1258 duos
1583 1202 1744 1269 ﬁlios,
1775 1203 2017 1273 adeoque

2134 1203 2426 1273 πρόσωπα,
2454 1206 2548 1258 καὶ
2572 1204 2667 1258 δύο
2696 1207 2988 1277 Χριστοὺς,
3021 1209 3117 1263 καὶ
3156 1210 3252 1263 δύο
3295 1211 3462 1274 υἱούς
3484 1228 3505 1243 ο
3542 1214 3639 1266 καὶ
3665 1216 3747 1266 εὕρ

451 1293 812 1365 reperiemini
855 1294 1050 1349 eadem
1102 1295 1311 1350 sentire
1359 1310 1482 1365 quae
1526 1294 1836 1349 Nestorius.
1872 1293 2017 1350 Hanc

2135 1292 2437 1367 ρεθήσεσθε
2466 1296 2535 1351 τὰ
2559 1297 2701 1351 αὑτά
2732 1298 3058 1369 φρονοῦντες
3071 1300 3149 1372 τῷ
3164 1303 3485 1374 Νεστορίς).
3524 1305 3744 1374 Ταύτην

448 1385 817 1456 objectiouem
846 1393 903 1442 et
929 1386 1185 1441 instando
1202 1394 1260 1441 et
1283 1384 1613 1455 opponendo
1645 1384 2017 1440 dissolvimus.

2132 1386 2235 1455 τὴν
2288 1387 2525 1460 ἀπορίαν
2574 1388 2908 1459 ὲπιλυόμεθα
2936 1392 3186 1446 ἑνστάσει
3233 1397 3329 1447 καὶ
3382 1397 3741 1450 ἁντιστᾶπι.

448 1477 743 1543 lnstando;
769 1477 899 1548 quia
928 1478 1071 1533 male
1096 1476 1361 1548 objicitis,
1389 1484 1446 1532 et
1482 1476 1907 1547 adeo_quidem,
1964 1484 2017 1531 ul

2144 1478 2426 1532 Ἐνστάσει
2469 1478 2591 1549 μὲν,
2622 1479 2709 1532 ὅτι
2735 1480 2925 1545 κακῶς
2976 1483 3233 1554 ἀπορεῖτε
3253 1524 3269 1547 ,
3303 1487 3407 1538 καὶ
3456 1487 3736 1548 τοσοῦτον,

445 1569 641 1625 eadem
663 1568 980 1625 absurditas
1013 1570 1174 1625 vobis
1191 1583 1412 1641 quoque
1448 1568 1757 1638 colligatur.
1789 1567 1848 1624 Si
1875 1569 2017 1624 enim

2131 1569 2215 1622 ὅτι
2245 1570 2341 1623 καὶ
2371 1570 2501 1640 ὑμῖν
2539 1569 2603 1623 τὸ
2648 1571 2783 1624 αὐτὸ
2824 1573 3120 1641 συνάγεται
3161 1575 3395 1631 ἄτοπον.
3434 1576 3502 1630 Εἰ
3539 1585 3653 1647 γὰρ
3682 1582 3736 1631 ὲκ

445 1661 730 1719 Christum
753 1678 820 1717 ex
844 1661 1061 1718 duabus
1083 1661 1299 1717 naturis
1327 1660 1534 1726 dicitis,
1564 1668 1733 1716 erunt
1761 1661 2017 1715 nimirum

2131 1660 2227 1715 δύο
2255 1661 2473 1731 φύσεων
2494 1661 2681 1731 λέγετε
2715 1661 2806 1715 τὸν
2832 1664 2875 1716 Χ
2885 1664 3087 1734 ριστὸν.
3106 1665 3307 1719 οὐκοῦν
3355 1667 3462 1720 δύο
3496 1669 3735 1722 ὕπειστᾶ-

446 1764 505 1809 et
537 1754 861 1826 hypostases
890 1754 1033 1819 duae,
1081 1762 1138 1809 et
1168 1754 1292 1808 duae
1352 1766 1606 1824 persona
1652 1766 1903 1807 seorsum
1962 1766 2017 1806 ac

2135 1767 2270 1815 σεις,
2303 1752 2398 1805 καὶ
2430 1751 2525 1805 δύο
2558 1752 2831 1824 πρόσωπα
2864 1752 2987 1808 καθ’
3016 1754 3149 1807 ἑαυτ
3162 1756 3206 1820 'v,
3234 1757 3333 1808 καὶ
3368 1758 3734 1829 Busta-916;:-

446 1845 803 1916 peculiariter
854 1845 1323 1916 circumscriptae;
1367 1852 1742 1915 sequeturque
1781 1844 1849 1899 de
1899 1844 2017 1914 opi-

2134 1860 2237 1898 στα
2268 1860 2283 1873 ο
2319 1844 2415 1897 καὶ
2442 1840 2511 1914 ἦν
2540 1861 2673 1898 ποτε
2716 1844 2844 1897 καθ’
2877 1845 3023 1914 ὑμᾶς
3065 1848 3099 1915 ἡ
3130 1847 3520 1917 ἀνθρωπότης
3572 1853 3733 1921 χωρῖς

446 1938 615 1992 nione
630 1945 831 2003 vestra,
855 1937 1002 2008 quod
1019 1945 1140 1993 erat
1156 1936 1472 1992 humanitas
1496 1936 1793 2009 aliquando
1817 1935 2017 2006 absque

2129 1936 2235 2007 τῆς
2264 1934 2542 2006 θεότητος,
2573 1938 2715 2008 ὅπερ
2736 1937 2960 2001 ἄτοπον,
2991 1939 3087 1991 καὶ
3115 1939 3237 1993 οὐδὲ
3270 1941 3446 2010 ὑμεῖς
3471 1943 3730 2011 ἀνέχεσθε

446 2027 738 2084 divinitate
770 2045 787 2082 :
824 2028 971 2098 quod
1003 2028 1305 2084 absurdum
1331 2037 1436 2093 est,
1471 2043 1537 2084 ac
1564 2044 1633 2084 ne
1661 2043 1759 2083 vos
1804 2028 2017 2098 quidem

2132 2029 2485 2100 ὁμολογῆσαν
2515 2029 2545 2082 ὃ
2585 2028 2696 2100 γὰρ
2739 2029 2900 2099 ὑμεῖς
2960 2028 3149 2097 λέγετε
3217 2008 3513 2100 ἐνῶθῆναι
3538 2075 3556 2097 ,
3582 2008 3730 2087 Iasiae

447 2118 606 2175 fateri
635 2121 943 2176 sustinetis.
973 2120 1109 2175 Nam
1134 2119 1280 2191 quod
1305 2135 1407 2175 vos
1428 2118 1614 2174 dicitis
1639 2119 1856 2173 unitum
1882 2132 2017 2184 esse,

2130 2120 2363 2190 λέγομεν
2389 2123 2555 2192 ἡμεῖς
2596 2120 2737 2191 μετὰ
2770 2121 2868 2190 τὴν
2894 2121 3110 2175 ἕνωσιν.
3154 2123 3219 2175 Εἰ
3252 2124 3355 2192 μὲν
3383 2123 3494 2177 οὖν
3534 2127 3727 2178 ἀνυπο-

446 2210 555 2267 hoc
582 2226 686 2267 nos
714 2212 955 2268 dicimus
984 2220 1111 2283 post
1148 2212 1433 2267 unionem.
1479 2211 1779 2265 Enimvero
1822 2211 1868 2265 si
1914 2224 2026 2263 non

447 2303 823 2375 hypostaticas
858 2314 1085 2360 naturas
1107 2306 1295 2359 unitas
1325 2319 1448 2359 esse
1480 2303 1668 2358 dicitis
1693 2341 1708 2366 ,
1751 2302 1897 2357 idem
1923 2316 2027 2357 nos

445 2410 669 2465 quoque
694 2395 935 2451 dicimus
965 2412 981 2450 :
1008 2397 1096 2450 sin
1146 2394 1558 2467 hypostaticas,
1610 2393 1911 2447 absurdum
1969 2392 2025 2446 id

446 2488 671 2558 quidem
702 2487 894 2554 fateri;
934 2487 1031 2542 sed
1058 2486 1309 2541 dicemus
1339 2494 1546 2549 tamen,
1577 2484 1739 2539 vobis
1767 2484 1909 2538 hanc
1930 2483 2026 2537 ab-

445 2579 776 2634 surditatem
804 2578 1041 2634 exorsis.
1091 2577 1164 2633 Ut
1198 2585 1394 2635 autem
1434 2584 1491 2631 et
1535 2575 1868 2646 opponendo
1915 2576 2027 2630 sol-

445 2685 641 2724 vamus
677 2670 976 2739 obiectum,
1016 2668 1181 2724 aliam
1217 2682 1438 2739 quoque
1477 2665 1858 2721 difficultatem
1886 2664 2023 2719 εσθ-

445 2768 598 2823 runt,
626 2758 793 2829 priori
816 2758 1075 2822 similem,
1100 2756 1197 2812 sed
1214 2772 1337 2827 quae
1360 2756 1581 2811 diverso
1602 2754 1841 2825 quodam
1860 2753 2025 2808 modo

446 2848 691 2912 texitur;
718 2862 827 2917 qua
855 2846 1035 2901 soluta
1065 2861 1287 2917 quoque
1335 2845 1590 2915 superior
1631 2844 1760 2900 erit.
1796 2843 1895 2898 Est
1921 2858 2023 2897 au-

447 2948 558 2996 tem
596 2939 913 3011 huiusmodi
948 2957 962 2995 :
993 2939 1051 2996 Si
1081 2939 1219 2995 duas
1247 2946 1476 2993 naturas
1503 2937 1713 3001 dicitis,
1742 2934 2020 3006 inquiunt,

446 3041 543 3087 aut
576 3032 933 3103 hypostaticae
959 3040 1110 3098 sunt,
1150 3040 1247 3088 aut
1274 3047 1384 3087 non
1415 3029 1792 3103 hypostaticae.
1825 3027 1884 3082 Si
1921 3026 2023 3097 hy-

446 3124 749 3195 postatieae,
775 3140 1045 3195 personas
1081 3124 1219 3179 duas
1252 3123 1612 3179 introducitis
1635 3162 1650 3183 ,
1687 3130 1743 3176 et
1771 3118 2025 3175 Christos

445 3214 589 3269 duos
610 3255 624 3279 ,
648 3223 707 3270 et
732 3214 873 3270 duos
910 3214 1071 3270 ﬁlios.
1113 3214 1169 3269 Si
1194 3229 1305 3268 non
1337 3212 1712 3283 hypostaticaa,
1743 3223 1931 3263 rerum
1966 3207 2023 3262 in

445 3315 644 3361 natura
678 3322 788 3361 non
826 3315 974 3361 sunt.
1018 3306 1088 3360 At
1117 3319 1248 3361 vero
1277 3304 1463 3358 dicere
1490 3342 1508 3366 ,
1541 3310 1772 3355 naturas
1815 3296 2019 3353 Christi
2049 3336 2093 3396 ϐ

445 3418 558 3458 non
584 3417 707 3458 esse
733 3404 789 3457 in
820 3409 1021 3456 natura
1044 3415 1252 3465 rerum,
1293 3397 1594 3454 absurdum
1624 3402 1729 3451 est.
1765 3393 1845 3448 Ad
1874 3393 2019 3447 hanc

432 3494 813 3564 objectionem
845 3507 1039 3547 rursus
1079 3501 1137 3547 et
1168 3490 1426 3545 instando
1452 3498 1511 3545 et
1538 3487 1871 3558 opponendo
1911 3501 2020 3556 pu-

446 3598 701 3655 gnamus.
753 3583 1057 3647 lnstando,
1116 3582 1244 3653 quia
1288 3581 1434 3635 male
1479 3579 1745 3651 objicitis.
1795 3579 1934 3634 Nam
1970 3577 2017 3632 si

444 3675 726 3731 Christum
765 3690 834 3731 ex
880 3674 1098 3729 naturis
1135 3672 1353 3728 duabus
1391 3671 1598 3734 dicitis,
1670 3670 1755 3723 hae
1799 3682 2021 3739 quoque

445 3774 656 3820 natura:
694 3765 777 3819 vel
810 3764 1168 3836 hypostatica:
1199 3771 1349 3828 sunt,
1388 3762 1474 3817 vel
1499 3776 1609 3817 non
1638 3759 2017 3830 hypostaticze.

445 3855 504 3912 Si
534 3856 758 3926 quidem
784 3855 1162 3927 hypostaticae,
1187 3854 1329 3909 duas
1356 3867 1620 3923 personas
1644 3849 2016 3914 introducitis,

2132 2210 2364 2273 στάτους
2420 2209 2521 2273 τὰς
2570 2210 2766 2279 φύσεις
2818 2210 3010 2279 λέγετε
3055 2213 3368 2284 ὲνωθῆναι,
3418 2216 3526 2268 καὶ
3574 2218 3727 2284 ἡμεῖς

2128 2300 2288 2354 τοῦτο
2337 2300 2610 2371 λέγομεν·
2643 2304 2693 2355 εἰ
2755 2302 2813 2355 δὲ
2874 2304 3299 2368 ἑνυποστάτους.
3356 2306 3584 2359 ἄτοπον
3638 2310 3728 2376 μὲν

2127 2391 2483 2462 ὁμολογῆσαι,
2503 2392 2656 2462 ὅμως
2692 2392 2751 2446 δὲ
2776 2391 3036 2463 λέγομεν.
3067 2395 3222 2464 ὑμῶν
3265 2395 3328 2449 δὲ
3357 2413 3517 2466 προα
3530 2398 3725 2468 95:93.-

2129 2500 2238 2536 νων
2260 2482 2362 2552 τῆς
2395 2483 2649 2547 ἀτοπίας.
2692 2484 2810 2537 ’Ίνα
2846 2484 2903 2537 δδ
2940 2486 3035 2539 καὶ
3065 2488 3131 2556 τῇ
3179 2486 3518 2542 ἀντιστάσει
3556 2489 3722 2541 λύσω-

2133 2592 2234 2645 μεν
2267 2574 2367 2646 τὴν
2393 2575 2651 2646 ἀπορίαν.
2671 2576 2868 2646 ἑτέραν
2888 2576 3011 2629 τινὰ
3036 2577 3430 2646 ἐπαγαγοῦσιν
3464 2581 3718 2649 ἀπαρξαν,

2127 2665 2319 2729 ὁμοίαν
2353 2665 2454 2734 μὲν
2482 2668 2547 2737 τῇ
2580 2667 2848 2737 προτέρᾳ,
2883 2665 3062 2730 ἄλλως
3091 2667 3149 2720 δέ
3176 2686 3298 2731 πως
3327 2668 3721 2740 πλεκομένην

2125 2751 2193 2827 ἧς
2219 2756 2488 2826 λυομένης
2508 2796 2524 2820 ν
2561 2758 2657 2811 καὶ
2683 2759 2717 2827 ἡ
2742 2757 2995 2827 ἀνωτέρα
3035 2757 3360 2828 λυθήσεται.
3392 2760 3569 2813 Ἐστι
3598 2759 3725 2829 γοῦν

2125 2845 2351 2915 τοιαύτη
2386 2860 2401 2875 ο
2443 2845 2505 2900 Ei
2531 2844 2625 2898 δύο
2658 2845 2852 2915 φύσεις
2882 2845 3095 2914 λέγετε,
3127 2849 3315 2915 φασὶν,
3341 2848 3376 2917 ἢ
3413 2849 3721 2901 ἐνυπόστε-

2124 2936 2210 2989 τοι
2270 2938 2377 2989 εισι
2402 2977 2418 3002 ,
2451 2935 2484 3007 ἢ
2514 2936 2900 2991 ἀνυπόστατοι.
2944 2937 3006 2990 Εἰ
3062 2938 3162 3007 μὲν
3190 2937 3285 2991 οὖν
3353 2940 3721 2993 hominum!

2126 3029 2234 3081 stet
2265 3067 2280 3093 ,
2342 3027 2437 3081 δύο
2504 3027 2778 3097 πρόσωπα
2817 3029 3069 3097 εἰσάγετε
3102 3069 3117 3092 ,
3150 3028 3373 3083 καὶδύο
3401 3031 3718 3098 Χριστοῦς.

2126 3121 2221 3172 καὶ
2244 3117 2339 3171 δύο
2367 3116 2537 3180 υἱούς.
2569 3117 2629 3171 El
2650 3116 2707 3171 δὲ
2735 3117 3123 3180 ἀνυπόστατοι,
3148 3118 3248 3170 οὐκ
3276 3118 3392 3188 ἄρα
3413 3120 3537 3170 τῶν
3553 3120 3721 3172 ὄντων

2126 3213 2305 3265 εἰσενο
2346 3212 2522 3264 εἰπεῖν
2562 3210 2619 3263 δὲ
2677 3209 2778 3274 τὰς
2822 3209 3017 3277 φύσεις
3048 3208 3143 3262 τοῦ
3174 3208 3419 3278 Χριστοῦ
3459 3210 3541 3278 μὴ
3585 3205 3718 3261 εἶναι

2126 3304 2237 3358 τῶν
2265 3302 2455 3366 ὄντων.
2491 3302 2709 3357 ἄτοπον.
2744 3302 2889 3373 Πρὸς
2914 3300 3120 3371 ταύτην
3147 3300 3308 3355 πάλιν
3336 3300 3444 3370 τὴν
3483 3302 3720 3370 ἀπορίαν

2123 3395 2377 3448 ὲνστάσει
2420 3394 2514 3446 καὶ
2559 3392 3008 3463 ἀντιπεριστάσει
3054 3390 3371 3462 μαχόμεθα.
3420 3392 3716 3445 Ἑνσιὰςει

2126 3483 2244 3553 μὲν,
2262 3483 2347 3535 ὅτι
2375 3480 2560 3544 κακῶς
2585 3482 2860 3552 ἀπορεῖτε.
2876 3482 2939 3534 Εἰ
2958 3480 3070 3552 γὰρ
3088 3482 3152 3535 ἐκ
3171 3482 3267 3534 δύο
3279 3482 3513 3549 φύσεων
3531 3482 3718 3549 λέγετε

2120 3574 2215 3628 τὸν
2264 3574 2520 3644 Χριστὸν,
2554 3565 2718 3626 αὗται
2757 3573 2815 3626 αι
2858 3569 3050 3640 φύσεις
3096 3572 3462 3626 ὲνυτούστατοί
3484 3574 3717 3641 εἰσιν,ἢ

2121 3665 2510 3719 ἀνυπόστατοι.
2542 3662 2607 3717 Et
2641 3663 2742 3733 μὲν
2775 3657 2870 3717 οὖν
2911 3665 3290 3725 ἑνυπόστατοι.
3317 3663 3419 3717 δύο
3441 3666 3719 3735 πρόσωπα

2119 3756 2395 3825 εἰσάγετε.
2419 3753 2516 3808 καὶ
2537 3754 2633 3807 δύο
2649 3754 2918 3825 Χριστοὺς
2932 3755 3027 3808 καὶ
3052 3755 3147 3809 δύο
3163 3755 3334 3818 υἱούς.
3353 3757 3418 3809 Ei
3438 3756 3501 3808 δὲ
3516 3757 3717 3809 ἀνυπό-

2119 3864 2328 3911 στατοι⁹
2345 3848 2411 3900 ὲκ
2437 3845 2511 3922 μὴ
2529 3844 2707 3899 οὐσῶν
2724 3845 2940 3912 φύσεων
2961 3846 3149 3912 λέγετε
3170 3841 3308 3900 εἶναι
3328 3846 3425 3900 τὸν
3448 3841 3713 3916 Χριστόν.

445 3954 504 3999 et
533 3946 679 4003 duos
711 3945 967 4002 Christos
1003 3952 1061 3999 et
1102 3943 1249 3999 ﬁlios
1311 3943 1472 3998 duos.
1513 3941 1572 3997 Si
1634 3956 1747 3996 non
1813 3935 2193 4010 hypostaticae,
2238 3936 2308 3991 de
2360 3934 2577 3990 naturis
2615 3948 2728 3989 non
2779 3934 3187 3990 exsistentibus
3247 3934 3546 3991 Christum
3592 3951 3715 3990 esse

444 4040 650 4096 dicitis.

513 4133 580 4188 ll.
618 4132 691 4189 Ut
742 4139 928 4188 autem
984 4146 1098 4188 non
1143 4144 1441 4203 pergamus
1491 4142 1610 4184 rem
1658 4122 2016 4198 inexplicabi-

443 4225 552 4280 lem
581 4239 683 4294 per
712 4224 859 4280 aliud
908 4224 1294 4295 inexplicabile
1323 4221 1626 4278 dissolvere
1661 4218 1823 4291 (nihil
1866 4216 2013 4273 enim

442 4317 500 4371 in
533 4331 601 4371 eo
633 4314 929 4385 praeclari),
948 4330 1046 4385 age
1069 4314 1315 4369 vicissim
1338 4313 1420 4368 eis
1440 4309 1767 4381 opponendo
1801 4315 2013 4371 nostra,

441 4405 811 4477 objectioncm
853 4420 1046 4459 eorum
1102 4404 1246 4459 male
1294 4411 1669 4472 comparatam
1720 4398 2019 4468 redargua-

441 4511 587 4551 mus.
620 4494 917 4550 Sciendum
963 4495 1131 4565 igitur
1191 4493 1599 4565 hypostaticum
1660 4500 1718 4545 et
1756 4489 2016 4561 hyposta-

441 4586 528 4641 sin
558 4585 670 4639 duo
691 4584 1024 4654 signiﬁcare.
1063 4583 1200 4640 Nam
1227 4594 1284 4639 et
1306 4580 1580 4650 signiﬁcat
1613 4580 1666 4635 id
1699 4580 1846 4649 quod
1877 4579 2014 4633 sim-

2198 4116 2318 4170 ’ῐνα
2345 4114 2403 4169 δὲ
2435 4113 2512 4185 μὴ
2544 4114 2741 4185 ἀπόρῳ
2767 4114 2827 4168 τὸ
2859 4113 3072 4187 ἄπορον
3095 4115 3376 4184 μείνωμεν
3404 4115 3712 4189 ἐπιλυόμε-

2124 4226 2205 4263 νοι
2237 4207 2419 4276 (τοῦτο
2438 4207 2547 4279 γὰρ
2576 4208 2731 4261 οὐδὲν
2759 4209 3054 4276 γενναῖον),
3088 4208 3223 4279 φέρε
3252 4209 3711 4279 ἀντιπεριστάσει

2118 4300 2478 4372 χρησάμενα,
2506 4300 2609 4369 τὴν
2640 4300 2879 4371 ἀπορίαν
2903 4300 3091 4364 κακῶς
3134 4299 3369 4371 ἔχουσαν
3415 4301 3708 4371 διελέγξω.

2123 4411 2243 4464 μεν.
2282 4393 2479 4448 ’ἰστέον
2507 4392 2624 4458 οὖν,
2646 4394 2729 4448 ὅτι
2758 4393 2822 4447 τὸ
2865 4394 3232 4447 ὲνυπόστατον
3255 4394 3316 4463 (ἱ)
3342 4395 3467 4465 ἦτοι
3508 4398 3544 4466 ή
3574 4398 3705 4451 ὑπὸ·

2121 4503 2311 4548 στασις
2351 4483 2446 4539 δύο
2496 4484 2773 4555 σημαίνει.
2806 4483 3076 4555 Σημαινει
3121 4484 3232 4552 γὰρ
3268 4484 3330 4538 τὸ
3371 4486 3575 4550 ἁπλῶς
3610 4488 3703 4539 δυ’

2121 4574 2245 4629 καθ’
2273 4576 2302 4629 ὃ
2330 4576 2734 4646 σημαινόμενον
2784 4574 3018 4645 λέγομεν
3062 4574 3158 4629 καὶ
3206 4574 3277 4628 τὰ
3308 4576 3706 4646 συμϐεϐηκότι

428 4677 662 4748 'pliciter
680 4674 934 4761 exsistit:
989 4686 1100 4745 quo
1145 4673 1454 4745 signiﬁcato
1495 4671 1731 4727 dicimus
1781 4679 1839 4725 et
1868 4670 2015 4724 acci-

2124 4665 2486 4730 ενυπόστατα,
2512 4666 2561 4717 si
2610 4664 2709 4719 καὶ
2743 4664 2804 4716 ὲν
2837 4663 3049 4735 ἑτέροις
3092 4663 3277 4734 ἔχουσι
3305 4662 3368 4716 τδ
3401 4660 3573 4718 εἶναι.
3601 4667 3705 4733 Στι-

441 4764 628 4821 dentia
653 4753 968 4833 hypostasin
1001 4763 1228 4827 habere,
1261 4762 1394 4817 licet
1447 4760 1502 4815 in
1537 4759 1662 4814 aliis
1705 4773 1826 4813 esse
1855 4773 2015 4812 suum

2125 4754 2313 4823 μαίνει
2358 4755 2457 4807 καὶ
2500 4754 2563 4808 τὸ
2612 4752 2733 4807 καθ’
2759 4752 2924 4807 ἑαυτὸ
2977 4751 3076 4817 δν,
3131 4752 3209 4816 ὡς
3257 4752 3329 4806 τὰ
3363 4752 3556 4821 ἄτομα
3601 4755 3708 4807 τῶν

441 4857 703 4912 habeant.
735 4854 1018 4925 Signiﬁcat
1061 4863 1119 4910 et
1146 4853 1200 4908 id
1240 4852 1386 4923 quod
1434 4866 1684 4907 seorsum
1741 4859 1797 4903 et
1830 4864 1931 4919 per
1953 4864 2014 4905 se

440 4943 676 5005 exsistit,
710 4941 893 5012 qualia
921 4950 1052 4997 sunt
1086 4939 1370 4995 individua
1398 4938 1867 4995 substantiarum:
1900 4952 2011 5006 quo

444 5033 507 5088 ﬁt
554 5042 617 5089 ut
665 5032 1070 5105 hyposlaticum
1125 5047 1223 5102 per
1250 5047 1308 5088 se
1339 5029 1545 5100 duplici
1599 5030 1764 5086 modo
1792 5029 2010 5084 dicatur

441 5124 846 5196 hypostatieum
862 5130 883 5178 :‘
905 5133 1178 5194 quatenus
1190 5131 1274 5179 est
1295 5123 1556 5193 quiddam
1578 5122 1867 5185 assistens,
1894 5128 2010 5174 tum

440 5226 716 5285 quatenus
742 5230 991 5271 seorsum
1016 5230 1081 5269 ac
1113 5230 1212 5285 per
1254 5230 1314 5270 se
1356 5214 1590 5279 exsistit,
1644 5222 1706 5267 ut
1738 5212 1934 5267 Petrus
1959 5220 2016 5266 et

442 5307 665 5362 Paulus.
713 5305 910 5362 Itidem
964 5316 1022 5362 et
1073 5321 1183 5361 non
1212 5304 1619 5375 hypostaticum
1659 5303 1860 5372 duplex
1889 5311 2008 5357 est:

442 5411 570 5452 nam
591 5412 791 5468 expers
839 5397 1148 5469 hypostasis
1176 5396 1401 5458 dicitur,
1438 5395 1584 5465 quod
1644 5408 1871 5463 prorsus
1899 5407 2008 5447 non

514 5566 587 5638 (ἰ)
612 5572 681 5625 Τὸ
707 5571 884 5624 erm.
913 5570 1121 5625 Similia
1143 5569 1303 5623 docet
1338 5568 1680 5638 Leontius,in
1703 5567 2004 5637 fragmento

446 5637 593 5705 quod
618 5653 684 5691 cx
718 5639 1075 5693 Colleclancis
1107 5654 1235 5691 mss.
1281 5646 1467 5690 contra
1514 5637 1842 5691 cherianos
1873 5639 2006 5693 reci-

2118 4844 2319 4897 οὕσιῶν
2341 4860 2356 4874 ο
2380 4843 2520 4897 ὥστε
2556 4843 2843 4913 συμϐαίνει
2870 4841 2933 4897 τὸ
2966 4841 3089 4896 καθ’
3110 4842 3272 4896 ἑαυτὸ
3309 4843 3705 4901 ὲνυπόστατον.

2116 4933 2278 5004 διχῶς
2303 4934 2558 5003 λέγεσθαι
2576 4934 2959 4988 ὲνυπόστατον.
2975 4932 3155 4987 ΚαθὊ
3177 4933 3238 4986 ὃν
3260 4935 3433 4994 ἐστιν,
3459 4934 3561 4986 καὶ
3584 4934 3707 4986 καθ’

2116 5025 2302 5087 ἑαυτὸ.
2333 5024 2479 5079 τοῦτ’
2517 5025 2637 5079 ἐστι
2673 5023 2880 5095 Πέτρος
2919 5022 3017 5078 καὶ
3052 5024 3290 5087 Παῦλος.
3331 5023 3494 5076 Ἀλλὰ
3520 5026 3623 5077 καὶ
3644 5024 3705 5077 τὸ

2117 5117 2491 5171 ἀνυπόστατον
2509 5115 2708 5172 διττόν.
2745 5116 2981 5183 Λέγεται
3017 5114 3127 5187 γὰρ
3166 5116 3575 5178 ἀνυπόστατον,
3613 5117 3703 5169 καὶ

2111 5208 2174 5263 τὸ
2199 5208 2466 5279 μηδαμῶς
2502 5208 2585 5273 ὃν,
2609 5208 2684 5272 ὡς
2723 5207 3071 5277 τραγέλαφος
3108 5208 3204 5261 καὶ
3233 5207 3697 5277 ἱπποκένταυρος.

2109 5299 2342 5368 Λέγεται
2385 5300 2547 5354 πάλιν
2602 5301 2995 5359 ἀνυπόστατον,
3030 5299 3093 5351 οὗ
3142 5298 3205 5351 τὸ
3255 5297 3332 5369 μὴ
3364 5297 3427 5351 ὃν
3466 5298 3596 5367 μιν,
3634 5298 3698 5349 τὸ

2111 5391 2236 5462 ἕχον
2258 5392 2316 5445 δὲ
2349 5395 2410 5445 ὲν
2431 5391 2603 5462 ἑτέρῳ
2631 5392 2730 5462 τὴν
2753 5392 3069 5455 ὑπόστασιν,
3097 5390 3190 5442 καὶ
3230 5389 3305 5459 μὴ
3354 5388 3484 5441 καθ’
3524 5389 3694 5442 tau-tl

2113 5568 2536 5691 tattlfquicnns
2577 5568 2643 5623 ad
2671 5584 2795 5638 opp.
2830 5565 3177 5629 Damasceni,
3199 5574 3335 5622 tom.
3369 5564 3413 5620 ι.
3441 5578 3572 5635 pag.
3598 5562 3694 5631 45,

2113 5654 2228 5691 uo.
2293 5678 2303 5690 .

2111 5654 2228 5693 ιιοι.
2262 5654 2303 5691 1.
