3912 6298
38 274 209 342 ~12“

1263 276 1363 337 DE
1401 277 1680 337 SECTiS.
1714 302 1780 312 -
1805 281 1967 341 ACT.
2007 282 2144 344 VII.

3222 279 3363 344 12ίὲ

42 377 485 450 ὑφιστάμενον·
519 378 595 444 ὡς
643 380 710 434 τὰ
761 382 1170 451 συμϐεϐηκότα.
1228 387 1450 442 Τούτων
1484 389 1644 452 οὕτω,

1760 394 2015 461 exsistit;
2052 405 2113 451 ut
2146 396 2496 466 tragelap‘uus
2538 406 3101 467 etmppocentaurus.
3142 397 3353 452 [lapsos

14 469 331 539 ιὲχόντων,
376 473 506 527 ὅταν
538 473 890 543 ἐρωτήσωσιν
930 475 1097 545 ἡμᾶς,
1125 478 1209 531 ὅτι
1245 480 1303 532 Et
1337 480 1432 534 δύο
1466 482 1660 551 φύσεις

38 557 266 628 λέγετε
301 562 400 616 τοῦ
426 562 687 635 Χριστοῦ,
722 564 1123 632 ὲνυποστάτους
1154 571 1327 634 αὑτὰς
1367 572 1556 641 λέγετε
1578 615 1593 636 ,
1624 576 1658 645 ἢ

38 650 481 717 ἀνυποστάτους
507 670 523 719 ;
554 656 955 728 ἁντερωτῶμεν
975 660 1195 727 αὐτοὺς,
1222 663 1306 716 ὅτι
1329 664 1455 729 Πῶς
1473 666 1660 733 λέγετε

14 744 319 807 ,ἐνταῦθα
366 747 428 799 τὸ
486 747 908 813 δνυπόστατονς
962 750 1090 806 Ἐὰν
1142 756 1243 823 μὲν
1295 757 1545 823 εἴπωσιν,
1577 761 1660 812 ὅτι

14 838 193 905 ιπερὶ
247 838 344 891 τοῦ
402 855 467 908 ση
496 840 765 904 ιαίνοντος
810 842 869 895 τὺ
911 839 972 895 ὃν
1021 844 1207 909 ἁπλῶς
1233 863 1247 877 ·
1281 846 1540 918 λέγομεν,
1576 851 1660 902 ὅτι

13 925 148 995 ἲδύο
185 926 391 995 φύσεις
415 928 650 1000 λέγομεν
676 931 772 985 τοῦ
805 931 1046 1003 Χριστοῦ
1082 936 1223 991 κατὰ
1262 936 1427 992 τοῦτο
1465 939 1523 992 τὸ
1556 957 1657 1008 cq-

41 1018 421 1087 μαινόμενον,
447 1022 543 1074 καὶ
571 1022 726 1075 οὐδὲν
762 1024 967 1078 ἄτοπον
995 1027 1294 1095 συνάγεται
1322 1030 1477 1100 ἡμῖν,
1513 1029 1659 1086 ὥστε

14 1107 152 1185 ’καὶ
203 1107 311 1162 δύο
364 1110 637 1179 πρόσωπα
687 1115 1031 1183 εἰσαγαγεῖν.
1068 1119 1148 1173 Οὐ
1176 1119 1286 1188 γὰρ
1308 1122 1437 1191 περὶ
1460 1121 1659 1176 τούτου

14 1199 147 1255 τοῦ
194 1204 624 1274 σημαινομένου
675 1206 947 1278 ἐλάϐομεν
975 1209 1074 1278 τὴν
1100 1210 1423 1266 ὑπόστασιν.
1455 1215 1571 1268 Ἵνα
1599 1215 1661 1273 δὲ.

14 1290 241 1371 σαφὲς
281 1294 368 1364 ετη
397 1295 460 1348 τὸ
483 1296 803 1366 λεγόμενον,
836 1300 1237 1370 μεταϐαλόντες
1280 1304 1350 1359 τὰ
1390 1304 1656 1375 ὀνόματα,

14 1379 498 1447 ,συλλογιστικῶς
534 1388 988 1456 προσαγάγωμεν
1013 1391 1105 1444 τὸν
1136 1391 1317 1459 λόγον,
1351 1393 1446 1446 καὶ
1484 1395 1655 1448 εἴπω-

39 1486 154 1541 μεν
190 1470 381 1537 οὕτως
408 1492 421 1504 °
450 1476 513 1529 El
541 1476 636 1539 δύο
684 1478 877 1547 φύσεις
915 1480 1011 1535 τοῦ
1039 1482 1311 1552 Χριστοῦ,
1345 1485 1658 1556 παρέπεται

34 1563 105 1617 τὸ
170 1564 587 1634 ἑνυποστέιτους
639 1572 810 1636 αὐτὰς
858 1569 1033 1629 εἶναι·
1065 1576 1125 1628 τὸ
1154 1576 1212 1630 δὲ
1262 1579 1656 1643 ὲνυπόστατον,

34 1654 106 1709 τὸ
164 1655 234 1711 ὃν
281 1661 568 1730 σημαίνει.
603 1662 671 1715 Αἱ
723 1663 820 1718 δύο
868 1665 1061 1736 φύσεις
1101 1669 1210 1737 ἄρα
1251 1670 1346 1723 τοῦ
1381 1671 1656 1741 Χριστοῦ,

1767 500 1963 555 expers
1987 487 2299 558 bypostasis
2333 487 2559 547 dicitur,
2595 504 2703 542 non
2744 488 2797 542 id
2834 488 3222 558 quidemqqu
3244 505 3352 543 non

1768 578 2005 641 exsistit,
2061 576 2156 632 sed
2215 577 2365 647 quod
2412 577 2731 647 hypostasiu
2779 577 2948 633 habet
2995 579 3050 632 in
3097 580 3228 643 alio,
3286 595 3354 635 ac

1767 678 1878 717 non
1906 680 2004 734 per
2029 681 2087 719 se
2139 663 2426 720 subsistit:
2465 665 2650 733 qualia
2703 674 2833 718 sunt
2887 667 3217 722 accidentia.
3256 669 3352 723 llis

1769 757 1842 810 ita
1864 756 2209 830 constitutis,
2246 757 2466 825 quoties
2493 771 2595 810 nos
2631 756 3116 826 interrogaveriut,
3149 759 3194 813 si
3216 759 3353 815 duas

1766 847 1974 903 Christi
2009 857 2239 903 naturas
2266 846 2475 909 dicitis,
2510 862 2644 901 num
2678 862 2773 901 eas
2810 847 2998 903 dicitis
3040 850 3349 920 hypostati-

1767 956 1878 997 cas.
1927 956 1996 994 an
2039 947 2299 1009 expertes
2349 939 2694 1011 hypostasis?
2742 955 2844 994 nos
2876 940 3120 996 vicissim
3168 959 3232 997 ex
3268 944 3352 998 eis

1767 1047 2107 1102 quaeramus,
2137 1032 2416 1102 quomodo
2456 1032 2787 1104 hypostatiri
2819 1048 3011 1088 vocem
3054 1035 3348 1104 accipiant.

1767 1122 1825 1178 Si
1862 1123 2127 1188 dixerint,
2173 1124 2426 1194 accipere
2476 1140 2538 1179 se
2598 1124 2667 1180 de
2714 1140 2804 1190 eo,
2869 1125 3021 1194 quod
3070 1126 3350 1201 signiticet

1767 1231 1886 1271 rem
1914 1216 2244 1285 simpliciter
2275 1217 2632 1272 exsistentem
2653 1259 2669 1283 ,
2728 1212 3028 1274 fatebimur
3059 1219 3199 1274 duas
3247 1237 3348 1274 nos

1765 1307 1971 1364 Christi
1998 1315 2224 1363 naturas
2252 1309 2358 1363 hoc
2389 1309 2698 1379 signitican
2724 1310 2935 1375 dicere,
2984 1327 3091 1366 nec
3118 1313 3345 1367 absurdi

1765 1400 2068 1471 quidquam
2101 1414 2134 1455 a
2182 1399 2346 1454 nobis
2393 1398 2601 1470 colligi,
2655 1399 2793 1455 duas
2839 1400 2918 1454 uti
2968 1402 3178 1456 scilicet
3224 1418 3349 1473 per-

1766 1505 1932 1546 sonas
1975 1490 2413 1546 introducamus.
2440 1491 2560 1546 Non
2586 1490 2735 1546 enim
2764 1492 2872 1547 isto
2892 1492 3202 1564 signiﬁcato
3246 1511 3345 1550 vo-

1765 1594 1885 1636 cem
1916 1579 2226 1652 hypostasis
2285 1580 2640 1650 cepimus.Ut
2664 1591 2850 1639 autem
2882 1583 3234 1653 perspicuum
3249 1586 3344 1651 sit,

1765 1670 1915 1741 quod
1941 1669 2163 1725 auobis
2184 1670 2426 1734 dicitur,
2470 1671 2798 1740 permutatis
2841 1672 3182 1737 nominibus,
3232 1674 3337 1744 syl-

14 1746 158 1813 sé’w
199 1747 384 1835 ῦντων
435 1753 596 1810 είσίν.
665 1753 790 1809 Ἐὰν
837 1758 896 1810 δὲ
942 1759 1193 1824 εἴπωσιν,
1223 1761 1307 1815 ὅτι
1353 1763 1415 1816 τὸ
1456 1763 1644 1817 ἔνιοπὸ-

1755 1763 2003 1835 logistice
2036 1778 2152 1817 rem
2185 1763 2550 1833 proferamus,
2580 1763 2688 1818 hoc
2723 1764 2923 1818 modo:
2962 1764 3020 1819 Si
3051 1764 3174 1820 dum
3213 1775 3346 1822 sunt

14 1830 256 1905 eum
325 1839 559 1912 λέγομεν
628 1846 756 1917 περὶ
816 1847 913 1901 τοῦ
984 1849 1108 1902 καθ’
1163 1852 1328 1905 ἑαυτὸ
1382 1853 1656 1923 ὑπάρχον-

32 1944 134 1992 τος
181 1947 196 1960 ·
243 1931 487 1999 λέγοιεν
527 1937 689 2005 ἡμεῖς
720 1978 736 2000 ,
765 1939 847 1992 ὅτι
912 1942 1053 1994 κατὰ
1115 1943 1277 1997 τοῦτο
1323 1946 1379 1998 αί
1424 1945 1520 1999 δύο
1553 1947 1655 2013 φύ-

14 2035 165 2097 χσεις
199 2024 309 2077 τοῦ
357 2026 600 2094 Χριστοῦ
646 2030 747 2084 οὐκ
784 2032 923 2085 εἰσὶν
953 2034 1336 2101 ὲνυπόστατοι,
1378 2016 1495 2091 ἀλλ’
1557 2041 1654 2093 ἀνα

38 2114 384 2170 υπόστσιτοι.
413 2119 522 2171 Καὶ
559 2120 621 2173 οὐ
666 2122 961 2190 συνάγεται
988 2127 1126 2195 ἡμῖν
1166 2126 1372 2182 ἄτοπον
1403 2144 1417 2160 ·
1450 2132 1650 2184 ἀνυπο-

37 2206 290 2269 στάτους
343 2211 452 2279 γὰρ
511 2210 749 2282 λέγομεν
809 2216 983 2279 αὐτὰς
1012 2257 1026 2277 ,
1057 2218 1117 2270 οῦ
1155 2218 1292 2272 καθὸ
1333 2221 1410 2291 μή
1461 2223 1600 2274 εἰσιν
1633 2238 1647 2251 ⁶

14 2297 167 2371 ,ἀλλ’
199 2299 291 2352 ὅτι
351 2299 461 2352 τῶν
489 2303 564 2372 μὴ
609 2303 732 2357 καθ’
758 2306 928 2359 ἑαυτὰ
967 2307 1140 2362 ὄντων
1194 2311 1351 2365 εἰσίν.
1388 2313 1499 2366 Καὶ
1562 2314 1651 2367 ἵνα

14 2390 217 2463 πάλιν
282 2391 465 2459 σαφὲς
513 2395 601 2465 εἵη
655 2397 714 2448 τ’)
767 2396 1099 2467 λεγόμενον,
1134 2402 1536 2470 μεταϐαλόντες
1581 2408 1650 2462 τὰ

35 2480 319 2550 ὀνόματα,
381 2482 809 2553 συλλογιστικῶς
862 2492 1309 2563 προσαγάγωμεν
1334 2495 1424 2546 τὸν
1466 2495 1646 2565 λόγον.

36 2572 104 2627 Εἰ
158 2573 264 2627 δύο
313 2573 514 2652 φιξσεις
563 2577 658 2630 τοῦ
708 2579 973 2649 Χριστοῦ,
1000 2583 1311 2652 παρέπεται
1360 2585 1421 2639 τὸ
1448 2587 1648 2641 ἀνυπο·

38 2664 284 2727 στάτους
317 2667 493 2730 αὐτὰς
515 2664 677 2724 εἶναι.
715 2670 788 2724 Τὸ
825 2671 883 2724 δὲ
906 2674 1279 2730 ἀνυπόστατον
1305 2679 1560 2749 σημαίνει
1583 2683 1645 2736 οὐ

33 2754 99 2807 τδ
134 2755 212 2826 μὴ
249 2755 315 2809 ὃν
344 2797 360 2818 ,
395 2757 532 2811 ἀλλὰ
561 2760 621 2812 τὸ
659 2759 783 2814 καθ’
813 2762 977 2815 ἑαυτὸ
1009 2765 1082 2832 μὴ
1109 2764 1190 2820 ὃν.
1229 2767 1427 2821 Αί“δύο
1449 2770 1646 2837 φύσεις

35 2846 151 2917 ἄρα
207 2848 310 2901 τοῦ
356 2849 601 2919 Χριστοῦ
648 2853 773 2906 καθ’
795 2854 995 2919 ἑαυτὰς
1032 2858 1133 2910 οὐκ
1173 2860 1301 2914 είσί.
1330 2862 1440 2915 Καὶ
1470 2862 1646 2924 οὕτως

35 2938 138 2991 ἑὰν
176 2938 471 3009 εἴπωμεν,
492 2942 554 2994 οὑ
585 2944 682 2997 δύο
716 2947 985 3015 πρόσωπα
1016 2950 1335 3022 εἰσάγομεν,
1368 2953 1491 3007 οὔτε
1536 2957 1644 3025 μὴν

34 3027 149 3081 τῶν
182 3030 263 3102 μὴ
298 3031 478 3083 ὄντων
522 3033 664 3086 αὐτὰ
695 3035 764 3106 (j)
791 3037 1058 3107 ποιοῦμεν
1078 3057 1093 3071 ο
1122 3041 1493 3098 ἀνυπόστατον
1533 3046 1642 3118 γὰρ
1667 3091 1712 3149 C

34 3123 321 3149 nm-..--.
375 3124 612 3149 suum-
676 3128 726 3149 ,ι
772 3147 849 3149 _.,,
892 3134 941 3149 ,.
1095 3133 1109 3149 ι
1216 3134 1228 3149 .
1373 3138 1419 3149 -.
1455 3140 1469 3149 .
1588 3140 1602 3149 .

34 3123 321 3194 ἐλάϐομεν
373 3124 638 3189 ἐνταῦθα,
673 3128 733 3182 τὸ
764 3134 1033 3200 σημαῖνον
1060 3133 1122 3186 τὸ
1169 3134 1245 3205 μὴ
1295 3138 1419 3191 καθ’
1450 3140 1638 3202 ἑαυτὸ.

35 3214 235 3268 οὐκετι
269 3214 335 3268 τὸ
384 3214 463 3286 μὴ
496 3215 577 3272 δν.
609 3218 728 3271 Ὀτι
774 3220 832 3273 δι
867 3221 962 3275 δύο
993 3227 1375 3296 σημαινόμενα
1399 3224 1508 3284 οἶδε
1543 3235 1641 3301 τῆς

36 3304 414 3369 ὑποστάσεως
432 3309 467 3375 ἡ
492 3309 928 3385 ὲκκλησιαστικὴ
957 3316 1244 3387 συνήθεια,
1269 3320 1329 3373 τό
1353 3338 1411 3374 τε
1437 3328 1640 3393 σημαῖ-

40 3410 143 3489 νον
194 3394 260 3449 τὸ
326 3396 520 3459 ἁπλῶς
574 3397 657 3461 ὃν,
690 3401 842 3470 δηλοί
879 3405 908 3456 ὁ
964 3406 1121 3489 ᾇγιος
1174 3409 1465 3481 Κύριλλος.
1528 3413 1640 3467 Καὶ

42 3483 238 3547 πάλιν,
270 3485 328 3538 εῐ
356 3501 442 3547 τις
479 3486 572 3539 ἐπὶ
600 3487 694 3541 τοῦ
725 3483 1112 3564 ἑνὸςΧριστοῦ
1143 3496 1345 3570 διαιρεῖ
1369 3499 1471 3565 τὰς
1507 3502 1641 3556 ὑπο-

44 3576 293 3639 στάσεις,
330 3578 406 3647 πῆ
462 3578 562 3647 μὲν
605 3581 736 3650 περὶ
788 3583 885 3637 τοῦ
927 3586 1113 3651 ἁπλῶς
1140 3588 1294 3654 ὄντος
1333 3589 1528 3660 λέγων,
1563 3597 1638 3662 πῆ

42 3665 102 3719 δὲ
136 3668 233 3720 ἐπὶ
267 3668 366 3721 τοῦ
395 3668 522 3721 καθ’
554 3670 738 3735 ἑαυτὸ,
766 3674 849 3727 ὅτι
879 3674 945 3746 δὴ
969 3677 1267 3749 ἁσύγχυτοι
1294 3685 1641 3754 μεμενήκασι

43 3760 349 3829 τοιγαροῦν
378 3762 438 3815 αἱ
469 3761 822 3831 ὑποστάσεις,
855 3768 1109 3824 ἐντεῦθεν
1144 3772 1429 3844 εἰσόμεθα.
1453 3776 1644 3841 Ὅστις

39 3846 102 3902 δὴ
134 3847 257 3901 δυσὶ
300 3851 643 3918 προσώποις,
682 3855 850 3926 ἡγουν
903 3859 1256 3927 ὑποστάσεσι,
1286 3864 1385 3929 τὰς
1431 3867 1490 3918 ὲν
1531 3870 1645 3932 τοῖς

42 3937 416 4005 Εὐαγγελὶοις
445 3942 712 4014 ἁπονὲμοι
737 3947 942 4014 φωνὰς,
974 3950 1224 4020 ἀνάθεμα
1268 3951 1434 4007 ἔστω.
1473 3956 1640 4010 Ὥστε

14 4026 345 4093 δέδεικται,
387 4028 466 4093 ὼς
512 4031 623 4085 ἀπὸ
662 4033 767 4102 τῆς
796 4035 1115 4107 ὁμωνυμίας
1168 4039 1449 4110 βούλονται
1491 4046 1641 4116 ἡμᾶς

44 4117 537 4187 παραλογίσασθαι

1754 1866 1967 1911 naturze
2000 1854 2230 1920 Christi,
2253 1858 2505 1926 sequitur
2537 1873 2631 1912 cas
2658 1858 3031 1928 hypostaticas
3054 1874 3197 1914 esse.
3228 1858 3308 1930 Hy
3326 1890 3342 1901 -

1754 1952 2008 2023 postatici
2037 1966 2168 2006 vero
2199 1966 2303 2005 vox
2347 1950 2625 2020 signiﬁcat
2660 1951 2713 2005 id
2765 1952 2914 2021 quod
2968 1950 3209 2007 exsistit.
3236 1952 3340 2006 Er-

1752 2056 1823 2111 go
1849 2041 1973 2097 dua:
1994 2040 2201 2095 Christi
2232 2048 2448 2095 natura:
2477 2049 2609 2095 sunt
2638 2056 2834 2096 earum
2887 2041 2939 2095 in
2994 2057 3183 2096 rerum
3231 2058 3339 2095 nu-

1754 2146 1929 2196 mero,
1953 2146 2077 2201 quae
2119 2131 2415 2186 exsistunt.
2468 2131 2565 2187 Sin
2609 2131 2875 2198 dixerint,
2933 2132 3338 2204 hypostalicum

1751 2222 2006 2293 accipere
2035 2238 2094 2278 se
2118 2223 2187 2277 de
2218 2238 2288 2278 eo
2311 2222 2458 2292 quod
2488 2238 2588 2293 per
2616 2238 2676 2278 se
2724 2224 3001 2289 subsistit,
3036 2224 3340 2279 infercmus

1750 2327 1873 2378 nos,
1909 2327 1973 2368 ea
2000 2313 2215 2369 ratione
2237 2313 2376 2369 duas
2400 2313 2607 2369 Christi
2653 2324 2881 2371 naturas
2913 2331 3023 2370 non
3070 2316 3337 2386 hyposla-

1734 2404 1889 2486 'ticas
1925 2420 2070 2471 esse,
2116 2405 2213 2460 sed
2258 2414 2516 2475 expertes
2577 2406 2905 2478 hypostasis.
2973 2407 3085 2463 Nec
3112 2407 3336 2462 absurdi

1750 2497 2052 2568 quidquam
2083 2513 2114 2552 a
2142 2496 2305 2553 nobis
2340 2498 2658 2568 colligitur:
2703 2514 2829 2553 nam
2876 2507 3133 2568 expertes
3168 2499 3340 2571 hypo-

1748 2589 1912 2644 stasis
1963 2603 2059 2644 eas
2097 2588 2359 2655 dicimus,
2393 2605 2503 2645 non
2536 2590 2663 2645 ideo
2713 2590 2861 2659 quod
2895 2605 3009 2645 non
3043 2592 3193 2646 sint:
3236 2591 3334 2645 sed

1747 2681 1895 2751 quod
1938 2695 2133 2737 eorum
2183 2697 2216 2737 e
2243 2697 2478 2738 numero
2539 2683 2673 2746 sint,
2703 2699 2828 2753 qua:
2865 2698 3116 2739 seorsum
3147 2699 3212 2738 ac
3237 2698 3338 2753 per
3414 2682 3423 2697 ‘

1746 2789 1806 2829 se
1832 2789 1942 2829 non
1974 2775 2271 2830 exsistunt.
2327 2776 2542 2831 Rursus
2568 2777 2647 2829 uti
2680 2776 3037 2845 perspicuum
3063 2774 3138 2829 sit
3185 2774 3333 2843 quod

1746 2863 2007 2928 dicimus,
2052 2864 2384 2934 permutatis
2444 2865 2787 2929 nominibus,
2833 2863 3172 2934 syllogistice
3217 2878 3332 2916 rem

1744 2956 2114 3027 proferamus.
2152 2955 2208 3010 Si
2240 2955 2365 3010 duae
2407 2964 2540 3010 sunt
2565 2954 2774 3011 Christi
2809 2964 3045 3018 naturae,
3073 2955 3333 3024 sequitur

1746 3062 1841 3102 eas
1869 3055 2124 3116 expertes
2158 3046 2470 3118 hypostasis
2491 3061 2634 3101 esse.
2662 3045 2821 3112 Quod
2847 3055 3032 3101 autem
3062 3046 3329 3116 hyposta-

1747 3140 1824 3194 sis
1842 3154 2039 3208 expers
2061 3146 2165 3201 est,
2206 3153 2316 3192 non
2350 3138 2404 3192 id
2433 3136 2707 3209 signiﬁcat
2735 3136 2881 3206 quod
2933 3152 3044 3191 non
3089 3136 3324 3196 exsistit.

1746 3230 1841 3285 sed
1870 3230 2018 3300 quod
2054 3245 2305 3285 seorsum
2328 3245 2393 3285 ac
2418 3244 2516 3299 per
2540 3245 2600 3285 se
2632 3244 2746 3284 non
2775 3229 3014 3285 exsistit.
3041 3228 3186 3299 Ergo
3204 3227 3329 3282 dua:

1744 3320 1947 3376 Christi
1973 3330 2184 3385 natura
2209 3337 2460 3378 seorsum
2480 3337 2544 3377 ac
2566 3336 2666 3392 per
2689 3337 2748 3378 se
2770 3338 2882 3376 non
2907 3321 3330 3385 exsistuntﬂuo

1745 3421 1908 3482 pacto
1951 3414 1998 3468 si
2046 3414 2360 3485 loquamur,
2407 3432 2517 3471 non
2560 3415 2700 3470 duas
2739 3430 3004 3486 personas
3026 3415 3334 3470 introduci-

1745 3518 1889 3569 mus,
1922 3518 2025 3559 nec
2047 3503 2253 3560 Christi
2290 3514 2520 3561 naturas
2547 3506 2616 3560 ad
2647 3521 2712 3560 ea
2757 3505 3050 3561 referimus
3073 3521 3197 3574 quae
3220 3520 3331 3559 non

1744 3593 2057 3649 exsistunt:
2084 3611 2211 3650 nam
2245 3612 2442 3666 expers
2473 3596 2788 3668 hypostasis
2842 3598 2917 3652 ita
2967 3597 3238 3666 cepimus,
3270 3604 3332 3650 ut

1747 3685 2022 3755 signiﬁcet
2042 3685 2096 3741 id
2122 3688 2269 3757 quod
2291 3703 2543 3743 seorsum
2575 3704 2674 3759 per
2705 3704 2765 3743 se
2796 3704 2907 3743 non
2939 3688 3194 3749 exsistit;
3220 3704 3329 3741 non

1752 3784 1959 3843 autem,
1993 3779 2142 3847 quod
2173 3794 2283 3834 non
2317 3780 2559 3835 exsistit.
2617 3781 2933 3850 Agnoscere
2955 3794 3087 3834 vero
3138 3779 3332 3834 Eccle-

1749 3867 1845 3923 siae
1865 3870 2165 3939 scriptores
2191 3870 2310 3926 hac
2357 3870 2471 3925 duo
2505 3871 2818 3942 hypostasis
2865 3870 3191 3941 signiﬁcata,
3215 3877 3330 3923 tum

1745 3959 1817 4014 de
1870 3974 1937 4014 eo
1986 3960 2135 4030 quod
2172 3961 2504 4032 simpliciter
2547 3961 2787 4023 exsistit,
2849 3968 2963 4015 tum
2994 3960 3063 4016 de
3094 3976 3331 4030 persona

1743 4063 1915 4118 reque
1939 4064 2190 4104 seorsum
2219 4065 2283 4105 ac
2306 4066 2406 4120 per
2438 4066 2498 4106 se
2529 4051 2831 4106 exsistente
2851 4091 2866 4113 ,
2903 4059 3134 4107 sanctus
3160 4051 3335 4112 etiam

1740 4138 1981 4210 Cyrillus
2018 4140 2249 4196 indicat.
2296 4142 2367 4195 Et
2420 4156 2618 4197 rursus
2657 4142 2705 4197 si
2743 4142 2869 4211 quis
2913 4143 2971 4196 in
3031 4157 3142 4197 uno
3170 4140 3335 4196 Chri-

45 4214 107 4261 to
150 4209 374 4302 dividit
422 4210 769 4302 bypostases,
829 4216 1030 4284 partim
1076 4217 1267 4276 dicens
1315 4221 1384 4277 de
1453 4239 1521 4278 eo
1556 4228 1706 4296 quod
1746 4209 2074 4300 simpliciter
2123 4232 2365 4298 exsistit,
2419 4232 2617 4302 partim
2656 4232 2725 4287 de
2763 4209 2847 4287 eo
2902 4232 3053 4302 quod
3079 4245 3328 4286 seorsum

42 4301 289 4395 exsistit;
318 4301 671 4395 inconfusus
715 4307 985 4375 mansisse
1029 4311 1242 4368 scilicet
1279 4312 1621 4385 hypostases,
1662 4320 1792 4377 hinc
1860 4337 2276 4394 cognoscemus.
2341 4301 2602 4394 Quisquis
2642 4333 2827 4379 autem
2877 4324 3096 4379 duabus
3139 4340 3332 4395 perso-

44 4394 135 4449 nis
158 4394 280 4488 sive
310 4393 710 4488 hypostasibus
740 4403 1021 4456 exstantes
1054 4402 1109 4457 in
1130 4404 1443 4476 Evangeliis
1469 4424 1633 4465 voces
1669 4393 1948 4477 attribuit,
1975 4416 2268 4472 anathema
2313 4417 2404 4470 sit.
2459 4393 2758 4472 Probatum
2829 4417 3016 4488 igitur,
3048 4393 3197 4488 quod
3260 4432 3327 4472 ex

43 4486 491 4555 aquivocatione
506 4487 669 4544 nobis
693 4489 979 4560 imponere
1000 4494 1194 4550 velint.

122 4573 330 4646 ’Ἄλλην
345 4575 403 4628 δὲ
429 4577 461 4645 ή
470 4576 565 4645 μίν
588 4576 823 4648 ἀπορίαν
845 4579 1242 4650 ἀποροῦσι,καί
1259 4584 1376 4638 ἔστι
1399 4587 1644 4660 τοιαύτη·

1822 4590 1911 4645 ill.
1943 4591 2117 4647 Aliam
2151 4593 2314 4650 nobis
2366 4595 2737 4667 objectionem
2795 4597 3114 4668 huiusmodi
3145 4598 3329 4668 prore-

53 4662 136 4715 ὅτι
179 4664 353 4719 Elatia
370 4665 570 4736 φύσεις
595 4665 805 4735 λέγετε,
821 4668 1090 4741 διαίρεσιν
1114 4673 1388 4742 είσάγετεμ
1408 4678 1644 4751 ἀριθμὸν

48 4753 158 4823 γὰρ
195 4756 451 4825 εἱσάγττε
476 4759 541 4812 ’ὁ
559 4757 617 4812 δὲ
647 4759 882 4831 ἀριθμὸς
898 4760 996 4816 τοῦ
1018 4762 1382 4836 διωρισμένου
1405 4769 1524 4822 ἐστὶ
1548 4787 1641 4825 πο-

52 4844 167 4899 σοῦ.
194 4846 338 4917 Πρδς
361 4847 526 4902 τοῦτο
547 4848 710 4904 πάλιν
727 4849 789 4905 τὺ
802 4850 1061 4925 ἀνωτέρω
1085 4857 1378 4928 εἰρημένον
1391 4858 1539 4914 ἔστιν
1557 4863 1636 4915 εί-

52 4937 197 4995 πεῖν,
215 4935 297 4988 ὅτι
309 4937 423 4991 Καὶ
444 4938 576 5008 ὑμῖν
584 4939 645 4992 τὸ
658 4940 791 4994 αὐτὸ
805 4941 1008 4997 ἄτοπον
1022 4946 1335 5016 συνάγεται.
1352 4949 1416 5002 El
1442 4950 1551 5020 γὰρ
1576 4953 1641 5007 ὲκ

52 5022 145 5076 δύο
173 5023 394 5092 φύσεων
419 5025 610 5094 λέγετε
639 5023 778 5083 εἶναι
801 5030 894 5084 τὸν
920 5033 1181 5104 Χριστὸν,
1211 5036 1401 5111 ἐπειδὴ
1435 5040 1497 5094 τὸ
1523 5041 1635 5097 δύο

53 5114 289 5205 αριθμὸν
336 5115 700 5185 clamamus
742 5122 979 5193 ἀριθμὸς
1031 5126 1141 5181 ὑπὸ
1184 5129 1247 5183 τὸ
1278 5130 1636 5205 διωρισμένον

52 5203 352 5271 ἀνάγεται·
402 5206 773 5279 εὑρεθήσεσθε
823 5209 1092 5285 διαίρεσιν
1135 5203 1487 5286 εἰσάγοντες..
1518 5226 1638 5279 Ἵνα

53 5292 110 5345 δὲ
136 5293 336 5385 ι’ὒσπερ
357 5297 455 5349 καὶ
486 5297 640 5354 αὐτοὶ
667 5300 1047 5372 ἑμφιλοσότως
1074 5309 1539 5385 ἑπιχειρήσωμεν,
1558 5316 1642 5371 δεῖ

55 5382 279 5449 γνῶναι,
312 5385 389 5450 ὡς
406 5386 526 5440 οὐδὲ
555 5391 756 5456 παντὸς
780 5393 876 5448 τοῦ
903 5394 1266 5468 διωρισμένου
1290 5382 1458 5457 ποσοῦ
1486 5409 1638 5461 ἐστιν

54 5472 84 5523 ὁ
119 5474 372 5545 ἀριθμὸς,
391 5477 529 5535 ἀλλὰ
556 5482 648 5535 ἐπὶ
677 5485 788 5541 τῶν
821 5488 1062 5561 συνεχῶν
1088 5489 1236 5546 ἔστιν
1266 5495 1447 5566 εὑρεῖν
1474 5499 1636 5557 αὐτὴν

39 5650 45 5655 ’
128 5652 195 5722 (i)
221 5655 400 5711 Δὺτὰ.
434 5659 634 5728 Αὺτάς.

1750 4691 1901 4736 runt.
1939 4682 1996 4738 Si
2025 4683 2163 4739 duas
2192 4695 2419 4741 naturas
2456 4688 2664 4752 dicitis,
2714 4687 3045 4743 divisionem
3079 4689 3331 4745 introdu-

1747 4775 1911 4839 citis;
1951 4776 2157 4847 quippe
2180 4794 2472 4834 numerum
2498 4781 2891 4836 introducitis:
2929 4797 3201 4837 numerus
3229 4798 3330 4839 au-

1751 4872 1864 4919 tem
1892 4867 2147 4923 discretae
2189 4872 2517 4940 quantitatis
2564 4881 2670 4926 est.
2720 4873 2801 4928 Ad
2853 4874 2960 4929 hoc
2991 4874 3328 4944 respondere

1747 4956 1898 5021 licet,
1932 4960 2081 5030 quod
2108 4968 2167 5015 et
2202 4963 2461 5031 superius
2485 4963 2696 5018 dictum
2730 4963 2836 5019 fuit
2889 4981 2904 5018 :
2963 4964 3135 5021 Vobis
3177 4980 3327 5018 eam-

1746 5047 1870 5103 dem
1922 5049 2325 5105 absurditatem
2391 5052 2597 5123 colligi.
2660 5051 2877 5123 Quippe
2935 5053 2981 5108 si
3039 5052 3323 5108 Christum

1744 5137 1963 5193 duabus
2006 5152 2076 5193 ex
2120 5140 2338 5195 naturis
2376 5156 2501 5197 esse
2534 5142 2742 5208 dicitis,
2778 5158 2904 5197 cum
2937 5159 3039 5197 vox
3071 5142 3323 5209 duarum,

1743 5228 2036 5284 numerum
2076 5230 2412 5297 introducat,
2442 5240 2501 5288 et
2543 5248 2807 5289 numerus
2851 5233 2920 5289 ad
2958 5233 3323 5303 quantitatem
3374 5246 3377 5251 '

1740 5321 2036 5377 discretam
2089 5323 2385 5390 referatur,
2457 5325 2941 5394 reprehendemini
2987 5325 3321 5380 divisionem

1739 5413 2194 5472 introducerc.Ut
2225 5425 2409 5473 autem
2435 5417 2837 5489 philosophice,
2857 5417 3320 5489 quemadmodum

1740 5512 1796 5560 et
1819 5505 1923 5576 ipsi
1946 5506 2177 5575 faciunt,
2224 5519 2705 5580 argumentemur,
2756 5512 3040 5568 sciendum
3072 5526 3141 5565 ne
3195 5509 3322 5585 qui-
3416 5522 3421 5525 λ
