3912 6298
610 273 748 342 12-13
1872 267 2150 332 LEONTI

2317 266 2630 336 ZANTINI
3103 261 3107 264 ’
3176 262 3180 272 ’
3779 262 3859 328 1Ξζ4

609 392 733 444 dem
758 386 939 443 omnis
971 385 1226 440 discreta:
1252 384 1576 454 quantitatis
1611 383 1876 438 duntaxat
1914 399 2036 438 esse
2077 401 2150 438 nu

2312 385 2610 453 ,εγόμενονσ
2647 382 2841 452 ὥσπερ
2881 379 3118 450 λέγομεν
3164 376 3516 446 πεντάπηχυ
3577 369 3857 438 Exibunt

609 497 850 542 merum,
891 477 986 534 sed
1021 492 1147 532 eum
1181 475 1418 546 reperiri
1441 477 1509 531 de
1548 475 1832 532 continuis
1854 491 2074 545 quoque
2097 476 2152 530 di

2312 477 2371 542 ὃς
2424 493 2588 548 φησιν
2638 471 3042 546 Ἀριστοτέλης,
3077 473 3160 527 ὅτι
3202 469 3405 542 χρόνος
3469 466 3646 520 ἐστὶν

610 569 1288 644 cturu:quemadmodum
1319 569 1531 639 lignum
1577 569 1825 638 quinque
1873 568 2155 622 cubitorut

2304 573 2584 640 κινήσεως·
2626 569 2890 641 Ἀριθμὸν
2915 567 3026 638 γὰρ
3057 564 3286 620 ἐκάλεσε
3330 561 3444 614 τὸν
3479 561 3696 632 χρόνον
3724 560 3849 625 στεῖχέ

611 671 870 730 dicimus,
901 676 977 731 et,
1035 676 1099 720 ut
1149 663 1476 721 Aristoteles
1535 663 1740 726 tradit,
1807 671 2026 732 tempus
2068 676 2156 714 ess

2298 663 2422 715 ὄντα
2462 659 2915 730 ὡμολογημένον.
2958 657 3146 720 Διττδς
3173 653 3268 709 οὖν
3297 655 3327 707 ὁ
3359 651 3662 722 ἀριθμὸς,
3693 651 3776 704 καὶ
3801 652 3843 701 ir

613 776 908 816 numerum
949 765 1152 812 motus.
1190 755 1403 825 Quippe
1455 764 1674 822 tempus
1715 754 1958 822 appellat
1996 767 2158 806 nume

2300 751 2386 806 τοῦ
2451 751 2842 822 διωρισμένου,
2869 751 2964 802 καὶ
3007 747 3102 800 ἐπὶ
3153 743 3248 799 τοῦ
3294 743 3597 814 συνεχοῦς
3623 742 3845 808 length;

615 868 678 904 ru
707 869 760 915 ιε,
809 849 957 918 quod
1017 847 1157 901 citra
1217 844 1652 900 controversiam
1705 850 1790 898 est
1843 843 2160 896 continuum

2300 844 2485 900 ποσοῦ.
2507 846 2568 898 Εἰ
2590 845 2647 898 δὲ
2666 845 2746 896 δεῖ
2769 845 2865 896 καὶ
2887 841 3178 913 ἀκριϐείας
3200 837 3513 908 γενέσθαι,
3537 835 3606 888 οὐ
3633 833 3845 886 egeris-.5

617 943 825 1012 Duplex
881 942 1051 1012 igitur
1091 953 1359 994 numerus
1406 947 1512 1000 est,
1573 945 1692 990 tum
1743 935 2018 996 discretae,
2071 943 2162 988 tuu

2296 939 2444 1008 ἡμᾶς
2493 937 2594 1004 τὴν
2633 935 2803 988 δυάδα
2851 932 2946 986 ἐπὶ
2995 931 3092 984 τοῦ
3127 928 3407 998 συνεχοῦς
3442 924 3703 996 ἀριθμοῦ
3731 924 3841 987 λέγει

615 1034 915 1094 continuat,
973 1046 1074 1085 ceu
1128 1029 1280 1098 loqui
1337 1028 1604 1090 solemus,
1635 1025 1986 1094 quantitatis.
2033 1025 2160 1090 Quoi

2296 1027 2390 1080 ἐπὶ
2417 1025 2512 1078 τοῦ
2551 1021 2793 1096 Χριστοῦ
2820 1040 2834 1054 ·
2870 1021 3096 1090 συνεχὲς
3139 1020 3250 1089 γάρ
3291 1021 3465 1071 ἐστιν
3497 1057 3514 1081 ,
3538 1012 3608 1070 οὗ
3651 1015 3713 1067 τὰ
3743 1015 3841 1082 μέρει

617 1125 662 1178 si
709 1121 1114 1177 subtilitatibus
1162 1118 1432 1174 utendum
1480 1118 1604 1180 erit,
1643 1131 1755 1170 non
1815 1129 2044 1169 necesse
2087 1121 2162 1168 est

2296 1115 2473 1178 κοινὸς
2501 1116 2626 1186 ὅρος
2659 1115 2942 1168 συνάπτει.
2969 1113 3153 1184 Μόρια
3189 1111 3248 1164 δὲ
3278 1109 3575 1178 ἐννοῆσαι
3607 1107 3700 1160 ἐπὶ
3727 1106 3841 1172 633:1,-

617 1231 721 1270 nos
747 1215 1022 1268 binarium
1048 1213 1118 1267 de
1148 1212 1458 1280 quantitate
1491 1208 1755 1263 continua
1801 1207 2012 1270 dicere,
2067 1221 2162 1260 cur

2295 1223 2408 1270 τος,
2441 1205 2528 1258 ἵνα
2579 1207 2674 1258 καὶ
2715 1206 2894 1268 κοινὸς
2934 1204 3062 1274 ὄρος
3097 1202 3242 1255 αὐτὰ
3271 1201 3430 1272 πρὸς
3467 1201 3536 1252 τὸ
3592 1197 3739 1264 σῶμα
3773 1211 3840 1246 εδ-

618 1306 687 1360 dc
707 1303 930 1359 Christo
975 1303 1285 1372 loquimur:
1337 1300 1542 1370 quippe
1575 1297 1902 1352 continuum
1955 1295 2063 1359 est,
2093 1311 2160 1349 cu

2297 1298 2430 1370 άψῃ,
2452 1297 2572 1350 οὐδὲ
2603 1297 2804 1350 πλάσαι
2836 1295 3047 1367 ῥᾴδιον·
3066 1295 3132 1348 τὸ
3157 1294 3269 1362 γὰρ
3301 1290 3561 1361 συνεχὲς
3598 1290 3689 1341 ἐπὶ
3728 1287 3837 1356 μάξω

615 1396 708 1465 ius
742 1401 928 1462 partes
983 1389 1294 1445 communis
1343 1387 1613 1442 terminus
1645 1386 1952 1456 coniungit.
1987 1386 2060 1441 At
2099 1401 2160 1441 ve

2301 1388 2548 1458 μεγεθῶν
2579 1388 2820 1455 λέγεται.
2866 1387 3008 1440 Ἀλλ’
3038 1387 3132 1439 ἐπὶ
3175 1383 3272 1438 τοῦ
3313 1381 3705 1454 διωρισμένου
3733 1375 3835 1429 παὶ

619 1498 684 1538 ro
716 1481 774 1536 in
801 1480 1090 1536 divinitate
1129 1479 1375 1548 cogitare
1401 1486 1588 1546 partes
1614 1517 1630 1542 ,
1663 1483 1724 1530 ut
1752 1475 2060 1530 communis
2089 1481 2164 1529 ter

2298 1477 2418 1530 δέον
2444 1477 2898 1548 παραλαμϐάνειν
2917 1475 3153 1530 ἐνταῦθα
3169 1475 3263 1528 τον
3290 1473 3581 1543 ἀριθμόν.
3607 1467 3834 1538 Arupini-

621 1575 807 1628 minus
853 1587 948 1627 eas
990 1586 1115 1626 cum
1163 1571 1398 1638 corpore
1455 1567 1786 1638 coniungat;
1837 1581 1909 1620 ne
1939 1565 2166 1636 ﬁngendi

2299 1584 2390 1623 νον
2435 1568 2546 1638 γάρ
2579 1569 2728 1620 ἐστιν
2766 1568 2829 1620 οὐ
2872 1567 3090 1630 πάντως
3119 1567 3184 1621 rb
3224 1564 3511 1629 καθάπαξ
3550 1560 3833 1636 διῃρημένης

621 1661 848 1732 quidem
870 1660 1064 1714 facile:
1101 1675 1227 1712 nam
1265 1657 1591 1712 continuum
1625 1656 1694 1711 de
1741 1655 1876 1710 solis
1923 1655 2166 1726 magnitu

2299 1657 2438 1714 me:
2466 1660 2562 1711 καὶ
2591 1659 2894 1730 ἡνωμένον,
2920 1658 3062 1728 πλὴν
3092 1657 3188 1712 τδν
3218 1659 3442 1710 οἰκεῖον
3491 1655 3658 1724 λόγον
3689 1655 3833 1720 etut:-

621 1754 849 1808 dinibus
892 1751 1119 1806 dicitur.
1178 1750 1452 1804 Nimirum
1482 1749 1552 1803 de
1597 1747 1908 1818 quantitate
1955 1746 2166 1802 discret

2299 1747 2524 1820 νόμενον
2549 1749 2904 1814 ἀποσώζοντα
2929 1764 2944 1778 °
2980 1747 3171 1820 ὥσπερ
3197 1749 3260 1800 τδ
3291 1748 3477 1818 σῶμα
3505 1745 3720 1814 συνεχὲς
3739 1743 3834 1808 H19-

622 1862 893 1902 numerus
935 1845 1026 1900 hic
1055 1843 1234 1914 accipi
1263 1842 1449 1897 debet.
1485 1842 1700 1896 Etenim
1739 1841 2044 1896 discretum
2081 1855 2167 1897 non

2306 1856 2428 1910 μεν,
2450 1841 2547 1894 καὶ
2571 1840 2934 1912 διωρισμένον
2958 1857 2972 1871 ·
3005 1840 3228 1910 συνεχὲς
3259 1839 3392 1910 μὲν,
3431 1837 3587 1892 καθὸ
3605 1837 3833 1894 διαστάσεις

623 1939 850 1994 omnino
876 1935 1082 1992 dicitur
1113 1935 1167 1990 id
1199 1934 1346 2004 quod
1365 1947 1592 2004 prorsus
1621 1939 1707 1988 est
1727 1940 2074 2002 separatum;
2098 1947 2168 1987 sei

2305 1932 2493 1998 ἁπλῶς
2517 1931 2633 2004 ἔχει
2659 1949 2674 1964 ·
2707 1933 3066 2004 διωρισμένον
3091 1933 3170 2000 δὲ,
3193 1931 3338 1986 καθδ
3353 1934 3527 2003 τρεῖς
3561 1933 3668 1983 εἰσι
3692 1926 3833 1982 διιεῖ.ἰ

624 2033 790 2083 etiam
857 2028 1214 2097 coniunctum
1269 2033 1326 2078 et
1357 2022 1594 2088 unitum,
1653 2021 1800 2092 quod
1829 2031 2012 2078 tamen
2039 2036 2169 2076 suae

2304 2039 2452 2085 σεις·
2488 2023 2672 2079 καίτοι
2709 2024 2811 2078 οὐκ
2873 2025 2982 2078 εἰσὶ
3005 2024 3419 2094 διεσπαρμέναι
3453 2023 3563 2077 ἀπ’
3588 2017 3833 2092 ἀλλήωέ

627 2117 923 2190 quamdam
958 2117 1226 2170 rationem
1255 2129 1360 2183 qua
1385 2113 1713 2175 secernitur,
1760 2111 2000 2167 retinet:
2027 2112 2172 2166 velut

2301 2113 2634 2180 διαστάσεις,
2661 2115 2800 2170 ἀλλὰ
2822 2116 2911 2170 διὰ
2935 2116 3094 2170 τοῦτο
3119 2114 3520 2186 διωρισμένας
3551 2113 3712 2174 αὐτὰς
3729 2111 3830 2174 1.5:!-

629 2225 834 2280 corpus
861 2209 1187 2262 continuum
1232 2203 1491 2264 dicimus,
1541 2211 1600 2256 et
1641 2201 1974 2265 discretum;
2023 2200 2172 2254 conti

2103 2200 2202 2254 uti-
2309 2220 2431 2274 μεν,
2464 2204 2652 2274 ἐπειδὴ
2682 2204 2892 2276 ἑκάστη
2921 2204 3104 2258 αὐτῶν
3132 2204 3266 2258 ἴδιον
3291 2203 3473 2272 λόγον
3509 2202 3648 2274 ἔχει.

628 2286 809 2358 neum
852 2295 1113 2369 quidem,
1162 2299 1438 2364 quatenus
1461 2289 1836 2346 dimensiones
1875 2289 2200 2360 simpliciter
2237 2291 2438 2360 habet;
2475 2292 2781 2348 discretum
2813 2310 2968 2360 vero,
3005 2303 3286 2365 quatenus
3326 2303 3454 2351 tres
3514 2303 3648 2350 sunt
3685 2293 3833 2348 dimen-

631 2397 850 2452 siones:
883 2391 1036 2460 atqui
1079 2404 1192 2443 non
1241 2387 1478 2440 invicem
1537 2399 1570 2438 a
1609 2397 1669 2436 se
1713 2382 1944 2438 divulsa:
1979 2390 2108 2438 sunt
2138 2381 2514 2443 dimensiones
2539 2427 2554 2454 ,
2583 2388 2680 2445 sed
2735 2387 2943 2444 idcirco
2991 2387 3263 2445 discretas
3317 2389 3622 2457 dicimus,
3652 2387 3836 2459 quosi-

512 2499 521 2502 '
631 2483 896 2556 quaelibet
922 2495 1113 2536 earum
1141 2490 1298 2532 suam
1333 2475 1602 2528 rationem
1633 2471 1822 2528 habet.

697 2577 789 2632 Ν.
839 2574 910 2630 At
958 2573 1090 2642 quia
1127 2566 1413 2624 nonnullis
1451 2564 1679 2620 omnino
1725 2564 1956 2620 discreti
1999 2580 2206 2621 nomen

2395 2567 2615 2639 Ἐπειδὴ
2651 2569 2710 2622 δέ
2741 2586 2888 2634 τινες
2915 2569 3382 2641 δυσχεραίνουσιν
3415 2570 3569 2634 ὅλως
3599 2571 3687 2625 τοῦ
3716 2571 3833 2640 διειρ-

632 2670 828 2724 audire
858 2665 1152 2718 molestum
1210 2668 1328 2724 est,
1381 2673 1505 2729 age,
1536 2656 1740 2712 omissa
1769 2657 2048 2712 solutione
2077 2657 2177 2710 hac

2315 2659 2514 2730 σμένου
2537 2661 2856 2728 ἀκούοντες,
2893 2662 3028 2733 φέρε
3059 2661 3232 2734 αὐτὴν
3258 2663 3366 2735 τὴν
3394 2662 3566 2716 λύσιν
3587 2659 3645 2718 εὖ
3668 2663 3831 2732 ἔχωθεν

634 2759 934 2828 ceteroqui
962 2757 1125 2818 bona,
1171 2751 1530 2823 subiiciamus
1562 2750 1749 2804 aliam.
1795 2748 2094 2804 Sciendum
2119 2763 2179 2803 er

2311 2753 2635 2818 ὲάσαντες,·
2671 2752 2842 2824 ἄλλην
2897 2755 3298 2824 ὲπαγάγωμεν.
3387 2755 3606 2809 Ἰστέον
3652 2751 3746 2814 eis.

635 2869 726 2926 go,
768 2851 1021 2922 pluribus
1081 2846 1261 2902 modis
1313 2859 1484 2898 unum
1539 2841 1686 2897 dici:
1745 2841 1949 2912 quippe
2005 2839 2177 2895 dicitu

2313 2841 2503 2912 ὥσπερ
2530 2843 2589 2896 τὸ
2619 2841 2680 2896 ἐν
2710 2841 2998 2912 πολλαχῶς
3023 2843 3319 2912 λεγόμενόν
3346 2843 3480 2897 ὲστι
3508 2861 3526 2876 ο
3569 2845 3758 2912 λέγεται
3771 2844 3833 2909 τὲξ

636 2957 808 2998 unum
850 2953 1105 2998 numero,
1143 2945 1204 2990 ut
1237 2934 1526 2990 Socrates:
1563 2938 1620 2986 et
1668 2945 1837 2984 unum
1891 2931 2094 2998 specie,
2149 2945 2181 2983 u

2313 2932 2374 2986 ἓν
2406 2933 2484 3003 τῷ
2505 2933 2744 3006 ἀριθμῷ,
2780 2933 2858 2997 ὡς
2887 2936 2917 2988 ὁ
2940 2934 3237 3004 Σωκράτης
3263 2949 3278 2964 ⁸
3301 2935 3408 2988 καὶ
3441 2935 3511 2988 ἓν
3538 2936 3618 3007 τῷ
3653 2932 3833 2995 εἰδεῌὶς

637 3033 835 3085 homo:
871 3037 927 3083 et
983 3042 1152 3081 unum
1193 3039 1416 3095 genere,
1466 3029 1527 3076 ut
1573 3021 1796 3076 animal.
1837 3019 2102 3075 Similiter
2153 3035 2182 3074 e

2313 3022 2629 3092 ἄνθρωπος·
2663 3023 2758 3076 καὶ
2787 3021 2847 3075 ἓν
2874 3022 2953 3091 τῷ
2981 3022 3152 3091 γένει,
3183 3022 3262 3086 ὠς
3297 3023 3368 3077 τὸ
3401 3023 3581 3088 ζῶον.
3780 3023 3833 3073 nl

637 3122 750 3176 duo
777 3119 1029 3190 pluribus
1061 3115 1242 3170 modis
1281 3112 1624 3176 efferuntur;
1659 3125 1786 3164 nam
1809 3109 2071 3162 dicuntur
2097 3110 2182 3164 duc

2313 3115 2383 3168 τὰ
2412 3113 2506 3168 δύο
2534 3113 2734 3185 ὁμοίως
2760 3131 2775 3146 ο
2809 3114 3064 3183 λέγονται
3090 3116 3197 3186 γὰρ
3226 3113 3322 3168 δύο
3365 3115 3450 3185 τῷ
3502 3115 3831 3187 ἀριθμῷ,ὰέ

637 3225 893 3269 numero,
931 3217 992 3263 ut
1035 3207 1312 3266 Socrates,
1350 3212 1408 3257 et
1433 3202 1619 3255 Plato:
1675 3208 1732 3253 et
1764 3199 1948 3267 specie
1986 3197 2118 3262 duo,
2149 3215 2180 3252 u

2315 3205 2614 3276 Σωκράτης
2633 3245 2650 3270 ,
2687 3207 2784 3260 καὶ
2810 3205 3038 3261 Πλάτων
3060 3225 3074 3239 ·
3117 3207 3214 3260 καὶ
3242 3205 3341 3260 δύο
3374 3207 3460 3278 τῷ
3507 3211 3672 3272 εῖδει,
3701 3208 3761 3268 ὡς
3781 3207 3835 3259 b-

639 3306 804 3360 homo
858 3309 916 3355 ct
959 3313 1164 3368 equus;
1198 3303 1255 3349 et
1280 3307 1484 3364 genere
1535 3291 1668 3353 duo,
1725 3299 1789 3344 ut
1816 3290 2122 3346 substantia
2154 3307 2184 3346 e

2316 3299 2344 3354 θ
2354 3313 2536 3369 ρωπος
2565 3299 2662 3351 καὶ
2691 3299 2858 3360 ῐττῑιος
2877 3316 2892 3332 ⁸
2919 3299 3014 3352 καὶ
3037 3299 3134 3354 δύο
3159 3299 3239 3370 τῷ
3265 3300 3460 3370 γένει,
3496 3303 3585 3366 ὡς
3619 3301 3756 3356 «Bais
3775 3300 3832 3349 αἱ

639 3398 846 3452 album.
879 3393 977 3447 His
1029 3392 1104 3444 ita
1157 3385 1495 3449 constitutis,
1546 3399 1672 3438 cum
1720 3383 1832 3438 duo
1876 3384 1946 3438 de
1987 3383 2184 3440 Chl‘iSlt

2315 3391 2550 3456 ).au>:6v.i
2577 3391 2796 3445 Τούτων
2845 3385 2940 3446 οὖν
2977 3391 3154 3456 οὕτως
3197 3393 3464 3464 ἑχόντων,
3493 3395 3634 3448 ὅταν
3657 3394 3833 3459 elapsi

638 3487 897 3542 dicimus.
929 3497 1039 3535 non
1066 3495 1192 3534 eum
1224 3477 1334 3532 duo
1371 3477 1612 3531 dicimus
1662 3490 1785 3530 esse
1813 3491 2082 3539 numero,
2113 3491 2183 3530 εει

2317 3482 2386 3536 τὰ
2418 3484 2510 3536 δύο
2540 3484 2634 3536 ἐπὶ
2660 3483 2754 3536 τοῦ
2777 3483 3040 3556 Χριστοῦ,
3067 3485 3130 3539 οὐ
3159 3484 3238 3556 τῷ
3275 3485 3512 3558 ἀριθμῷ
3548 3484 3832 3557 λέγομεπί-

641 3590 812 3630 unum
849 3587 1100 3635 numero,
1144 3569 1329 3640 specie
1361 3567 1494 3622 duo.
1519 3559 1696 3634 Quod~
1725 3575 1910 3622 autem
1951 3567 2026 3621 ita
2057 3568 2186 3638 loqu

2315 3572 2408 3625 τὸν
2435 3573 2551 3640 δύο,
2582 3573 2698 3628 ἀλλ’
2718 3575 2816 3627 ἕνα
2862 3576 2964 3646 μὲν
2988 3575 3069 3646 τῷ
3105 3575 3346 3646 ἀριθμῷ,
3371 3577 3473 3630 δύο
3514 3579 3579 3632 δὲ
3624 3577 3698 3648 τῷ
3737 3574 3835 3629 εἰδε-

641 3666 938 3739 possimus,
964 3664 1130 3718 etiam
1174 3663 1292 3731 ipse
1353 3659 1602 3714 ostendit
1643 3657 2186 3728 Aristotelem-aperti

2335 3664 2442 3721 Ὀτι
2467 3664 2526 3716 δὲ
2555 3664 2832 3735 δυνάμεθα
2855 3665 3031 3730 οὕτως
3055 3667 3258 3736 εἰπεῖν,
3281 3667 3440 3737 δηλοῖ
3455 3671 3568 3724 καὶ
3595 3673 3626 3724 ὁ
3665 3672 3836 3738 ’Δριπιν
3879 3706 3880 3718 χ

641 3759 712 3813 de
760 3756 988 3811 materie
1018 3770 1084 3809 ac
1113 3753 1287 3808 forma
1347 3751 1560 3816 dicens,
1589 3764 1710 3804 esse
1768 3750 1860 3804 illa
1892 3765 2062 3804 unum
2091 3749 2184 3820 qui

2317 3753 2500 3824 τέλης.
2530 3757 2656 3825 περὶ
2687 3757 2785 3827 τῆς
2818 3755 2953 3820 ὕλης
2980 3756 3196 3810 καὶτοῦ
3227 3758 3405 3822 εἴδους
3433 3759 3835 3830 φανερῶςεΞτ-ὺι,

641 3852 766 3905 dem
817 3861 1084 3910 numero,
1133 3844 1230 3900 sed
1280 3842 1463 3913 specie
1505 3843 1635 3896 duo.
1681 3841 1929 3910 Itemque
1991 3849 2180 3896 sanctu

2318 3843 2401 3894 ὅτι
2436 3843 2608 3897 ταῦτα
2635 3844 2694 3898 ἓν
2730 3846 2830 3914 μέν
2878 3849 2987 3902 εἰσι
3017 3847 3098 3920 τῷ
3123 3849 3368 3920 ἀριθμῷ,
3387 3850 3489 3904 δύο
3531 3853 3595 3906 δὲ
3629 3853 3702 3920 τῷ
3738 3850 3837 3903 (55’-

644 3943 736 3996 iile
758 3937 1076 4008 Gregorius,
1109 3936 1178 3991 de
1209 3935 1434 3990 Christo
1467 3933 1696 3988 dicens:
1735 3933 1982 4002 Utraque
2013 3941 2189 3986 natur:

2335 3932 2392 3986 ὐ
2432 3934 2488 3986 δὲ
2532 3935 2686 4004 ἅγιος
2727 3937 3060 4007 Γρηγόριος,
3099 3937 3360 4009 περὶτοῦ
3402 3940 3658 4008 Χριστοῦ
3703 3938 3837 4002 λέγω,

603 4075 611 4082 .
645 4031 920 4101 copulata,
957 4043 1130 4083 unum
1170 4026 1308 4098 quid
1343 4035 1456 4092 est;
1487 4040 1598 4079 non
1639 4032 1820 4078 tamen
1872 4033 2090 4087 natura,
2115 4040 2148 4080 si

2335 4023 2464 4078 ὥστε
2491 4025 2566 4078 Τὸ
2603 4027 3014 4096 συναμφότερον
3059 4027 3140 4094 ἓν,
3169 4029 3230 4082 οὐ
3270 4031 3335 4100 τῇ
3363 4031 3564 4098 φύσει,
3593 4035 3658 4101 τῇ
3683 4033 3733 4085 δὲ
3759 4045 3836 4080 πν-

643 4121 902 4176 coitione.
935 4119 1138 4174 Verum
1186 4118 1279 4172 hic
1321 4131 1542 4172 rursum
1589 4113 1752 4169 nobis
1803 4113 2108 4184 objiciunt:
2155 4113 2188 4168 S

2320 4113 2441 4184 ὁδῳ.
2465 4116 2606 4186 Πρὸς
2629 4117 2787 4171 τοῦτο
2803 4118 2964 4172 πάλιν
2989 4120 3358 4191 ὲπαποροῦσιν
3388 4123 3552 4191 ἡμῖν,
3571 4123 3765 4178 δτιἝιτὶ
3779 4115 3835 4170 τέ

643 4225 814 4265 unum
864 4218 922 4262 et
957 4207 1068 4262 duo
1095 4207 1166 4262 de
1219 4205 1416 4262 eodem
1462 4205 1671 4269 dicitis,
1711 4203 2188 4260 contradictionen

2321 4205 2488 4260 αὐτοῦ
2518 4207 2578 4260 τὸ
2598 4207 2656 4260 ἓν
2677 4208 2950 4276 λέγοντες,
2979 4211 3076 4262 καὶ
3100 4208 3174 4264 τὰ
3193 4211 3292 4264 δύο
3313 4213 3622 4282 ἀντίφασιν
3639 4213 3835 4276 εἰσάξετε·

644 4297 1035 4362 iutroducitis,
1078 4297 1328 4367 adeoque
1349 4296 1816 4366 deprehendetur,
1851 4295 1937 4350 vel
1971 4295 2026 4350 id
2065 4311 2189 4366 quo:

2321 4299 2417 4351 καὶ
2466 4299 2887 4370 εὑρεθήσεταιῆ
2932 4299 2962 4354 ὃ
2995 4299 3220 4369 λέγετε,
3246 4302 3464 4372 ψευδὲς,
3527 4305 3568 4374 ἢ
3624 4303 3836 4366 inrisas:

645 4390 847 4454 dicitis,
897 4405 1019 4444 esse
1053 4388 1250 4444 falsum
1277 4427 1293 4455 ,
1329 4388 1420 4443 vel
1473 4387 1970 4444 contradictionem
2008 4389 2186 4459 parite

2319 4388 2780 4458 συναληθεύουσα.
2817 4391 2960 4460 Πρὸς
2995 4391 3159 4445 τοῦτο
3211 4391 3473 4464 λέγομεν,
3507 4395 3601 4448 ὅτι
3649 4394 3706 4446 οὐ
3745 4401 3837 4443 ut:

647 4494 768 4534 esse
822 4493 1032 4532 veram.
1090 4477 1173 4531 Ad
1214 4477 1322 4531 hoc
1365 4476 1798 4544 respondemus,
1840 4493 1953 4532 non
2019 4477 2192 4533 eoden

2317 4479 2379 4534 τὸ
2431 4480 2566 4534 αὐτὸ
2621 4481 2879 4552 ἀληθεύει
2905 4499 2922 4515 ο
2979 4483 3122 4538 ἀλλὰ
3176 4485 3300 4538 κατ’
3368 4485 3544 4551 ἄλλο,
3605 4487 3730 4554 ὅπερ
3774 4480 3841 4531 ἀι

647 4579 906 4640 respectu
952 4583 1142 4624 veram
1195 4582 1342 4632 esse,
1397 4567 1494 4621 sed
1519 4567 1780 4635 diverso;
1807 4569 1958 4638 quod
1989 4569 2218 4628 minime
2317 4569 2541 4624 ἄτοπον.

647 4658 948 4713 absurdum
976 4666 1083 4714 est.
2780 4701 2786 4706 .

719 4746 782 4802 γ.
811 4745 1108 4802 Sciendum
1133 4753 1318 4802 autem
1375 4746 1665 4803 universas
1691 4748 2038 4820 obiectiones
2053 4749 2221 4806 hasce

2403 4743 2598 4798 ’ἰστέον
2630 4743 2686 4798 δὲ
2710 4784 2728 4810 ,
2753 4744 2836 4798 ὃτι
2871 4745 3044 4800 πᾶσαι
3074 4747 3131 4801 αἱ
3162 4745 3392 4818 ἀπορίαι
3436 4740 3612 4802 αὗται
3651 4747 3741 4800 οὐκ
3770 4740 3839 4795 sit!

646 4854 757 4894 non
783 4853 905 4894 esse
927 4837 1185 4908 proprias
1233 4836 1641 4906 Haesitantium,
1669 4839 1766 4896 sed
1804 4839 1952 4910 quod
1975 4853 2071 4896 eas
2113 4840 2191 4896 Ne

2335 4835 2428 4888 τῶν
2457 4835 2888 4907 διακρινομένων
2917 4837 3066 4900 ἴδιαι.
3089 4837 3207 4892 ἀλλ’
3235 4837 3346 4892 ἀπὸ
3375 4837 3488 4891 τῶν
3515 4832 3838 4908 Nemini-ﬁ

648 4930 909 4986 storianis
948 4929 1226 4996 suﬂurati,
1273 4930 1438 4986 nobis
1459 4939 1788 5002 proponant.
1825 4931 1962 4986 Nam
1986 4931 2064 4986 illi
2085 4932 2192 4987 dua

2319 4925 2638 4996 κλέψαντες,
2666 4927 2966 5000 ἀποροῦσιν
2995 4931 3130 5000 ἡμῖν
3155 4929 3348 4992 αὐτάς.
3392 4928 3638 4986 Ἐκεῖνοι
3675 4924 3839 4999 rapi-'0

650 5035 912 5090 personas
953 5028 1012 5075 et
1049 5019 1188 5076 duos
1219 5019 1474 5076 Christos
1530 5020 1801 5086 dicentes,
1847 5021 2195 5076 communite‘

2321 5019 2591 5088 πρόσωπα
2617 5019 2714 5072 καὶ
2737 5020 2832 5074 δύο
2859 5021 3136 5092 Χριστοῦς
3153 5021 3496 5088 δοξάζοντες,
3531 5023 3729 5086 κοινῦς

649 5113 768 5168 haec
794 5111 1072 5176 omnibus,
1132 5111 1269 5166 duas
1318 5119 1546 5167 naturas
1591 5112 1678 5166 vel
1727 5113 1932 5175 unitas,
1980 5113 2068 5168 vel
2099 5127 2194 5182 pos

2319 5111 2530 5174 πάντας
2583 5111 2710 5174 τοὺς
2757 5110 3018 5180 λέγοντας
3048 5112 3142 5166 δύο
3178 5113 3394 5182 φύσεις,
3423 5115 3538 5168 εἴτε
3583 5112 3840 5169 summa;

650 5204 936 5267 unionem,
971 5202 1368 5259 confitentibus
1413 5203 1755 5276 obiiciebant
1779 5221 1796 5259 :
1823 5205 1882 5260 Si
1931 5205 2072 5260 duas
2098 5219 2195 5260 esst

2319 5203 2432 5256 εῐτε
2480 5201 2618 5272 μετὰ
2665 5203 2766 5274 τὴν
2809 5203 3027 5268 ἕνωσιν,
3054 5205 3297 5276 ἠπόρουν
3342 5205 3520 5270 αὐτὰς
3543 5248 3561 5271 ,
3594 5209 3681 5262 δτι
3707 5205 3761 5260 ΕΞ
3787 5200 3841 5252 Et

652 5305 876 5350 naturas
900 5293 1108 5360 dicitis,
1141 5295 1309 5350 etiam
1349 5295 1490 5351 duas
1535 5311 1801 5366 personas
1847 5296 2197 5352 introducitis

2321 5292 2514 5362 φύσεις
2535 5293 2745 5362 λέγετε,
2775 5287 2871 5350 καὶ
2907 5295 3000 5350 δύο
3035 5297 3308 5367 πρόσωπα
3351 5298 3642 5365 εἰσάγετε.
3689 5293 3844 5366 mgis:

650 5385 859 5456 Nempe
919 5385 1126 5442 idcirco
1198 5395 1254 5441 et
1323 5386 1622 5442 absurdum
1678 5387 1814 5442 illud
1879 5395 1986 5441 tam
2061 5388 2194 5441 nobi

2319 5383 2387 5437 δι’
2425 5384 2558 5438 αὐτὸ
2603 5387 2697 5440 καὶ
2737 5386 2800 5439 τὺ
2845 5387 3046 5442 ἄτοπον
3087 5389 3330 5458 συνήχθη
3369 5389 3506 5457 ἡμῖν
3559 5406 3626 5441 τε
3665 5389 3752 5441 καὶ

651 5489 815 5544 quam
834 5473 1228 5531 Harsitantibus
1251 5491 1351 5546 per
1381 5477 1480 5530 has
1527 5460 1870 5544 obiectiones
1903 5475 2181 5545 colligitur

2335 5478 2756 5549 Βιακρινομένοις
2781 5480 2848 5533 ὲκ
2874 5478 3082 5533 τούτων
3099 5455 3500 5551 τῶνῄάποριῶν.
3527 5480 3660 5544 Τοῖς
3697 5475 3849 5534 Nam-

653 5581 780 5618 cum
806 5563 944 5620 nihil
991 5565 1099 5620 tale
1149 5565 1496 5620 Nestorianis
1534 5565 1764 5624 accidat.
1816 5565 1910 5618 sed
1941 5580 1971 5618 e
1999 5564 2198 5617 leCl‘St

2335 5571 2530 5636 ριπνοῖς
2554 5569 2610 5622 δὲ
2634 5569 2823 5623 οὐκέτι
2846 5569 2908 5622 τὺ
2933 5571 3120 5640 ὅμοιον
3152 5571 3414 5638 συνάγετε
3441 5586 3455 5600 ·
3487 5569 3630 5624 ἀλλά
3657 5570 3748 5623 καὶ
3767 5562 3850 5616 τεί-

661 5653 905 5726 ipsorum
956 5655 1252 5719 sententia,
1301 5657 1450 5724 quod
1511 5655 1628 5710 haec
1676 5655 1892 5722 attinet,
1925 5655 2206 5710 conﬁrme-

2323 5657 2536 5712 ναντῐον
2595 5659 2931 5731 ἰσχυρίζεται
2987 5660 3053 5713 τὰ
3111 5660 3293 5712 αὐτῶν
3338 5661 3466 5712 ὅσον
3513 5659 3627 5714 ἀπὸ
3673 5659 3852 5712 τεπλ-
