3912 6298
25 278 210 350 1245

1250 270 1350 331 DE
1389 269 1669 331 SECTIS.
1705 297 1772 307 —
1816 275 1977 335 ACT.
2017 274 2152 337 VII.

3185 268 3325 338 1246

39 342 376 464 ἱᾸότυροῦσι
422 389 477 444 δὲ
523 342 654 459 ἡμῖν
706 385 801 439 καὶ
842 383 1003 460 illm
1053 381 1176 435 τινὰ
1227 382 1484 452 ἀπορίαν,
1521 379 1638 448 ἥτις

1747 389 1855 434 tur.
1905 381 2187 452 Objiciunt
2244 383 2409 439 nobis
2452 390 2510 439 et
2552 383 2718 439 aliam
2769 380 3170 446 difﬁcultatem,
3202 398 3325 454 quae

25 486 163 539 ἰδία
236 485 338 555 μὲν
382 479 562 535 αὐτῶν
623 480 792 540 ἐστιν,
819 477 901 535 εἰς
938 470 1318 543 Νεστοριανῶν
1364 471 1420 531 δὲ
1466 470 1642 538 δόγμα

30 569 637 646 καταλήγεε.Ὲπειδὴ
674 566 783 637 γὰρ
839 565 991 633 λέγει
1030 563 1170 636 πρὸς
1222 563 1420 625 αὐτοὺς
1452 563 1489 632 ἡ
1527 562 1643 613 Ἐκ-

32 665 395 736 κλησία,ὃτι
420 663 483 715 Ei
512 661 701 728 λέγετε
725 655 1012 726 ἁσύγχυτσ.
1039 655 1109 708 τὰ
1140 652 1435 716 ὲνωθὲντα,
1470 651 1564 703 καὶ
1582 651 1641 702 τὺ

31 755 150 825 μὲν
184 753 461 823 παθητὸν,
489 751 550 804 τὸ
585 750 643 804 δὲ
674 746 904 812 ἀπαθὲς,
935 747 1030 799 καὶ
1078 744 1296 815 ὁρατὸν,
1326 743 1422 794 καὶ
1472 740 1642 810 ἀόρα-

24 856 162 908 τον,
197 845 303 897 καὶ
344 842 738 912 περιγραπτον,
777 838 873 891 καλ⁸
897 835 1346 907 ἀπερίγραπτον,
1384 832 1478 885 καὶ
1511 832 1640 900 θνη-

25 934 159 998 τὸν,
178 934 297 985 οιαὶ
324 932 614 993 ἀθάνατον,
647 929 741 982 καὶ
770 930 868 981 ὅσα
894 925 1121 980 τοιαῦτα
1140 967 1155 988 ,
1186 924 1244 989 ἐξ
1273 922 1522 991 ἀνάγκης
1549 920 1642 974 δύο

25 1022 251 1092 φύσεις
275 1022 531 1089 εἰσάγετε
555 1037 569 1049 υ
611 1019 957 1085 ἀντιλέγουσι
985 1016 1125 1086 πρὸς
1153 1012 1460 1077 ταῦτα,·ὂτι
1489 1011 1641 1064 οὐδὲν

27 1117 285 1176 ἄτοπον,
321 1115 420 1167 καὶ
470 1112 756 1181 ἅσύγχυτα
816 1107 1153 1178 ὁμολογῆσαι
1208 1104 1277 1157 τὰ
1334 1102 1638 1157 ἑνωθένταο

25 1207 136 1258 καὶ
185 1205 256 1258 τὸ
301 1205 398 1274 μὲν
424 1202 683 1271 παθητὴν,
714 1201 775 1254 τὸ
808 1200 865 1252 δὲ
899 1198 1131 1263 ἀπαθὲς,
1167 1196 1262 1250 καὶ
1300 1194 1427 1263 μίαν
1476 1192 1640 1263 φύσιν

27 1299 135 1350 ἐπὶ
168 1296 367 1349 αὐτῶν
396 1310 412 1326 ·
454 1294 549 1348 καὶ
578 1293 762 1346 λοιπὸν
792 1290 1173 1362 παραφέρουσι
1204 1289 1343 1360 πρὸς
1368 1287 1551 1340 πίστιν
1578 1285 1658 1339 τδ-

26 1389 420 1459 παράδειγμα
469 1385 563 1439 τοῦ
607 1382 918 1455 ἀνθρώπου.
986 1383 1118 1435 Ἰδοὺ
1171 1381 1301 1450 γὰρ,
1361 1382 1562 1449 φασὶν,
1602 1382 1639 1449 ἡ

26 1478 195 1546 ψυχὴ
232 1477 339 1528 καὶ
365 1475 429 1527 τὸ
449 1474 608 1543 σῶμα
629 1471 957 1541 ἀσυγχύτους
976 1471 1162 1541 ἡνώθη
1190 1471 1284 1523 ἐπὶ
1312 1469 1407 1523 τοῦ
1430 1467 1641 1538 ἀνθρώ-

30 1586 173 1622 που.
213 1567 338 1621 Καὶ
360 1566 424 1619 τὸ
456 1567 556 1635 μὲν
579 1565 792 1635 ὁρατὸν,
818 1564 880 1617 τὸ
906 1564 963 1617 δὲ
991 1563 1223 1633 ἀόρατον
1244 1579 1259 1592 ο
1290 1561 1385 1615 καὶ
1421 1559 1637 1631 θνητὸν,

22 1660 137 1712 ’καὶ
192 1657 496 1719 ἀθάνατον,
526 1656 620 1709 καὶ
665 1654 735 1707 τὰ
779 1652 949 1708 ἄλλα·
999 1653 1095 1706 καὶ
1119 1653 1269 1722 ὅμως
1304 1652 1368 1704 οὐ
1404 1650 1640 1719 λέγομεν

1746 473 2101 541 peculiariter
2143 475 2390 544 ipsorum
2456 476 2677 545 quidem
2713 484 2833 538 est;
2869 474 2963 528 sed
3018 474 3074 527 in
3128 475 3325 529 Nesto-

1748 562 2031 617 rianorum
2056 564 2250 635 dogma
2281 564 2507 620 desinit.
2557 560 2693 620 Cum
2736 564 2883 619 enim
2925 565 2993 617 ad
3039 564 3189 634 ipsos
3245 565 3321 619 ait

1746 654 2017 718 Ecclesia,
2046 656 2091 709 si
2127 657 2280 710 unita
2313 656 2498 711 dicant
2532 656 2843 722 ineonfusa,
2891 665 2946 710 et
2996 672 3168 710 unum
3192 672 3322 727 pas-

1747 745 1930 812 sibile,
1989 747 2223 802 alterum
2264 746 2538 817 passionis
2586 764 2812 818 expers;
2853 766 3023 803 unum
3074 760 3325 820 aspecta-

1746 837 1881 900 bile.
1912 839 2147 893 alterum
2172 839 2596 910 inaspectabile;
2625 858 2795 914 unum
2815 843 3323 914 circumscriptum,

1746 928 1979 983 alterum
2044 945 2155 983 non
2212 931 2726 1002 circumscriptum;
2802 950 2973 989 unum
3050 938 3322 1000 mortale,

1746 1020 1978 1072 alterum
2009 1020 2349 1079 immortale:
2386 1039 2620 1113 quaeque
2650 1025 2757 1079 alia
2802 1039 2927 1080 sunt
2963 1027 3322 1098 hujusmodi;
3412 1030 3429 1035 “

1746 1108 1883 1164 duas
1911 1113 2223 1166 necessario
2251 1108 2479 1169 naturas
2508 1130 2604 1169 eos
2650 1116 3038 1171 introducere:
3075 1133 3321 1188 respon-

1746 1199 1878 1254 dent
1907 1201 1984 1254 illi
2010 1201 2253 1255 vicissim
2308 1204 2511 1257 nullam
2546 1205 2947 1261 absurditatem
2977 1223 3100 1262 esse
3136 1209 3326 1263 incon-

1744 1292 1869 1346 fusa
1918 1292 2169 1347 confiteri
2218 1294 2394 1358 unita,
2422 1296 2709 1366 nihiloque
2743 1300 2927 1354 minus
2977 1317 3147 1354 unum
3193 1316 3323 1371 pas-

1745 1382 1928 1447 sibile,
1964 1384 2198 1438 alterum
2250 1385 2525 1454 passionis
2553 1402 2785 1456 expers;
2840 1396 2897 1443 et
2927 1407 3089 1444 unam
3129 1392 3183 1444 in
3244 1391 3327 1447 eis

1743 1482 2030 1530 naturam:
2080 1474 2229 1546 quod
2283 1477 2364 1531 uti
2410 1478 2666 1547 probent,
2719 1477 2960 1536 hominis
3011 1483 3325 1552 exemplum

1744 1564 2054 1634 proferunt.
2101 1567 2205 1633 En,
2262 1566 2544 1639 inquiunt,
2596 1585 2801 1641 corpus
2845 1579 2902 1626 et
2956 1573 3140 1627 anima
3184 1574 3324 1629 citra

1745 1654 2123 1710 confusionem
2173 1657 2230 1712 in
2288 1659 2511 1715 homine
2543 1661 2699 1715 unita
2756 1670 2906 1728 sunt,
2960 1679 3130 1718 unum
3174 1674 3326 1735 aspe-

29 1748 136 1803 δύο
192 1750 423 1818 φύσεις,
453 1748 590 1801 ἀλλὰ
636 1746 766 1815 μίαν
798 1745 961 1814 φύσιν
1003 1742 1099 1797 τοῦ
1144 1739 1457 1813 ἀνθρώπου.
1492 1740 1638 1809 Πρὸς

1740 1745 1961 1811 ctabile,
2010 1746 2246 1801 alterum
2316 1749 2748 1819 inaspectabile;
2813 1767 2987 1807 unum
3048 1756 3322 1821 mortale,

28 1841 221 1895 ταῦτα
271 1840 442 1892 πάλιν
488 1838 739 1905 λέγουσιν
770 1838 820 1891 oi.
860 1835 968 1888 ἀπὸ
1011 1833 1113 1904 τῆς
1157 1832 1504 1898 συνόδου,ὃτι
1539 1829 1636 1882 ⁸ον

28 1933 254 2001 τρόπον
288 1930 485 1996 λέγετε
518 1927 786 1992 σώζεσθαι
817 1927 910 1978 ἐπὶ
939 1924 1033 1978 τοῦ
1079 1923 1372 1995 ἀνθρώπου
1398 1925 1468 1976 τὰ
1506 1923 1638 1975 ἐνω-

29 2022 223 2075 θέντακ
272 2021 418 2090 μετὰ
469 2021 570 2088 τὴν
612 2019 828 2083 ἕνωσιν,
859 2016 955 2071 καὶ
996 2017 1058 2069 τδ
1094 2016 1192 2086 μὲν
1225 2013 1420 2083 θνητὸν
1440 2053 1456 2079 ,
1488 2012 1551 2064 τὸ
1578 2011 1638 2064 δὲ

33 2113 139 2166 καὶ
167 2111 481 2175 ἀθάνατον,
515 2110 610 2162 καὶ
637 2108 803 2162 τᾶλλα
835 2108 1017 2161 πάντα
1046 2120 1062 2134 ·
1099 2105 1243 2159 οὕτω
1269 2103 1503 2173 λέγομεν
1544 2102 1639 2156 ἐπὶ

27 2205 133 2258 τοῦ
192 2203 445 2273 Χριστοῦ
486 2216 500 2229 ’
549 2200 721 2255 ταῦτα
772 2201 830 2253 δὲ
886 2198 1065 2259 πάντα
1124 2199 1219 2253 δύο
1267 2195 1484 2267 φύσεώς
1529 2196 1641 2249 εἱσι

31 2290 423 2361 γνωριστικά.

111 2562 267 2633 Πρὸς
296 2559 475 2614 ταῦτα
505 2558 557 2612 oi
587 2558 684 2629 μὲν
704 2557 812 2610 ἀπὸ
842 2556 1073 2610 Γαῖανοῦ
1106 2556 1262 2610 οὐδὲν
1293 2555 1640 2627 εὑρίσκουσιν

36 2657 249 2709 εἰπεῖν.
292 2650 722 2722 Ὀμολογοῦντες
770 2648 882 2720 γὰρ
909 2649 1194 2718 ἀσύγχυτα
1237 2642 1476 2701 εἶναιτὰ
1503 2648 1639 2700 ἑνω-

36 2748 232 2808 Θέντα,
276 2744 388 2798 οὐκ
436 2744 718 2812 ἀνέχονται
768 2740 905 2803 ὅλως
955 2740 1077 2794 οὐδὲ
1123 2739 1389 2811 διαφορὰν
1438 2740 1636 2803 εἰπεῖν,

36 2837 151 2890 οὐδ’
200 2835 349 2897 ὅλως
381 2832 444 2886 τὸ
463 2832 557 2884 δύο
581 2832 846 2902 ὀνομάσαι
869 2871 884 2896 ,
918 2831 1035 2885 ἀλλ’
1076 2831 1135 2884 ἓν
1168 2848 1219 2884 τι
1261 2830 1331 2885 τὰ
1369 2829 1641 2884 ἑνωθέντα

38 2925 186 2996 μετὰ
224 2924 328 2994 τὴν
373 2922 572 2976 ἕνωσιν
607 2922 879 2991 λέγουσιν.
924 2923 987 2975 0i
1010 2921 1069 2973 δὲ
1107 2922 1489 2983 Θεοδοσιανοὶ,
1520 2921 1639 2992 ἦτοι

35 3019 149 3072 ἀπὸ
183 3018 469 3089 βεὸήρ-ιυ,
504 3014 807 3085 εὑρήκασιν
831 3015 1046 3076 ἑαυτοῖς
1068 3011 1401 3080 ἀπολογίαν,
1428 3012 1524 3065 καὶ
1551 3012 1640 3065 λέ-

33 3126 252 3179 γουσιν,
272 3108 357 3159 ὅτι
376 3105 570 3174 Ἠμείς
590 3102 960 3171 ὁμολογοῦμεν
979 3102 1209 3171 διάφορα
1227 3099 1366 3155 εἶναι
1388 3102 1456 3156 τὰ
1475 3103 1639 3172 μέρη,

35 3202 98 3253 τὸ
128 3200 189 3252 δὲ
232 3195 598 3264 ἀποτέλεσμα
626 3192 708 3248 ἓν.
747 3194 959 3263 Ὥσπερ
1010 3188 1106 3246 οὖν
1152 3193 1248 3245 καὶ
1276 3193 1370 3245 ἐπὶ
1416 3192 1510 3246 τοῦ
1546 3195 1642 3246 ἁν-

37 3292 270 3362 θρώπου
326 3287 569 3355 διάφορά
612 3287 720 3337 εἱσι
768 3283 838 3337 τὰ
893 3283 1114 3354 μέρη,ἦ
1148 3299 1208 3335 τε
1259 3282 1408 3353 ψυχὴ
1446 3284 1542 3337 καὶ
1582 3284 1643 3335 τὺ

42 3385 233 3454 σῶμα,
285 3381 352 3435 τὸ
393 3380 452 3433 δὲ
491 3379 841 3446 ἀποτέλεσμα
884 3376 965 3430 ἒν.
1007 3376 1299 3430 Βούλονται
1337 3376 1448 3446 γὰρ
1501 3377 1641 3430 κατὰ

40 3475 229 3527 πάντα
280 3465 658 3541 μεθαρμόζειν
706 3465 769 3519 τὸ
822 3465 1177 3535 παράδειγμα
1220 3463 1316 3518 τοῦ
1349 3463 1640 3534 ἀνθρώπου

40 3564 138 3617 ἐπὶ
178 3560 280 3615 τοῦ
330 3556 606 3629 Χριστοῦ⁶
649 3552 771 3611 εἶτα
802 3556 991 3621 ἐπειδὴ
1025 3554 1352 3628 συνῄσθοντο
1412 3554 1640 3619 ἑαυτοὺς

42 3657 124 3718 εἰς
148 3654 213 3706 τὸ
248 3652 433 3719 δόγμα
459 3649 560 3718 τῆς
589 3648 810 3702 συνόδου
857 3648 1218 3716 ἐμπεσόντας,
1246 3647 1338 3700 ἐπὶ
1368 3647 1555 3717 ἕτερόν
1584 3665 1639 3701 τι

46 3742 494 3815 μεταϐιϐάζουσι
523 3740 617 3793 τὸν
669 3738 850 3807 λόγον,
884 3738 977 3792 καί
1006 3755 1192 3809 φασιν,
1220 3739 1302 3793 ὅτι
1335 3739 1638 3810 Διαφόρους

44 3834 242 3902 φύσεις
266 3832 456 3903 φαμὲν
479 3831 639 3900 ἡμεῖς
668 3829 775 3883 τῶν
809 3829 993 3900 μερῶν
1012 3845 1027 3858 ο
1058 3829 1154 3882 τοῦ
1181 3828 1239 3882 δὲ
1260 3828 1638 3894 ἀποτελέσμα-

42 3947 136 3992 τος
159 3970 174 3994 ,
210 3928 370 3997 μίαν.
402 3926 485 3997 Τῇ
532 3927 713 3994 μέντοι
745 3922 945 3992 συνόδῳ
969 3921 1100 3994 περὶ
1133 3920 1229 3975 τοῦ
1256 3920 1635 3990 ἀποτελέσμα-

44 4036 138 4081 τος
190 4015 262 4090 ἦν
302 4019 331 4070 ό
376 4016 561 4082 λόγος.
603 4015 747 4083 Πρὸς
795 4013 888 4076 οὒς
919 4013 1189 4085 λέγομεν,
1222 4014 1306 4066 ὅτι
1335 4012 1632 4066 Ψεύδεσθε.

44 4108 154 4164 Ἦν
169 4110 280 4179 γὰρ
309 4108 444 4178 περὶ
472 4105 568 4159 τοῦ
590 4105 1034 4174 ἀποτελέσματος
1059 4106 1157 4176 οὐχ
1178 4108 1207 4159 ό
1236 4105 1397 4175 λόγος
1414 4108 1480 4177 τῇ
1508 4122 1634 4158 συν-

43 4201 172 4270 όδῳ,
222 4196 368 4251 ἀλλὰ
420 4192 689 4263 περὶτῶν
737 4184 919 4263 μερῶν
951 4209 966 4224 ⁸
1004 4193 1099 4247 καὶ
1130 4191 1289 4247 τοῦτο
1335 4194 1495 4264 δῆλον
1526 4193 1636 4248 ἀπὸ

43 4290 265 4345 πολλῶν
313 4289 457 4340 ἐστι.
488 4284 712 4355 Πρῶτον
755 4284 865 4337 ἀπὸ
900 4284 1010 4337 τῶν
1046 4284 1361 4338 Γαῖανιτῶν.
1409 4286 1634 4338 Ἐκεῖνοι

1738 1836 1973 1891 alterum
2006 1838 2349 1907 immortale;
2377 1841 2595 1911 aliaque
2625 1842 2755 1897 talia
2797 1859 2814 1896 :
2866 1860 2978 1899 non
3008 1854 3190 1901 tamen
3225 1863 3324 1902 na-

1739 1926 2049 1982 turasduas
2096 1927 2361 1994 dicimus,
2397 1929 2494 1985 sed
2544 1946 2711 1985 unam
2765 1932 3006 1988 hominis
3040 1943 3319 1991 naturam-

1738 2017 1819 2072 Ad
1840 2034 1904 2073 ea
1935 2019 2128 2090 synodi
2149 2028 2451 2076 sectatores
2470 2021 2718 2077 vicissim
2746 2025 3105 2093 respondent,
3131 2043 3324 2096 quem-

1740 2110 2188 2180 admodumipsi
2225 2112 2405 2167 salvas
2442 2128 2566 2168 esse
2621 2129 2715 2169 res
2766 2115 2821 2168 in
2861 2116 3086 2173 homine
3116 2118 3321 2181 unitas.

1739 2211 1863 2270 post
1907 2200 2171 2256 unionem
2225 2202 2450 2270 factam,
2499 2205 2718 2271 dicant,
2788 2207 3088 2278 nihiloque
3135 2212 3323 2267 minus

1743 2307 1911 2346 unum
1960 2307 2083 2348 esse
2135 2294 2389 2358 mortale,
2423 2295 2659 2351 alterum
2726 2296 3059 2363 immortale,
3106 2299 3321 2369 aliaque

1741 2383 2076 2449 omnia,.sic
2110 2383 2178 2439 de
2227 2382 2451 2439 Christo
2475 2401 2534 2440 se
2584 2400 2806 2457 quoque
2852 2387 3040 2458 loqui;
3097 2397 3153 2444 at
3204 2390 3320 2445 hmo

1739 2472 1926 2529 omnia
1945 2471 2183 2527 duarum
2207 2482 2537 2528 naturarum
2574 2490 2698 2530 esse
2722 2476 2947 2532 indicia.

1810 2559 1899 2619 Vl.
1928 2562 2077 2616 Nihil
2120 2562 2187 2617 ad
2221 2563 2337 2619 hare
2372 2563 2635 2621 Gaianiw
2664 2567 2810 2635 quod
2839 2554 3052 2631 dicant,
3080 2568 3318 2624 habent.

1739 2649 1875 2707 Cum
1930 2653 2077 2707 enim
2134 2654 2290 2709 unita
2325 2653 2607 2710 fateantur
2653 2656 2962 2723 inconfusa,
2993 2660 3220 2714 omnino
3251 2676 3321 2715 ne

1741 2742 2041 2799 discrimen
2074 2746 2299 2815 quidem
2352 2747 2575 2817 aliquod
2619 2748 2804 2804 dicere
2862 2751 3156 2818 sustinent,
3193 2754 3321 2807 nul-

1741 2832 1863 2888 love
1913 2834 2076 2889 modo
2127 2836 2296 2890 duum
2323 2853 2513 2892 vocem
2575 2839 2918 2897 admittere:
2985 2843 3078 2898 sed
3150 2859 3319 2899 unum

1743 2924 2004 2994 quiddam
2068 2928 2243 2992 unita,
2287 2937 2409 2998 post
2458 2927 2743 2996 unionem,
2790 2931 2931 2987 facta
2995 2933 3206 2989 dicunt.
3251 2936 3323 2990 At
3422 2970 3429 2989 ι

1745 3015 2135 3083 Theodosiani,
2174 3019 2260 3073 vel
2288 3020 2383 3090 qui
2415 3036 2444 3074 a
2476 3021 2679 3076 Severo
2702 3033 2851 3087 sunt,
2890 3025 3319 3081 satisfactionem

1743 3108 1848 3162 sibi
1874 3110 2164 3178 quamdam
2194 3111 2546 3179 invenerunt,
2576 3129 2745 3184 seque
2773 3116 2967 3170 dicunt
2995 3118 3154 3171 fateri
3194 3134 3322 3188 par-

1700 3260 1704 3265 ,
1744 3207 1828 3256 tes
1858 3216 1978 3256 esse
2012 3201 2283 3268 diversas,
2320 3214 2376 3259 at
2410 3220 2578 3259 unum
2622 3206 2919 3262 enectum:
2956 3209 3317 3278 quemadmo-

1742 3292 1872 3347 dum
1912 3295 2055 3349 etin
2085 3295 2308 3351 homine
2369 3306 2556 3367 partes
2597 3297 2828 3355 diversae
2876 3300 3008 3361 sint,
3035 3301 3216 3357 anima
3264 3311 3321 3356 et

1741 3401 1964 3455 corpus,
1996 3395 2051 3440 at
2074 3403 2245 3443 unum
2274 3387 2555 3445 effectum.
2580 3390 2714 3444 Nam
2744 3407 2842 3461 per
2872 3393 3054 3445 omnia
3080 3392 3319 3448 hominis

1739 3478 2047 3547 exemplum
2062 3479 2127 3533 ad
2148 3479 2425 3536 Christum
2442 3483 2859 3543 accommodare
2877 3485 3068 3540 volunt
3086 3502 3099 3538 :
3119 3485 3317 3540 deinde

1738 3578 1915 3624 semet
1939 3569 2442 3628 animadvertentes
2473 3574 2527 3628 in
2556 3575 2749 3646 synodi
2782 3574 2977 3645 dogma
3008 3577 3315 3646 prolapsos,

1713 3661 1804 3715 -ad
1828 3660 1977 3716 aliud
1999 3663 2305 3717 orationem
2357 3664 2716 3728 transierunt,
2753 3680 2923 3734 seque
2951 3665 3196 3721 diversas
3233 3666 3322 3720 di-

1738 3765 1864 3804 cere
1888 3751 2125 3821 partium
2156 3761 2381 3808 naturas
2403 3754 2579 3820 aiunt,
2604 3755 2784 3810 eﬂ‘ecti
2811 3770 2975 3808 unam
3008 3772 3021 3808 :
3048 3771 3173 3811 cum
3201 3771 3322 3826 syn-

1738 3839 1880 3894 odus
1901 3839 1968 3894 de
1993 3839 2191 3896 eﬂ'ecto
2231 3842 2414 3897 locuta
2457 3843 2553 3898 sit.
2577 3844 2688 3897 Nos
2725 3854 2908 3899 autem
2927 3844 3321 3915 respondemus

1735 3946 1833 3987 eos
1862 3932 2107 3987 mentiri.
2143 3933 2264 3987 Non
2294 3934 2440 3995 enim
2470 3935 2713 4006 synodus
2741 3935 2809 3990 de
2833 3934 3032 3991 eilecto
3051 3936 3318 4005 loqueba-

1737 4030 1849 4087 tur,
1877 4022 1971 4079 sed
2006 4023 2075 4079 de
2126 4024 2604 4095 partibus:quod
2656 4026 2879 4097 quidem
2931 4041 2998 4081 ex
3060 4027 3318 4096 pluribus

1734 4123 1968 4171 constat.
1996 4116 2241 4170 Primum
2278 4114 2522 4170 indicant
2556 4117 2663 4171 hoc
2706 4117 2810 4187 ipsi
2843 4115 3129 4171 Gaianitaa.
3181 4117 3314 4171 Nam

1733 4206 2022 4277 antiquum
2056 4206 2131 4260 illi
2167 4206 2362 4277 dogma
2396 4207 2726 4274 retinentes,
2763 4209 2835 4263 ita
2865 4224 3018 4264 nunc
3046 4210 3314 4282 synodum

1736 4309 2074 4369 oppugnant.
2114 4299 2271 4368 quasi
2303 4314 2425 4368 quae
2452 4306 2637 4369 partes
2667 4299 2804 4354 duas
2826 4300 2975 4356 dicat
3006 4322 3019 4357 :
3056 4318 3179 4357 cum
3210 4302 3314 4371 ipsi

46 4381 243 4451 γὰρτὸ
283 4378 516 4450 ἀρχαῖον
540 4375 717 4445 δόγμα
760 4374 1147 4443 φυλάττοντες,
1192 4374 1335 4429 οὕτω
1371 4377 1635 4446 μάχονται

1740 4397 1865 4459 post
1892 4388 2150 4442 unionem
2185 4397 2373 4457 partes
2403 4404 2623 4457 quoque
2648 4389 2822 4443 velint
2852 4405 3022 4443 unum
3053 4388 3312 4458 quiddam

46 4474 141 4527 νῦν
171 4474 240 4543 τῇ
278 4468 513 4537 συνόδῳ,
539 4467 614 4531 ὡς
637 4466 732 4520 δύο
752 4465 987 4538 λεγούσῃ
1019 4466 1090 4519 τὰ
1120 4467 1263 4537 μέρη
1294 4484 1308 4497 ·
1344 4468 1501 4521 αὐτοὶ
1527 4469 1636 4540 γὰρ

48 4566 146 4618 καὶ
179 4565 251 4618 τὰ
281 4562 428 4634 μέρη
457 4560 519 4614 εν
551 4577 604 4613 τι
632 4558 919 4629 βούλονται
948 4554 1088 4612 εἶναι
1118 4561 1258 4629 μετά
1287 4558 1387 4630 τὴν
1416 4558 1634 4614 ἕνωσιν.

59 4656 202 4709 Ἀλλ’
235 4655 369 4718 ἴσως
398 4653 625 4721 λέγουσι
669 4650 809 4722 πρὸς
856 4649 1019 4704 τοῦτο
1045 4651 1098 4703 οἱ
1137 4649 1476 4704 Θεοδοσιανοὶ
1498 4690 1514 4717 ,
1553 4651 1637 4704 ὅτι

48 4747 170 4817 οὐχι
194 4763 208 4778 ·
254 4747 319 4799 οὐ
356 4745 470 4816 γὰρ
504 4744 558 4797 οι
596 4741 880 4797 Γαῖανῖταῖ
912 4742 1052 4796 εἰσιν
1080 4742 1132 4795 οἱ
1174 4740 1537 4810 φυλάττοντες
1575 4741 1639 4795 τὸ

49 4840 278 4909 ἀρχαῖον
328 4837 530 4908 δόγμα,
581 4834 722 4889 ἀλλὰ
772 4833 974 4904 μᾶλλον
1020 4833 1203 4905 ἡμεῖς.
1273 4833 1434 4889 Ἀλλὰ
1474 4834 1636 4889 πάλιν

53 4928 188 5000 πρὸς
211 4928 373 4983 τοῦτο
392 4928 649 4997 λέγομεν,
673 4926 755 4980 δτι
775 4927 838 4980 Εἰ
861 4926 957 4981 καὶ
984 4925 1060 4998 μὴ
1082 4925 1190 4981 ἀπὸ
1206 4925 1315 4979 τῶν
1336 4926 1635 4980 Γαῖανιτῶν

53 5014 347 5069 πιστοῦσθε
375 5014 558 5081 τοῦτο,
590 5014 706 5068 ἀλλ’
735 5011 828 5069 οὖν
860 5015 972 5069 ἀπὸ
1001 5015 1112 5070 τῶν
1128 5017 1445 5085 Ἀκεςράλων
1474 5018 1636 5086 ἀνάγο

53 5123 125 5175 κη
181 5107 329 5175 ὑμᾶς
365 5105 526 5158 τοῦτο
574 5103 976 5162 πιστώσασθαι.
1018 5106 1248 5161 Ἐκεῖνοι
1278 5109 1386 5178 γὰρ
1419 5109 1637 5180 ἀρχαιό-

53 5212 207 5265 τεροι
234 5194 392 5265 ὑμῶν
419 5196 517 5249 καὶ
546 5194 656 5250 τῶν
681 5196 982 5251 Γαῖανιτῶν
1013 5199 1267 5269 φανερῶς
1290 5199 1464 5265 ὄντες,
1493 5201 1637 5256 οὕτω

60 5290 327 5358 μάχονται
354 5290 423 5358 τῇ
454 5289 681 5365 συνόδῳ,
705 5290 782 5354 ὡς
799 5289 894 5344 δύο
915 5290 1149 5365 λεγούσῃ
1168 5293 1235 5346 τὰ
1262 5295 1426 5364 μέρη.
1447 5297 1638 5349 Ἔπει-

56 5393 126 5430 τα
158 5380 256 5432 καὶ
288 5378 399 5432 ἀπὸ
440 5363 716 5451 Εὐτῡχοῦς
742 5380 1086 5451 πιστούμεθα
1120 5363 1312 5435 τοῦτο.
1338 5363 1490 5453 Πρός
1527 5386 1636 5456 γὰρ

58 5466 150 5518 τὸν
172 5468 390 5539 Εὐτυχῆ
419 5470 655 5524 ἐποιεῖτο
682 5471 787 5526 ,τὸν
817 5471 975 5540 λόγον
997 5474 1032 5544 ὴ
1066 5470 1301 5536 σύνοδος,
1331 5475 1480 5538 ὅστις
1506 5460 1573 5530 πε
1583 5479 1636 5547 pi.

60 5555 168 5609 τῶν
216 5558 401 5629 μερῶν
434 5560 770 5633 ἠμφισϐήτει
796 5601 812 5629 ,
850 5563 926 5635 μὴ
972 5560 1148 5630 λὲγων
1180 5565 1309 5634 ὑμῖν
1351 5566 1637 5634 όμοούσιον

62 5641 202 5701 εἶναι
237 5647 307 5701 τὸν
341 5648 521 5723 σῶμα.
565 5654 656 5735 Ὣς
685 5649 778 5709 οὖν
807 5653 945 5726 πρὸς
973 5655 1178 5708 ἐκεῖνον
1225 5655 1522 5727 ποιουμένη
1548 5658 1636 5710 τὸν

1733 4497 1875 4537 esse.
1911 4481 2180 4536 Fortassis
2213 4479 2282 4534 ad
2316 4479 2423 4535 hoc
2462 4479 2834 4536 Theodosiani
2871 4479 3310 4549 respondebunt,

1733 4590 2077 4645 nequaquam
2103 4573 2401 4640 Gaianitas,
2426 4576 2523 4631 sed
2553 4591 2612 4631 se
2650 4576 2840 4646 potius
2890 4574 3014 4630 illos
3040 4590 3183 4641 esse,
3218 4576 3314 4646 qui

1735 4666 2022 4736 antiquum
2080 4666 2275 4738 dogma
2326 4668 2620 4724 retineant.
2651 4668 2763 4724 Nos
2810 4683 2942 4723 vero
2975 4683 3197 4723 rursum
3229 4684 3316 4723 re-

1736 4758 2093 4828 spondemus,
2120 4759 2168 4814 si
2216 4759 2450 4815 maxime
2479 4775 2590 4815 non
2616 4777 2647 4814 a
2679 4759 2947 4816 Gaianitis
2989 4759 3093 4830 ipsi
3150 4760 3315 4815 ﬁdem

1736 4850 2274 4919 illamsumpserint,
2308 4859 2490 4906 tamen
2536 4866 2659 4906 esse
2702 4866 2952 4912 necesse.
2981 4858 3044 4906 ut
3073 4850 3143 4909 ab
3175 4850 3317 4906 Aee-

1740 4942 1918 5013 phalis
1946 4942 2279 5011 acceperint.
2305 4942 2441 4995 Nam
2470 4941 2548 4996 illi
2590 4941 2879 4997 manifesto
2914 4940 3315 4997 Theodosianis

1740 5043 1797 5089 et
1823 5034 2089 5090 Gaianitis
2133 5033 2494 5102 antiquiores,
2535 5035 2609 5087 ita
2659 5033 2928 5105 synodum
2971 5040 3310 5103 oppugnant,

1741 5124 1900 5193 quasi
1934 5139 2058 5193 quae
2104 5132 2289 5193 partes
2317 5123 2456 5178 duas
2490 5125 2689 5178 tradat.
2719 5124 2867 5180 ldein
2898 5132 2956 5180 ct
2992 5138 3092 5193 per
3140 5122 3312 5194 Euty-

1743 5213 1902 5267 chem
1927 5211 2127 5267 docere
2151 5226 2460 5281 possumus.
2484 5212 2699 5267 Etenim
2730 5213 2992 5268 adversus
3008 5210 3310 5283 Eutychem

1742 5302 1986 5374 synodus
2016 5302 2107 5356 illa
2137 5302 2305 5356 verba
2331 5302 2670 5371 proferebat,
2702 5304 2860 5373 cujus
2885 5310 3004 5357 erat
3034 5301 3103 5355 de
3133 5299 3309 5370 parti-

1743 5394 1848 5447 hns
1871 5392 2271 5461 controversia,
2301 5393 2559 5453 dicentis,
2587 5408 2789 5462 corpus
2823 5407 2933 5446 non
2964 5407 3086 5447 esse
3120 5390 3313 5446 nobis-

1740 5497 1865 5537 cum
1909 5482 2072 5537 unius
2130 5483 2453 5538 substantia:
2483 5524 2497 5547 ,
2538 5482 2771 5551 ideoque
2805 5481 2991 5536 verbis
3033 5480 3102 5536 ad
3156 5480 3311 5535 illum

1742 5571 1990 5635 directis,
2026 5580 2082 5625 et
2117 5572 2231 5641 ipsa
2283 5573 2492 5628 scilicet
2531 5573 2599 5627 de
2642 5573 2892 5643 partibus
2937 5573 3265 5643 loquebatur
3292 5614 3309 5640 ,

1745 5675 1854 5712 non
1911 5660 1979 5714 de
2035 5660 2251 5716 cﬂ‘ccto.
2316 5663 2586 5718 Prntcrea
2644 5662 2748 5718 nisi
2798 5661 2904 5718 hoc
2956 5661 3309 5733 admiseritis,
