3912 6298
64 307 158 372 49

1247 313 1345 378 DE
1387 317 1664 378 SECTIS.
1694 344 1762 352 -·
1799 319 1959 380 ACT.
2001 321 2132 382 VII.

3168 321 3316 388 13.53

55 439 120 474 ιτ
137 422 240 492 pl,
283 421 386 476 καὶ
425 419 713 492 ὁμοοῦσιος
741 422 905 491 ἡμῖν·
957 422 1050 474 καὶ
1084 422 1164 476 ὅτι
1206 425 1368 486 αὐτὸς
1404 419 1482 483 εἷς
1520 424 1599 492 τῆ.

1721 434 1772 479 et
1805 425 2118 491 hominem;
2148 425 2368 494 proprie
2417 427 2589 481 Deum
2641 428 2920 494 eumdem,
2980 438 3035 484 et
3090 447 3315 502 proprie

55 511 190 574 ’ξας
228 511 494 581 Τριὰδος,
531 509 625 562 καὶ
654 504 732 571 εἷς
763 511 823 572 ἐξ
857 510 1010 579 ἡμῶν
1031 527 1044 542 ·
1083 514 1176 564 καὶ
1196 513 1276 564 ὅτι
1299 511 1430 574 Θεὸς
1455 513 1626 578 Λόγος

53 605 282 668 ,ἔωσεν
303 603 595 674 ἄνθρωπος
615 601 901 670 γενέσθαι·
934 609 1026 656 καὶ
1044 604 1180 658 ἄλλα
1207 605 1379 659 πολλὰ
1402 604 1626 658 τοιαῦτα

60 696 360 764 βήσομεν
401 696 458 746 ὲν
481 695 547 763 τῇ
579 691 712 760 ἁγίᾳ
730 692 942 762 Γραφῇ.

1737 517 2014 573 hominem
2039 521 2280 584 {natura
2319 518 2487 574 Deum
2509 519 2788 584 eumdem,
2820 531 2876 574 et
2901 532 3095 576 natura
3130 523 3310 578 homi-

1733 624 1859 663 nem
1883 625 1899 663 :
1921 611 2085 665 unius
2101 612 2354 665 eumdem
2381 627 2506 665 cum
2533 612 2696 665 Patre
2719 621 2950 676 naturas,
2977 625 3032 669 et
3059 616 3308 685 ejusdem

1732 707 1944 754 natura:
1977 701 2266 756 nobiseum
2309 719 2322 754 :
2377 717 2548 754 unum
2598 703 2666 756 de
2699 714 2886 758 sancta
2913 705 3205 768 Trinitate,
3246 723 3311 762 ac

53 802 198 840 tum
265 786 336 840 de
369 784 532 839 nobis
565 801 578 836 :
615 783 874 854 quodque
900 785 1046 839 Deus
1071 785 1265 842 Sermo
1294 787 1552 858 dignatus
1585 789 1658 844 sit
1686 789 1852 844 homo
1872 791 1992 846 ﬁeri
2021 811 2036 845 :
2078 794 2185 847 alia
2235 792 2474 863 denique
2506 795 2664 863 plura
2699 796 2827 848 talia
2889 798 3064 852 sacris
3099 799 3153 851 in
3196 798 3309 852 Lit-

51 884 150 936 ris
188 880 573 951 reperiemus.

79 973 508 1042 Ἐξετάσωμεν
555 967 649 1025 οὖν
690 971 784 1024 ἐπὶ
838 971 1063 1036 ταύταις
1114 973 1374 1044 ἑκάτερον
1430 973 1630 1042 δόγμα,

51 1068 96 1119 ιί
141 1068 391 1136 πρῶτον
423 1067 515 1119 ἐπὶ
545 1066 643 1135 τῆς
681 1065 808 1132 μιᾶς
837 1064 1075 1133 φύσεως,
1102 1069 1202 1120 καὶ
1235 1068 1286 1118 εἰ
1321 1067 1419 1136 μὲν
1451 1067 1632 1130 καλῶς

50 1177 122 1228 κῃ.
177 1156 526 1227 δεξώμεθαο
563 1158 612 1209 ει
654 1156 712 1208 δὲ
753 1156 960 1220 κακῶς,
1005 1156 1428 1226 ἁποΰαλώμεθα.
1469 1157 1631 1210 Ὑπο-

49 1251 350 1302 ;·ίσοωσαν
375 1245 468 1302 οὖν
495 1249 625 1317 τρία
651 1248 794 1312 τινὰ,
835 1248 1004 1318 ψυχαὶ
1035 1248 1245 1311 ἁπλῶς,
1276 1251 1370 1303 καὶ
1394 1250 1624 1318 σώματα

49 1341 240 1402 eli-3;,
283 1343 379 1392 καὶ
412 1339 686 1409 ἄνθρωποι
718 1338 1174 1403 ἀποτελεσθέντες
1194 1356 1210 1371 ’
1241 1340 1499 1401 λαϐόντες
1527 1337 1619 1394 οῦν

47 1437 179 1496 κείς
214 1434 292 1484 ἐκ
330 1433 537 1486 τούτων
567 1432 695 1501 μίαν
721 1431 933 1502 ψυχὴν,
976 1433 1074 1488 καὶ
1099 1431 1158 1485 ἓν
1201 1433 1381 1502 σῶμα,
1422 1433 1622 1486 ἀποτε-

48 1540 283 1592 .σωμεν
324 1510 417 1575 τόν
449 1540 574 1575 τινα
612 1523 920 1594 ἄνθρωπον,
947 1523 1109 1592 τυχὸν
1139 1523 1228 1575 τὸν
1254 1523 1477 1594 Πέτρον.
1510 1524 1620 1577 Καὶ

45 1616 111 1668 ιδ’
151 1615 232 1668 ἂν
270 1615 528 1684 εὕρεθείη
567 1614 708 1684 ἔχων
752 1615 853 1684 τὴν
894 1615 1056 1684 φύσιν
1090 1615 1337 1677 ἐκείνων,
1374 1616 1616 1685 δηλονότι

45 1706 324 1759 ιοούσιόν
348 1708 496 1758 ἐστιν
523 1705 850 1776 ἀνθρώποις.
894 1706 953 1759 '0
983 1707 1162 1760 τοίνυν
1188 1707 1392 1778 Πέτρος
1421 1709 1618 1759 ἀποτε-

1809 972 1939 1026 V‘lll.
1968 971 2358 1026 Exaniinemus
2383 971 2547 1042 igitur
2567 971 2634 1024 ad
2670 971 2772 1026 ista
2798 972 3065 1042 principia
3099 983 3310 1030 utrum-

1729 1078 1837 1131 que
1871 1063 2087 1133 dogma,
2129 1071 2185 1116 et
2218 1064 2456 1132 primum
2482 1067 2620 1117 adeo
2651 1064 2718 1118 de
2755 1080 2864 1118 una
2891 1075 3087 1119 natura
3119 1067 3304 1134 ;quod

1725 1155 1772 1206 si
1802 1154 1942 1208 belle
1970 1155 2216 1215 habebit.
2246 1155 2691 1224 acceptabimus:
2723 1157 2807 1210 sin
2842 1166 3050 1219 autem,
3094 1159 3309 1228 rejirie-

1723 1228 1864 1300 mus.
1903 1245 2028 1300 Sint
2068 1248 2235 1316 igitur
2289 1247 2393 1300 tria
2440 1247 2687 1315 quzedam
2745 1248 2944 1316 posita,
2979 1249 3306 1318 simpliciter

1718 1339 1945 1395 animae.
1982 1346 2038 1391 et
2073 1353 2309 1407 corpora
2349 1338 2696 1407 simpliciter,
2731 1348 2788 1392 et
2815 1339 3067 1394 homines
3093 1341 3306 1394 absolu-

1720 1429 1759 1482 ti
1784 1447 1796 1482 :
1818 1445 2026 1499 nosque
2048 1439 2264 1500 sumpta
2295 1429 2363 1484 de
2388 1430 2473 1484 his
2498 1431 2679 1483 anima
2708 1447 2812 1485 una
2837 1439 2888 1484 et
2913 1447 3026 1485 uno
3047 1448 3302 1501 corpore,

1718 1521 2011 1589 quemdam
2064 1520 2344 1574 hominem
2393 1520 2731 1587 eﬂiciamus,
2769 1531 2901 1590 puta
2954 1523 3201 1578 Petrum.
3254 1523 3306 1579 Is

1717 1627 1870 1676 vero,
1901 1612 2118 1667 tametsi
2178 1621 2432 1667 naturam
2479 1627 2676 1666 eorum
2727 1613 2936 1668 habere
2987 1615 3302 1684 deprehen-

1718 1701 1900 1767 datur,
1937 1702 2186 1772 ejusdem
2240 1711 2422 1757 tamen
2459 1704 2782 1759 substantiae
2835 1721 2959 1760 cum
2983 1705 3302 1761 hominibus

45 1799 263 1862 :aOs‘tc,
305 1799 429 1851 οὐδὲ
450 1802 571 1861 ταῖς
608 1797 808 1868 ψυχαῖς
841 1799 986 1852 ἐστιν
1014 1798 1323 1869 ὀμοούσιος,
1352 1799 1471 1852 οὐδὲ
1503 1801 1599 1860 τοῖς

1717 1809 1827 1846 non
1844 1794 1973 1848 erit.
1991 1794 2185 1848 Petrus
2197 1795 2345 1849 enim
2363 1795 2669 1858 absolutus,
2690 1813 2790 1851 nec
2802 1798 3047 1866 ejusdem
3064 1808 3149 1853 est
3173 1817 3298 1855 cum

44 1892 306 1959 ῦμασιν·
337 1891 457 1943 οὐδὲ
482 1891 684 1961 κυρίως
709 1890 876 1962 ψυχὴ,
896 1891 1016 1944 οὐδὲ
1045 1891 1247 1961 κυρίως
1277 1890 1456 1960 σῶμα.
1483 1891 1617 1944 Οὐδὲ

43 1980 114 2048 ip
153 1979 224 2032 ὃν
261 1978 337 2032 ἂν
358 1979 522 2046 ,ὶόγον
558 1979 744 2050 ἀποδῷ
769 1996 851 2042 τις
877 1980 976 2048 τῆς
1011 1978 1188 2048 ψυχῆς
1208 2021 1223 2043 ,
1251 1980 1286 2048 ἢ
1317 1979 1410 2032 τοῦ
1437 1981 1621 2049 σώμα-

41 2085 114 2133 ις,
164 2069 273 2121 τὸν
311 2069 474 2120 αὑτὸν
516 2067 810 2121 ἀποδίδωσι
854 2069 1066 2138 Πέτρου
1095 2085 1110 2100 ο
1154 2068 1288 2143 ἁ).ζὰ
1323 2069 1428 2121 τίνι
1472 2071 1619 2124 ἐστὶν

41 2159 322 2218 modum;
366 2160 479 2220 τοῖς
528 2156 841 2226 ἀνθρώποις
913 2156 1158 2226 (ἐκείνων
1208 2158 1318 2228 γὰρ
1357 2159 1446 2210 τὸν
1492 2159 1618 2228 ὅρον

41 2249 386 2320 τιδέχεται),
419 2249 512 2302 καὶ
560 2248 687 2302 ἄλλο
725 2251 781 2301 τί
830 2250 945 2301 ἔστι
981 2249 1128 2318 παρὰ
1160 2249 1258 2319 τὴν
1290 2249 1493 2319 ψυχὴν,
1525 2249 1618 2303 καὶ

1725 1886 1926 1940 animis
1950 1896 2181 1950 naturae,
2205 1903 2310 1940 nec
2348 1888 2598 1957 ejusdem
2634 1903 2758 1942 cum
2800 1891 3126 1958 corporibus
3154 1909 3166 1943 :
3196 1909 3298 1946 nec

1720 1976 1902 2030 anima
1961 1979 2207 2047 proprie,
2254 1994 2358 2032 nec
2424 1979 2643 2048 preprie
2686 1995 2908 2050 corpus.
2953 1981 3087 2040 ,Non
3147 1985 3296 2037 enim

1718 2081 1840 2135 quae
1882 2069 2132 2135 corporis
2159 2078 2253 2122 aut
2293 2069 2490 2124 animae
2519 2071 2658 2124 tradi
2684 2072 2932 2126 definitio
2958 2083 3176 2142 potest;
3207 2091 3298 2131 ea-

1717 2158 1840 2211 dem
1871 2165 1926 2211 et
1949 2157 2096 2212 Petri
2122 2159 2353 2214 traditur
2379 2177 2392 2212 :
2419 2163 2514 2215 sed
2540 2163 2726 2232 aliquo
2757 2173 2916 2218 tenus
2941 2165 3186 2234 ejusdem
3212 2175 3297 2220 est

1717 2248 2040 2304 substantiae
2065 2265 2191 2304 cum
2216 2251 2540 2308 hominibus
2575 2255 2723 2326 (nam
2760 2256 2980 2309 illorum
3019 2256 3298 2312 deﬁnitio-

39 2361 57 2396 2
94 2344 302 2412 σῶμα.
345 2341 629 2411 Ἕλθωμεν
666 2342 759 2393 ἐπὶ
788 2339 884 2393 τοῦ
919 2338 1192 2410 Χριστοῦσ
1227 2339 1484 2407 ἀναλογεῖ
1507 2340 1599 2412 γὰε

1716 2354 1842 2393 nem
1871 2356 2092 2411 quoque
2115 2343 2356 2413 recipit),
2381 2351 2438 2398 et
2460 2343 2742 2399 diversum
2789 2345 3050 2414 quiddam
3077 2357 3160 2402 est
3185 2357 3294 2402 tam

48 2435 143 2507 αρ’
178 2436 436 2504 αὑτοῖςή
471 2435 571 2503 μὲν
604 2433 796 2500 Θεότης
822 2435 888 2502 τῇ
917 2431 1084 2502 ψυχῇ,
1113 2433 1144 2500 ἡ
1171 2431 1226 2484 δὲ
1254 2429 1599 2500 ἁνθρωπότης

1713 2430 1782 2483 ab
1810 2431 1989 2485 anima
2024 2447 2188 2501 quam
2218 2449 2472 2503 corpore.
2511 2435 2668 2490 Nunc
2689 2436 2754 2488 ad
2783 2435 3066 2491 Christum
3100 2440 3294 2494 venia-

39 2531 75 2600 ξ)
119 2529 384 2598 σώματι.
431 2527 643 2579 Οὐκοῦν
690 2527 718 2578 ὁ
766 2523 1004 2595 Χριστὸς
1050 2522 1172 2576 οὐδὲ
1211 2521 1498 2591 όμοούσιος
1535 2521 1599 2591 τᾷ

1712 2537 1836 2576 mus
1865 2539 1878 2576 :
1908 2523 2111 2594 quippe
2135 2525 2434 2594 respondet
2452 2527 2594 2595 apud
2616 2529 2764 2597 ipsos
2784 2528 3049 2584 divinitas
3072 2533 3292 2596 animm,

37 2623 208 2694 [ατρ“ι,
244 2619 378 2673 οὐδὲ
421 2617 708 2687 όμοούσιος
748 2619 906 2687 ἡμῖν’
953 2614 1146 2684 ὥσπερ
1197 2610 1292 2668 οῦν
1321 2613 1414 2667 καὶ
1443 2615 1472 2666 ό
1504 2613 1599 2665 Πέ-

1711 2609 2025 2686 humanitas
2047 2614 2287 2682 corpori.
2320 2613 2574 2670 Christus
2601 2631 2732 2686 ergo
2758 2632 2861 2671 nec
2888 2618 3137 2687 ejusdem
3165 2635 3289 2675 cum

37 2735 131 2786 ρος
179 2715 314 2768 οὐδὲ
359 2711 647 2783 όμοοὺσιός
685 2714 802 2764 ἐστι
853 2712 920 2780 τῇ
960 2709 1129 2779 ψυχῇ,
1160 2707 1282 2761 οὐδὲ
1321 2706 1599 2777 ὁμοοὺσιος

1709 2699 1890 2764 Patre,
1917 2716 2020 2755 nec
2041 2702 2286 2771 ejusdem
2316 2702 2604 2757 nobiscum
2625 2712 2709 2758 est
2725 2705 3050 2761 substantiae
3068 2723 3080 2760 :
3099 2723 3294 2778 quem-

37 2803 79 2870 ᾦ
107 2801 364 2872 σώματι.
395 2797 607 2852 Οὐκοῦν
636 2798 730 2852 καὶ
759 2799 787 2850 ό
811 2797 1043 2869 Χριστὸς
1071 2795 1194 2848 οὐδὲ
1225 2795 1430 2866 κυρίως
1452 2794 1599 2859 Θεὸς,

1708 2790 2004 2845 admodum
2049 2803 2104 2848 et
2151 2795 2346 2848 Petrus
2379 2810 2480 2848 nec
2517 2796 2765 2866 ejusdem
2796 2807 2882 2852 est
2929 2815 3056 2854 cum
3085 2802 3288 2868 anima,

35 2894 124 2947 ὒδὲ
166 2893 386 2964 κυρίως
421 2890 705 2961 ἄνθρωπος
725 2909 738 2922 ·
771 2891 895 2943 οὐδὲ
927 2889 1085 2957 φύσει
1117 2889 1268 2951 Θεὸς,
1303 2888 1422 2940 οὐδὲ
1447 2886 1599 2954 φύσει

1707 2899 1809 2938 nec
1838 2884 2082 2954 ejusdem
2109 2900 2232 2939 cum
2263 2901 2495 2956 corpore
2525 2888 2869 2944 substantiae.
2913 2891 3290 2957 Quamobrem

39 2985 309 3056 νθρωπος
333 2999 348 3014 ο
389 2981 512 3035 οῦτε
539 2977 620 3045 εἷς
655 2983 750 3052 τῆς
795 2982 956 3048 ἁγίας
984 2979 1236 3048 Τριὰδος,
1275 2979 1400 3033 οὔτε
1436 2974 1516 3043 εἷς
1547 2981 1599 3044 ὲξ

1705 2983 1760 3029 et
1781 2974 2035 3031 Christus
2057 2992 2160 3031 nec
2180 2978 2400 3046 proprie
2423 2978 2566 3032 Deus
2591 2986 2695 3042 est,
2716 2995 2818 3035 nec
2841 2983 3064 3051 proprie
3085 2984 3249 3040 homo
3271 3003 3287 3052 ;

40 3076 165 3148 μῶν
192 3091 206 3104 ⁸
263 3073 464 3142 ὥσπερ
495 3069 588 3124 οὖν
632 3074 726 3124 καὶ
755 3073 782 3124 ὁ
817 3071 1024 3140 Πέτρος
1060 3069 1182 3122 οὐδὲ
1218 3063 1300 3131 εἷς
1330 3071 1447 3122 ἐστι
1494 3069 1599 3122 τῶν

1705 3079 1808 3118 nec
1839 3065 1984 3119 Deus
2021 3075 2242 3128 natura,
2271 3081 2375 3121 nec
2395 3077 2589 3122 natura
2626 3067 2790 3122 homo
2815 3087 2829 3135 ;
2858 3086 2960 3125 nec
2997 3089 3138 3127 unus
3161 3089 3289 3128 san-

33 3169 216 3240 ιυχῶν,
254 3165 385 3220 οὐδὲ
415 3159 496 3227 εἷς
527 3164 633 3217 τῶν
660 3163 946 3232 σωμάτων.
980 3161 1060 3214 Τὰ
1077 3161 1132 3214 δὲ
1164 3160 1390 3213 τοιαῦτα
1421 3160 1599 3228 λέγειν

1705 3165 1806 3210 ctae
1827 3155 2137 3222 Trinitatis,
2158 3172 2263 3212 nec
2294 3174 2438 3212 unus
2467 3173 2535 3212 ex
2575 3159 2739 3214 nobis
2768 3177 2780 3213 :
2817 3161 2961 3214 sicut
2991 3171 3046 3215 et
3094 3163 3313 3221 Petrus-

34 3265 97 3318 πὶ
127 3260 227 3314 τοῦ
262 3255 535 3330 Χριστοῦ,
570 3255 778 3308 ἀνελεῖν
814 3255 960 3306 ἐστιν
991 3251 1055 3314 ἃς
1087 3251 1284 3322 ἔχομεν
1313 3249 1599 3322 ὡμολογη-

1705 3261 1805 3301 nec
1825 3263 1970 3301 unus
1989 3263 2055 3302 ex
2092 3248 2290 3302 animis
2319 3256 2428 3312 est,
2454 3263 2558 3303 nec
2589 3265 2732 3303 unus
2765 3266 2829 3303 ex
2857 3253 3290 3320 corporibus.At

33 3356 177 3416 ιὲνας
207 3352 415 3422 ἀρχὰς,
457 3349 595 3418 ὅπερ
619 3347 837 3401 ἄτοπον.
873 3346 934 3398 Εἰ
967 3343 1024 3396 δὲ
1053 3344 1146 3397 δύο
1168 3344 1361 3412 φύσεις
1383 3342 1599 3408 ὑποθὼε

33 3445 149 3498 ιεοα
189 3443 344 3513 ἔχειν
377 3439 469 3492 τὸν
512 3437 771 3508 Χριστὸν,
819 3435 968 3488 οὐδὲν
1010 3433 1218 3486 τούτων
1259 3432 1600 3504 ἁναιροῦμεν

34 3534 111 3586 ὧν
155 3531 374 3602 ἀρχῶν,
409 3527 544 3582 ἀλλὰ
585 3527 764 3580 πάντα
801 3523 1200 3593 συμφωνοῦντα
1242 3523 1594 3594 εὑρίσκομεν.

33 3625 77 3676 Ο
116 3623 286 3684 αὐτὸς
322 3619 435 3690 γὰρ
463 3619 557 3672 καὶ
583 3617 713 3681 Θεός
756 3617 893 3678 ἐστι,
942 3615 1036 3667 καὶ
1065 3613 1350 3685 ἄνθρωπος
1375 3631 1390 3645 ·
1443 3617 1536 3668 καὶ
1568 3615 1597 3668 ό

33 3715 172 3778 Line;
199 3711 493 3783 όμοούσιος
516 3709 592 3780 τῷ
618 3709 825 3778 Πατρὶ,
859 3710 950 3761 καὶ
989 3707 1270 3776 όμοούσιος
1307 3709 1438 3778 ἡμῖν
1457 3724 1468 3737 ·
1501 3707 1595 3760 καὶ

33 3805 216 3877 ευρίως
245 3804 402 3867 Θεὶς,
439 3801 533 3855 καὶ
571 3801 772 3871 κυρέως
797 3799 1102 3870 ἄνθρωπος,
1128 3799 1221 3852 καὶ
1255 3798 1413 3868 φύσει
1441 3799 1592 3866 Θεὸς,

33 3896 107 3948 ια).
138 3894 303 3965 φύσει
335 3890 648 3962 ἄνθρωπος·
676 3892 770 3943 καὶ
795 3885 876 3954 εἷς
905 3891 1003 3960 τῆς
1031 3891 1191 3958 ἁγίας
1219 3889 1470 3959 Τριὰδος,
1500 3891 1594 3943 καὶ

35 3983 89 4048 ἴς
136 3986 197 4051 ἐξ
253 3984 437 4055 ἡμῶν.
490 3983 554 4034 Ἢ
592 3982 730 4050 αὐτὴ
781 3981 891 4052 γὰρ
928 3980 1221 4042 ὑπόστασις
1262 3981 1388 4042 τοὺς
1436 3981 1592 4050 ὄρους

37 4077 115 4130 ῶν
165 4076 264 4128 δύο
317 4073 537 4143 φύσεων
585 4072 921 4141 ἐπιδέχεται·
981 4071 1076 4124 καὶ
1120 4071 1180 4124 ὃν
1229 4070 1274 4124 δ’
1325 4070 1390 4124 ἂν
1434 4070 1590 4138 λόγον

33 4165 200 4238 ιποδῷ
234 4182 320 4227 τις
345 4163 448 4232 τῆς
475 4162 727 4231 θεότητος
750 4201 765 4225 ,
790 4161 880 4213 τὸν
912 4161 1074 4214 αὑτὸν
1099 4161 1343 4232 εὑρίσκει
1373 4161 1466 4214 καὶ
1497 4160 1590 4214 ἐπὶ

41 4258 102 4311 οῦ
128 4255 374 4328 Χριστοῦ
393 4273 406 4286 ο
432 4254 526 4307 καὶ
551 4254 610 4307 ὃν
633 4253 678 4306 δ’
707 4252 773 4306 ἂν
796 4245 988 4323 ἁποδῷ
1006 4253 1102 4322 τῆς
1133 4251 1550 4322 ἁνθρωπότητος
1569 4292 1584 4314 ,

33 4346 101 4399 τὸν
129 4345 292 4400 αὑτὸν
329 4343 573 4414 εὑρίσκει
608 4343 700 4395 καὶ
729 4343 822 4394 ἐπὶ
859 4343 957 4411 τῆς
998 4339 1184 4404 οὐσίας
1213 4341 1308 4394 τοῦ
1348 4339 1584 4411 Χριστοῦ

1703 3337 2017 3407 hujusmodi
2057 3339 2126 3393 de
2157 3338 2380 3393 Christo
2401 3338 2606 3403 dicere,
2635 3339 2890 3396 nihilest
2925 3341 3077 3395 aliud
3119 3357 3286 3412 quam

1702 3427 2011 3482 indubitata
2037 3429 2306 3499 principia
2323 3445 2444 3499 qua:
2463 3430 2749 3493 habemus,
2767 3431 3116 3497 subvertere;
3137 3435 3285 3503 quod

1699 3518 2001 3574 absurdum
2025 3519 2212 3574 fuerit.
2243 3521 2313 3575 At
2331 3537 2461 3576 vero
2479 3522 2523 3576 si
2566 3521 2849 3578 Christum
2895 3524 3035 3578 duas
3077 3525 3286 3582 habere

1696 3621 1924 3666 naturas
1947 3613 2225 3677 dabimus,
2247 3613 2458 3667 nullum
2481 3631 2549 3669 ex
2576 3615 2727 3671 hisee
2753 3617 3042 3686 principiis
3071 3621 3282 3672 everti-

1695 3718 1838 3769 mus,
1855 3703 1951 3758 sed
1973 3704 2155 3757 omnia
2175 3706 2533 3758 consonantia
2558 3707 2884 3774 reperimus.
2905 3707 3213 3762 ldemcnim
3229 3723 3286 3764 et

1694 3795 1839 3850 Dens
1856 3804 2028 3858 est,et
2051 3794 2216 3848 homo
2236 3813 2249 3848 :
2271 3795 2412 3850 idem
2434 3797 2679 3866 ejusdem
2701 3814 2825 3852 cum
2847 3799 3008 3853 Patre
3027 3799 3284 3853 substan-

1693 3885 1802 3950 tia},
1820 3895 1875 3939 et
1887 3884 2133 3956 ejusdem
2145 3885 2467 3941 substantiae
2481 3887 2766 3942 nobiscum
2783 3906 2794 3942 :
2814 3889 3033 3958 proprie
3043 3889 3210 3954 Deus,
3225 3904 3281 3948 et

1701 3974 1926 4044 proprie
1959 3974 2124 4028 homo
2148 3991 2161 4027 :
2187 3975 2386 4028 natura
2419 3975 2662 4041 Deus,et
2688 3985 2885 4031 natura
2906 3977 3106 4032 homo:
3137 3995 3281 4034 unus

1691 4073 1893 4120 sancta:
1913 4064 2220 4131 Trinitatis,
2243 4073 2300 4120 et
2319 4081 2464 4122 unus
2491 4081 2558 4120 ex
2593 4067 2773 4122 nobis.
2808 4067 2942 4122 Nam
2967 4068 3158 4123 eadem
3183 4070 3280 4140 hy-

1688 4158 1925 4227 postasis
1945 4158 2179 4213 duarum
2223 4166 2544 4213 naturarum
2584 4158 2936 4216 deﬁnitiones
2958 4161 3154 4232 recipit
3181 4181 3194 4214 :
3220 4174 3277 4217 et

1687 4247 2059 4318 quodcunque
2079 4249 2148 4304 de
2178 4249 2466 4304 divinitate
2487 4251 2612 4320 quis
2635 4252 2951 4321 protulerit,
2971 4252 3116 4306 idem
3143 4262 3198 4306 et
3219 4254 3275 4308 in

1687 4339 1910 4395 Christo
1949 4341 2159 4396 invenit
2189 4359 2202 4395 :
2229 4356 2294 4398 ac
2336 4341 2576 4397 vicissim
2603 4342 2871 4412 quidquid
2917 4344 2985 4398 de
3022 4343 3276 4400 humani-

33 4441 132 4492 ιατ⁹
163 4438 354 4492 οὐσίαν
381 4435 725 4506 ἁρμόζοντα·
759 4433 900 4487 ὥστε
934 4433 992 4497 ἐξ
1021 4433 1264 4504 ἀνάγκης
1285 4432 1378 4486 δύο
1399 4433 1589 4503 φύσεις

1705 4441 1809 4487 late
1843 4431 2065 4497 dixerit,
2103 4433 2249 4488 idem
2280 4433 2408 4487 etin
2432 4434 2742 4489 substantia
2788 4433 2991 4490 Christi
3039 4436 3270 4499 invenit,

33 4525 153 4585 :Tvat
182 4530 283 4600 τῆς
307 4531 440 4600 μιᾶς
475 4527 824 4588 ὑποστάσεως
853 4524 943 4578 τοῦ
978 4523 1233 4596 Χριστοῦ.

96 4706 386 4778 Ἀποροῦσι
420 4703 499 4769 δὲ,
544 4704 791 4773 λέγοντες
821 4720 836 4734 ·
872 4701 984 4757 Καὶ
1008 4703 1127 4765 πῶς
1169 4703 1264 4755 ἐπὶ
1310 4702 1430 4766 ἑνὸς
1462 4702 1585 4755 ἀτό-

33 4815 117 4850 ιου
158 4797 253 4851 δύο
289 4798 437 4850 ἔστιν
466 4797 679 4866 εὑρεῖν;
719 4793 866 4858 Πῶς,
906 4793 1240 4864 ἔπιλυόμεθα
1281 4795 1359 4864 τῷ
1401 4811 1582 4864 παρα-

33 4886 166 4956 ῑόξῳ.
208 4887 328 4940 Ὀτι
377 4887 438 4939 οὐ
477 4886 539 4939 τὸ
586 4886 872 4954 γεγονέναι
912 4901 964 4937 τι
1019 4883 1324 4954 παράδοξον
1357 4885 1450 4938 ἐπὶ
1487 4885 1580 4938 τοῦ

33 4977 272 5048 {pte-toi},
309 4976 508 5030 ἄτοπον
530 4993 543 5006 ·
577 4975 714 5029 ἁλλὰ
755 4975 816 5028 τὸ
849 4974 1142 5044 ψεύδεσθαι
1188 4976 1283 5030 καὶ
1324 4979 1441 5039 ταῖς
1476 4977 1578 5048 ἁρ-

33 5070 134 5135 (αῖς
165 5063 556 5127 ἐναντιοῦσθαι,
608 5064 768 5118 τοῦτο
810 5066 1008 5119 ἄτοπόν
1041 5068 1210 5120 ἐστιν.
1255 5065 1452 5120 ’ἰστέον
1497 5066 1576 5132 δὲ,

33 5158 94 5207 ὅτι
119 5158 229 5218 τοῖς
281 5155 406 5224 μίαν
454 5154 615 5223 φύσιν
668 5155 980 5218 δοξάζουσιν
1034 5157 1127 5209 ἐπὶ
1183 5156 1464 5226 Χριστοῦ,
1520 5155 1579 5222 ἐξ

33 5250 251 5316 ινὰγκης
301 5247 613 5314 συνάγεται.
666 5247 698 5318 ἢ
739 5247 832 5299 630
884 5249 1212 5310 ὑποστάσεις
1254 5251 1428 5302 εἰπεῖν
1476 5249 1578 5318 τῆς

33 5339 278 5406 ὶεότητος,
318 5336 348 5406 ἦ
397 5339 694 5408 τέσσαρας,
743 5337 930 5390 οὐκέτι
975 5338 1030 5389 δὲ
1083 5341 1256 5407 τρεῖς,
1308 5339 1382 5402 ὡς
1425 5339 1577 5409 παρὰ

33 5431 172 5481 πᾶσιν
193 5427 551 5498 ὡμολόγηται.
581 5430 640 5481 Et
667 5430 772 5499 γὰρ
799 5429 926 5499 μίαν
972 5427 1132 5496 φύσιν
1167 5427 1413 5496 λέγουσιν
1443 5431 1575 5498 ἡμῖν

33 5519 105 5571 ιπὶ
144 5518 368 5588 Χριστοῦ
393 5561 406 5583 ,
450 5519 557 5572 ποῦ
603 5520 931 5590 παρέχουσιν
962 5521 1091 5588 ἡμῖν
1118 5521 1216 5582 τὰς
1257 5523 1405 5587 τρεῖς
1445 5521 1574 5573 ὑπο-

33 5608 228 5672 στάσεις
257 5610 351 5679 τῆς
373 5609 676 5682 Eadem-0;;
721 5611 960 5681 Ἔχομεν
1002 5612 1112 5679 γὰρ
1151 5611 1280 5680 μίαν
1322 5611 1414 5662 τοῦ
1459 5612 1570 5664 Πα-

33 5701 161 5770 ιρὺς,
187 5699 277 5754 καὶ
319 5700 445 5772 μίαν
472 5703 566 5755 τοῦ
598 5703 754 5772 ἁγίου
816 5701 1127 5773 lix/stipato;
1155 5719 1166 5730 '
1203 5703 1300 5773 τὴν
1326 5702 1378 5755 δὲ
1408 5702 1571 5772 ἄλλην

1689 4522 1868 4576 eidem
1921 4522 2358 4578 substantialiter
2409 4531 2729 4592 competens
2762 4541 2776 4576 :
2806 4539 2916 4592 quo
2969 4523 3028 4577 tit
3063 4532 3121 4577 ut
3171 4540 3270 4578 ne-

1687 4613 1928 4668 cessario
1961 4612 2084 4667 dua:
2126 4612 2238 4667 sint
2266 4611 2432 4667 unius
2461 4611 2772 4684 hypostasis
2802 4611 3007 4668 Christi
3035 4622 3268 4670 natura».

1757 4705 1850 4760 IX.
1877 4707 2080 4761 Verum
2119 4705 2210 4760 hic
2249 4705 2339 4760 isti
2371 4703 2697 4761 Haesitantes
2725 4721 2738 4758 :
2770 4703 2890 4770 Quo
2921 4713 3082 4777 pacto
3106 4748 3119 4770 ,
3180 4707 3268 4760 in-

1684 4796 1884 4867 quiunt
1915 4836 1929 4860 ,
1973 4797 2028 4851 in
2086 4812 2196 4852 uno
2237 4797 2522 4852 individuo
2579 4794 2810 4865 reperiri
2843 4795 2953 4850 duo
2996 4797 3271 4866 possunt?

1685 4887 1800 4943 Hoc
1831 4887 2009 4958 ipsum
2035 4905 2137 4959 quo
2160 4897 2335 4958 pacto,
2359 4903 2457 4957 per
2485 4903 2599 4942 rem
2625 4887 3018 4942 abhorrentem
3051 4888 3120 4941 ab
3149 4888 3267 4956 opi-
3311 4891 3313 4893 ’

1681 4979 1850 5034 nione
1880 4979 2166 5034 solvimus.
2221 4977 2434 5047 Quippe
2460 4993 2570 5032 non
2611 4977 2913 5033 absurdum
2942 4985 3062 5041 est,
3116 4977 3264 5031 acci-

1681 5069 1828 5124 disse
1852 5067 1983 5138 quid
2018 5069 2073 5122 in
2093 5066 2314 5123 Christo
2343 5071 2541 5136 praeter”
2579 5066 2896 5136 opinionem
2933 5065 3214 5119 hominum
3246 5083 3258 5117 :

1680 5161 1776 5216 sed
1803 5159 2106 5214 absurdum
2145 5166 2231 5214 est
2261 5158 2506 5221 mentiri,
2536 5175 2600 5213 ac
2629 5158 2917 5228 principiis
2956 5156 3257 5212 adversari.

1681 5248 1979 5305 Sciendum
2005 5257 2212 5313 autem,
2254 5248 2324 5302 ab
2358 5248 2426 5301 iis
2446 5248 2541 5317 qui
2569 5264 2730 5302 unam
2769 5248 2824 5302 in
2845 5248 3067 5303 Christo
3094 5257 3258 5302 natu-

1680 5354 1795 5393 ram
1829 5348 2099 5403 statuunt,
2138 5339 2453 5393 necessario
2482 5337 2687 5407 colligi,
2713 5338 2799 5392 vel
2828 5338 2965 5391 duas
2996 5347 3054 5391 ut
3079 5336 3256 5407 hypo-

1676 5439 1849 5483 stases
1879 5427 2185 5483 divinitatis
2223 5427 2444 5493 dicant,
2480 5429 2565 5483 vel
2618 5436 2855 5497 quatuor
2879 5469 2893 5489 ,
2953 5443 3063 5481 non
3101 5436 3254 5492 tres;

1676 5519 1824 5590 quod
1875 5535 2066 5574 omnes
2110 5520 2460 5575 conﬁtentur.
2502 5520 2635 5575 Nam
2679 5518 2724 5572 si
2776 5534 2940 5572 unam
2989 5517 3149 5572 nobis
3197 5517 3254 5573 in

1674 5609 1896 5666 Christo
1929 5620 2179 5666 naturam
2218 5611 2462 5674 tradunt,
2503 5611 2645 5664 unde
2673 5620 2783 5663 tres
2808 5609 2966 5668 nobis
2994 5609 3252 5680 hyposta-

1676 5717 1764 5756 ses
1812 5701 2122 5758 divinitatis
2153 5701 2526 5772 deproment?
2574 5700 2848 5754 Habemus
2883 5701 3028 5754 enim
3075 5697 3260 5782 Patris.
