3912 6298
15 350 164 415 i253

1220 346 1316 404 DE
1355 345 1631 404 SECTIS.
1674 369 1739 380 -
1780 345 1937 403 ACT.
1982 345 2145 404 VIII.

3151 348 3288 412 12.54

15 466 130 536 ρῶς
156 461 282 518 εἷπε
314 462 446 533 μίαν
469 458 632 531 φύσιν
658 457 754 512 τοῦ
783 456 917 529 Θεοῦ
947 458 1121 525 Λόγου
1150 457 1600 527 σεσαρκωμένην.

1716 465 1938 510 sanctus
1973 456 2063 509 ille
2093 454 2334 526 Cyrillus
2365 470 2532 510 unam
2567 463 2826 511 naturam
2876 455 2971 510 Dei
3008 455 3293 513 Sermonis

15 559 167 628 Πρὸς
201 553 359 609 τοῦτο
385 552 617 623 λέγομεν
636 589 652 615 ,
685 550 766 603 ὅτι
788 546 1158 618 ὁμολογοῦμεν
1192 548 1283 599 τὸν
1310 548 1464 614 ἅγιον
1491 547 1606 600 Κύα-

15 649 207 721 ριλ).ον
265 645 423 699 τοῦτο
493 641 815 714 εἰρηκέναι’
876 640 994 694 ἀλλ’
1064 639 1220 692 οὐδὲν
1267 639 1608 693 ἐναντιοῦται

15 742 182 795 τοῦτο
223 739 302 810 τῷ
336 737 590 807 δόγματι.
637 735 713 788 Οὐ
759 733 868 804 γὰρ
904 728 1024 786 εἷπε
1054 731 1150 784 τοῦ
1189 731 1427 802 Χριστοῦ
1481 731 1608 803 μίαν

15 831 191 901 φύσιν
218 826 667 897 σεσαρκωμένην,
695 824 832 878 ἀλλά
871 822 1002 893 μίαν
1028 822 1191 892 φύσιν
1218 823 1311 875 τοῦ
1338 820 1474 875 Θεοῦ
1504 821 1609 874 Λό-

15 937 117 988 γου
163 915 634 989 σεσαρκωμένην,
682 914 784 983 τὴν
829 911 996 980 ἄλλην
1037 910 1202 980 φύσιν
1251 909 1449 980 δηλῶν.
1499 908 1610 962 Καὶ

15 1010 100 1061 ὅτι
123 1009 230 1078 τὴν
260 1005 430 1077 ἀλλην
451 1003 705 1075 βούλεται
733 999 977 1072 δηλῶσαι
1008 999 1194 1068 φύσιν,
1216 998 1297 1065 τῷ
1320 999 1496 1052 εἰπεῖν
1522 1013 1612 1050 σε-

15 1096 391 1170 σαρκωμὲνην
414 1113 429 1127 ·
469 1094 631 1166 δῆλον
677 1091 770 1159 ἀφ’
801 1084 877 1143 ὧν
921 1089 1114 1144 ἐαυτὸν
1154 1090 1509 1158 ἐπεξηγεῖται
1552 1089 1611 1142 ἐν

15 1192 81 1260 τῇ
120 1188 264 1259 πρὸς
293 1185 592 1240 Σούκενσον
618 1181 851 1252 δευτέρᾳ
886 1180 1145 1251 ἐπιστολῆ
1181 1180 1359 1248 λέγων
1379 1195 1393 1211 ’
1421 1180 1481 1232 Εἰ
1512 1179 1611 1249 μὲν

15 1282 130 1351 γὰρ
164 1280 296 1352 μίαν
325 1276 488 1348 φύσιν
515 1275 762 1338 εἰπόντες
792 1272 891 1326 τοῦ
916 1272 1053 1326 Θεοῦ
1083 1272 1283 1341 Λόγου,
1315 1272 1612 1341 σεσιγήκα-

15 1388 147 1442 μεν,
172 1371 277 1423 οὐκ
303 1368 691 1438 ἐπενεγκόντες
721 1365 802 1431 τὸ,
837 1364 1314 1433 σεσαρκωμένην
1335 1379 1350 1393 ·
1380 1363 1496 1417 ἀλλ’
1532 1358 1613 1426 οἷς

15 1466 126 1532 ἐξω
151 1465 344 1527 θέντες
380 1465 481 1533 τὴν
517 1459 831 1530 οἰκονομίαν
852 1498 870 1524 ,
894 1453 963 1527 ἦν
994 1459 1180 1519 αὐτοῖς
1208 1456 1352 1527 τάχα
1383 1472 1484 1508 που
1518 1455 1614 1508 καὶ

15 1558 122 1609 οὐκ
149 1553 423 1615 ἀπίθανος
458 1555 492 1605 ό.
513 1551 670 1620 λόγος
708 1547 1201 1621 προσποιουμένοις
1232 1547 1442 1617 ἐρωτᾷν
1463 1585 1477 1610 ,
1508 1545 1611 1598 ποῦ

15 1649 80 1702 τὸ
108 1649 322 1702 τέλειον
351 1648 412 1702 ἐν
441 1644 846 1716 ἀνθρωπότητι,
870 1642 902 1712 ἢ
929 1641 1047 1705 πῶς
1087 1640 1397 1710 ὑφέστηκεν
1431 1640 1465 1709 ἡ
1491 1636 1614 1690 καθ’

17 1739 171 1807 ἡμᾶς
195 1737 358 1790 οὐσία
376 1753 393 1803 ;
411 1735 627 1804 Ἐπειδὴ
651 1733 709 1787 δὲ
738 1732 835 1787 καὶ
856 1734 890 1802 ἡ
926 1733 983 1784 ἐν
1009 1730 1390 1801 ἀνθρωπότητι
1410 1727 1614 1781 τελειό-

1710 546 2052 600 inearnatam
2085 556 2275 615 aperte
2325 546 2546 601 dixerit.
2594 547 2675 601 Ad
2714 547 2820 601 hoc
2869 549 3287 616 respondemas,

1711 639 1871 693 fateri
1906 653 2010 692 nos
2065 638 2119 692 id
2170 654 2200 692 a
2241 648 2431 693 sancto
2460 637 2666 710 Cyrillo
2714 638 2920 693 dictum
2954 657 2967 692 :
2997 641 3095 694 sed
3145 640 3289 695 idem

1707 728 1847 782 nihil
1872 728 2098 782 omnino
2120 730 2408 783 sententize
2443 737 2645 783 nostra:
2680 729 2960 797 refragari.
2993 728 3109 784 Non
3142 730 3291 785 cnim

1708 819 1917 875 Christi
1940 831 2194 875 naturam
2223 837 2387 876 uuam
2420 822 2758 879 inearnatam
2791 821 2930 876 dixit
2953 862 2967 883 ,
2990 823 3086 876 sed
3127 839 3293 877 unam

1710 924 1967 971 naturam
1996 915 2094 970 Dei
2128 915 2412 971 Sermonis
2460 916 2837 982 incarnatam;
2869 914 3129 970 videlicet
3158 914 3294 967 alte-

1713 1022 1828 1060 ram
1859 1006 2008 1061 illam
2041 1017 2294 1062 naturam
2317 1008 2606 1080 den‘otans.
2633 1007 2697 1062 Et
2718 1007 2865 1076 quod
2890 1006 3116 1060 alteram
3143 1004 3290 1058 illam

1712 1095 2027 1165 signiﬁcare
2054 1097 2316 1164 voluerit,
2346 1097 2475 1152 dum
2502 1097 2838 1153 incantatam
2874 1097 2970 1162 ait,
2995 1096 3159 1150 exiis
3181 1111 3295 1150 ma-

1711 1185 1972 1240 nifestum
2006 1196 2090 1241 est
2116 1187 2320 1256 quibus
2378 1188 2618 1257 seipsum
2664 1188 2721 1241 in
2752 1185 2990 1242 secunda
3036 1183 3105 1238 ad
3152 1182 3294 1238 Suc-

1713 1289 1930 1329 cessum
1962 1277 2196 1346 epistola
2235 1277 2502 1342 declarat,
2533 1266 2792 1346 inquiens
2821 1294 2833 1329 :
2860 1274 3015 1341 Quod
3049 1275 3093 1329 si
3126 1289 3292 1328 unam

1714 1367 1812 1422 Dei
1866 1367 2154 1423 Sermonis
2214 1377 2467 1423 naturam
2513 1368 2761 1423 dicentes
2819 1366 3292 1425 obticuissemus.

1714 1473 1818 1513 nec
1873 1458 2104 1513 verbum
2167 1459 2344 1523 illud,
2402 1460 2774 1521 incantatam,
2822 1456 3293 1526 subjecisscmus,

1716 1549 1966 1619 adeoque
2001 1550 2468 1619 dispensationem
2493 1553 2668 1619 ipsam
2690 1550 2843 1604 velut
2872 1549 3251 1602 omisisscmus
3279 1562 3293 1599 :

1715 1640 1948 1696 fortasse
1989 1641 2291 1711 probabilis
2319 1634 2469 1698 esset
2519 1642 2762 1712 ipsorum
2806 1641 3017 1704 oratio,
3050 1651 3296 1708 quaerere

1718 1733 1786 1788 de
1817 1733 1982 1788 nobis
2010 1750 2120 1803 prae
2154 1749 2212 1789 se
2242 1735 2562 1796 ferentium,
2595 1732 2685 1788 ubi
2726 1734 2797 1787 sit
2828 1733 2917 1787 illa
2938 1732 3208 1802 perfectio
3241 1732 3295 1785 in

16 1846 145 1901 της,
179 1829 282 1883 καὶ
312 1829 412 1892 τῆς
442 1827 568 1882 καθ’
597 1827 746 1897 ἡμᾶς
789 1824 978 1887 οὐσίας
1023 1825 1057 1895 ἠ
1093 1823 1327 1893 δήλωσις
1365 1819 1612 1873 εἰσκεκό-

1716 1824 2054 1879 humanitate
2083 1865 2098 1890 ,
2158 1825 2247 1879 vel
2299 1825 2578 1895 quomodo
2627 1824 2939 1878 substantia
2992 1839 3155 1891 quam
3194 1836 3298 1875 nos

22 1938 223 1994 μισται
251 1921 341 1974 διά
369 1919 432 1973 τὸ
470 1918 653 1988 λέγειν
694 1915 1126 1987 σεσαρκωμένην
1148 1930 1162 1943 ο
1208 1908 1616 1966 παυσάσθωσαν

19 2013 345 2084 καλαμίνην
389 2010 584 2083 ῥάϐδον
621 2009 843 2070 ἑαυτοῖς
870 2005 1303 2075 ὑποστήσαντες.
1341 2001 1480 2062 Τοὺς
1507 1998 1616 2069 γὰρ

18 2105 399 2165 ἐκϐάλλοντας
419 2102 520 2171 τὴν
566 2096 880 2168 οἰκονομίαν
905 2138 922 2164 ,
968 2096 1064 2149 καὶ
1109 2091 1481 2163 ἀρνουμένους
1518 2089 1616 2159 τὴν

18 2197 335 2270 σάρκωσιν,
380 2188 450 2263 ἦν
495 2191 559 2245 τὸ
605 2186 959 2257 ἐγκαλεῖσθαι
989 2184 1242 2246 δικαίως,
1285 2179 1618 2251 ἀφαιρουμέ-

21 2305 154 2351 νους
210 2285 306 2338 τὸν
360 2283 492 2337 Υἰὸν
542 2281 644 2352 τῆς
695 2279 908 2339 τελείας
950 2276 1390 2347 ἀνθρωπότητος.
1441 2273 1504 2325 Εἰ
1560 2270 1617 2323 δὲ

22 2382 189 2451 ἔφην,
235 2381 295 2432 ἐν
322 2377 399 2448 τῷ
436 2372 821 2446 σεσαρκῶσθαι
853 2370 1036 2439 λέγειν
1072 2367 1255 2430 αὑτὸν,
1289 2366 1470 2435 σαφής
1501 2366 1617 2416 ἐστι

19 2473 123 2527 καὶ
149 2468 528 2541 ἀναμφίλογος
550 2469 583 2537 ή
611 2463 876 2534 ὁμολογία
899 2459 1018 2526 τοῦ,
1043 2461 1125 2514 ὅτι
1156 2459 1378 2529 γέγονεν
1405 2455 1618 2526 ἀνθρω-

23 2581 128 2628 πος
153 2580 168 2595 ο
206 2562 363 2615 οὐδὲν
386 2560 467 2613 ἔτι
511 2555 711 2612 κωλύει
762 2558 927 2619 νοεῖν,
975 2553 1052 2616 ὼς
1093 2547 1173 2614 εἷς
1214 2550 1477 2620 ὑπάρχων
1521 2546 1616 2601 καὶ

23 2655 194 2725 -μόνος
224 2651 254 2705 ὁ
297 2648 552 2721 Χριστὸς,
597 2644 759 2707 αὐτὸς
801 2644 933 2707 Θεός
980 2644 1096 2695 ἐστι
1142 2640 1238 2698 καὶ
1285 2639 1570 2709 ἄνθρωπος
1598 2652 1614 2666 ·

20 2743 221 2815 ὥσπερ
247 2745 309 2796 ἐν
331 2740 551 2809 ’θεότητι
574 2737 802 2815 τέλειος,
834 2732 978 2787 οὕτω
1005 2733 1101 2786 καὶ
1146 2733 1205 2784 ἐν
1231 2729 1328 2784 ἀνθ
1340 2730 1617 2799 ρωπότητι

26 2808 259 2895 τέλειος.
319 2808 620 2902 Ὀρθότατα
654 2808 732 2892 δέ,
763 2827 859 2881 καὶ
896 2826 1033 2880 πάνυ
1079 2823 1316 2886 συνετῶς
1360 2823 1393 2894 ἡ
1430 2820 1497 2894 σὴ
1523 2839 1614 2876 τε·

27 2928 245 2998 λειότης
268 2925 362 2979 τὸν
397 2922 526 2995 περὶ
551 2919 650 2974 τοῦ
679 2918 949 2991 σωτηρίου
979 2916 1189 2979 πάθους
1227 2914 1499 2968 ἐκτίθεται
1525 2914 1614 2967 λόο

28 3038 151 3090 γον,
182 3019 291 3072 οὐκ
337 3014 498 3068 αὐτὸν
543 3012 637 3067 τὸν
686 3010 951 3082 μονογενῆ
990 3008 1119 3062 Υἰὸν
1145 3004 1243 3059 τοῦ
1274 3004 1433 3070 Θεοῦ,
1478 3004 1618 3059 καθὸ

29 3114 236 3165 νοεῖται
276 3107 376 3162 καὶ
407 3106 523 3158 ἐστι
545 3102 700 3166 Θεὸς,
743 3099 935 3155 παθεῖν
961 3099 1039 3162 εἰς
1064 3097 1205 3152 ἰδίαν
1232 3096 1393 3164 φύσιν
1418 3096 1487 3149 τὰ
1520 3094 1613 3149 τοῦ

1718 1915 2003 1981 tradimus,
2041 1916 2351 1970 subsistat?
2382 1915 2489 1970 Sed
2534 1917 2795 1985 quoniam
2837 1923 2892 1969 et
2934 1916 3052 1983 ipsa
3096 1915 3150 1966 in
3193 1914 3296 1966 hu-

1716 2006 1980 2061 manitate
2009 2006 2298 2076 perfectio,
2331 2015 2387 2061 et
2413 2006 2735 2061 substantiae
2761 2021 2924 2076 quam
2966 2020 3067 2061 nos
3122 2004 3295 2058 tradi-

1716 2110 1861 2160 mus,
1910 2096 2248 2166 signiiicatio
2297 2112 2398 2167 per
2429 2097 2660 2151 verbum
2710 2097 2854 2150 istud
2880 2136 2894 2161 ,
2928 2098 3292 2159 incarnatam,

1715 2187 2119 2256 comprehensa
2153 2197 2239 2242 est
2275 2229 2289 2252 ,
2329 2188 2491 2242 inniti
2561 2188 2871 2243 arundineo
2908 2188 3103 2242 baculo
3145 2188 3294 2242 desi-

1715 2286 1869 2331 nant.
1903 2278 2038 2332 Nam
2068 2278 2541 2348 dispensationem
2573 2281 2912 2351 rejicientes,
2946 2289 3003 2335 et
3035 2280 3295 2334 incarna-

1714 2366 1923 2421 tionem
1948 2377 2228 2438 negantes,
2261 2370 2457 2423 merito
2491 2384 2920 2436 accusaremur;
2956 2386 3057 2425 ceu
3089 2371 3291 2425 Filium

1716 2458 1960 2529 perfecta
1992 2460 2334 2515 humanitate
2387 2462 2707 2530 spoliantes.
2742 2462 2812 2516 At
2841 2477 2974 2518 vero
3010 2466 3056 2517 si
3091 2464 3294 2528 dicam,

1715 2549 1771 2603 in
1802 2565 1870 2605 eo
1923 2551 2071 2621 quod
2115 2552 2294 2637 ipsum
2344 2554 2689 2608 incarnatum
2742 2556 2893 2623 dixi,
2942 2558 3294 2627 perspicuam

1715 2640 2055 2711 minimeque
2114 2644 2426 2714 ambiguam
2479 2659 2602 2699 esse
2650 2644 3097 2712 confessionem,
3145 2644 3294 2715 quod

1715 2730 1881 2785 homo
1913 2734 2090 2786 factus
2115 2733 2185 2787 sit
2215 2774 2229 2798 ,
2258 2733 2395 2787 nihil
2448 2742 2532 2789 est
2581 2736 2847 2806 amplius,
2875 2736 3022 2806 quod
3051 2737 3295 2807 cogitare

1716 2827 1885 2889 vetet,
1933 2820 2216 2877 Christum
2238 2839 2412 2878 unum
2437 2833 2493 2879 et
2522 2827 2767 2894 unicum,
2800 2827 3008 2896 pariter
3037 2836 3093 2882 et
3120 2828 3293 2882 Deum

1715 2921 1772 2968 et
1809 2912 2089 2969 hominem
2129 2930 2290 2969 esse:
2328 2924 2389 2969 ut
2422 2916 2729 2985 perfectum
2761 2918 2814 2971 in
2855 2918 3143 2973 divinitate
3167 2960 3181 2983 ,
3215 2920 3296 2973 sic

1716 3002 1883 3057 etiam
1915 3003 2221 3074 perfectum
2258 3005 2314 3060 in
2342 3005 2709 3061 humanitate.
2762 3008 3090 3063 Rectissime
3136 3024 3293 3073 vero,

1717 3102 1773 3150 et
1824 3096 2119 3150 admodum
2156 3096 2375 3151 erudite
2406 3097 2673 3166 perfectio
2726 3105 2818 3152 tua
2865 3098 3175 3154 doctrinam
3225 3100 3293 3155 de

32 3202 296 3271 σώματος
340 3190 822 3265 διισχυριζομένηο
865 3188 1062 3242 παθεῖν
1104 3187 1161 3240 δὲ
1204 3185 1367 3238 αὑτὸν
1414 3185 1614 3255 μᾶλλον

1717 3187 1971 3256 passione
1998 3188 2225 3243 salutari
2251 3190 2497 3258 exponit,
2523 3204 2648 3243 eum
2667 3205 2776 3244 non
2801 3191 2977 3260 ipsum
2998 3191 3292 3262 unigenam

29 3294 97 3363 τῇ
126 3290 289 3360 χοῖκῇ
320 3285 499 3356 φύσει.
531 3282 679 3336 Ἔδει
706 3282 837 3352 γὰρ,
868 3278 975 3333 ἔδει
1000 3276 1186 3347 σαφῶς
1206 3275 1492 3346 ἀμφότερα
1515 3274 1619 3327 σώ-

34 3380 225 3445 ζεσθαι
267 3376 350 3446 τῷ
394 3374 474 3428 ἐνὶ
500 3374 618 3427 κατ’
660 3370 922 3442 ἀλήθειαν
954 3367 1091 3438 Υίῷ,
1127 3364 1318 3420 καὶτὸ
1383 3364 1459 3435 μὴ
1513 3364 1619 3418 πά-

34 3487 186 3542 σχειν
235 3466 457 3531 θεῖκῶς,
490 3465 585 3518 καὶ
620 3464 681 3516 τὸ
710 3460 964 3530 λέγεσθαι
997 3457 1190 3513 παθεῖν
1222 3455 1612 3529 ἀνθρωπίνως’

35 3564 69 3633 ἡ
100 3559 268 3615 αὑτοῦ
297 3557 408 3627 γὰρ
431 3554 665 3609 πέπονθε
697 3552 856 3623 σάρξ.

1713 3278 1812 3333 Dei
1840 3279 2061 3345 Filium,
2100 3287 2376 3351 quatenus
2405 3279 2732 3350 intelligitur
2757 3289 2815 3336 et
2858 3290 2945 3336 est
2976 3282 3140 3348 Deus,
3168 3298 3292 3352 pus-

1715 3386 1836 3426 sum
1868 3371 1925 3425 in
1965 3380 2159 3427 natura
2199 3389 2319 3439 sua,
2361 3389 2484 3444 qua:
2515 3372 2722 3427 cadunt
2755 3373 2811 3427 in
2854 3389 3087 3444 corpus,
3151 3374 3296 3429 alIir-

1717 3476 1836 3516 mas
1858 3479 1871 3515 :
1891 3464 1986 3518 sed
2011 3464 2198 3534 potius
2227 3480 2354 3519 eum
2386 3473 2582 3519 natura
2613 3474 2826 3521 terrena
2854 3482 3096 3536 passum.
3124 3466 3297 3538 Opor-

1721 3554 1870 3609 t’ebat
1894 3556 2065 3620 enim,
2100 3557 2392 3627 oportebat
2423 3566 2659 3626 utraque
2690 3558 2982 3615 manifesto
3000 3559 3147 3614 salva
3174 3575 3296 3615 esse

37 3657 134 3712 uni
172 3668 371 3723 reapse
403 3650 578 3715 Filio;
612 3659 727 3704 tum
776 3655 839 3701 ut
889 3642 1198 3701 divinitatis
1221 3653 1476 3714 respectu
1508 3658 1620 3699 non
1654 3657 1960 3717 pateretur,
1988 3659 2103 3705 tum
2161 3663 2222 3705 ut
2269 3650 2593 3706 humanitus
2615 3666 2736 3709 esse
2765 3669 2962 3723 passus
2984 3655 3293 3710 diceretur:

36 3749 242 3819 quippe
274 3759 408 3801 caro
442 3742 615 3812 ipsius
652 3754 811 3810 passa
841 3738 963 3793 fuit.

119 3840 322 3895 ’ἰστέον
346 3836 422 3898 δὲ,
454 3835 535 3887 ὅτι
572 3830 788 3903 πρῶτος
822 3830 881 3884 ἐν
913 3825 1211 3900 όρθοδόξοις
1239 3825 1322 3891 τὸ,
1355 3826 1484 3897 μίαν
1517 3827 1620 3897 φύ-

38 3902 145 3984 σινί
160 3928 258 3982 τοῦ
304 3925 440 3980 Θεοῦ
486 3902 659 3991 Λόγου
720 3919 1164 3994 σεσαρκωμένην,
1215 3913 1367 3970 εἶπεν
1396 3918 1425 3970 δ
1467 3916 1621 3985 ἀγιος

36 4018 331 4092 Κύριλλος.
369 4014 456 4068 Ἐν
489 4011 787 4085 όρθοδόξοις
807 4012 865 4064 δὲ
898 4011 1145 4079 είπομεν,
1179 4007 1364 4079 ἐπειδὴ
1399 4012 1427 4061 ό
1464 4009 1623 4061 Ἀπο-

36 4109 284 4180 λινάριος
308 4103 576 4166 πολλάκις
603 4103 757 4170 ἔλεγε
783 4099 940 4153 τοῦτο
967 4116 981 4130 ο
1014 4097 1137 4152 ὅθεν
1168 4098 1262 4151 κα)⁵
1301 4096 1560 4169 ἐνομίσθη
1593 4099 1622 4151 ό

39 4202 198 4269 ἆγιος
236 4195 505 4266 Κύριλλος
540 4193 689 4263 παρὰ
730 4192 839 4244 τῶν
860 4189 1223 4243 Ἀνατολικῶν
1280 4189 1620 4260 ’Λπολιναρι-

39 4291 171 4361 στὴς
201 4284 366 4351 εἶναι,
391 4286 492 4339 οὐκ
510 4280 578 4356 ἦν
603 4284 679 4338 δέ.
704 4283 840 4336 Οὐδὲ
869 4283 979 4354 γὰρ
1007 4282 1127 4336 δέον
1154 4282 1272 4334 ἐστὶ
1296 4281 1495 4346 πάντα,
1517 4285 1621 4337 ὅσα

37 4380 294 4447 λέγουσιν
318 4378 365 4430 οἰ
394 4375 682 4446 αἱρετικοὶ,
719 4374 936 4436 πάντως
984 4374 1058 4444 μὴ
1104 4371 1355 4442 δέχεσθαι
1390 4389 1402 4403 ·
1444 4373 1516 4427 τὰ
1562 4373 1619 4427 δὲ

1791 3827 1881 3882 Ill.
1913 3826 2212 3883 Sciendum
2263 3836 2447 3884 autem
2495 3828 2732 3899 primum
2785 3828 2931 3883 inter
2958 3829 3300 3890 orthodoxos

1721 3915 1987 3988 Cyrillum
2013 3919 2310 3988 protulisse
2344 3918 2576 3974 verbum
2627 3920 2799 3975 illud:
2834 3937 2999 3976 unam
3040 3931 3298 3981 naturam

1721 4007 1820 4063 Dei
1863 4007 2147 4065 Sermonis
2190 4011 2551 4067 incarnatam.
2599 4011 2752 4067 inter
2795 4012 3133 4071 orthodoxos
3162 4016 3300 4073 dici-

1721 4114 1845 4154 mus
1906 4101 2167 4172 quoniam
2203 4101 2403 4173 saepius
2462 4102 2571 4156 hoc
2609 4102 2923 4172 Apolinaris
2975 4106 3296 4175 repetebat;

1722 4191 1868 4245 unde
1894 4190 2125 4257 factum,
2162 4199 2222 4245 ut
2255 4199 2478 4246 sanctus
2504 4190 2744 4263 Cyrillus
2775 4207 2874 4262 pro
2927 4193 3298 4262 Apolinarista

1722 4281 1796 4336 sit
1828 4281 2052 4337 habitus
2083 4282 2152 4337 ab
2186 4282 2599 4347 Orientalibus,
2658 4298 2784 4339 cum
2836 4282 2961 4339 talis
2985 4300 3098 4339 non
3127 4295 3295 4340 esset.

1719 4371 1834 4428 Nec
1865 4371 2015 4427 enim
2053 4389 2279 4429 necesse
2316 4383 2400 4428 est
2439 4375 2621 4429 omnia
2646 4415 2662 4441 ,
2710 4391 3057 4446 quzecunque
3105 4375 3299 4432 dicunt

40 4473 187 4527 κακά
241 4467 672 4525 ἀποϐάλλεσθαι.
734 4465 1124 4537 Παραφέρουσι
1174 4467 1231 4518 δὲ
1292 4467 1386 4521 καὶ
1425 4467 1614 4539 ἑτέραν

1725 4462 1992 4530 haeretici,
2019 4464 2247 4519 omnino
2278 4480 2390 4519 non
2424 4465 2677 4533 admitti;
2712 4467 2854 4523 mala
2882 4466 3108 4536 quidem
3144 4468 3297 4540 rejici

39 4565 241 4633 χρῆσιν
280 4562 357 4625 ὡς
394 4560 501 4614 ἀπὸ
533 4559 630 4613 τοῦ
666 4558 939 4630 μακαρίου
982 4558 1226 4621 Ἰουλίου,
1258 4559 1518 4631 κειμένην
1557 4562 1613 4613 ἐν

37 4654 104 4722 τῇ
136 4652 272 4724 πρὸς
304 4649 582 4705 Διονύσιον
606 4651 698 4704 τὸν
726 4647 989 4720 Κορίνθου
1015 4649 1311 4702 ἐπίσκοπον
1332 4649 1610 4722 ἐπιστολῇ,
1652 4696 1657 4701 .

37 4739 104 4815 ἦς
140 4747 175 4816 ἡ
199 4744 364 4815 ἁρχὴ,
393 4740 673 4813 Θαυμάζω
721 4740 1174 4809 πυνθανόμενος
1224 4740 1362 4806 περί
1414 4757 1610 4797 τινων.

39 4837 147 4890 Καὶ
172 4836 319 4889 εστιν
354 4838 390 4906 ή
422 4836 613 4906 χρῆσις
650 4832 876 4903 τοιαύτη
903 4849 916 4863 ⁸
964 4832 1206 4902 Ἀνάγκη
1228 4832 1358 4901 γάρ,
1399 4831 1493 4885 δύο
1521 4831 1612 4885 λέ-

36 4942 238 5000 γοντας
285 4927 484 4989 αὐτοὺς
531 4926 745 4995 φύσεις,
780 4925 879 4997 τὴν
911 4924 1007 4995 μὲν
1043 4926 1390 4996 προσκυνεῖν,
1425 4924 1523 4995 τὴν
1556 4925 1612 4978 δὲ

42 5020 118 5091 μὴ
153 5021 481 5091 προσκυνεῖν
511 5035 524 5048 °
552 5018 646 5073 καὶ
677 5020 756 5083 εἰς
799 5017 898 5088 μὲν
934 5016 1083 5071 θείαν
1115 5016 1496 5088 βαπτίζεσθαι,
1531 5020 1611 5080 εἰς

36 5110 93 5162 δὲ
132 5109 231 5179 τὴν
278 5108 629 5179 ἀνθρωπίνην
674 5108 750 5178 μὴ
796 5107 1158 5177 βαπτίζεσθαι
1188 5124 1202 5136 ’
1244 5107 1337 5161 καὶ
1363 5106 1525 5177 ἕτερα
1555 5107 1612 5161 δὲ

37 5200 207 5256 πολλὰ
237 5203 413 5255 κεῖται
442 5204 499 5254 ἐν
530 5202 597 5271 τῇ
629 5199 884 5270 ἐπιστολῇ
913 5198 1122 5270 ταύτῃ.
1176 5199 1366 5268 Ἡμεῖς
1407 5201 1461 5253 δέ
1502 5199 1611 5252 ἀπὸ

38 5290 246 5344 πολλῶν
274 5291 644 5362 διελέγχομεν,
672 5290 749 5361 μὴ
786 5285 927 5343 εἶναι
965 5292 1063 5359 τὴν
1094 5290 1380 5360 ἐπιστολὴν
1410 5290 1609 5360 ταύτην

35 5382 128 5435 τοῦ
159 5382 431 5454 μακαρίου
474 5382 715 5444 Ἰουλίου,
742 5381 881 5436 ἀλλὰ
906 5379 1000 5433 τοῦ
1028 5380 1424 5451 Ἀπολιναρίου.
1447 5381 1608 5449 Πρῶ-

35 5487 124 5524 τον
149 5472 271 5541 μὲν,
306 5472 387 5525 ὅτι
419 5473 470 5526 εί
499 5490 581 5536 τις
606 5471 849 5543 ἀκριϐῶς
880 5472 1165 5541 σκοπήσοι,
1203 5470 1354 5522 οὐδὲν
1384 5472 1608 5541 φέρεται

36 5559 129 5612 τοῦ
160 5562 436 5633 μακαρίου
482 5560 727 5615 Ἰουλίου.
775 5562 937 5614 Ἀλλὰ
975 5564 1071 5614 καὶ
1105 5562 1160 5613 αἰ
1203 5559 1343 5613 ἑπτά
1390 5563 1607 5614 ἐπιστο-

36 5644 144 5716 λαὶ,
170 5649 237 5713 ἃς
264 5649 515 5718 λέγουσιν
556 5650 694 5705 εἶναι
726 5653 912 5717 αὐτοῦ,
955 5651 1045 5704 τοῦ
1101 5651 1476 5722 Ἀπολιναρίου
1529 5655 1607 5706 εἰ-

42 5738 143 5797 σίν.
182 5742 430 5814 Ἔπειτα,
459 5749 535 5800 ὅτι
571 5744 833 5817 μνησθεὶς
867 5747 923 5798 ἐν
949 5744 1083 5815 αὐτῇ
1112 5747 1175 5815 τῇ
1209 5745 1461 5816 ἐπιστολῇ
1496 5745 1603 5798 σώ-

1722 4549 1947 4606 dehent.
1973 4552 2223 4608 Afferunt
2242 4553 2391 4609 aliud
2414 4570 2633 4624 quoque
2647 4553 2880 4622 dictum,
2906 4554 3058 4610 velut
3083 4571 3116 4609 a
3136 4555 3298 4611 beato

1720 4641 1867 4697 Julio
1882 4640 2211 4712 profectum,
2239 4643 2386 4715 quod
2411 4646 2641 4700 exsistat
2663 4645 2721 4699 in
2746 4645 2983 4716 epistola
3002 4646 3204 4716 scripta
3226 4647 3295 4703 ad
3335 4641 3341 4649 ’

1719 4732 2041 4805 Dionysium
2070 4734 2323 4790 Corinthi
2353 4737 2693 4807 episcopum,
2724 4739 2883 4808 cujus
2913 4737 3130 4793 initium
3164 4749 3248 4794 est
3277 4757 3292 4794 :

1718 4824 1885 4879 Miror
1909 4826 1971 4879 de
1995 4826 2312 4896 quibusdam
2351 4827 2593 4882 audiens.
2626 4828 2833 4898 Estque
2865 4828 3072 4883 dictum
3102 4828 3295 4899 hujus-

1718 4917 1932 4972 cemodi
1964 4934 1977 4972 :
2006 4918 2241 4973 Necesse
2263 4926 2348 4972 est
2366 4934 2483 4987 eos,
2512 4934 2638 4974 cum
2668 4919 2806 4974 duas
2824 4928 3053 4975 naturas
3079 4919 3290 4986 dicunt,

1717 5023 1882 5063 unam
1914 5008 2146 5063 adorare
2167 5050 2182 5074 ,
2238 5008 2467 5062 alteram
2495 5025 2607 5063 non
2640 5008 2875 5064 adorare
2901 5026 2915 5077 ;
2965 5024 3029 5064 ac
3063 5011 3117 5063 in
3146 5010 3292 5065 divi-

1716 5119 1842 5157 nam
1872 5103 2095 5173 quidem
2125 5102 2419 5173 baptizari,
2447 5110 2505 5158 at
2549 5104 2608 5158 in
2641 5103 2939 5159 humanam
2967 5119 3080 5158 non
3111 5104 3290 5173 bapti-

1715 5192 1829 5247 zari
1858 5211 1872 5246 :
1902 5191 2119 5261 aliaque
2169 5192 2328 5262 plura
2372 5191 2562 5247 isthrec
2600 5191 2832 5261 epistola
2882 5193 3148 5248 continet.
3181 5192 3289 5248 Sed

1715 5300 1817 5339 nos
1842 5283 2181 5354 argumentis
2210 5281 2467 5352 pluribus
2496 5281 2882 5337 convincimus
2903 5323 2917 5349 ,
2978 5298 3090 5337 non
3138 5283 3288 5338 illam

1712 5376 2002 5448 epistolam
2047 5389 2169 5429 esse
2220 5374 2370 5429 beati
2430 5373 2580 5428 illius
2614 5373 2789 5439 Julii,
2826 5373 2922 5429 sed
2952 5373 3284 5443 Apolinaris.

1712 5468 1958 5522 Primum
1989 5482 2056 5523 ex
2090 5482 2158 5522 eo
2204 5466 2352 5537 quod
2389 5466 2434 5521 si
2480 5465 2605 5537 quis
2636 5481 2756 5521 eam
2785 5465 3066 5521 subtiliter
3098 5465 3286 5520 consi-

1711 5559 1902 5620 deret.
1928 5559 2069 5613 nihil
2095 5558 2316 5614 Iuliano
2345 5559 2571 5631 dignum
2616 5558 2840 5613 nomine
2871 5556 3074 5612 haheat
3104 5574 3117 5610 :
3151 5556 3285 5626 quin

1709 5665 1765 5710 et
1784 5664 1997 5726 septem
2020 5655 2126 5711 illae
2155 5655 2402 5725 epistola:
2424 5670 2562 5725 quas
2586 5656 2707 5726 ejus
2729 5669 2851 5710 esse
2873 5652 3087 5717 dicunt,
3136 5652 3287 5720 Apo-

1709 5746 1901 5801 liuaris
1940 5756 2086 5804 sunt.
2119 5747 2349 5815 Deinde,
2398 5748 2544 5818 quod
2579 5748 2636 5804 in
2670 5746 2861 5804 eadem
2895 5744 3132 5817 epistola
3157 5758 3283 5800 cor»
