3912 6298
172 231 306 296 1267

1394 236 1490 295 DE
1530 235 1810 296 SECTIS.
1854 259 1920 271 —
1958 236 2119 296 ACT.
2160 237 2263 296 ιχ.
2342 223 2351 231 ’

3293 238 3428 304 1253

164 348 372 421 ἢγαγεν
411 346 581 418 αὐτὴν
621 349 649 400 6
676 345 948 417 μακάριος
977 345 1244 418 Κύριλλος
1273 348 1416 400 κατὰ
1443 346 1742 419 Θεοδώρου,

1851 348 1999 420 quod
2026 348 2223 405 beatus
2256 349 2493 421 Cyrillus
2527 349 2662 405 illud
2692 361 2881 406 contra
2928 350 3282 408 Theodorum
3317 370 3426 409 non

167 440 258 494 καὶ
296 437 547 492 ἐντεῦθεν
571 438 748 508 δῆλον.
779 435 1124 508 Θεοδώρητος
1152 437 1260 510 γὰρ
1290 437 1433 509 ὑπὲρ
1464 439 1740 510 Θεοδώρου

164 532 360 603 λέγων,
402 530 725 602 ἀνατρέπων
754 531 935 591 πάσας
978 528 1078 593 τὰς
1125 530 1370 601 χρήσεις,
1422 531 1553 594 ὅσας
1600 547 1742 601 παρ-

167 626 342 697 ήγαγε
366 624 484 679 κάτ’
517 624 682 678 αὐτοῦ
710 627 738 678 6
760 623 916 691 ἅγιος
942 623 1211 695 Κύριλλος
1260 624 1369 678 άπδ
1410 625 1521 677 τῶν
1571 626 1744 694 ἁγίων

165 718 445 789 Πατέρων,
471 716 709 788 οὐδαμοῦ
743 716 945 787 ταύτης
986 720 1085 786 τῆς
1136 718 1389 788 χρήσεως
1447 718 1742 789 μέμνηται.

177 809 336 862 Ἀλλὰ
368 810 586 877 λέγουσι
631 808 767 878 πρὸς
809 807 992 874 τοῦτο,
1051 808 1137 862 ὅτι
1192 809 1522 880 κακούργως
1574 809 1744 880 αὐτὴν

164 902 458 975 παρεξασεν
505 905 533 955 6
558 902 905 973 Θεοδώρητος
931 917 945 932 '
984 903 1058 973 μὴ
1114 901 1410 971 δυνάμενος
1459 904 1569 973 γάρ
1609 901 1745 971 πρὸς

162 996 332 1067 αὐτὴν
358 994 706 1065 ἀντιβλέψαι,
738 995 815 1058 ὡς
842 996 984 1049 πάνυ
1018 995 1283 1067 φανεράν,
1315 993 1459 1049 ἑκὼν
1497 994 1749 1065 παρέλει-

163 1106 263 1141 πεν
293 1089 485 1159 αὐτήν.
525 1087 668 1158 Πρὸς
713 1088 874 1142 τοῦτο
924 1088 1180 1159 λέγομεν,
1232 1088 1316 1141 ὅτι
1370 1087 1625 1140 τοσοῦτον
1681 1086 1744 1140 ού

164 1181 521 1251 παρέδραμεν
550 1181 723 1250 αὐτὴν
756 1180 1018 1250 κειμένην
1054 1182 1192 1246 ἐκεῖ,
1231 1181 1315 1233 ὅτι
1340 1179 1435 1232 τοῦ
1470 1180 1744 1251 μακαρίου

163 1271 436 1343 Κυρίλλου
471 1274 529 1326 ὲν
561 1271 741 1335 ἄλλοις
775 1272 1250 1343 είρηκότος,Ἀλλά
1290 1273 1417 1343 μίαν
1450 1271 1614 1341 φύσιν
1651 1270 1744 1325 τοῦ

164 1364 301 1418 Θεοῦ
322 1366 501 1434 Λόγου
530 1367 955 1437 σεσαρκωμένην
977 1407 994 1432 ,
1023 1368 1071 1419 εἰ
1103 1365 1219 1437 ᾔδει
1256 1367 1356 1435 τὴν
1389 1366 1584 1436 χρῆσιν
1612 1364 1747 1418 ταύ-

162 1476 262 1530 την
298 1459 559 1531 κειμένην
591 1460 743 1529 παρά
790 1459 866 1531 τῷ
910 1460 1162 1529 μακαρίῳ
1206 1458 1482 1530 Κυρίλλῳ,
1518 1460 1593 1522 ὡς
1638 1459 1747 1513 ἀπὺ

161 1552 256 1607 τοῦ
290 1554 449 1621 ἁγίου
491 1552 813 1606 Ἀθανασίου
852 1552 1297 1623 προενεχθεῖσαν,
1327 1546 1428 1605 οὐκ
1477 1552 1544 1603 ἂν
1576 1550 1747 1614 οὕτως

160 1647 391 1718 ἀμαθῶς
420 1647 647 1718 ἔμελλεν
682 1647 858 1700 εἰπεῖν
883 1661 897 1676 ’
931 1646 1027 1709 Τίς
1058 1663 1140 1699 σοι
1164 1645 1273 1698 τῶν
1312 1645 1572 1714 Πατέρων
1622 1639 1744 1697 εἷπε

1847 439 2211 510 produxerit,
2242 456 2311 495 ex
2356 455 2425 496 eo
2456 456 2676 511 quoque
2729 441 3081 497 manifestum
3131 443 3424 498 est..£\'ain

1847 530 2235 587 Theodoretus
2262 530 2357 602 qui
2378 531 2729 588 Theodorum
2760 533 3113 600 defendebat,
3139 534 3428 590 universas

1846 624 2205 679 auctoritates
2236 624 2514 688 refutans,
2549 640 2908 695 quascunque
2935 635 3161 682 sanctus
3189 625 3426 698 Cyrillus

1846 722 2041 769 contra
2071 714 2426 770 Theodorum
2473 716 2542 770 de
2570 716 2779 771 sanctis
2807 717 3059 772 Patribus
3085 718 3388 788 protulerat
3410 758 3426 782 ,

1845 821 2117 876 nusquam
2144 807 2313 878 hujus
2328 807 2466 863 dicti
2493 809 2767 864 meminit.
2789 808 2860 864 At
2877 809 3024 864 enim
3043 810 3132 865 isti
3159 810 3424 874 referunt,

1847 912 1878 952 a
1908 897 2261 955 Theodoreto
2286 900 2483 956 callide
2508 901 2797 955 omissum.
2828 900 2983 967 Quod
3006 902 3153 957 enim
3181 902 3428 957 adversis

1845 1004 1967 1044 eam
1997 991 2387 1046 auctoritatem
2415 992 2593 1047 oculis
2626 993 2873 1062 aspicere
2922 1008 3031 1048 non
3085 1004 3313 1064 posset,
3368 1005 3429 1049 ut

1847 1080 2142 1141 admodum
2175 1083 2396 1151 planam
2446 1094 2502 1138 et
2542 1094 2785 1154 apertam
2810 1126 2824 1146 ,
2857 1084 3066 1139 idcirco
3110 1097 3308 1156 sponte
3357 1089 3428 1142 ab

1847 1173 1967 1244 ipso
2000 1175 2447 1243 prastermissam.
2481 1176 2935 1246 Respondemus,
2978 1185 3187 1232 tantum
3234 1180 3428 1233 abesse

1848 1274 1910 1319 ut
1931 1280 2051 1320 eam
2077 1265 2459 1321 Theodoretus
2482 1266 2557 1320 ibi
2584 1250 2815 1336 positam
2842 1269 3125 1338 prmtcrire
3158 1271 3391 1325 voluerit
3411 1312 3425 1333 ,

1848 1365 1910 1412 ut
1930 1373 2054 1413 cum
2080 1357 2280 1413 beatus
2312 1357 2402 1411 ille
2425 1356 2666 1428 Cyrillus
2687 1358 2821 1413 alibi
2852 1358 3108 1427 dixisset,
3136 1360 3312 1416 Unam
3335 1379 3430 1417 na-

1850 1458 2025 1505 turam
2057 1451 2155 1505 Dei
2196 1451 2479 1506 Sermonis
2504 1451 2843 1507 incarnatam
2867 1494 2881 1518 ,
2917 1455 2962 1509 si
2993 1455 3215 1524 quidem
3244 1456 3434 1513 scivis-

1847 1551 1939 1597 set
1965 1542 2351 1598 Theodorctus
2381 1543 2437 1597 id
2476 1544 2710 1599 verbum
2764 1546 2912 1615 quod
2973 1548 3120 1617 apud
3165 1547 3430 1621 Cyrillum

1849 1628 2055 1699 exstat,
2087 1653 2154 1691 ex
2196 1646 2386 1693 sancto
2414 1638 2717 1695 Athanasio
2762 1639 2989 1696 citatum
3015 1682 3030 1708 ,
3082 1658 3430 1714 nequaquam

165 1741 296 1812 μίαν
324 1740 488 1811 φύσιν
515 1738 611 1793 τοῦ
657 1739 791 1793 Θεοῦ
825 1739 1000 1807 Λόγου
1057 1737 1482 1808 σεοαρκωμένην
1511 1754 1526 1804 ;
1588 1735 1744 1789 Ἀλλὰ

1850 1728 1986 1784 adeo
2009 1737 2215 1784 temere
2238 1729 2492 1804 dicturus
2525 1730 2696 1785 fuerit
2717 1749 2731 1785 :
2749 1732 2886 1798 Quis
2906 1734 3005 1789 tibi
3034 1735 3260 1791 Patrum
3293 1737 3433 1792 dixit

160 1835 377 1903 λέγουσι
406 1834 590 1897 πάλιν,
618 1835 701 1887 ὅτι
741 1832 995 1885 τοσοῦτον
1042 1830 1164 1903 ᾔδει
1224 1830 1394 1902 αὐτὴν
1443 1828 1743 1901 εἰρημένην

159 1924 239 1995 τῷ
274 1926 414 1995 ἁγίῳ
452 1925 775 1994 Ἀθανασίῳ,
808 1925 889 1977 ὅτι
924 1919 1077 1976 εἶπεν
1111 1939 1124 1953 ο
1178 1923 1265 1984 Ὡς
1314 1925 1360 1975 οἱ
1395 1923 1636 1993 Πατέρες
1668 1923 1747 1974 εί-

163 2018 390 2088 ρήκασι.
432 2015 575 2085 Πρὸς
615 2014 776 2066 τοῦτο
799 2012 1052 2082 λέγομεν,
1078 2012 1161 2065 ὅτι
1199 2011 1428 2076 ἕκαστος
1459 2012 1677 2065 σπεύδει
1709 2011 1746 2066 ἃ

160 2111 310 2177 λέγει
367 2107 539 2172 δεῖξαι
585 2108 712 2169 τοὺς
755 2106 1009 2176 Πατέρας
1060 2103 1374 2173 εἰρηκότας.
1428 2104 1479 2157 εί
1532 2105 1626 2159 καὶ
1668 2106 1743 2174 μὴ

161 2201 466 2264 αὐτολεξεὶ,
497 2199 634 2252 ἀλλὰ
664 2198 913 2268 δυνάμει.
949 2196 1338 2268 Παραφέρουσι
1371 2196 1428 2248 δὲ
1452 2196 1545 2249 καὶ
1575 2194 1747 2266 ἄλλην

160 2294 359 2360 χρῆσιν
388 2288 495 2342 ἀπὸ
535 2287 832 2359 Ἐρεχθίου,
879 2288 1027 2349 ὅστις
1075 2286 1332 2339 οὐδέποτε
1379 2284 1622 2357 ἠκούσθη
1664 2287 1746 2348 είς

161 2384 440 2453 Πατέρας,
492 2380 588 2433 καὶ
640 2378 917 2444 τοσοῦτον,
971 2378 1054 2432 ὅτι
1116 2376 1383 2447 Τιμοθέου
1435 2376 1744 2446 γράψαντος

161 2476 307 2529 κατὰ
337 2474 440 2541 τῆς
478 2471 723 2535 συνόδου,
782 2470 878 2523 καί⁵
930 2467 1347 2539 παραγαγόντος
1392 2471 1590 2538 χρῆσιν
1636 2466 1745 2519 ἀπὸ

173 2564 486 2635 Ἐρεχθίου,
538 2560 720 2631 Κύρος
772 2560 802 2611 6
845 2560 1041 2618 οἰκεῖος
1101 2556 1478 2628 πρεσϐύτερος
1538 2555 1743 2626 ἔγραψε

159 2658 297 2727 πρὸς
325 2657 512 2717 αὐτῐν,
538 2655 622 2707 ὅτι
657 2650 885 2706 Ἤθελόν
914 2667 972 2704 σε
1019 2648 1420 2719 διορθώσασθαι
1455 2647 1632 2703 τοῦτο.
1687 2648 1746 2703 ’0

157 2751 267 2820 γὰρ
325 2747 600 2819 Ἐρέχθιος
653 2744 907 2800 οὐδέποτε
948 2741 1192 2815 ἠκούσθη
1232 2742 1311 2807 εἰς
1339 2741 1611 2814 Ματέρας.
1654 2741 1746 2797 Ἑν

158 2843 367 2906 τούτοις
394 2845 426 2913 ἡ
459 2841 681 2913 θεωρία.

1851 1837 2017 1877 unam
2042 1830 2294 1877 naturam
2318 1822 2417 1877 Dei
2451 1821 2737 1880 Sermonis
2770 1825 3152 1881 inearnatam?
3175 1828 3429 1884 Vicissim

1849 1914 2144 1984 ingerunt,
2205 1924 2315 1970 tam
2354 1930 2476 1971 esse
2511 1925 2724 1970 certum
2753 1957 2768 1981 ,
2798 1917 3025 1972 seivisse
3076 1918 3156 1973 sic
3183 1919 3429 1975 locutum

1848 2006 2211 2061 Athanasium
2233 2048 2248 2072 ,
2281 2014 2342 2060 ut
2364 2007 2533 2061 etiam
2555 2007 2758 2063 dixerit
2787 2027 2801 2063 :
2832 2008 3305 2076 Quemadmodum
3336 2014 3432 2069 Pa-

1851 2110 1964 2157 tres
1985 2103 2154 2157 locuti
2177 2112 2330 2159 sunt.
2364 2104 2476 2160 Nos
2499 2113 2693 2160 contra
2713 2120 2990 2176 quemque
3008 2106 3246 2163 dicimus
3270 2108 3428 2173 eniti,

1851 2204 1913 2247 ut
1943 2194 2200 2249 ostendat
2223 2210 2256 2249 a
2282 2194 2544 2251 Patribus
2575 2210 2641 2250 ea
2671 2195 2882 2265 prolata
2912 2211 3035 2266 quae
3078 2196 3195 2267 ipse
3223 2198 3425 2262 tradat,

1848 2282 1894 2336 si
1929 2298 2040 2337 non
2072 2284 2266 2340 iisdem
2296 2286 2500 2351 verbis,
2532 2286 2724 2342 saltem
2763 2286 2816 2342 vi
2865 2288 3161 2344 verborum
3211 2291 3426 2347 eadem.

1849 2373 2168 2430 Producunt
2199 2384 2256 2432 et
2281 2377 2444 2432 aliam
2472 2377 2857 2433 auctoritatem
2880 2380 3305 2448 ex,Ereehthio,
3330 2397 3435 2438 cu-

1843 2465 1935 2536 jus
1966 2466 2111 2523 inter
2139 2468 2332 2524 Patres
2370 2482 2473 2524 nec
2512 2468 2763 2524 auditum
2791 2477 2877 2526 est
2905 2487 3145 2541 unquam
3177 2487 3378 2528 nomen
3413 2491 3426 2529 τ

1847 2558 1986 2614 adeo
2018 2560 2264 2630 quidem,
2310 2570 2372 2617 ut
2420 2578 2545 2618 cum
2571 2562 2898 2618 Timotheus
2937 2574 3126 2619 contra
3159 2564 3427 2636 synodum

1849 2650 2181 2721 scripsisset,
2194 2661 2251 2707 et
2268 2654 2655 2709 auctoritatem
2668 2653 2956 2710 Erechthii
2981 2654 3204 2711 citasset
3220 2696 3234 2721 ,
3253 2654 3431 2727 Cyrus

1849 2742 1945 2813 qui
1985 2744 2130 2814 apud
2156 2745 2335 2815 ipsum
2363 2746 2670 2818 presbyteri
2697 2747 2820 2802 loco
2847 2755 3025 2812 esset,
3072 2747 3160 2802 his
3198 2747 3265 2803 ad
3300 2763 3429 2802 eum

1849 2835 2039 2891 verbis
2088 2837 2521 2907 perscripserit:
2554 2838 2769 2893 Mallem
2825 2839 2931 2894 hoc
3000 2848 3052 2894 te
3125 2839 3426 2910 corrigere.

1849 2924 1984 2981 Nam
2016 2926 2300 2982 Erechtliii
2354 2943 2554 2983 nomen
2605 2928 2750 2983 inter
2773 2929 2962 2985 Patres
3007 2930 3255 2986 auditum
3286 2920 3430 2986 nun;-

1850 3031 2015 3086 quam
2044 3016 2167 3071 fuit.
2192 3017 2337 3073 Illaec
2360 3018 2765 3074 consideranda
2793 3019 3109 3076 veniebant.

157 3246 533 3309 Recitantur
561 3239 837 3323 quadam
859 3240 1048 3303 verba
1070 3240 1295 3321 synodi
1318 3240 1864 3319 Chalcedonensis,
1893 3263 2032 3326 qum
2059 3246 2371 3325 putabant
2397 3248 2777 3311 stitantes
2795 3270 2920 3313 sum
2942 3251 3159 3316 heresi
3183 3256 3421 3335 facere.

763 3368 1013 3424 ΠΡΑΞΙΣ
1067 3368 1145 3423 Θθ.

243 3464 469 3535 Ἐπειδὴ
498 3462 556 3518 δὲ
590 3462 682 3516 καὶ
707 3462 909 3527 λέξεων
941 3479 1105 3516 τινων
1144 3462 1509 3534 πραττόμενοι
1549 3462 1614 3516 ὲκ
1650 3460 1743 3516 τοῦ

157 3559 291 3629 ὅρου
321 3557 426 3628 τῆς
463 3555 703 3621 συνόδου,
740 3554 1205 3625 ἐπιλαμϐάνονται
1234 3553 1406 3625 αὐτῆς
1431 3569 1446 3584 ⁸
1484 3554 1622 3626 φέρε
1651 3554 1746 3608 καὶ

2432 3371 2637 3429 ACTIO
2695 3372 2788 3429 IX.

1918 3460 2057 3529 Quia
2083 3478 2215 3519 vero
2250 3478 2416 3519 voces
2470 3465 2636 3519 etiam
2690 3467 2984 3524 nonnullas
3038 3472 3319 3542 carpendo
3360 3472 3429 3529 de

1849 3554 2043 3626 synodi
2084 3554 2406 3611 deﬁnitione
2426 3597 2441 3619 ,
2472 3558 2741 3627 synodum
2769 3560 2941 3631 ipsam
2968 3564 3381 3634 reprehendunt
3414 3586 3427 3620 :

156 3654 368 3716 ταύτας
403 3651 708 3718 ὲκθέμενοι,
744 3647 840 3703 καὶ
897 3646 1014 3710 πῶς
1060 3646 1526 3716 ἐπιλαμϐάνονται
1566 3644 1744 3699 αὐτῶν

1850 3661 1970 3718 age,
1986 3656 2045 3702 et
2070 3646 2179 3703 illis
2197 3648 2485 3718 expositis,
2515 3650 2609 3704 ubi
2633 3653 3096 3720 quemadmodum
3123 3671 3217 3713 eas
3238 3675 3428 3730 repre-

159 3747 434 3808 είπόντες,
460 3742 688 3813 ὕστερον
715 3741 815 3805 τὰς
873 3740 1009 3812 πρὸς
1056 3737 1259 3803 ταύτας
1293 3737 1608 3810 ἀνατροπάς
1656 3737 1744 3790 £1:-

1850 3739 2130 3806 bendant,
2193 3741 2659 3807 indicaverimus;
2697 3743 2771 3798 ita
2817 3744 3020 3802 deinde
3065 3747 3430 3807 rel‘utationes

158 3840 484 3908 αγάγωμεν.
516 3834 629 3904 Τῆς
678 3833 899 3887 συνόδου
944 3831 1125 3885 τοίνυν
1177 3829 1436 3900 εἰπούσης
1468 3845 1484 3861 ο
1547 3827 1744 3901 Ἤρκει

1850 3839 2070 3888 nostras
2093 3832 2472 3904 subjiciamus.
2514 3832 2719 3905 Synodi
2747 3836 2913 3892 verba
2939 3846 3067 3892 sunt
3095 3855 3108 3893 :
3146 3839 3432 3906 Sumceyet

162 3928 266 4000 μὲν
293 3924 391 3982 οὖν
429 3927 507 3990 είς
542 3924 730 3994 ἔντελῆ
759 3925 860 3994 τῆς
888 3922 1174 3985 εὐσεϐείας
1207 3922 1507 3990 ἐπίγνωσιν
1546 3920 1607 3974 τὸ
1660 3937 1744 3974 σο-

1850 3921 2075 3995 quidem
2107 3922 2175 3978 ad
2210 3922 2509 3993 perfectam
2545 3923 2766 3994 pietatis
2794 3925 3165 3997 cognitionem
3203 3937 3259 3984 et
3296 3945 3430 3986 con-

160 4022 264 4091 φὺν
290 4021 455 4074 τοῦτο
476 4019 570 4073 καὶ⁵
594 4019 861 4087 σωτήριον
886 4017 983 4087 τῆς
1015 4014 1166 4079 θείας
1198 4014 1423 4085 χάριτος
1454 4011 1744 4083 σύμϐολονο

1850 4013 2241 4083 ﬁrmationem,
2259 4015 2367 4071 hoc
2381 4015 2660 4070 eruditum
2692 4031 2754 4070 ac
2779 4017 3000 4073 salubre
3023 4019 3221 4077 divinm
3243 4022 3430 4091 gratiae

157 4112 290 4182 περὶ
318 4128 380 4164 τε
411 4109 522 4180 γάρ
575 4106 671 4162 τοῦ
730 4106 964 4178 Πατρδς,
1019 4107 1113 4160 καὶ
1163 4105 1259 4159 τοῦ
1306 4102 1459 4169 Υίοῦ,
1510 4103 1605 4157 καὶ
1650 4101 1744 4156 τοῦ

1850 4105 2181 4177 symbolum,
2212 4105 2361 4177 quod
2386 4113 2443 4160 et
2474 4104 2774 4183 perlectam
2808 4105 2877 4163 de
2899 4105 3085 4174 Patre,
3112 4119 3169 4166 et
3187 4111 3347 4177 Filio,
3373 4120 3431 4168 et

159 4204 321 4273 ἁγίου
358 4202 674 4273 Πνεύματος
704 4200 1011 4256 ἐκδιδάσκει
1037 4199 1101 4253 τὸ
1131 4198 1357 4263 τέλειον,
1386 4197 1481 4251 καὶ
1513 4195 1607 4252 τοῦ
1635 4197 1744 4251 Κυ-

1850 4196 2059 4269 Spiritu
2090 4206 2283 4255 sancto
2335 4197 2643 4253 doctrinam
2673 4198 2862 4262 tradit.
2901 4210 2961 4256 et
2992 4202 3427 4260 incarnationem

162 4296 280 4369 ρίου
315 4294 416 4364 τὴν
444 4289 858 4362 ὲνανθρώπησιν
889 4292 1002 4355 τοῖς
1032 4290 1238 4353 πιστῶς
1259 4288 1570 4359 δεχομένοις
1601 4305 1744 4359 παρ-

1850 4290 2071 4348 Domini
2119 4290 2358 4346 ﬁdeliter
2388 4289 2791 4360 excipientibus
2818 4291 3062 4350 exhibet.
3099 4294 3194 4350 Est
3245 4305 3427 4353 autem

160 4390 399 4456 ίστησιν.
441 4383 598 4438 Ἐστι
625 4383 682 4436 δὲ
711 4383 833 4436 λίαν
887 4380 1200 4452 ύπόψυχρος
1227 4383 1260 4450 ὴ
1291 4378 1547 4448 ὲπιλαϐἡ.
1584 4379 1744 4452 Πρῶ-

1850 4401 1981 4443 sane
1996 4400 2160 4458 quam
2180 4385 2378 4458 frigida
2403 4386 2781 4457 reprehensio.
2811 4389 2998 4446 Primo
3040 4397 3250 4447 tantum
3274 4391 3431 4449 abest

158 4503 250 4542 τον
284 4485 384 4556 μὲν
408 4481 519 4553 γὰρ
544 4479 800 4534 τοσοῦτον
826 4478 888 4532 οὐ
944 4477 1136 4549 φρονεί
1186 4472 1255 4529 τά
1287 4473 1609 4545 Νεστορίου,
1665 4474 1744 4529 ὅτι

1850 4490 1915 4537 ut
1931 4497 2058 4538 cum
2077 4480 2336 4539 Nestorio
2361 4479 2600 4544 sentiat,
2625 4480 2942 4538 utJoannes
2956 4483 3179 4555 quidam
3202 4482 3429 4557 Egeota
3500 4504 3515 4525 ι

142 4568 432 4648 ’Ἰωάννης
487 4591 571 4640 τις
612 4571 892 4643 Λίγεὼτης
943 4568 1313 4643 πρεσϐύτερος
1359 4565 1743 4639 Νεστοριανδς,

1850 4574 2138 4648 presbyter
2163 4572 2549 4638 Nestorianus,
2578 4573 2846 4646 synodum
2880 4575 3313 4647 reprehendens,
3347 4577 3431 4636 di-

161 4664 675 4740 ὶπιλαμϐανόμενος
706 4664 807 4734 τῆς
832 4660 1057 4716 συνόδου
1088 4659 1276 4730 φησιν,
1311 4660 1396 4714 ὅτι
1442 4656 1583 4729 αὕτη
1619 4658 1744 4712 σύν-

1851 4676 2006 4725 ceret
2034 4681 2154 4725 eam
2178 4664 2448 4739 synodum
2472 4679 2594 4721 esse
2622 4664 2970 4738 Cyrillianam
2996 4708 3012 4732 ,
3062 4675 3121 4724 et
3162 4683 3193 4724 α
3239 4667 3428 4741 Cyrilli

157 4717 812 4833 iac}.
842 4753 940 4809 καὶ
979 4751 1051 4808 τὰ
1078 4717 1290 4807 ἑκείνου
1331 4751 1541 4823 φρονεῖ.
1571 4717 1650 4805 Ἐἰ
1687 4748 1744 4804 δὲ

1850 4755 2123 4814 sententia
2148 4717 2315 4813 stare.
2342 4754 2500 4824 Quod
2534 4754 2579 4811 si
2618 4717 2965 4819 Nestoriana,‘
2997 4717 3307 4829 nunquam;
3323 4758 3432 4815 hoc

153 4846 227 4923 ἦν
281 4847 627 4919 Νεστοριανὴ
647 4884 664 4912 ,
715 4845 817 4898 οὐκ
865 4841 935 4898 ἂν
988 4841 1151 4897 τοῦτο
1199 4836 1347 4914 εἶχεν
1398 4840 1428 4893 6
1493 4838 1744 4908 Ἰωάννης

1850 4847 2091 4905 Joannes
2118 4846 2211 4904 ille
2241 4846 2493 4904 dixisset.
2535 4846 2747 4903 Deinde
2776 4848 2821 4904 si
2854 4857 3081 4920 propter
3109 4848 3426 4920 hujusmodi

158 4946 357 4998 εἰπεῖν.
401 4941 636 4994 Ἔπειτα
664 4940 713 4993 εί
733 4937 844 4993 άπὸ
875 4935 983 4990 τῶν
1008 4934 1266 4990 τοιούτων
1287 4933 1491 5003 λέξεων
1512 4931 1744 5003 ἐπιλαμ-

1850 4956 2016 4999 voces
2057 4939 2328 5012 synodum
2374 4939 2813 5010 reprehendunt,
2853 4956 2954 4995 cur
2982 4940 3176 4997 itidem
3210 4949 3430 4997 sanctos

157 5038 416 5093 ϐάνονται
448 5035 550 5105 τῆς
579 5031 824 5094 συνόδου,
852 5030 997 5085 διατι
1028 5029 1104 5101 μὴ
1127 5027 1224 5084 καὶ
1252 5029 1360 5082 τῶν
1410 5027 1583 5097 ἁγίων
1635 5027 1744 5081 Πα-

1850 5048 2073 5106 quoque
2098 5032 2289 5088 Patres
2313 5045 2424 5085 non
2449 5030 2904 5101 reprehendunt?
2925 5031 3060 5088 Nam
3090 5038 3148 5087 et
3170 5031 3246 5088 illi
3270 5030 3430 5104 plura

155 5131 334 5200 τέρων
372 5122 880 5196 ὲπιλαμϐάνονταις
921 5118 1033 5174 Καὶ
1066 5119 1223 5174 αὐτοὶ
1270 5118 1381 5190 γάρ
1418 5118 1591 5173 πολλὰ
1636 5134 1744 5172 τοι..

1853 5123 1982 5180 talia
2036 5122 2409 5196 protulerunt.
2460 5122 2678 5178 Etenim
2721 5121 2914 5178 beatus
2946 5122 3038 5179 ille
3079 5121 3318 5196 Cyrillus
3373 5123 3429 5179 in

157 5216 299 5273 αῦτα
319 5213 602 5284 εἰρήκασι.
641 5209 783 5278 Φησὶ
811 5209 919 5277 γὰρ
945 5210 975 5261 6
1008 5208 1277 5280 μακάριος
1302 5207 1568 5279 Κύριλλος
1592 5209 1650 5261 ὲν
1668 5207 1744 5278 τῷ

1852 5217 2265 5272 commentario‘
2283 5214 2605 5272 Zachariam
2657 5223 2835 5270 vatem
2886 5215 3201 5273 declarante
3226 5258 3240 5279 ,
3267 5218 3430 5286 cujus

157 5308 241 5370 εἰς
264 5302 550 5374 Ζαχαρίαν
575 5300 668 5354 τὸν
703 5299 990 5370 προφήτην
1023 5300 1400 5370 ὑπομνήματι,
1424 5292 1487 5353 οὗ
1518 5302 1552 5370 ἡ
1574 5299 1744 5370 ἀρχὴ,

1850 5310 2071 5366 initium
2088 5328 2112 5363 τ
2138 5308 2472 5364 Vaticinatur
2500 5307 2712 5380 quidem
2733 5316 2947 5364 sanctus
2977 5306 3070 5363 ille
3102 5308 3427 5376 Zacharias;

156 5393 531 5467 Προφητεύει
563 5393 682 5464 μὲν
706 5395 740 5448 ὁ
767 5391 935 5462 ἅγιος
990 5390 1309 5462 Ζαχαρῖας,
1338 5392 1535 5458 οὕτως’
1564 5395 1658 5446 Δεῖ
1684 5393 1744 5463 δὴ

1850 5401 1930 5459 sic
1958 5402 2035 5458 ait
2069 5419 2082 5455 :
2117 5400 2525 5457 Discedendum
2555 5399 2725 5472 igitur
2747 5415 2777 5455 a
2824 5401 3047 5467 talibus,
3088 5412 3144 5458 ct
3169 5417 3199 5458 a
3225 5402 3428 5458 mentis

156 5492 269 5562 ἄρα
299 5483 395 5541 οὖν
423 5482 682 5538 τοιούτων
712 5484 1039 5555 άποιροιτᾷν,
1066 5484 1162 5538 καὶ
1206 5484 1280 5549 ὡς
1335 5486 1400 5537 ἑκ
1448 5484 1553 5555 γῆς
1600 5483 1744 5538 ἁλλο-

1850 5494 2139 5552 ali'ectione
2166 5494 2341 5567 rigida
2359 5500 2710 5564 mortuaque,
2728 5493 2882 5549 velut
2898 5510 2927 5550 e
2948 5504 3093 5549 terra
3115 5494 3429 5566 peregrina,

155 5582 315 5660 τρίας
348 5579 449 5649 τῆς
479 5576 876 5647 ἁπεψυγμένης
911 5578 1006 5629 καὶ
1033 5577 1236 5646 νεκρᾶς
1285 5577 1376 5630 τοῦ
1428 5575 1521 5630 νοῦ
1571 5574 1744 5629 διαθέ-

1850 5586 2248 5643 transeundum
2280 5585 2348 5640 ad
2383 5586 2632 5650 Sionem,
2652 5586 2760 5641 hoc
2781 5595 2885 5649 est,
2911 5584 2977 5640 ad
3008 5586 3296 5641 veritatem
3324 5626 3338 5643 .
3370 5596 3433 5642 ut

160 5692 299 5742 σεως
337 5671 677 5745 μεταφοιτᾷν
707 5672 788 5734 εἰς
814 5670 976 5739 Σιὼν,
1005 5669 1154 5724 τοῦτ’
1186 5670 1333 5724 ἔστιν
1386 5672 1468 5735 εἰς
1512 5671 1573 5724 τὸ
1620 5672 1744 5743 ἀλη-

1851 5679 2143 5735 Ecclesiam
2166 5677 2372 5735 Christi
2407 5678 2847 5743 consideremus,
2887 5679 2940 5734 in
2973 5679 3087 5750 qna'
3114 5678 3433 5745 constituti,

441 5768 717 5832 ΡιιιῚιυι.
761 5770 876 5833 Gn.
926 5768 1239 5833 LXXXVI.

2995 5774 3072 5834 AO
