3912 6298
503 245 642 309 1259
1506 289 1513 304 .
1805 241 2081 301 LEONTI

2188 236 2554 298 ιΥΖΛΝΤΙΝΙ
3698 237 3833 303 ΙΞΓιθ

501 357 904 429 perspiciemus
932 353 983 408 id
1013 353 1159 424 quod
1192 353 1304 408 Deo
1336 352 1535 422 placet,
1562 359 1616 406 et
1641 350 1707 405 ad
1745 350 1865 404 illas
1890 350 1944 404 in
1969 365 2081 404 san-

2196 347 2286 411 θές
2320 365 2334 380 ’
2383 348 2473 401 ἵνα
2513 343 2728 416 νοῶμεν
2775 348 2874 419 τὴν
2921 339 3251 417 Ἐκκλησίαν
3281 349 3380 402 τοῦ
3421 351 3742 420 Χριστοῦ,
3783 356 3830 404 ἐν

503 458 590 503 cta
625 447 899 516 uniusque
942 442 1269 501 substantiae
1308 445 1580 500 Trinitate
1620 442 1863 497 rationes
1893 441 2081 496 oculos

2188 434 2230 509 ᾧ
2275 441 2592 509 γεγονότες,
2653 439 3006 512 καταψὸμεθα
3045 441 3110 495 τὸ
3162 442 3240 512 τῷ
3277 443 3400 514 Θέῷ
3445 443 3713 510 δοκοῦν,
3745 447 3828 498 καὶ

503 538 995 602 circumferemus,
1045 538 1335 610 ipsumque
1363 537 1646 593 Christum
1702 533 2081 603 deprehende-

2188 537 2312 598 τοὺς
2357 535 2449 588 ἐπὶ
2487 537 2554 606 τῇ
2604 534 2738 607 ἁγίᾳ
2801 553 2860 589 τε
2921 536 3017 589 καὶ
3063 535 3338 607 ὀμοευσίῳ
3381 537 3618 606 Τριάδι
3683 555 3828 607 mp:-

503 647 626 686 mus
647 645 717 684 ex
749 628 898 682 omni
926 629 1048 684 loco
1071 645 1173 684 nos
1214 629 1583 700 colligentem,
1625 641 1690 680 ac
1720 624 2081 694 Spiritualiter

2188 628 2501 701 αθρήσομεν
2533 629 2746 698 λόγους,
2785 631 2878 685 καὶ
2926 629 3090 685 αὐτὸν
3129 631 3450 702 εὑρήσομεν
3495 632 3578 686 ὲκ
3625 633 3825 696 πανοὺς

502 724 556 778 in
593 721 908 777 unanimem
961 736 1291 776 consensum
1341 721 1710 790 colligentem.
1751 719 1887 773 Nam
1928 733 2081 783 ecce,

2188 719 2334 788 ἡμᾶς
2354 719 2552 789 τρόπου
2571 720 2970 792 συναγείροντα
2988 721 3081 775 τὸν
3101 723 3358 790 Χριστὸν,
3373 724 3484 776 καὶ
3513 723 3820 778 συνδέοντι

499 826 792 890 postquam
825 815 987 882 dixit,
1017 815 1172 886 Quod
1201 817 1312 869 Deo
1349 815 1530 884 placet
1559 854 1574 878 ,
1611 811 1836 882 subjicit
1863 829 1878 865 :
1911 811 1978 866 Et
2013 810 2081 866 ad

2189 810 2578 880 πνευματικῶς
2602 815 2684 876 εἰς
2711 813 3044 884 ὁμοψυχίαν.
3077 815 3211 868 Ἰδοὺ
3243 815 3356 887 γὰρ
3385 815 3596 868 είπὼν
3621 816 3712 881 τὸ,
3739 816 3820 888 Te}

499 911 620 966 illas
647 911 708 965 in
746 918 937 964 sancta
961 909 1234 978 uniusque
1257 907 1577 962 substantiae
1609 905 1878 960 Trinitate
1910 903 2081 959 ratio-

2188 902 2304 972 Θεῴ
2328 903 2546 970 δοκοῦν,
2579 907 2854 974 ἐπήγαγε,
2889 905 3003 960 Kal.
3037 907 3167 972 τοὺς
3200 909 3294 960 ἐπὶ
3322 909 3388 978 τῇ
3439 908 3603 980 ἁγίᾳ
3639 925 3704 961 τε
3738 913 3818 962 καὶ

497 1020 598 1059 nes
620 1003 818 1059 oculos
839 1001 1322 1066 circumferemus,
1356 999 1646 1068 ipsumque
1673 997 1956 1052 Christum
1990 995 2081 1052 de-

2188 995 2674 1066 ὸμοουσίῳτριάδι
2714 997 3162 1070 περιαθρὴσομεν
3213 999 3434 1068 λόγους,
3490 1003 3605 1056 καὶ
3662 1002 3816 1056 αὐτὸν

501 1092 913 1164 prehendemus
930 1107 995 1146 ex
1017 1091 1168 1145 omni
1199 1091 1320 1144 loco
1351 1104 1451 1143 nos
1476 1088 1847 1156 colligentem.
1895 1085 2081 1151 Quan-

2188 1090 2499 1160 εὑρήσομεν
2562 1091 2712 1161 ἡμᾶς
2769 1092 3168 1162 συναγείροντα
3220 1092 3312 1145 τὸν
3362 1093 3663 1164 Χριστόν.
3718 1096 3814 1148 Καὶ

501 1193 786 1252 tumergo
836 1181 1116 1251 colligitur
1145 1196 1211 1234 ex
1251 1179 1320 1232 iis
1371 1193 1492 1247 quae
1521 1177 1624 1246 ipsi
1661 1175 1884 1238 dicunt,
1914 1175 2081 1230 etiam

2188 1181 2315 1234 ὅσον
2338 1179 2398 1245 ἐξ
2417 1174 2493 1233 ὧν
2514 1181 2758 1250 λέγουσι,
2790 1184 2884 1236 καὶ
2915 1185 2942 1236 ὁ
2966 1185 3234 1254 μακάριος
3258 1183 3558 1255 Κύριλλος
3583 1186 3810 1258 τετράδα

499 1275 698 1329 beatus
723 1273 822 1328 ille
840 1271 1078 1341 Cyrillus
1103 1270 1528 1341 quaternionem
1553 1267 1764 1322 statuit.
1795 1267 1916 1322 Alia
1943 1281 2081 1336 quo-

2188 1272 2421 1338 δοξάζει.
2461 1273 2568 1326 Καὶ
2593 1273 2728 1328 ἄλλα
2751 1274 2807 1328 δὲ
2829 1275 3052 1328 τοιαῦτα
3095 1275 3266 1330 πολλὰ
3297 1278 3465 1348 παρὰ
3496 1280 3628 1336 τοῖς
3649 1278 3810 1345 ἁγίοις

499 1381 608 1435 que
625 1363 938 1419 consimilia
957 1363 1126 1418 multa
1146 1361 1456 1432 reperimus
1472 1359 1614 1430 apud
1641 1367 1863 1413 sanctos
1874 1359 2081 1424 Patres,

2188 1365 2470 1435 Πατρὰσιν
2497 1365 2847 1436 εὑρίσκομεν,
2877 1365 2913 1420 ἃ
2933 1365 3022 1419 διὰ
3049 1367 3382 1436 πολυλογίαν
3441 1370 3556 1422 νῦν
3619 1371 3686 1423 οὕ
3741 1370 3808 1422 δεῖ

497 1470 622 1528 quae
645 1469 798 1510 nunc
820 1453 1058 1508 vitanda:
1095 1451 1429 1522 prolixitatis
1474 1465 1662 1514 causa,
1696 1465 1806 1502 non
1833 1459 1965 1503 sunt
1995 1449 2081 1503 hic

2189 1461 2558 1532 παραθέσθαι.
2590 1463 3094 1532 Ἐπιλαμϐάνονται
3143 1465 3201 1518 δὲ
3250 1465 3426 1536 αὐτῆς
3485 1466 3692 1529 πάλιν,
3741 1467 3806 1530 ὡς

497 1547 831 1619 adiicienda.
874 1547 1090 1602 Rursus
1123 1560 1244 1600 eam
1279 1543 1718 1614 reprehendunt,
1755 1542 1912 1612 quasi
1961 1557 2081 1613 qua

2188 1553 2449 1626 εἰπούσης
2470 1553 2552 1620 τὸ,
2569 1547 2659 1608 Ἐν
2681 1555 2782 1609 δύο
2812 1555 3062 1624 φύσεσιν.
3095 1557 3216 1610 ’Ότι
3245 1557 3302 1610 δὲ
3333 1557 3432 1612 καὶ
3457 1557 3650 1613 τοῦτο
3669 1559 3804 1631 etp.-

499 1642 792 1696 formulam
813 1640 960 1695 illam
980 1640 1278 1694 verborum
1303 1653 1316 1690 :
1342 1637 1401 1690 ln
1422 1635 1642 1690 duabus
1665 1635 1903 1700 naturis,
1922 1650 2081 1688 usur-

2188 1661 2278 1700 ται
2300 1645 2455 1718 παρὰ
2485 1649 2601 1712 τοῖς
2632 1647 2908 1719 Πατράσι,
2943 1647 3126 1719 ῥᾴδιον
3155 1647 3326 1714 δεῖξαι
3345 1649 3466 1704 ἀπὸ
3494 1650 3739 1704 πολλῶν.

497 1733 740 1802 paverit.
783 1733 987 1788 Verum
1037 1740 1094 1786 et
1145 1730 1236 1785 illa
1273 1729 1468 1785 Patres
1502 1743 1632 1783 usos
1658 1768 1673 1793 ,
1715 1727 1784 1782 de
1827 1727 2086 1798 pluribus
2120 1709 2162 1766 Β

497 1834 724 1880 ostensu
762 1825 944 1880 facile.

2059 1967 2206 1980 -σ-

497 2060 760 2120 Aetione
803 2057 1042 2138 decima
1099 2075 1280 2138 error
1329 2059 1774 2138 Gaianitarum
1814 2056 2148 2134 detegitur,
2195 2062 2418 2115 contra
2467 2069 2618 2138 quos
2657 2051 2968 2138 probatur
3023 2054 3265 2138 Christi
3301 2075 3554 2136 corpus
3589 2062 3780 2138 fuisse

576 2137 1015 2217 corruptibile,
1065 2152 1120 2198 et
1153 2137 1375 2218 iisdem
1410 2137 1836 2218 passionibus,
1864 2132 2114 2218 excepto
2139 2143 2415 2212 peccato,
2443 2132 2808 2212 subjectum.
2833 2133 3070 2194 Deinde
3111 2132 3788 2218 Agnoetw'rrpi'cncn-

573 2215 855 2279 duntur:
893 2227 1208 2297 postremo
1261 2215 1494 2277 delifia
1551 2217 1846 2295 Origenis
1897 2216 2286 2292 refutantur.

1092 2359 1298 2414 ACTIO
1344 2359 1411 2413 Χ.

560 2451 692 2508 Post
725 2451 909 2506 omnia
941 2466 1063 2520 quae
1111 2451 1380 2526 hactenus
1411 2450 1657 2519 exposita
1717 2456 1863 2502 sunt.
1900 2463 2081 2518 operae

497 2547 659 2601 fuerit
690 2545 927 2616 pretium
987 2543 1056 2598 de
1103 2540 1481 2597 Caianitarum
1509 2557 1727 2612 quoque
1757 2557 1819 2594 ac
1845 2541 2078 2594 aliorum

496 2638 859 2710 quorumdam
892 2637 1151 2706 opinione
1191 2633 1561 2688 narrationem
1601 2633 1834 2687 institui.
1895 2631 2082 2687 Conli-

499 2739 686 2786 tentur
710 2745 841 2799 ergo
889 2727 1172 2792 Gaianilze,
1213 2727 1381 2780 Deum
1435 2725 1758 2781 Sermonem
1809 2741 1840 2780 e
1903 2725 2082 2794 Virgi—

495 2838 568 2878 ne
636 2829 887 2876 naturam
953 2820 1245 2874 humanam
1297 2819 1658 2890 assumpsisse
1715 2817 1960 2888 perfecte
2017 2831 2083 2872 ac

499 2928 626 2968 vere
656 2931 668 2966 :
697 2911 794 2967 sed
819 2919 938 2982 post
967 2911 1228 2966 unionem
1265 2927 1386 2967 esse
1421 2927 1623 2983 corpus
1661 2909 2083 2980 incorruptibile

2805 2357 3055 2411 ΠΡΑΞῘΣ
3093 2360 3150 2414 l'.

2265 2447 2450 2514 Ἀξιὸν
2509 2451 2628 2504 ἐστι
2679 2449 2822 2522 μετὰ
2869 2450 2939 2504 τὰ
2983 2450 3335 2524 προρηθέντα
3393 2455 3652 2522 ἅπαντα,
3702 2460 3782 2512 καὶ

2186 2543 2315 2614 περὶ
2331 2543 2427 2613 τῆς
2446 2541 2604 2614 δόξης
2623 2543 2732 2596 τῶν
2759 2543 3082 2611 Γαῖανιτῶν,
3106 2547 3199 2599 καὶ
3227 2545 3408 2600 ἄλλων
3434 2551 3633 2615 τινῶν,
3660 2550 3782 2616 6155-

2186 2635 2382 2688 ελθεῖν.
2449 2636 2510 2688 Οἱ
2550 2635 2730 2689 τοίνυν
2781 2636 2821 2688 Γ
2823 2637 3069 2689 αῖανίται
3138 2636 3468 2707 ὁμολογοῦσι
3523 2641 3620 2694 τὸν
3667 2642 3784 2695 Θεὸν

2188 2727 2361 2795 Λόγον
2397 2725 2822 2798 ὲνανθρωπῆσαι
2859 2727 2925 2780 ὲκ
2949 2729 3050 2796 τῆς
3097 2726 3382 2798 Παρθένου
3434 2730 3674 2794 τελείως
3705 2735 3782 2784 καὶ

2187 2815 2458 2886 ἀληθινῶς
2477 2829 2492 2844 ’
2513 2816 2622 2868 ἀπὸ
2645 2815 2702 2869 δὲ
2721 2816 2821 2885 τῆς
2843 2813 3094 2880 ὲνὼσεως
3118 2816 3404 2889 ἄφθαρτον
3425 2820 3782 2890 ὁμολογοῦσνν

2185 2905 2326 2962 εἶναι
2355 2909 2418 2962 τὸ
2445 2907 2625 2976 σῶμα.
2654 2907 2840 2962 Πάντα
2872 2908 2971 2979 μὲν
3000 2907 3110 2980 γὰρ
3159 2907 3228 2962 τὰ
3270 2909 3388 2980 εἴδη
3439 2912 3562 2966 τῶν
3611 2913 3782 2966 κακῶν

496 3009 712 3065 dicunt.
763 3006 968 3062 Omnes
993 3005 1140 3062 enim
1179 3004 1473 3060 .malorum
1533 3003 1746 3072 species
1803 3001 2081 3057 Christum

2190 3003 2440 3074 λέγουσιν
2473 3001 2636 3056 αὐτὸν
2669 3001 3002 3072 ὑπομεῖναν
3040 2999 3135 3052 καὶ⁵
3175 2999 3438 3070 ὲπείνησε
3497 3003 3637 3074 γὰρ,
3699 3003 3780 3054 καὶ

498 3115 816 3171 perpessum
853 3098 1026 3162 aiunt,
1065 3097 1159 3168 qui
1195 3106 1248 3150 et
1275 3097 1591 3159 esuriverit,
1642 3093 1981 3159 etsitiveril,
2029 3100 2085 3171 et

497 3170 824 3263 defatigatus
853 3189 1048 3244 fuerit:
1077 3199 1132 3242 at
1161 3202 1269 3240 non
1299 3185 1492 3239 eodem
1527 3185 1628 3237 ista
1661 3199 1770 3252 quo
1801 3197 1924 3246 nos,
1964 3170 2084 3236 moi

497 3281 569 3336 do
598 3297 840 3354 passum.
894 3279 1063 3332 Aiunt
1110 3277 1259 3331 enim
1292 3289 1393 3328 nos
1420 3273 1644 3343 quidem
1675 3272 1910 3326 naturali
1943 3286 2082 3341 qua-

497 3374 622 3429 dam
640 3372 1105 3428 necessitatecum
1135 3367 1368 3430 esurire,
1401 3373 1514 3418 tum
1535 3364 1690 3419 sitire
1717 3381 1730 3417 :
1765 3363 1861 3418 sed
1918 3363 2084 3418 Chri—

498 3475 645 3522 stum
676 3465 792 3518 haec
825 3461 1007 3516 omnia
1041 3468 1236 3529 sponte
1275 3456 1623 3512 sustinuisse.
1647 3455 1766 3509 Non
1795 3456 1968 3520 enim,
1995 3456 2083 3510 in-

499 3556 718 3627 quiunt,
745 3560 958 3618 natura:
991 3549 1204 3622 legibus
1239 3546 1766 3617 scrviebat:alioqui
1797 3548 2084 3617 passiones

499 3649 635 3704 istas
683 3645 978 3700 fatebimur
1023 3643 1076 3697 ei
1123 3651 1320 3708 praeter
1378 3640 1712 3694 voluntatem
1772 3639 2082 3705 accidisse;

500 3739 654 3813 quod
681 3739 980 3795 absurdum
1009 3738 1196 3792 fuerit.
1224 3732 1346 3788 Hzec
1368 3731 1742 3788 Gaianitarum
1760 3737 1844 3784 est
1867 3729 2080 3800 opinio.

501 3836 612 3892 Nos
642 3834 710 3889 ad
747 3849 810 3889 ea
832 3831 1252 3904 respondemus,
1289 3829 1458 3885 etiam
1493 3840 1594 3879 nos
1614 3823 1773 3878 fateri
1797 3823 2084 3892 passiones

499 3908 912 3980 ct'all'ectiones
961 3923 1084 3977 illas
1117 3921 1284 3976 fuisse
1329 3916 1705 3974 voluntarias:
1745 3929 1847 3969 nec
1899 3923 2084 3970 tamen

501 4005 710 4072 idcirco
761 4015 970 4081 dicere,
1027 4014 1309 4070 Christum
1346 4027 1441 4067 eas
1505 4023 1828 4080 perpessum
1875 4005 2082 4060 eodem

501 4109 663 4164 modo
687 4125 796 4179 quo
825 4125 946 4163 nos.
977 4107 1112 4162 Nam
1133 4113 1328 4177 sponte
1357 4103 1592 4160 dicimus
1621 4101 1798 4170 ipsum
1823 4099 2082 4155 serviisse

501 4210 714 4256 natura:
759 4199 996 4270 legibus.
1028 4199 1415 4267 volentemque
1464 4197 1806 4252 concessisse
1857 4191 2078 4262 corpori

503 4301 562 4348 ut
581 4309 678 4348 sua
694 4300 1076 4362 perpeteretur
1089 4290 1280 4345 eodem
1304 4289 1466 4343 modo
1484 4305 1592 4360 quo
1615 4299 1670 4344 et
1691 4303 1792 4343 nos
1815 4287 2086 4358 patimur.

2187 3094 2430 3166 ἐδίψησε,
2469 3095 2567 3147 καὶ⁷
2607 3091 2902 3166 ἐκοπίασεν
2931 3105 2946 3122 ο
3003 3090 3067 3142 οὐ
3119 3089 3212 3142 τὸν
3262 3089 3428 3142 αὐτὸν
3471 3091 3538 3144 δὲ
3594 3092 3783 3161 τρόπον

2187 3185 2363 3240 ταῦτα
2398 3188 2533 3259 ἡμῖν
2591 3183 2810 3237 παθεῖν.
2867 3181 3009 3234 Φασὶ
3059 3181 3190 3250 γὰρ,
3228 3181 3312 3234 ὃτι
3352 3182 3528 3252 ἡμεῖς
3583 3184 3685 3254 μὲν
3730 3183 3780 3248 ἐξ

2185 3278 2436 3346 ἀνάγκης
2471 3276 2706 3345 φυσικῆς
2753 3273 2850 3326 καὶ
2887 3271 3186 3342 πεινῶμεν,
3219 3271 3314 3325 καὶ
3348 3270 3614 3343 διψῶμεν
3642 3290 3657 3304 ο
3682 3275 3710 3325 δ
3731 3271 3778 3325 δί

2185 3368 2420 3440 Χριστὸς
2443 3365 2710 3430 ἑκουσίως
2737 3363 2920 3420 πάντα
2948 3363 3266 3441 ὑπέμεινεν.
3299 3365 3374 3417 Οὐ
3403 3347 3778 3436 γὰρ’ὲδοῦλευε

2184 3461 2296 3522 τοῖς
2335 3461 2434 3528 τῆς
2467 3456 2683 3528 φύσεως
2749 3457 2961 3528 νόμοις,
3010 3455 3135 3510 ἐπεὶ
3181 3456 3277 3510 καὶ
3312 3457 3560 3512 ἀκούσια
3602 3458 3778 3526 ὁμολο-

2185 3551 2392 3622 γοῦμεν
2411 3550 2679 3619 τὰπάθη,
2716 3550 2856 3622 ὅπερ
2887 3549 3108 3604 ἄτοπον.
3137 3548 3282 3620 Αὕτη
3314 3549 3420 3621 μὲν
3465 3553 3502 3622 ή
3541 3552 3659 3604 τῶν
3685 3552 3774 3604 Γα·

2183 3643 2406 3698 ἴανιτῶν
2427 3641 2574 3708 δόξα.
2623 3642 2817 3715 Ἡμεῖς
2841 3640 2900 3695 δὲ
2938 3641 3075 3713 πρὸς
3104 3641 3281 3696 ταῦτα
3307 3641 3574 3713 λέγομεν,
3598 3644 3776 3698 Enni

2185 3738 2349 3808 ἡμεῖς
2405 3735 2632 3790 ἑκούσια
2671 3733 3046 3807 ὁμολογοῦμεν
3081 3735 3149 3789 τὰ
3177 3735 3326 3806 πάθη
3357 3751 3374 3768 ο
3409 3736 3474 3789 οὺ
3507 3735 3603 3790 διὰ
3633 3737 3778 3790 τοῦτο

2183 3828 2239 3881 δὲ
2272 3827 2526 3898 λέγομεν,
2554 3828 2639 3881 ὅτι
2672 3827 2767 3882 τὸν
2793 3826 2956 3881 αὐτὸν
2985 3825 3190 3898 τρόπον
3237 3828 3373 3897 ἡμῖν
3429 3826 3490 3894 ἐξ
3536 3829 3776 3897 ἀνάγκης

2182 3919 2420 3989 ἔπασχεν
2439 3937 2453 3950 ·
2485 3917 2624 3972 ἀλλὰ
2653 3917 2912 3988 λέγομεν,
2937 3918 3024 3972 ὅτι
3065 3919 3332 3981 ἑκουσίως
3374 3919 3636 3972 ἐδούλευε
3677 3922 3773 3982 τοῖς

2182 4011 2282 4080 τῆς
2321 4009 2537 4081 φύσεως
2563 4010 2773 4082 νόμοις,
2826 4010 2924 4064 καὶ
2983 4009 3130 4064 ἑκὼν
3181 4009 3354 4066 ἐδίδου
3430 4011 3520 4081 τῷ
3569 4013 3775 4082 σώματι

2183 4103 2374 4159 παθεῖν
2399 4103 2470 4156 τὰ
2493 4103 2598 4156 ῐδια
2633 4103 2725 4158 τὸν
2752 4100 2920 4157 αὑτὸν
2941 4102 3166 4174 τρόπον,
3205 4102 3266 4156 ὃν
3310 4101 3406 4157 καὶ
3452 4103 3624 4174 lipsi;
3679 4107 3772 4156 azi-

2184 4211 2402 4265 σχομεν.
2428 4195 2540 4248 Καὶ
2573 4193 2910 4266 μαρτυροῦσι
2942 4194 3159 4258 τούτοις
3187 4193 3237 4250 οι
3266 4195 3514 4266 Πατέρες
3546 4211 3563 4225 ·
3603 4199 3632 4250 ὀ
3687 4198 3774 4266 μὲν

2185 4287 2340 4356 ᾶγιος
2369 4285 2670 4358 Γρηγόριος
2697 4285 2867 4341 εἰπών
2889 4303 2904 4320 ο
2947 4286 3028 4357 Τῇ
3057 4287 3221 4356 φύσει
3258 4287 3454 4352 ἐδίδου,
3481 4288 3580 4340 ὅτε
3611 4288 3772 4341 £605—

500 4389 678 4456 Atque
712 4384 826 4438 haec
855 4381 1182 4437 testimoniis
1213 4381 1532 4436 suisl’atrcs
1559 4381 1662 4452 ipsi
1701 4379 2081 4458 comprqbant,

2188 4378 2331 4438 λετο.
2361 4379 2608 4449 ἐνεργεῖν
2655 4378 2723 4432 τὰ
2759 4377 2867 4432 ἴδια
2885 4392 2900 4407 ·
2929 4379 2959 4432 ὁ
2985 4377 3044 4431 δὲ
3073 4377 3350 4450 μακάριος
3377 4378 3676 4448 Κύριλλος,
3710 4380 3772 4430 sl-

503 4485 564 4530 ut
581 4483 802 4530 sanctus
827 4475 914 4528 ille
931 4471 1226 4543 Gregorius
1249 4473 1502 4542 inquiens
1525 4489 1540 4528 :
1564 4473 1779 4527 Natura:
1800 4471 2084 4542 permitte-

503 4569 618 4632 bat,
646 4583 771 4621 eum
802 4567 985 4629 vellet,
1023 4575 1081 4619 ut
1111 4575 1296 4636 ageret
1333 4581 1450 4620 sua.
1497 4566 1696 4620 Beatus
1747 4573 1932 4618 autem
1977 4561 2082 4633 Cy:

505 4657 660 4717 rillus
693 4659 870 4716 dixit:
901 4658 1418 4714 Perimmissionem
1451 4658 1702 4713 ciborum
1722 4665 1778 4711 et
1803 4655 2078 4710 excretio-

506 4771 655 4818 nem,
711 4751 1072 4808 conservabat
1106 4751 1495 4811 substantiam,
1549 4747 1798 4817 corporis
1845 4746 2077 4802 scilicet.

505 4849 716 4902 Rursus
749 4861 814 4899 cx
852 4844 1094 4916 Dialogo,
1126 4859 1235 4914 quo
1269 4857 1435 4896 unum
1467 4853 1586 4894 esse
1613 4838 1892 4894 Christum
1946 4853 2080 4909 pro-

505 4938 616 5001 bat,
645 4935 961 5006 permisisse
1009 4933 1187 5004 ipsum
1215 4930 1367 4986 carni
1408 4944 1542 4988 suae.
1579 4938 1638 4984 ut
1687 4939 1900 4983 natura:
1967 4943 2079 4982 sua:

501 5027 712 5097 legibus
743 5025 1163 5094 obsequeretur.
1204 5021 1270 5074 Et
1307 5034 1538 5074 rursus:
1574 5017 1666 5073 Sir.
1696 5016 1968 5088 permittit
2022 5013 2077 5068 id

503 5117 647 5189 quod
680 5133 1007 5188 corporeum
1041 5121 1182 5178 erat,
1220 5128 1282 5167 ea
1310 5113 1521 5183 perpeti
1551 5127 1673 5182 qure
1703 5110 1806 5180 ipsi
1853 5117 2078 5163 natura-

503 5211 628 5264 liter
655 5208 892 5274 adsunl,
938 5203 1336 5260 utostenderet
1387 5219 1445 5258 se
1471 5218 1662 5272 reapse
1715 5215 1954 5270 vereque
1987 5215 2082 5270 ge-

502 5277 911 5377 stare'carneni.
936 5308 989 5352 et
1015 5297 1318 5352 secundum
1339 5291 1574 5348 Litteras
1596 5308 1777 5348 sacras
1800 5291 2078 5345 hominem

501 5373 621 5448 esse
665 5394 886 5447 factum.
935 5391 1168 5446 Sanctus
1208 5399 1392 5444 autem
1425 5387 1762 5442 Athanasius
1794 5373 1939 5440 libro
1967 5384 2078 5438 Ad-

502 5473 678 5538 versus
715 5483 1122 5554 Apollinarem:
1159 5482 1456 5551 Propterea
1507 5479 1725 5533 diccbat
1775 5477 2078 5540 Dominus,

503 5575 740 5628 animam
767 5591 918 5628 suam
957 5589 1104 5628 nunc
1147 5572 1475 5642 perturbari.
1502 5571 1570 5626 Et
1609 5571 1714 5623 hoc
1749 5583 1888 5620 nunc
1909 5565 2080 5636 signi-

507 5668 650 5738 l‘icat,
687 5668 906 5736 quando
943 5669 1058 5738 ipse
1095 5668 1284 5723 voluit.
1317 5667 1372 5722 id
1408 5677 1609 5730 tamen,
1640 5663 1786 5734 quod
1809 5669 1950 5725 erat,
1994 5660 2078 5714 in-

2192 4471 2395 4544 ρηκὼς,
2425 4473 2509 4527 ὅτι
2538 4471 2638 4528 Διὰ
2668 4473 2769 4544 τῆς
2818 4469 3223 4546 εἰσπορεύσεως
3273 4472 3385 4526 τῶν
3441 4471 3770 4544 βρωμάτων,

2185 4564 2286 4618 καὶ
2350 4563 2452 4633 τῆς
2504 4562 2914 4632 ἑκπορεύσεως,
2964 4561 3246 4636 διεκράτει
3298 4561 3398 4634 τὴν
3450 4559 3794 4626 ὑπόστασιν]

2187 4654 2334 4710 τοῦτ’
2366 4654 2486 4708 ἔστι
2518 4653 2612 4708 τοῦ
2638 4652 2913 4726 σώματος.
2937 4653 3048 4710 Καὶ
3079 4653 3246 4710 πάλιν
3275 4656 3340 4710 ὲκ
3372 4653 3470 4708 τοῦ
3496 4655 3769 4722 διαλόγου,

2187 4749 2266 4802 ὅτι
2322 4741 2402 4811 εἷς
2424 4748 2454 4801 ὁ
2485 4747 2749 4818 Χριστὸς,
2777 4746 2986 4818 ιφιέναι
3015 4747 3179 4802 αὐτδν
3207 4750 3276 4819 τῇ
3333 4746 3444 4818 ἰδίᾳ
3474 4749 3669 4818 σαρκὶ,
3691 4747 3772 4801 διὰ

2185 4840 2295 4896 τῶν
2320 4841 2420 4910 τῆς
2457 4841 2593 4904 ιδίας
2622 4839 2835 4910 φύσεως
2869 4841 3009 4896 rem
3061 4841 3264 4911 νόμων.
3299 4840 3411 4896 Καὶ
3439 4835 3635 4904 αὖθις·
3689 4839 3771 4902 Ὦς

2187 4933 2478 5004 ἐπιτρέπει
2508 4933 2567 4986 τὸ
2595 4933 2908 5004 σωματικὸν
2939 4932 3082 4987 κατὰ
3127 4934 3228 5004 τὴν
3278 4933 3441 5003 φύσιν
3501 4934 3774 5002 προσόντα

2187 5024 2410 5089 παθεῖν,
2431 5025 2509 5089 εις
2539 5024 2817 5090 ἀπόδειξιν
2839 5023 2932 5078 τοῦ
2961 5025 3132 5088 ὅντως
3187 5025 3285 5079 καὶ
3336 5025 3461 5078 κατ’
3510 5025 3772 5095 ἀλήθειαν

2187 5117 2419 5186 φορέσαι
2474 5117 2678 5187 σάρκα,
2727 5117 2822 5172 καὶ
2872 5116 3163 5190 ἄνθρωπον
3207 5114 3466 5184 γενέσθαι
3497 5117 3646 5168 κατὰ
3678 5117 3772 5177 τὰς

2188 5209 2430 5279 Γραφάς.
2479 5209 2536 5263 Ὁ
2561 5209 2620 5262 δὲ
2651 5209 2806 5278 ἅγιος
2831 5208 3178 5271 ’Λθανάσιος,
3204 5210 3268 5261 ὲκ
3297 5207 3390 5262 τοῦ
3409 5210 3578 5262 Κατὰ
3612 5209 3774 5262 Ἀπο-

2187 5303 2464 5369 λιναρίου
2531 5303 2713 5372 λόγου,
2744 5305 2824 5358 ὅτι
2868 5302 2967 5356 Διὰ
3014 5302 3174 5356 τοῦτο
3222 5301 3412 5369 ιλεγεν
3467 5301 3497 5352 ὁ
3545 5300 3772 5369 Κύριος,

2187 5393 2302 5447 Νῦν
2330 5396 2363 5464 ἡ
2388 5394 2536 5464 ψυχή
2561 5411 2664 5464 μου
2685 5395 3044 5466 τετάρακται.
3077 5392 3150 5446 Τὸ
3182 5392 3238 5444 δὲ
3268 5391 3388 5446 νῦν
3409 5389 3574 5444 τοῦτό
3603 5393 3772 5452 ἐστιν,

2187 5485 2276 5536 ὅτε
2307 5483 2593 5553 ἠθέλησεν.
2636 5487 2823 5554 Ὅμως
2859 5485 3042 5554 μέντοι
3073 5483 3136 5536 τὸ
3172 5482 3233 5535 δν
3266 5481 3644 5536 ἐπιδείκνυται
3670 5495 3688 5510 ⁸
3715 5481 3774 5532 οὗ

2188 5579 2298 5648 γὰρ
2328 5578 2388 5631 τὸ
2417 5577 2488 5648 μὴ
2521 5575 2578 5630 ὃν
2603 5577 2679 5640 ὠς
2705 5576 2876 5646 παρὸν
2889 5574 3204 5644 ὠνόμαζεν,
3247 5574 3324 5637 ὡς
3356 5573 3584 5643 δοκήσει
3629 5589 3774 5638 γινο-

2193 5669 2368 5740 μένων
2398 5669 2506 5724 τῶν
2533 5668 2844 5739 λεγομένων
2873 5681 2886 5696 ·
2920 5666 3082 5736 φύσει
3127 5665 3237 5735 γὰρ
3268 5666 3362 5719 καὶ
3421 5662 3657 5734 ἀληθεία
3711 5661 3772 5716 τὰ
