3912 6298
168 287 299 356 1261
432 358 436 361 Α
504 266 508 268 Ὗ
1081 284 1100 313 λ

1321 254 1469 345 ὀε
1503 286 1784 375 SECTIS.
1812 310 1878 319 -ο
1921 286 2085 347 ACT.
2154 286 2230 346 Χ.

3302 283 3441 351 1262

163 424 343 464 mmo
393 403 622 475 ἐγίνετο.
666 399 838 455 Πάλιν
872 398 928 452 ἐν
954 397 1125 468 ἑτέρῳ
1161 415 1172 429 ·
1208 398 1289 450 ὅτι
1323 396 1440 450 Κᾶν
1468 397 1543 467 μὴ
1573 397 1739 466 ἡττή-

1858 398 2092 453 dicatur:
2121 414 2231 453 non
2265 401 2411 453 enim
2450 400 2599 470 quod
2627 416 2737 455 non
2765 407 2904 464 erat,
2934 400 3089 470 quasi
3129 401 3172 456 si
3198 412 3442 472 praesens

167 520 297 574 ματι
327 498 542 569 φύσεως
594 493 876 549 συνέϐαινε
906 491 975 545 τὰ
1017 490 1304 561 λεγόμενα,
1341 490 1456 544 ἀλλ’
1485 489 1742 555 ἐπιδείξει

1858 496 2012 548 esset.
2042 488 2301 557 protulit:
2335 504 2400 545 ac
2421 490 2467 544 si
2497 492 2680 560 specie
2712 499 2875 546 tenus
2915 489 3129 557 tierent,
3156 508 3279 562 quae
3319 493 3438 548 ﬁeri
3548 522 3551 525 -

1849 579 2211 645 dicebantur;
2240 581 2446 651 quippe
2471 590 2667 637 natura
2690 592 2751 638 et
2775 599 2905 638 vere
2969 584 3153 640 omnia
3210 585 3435 642 ﬁebant.

164 592 455 663 ὑπάρξεως
483 588 695 657 ἐγίνετο
721 584 790 639 τά
820 583 1102 654 γινόμενα.

164 688 379 743 Rursus
399 683 529 740 alibi
551 700 565 736 :
587 681 708 737 Non
733 677 952 734 defectu
971 685 1179 735 natura:
1198 682 1387 731 tamen
1440 672 1789 739 accidebant,
1830 689 1953 743 quae
1982 673 2354 739 dicebantur;
2386 674 2483 730 sed
2518 690 2643 746 qua:
2712 676 2918 732 ﬁebant
2998 678 3442 735 demonstranda:

163 793 327 834 causa
358 772 684 832 substantia:
710 770 938 829 ﬁebant.

235 875 399 926 Ὥστε
437 873 487 925 εί
527 870 620 924 τὸν
659 867 822 922 αὑτὸν
855 868 992 937 ἡμῖν
1017 865 1217 937 τρόπον
1251 864 1511 935 ἔπασχεν,
1541 862 1602 917 οὐ
1665 859 1749 913 δυ-

163 961 376 1033 νάμεθα
422 961 603 1013 εἰπεῖν
641 956 776 1013 αὐτὸ
810 953 1108 1025 ἄφθαρτον,
1148 953 1337 1024 ῶσπερ
1378 952 1499 1009 οὐδὲ
1525 951 1587 1005 τὸ
1613 948 1751 1020 ἠμέ-

160 1070 342 1126 τερον.
404 1052 515 1107 Καὶ
565 1047 885 1119 ἀποροῦμεν
937 1045 1196 1115 τοιαύτην
1245 1044 1501 1116 ἀπορίαν,
1554 1043 1634 1095 ὅτι
1687 1041 1750 1094 Εἰ

163 1150 444 1220 ἄφθαρτον
462 1146 647 1212 λέγετε
667 1144 728 1198 τὸ
747 1143 908 1213 σῶμα
921 1141 1019 1195 τοῦ
1031 1140 1293 1213 Χριστοῦ,
1323 1140 1423 1194 οὐκ
1446 1139 1592 1192 ἐστιν
1617 1138 1750 1208 ἡμῖν

163 1240 473 1312 ὀμοούσιον,
510 1238 560 1293 εἰ
597 1236 659 1295 τὸ
693 1234 792 1305 μὲν
821 1231 917 1289 τοῦ
961 1230 1197 1302 Χριστοῦ
1229 1228 1504 1300 ἄφθαρτόν
1527 1229 1661 1290 ἐστι,
1692 1226 1754 1279 τὸ

168 1334 223 1387 δὲ
256 1332 529 1403 ἡμέτερον
585 1325 847 1397 φθαρτόν.
882 1323 1046 1377 Ἀλλά
1075 1322 1211 1392 πρὸς
1250 1319 1410 1374 τοῦτο
1447 1317 1753 1372 ἀντείποιεν

168 1424 233 1479 ἂν
269 1422 363 1476 καὶ
401 1419 577 1486 αὐτοὶ,
621 1419 703 1473 ὅτι
740 1418 837 1470 Ὃν
866 1416 1070 1486 τρόπον
1128 1411 1268 1483 μετὰ
1321 1412 1421 1482 τὴν
1454 1410 1753 1466 ἀνάστασιν

168 1515 445 1585 ἄφθαρτον
474 1511 724 1579 λέγοντες
745 1508 806 1561 τὸ
846 1506 1008 1576 σῶμα
1040 1504 1137 1559 τοῦ
1172 1500 1434 1574 Χριστοῦ,
1467 1500 1754 1571 ὁμοούσιον

162 1606 356 1675 λέγετε
381 1603 511 1657 αὐτὸ
533 1598 693 1665 εἶναι,
726 1599 817 1653 τὸν
846 1596 1011 1652 αὑτὸν
1054 1596 1258 1668 τρόπον
1300 1594 1396 1650 καὶ
1447 1595 1613 1664 ἡμεῖς
1647 1590 1754 1662 πρὸ

1919 856 1983 914 ll.
2009 853 2373 929 Quapropter,
2393 859 2438 913 si
2457 858 2653 917 eodem
2686 860 2974 917 nobiscum
2995 863 3161 924 modo
3187 869 3438 937 patieba-

1853 954 1968 1013 tur,
2004 964 2116 1003 non
2147 965 2440 1019 possumus
2463 951 2513 1007 ei
2550 969 2752 1025 corpus
2781 956 3207 1028 incorruptibile
3226 962 3443 1018 tribue-

1850 1055 1927 1105 re,
1962 1042 2125 1096 sicuti
2155 1058 2226 1098 ne
2256 1044 2418 1100 nobis
2447 1046 2691 1116 quidem.
2720 1048 2981 1119 Adeoque
3034 1052 3141 1105 tale
3174 1053 3438 1122 quiddam

1851 1132 1933 1187 eis
1958 1134 2289 1204 obiicimus:
2349 1137 2406 1193 Si
2432 1137 2638 1195 Christi
2673 1156 2875 1211 corpus
2900 1142 3326 1214 ineorruptibile
3355 1148 3442 1203 di-

1852 1222 1998 1288 citis,
2034 1226 2405 1297 nonejusdem
2439 1238 2526 1285 est
2550 1230 2838 1286 nobiscum
2873 1232 3197 1289 substantiae
3222 1253 3234 1289 :
3263 1252 3441 1306 quan-

1853 1314 1927 1371 do
1952 1330 2156 1386 corpus
2190 1318 2339 1374 illius
2364 1319 3077 1392 incorruptibile,nostrum
3108 1335 3190 1380 est
3243 1343 3441 1383 corru-

1855 1407 2070 1478 ptibile.
2109 1408 2216 1465 Sed
2247 1410 2500 1473 fortassis
2532 1415 2599 1470 ad
2625 1416 2730 1470 hoc
2752 1416 2857 1486 ipsi
2885 1417 3128 1472 vicissim
3156 1418 3398 1475 inferent
3422 1463 3438 1484 ,

1853 1512 1965 1567 quo
2012 1498 2177 1553 modo
2212 1515 2314 1555 nos
2346 1516 2378 1556 a
2419 1504 2828 1560 resurrectione
2878 1504 3086 1561 Christi
3116 1520 3320 1576 corpus
3352 1506 3440 1562 in-

1854 1591 2217 1677 corruptibile
2267 1594 2538 1660 dicentes,
2600 1598 2964 1652 nihilominus
2990 1598 3264 1669 "ejusdem
3318 1615 3441 1656 esse

163 1671 263 1770 τῆς
287 1695 638 1756 ἀναστάσεως
663 1690 943 1763 ἄφθαρτον
966 1689 1242 1759 λέγοντες,
1286 1685 1576 1758 ὁμοούσιον
1617 1685 1751 1755 ἡμῖν

1858 1671 2144 1737 nobiscum
2175 1684 2495 1741 substantia)
2527 1687 2809 1744 tradamus
2838 1705 2851 1742 :
2889 1688 3084 1743 eodem
3129 1704 3191 1744 se
3219 1704 3440 1760 quoque

162 1787 539 1862 ὁμολογοῦμεν
570 1779 733 1838 εῖναι.
774 1784 968 1853 Ἡμεῖς
1008 1781 1065 1834 δὲ
1112 1779 1369 1850 λέγομεν,
1419 1779 1502 1833 ὅτι
1536 1777 1599 1830 Εἰ
1654 1777 1750 1830 καὶ

161 1881 443 1952 ἄφθαρτον
471 1877 605 1931 αὐτὸ
633 1872 1006 1945 ὁμολογοῦμεν
1044 1872 1183 1941 μετά
1210 1870 1311 1941 τὴν
1342 1867 1662 1928 ἀνάστασιν,
1686 1867 1747 1919 οὐ

158 1976 231 2045 τῇ
259 1971 419 2042 φύσει
446 1969 679 2037 λέγομεν
706 1959 837 2019 αύτδ
872 1962 1173 2033 ἄφθαρτον,
1218 1961 1285 2030 τῇ
1312 1959 1370 2013 δὲ
1400 1957 1630 2027 χάριτι.
1690 1956 1749 2008 Et

159 2065 220 2120 δὲ
248 2061 687 2127 εῐταοσιν,Ἔστω
704 2058 799 2110 ιιια)⁸
824 2055 933 2126 πρὸ
962 2055 1061 2122 τῆς
1089 2051 1439 2112 ἀναστάσεως
1465 2051 1532 2118 τῇ
1567 2048 1750 2118 χάριτι

160 2155 442 2226 ἄφθαρτον
465 2169 483 2184 ο
512 2152 769 2221 λέγομεν,
802 2148 885 2201 ὅτι
925 2146 999 2199 Οὐ
1040 2144 1315 2214 συγχωρεῖ
1340 2140 1498 2195 τοῦτο
1528 2141 1598 2193 τὰ
1622 2139 1751 2209 περὶ

158 2248 258 2303 τοῦ
296 2243 538 2317 Χριστοῦ
562 2243 833 2312 λεγόμενα
860 2257 873 2268 ·
914 2237 1021 2311 πρὸ
1065 2237 1166 2308 μὲν
1196 2235 1305 2308 γὰρ
1360 2234 1459 2305 τῆς
1512 2231 1750 2286 ἀναστά-

160 2357 305 2402 σεως
331 2335 669 2405 λέγεταικαὶ
707 2331 990 2402 πεινῆσαι,
1030 2328 1129 2384 καὶ
1176 2327 1420 2398 διψῆσαι.
1478 2326 1589 2381 Καὶ
1635 2322 1751 2386 πῶς

158 2433 231 2489 ἂν
260 2431 348 2499 εἴη
375 2430 437 2483 τὸ
458 2426 633 2482 ταῦτα
653 2423 939 2487 πεπονθὸς,
980 2420 1261 2491 ἄφθαρτον
1291 2435 1307 2485 ;
1347 2416 1503 2475 Μετὰ
1549 2416 1606 2470 δὲ
1651 2413 1749 2485 τὴν

156 2523 469 2578 ἀνάστασιν
494 2518 648 2572 οὐδὲν
668 2514 778 2569 τῶν
802 2511 1058 2568 τοιούτων
1078 2509 1282 2571 ἔπαθεν
1304 2524 1320 2539 ·
1342 2506 1416 2570 ὡς
1438 2505 1614 2575 δῆλον,
1642 2504 1749 2574 πρὸ

159 2616 266 2687 μὲν
301 2614 402 2683 τῆς
423 2609 799 2674 ἀναστάσεως,
836 2604 1076 2677 φθαρτὸν
1101 2599 1248 2660 εἶναι
1279 2600 1343 2655 τὸ
1382 2599 1565 2669 σῶμα,
1606 2596 1746 2669 μετά

154 2710 218 2764 δὲ
257 2707 358 2778 τὴν
403 2705 723 2768 ἀνάστασιν,
751 2699 1049 2770 ἄφθαρτον.
1105 2696 1169 2750 Εἰ
1218 2692 1328 2764 γάρ
1384 2692 1479 2747 καὶ
1525 2689 1746 2758 λέγεται

155 2800 363 2870 φαγεῖν
414 2796 554 2869 μετά
597 2794 697 2866 τὴν
739 2793 1055 2853 ἀνάστασιν,
1105 2787 1264 2842 τοῦτο
1313 2786 1384 2842 δι’
1436 2783 1748 2852 οἰκονομίαν

155 2893 420 2962 ἐποίησεν
445 2906 457 2918 ·
489 2887 590 2957 οὐχ
618 2885 697 2948 ὡς
732 2883 810 2954 τῷ
843 2883 957 2936 ὄντι
1011 2879 1235 2942 πεινῶν,
1283 2878 1398 2933 ἀλλ’
1455 2876 1543 2931 ἵνα
1595 2873 1748 2948 δείξῃ

152 2986 277 3046 ⁶τοῖς
310 2980 583 3052 μαθηταῖς
613 2975 800 3042 αὐτοῦ,
835 2975 918 3031 ὅτι
946 2973 1110 3036 αὐτός
1141 2975 1292 3025 ἐστιν
1335 2970 1365 3024 ὁ
1404 2966 1642 3030 ἀναστὰς
1681 2967 1746 3022 ἐκ

1856 1773 2022 1829 modo
2049 1774 2297 1832 dicentes
2330 1776 2474 1832 idem
2499 1787 2627 1834 ante
2667 1780 3128 1836 resurrectionem
3185 1782 3440 1837 incorru-

1858 1865 2051 1937 ptibile
2108 1868 2472 1925 nihilominus
2528 1872 2776 1943 ejusdem
2812 1887 2933 1928 esse
2986 1873 3273 1929 nobiscum
3310 1874 3442 1929 sub-

1859 1961 2080 2015 stantiae
2126 1960 2309 2023 fateri.
2369 1963 2573 2023 Verum
2611 1980 2714 2019 nos
2752 1965 3438 2035 respondemuszEtiamsi

1857 2059 1975 2120 post
2015 2054 2476 2111 resurrectionem
2513 2056 2935 2128 incorruptibile
2984 2058 3291 2123 fateamur.
3329 2076 3438 2115 non

1858 2151 2042 2198 tamen
2098 2160 2129 2198 a
2182 2146 2345 2202 nobis
2387 2148 2811 2220 incorruptibile
2886 2159 3084 2206 natura
3145 2153 3277 2218 dici,
3341 2153 3436 2208 sed

1857 2236 2049 2305 gratia.
2084 2237 2141 2294 Si
2167 2239 2505 2311 subiecerint
2530 2261 2544 2297 :
2574 2242 2746 2298 Etiam
2796 2251 2925 2300 ante
2972 2248 3436 2302 resurrectionem

1858 2329 2283 2401 ineorruptibile
2308 2349 2406 2404 per
2432 2336 2665 2405 gratiam
2706 2346 2826 2391 esto
2858 2352 2875 2389 :
2920 2336 3159 2392 dicimus
3189 2353 3299 2392 non
3335 2339 3439 2393 hoc

1855 2435 1921 2474 ea
1954 2421 2276 2489 permittere
2321 2437 2441 2491 quae
2484 2423 2551 2477 dc
2591 2423 2813 2479 Christo
2852 2425 3151 2480 traduntur
3182 2444 3200 2480 :
3230 2428 3438 2483 ctenim

1857 2520 1985 2566 ante
2012 2514 2479 2569 resurrectionem
2504 2524 2559 2570 et
2587 2516 2854 2572 esuriisse
2879 2516 3104 2582 dicitur,
3129 2528 3185 2574 et
3208 2518 3434 2575 sitiisse.

1854 2600 1974 2669 Quo
2003 2612 2189 2658 autem
2225 2605 2388 2660 modo
2434 2607 2855 2678 incorruptibile
2891 2608 3093 2674 fuerit,
3129 2612 3276 2681 quod
3306 2614 3436 2670 talia

1855 2708 2079 2762 passum
2106 2695 2234 2749 est?
2268 2695 2338 2751 At
2370 2707 2493 2766 post
2528 2700 2995 2755 resurrectionem
3024 2701 3166 2757 nihil
3194 2703 3305 2758 tale
3339 2720 3434 2760 ac-

1855 2783 2030 2839 cidit:
2087 2786 2233 2841 unde
2289 2795 2474 2857 potest
2524 2799 2651 2845 ante
2716 2795 3184 2851 resurrectionem
3228 2811 3437 2868 corpus

1851 2875 2025 2932 fuisse
2053 2880 2435 2949 corruptibile,
2456 2894 2579 2952 post
2597 2887 3064 2943 resurrectionem
3100 2888 3429 2961 incorrupti-

1852 2968 2130 3027 bile.Nam
2153 2973 2299 3043 quod
2344 2975 2526 3029 edisse
2549 2987 2672 3045 post
2718 2981 3187 3047 resurrectionem
3206 2983 3434 3053 dicitur,

164 3025 275 3046 ’νυν
310 3025 582 3052 ι”“““·ι*“”“ν
615 3025 800 3042 ’⁷⁷⁷⁷“1
842 3025 915 3031 -νε
952 3025 1107 3036 -νη-
1421 3025 1429 3027 --
1621 3025 1638 3030 -

153 3073 376 3145 νεκρῶν
404 3089 417 3102 ο
448 3071 509 3125 ὃν
536 3069 739 3140 τρόπον
789 3066 1036 3128 καὶτοὺς
1058 3064 1263 3126 τύπους
1309 3062 1419 3118 τῶν
1469 3060 1615 3131 ἥλων
1664 3059 1751 3113 λέο

1947 3025 1954 3026 ,
2031 3025 2127 3027 me
2163 3025 2188 3043 ι
2352 3025 2671 3045 --νη-Γ---
2719 3025 3434 3053 ---....νν-.ν..ν......ν.....,

1858 3062 1911 3118 id
1954 3080 2086 3119 vero
2115 3081 2215 3135 per
2247 3065 2714 3136 dispensationem
2750 3070 2918 3127 fecit:
2946 3088 3057 3128 non
3082 3075 3209 3144 quia
3244 3091 3437 3133 revera

156 3183 324 3238 γεται
357 3160 624 3226 ἐπιδεῖξαι
663 3159 870 3222 αὐτοῖς.
906 3155 1101 3210 Καίτοι
1128 3156 1293 3226 ἡμεῖς
1320 3152 1470 3207 οὐδὲν
1507 3152 1616 3205 τῶν
1646 3149 1754 3220 πρὸ

154 3259 266 3330 τῆς
290 3254 645 3316 ἀναστάσεως
672 3249 866 3307 παθῶν
892 3247 1235 3319 ἀνιπάμεθα
1251 3246 1482 3317 ἔχοντες.
1502 3243 1754 3315 Ἀπαρχὴ

154 3350 219 3404 δὲ
252 3348 354 3417 τῆς
388 3347 452 3400 ὲκ
474 3342 686 3415 νεκρῶν
720 3340 877 3414 ήμῶν
912 3337 1263 3400 ἀναστάσεως
1287 3339 1315 3391 ὁ
1348 3335 1602 3406 Χριστός.
1647 3335 1755 3387 Καὶ

156 3443 320 3513 ὅμως
344 3441 506 3501 αὐτὸς
544 3435 745 3507 εὑρέθη
779 3435 919 3503 ἔχων
946 3447 960 3461 ⁸
994 3432 1070 3494 ὡς
1103 3430 1282 3500 δῆλον,
1317 3429 1399 3482 ὅτι
1444 3427 1512 3483 δι’
1556 3428 1757 3484 οἰκονο-

161 3535 303 3604 μίαν
341 3530 502 3583 τοῦτο
530 3530 774 3597 γέγονεν.
810 3524 1035 3594 Ἀμέλει
1084 3523 1204 3576 οὐδὲ
1253 3521 1403 3591 λέγει
1455 3522 1487 3592 ἡ
1542 3517 1753 3590 Γραφὴ,

156 3627 251 3681 ὅτι
282 3623 591 3692 ἐπείνησεν,
619 3618 734 3675 ἀλλ’
768 3620 850 3674 ὅτι
893 3617 1117 3686 ἔφαγεν.
1159 3614 1485 3683 Ἑπιστῆσαι
1521 3612 1579 3664 δὲ
1614 3611 1754 3674 δέον,

156 3721 250 3775 ὅτι
276 3714 661 3786 παραφέρουσι
703 3712 931 3783 χρήσεις
978 3706 1130 3771 τινὰς
1160 3707 1270 3764 ἀπὸ
1328 3707 1438 3761 τῶν
1499 3706 1758 3777 Πατέρων

157 3812 449 3881 ἄφθαρτον
484 3806 545 3862 τὸ
579 3805 740 3877 σῶμα
783 3803 878 3857 τοῦ
917 3800 1160 3875 Χριστοῦ
1207 3799 1474 3869 λεγούσας
1504 3815 1519 3831 ο
1569 3798 1758 3869 ὥσπερ

158 3904 269 3959 καὶ
297 3902 388 3955 τὸν
412 3900 683 3971 μακάριον
722 3896 994 3968 Κύριλλον
1052 3894 1297 3949 εἰπόντα
1354 3893 1440 3946 ὅτι
1492 3892 1605 3961 Οὐχ
1659 3891 1760 3943 ὑπ-

156 3994 392 4059 εδέξατο
438 3990 677 4061 φθαρτὸν
729 3990 765 4059 ἡ
810 3988 905 4043 τοῦ
962 3988 1137 4055 Λόγου
1172 3986 1308 4056 σάρξ
1340 4002 1355 4016 .
1389 3986 1515 4039 ὅταν
1558 3984 1613 4036 δὲ
1659 3983 1760 4045 τὰς

155 4084 428 4146 τοιαύτας
461 4080 831 4154 παραγάγωσι
866 4081 1113 4149 χρήσεις,
1169 4076 1486 4147 ἐπισκέψαι,
1549 4076 1631 4130 ὅτι
1666 4075 1760 4144 ὁμ-

155 4177 387 4246 ώνυμόν
403 4177 518 4228 ἐστι
538 4174 598 4225 τὸ
612 4169 708 4244 τῆς
731 4172 936 4242 φθορᾶς
957 4171 1147 4241 ὄνομα.
1175 4170 1407 4239 Λέγεται
1428 4171 1537 4241 γὰρ
1560 4167 1756 4239 φθορὰ,

157 4271 195 4340 ἡ
234 4263 509 4335 παντελὴς
550 4262 792 4323 διάλυσις
828 4260 924 4316 τοῦ
944 4260 1219 4331 ησώματος
1263 4261 1342 4323 εἰς
1381 4259 1449 4314 τὰ
1496 4261 1754 4329 στοιχεῖα,

1852 3156 2113 3221 esuriret,
2138 3156 2233 3210 sed
2259 3157 2336 3211 uti
2361 3156 2649 3228 discipulis
2670 3162 2788 3217 suis
2814 3163 3157 3231 ostenderet,
3189 3166 3437 3237 seipsum

1853 3263 1975 3304 esse
2026 3249 2121 3320 qui
2176 3249 2244 3305 de
2301 3252 2535 3307 mortuis
2570 3255 2963 3312 resurrexisset
2996 3274 3014 3310 :
3051 3274 3161 3328 quo
3208 3261 3438 3331 quidem

1856 3339 2023 3394 modo
2051 3340 2335 3395 clavorum
2373 3357 2597 3414 quoque
2644 3344 2937 3404 cicatrices
2979 3349 3064 3405 eis
3099 3362 3439 3413 monstrasse

1855 3428 2084 3485 dicitur.
2122 3432 2288 3501 Atqui
2317 3448 2420 3489 nos
2452 3434 2527 3489 ita
2556 3451 2917 3508 resurgemus
2951 3449 3012 3496 ut
3047 3457 3241 3498 earum
3296 3448 3437 3504 nulli

1856 3523 2177 3590 passionum
2198 3525 2421 3578 obnoxii
2440 3525 2615 3582 simus
2630 3568 2645 3592 ,
2666 3545 2805 3597 quas
2825 3541 2951 3588 ante
2968 3517 3436 3597 resurrectionem

1856 3614 2198 3683 experimur.
2226 3616 2447 3670 Interim
2482 3617 2744 3687 primitiae
2779 3624 3206 3681 resurrectionis
3235 3640 3442 3687 nostra

1858 3706 1926 3761 de
1953 3708 2188 3762 mortuis
2205 3708 2468 3765 Christus
2493 3718 2577 3766 est
2596 3753 2610 3774 ,
2642 3723 2698 3767 et
2724 3723 2906 3770 tamen
2933 3716 3048 3772 haec
3068 3718 3162 3775 ille
3185 3733 3440 3789 repertus

1859 3806 1944 3854 est
1973 3799 2180 3853 habere
2220 3818 2234 3853 :
2271 3801 2338 3856 de
2384 3818 2495 3870 quo
2542 3803 2896 3860 mnifestum
2930 3821 3018 3863 est
3074 3809 3126 3863 id
3167 3827 3289 3868 esse
3340 3832 3440 3885 per

1859 3888 2329 3958 dispensationem
2362 3891 2587 3947 factum.
2618 3894 2688 3949 Et
2725 3896 2947 3965 quidem
2998 3898 3282 3972 Scriptura
3330 3897 3439 3965 non

1859 3979 1996 4035 dicit
2023 3996 2148 4035 cum
2179 3981 2463 4044 esuriisse.
2486 3984 2582 4038 sed
2613 3987 2944 4044 comedisse.
2980 3990 3279 4050 Sciendum
3307 4013 3441 4053 vero

1857 4071 2095 4142 proferri
2129 4073 2195 4125 ab
2226 4074 2306 4127 eis
2341 4074 2603 4144 quasdam
2635 4078 2857 4133 Patrum
2889 4083 3250 4142 auctoritates
3273 4127 3286 4151 ,
3319 4104 3441 4158 quae

1860 4165 2284 4234 incorruptibile
2316 4164 2521 4221 Christi
2563 4183 2765 4239 corpus
2794 4171 3012 4240 dicunt;
3051 4175 3193 4231 sicut
3239 4188 3292 4233 et
3333 4180 3442 4253 Cy—

1859 4255 2045 4309 rillum
2090 4257 2373 4325 allegant,
2437 4256 2524 4311 his
2588 4260 2814 4317 verbis:
2868 4262 3016 4319 Nihil
3074 4271 3441 4338 corruptibilc

155 4360 223 4427 ἐξ
265 4350 344 4411 ὧν
391 4354 649 4424 συνετέθη
679 4371 692 4384 ·
732 4354 825 4407 καὶ
856 4352 1076 4422 λέγεται
1105 4352 1299 4424 φθορά,
1332 4352 1404 4411 τά
1436 4351 1751 4422 ἀνθρώπινα

1861 4347 2104 4415 suscepit
2158 4362 2289 4401 caro
2337 4347 2643 4404 Sermonis.
2695 4350 2804 4407 Sed
2854 4355 3077 4424 quoties
3121 4357 3437 4424 huiusmodi

154 4450 344 4507 ταῦτα
372 4448 540 4520 πάθη,
572 4446 718 4501 τοῦτ’
756 4446 962 4500 ἔστιτὸ
1000 4449 1214 4517 πεινῇν,
1273 4444 1369 4501 καὶ
1415 4444 1600 4515 διψῆν,
1656 4445 1753 4499 καὶ

154 4543 268 4598 ὅσα
303 4540 552 4593 τοιαῦτα.
581 4538 751 4591 Ὅταν
791 4532 883 4590 οὖν
915 4533 1044 4607 εἴπῃ
1073 4552 1157 4598 τις
1186 4534 1296 4588 τῶν
1335 4534 1614 4605 Πατέρων,
1672 4536 1754 4588 ὅτι

156 4634 266 4703 οὐχ
306 4631 570 4701 ὑπέμεινε
604 4628 813 4701 φθορὰν
842 4628 903 4682 τὸ
932 4626 1090 4697 σῶμα
1136 4624 1232 4683 τοῦ
1284 4625 1542 4698 Χριστοῦ,
1578 4622 1755 4678 ’τοῦτο

157 4725 344 4792 λέγει,
379 4724 462 4776 ὃτι
491 4722 549 4775 οὐ
580 4721 827 4791 διαμπὰξ
852 4720 1016 4789 ἐλύθη
1052 4737 1065 4749 ·
1106 4719 1247 4788 ὅπερ
1281 4718 1481 4787 ἀληθὲς
1510 4718 1669 4786 δῆλον
1695 4717 1755 4781 ἐξ

156 4811 241 4871 ὧν
273 4815 670 4883 ἀντιλέγουσιν.
709 4814 798 4865 Ἕν
830 4811 1047 4875 πολλοῖς
1094 4811 1204 4882 γὰρ
1243 4809 1348 4883 πρὸ
1389 4810 1487 4879 τῆς
1523 4808 1754 4863 ἀναστά-

158 4926 313 4970 σεως
344 4906 583 4977 φθαρτὸν
618 4905 748 4958 αὐτὸ
776 4904 1018 4972 λέγουσι,
1053 4901 1191 4974 μετά
1228 4900 1285 4955 δὲ
1306 4900 1404 4972 τὴν
1435 4900 1749 4962 ἀνάστασιν,

155 5000 470 5072 ἄφθαρτον.
499 4996 605 5053 Καὶ
632 4996 874 5052 τοσαῦτα
910 4997 1006 5066 μὲν
1034 4995 1162 5066 περὶ
1190 4993 1508 5048 Γαῖανιτῶν.

1860 4439 2220 4494 auctoritates
2250 4440 2560 4509 proferunt,
2584 4444 3049 4502 considerandum
3073 4451 3245 4513 venit,
3269 4456 3442 4524 requi-

1857 4545 2055 4585 vocum
2104 4547 2225 4586 esse
2279 4534 2686 4604 corrruplionis
2728 4540 3076 4596 vocabulum.
3126 4543 3260 4600 Nam
3313 4563 3440 4603 cor-

1856 4623 2040 4693 ruptie
2062 4623 2269 4678 dicitur
2290 4626 2451 4695 plena
2476 4626 2771 4683 dissolutio
2786 4633 3039 4701 corporis
3062 4634 3117 4689 in
3142 4636 3438 4701 elementa.

1856 4713 1925 4768 de
1938 4713 2143 4784 quibus
2161 4720 2529 4785 compositum
2553 4719 2657 4773 fuit
2674 4737 2688 4773 :
2707 4719 3009 4794 itidemque
3024 4730 3438 4800 corruptionem

1832 4820 2118 4861 -voeamus
2149 4806 2472 4864 atl'ectiones
2503 4811 2620 4865 sive
2658 4815 2948 4882 passiones
2980 4816 3104 4873 illas
3147 4820 3438 4889 humanas,

1858 4906 1922 4952 ut
1973 4898 2213 4964 esurire,
2247 4899 2426 4965 sitire,
2459 4917 2690 4972 quaeque
2723 4914 2853 4959 sunt
2885 4908 3006 4978 ejus
3054 4912 3272 4981 generis
3308 4913 3437 4968 alia.

1855 4989 1995 5047 Cum
2042 5005 2173 5062 ergo
2207 4992 2431 5047 Patrum
2482 4994 2684 5065 aliquis
2727 4997 2935 5055 dixerit
2975 4999 3183 5058 Christi
3236 5019 3441 5077 corpus

154 5111 284 5153 non
315 5095 647 5152 sustinuisse
678 5092 1112 5162 corruptionem,
1143 5091 1250 5146 hoc
1287 5090 1548 5145 nimirum
1584 5088 1740 5151 dicit,
1783 5104 1891 5143 non
1927 5103 2154 5158 prorsus
2220 5087 2393 5143 fuisse
2460 5090 2792 5149 dissolutum
2840 5095 3031 5164 :quod
3081 5112 3217 5153 sane
3245 5115 3438 5157 verum

152 5206 331 5255 esse,
378 5190 447 5246 de
495 5185 792 5245 contrariis
822 5201 1017 5241 eorum
1064 5185 1231 5241 dictis
1280 5194 1450 5255 patet.
1483 5184 1747 5240 Pluribus
1782 5184 1931 5238 enim
1965 5182 2023 5237 in
2064 5181 2200 5237 locis
2229 5192 2359 5238 ante
2393 5186 2855 5243 resurrectionem
2920 5191 3100 5262 ipsum
3160 5211 3284 5252 esse
3311 5213 3439 5254 cor-

154 5281 438 5355 ruptibile
470 5278 723 5345 tradunt,
749 5286 877 5348 post
916 5277 1387 5332 resurrectionem
1418 5274 1862 5347 incorruptibilc.
1896 5274 2134 5328 Tantum
2162 5273 2235 5328 de
2264 5272 2553 5331 Gaianitis.

235 5378 308 5431 Οί
342 5376 400 5430 δὲ
445 5375 732 5443 Ἀγνοηταὶ
773 5372 950 5427 πάντα
995 5370 1384 5442 ὁμολογοῦντες
1428 5371 1504 5435 ῶς
1536 5373 1585 5425 οι
1620 5371 1751 5424 Θεο-

150 5469 429 5533 δοσιανοὶ,
460 5468 539 5529 εἰς
564 5467 721 5519 τοῦτο
747 5462 1131 5535 διαφωνοῦσιν,
1162 5464 1242 5518 ὅτι
1261 5464 1312 5515 oi
1347 5463 1445 5532 μὲν
1468 5460 1748 5515 Θεοδοσια-

149 5561 245 5617 vol
278 5559 340 5612 οὐ
370 5559 620 5627 λέγουσιν
660 5558 873 5626 ἀγνοεῖν
903 5555 964 5610 τὸ
999 5552 1339 5625 ἀνθρώπινον
1363 5553 1457 5605 τοῦ
1488 5551 1746 5624 Χριστοῦ·

148 5654 208 5708 οῖ
238 5650 324 5712 δὲ,
354 5652 593 5718 ἀγνοεῖν.
620 5650 775 5703 Κατὰ
796 5647 975 5702 πάντα
1003 5647 1135 5717 γὰρ,
1161 5644 1345 5715 φασὶν,
1386 5642 1564 5697 ἔοικεν
1594 5645 1747 5714 ἡμῖν.

149 5745 223 5799 Εἰ
254 5738 317 5793 δὲ
346 5740 852 5811 ἀγνοοῦμενήμεῖς,
888 5736 1133 5810 δηλονότι
1186 5736 1280 5792 καὶ
1323 5734 1486 5798 αὐτὸς
1538 5735 1747 5804 ἠγνόει.

1933 5369 2020 5423 Ill.
2054 5368 2316 5438 Agnoetac
2349 5385 2482 5424 vero
2515 5371 2844 5430 conﬁtentes
2876 5378 3061 5436 omnia
3095 5394 3219 5451 quas
3252 5380 3438 5439 Theo-

1860 5461 2072 5517 dosiani
2098 5501 2113 5525 ,
2148 5459 2465 5532 discrepant
2507 5463 2563 5518 in
2593 5464 2720 5531 hec,
2748 5467 2896 5537 quod
2922 5468 3130 5532 Christi
3177 5474 3438 5532 humani-

1856 5562 2023 5609 tatem
2054 5553 2307 5624 ignorare
2336 5553 2707 5614 Theodosiani
2736 5573 2978 5631 negant,
3030 5564 3139 5621 illis
3185 5566 3440 5640 ignorare

1856 5645 2280 5701 afﬁrmantibus.
2310 5646 2480 5703 Aiunt
2502 5650 2652 5706 enim
2687 5667 2787 5723 per
2819 5656 3004 5712 omnia
3026 5656 3308 5715 Christum
3342 5675 3435 5716 no-

1855 5736 1942 5792 bis
1979 5736 2296 5795 assimilari.
2328 5737 2486 5808 Quod
2529 5743 2575 5798 si
2623 5759 2726 5802 nos
2768 5748 3113 5821 ignoremus,
3151 5734 3208 5809 et
3254 5757 3439 5829 ipsum
