3912 6298
124 322 146 385 l
158 326 265 391 1‘65

1347 329 1446 391 DE
1483 330 1764 391 SECTIS.
1800 356 1869 367 ’-
1907 332 2069 395 ACT.
2100 332 2173 392 Χ.

3264 333 3411 402 1366

121 443 374 517 καθαροὶ,
407 444 504 501 καὶ
524 448 581 503 οι
606 447 888 520 δαίμονες,
922 448 1019 502 καὶ
1046 451 1100 502 αἱ
1138 447 1330 518 ψυχαὶ,
1357 451 1455 503 καὶ
1478 452 1526 502 οἱ
1548 450 1715 516 ἄγγε-

1825 454 2119 515 dastnonas,
2155 458 2270 505 tum
2301 449 2533 508 animas.
2562 459 2677 506 tum
2714 452 2959 522 angelos,
2989 451 3296 508 ministeria
3317 454 3402 508 diL

121 540 225 599 λοι,
254 540 707 613 λειτουργοῦντες
737 543 816 614 τῷ
850 542 991 614 Θεῷ,
1016 544 1112 596 καὶ
1154 543 1256 607 τὰς
1294 543 1517 606 ἐντολὰς
1546 543 1713 598 αὐτοῦ

122 632 429 699 ποιοῦντες.
473 635 532 688 '0
565 635 621 689 δὲ
670 635 920 701 διάϐολος
970 631 1053 700 εἷς
1100 635 1213 702 ὢν,
1252 635 1443 707 ἐπειδὴ
1475 635 1536 689 τό
1582 636 1715 691 αὑτ-

123 722 366 790 ιξούσιον
421 721 589 797 εἶχεν,
621 727 903 801 ἠϐουλήθη
939 729 1261 800 ἀντιστῆναι
1294 727 1373 799 τῷ
1421 727 1564 798 Θεῷ,
1621 729 1717 783 καὶ

121 814 382 870 ἀπώσατο
414 818 578 871 αὐτὸν
611 821 641 872 ὁ
672 820 827 884 Θεός·
861 821 1286 889 συναπέστησαν
1325 819 1384 874 δὲ
1416 820 1566 890 αὐτῷ
1609 822 1715 874 πᾶ-

125 924 213 961 σαι
247 908 304 961 αἱ
336 909 497 964 ἄλλαι
518 911 805 980 δυνάμεις.
831 914 939 966 Καὶ
969 914 1019 966 οἱ
1048 912 1146 982 μὲν
1178 914 1324 966 πάνυ
1360 913 1717 984 ἁμαρτήσαν-

120 1018 236 1065 τες,
278 1001 537 1073 δαίμονες
570 1005 841 1072 ἐγένοντο·
872 1007 923 1059 οἱ
956 1006 1013 1060 δὲ
1045 1007 1128 1060 ἔτι
1175 1006 1420 1069 ἔλαττον,
1467 1009 1711 1076 ἄγγελοι·

119 1094 171 1145 οί
211 1093 269 1147 δὲ
317 1094 397 1148 ἔτι
449 1094 695 1163 ἔλαττον,
732 1098 1100 1168 άρχάγγελοι·
1152 1099 1248 1153 καὶ
1299 1098 1471 1162 οὕτως
1515 1101 1716 1169 ἑφεξῆς

121 1184 356 1249 ἕκαστος
386 1187 522 1257 πρὸς
550 1187 651 1260 τὴν
692 1190 903 1242 οἰκείαν
934 1189 1207 1260 ἁμαρτίαν
1241 1190 1538 1245 ἀπέλαϐεν.
1580 1191 1716 1247 ’Υπ-

123 1277 408 1331 ελείποντο
440 1279 498 1333 δὲ
528 1281 585 1334 αἱ
623 1281 816 1351 ψυχαὶ,
862 1282 1069 1347 αἵτινες
1117 1283 1241 1337 οὐδὲ
1287 1283 1527 1336 τοσαῦτα
1568 1279 1716 1355 ἦσαν

121 1370 541 1440 ἁμαρτήσασαι,
591 1373 678 1425 ἴνα
721 1372 980 1443 δαίμονες
1017 1375 1327 1444 γένωνται·
1375 1377 1500 1431 οὐδὲ
1550 1378 1716 1431 πάλιν

120 1458 270 1514 οὕτω
296 1462 667 1531 κουφοτέρως,
702 1464 791 1517 ινα
828 1465 1052 1534 ἄγγελοι
1085 1466 1377 1533 γένωνται.
1424 1467 1716 1538 Ἐποίησεν

121 1549 219 1607 οὖν
262 1554 357 1607 τὸν
406 1557 652 1627 παρόντα
696 1558 924 1627 κόσμον,
955 1559 1051 1613 xui.
1099 1559 1200 1630 τὴν
1241 1558 1422 1630 ψυχὴν
1455 1561 1713 1634 συνέδησε

121 1643 203 1713 τῷ
234 1646 446 1715 σώματι
496 1650 636 1720 πρὸς
682 1649 929 1704 κόλασιν.
976 1651 1111 1705 Οὐδὲ
1161 1651 1292 1723 γὰρ,
1342 1653 1501 1723 φησὶ,
1548 1670 1717 1725 προσ-

123 1738 462 1808 ωπολήπτης
492 1743 521 1794 ὁ
549 1741 707 1807 Θεὸς,
751 1743 838 1796 ἵνα
888 1744 1068 1798 πάντα
1114 1746 1290 1798 ταῦτα
1332 1747 1465 1816 μιᾶς
1500 1746 1718 1816 φύσεως

123 1827 257 1881 ὄντα
289 1830 490 1899 (πάντα
520 1831 630 1903 γάρ
670 1832 868 1901 λογικά
912 1837 1020 1888 εισι
1056 1836 1124 1889 τά
1152 1835 1421 1908 ἀθάνατα)
1447 1838 1575 1901 τοὺς
1609 1837 1712 1908 μιν

122 1922 346 1991 ποιήσοι
372 1923 659 1994 δαίμονας,
685 1927 812 1987 τοὺς
836 1926 914 1987 δὲ,
935 1926 1137 1997 ψυχὰς,
1162 1929 1291 1991 τοὺς
1313 1928 1393 1993 δὲ,
1422 1929 1710 1999 ἀγγέλους·

120 2014 267 2068 ἀλλὰ
294 2016 478 2086 δῆλον,
513 2019 596 2071 ὃτι
627 2017 863 2072 ἕκαστον
892 2020 1031 2091 πρὸς
1062 2021 1091 2075 δ
1120 2021 1338 2092 ἥμαρτε
1368 2022 1717 2094 τιμωρούμε-

120 2122 236 2171 νος,
262 2106 354 2158 τὸν
388 2109 490 2178 μὲν
513 2109 739 2180 ἐποίησε
769 2110 1025 2184 δαίμονα·
1054 2110 1153 2165 τὸν
1177 2112 1254 2176 δὲ,
1281 2113 1483 2185 ψυχήν·
1514 2115 1607 2169 τὸν
1632 2115 1710 2182 δὲ,

121 2197 378 2268 ἄγγελον.
413 2201 477 2253 Et
509 2202 585 2271 μὴ
623 2202 733 2274 γὰρ
783 2198 851 2275 ἦν
901 2204 1081 2268 τοῦτο,
1127 2207 1220 2259 καὶ
1267 2206 1628 2279 προϋπῆρχον
1661 2209 1716 2262 αἱ

120 2292 321 2362 ψυχαὶ,
363 2293 507 2345 διατι
553 2294 705 2357 τινὰς
751 2297 849 2365 μὲν
878 2295 987 2348 τῶν
1011 2298 1207 2349 νεωστὶ
1236 2297 1538 2367 τεχθέντων
1572 2298 1721 2367 εὑρί-

125 2401 333 2453 σκομεν
357 2385 594 2453 τυφλοὺς
631 2386 798 2456 μηδὲν
824 2388 1277 2460 ἁμαρτήσαντας·
1302 2389 1499 2453 ἄλλους
1526 2390 1582 2444 δὲ
1614 2408 1720 2461 μη-

121 2476 218 2529 δὲν
266 2476 492 2544 ἔχοντας
537 2478 749 2542 κακὸν,
799 2481 1190 2551 τικτομένσυςς
1228 2475 1392 2535 Ἀλλὰ
1443 2481 1603 2551 δῆλον
1636 2484 1719 2536 ὅτι

123 2569 347 2639 προῡπῆ
359 2568 488 2639 ρχόν
512 2586 656 2632 τινες
679 2570 951 2642 ἁμαρτίαι
980 2574 1102 2634 ταῖς
1118 2571 1343 2642 ψυχαῖς,
1369 2573 1464 2642 ἀφ’
1491 2569 1567 2628 ὧν
1590 2575 1719 2628 ἑκά-

125 2675 228 2730 στη
267 2663 404 2732 πρὸς
432 2662 534 2733 τὴν
574 2661 733 2727 ἀξίαν
759 2662 1165 2734 ἀπολαμϐάνει.

198 2925 337 2996 Περὶ
385 2927 442 2980 δὲ
482 2928 581 2996 τῆς
612 2930 1114 2993 ἀποκαταστάσεως
1165 2931 1311 2986 οὕτω
1349 2931 1595 2997 δοξάζει·
1633 2933 1719 2986 ὅτι

123 3018 343 3086 γίνεται
373 3021 588 3090 νεκρῶν
615 3023 939 3086 ἀνάστασις,
967 3024 1062 3076 καλ¹
1081 3024 1294 3093 γίνεται
1329 3025 1574 3092 κόλασις,
1606 3025 1719 3080 ἀλλ’

1818 543 1943 597 vina
1992 543 2294 607 obeuntes,
2345 558 2409 597 ac
2464 541 2891 617 Deimandatjs
2927 544 3395 615 obtemperantes.

1819 635 2110 690 Diabolum
2135 650 2288 701 vero,
2307 635 2376 691 de
2396 635 2495 691 his-
2509 649 2701 701 unum,
2729 635 2886 706 quod
2903 636 3120 692 arbitrii
3143 637 3401 695 libertate

1817 728 2087 799 prreditus
2130 737 2319 796 esset,
2361 728 2477 784 Deo
2526 729 2774 784 voluisse
2822 731 3118 796 resistere,
3164 730 3399 801 ideoque

1817 823 2084 893 refectum
2117 836 2155 876 a-
2179 821 2322 876 Deo:
2368 821 2536 877 simul
2553 821 2856 877 universas
2885 822 3025 878 alias
3052 823 3239 893 copias
3271 838 3397 879 cum

1816 931 1884 971 eo
1913 914 2203 971 defecisse.
2247 913 2354 981 Qui
2403 914 2645 985 graviter
2691 913 3089 983 deliquissent,
3119 912 3400 969 daemonas

1817 1007 2027 1073 factos;
2063 1006 2157 1077 qui
2189 1008 2397 1070 minus,
2435 1007 2689 1077 angelos;
2733 1006 2829 1077 qui
2868 1005 3050 1061 adhuc
3080 1006 3399 1067 minus.ar-

1816 1100 2112 1171 changelos
2150 1099 2499 1170 :eodemque
2552 1098 2816 1169 deinceps
2863 1097 3029 1152 modo
3096 1097 3401 1167 quemlibet

1816 1206 1917 1261 pro
1949 1190 2155 1245 delicto
2188 1205 2290 1245 suo
2317 1205 2509 1261 pmnas
2534 1190 2748 1245 tulisse.
2777 1188 3043 1258 Reliquas
3078 1188 3249 1245 fuisse
3281 1188 3400 1243 ani-

1817 1297 1953 1345 mas,
1986 1296 2109 1353 quae
2138 1296 2319 1352 neque
2348 1291 2458 1337 tam
2488 1281 2640 1351 gravi
2675 1281 2886 1336 scelere
2929 1288 3106 1335 semet
3147 1280 3396 1335 obstrin-

1816 1374 2045 1441 xissent,
2069 1381 2131 1427 ut
2167 1372 2445 1428 daemones
2472 1372 2773 1427 evaderent
2811 1387 2825 1425 :
2868 1387 2972 1428 nec
3016 1387 3211 1426 rursus
3260 1372 3397 1427 adeo

1816 1464 1945 1530 levi,
1982 1473 2043 1520 ut
2076 1463 2255 1537 angeli
2290 1463 2504 1519 fierent.
2539 1462 2729 1533 Itaque
2774 1462 3041 1517 mundum
3085 1463 3235 1517 bunc
3267 1478 3399 1517 con-

1817 1558 2027 1615 didisse
2059 1559 2254 1623 Deum,
2299 1567 2357 1613 et
2388 1557 2629 1613 animam
2665 1555 2924 1626 supplicii
2966 1570 3134 1611 causa
3177 1557 3395 1625 corpori

1818 1652 2097 1722 alligasse.
2134 1652 2247 1707 Nec
2283 1652 2468 1719 enim,
2520 1650 2628 1716 ait,
2675 1664 3039 1719 personarum
3085 1657 3401 1718 acceptator
3430 1639 3477 1721 ὐ

1820 1752 1905 1799 est
1936 1745 2103 1809 Deus,
2135 1744 2232 1815 qui
2256 1744 2372 1799 hmo
2396 1743 2605 1810 omnia,
2636 1752 2849 1798 natura
2880 1743 3048 1798 unius
3075 1743 3397 1798 exsistentia

1822 1835 1971 1907 (sunt
2006 1836 2156 1890 enim
2187 1835 2374 1890 omnia
2403 1837 2616 1891 ratione
2646 1836 2876 1907 praedita
2904 1843 2961 1890 et
3003 1834 3394 1905 immortalia),

1815 1929 1898 1984 sic
1932 1927 2002 1982 ab
2049 1927 2207 1982 initio
2239 1926 2524 1991 conderet,
2574 1935 2636 1981 ut
2680 1927 2840 1989 alios,
2880 1927 3192 1992 daemonas;
3237 1927 3397 1992 alios,
3490 1974 3497 1996 ι

1815 2018 2067 2084 animas;
2115 2018 2274 2084 alios,
2308 2018 2533 2088 angelos
2579 2018 2787 2073 faceret
2826 2038 2841 2072 :
2898 2018 2995 2073 sed
3045 2018 3398 2075 manifestqu

1817 2108 2002 2179 potius
2033 2114 2117 2163 est
2151 2107 2323 2163 Deum
2373 2122 2476 2178 pro
2527 2107 2742 2164 ratione
2774 2107 2965 2163 delicti
2998 2124 3277 2180 quemque
3318 2112 3401 2166 sic

1818 2199 2121 2269 punivisse,
2152 2208 2213 2253 ut
2239 2198 2413 2271 alium
2440 2198 2651 2255 faceret
2682 2198 3027 2267 daemonem;
3060 2201 3252 2264 alium,
3284 2203 3403 2256 ani-

1819 2304 2001 2355 mam;
2033 2289 2226 2356 alium,
2270 2291 2549 2361 angelum.
2581 2290 2806 2361 Absque
2833 2306 2945 2361 quo
2975 2300 3143 2354 esset.
3180 2309 3245 2348 ac
3289 2293 3394 2349 nisi

1819 2383 2263 2451 praecxsisterent
2308 2384 2546 2449 animae,
2597 2384 2693 2454 qui
2749 2382 2872 2438 ﬁeri
2916 2384 3095 2455 possit
3157 2393 3215 2439 ut
3266 2386 3402 2440 alios

1820 2489 2018 2529 recens
2061 2474 2116 2529 in
2163 2475 2345 2530 lucem
2388 2475 2592 2540 editos,
2643 2476 2800 2531 nullo
2847 2476 3092 2533 admisso
3140 2477 3399 2538 crimine.

1820 2562 2028 2631 caecos;
2072 2568 2211 2622 alios
2254 2577 2482 2636 contra,
2519 2570 2640 2625 sine
2682 2569 2818 2625 vitio
2864 2570 3042 2635 nasci,
3087 2570 3429 2642 deprehen--

1820 2658 2048 2715 damus?
2075 2660 2549 2732 Nimirum‘patet,
2580 2661 2783 2732 inquit,
2816 2662 3097 2718 exstitisse
3144 2664 3301 2733 prius
3346 2665 3406 2718 in

1822 2752 1957 2821 ipsis
1992 2753 2191 2808 animis
2230 2754 2431 2809 delicta
2463 2753 2738 2824 quaedam,
2772 2769 3009 2824 quorum
3044 2769 3208 2810 causa
3249 2771 3372 2825 quae

1819 2840 1958 2896 libet
1984 2858 2050 2897 ex
2078 2843 2276 2898 merito
2306 2858 2525 2913 poenam
2556 2843 2746 2900 refert.

1893 2933 1981 2988 Vl.
2021 2934 2097 2989 De
2137 2936 2489 2990 restitutione
2518 2951 2653 2991 vero
2692 2936 2749 2990 in
2785 2936 3083 3007 integrum,
3112 2937 3231 2993 haec
3279 2939 3400 3009 ejus

1823 3024 2048 3097 opinio:
2084 3024 2326 3083 futuram
2356 3034 2705 3083 mortuorum
2729 3028 3219 3096 resurrectionem,
3239 3036 3402 3099 atque

125 3110 231 3162 οὐκ
267 3112 593 3182 ἀπέραντος.
630 3113 1014 3183 Κολαζομένου
1035 3116 1144 3186 γὰρ
1174 3116 1266 3170 τοῦ
1302 3116 1551 3188 σώματος
1583 3118 1719 3173 κατὰ

1826 3119 2195 3190 supplicium;
2255 3120 2351 3176 sed
2402 3120 2631 3176 minime
2677 3120 2804 3176 ﬁnis
2834 3134 3053 3190 expers.
3088 3121 3221 3177 Nam
3275 3123 3405 3178 dum

128 3202 327 3272 μικρὸν
374 3202 699 3274 καθαίρεται
721 3208 754 3277 ἡ
780 3205 950 3276 ψυχὴ,
982 3207 1075 3260 καὶ
1097 3205 1270 3268 οὕτως
1289 3207 1725 3261 ἀποκαθίσταται

123 3297 206 3358 είς
229 3296 327 3365 τὴν
351 3298 588 3367 ἀρχαίαν
608 3299 777 3365 τάξιν.
812 3300 923 3353 Καὶ
954 3300 1078 3361 τοὺς
1107 3298 1367 3367 δαίμονας
1400 3298 1457 3350 δὲ
1493 3298 1589 3352 καὶ
1618 3298 1720 3366 άγ-

126 3390 322 3460 γέλους
346 3391 497 3459 λέγει
517 3391 1009 3445 ἀποκαθίστασθαι.
1027 3390 1453 3461 Ἀνατρέπωμεν
1478 3390 1535 3443 δὲ
1551 3389 1725 3444 ταῦτα

128 3484 332 3547 πάντα,
370 3484 469 3535 καὶ
511 3483 728 3553 πρῶτον
770 3483 831 3536 τὺ
872 3483 1450 3554 τῆς-προϋπάρξεως.
1495 3483 1723 3554 Ἐπειδὴ

128 3576 239 3645 γὰρ
268 3577 332 3627 ἐκ
374 3575 467 3627 τοῦ
501 3574 706 3643 λέγειν,
754 3577 837 3629 ὅτι
877 3574 977 3628 οὐκ
1023 3574 1142 3627 εστι
1178 3575 1658 3647 προσωπολήπτης
1693 3577 1723 3629 ὁ

128 3667 282 3729 Θεὸς,
320 3667 544 3734 συνάγει
589 3667 687 3730 τὰς
718 3665 900 3736 ψυχάς
928 3666 1156 3735 λογικὰς
1193 3665 1360 3730 οὔσας
1390 3668 1486 3721 καὶ
1514 3667 1721 3722 ἀθανάο

129 3776 279 3822 τους,
306 3757 498 3829 ὥσπερ
532 3758 627 3810 καὶ
656 3760 705 3811 οί
738 3757 989 3826 ἄγγελοι,
1020 3758 1122 3821 τὰς
1160 3758 1261 3828 μὲν
1297 3759 1560 3828 συνδῆσαι
1590 3758 1725 3812 Θεὸν

98 3849 479 3919 ,τῷισὼματι,
514 3853 638 3913 τοὺς
678 3850 734 3903 δὲ
762 3852 922 3904 ἐᾶσαι
955 3853 1014 3903 ὲν
1051 3851 1266 3920 οὐρανῷ
1326 3851 1477 3920 αὐτῷ
1516 3867 1728 3920 συμπο-

130 3941 460 3995 λιτεύεσθαι·
497 3943 862 4005 ίστέον,ὃτιτὺ
882 3941 1243 4012 collarion
1276 3943 1373 3997 καὶ
1398 3942 1721 4009 ἀθανάτου,

131 4028 425 4097 ὁμώνυμόν
478 4032 646 4086 ἐστιν.
688 4032 853 4085 ’Άλλο
909 4034 1021 4104 γάρ
1071 4035 1187 4085 ἐστι
1243 4031 1305 4085 τὸ
1359 4032 1577 4100 λογικὸν
1630 4033 1727 4087 καὶ

131 4120 403 4175 ἀθάνατον
437 4122 542 4174 τῶν
572 4123 848 4191 ἀγγέλων,
883 4125 978 4178 καὶ
1017 4122 1344 4192 ὑπερϐαἴνον
1382 4123 1482 4196 τὴν
1512 4123 1726 4196 ἀνορω-

134 4212 301 4280 πίνην
342 4212 527 4280 φύσιν,
571 4217 668 4268 καὶ
699 4215 828 4270 ἄλλο
864 4216 926 4269 τὸ
974 4217 1274 4287 ἡμέτερον·
1335 4219 1458 4271 ἐπεὶ
1500 4218 1593 4271 καὶ
1633 4218 1725 4272 τὸν

132 4304 270 4358 Θεὸν
299 4306 518 4372 λογικὸν
570 4308 663 4360 καὶ
712 4306 982 4361 ἀθάνατον
1021 4308 1289 4377 λέγομεν·
1332 4308 1512 4363 καίτοι
1553 4310 1612 4362 οὑ
1642 4308 1733 4363 λέ-

134 4412 310 4466 γομεν
352 4397 515 4451 αὑτὸν
544 4394 685 4451 εἷναι
725 4401 826 4471 τῆς
875 4399 1037 4469 ἡμῶν
1088 4399 1322 4466 φύσεως.
1365 4401 1511 4471 Πρὸς
1558 4400 1615 4454 δὲ
1661 4402 1723 4454 τδ

1831 3226 2055 3282 corpus,
2107 3212 2203 3278 ait,
2254 3213 2521 3284 punitur,
2564 3212 2751 3267 anima
2802 3215 3065 3282 paulatim
3117 3210 3404 3285 purgatur,

1827 3311 1995 3374 atque
2034 3305 2140 3361 hoc
2184 3306 2350 3361 modo
2400 3303 2698 3376 pristinum
2740 3306 2798 3360 in
2842 3307 3026 3361 locum
3069 3307 3411 3361 restituitur.

1826 3393 1973 3460 Quin
2008 3403 2064 3450 et
2104 3396 2386 3452 daemonas
2415 3406 2472 3452 et
2504 3396 2731 3467 angelos
2772 3396 2829 3451 in
2873 3397 3148 3468 integrum
3188 3397 3405 3451 restitui

1827 3485 2016 3541 tradit.
2045 3486 2154 3542 Sed
2187 3488 2339 3543 enim
2369 3488 2487 3543 haec
2520 3488 2713 3543 omnia.
2747 3502 2971 3553 nos,.ae
3000 3488 3240 3559 primum
3272 3488 3406 3542 illud

1828 3578 1898 3634 de
1930 3580 2366 3648 praeexsistentia
2395 3580 2726 3636 refutamus.
2767 3579 2904 3635 Nam
2946 3581 3075 3650 quia
3123 3580 3298 3635 frctus
3343 3595 3405 3634 ea

1827 3668 2041 3723 ratione
2069 3668 2216 3738 quod
2243 3684 2510 3739 personas
2536 3670 2683 3725 Deus
2731 3684 2842 3724 non
2866 3677 3113 3738 aeccptet
3131 3710 3145 3731 ,
3178 3670 3409 3739 colligit,

1826 3776 1953 3816 cum
1972 3762 2201 3816 rationis
2220 3761 2515 3831 participes
2533 3763 2744 3816 animas
2761 3770 2816 3815 et
2839 3762 3198 3825 immortales,
3217 3762 3410 3830 quales

1826 3838 1884 3905 et
1910 3851 2089 3921 angeli
2119 3859 2269 3913 sunt,
2295 3850 2548 3920 alligasse
2571 3849 2935 3920 corporibus;
2968 3850 3193 3919 angelos
3216 3859 3401 3903 autem

1828 3942 1884 3996 in
1917 3943 2059 3996 caelo
2098 3941 2409 4012 reliquisse,
2453 3941 2532 3997 uti
2568 3956 2693 3995 cum
2727 3941 2847 4010 ipso
2900 3949 3404 4009 conversarentnr:

1827 4031 2112 4088 sciendum
2151 4048 2315 4088 voces
2345 4032 2498 4096 istas,
2532 4032 2757 4085 rationis
2788 4030 3072 4102 particeps,
3101 4037 3159 4083 et
3187 4030 3407 4083 immov-

1829 4124 1957 4189 mle,
2003 4124 2318 4194 zequivocas
2362 4138 2506 4179 esse.
2558 4123 2691 4177 Nam
2727 4122 2890 4177 aliter
2944 4123 3120 4193 angeli
3176 4121 3406 4176 rationis

1826 4217 2129 4289 participes
2161 4224 2218 4272 et
2246 4216 2588 4271 immortales
2628 4224 2780 4282 sunt,
2829 4216 2991 4270 aliter
3036 4230 3159 4280 nos,
3219 4214 3403 4267 minus

1825 4308 2037 4363 scilicet
2067 4322 2230 4379 quam
2259 4307 2339 4362 illi
2370 4306 2611 4378 :quippe
2642 4308 2815 4362 Deum
2847 4308 3026 4377 ipsum
3065 4321 3285 4376 quoque
3323 4321 3410 4358 ra-

1830 4400 2000 4455 tionis
2029 4400 2355 4469 participem
2390 4408 2445 4453 et
2478 4399 2847 4453 immortalem
2893 4398 3153 4463 dicimus,
3186 4413 3291 4453 nec
3324 4404 3408 4451 ta-

135 4488 338 4557 λέγειν,
370 4490 452 4543 ὄτι
477 4490 586 4544 Καὶ
613 4491 731 4555 πῶς
766 4492 816 4544 οἱ
869 4491 970 4561 μὲν
1009 4491 1290 4545 τίκτονται
1324 4492 1538 4560 τυφλοὶ,
1582 4493 1631 4546 οἱ
1664 4491 1719 4545 δὶ

1830 4507 1957 4546 men
1987 4507 2115 4546 eum
2160 4506 2281 4546 esse
2316 4500 2527 4547 naturae
2581 4499 2783 4547 nostra:
2836 4491 3149 4546 statuimus.
3187 4489 3273 4545 Ad
3305 4489 3408 4543 hoc

140 4580 307 4651 μηδὲν
339 4582 509 4635 κακον
539 4582 784 4652 ἕχοντεςς
817 4583 1072 4654 λέγομεν,
1116 4584 1200 4637 δτι
1251 4584 1428 4637 ταῦτα
1478 4584 1722 4655 κρίματά

139 4673 245 4725 εἰσι
286 4672 516 4743 Κυρίου,
552 4672 648 4726 καὶ
677 4671 761 4725 δεῖ
787 4674 934 4743 ἡμᾶς
966 4672 1142 4726 ταῦτα
1195 4671 1270 4743 μὴ
1312 4670 1523 4742 ζητεῖν.
1565 4673 1722 4726 Ἐπεὶ⁸

138 4765 552 4835 ἀνταποροῡμεν
584 4767 803 4830 αὐτοὺς,
826 4765 977 4819 Διατί
1012 4768 1062 4820 οἱ
1092 4767 1250 4818 ἵπποι
1286 4768 1415 4836 μιᾶς
1442 4766 1595 4830 ὄντες
1620 4764 1722 4836 φύ-

141 4873 300 4917 σεως.
329 4858 379 4910 οἱ
425 4856 526 4926 μὲν
576 4857 869 4927 μοχθοῦσιν
910 4858 972 4910 ὲν
1003 4858 1404 4929 ἁρτοκοπείοις,
1452 4858 1502 4911 οἱ
1548 4856 1607 4910 δὲ
1660 4858 1721 4910 ὲν

138 4949 316 5017 τρυφῇ
354 4947 492 5013 ζῶσι
527 4949 681 5020 παρὰ
713 4948 968 5019 μεγάλοις
993 4947 1338 5020 ἀνθρώποις
1382 4947 1475 5001 καί
1505 4964 1588 5001 τοι
1621 4948 1722 5011 τὰς

138 5038 316 5110 ψυχὰς
348 5041 554 5093 τούτων
600 5042 699 5111 οὐχ
751 5040 1080 5110 ὁμολογοῦσι
1132 5039 1532 5111 προῦπάρχειν.
1572 5039 1635 5092 υί
1664 5038 1723 5091 δὲ

142 5132 481 5185 Πλατωνικοὶ
534 5133 599 5185 ἐκ
648 5131 854 5201 ταύτης
881 5131 1375 5202 στενοχωρούμενοι
1438 5132 1538 5200 τῆς
1585 5133 1722 5185 ἀπο-

147 5222 288 5289 ρίας,
319 5223 415 5276 καὶ
438 5223 549 5275 τῶν
576 5222 787 5292 ἀλόγων
816 5223 972 5277 εἷπον
1000 5223 1378 5294 προϋπάρχειν
1398 5222 1496 5286 τὰς
1522 5222 1718 5292 ψυχάς.

147 5312 280 5382 Περὶ
309 5312 366 5365 δὲ
399 5312 495 5364 τοῦ
527 5312 709 5379 λέγειν
740 5314 962 5379 αὐτοὺς,
998 5316 1073 5383 μὴ
1104 5308 1246 5367 εἶναι
1277 5314 1591 5379 ἀπέραντον
1622 5314 1724 5383 τὴν

144 5404 370 5457 κόλασιν
397 5404 672 5473 (λέγουσιν
703 5403 833 5474 γάρ,
863 5404 949 5457 ὅτι
977 5404 1041 5457 τὸ
1067 5404 1168 5458 τοῦ
1196 5405 1393 5469 aliive;
1425 5405 1601 5475 δνομα
1631 5405 1725 5457 ἐπὶ

143 5496 448 5571 ὡρισμένου
503 5499 697 5569 χρόνου
758 5499 1134 5570 λαμϐάνεται,
1183 5500 1279 5554 καὶ
1318 5500 1447 5554 ὅταν
1503 5498 1635 5571 εἴπῃ
1688 5500 1724 5569 ἡ

148 5590 361 5663 Γραφὴ,
392 5592 473 5645 ὅτι
502 5591 694 5645 αίωνία
722 5592 870 5646 ἐστὶν
917 5594 950 5663 ἡ
993 5591 1237 5656 κόλασις,
1270 5592 1334 5645 οὐ
1361 5591 1530 5659 λέγει,
1565 5592 1615 5644 ει
1650 5588 1726 5661 μὴ

152 5682 244 5736 επὶ
268 5683 574 5755 ὡρισμένου
606 5683 847 5755 χρόνον),
881 5684 1078 5748 ἰστέον,
1129 5684 1211 5739 ὅτι
1258 5684 1335 5755 τῷ
1366 5683 1482 5737 ὄντι
1520 5683 1585 5736 τὸ
1624 5681 1725 5736 τοῦ

146 5772 343 5842 αἰῶνος
355 5779 527 5849 ὄνομα
556 5777 651 5831 καὶ
678 5777 827 5848 παρὰ
852 5779 962 5840 τοῖς
987 5776 1111 5843 ἔξω,
1143 5777 1233 5853 καὶ
1267 5777 1416 5848 mpii
1438 5778 1504 5847 τῇ
1530 5776 1717 5847 Γραφῇ

1827 4599 1960 4639 vero
1991 4584 2138 4655 quod
2168 4584 2264 4647 ait,
2292 4598 2531 4654 quonam
2563 4591 2725 4653 pacto
2752 4582 3143 4652 cmeivquidam
3174 4596 3408 4636 nascan-

1829 4682 1950 4738 tur,
2005 4674 2130 4729 aliis
2178 4673 2298 4729 vitii
2349 4672 2490 4727 nihil
2541 4672 2913 4733 habentibus.
2966 4670 3403 4742 respondemus,

1827 4782 1953 4822 esse
1992 4767 2084 4821 illa
2136 4766 2233 4821 Dei
2284 4764 2495 4836 judicia
2552 4780 2675 4834 quae
2731 4763 3060 4834 inquirenda
3109 4779 3218 4816 non
3272 4761 3403 4816 sint.

1827 4859 1937 4914 Nos
1975 4860 2125 4914 enim
2172 4860 2225 4914 ei
2267 4858 2511 4913 vicissim
2558 4855 2875 4926 objioimus,
2907 4854 3134 4924 quinam
3183 4854 3295 4917 ﬁat,
3348 4864 3404 4905 ul

1829 4965 1953 5004 cum
1985 4950 2113 5019 equi
2143 4956 2355 5021 natur:_e
2384 4948 2498 5002 sint
2525 4946 2714 5010 unius,
2744 4945 2835 4999 alii
2867 4953 3047 4998 tamen
3076 4943 3128 4996 in
3159 4943 3408 5012 pistrinis

1827 5042 2104 5103 laborent,
2138 5040 2230 5095 alii
2266 5054 2494 5109 magnos
2520 5037 2666 5107 apud
2693 5036 2947 5092 homines
2979 5036 3033 5089 in
3076 5034 3292 5090 deliciis
3319 5033 3409 5088 vi-

1829 5133 2002 5188 vant?
2034 5131 2185 5203 atqui
2226 5132 2417 5186 nullas
2443 5132 2643 5185 horum
2682 5129 2895 5185 animas
2933 5127 3212 5198 Origenici
3251 5126 3409 5196 prius

1827 5226 2093 5281 exsistere
2109 5222 2462 5278 conﬁtentur.
2484 5223 2745 5277 Platonici
2767 5229 2971 5283 tamen,
2983 5221 3084 5275 liae
3098 5220 3409 5287 obiectione

1829 5317 2029 5387 pressi,
2068 5316 2357 5370 brutorum
2405 5314 2617 5369 animas
2659 5328 2879 5383 quoque
2932 5312 3088 5382 prius
3140 5312 3408 5366 exsistere

1833 5408 2111 5462 dicebant.
2146 5404 2304 5472 Quod
2347 5414 2530 5460 autem
2566 5404 2845 5474 inquiunt.
2888 5418 2999 5457 non
3045 5417 3165 5456 esse
3197 5401 3410 5470 suppli-

1832 5500 1977 5552 cium
2034 5499 2160 5551 linis
2203 5513 2399 5567 expers
2441 5496 2697 5565 (tradunt
2744 5494 2892 5549 enim
2939 5508 3141 5549 nomen
3190 5493 3291 5547 ιν.νί
3340 5492 3409 5545 de

1836 5601 2084 5661 tempore
2107 5588 2338 5645 definito
2363 5588 2537 5657 accipi
2569 5605 2581 5640 :
2611 5596 2667 5641 et
2688 5585 2907 5655 quoties
2943 5586 3228 5656 Scriptura
3262 5583 3408 5636 dit-at

1833 5683 2163 5753 supplicium
2199 5681 2331 5751 illud
2362 5680 2428 5734 ad
2454 5695 2631 5735 arvum
2666 5679 2889 5740 durare,
2919 5693 3028 5732 non
3053 5675 3157 5730 nisi
3184 5674 3249 5729 de
3276 5684 3404 5729 tem-

1834 5791 1971 5846 pore
2004 5773 2231 5830 deﬁnito
2262 5788 2382 5829 eam
2413 5772 2564 5843 loqui
2588 5772 2606 5842 )
2629 5814 2642 5839 ,
2680 5767 2976 5841 sciendum
3014 5784 3137 5822 vero
3177 5765 3429 5835 quidem.
