3912 6298
154 287 288 353 1269

1205 283 1506 351 CONTRA
1545 287 1865 348 NESTOR.
1908 285 2002 346 ET
2044 284 2365 347 EUTYCH.

3240 276 3409 340 ,1270

142 404 318 468 σοφῶν
353 399 530 469 πάντη
570 397 798 460 ἑαυτοὺς
830 396 1091 460 παλαιοὺς
1119 395 1226 452 τῶν
1253 398 1425 465 ἁγίων
1450 398 1719 468 Πατέρων

1850 399 1987 470 iqui
2041 413 2191 453 nunc
2227 404 2359 453 sunt
2403 393 2706 466 sapientes,
2746 410 2804 450 se
2853 397 3076 466 penitus
3106 395 3405 467 ignorent:

141 496 337 555 πόνους
386 489 790 561 ἀγνωμοσύνη,
831 489 998 543 πολὺν
1032 488 1190 544 ὄκνον
1218 490 1452 545 ἐνεποίει
1492 493 1560 561 τῇ
1610 490 1723 543 δια-

1826 492 2062 547 alterum
2082 504 2233 557 vero,
2247 489 2393 561 quod
2409 490 2639 543 istorum
2653 488 2863 558 ingrata
2876 488 3143 543 memoria
3159 497 3405 542 veterum

140 588 259 658 νοξᾳ
289 601 391 655 μου
421 581 559 652 πρὸς
604 582 666 635 τὸ
704 580 1091 652 κπειθαρχῆσαι
1139 581 1217 650 τῷ
1246 581 1588 653 ἐπιτάγματι
1622 582 1725 650 τῆς

1847 584 2079 639 aborum
2106 599 2248 653 quos
2277 582 2453 637 sancti
2482 582 2671 636 Patres
2714 589 3079 650 susceperunt
3106 623 3120 647 ,
3176 581 3408 635 multam

139 677 384 745 ἀγάπης.
412 672 518 736 Οὒς
563 674 672 741 γάρ
728 672 803 743 μὴ
851 672 1114 727 πέπεικεν
1151 673 1220 727 τὰ
1265 674 1403 745 μετὰ
1454 672 1727 744 τοσαύτης

139 771 362 840 χάριτος
392 768 487 820 καὶ
519 766 711 834 σοφίας
745 764 904 830 Θεοῦ,
954 765 1120 819 ἔτιδὲ
1164 767 1260 820 καὶ
1304 767 1404 835 τῆς
1449 766 1590 820 κατὰ
1629 767 1728 837 τὴν

140 862 244 928 ἔξω
281 859 609 928 φιλοσοφίαν
640 859 968 930 ἀκρότητος,
1013 861 1108 913 καὶ
1144 859 1243 928 τῆς
1277 859 1444 931 ἄλλης
1480 859 1730 922 παιδείας

137 952 431 1007 ἐκτεθέντα
466 951 846 1021 συντάγματα,
880 950 996 1015 πῶς
1032 951 1097 1005 ἂν
1124 954 1154 1006 ὁ
1194 952 1403 1024 βραχὺς
1425 946 1604 1019 οὗτος,
1636 954 1731 1007 καὶ

134 1044 245 1097 ἀπὸ
280 1044 484 1114 μικρᾶς
544 1042 957 1114 προφερόμενος
1017 1042 1256 1108 διανοίας
1331 1044 1439 1108 καὶ,
1481 1042 1729 1114 γλώττης

137 1134 575 1202 πείσειεν”λόγος
596 1151 611 1200 ς
981 1163 995 1176 ο

211 1318 407 1388 Ὅμως
436 1317 519 1390 (οὐ
550 1319 659 1389 γὰρ
686 1321 801 1382 τοῖς
835 1321 1272 1390 κεκρατημένοις
1307 1322 1600 1391 ἐγχειρεῖν,
1632 1320 1732 1389 τῆς

132 1409 191 1463 δὲ
218 1409 331 1464 τῶν
360 1410 721 1479 ὑγιαινόντων
752 1412 1060 1480 ἀσφαλείας
1101 1412 1432 1481 ποιήσασθαι
1474 1412 1734 1482 πρόνοιαν

132 1502 524 1572 ἐπιτετάχασι)
562 1504 894 1574 πειθαρχεῖν
920 1503 976 1556 δὲ
1008 1504 1170 1574 φιλίῳ
1201 1505 1605 1575 προστάγματι,
1638 1503 1736 1556 νῦν

131 1593 183 1643 εί
219 1598 316 1645 καὶ
345 1593 421 1662 μὴ
448 1592 716 1665 πρότερον
751 1593 1020 1664 ἔγνωμεν.
1052 1596 1164 1648 Καὶ
1194 1598 1344 1664 τρεῖς
1369 1597 1496 1658 τοὺς
1530 1596 1737 1660 πάντας

127 1684 328 1753 λόγους
351 1686 747 1761 συνετάξαμεν
776 1680 852 1743 ὧν
895 1690 924 1741 ό
953 1690 1051 1760 μὲν
1078 1690 1315 1758 πρῶτος,
1335 1690 1435 1758 τῆς
1455 1689 1736 1743 ἀντιθέτου

1830 675 2107 746 pigritiam
2134 674 2320 729 animo
2360 688 2485 728 meo
2527 673 2594 727 ad
2629 672 3002 728 obediendum
3027 673 3198 743 jussis
3224 673 3410 728 chari-

1830 768 1961 824 tatis
2015 768 2301 824 afferebat.
2338 767 2553 834 Quibus
2578 768 2729 822 enim
2778 781 2891 820 non
2939 774 3236 822 suaserunt
3285 767 3409 821 libri

1833 867 1984 915 tanta
2014 860 2110 915 Dei
2147 860 2320 931 gratia
2343 869 2401 913 et
2433 859 2724 928 sapientia,
2754 874 2817 913 ac
2843 874 3061 916 summo
3088 858 3255 914 etiam
3287 859 3416 930 phi-

1831 950 2100 1021 losophiae
2143 961 2201 1007 et
2245 952 2478 1006 aliarum
2517 952 2940 1021 disciplinarum
2995 953 3182 1007 studio
3215 955 3408 1023 scripti

1831 1052 1889 1099 et
1926 1043 2086 1110 editi,
2125 1044 2406 1113 quomodo
2437 1044 2528 1098 hic
2556 1060 2713 1099 meus
2735 1045 2896 1100 exilis
2921 1061 3108 1100 sermo
3139 1062 3207 1101 ex
3237 1046 3416 1101 tenui—

1833 1144 1944 1191 tate
1980 1144 2095 1190 tum
2127 1136 2363 1202 mentis,
2415 1145 2530 1191 tum
2589 1138 2789 1208 lingua:
2840 1136 3125 1206 profectus
3181 1139 3415 1194 suadere

1832 1224 2038 1295 poterit
2055 1227 2078 1278 ?

1903 1319 2082 1374 Jussis
2134 1328 2317 1373 tamen
2355 1318 2642 1375 benevolis
2667 1361 2683 1384 ,
2719 1321 2825 1375 etsi
2858 1335 2966 1374 non
3024 1321 3182 1390 prius
3210 1362 3223 1381 .
3270 1337 3418 1377 nunc

1838 1411 2059 1466 tandem
2088 1427 2282 1481 parere
2311 1411 2697 1478 decrevimus;
2720 1428 2832 1467 nou
2855 1412 3002 1466 enim
3032 1413 3318 1483 jusserunt
3361 1424 3422 1468 ut

1837 1520 2029 1559 eorum
2057 1505 2152 1574 qui
2185 1505 2398 1560 robusti
2434 1514 2564 1560 sunt
2592 1513 2649 1560 et
2671 1518 2823 1561 recte
2848 1506 3051 1569 valent,
3092 1520 3282 1559 curam
3318 1507 3418 1561 ha-

1843 1596 2122 1651 beremus.
2159 1596 2296 1651 Tres
2328 1596 2516 1665 itaque
2550 1596 2726 1652 libros
2758 1597 3085 1667 scripsimus
3113 1636 3127 1659 ,
3180 1612 3419 1668 quorum

1840 1688 2057 1757 primus
2086 1689 2375 1743 contraria:
2400 1688 2591 1743 etfalsi
2611 1689 2851 1743 nominis
2880 1689 3148 1755 scientia},
3187 1690 3428 1747 Nestorii

136 1778 236 1830 καὶ
270 1776 631 1849 ψευδωνύμου
669 1779 945 1848 γνώσεως
987 1781 1285 1846 Νεστορίου
1331 1798 1391 1834 τε
1430 1782 1526 1834 καὶ
1562 1783 1736 1835 Εὐτυ-

1845 1789 1898 1834 et
1914 1779 2182 1850 Eutycbis
2210 1781 2427 1850 objecta
2458 1788 2514 1834 et
2542 1780 2797 1849 opposita
2819 1781 3135 1835 summatim
3154 1781 3423 1846 continet,

128 1871 267 1938 χοῦς
305 1870 362 1922 ἐν
389 1870 574 1942 ταύτῴ
605 1872 707 1936 τὰς
741 1872 1132 1944 ἀνθυποφορᾶς
1158 1877 1252 1927 καὶ
1280 1875 1380 1936 τὰς
1415 1875 1739 1945 ὑπαπαντή-

129 1974 254 2020 σεις
288 1959 686 2028 κεφαλαιωδῶς
724 1964 997 2034 περιέχει,
1035 1966 1220 2033 σχεδόν
1248 1983 1302 2017 τι
1333 1967 1392 2018 ἐν
1416 1966 1622 2034 ὀλίγοις
1641 1968 1741 2031 τὰς

129 2049 326 2114 πάσας
373 2054 558 2115 αὐτῶν
605 2055 935 2125 περικλείων
979 2058 1383 2130 ἐπαπορήσεις·
1423 2059 1519 2111 ἐπὶ
1565 2075 1740 2129 κεφα·

126 2143 311 2196 λαίων
363 2144 420 2197 δὲ
455 2145 548 2199 τὸν
578 2146 743 2200 αὑτὸν
776 2149 1130 2220 πεποιήμεθα
1175 2150 1354 2218 λόγον,
1383 2151 1620 2205 ἑκάστου
1650 2152 1743 2221 δη-

125 2235 274 2303 λαδὴ
299 2237 625 2305 κεφαλαίου,
663 2238 733 2291 τὰ
764 2239 855 2291 ὑπ’
887 2239 1021 2293 αὐτὸ
1056 2241 1428 2311 ἀναφέρεσθαι
1459 2242 1736 2312 δυνάμενα

128 2324 512 2396 περιέχοντος.
556 2328 621 2381 Ἡ
653 2329 708 2382 δὲ
739 2330 1024 2402 ἐπιγραφὴ
1080 2331 1217 2401 πρὸς
1244 2332 1335 2387 τὸν
1367 2332 1732 2402 ὑποκείμενον

123 2418 346 2471 σκοπὸν
378 2419 609 2490 καιρίως
634 2421 899 2483 τέθειται,
933 2422 1035 2491 τῆς
1068 2424 1209 2476 κατὰ
1236 2423 1334 2494 τὴν
1363 2423 1599 2494 θεότητα
1634 2424 1728 2477 τοῦ

123 2507 384 2577 Χριστοῦ
412 2510 505 2562 καὶ
533 2509 929 2582 άνθρωπότητα
954 2513 1205 2574 ἐναντίας
1232 2514 1510 2581 δοκήσεως
1531 2515 1734 2568 Νεστο-

126 2599 255 2670 ρίου
289 2616 349 2652 τε
381 2601 475 2653 καὶ
502 2601 799 2673 Εὐτυχοῦς,
828 2602 1050 2673 ἐλεγχος
1083 2605 1177 2657 καὶ
1206 2606 1509 2677 ἀνατροπὴ·
1544 2605 1730 2676 ἐπειδὴ

1844 1870 2034 1940 paucis
2066 1886 2262 1925 omnes
2296 1872 2415 1925 fere
2444 1887 2637 1925 eorum
2683 1870 3020 1939 quaestiones
3062 1871 3429 1940 comprehen—

1838 1966 1997 2019 dens.
2038 1965 2438 2035 Distinguimus
2488 1973 2672 2019 autem
2710 1963 2919 2017 librum
2943 1963 2998 2016 in
3023 1963 3224 2031 capita,
3263 1961 3336 2016 ita
3367 1971 3429 2016 ut

1842 2057 2277 2127 unumquodque
2308 2064 2473 2125 caput
2498 2072 2562 2110 ea
2616 2055 2930 2111 contineret
2975 2071 3099 2125 quae
3139 2056 3209 2110 ad
3246 2055 3425 2125 ipsum

1844 2148 2039 2203 referri
2067 2156 2342 2217 poterant.
2378 2147 2675 2217 Inscriptio
2705 2154 2890 2201 autem
2924 2146 3092 2219 hujus
3147 2146 3278 2202 libri
3330 2162 3427 2203 ac-

1846 2241 2193 2296 commodata
2217 2238 2284 2294 ad
2323 2239 2662 2309 propositam
2697 2254 2814 2293 rem
2845 2239 3149 2311 subiectam
3177 2238 3427 2294 adhibita

1840 2343 1946 2398 est,
1983 2332 2276 2386 contrariae
2299 2331 2445 2386 inter
2471 2346 2528 2386 se
2555 2331 2794 2385 lictionis
2823 2331 3064 2387 Nestorii
3088 2338 3144 2385 et
3162 2329 3430 2402 Eutychis

1839 2423 1985 2477 circa
2001 2421 2343 2475 divinitatem
2363 2436 2426 2475 ac
2451 2420 2850 2475 humanitatem
2878 2419 3082 2477 Christi
3099 2419 3232 2476 conf
3232 2420 3427 2485 utatio,

1841 2514 1966 2583 quia
2004 2514 2145 2568 alter
2189 2512 2560 2577 divinitatem,
2582 2511 2723 2567 alter
2741 2512 3142 2568 humanitatem
3164 2511 3430 2582 speciosis

1841 2606 2161 2659 nominibus
2178 2605 2284 2670 usi,
2303 2612 2365 2658 ut
2389 2605 2613 2675 utrique
2630 2604 2811 2659 visum
2839 2612 2945 2670 est,
2972 2603 3155 2661 ﬁctam
3179 2602 3428 2659 tradunt.

123 2692 153 2743 ὁ
183 2688 294 2759 μὲν
322 2692 424 2761 τὴν
455 2690 687 2764 θεότητα
727 2693 969 2765 δοκήσει,
1000 2698 1028 2749 ό
1055 2696 1111 2749 δὲ
1158 2698 1258 2767 τὴν
1299 2696 1719 2768 άνθρωπότητα,
1763 2702 1906 2752 κατὰ
1931 2697 1990 2749 τὸ
2020 2698 2201 2761 αὐτοῖς
2226 2696 2440 2763 δοκοῦν,
2473 2698 2591 2769 μετ’
2622 2696 2917 2768 εὐπρεπῶν
2974 2697 3086 2751 τῶν
3147 2699 3431 2769 ὀνομάτων

120 2785 578 2853 δογματίζουσιν.

220 2874 285 2928 Ὀ
317 2874 374 2926 δὲ
404 2874 657 2945 δεύτερος
690 2877 826 2947 πρὸς
846 2879 974 2942 τοὺς
999 2880 1063 2933 ἐκ
1094 2877 1203 2932 τῶν
1233 2877 1521 2951 ἡμετέρων
1558 2898 1734 2953 προσ-

126 2969 412 3039 θεμένους
438 2971 507 3038 τῇ
542 2970 974 3044 κατεφθαρμένῃ
1007 2971 1188 3041 ἐννοίᾳ
1226 2971 1334 3025 τῶν
1377 2972 1740 3042 Ἀφθαρτοδο-

126 3063 333 3136 κητῶν
351 3064 957 3130 ἁποτείνεται’τούτους
987 3066 1093 3138 γὰρ
1121 3068 1215 3122 καὶ
1244 3069 1484 3138 μάλιστα
1515 3071 1740 3135 δικαίως

1912 2876 2204 2932 Secundus
2239 2877 2381 2932 liber
2404 2884 2491 2931 est
2538 2876 2592 2930 in
2623 2890 2720 2931 eos
2776 2876 2871 2946 qui
2907 2891 2975 2931 ex
3004 2879 3208 2933 nostris
3242 2895 3432 2936 acces-

1846 2975 2039 3022 serunt
2066 2966 2134 3020 ad
2162 2974 2477 3035 corruptam
2509 2965 2844 3021 sententiam
2866 2981 3059 3021 eorum
3107 2967 3204 3037 qui
3229 2983 3433 3039 corpus

1845 3062 2053 3117 Christi
2096 3061 2520 3131 incorruptibile
2560 3067 2690 3115 ante
2735 3060 3199 3116 resurrectionem
3251 3062 3433 3117 trade-

124 3158 200 3214 ἄν
232 3174 330 3220 τις
364 3155 660 3223 ἐλέγξειεν,
710 3156 976 3230 διαφορὰν
1025 3160 1431 3229 ἐπισταμένους
1472 3161 1565 3215 καὶ
1613 3162 1736 3216 ίδιὸ⁴

1845 3154 1994 3219 bant,
2024 3155 2119 3224 qui
2146 3170 2213 3208 ex
2232 3169 2299 3209 eo
2327 3153 2508 3208 vocati
2537 3160 2666 3208 sunt
2685 3151 3216 3223 Ἀφθαρτοδοκῆται.
3237 3152 3435 3209 Justis-

1846 3242 1983 3298 sime
2021 3251 2206 3297 autem
2247 3249 2379 3297 sunt
2410 3240 2466 3295 hi
2502 3239 2799 3296 accusandi
2824 3280 2839 3305 ,
2887 3240 2984 3310 qui
3015 3240 3185 3295 unius
3212 3242 3430 3296 Domini

126 3266 322 3320 τητας
353 3248 450 3301 καὶ
482 3249 894 3319 ἐνεργείαςτοῦ
930 3251 1050 3315 ἐνὸς
1084 3252 1178 3305 καὶ
1220 3251 1385 3321 μόνου
1414 3253 1625 3322 Κυρίου
1650 3255 1743 3307 καὶ

125 3340 281 3396 Θεοῦ
318 3341 414 3393 καὶ
456 3340 712 3412 Σωτῆρος
746 3342 906 3411 ἡμῶν
945 3342 1122 3411 Ἰησοῦ
1162 3342 1426 3414 Χριστοῦ.
1461 3344 1606 3412 Τοὺς
1636 3344 1745 3414 γὰρ

110 3438 288 3508 ’πρὸς
322 3438 421 3500 τὰς
463 3437 658 3504 φύσεις
704 3440 1185 3505 ἁντιστατοῦντας,
1234 3443 1330 3495 καὶ
1378 3441 1441 3495 τὺ
1483 3439 1745 3511 διάφορον

125 3528 333 3585 αὐτῶν
357 3529 731 3599 ἀρνουμένους
776 3530 916 3601 μετὰ
957 3526 1057 3602 τὴν
1099 3532 1315 3599 ἕνωσιν,
1365 3534 1636 3603 ἰδιότητάς
1683 3550 1745 3586 τε

125 3622 239 3677 καὶ
288 3620 577 3691 ἐνεργείας
608 3623 710 3687 τὰς
761 3624 819 3677 ἐν
854 3625 1047 3688 αὑταῖς
1091 3626 1350 3695 άθέσμως
1390 3626 1742 3697 συγχέοντας,

125 3716 197 3769 οὐ
241 3713 457 3785 μᾶλλον
501 3715 752 3794 γελῶμεν
785 3718 883 3786 τῆς
912 3719 1293 3782 ἀπαιδευσίας,
1324 3718 1357 3788 ἢ
1402 3720 1746 3789 οὶκτείρομεν

123 3810 241 3878 τῆς
276 3806 562 3872 ἀσεϐείας,
620 3810 748 3879 περὶ
788 3810 883 3863 τοῦ
934 3810 1141 3879 τρόπου
1190 3810 1587 3881 διαποροῦντας
1635 3810 1746 3864 τῶν

128 3897 289 3972 μηδὲ
343 3899 797 3968 ὁμολογουμένων
844 3902 1048 3967 αὐτοῖς,
1079 3902 1216 3973 μηδέ
1249 3904 1369 3955 κατ’
1400 3903 1584 3965 αὐτοῖς
1611 3902 1747 3955 ὑπο-

126 3989 430 4059 κειμένων
462 3989 702 4056 φύσεων.
749 3989 1078 4045 ’Υποθέσθαι
1111 3990 1220 4063 γὰρ
1254 3990 1363 4043 εδει
1411 3990 1626 4062 πρῶτον
1650 3992 1748 4044 αὐ-

124 4084 259 4144 τοῖς
320 4079 421 4149 τὴν
453 4079 616 4148 φύσιν
665 4080 767 4149 τῆς
812 4080 1067 4147 θεότητος
1096 4081 1190 4136 τοῦ
1220 4082 1484 4154 Χριστοῦ,
1525 4085 1622 4136 καὶ
1649 4085 1748 4153 τὴν

124 4174 325 4244 φύσιν
378 4172 478 4241 τῆς
520 4172 643 4225 κατ’
677 4173 840 4225 αὑτὸν
878 4174 1302 4244 ἀνθρωπότητος
1354 4170 1493 4228 εἷναί
1539 4194 1597 4231 τε
1653 4178 1748 4231 καὶ

126 4264 531 4336 φυλάττεσθαι
591 4265 728 4334 μετὰ
772 4264 872 4336 τὴν
904 4266 1118 4335 ἕνωσιν,
1151 4271 1245 4323 καὶ
1290 4270 1461 4334 οὕτως
1488 4272 1618 4342 περὶ
1646 4271 1736 4339 τῆς

1853 4252 1980 4307 tatis
2007 4251 2233 4317 Christi,
2269 4262 2324 4308 et
2349 4263 2606 4307 naturam
2650 4252 3014 4307 humanitatis
3060 4253 3219 4322 ejus;
3271 4259 3435 4321 atque

123 4356 510 4431 -προσάλληλα
544 4357 751 4411 τούτων
801 4359 1070 4428 σχέσεως,
1115 4362 1211 4416 καὶ
1262 4363 1358 4417 τοῦ
1403 4364 1610 4435 τρόπου
1648 4365 1736 4435 τῆς

1852 4342 1927 4397 ita
1979 4342 2260 4411 inquirere
2289 4352 2479 4413 postea
2509 4343 2788 4414 Quomodo
2818 4358 2877 4398 se
2912 4342 3319 4397 haheantiuter
3352 4357 3431 4406 se,

125 4447 450 4519 ὑπάρξεως
482 4448 987 4521 πολυπραγμονεῖν·
1024 4453 1317 4525 διαλογικῷ
1347 4455 1405 4508 δὲ
1435 4431 1736 4527 χαρακτῆρι

1851 4439 1909 4487 et
1939 4434 2220 4501 quomodo
2275 4433 2405 4487 sint.
2461 4435 2637 4503 Hujus
2680 4432 2814 4487 libri
2848 4433 3024 4504 stylus
3059 4431 3436 4486 conformatus

131 4499 156 4506 ν
199 4499 280 4519 ’τι
323 4499 362 4512 -ν
403 4499 448 4511 θ’
669 4499 959 4521 r"tr‘""'
1028 4499 1316 4525 """'t"“'.'
1349 4499 1404 4508 "
1435 4499 1736 4527 A"t"'""ll"

123 4543 612 4613 διεσχημάτισται
651 4538 807 4608 οὗτος
837 4547 865 4598 ό
896 4545 1073 4613 λόγος,
1105 4547 1282 4613 οὐδὲν,
1319 4546 1394 4610 ὡς
1426 4544 1606 4615 οἶμαι,
1636 4547 1736 4600 τῶν

1850 4531 1934 4578 est
1959 4499 2019 4577 in
2037 4524 2407 4594 disputatione
2427 4533 2485 4579 et
2504 4499 2746 4596 dialogo,
2778 4499 3051 4594 nihilque,
3085 4533 3147 4580 ut
3167 4525 3433 4590 arbitror,

124 4631 585 4686 λυσιτελούντων
621 4650 682 4686 τε
736 4635 830 4687 καὶ
867 4635 1119 4704 ὁρώντων
1153 4637 1232 4699 εις
1262 4635 1361 4706 τὴν
1393 4636 1487 4689 τοῦ
1522 4614 1750 4706 προκει,
1849 4614 2103 4669 relictum
2125 4626 2422 4671 esteorum
2471 4632 2596 4687 quae
2618 4617 2686 4672 ad
2712 4618 3051 4688 propositam
3075 4618 3434 4687 quaestionem

134 4727 328 4799 μένου
365 4724 595 4794 ζήτησιν
634 4727 977 4783 καταλιπών.
1020 4729 1110 4792 Ὠς
1142 4729 1208 4784 ἂν
1251 4729 1307 4785 δὲ
1349 4728 1423 4800 μὴ
1456 4730 1736 4799 συγχεθείτ

1849 4706 2177 4775 spectabant
2223 4716 2281 4763 et
2324 4709 2614 4764 commoda
2643 4717 2823 4764 erant.
2858 4710 2938 4764 Ne
2975 4716 3159 4764 autem
3189 4724 3439 4778 persona:

129 4819 207 4869 tit
262 4816 567 4883 πρόσωπα,
619 4816 681 4869 τὸ
735 4820 836 4886 μέν
883 4819 979 4872 τοῦ
1017 4820 1407 4891 διαποροῦντος
1456 4825 1736 4897 πρόσωποι

1851 4798 2363 4866 confunderenlun,
2398 4816 2635 4871 persona
2670 4801 2981 4856 dubitantis
3012 4801 3182 4856 habet
3223 4802 3435 4855 stellam

130 4905 497 4977 ἀστερίσκῳ,
523 4908 584 4960 τὸ
608 4908 664 4960 δὲ
691 4910 784 4962 τοῦ
813 4911 912 4973 τὰς
939 4911 1121 4977 λύσεις
1153 4915 1451 4982 ἐπάγοντος
1478 4914 1555 4984 τῷ
1586 4933 1736 4970 σταυ-

1853 4889 2170 4960 insignitam
2196 4909 2209 4945 :
2236 4908 2470 4960 persona
2505 4894 2773 4950 solventia
2809 4893 3186 4949 dubitationes
3211 4891 3435 4963 ﬁguram

131 5000 366 5075 ροειδεῖ
394 5003 902 5071 κατεσημηνάμεθα
949 5003 1126 5073 τύπῳ.
1180 5006 1292 5059 Καὶ
1329 5006 1488 5059 τοῦτο
1547 5008 1603 5060 δὲ
1651 5008 1736 5061 οὐ)

1853 4984 2054 5038 crucis.
2076 4985 2258 5040 Necid
2282 4985 2504 5054 quidem
2526 4985 2734 5040 factum
2760 4995 2846 5041 est
2867 4994 3097 5042 temere.
3130 4984 3265 5037 Nota
3289 4983 3435 5039 enim

128 5091 380 5158 ἀλόγως
403 5092 793 5161 πεπράχαμεν,
838 5094 954 5147 ἀλλ’
995 5096 1184 5166 ἀστέρι
1236 5097 1337 5167 μὲν
1374 5098 1472 5168 τὴν
1501 5100 1736 5170 άμρυδρὰι

1854 5076 2026 5129 stellae
2055 5075 2428 5146 signiﬁcamus
2469 5084 2714 5143 tenuem,
2744 5086 2802 5132 et
2829 5093 2938 5132 non
2978 5075 3302 5146 explicatam
3346 5091 3438 5131 cor

127 5186 245 5240 καὶ
280 5181 612 5246 ἁτράνωτον
635 5184 846 5237 ἐκείνου
885 5187 1085 5253 γνῶσιν
1121 5166 1553 5260 ὑπῃνιξάμε-θαί
1579 5166 1672 5245 τὸν
1697 5194 1736 5247 δὲ

1854 5166 2156 5235 gnitionem
2188 5182 2439 5236 persona:
2484 5168 2825 5233 dubitantis;
2860 5166 3204 5222 defensorem
3252 5173 3434 5219 autem

125 5277 250 5346 τῆς
283 5271 558 5338 ἀληθείας
596 5272 964 5343 ὑπασπιστὴν,
997 5275 1076 5344 τῷ
1107 5279 1355 5349 τροπαίῳ
1392 5279 1484 5332 τοῦ
1518 5283 1736 5352 σταυροί

1856 5256 2106 5311 veritatis
2148 5265 2353 5327 tropaeo
2397 5258 2583 5313 crucis
2615 5257 2972 5313 armavimus.
3022 5259 3324 5314 Estautem
3355 5259 3439 5312 in-

129 5360 623 5431 καθωπλίσαμεν.
662 5364 1102 5435 Ἐπιγέγραπται
1119 5363 1212 5422 οὖν
1234 5370 1329 5423 καὶ
1346 5365 1498 5434 οὗτος
1518 5374 1545 5424 ὁ
1573 5349 1731 5440 λόγος

1857 5349 2099 5417 scriptus
2146 5349 2236 5404 hic
2275 5350 2451 5417 liber,
2485 5350 2747 5405 Adversus
2786 5368 2871 5404 eos
2908 5352 2997 5421 qui
3044 5368 3108 5405 ea:
3150 5353 3342 5405 nostris
3385 5368 3439 5405 se

128 5454 317 5527 Πρὸς
369 5452 510 5518 τοὺς
538 5453 607 5518 ἐξ
646 5455 815 5522 ἡμῶν
843 5458 1293 5525 προσθεμένους
1319 5461 1392 5529 τῇ
1434 5468 1736 5532 κατεφθαρ-

1858 5441 2221 5508 adjuuxerunt
2249 5442 2318 5495 ad
2354 5452 2661 5513 corruptum
2687 5444 3003 5497 sententiam
3049 5443 3440 5513 Aphtkartodo-

123 5546 316 5626 μένῃ
367 5540 568 5611 γνώμῃ
598 5541 717 5596 τῶν
753 5544 1321 5613 Ἀφθαρτοδοκητῶν
1344 5547 1647 5617 διάλογος.

1857 5539 2115 5593 cctamm,
2156 5532 2207 5586 id
2242 5540 2329 5587 est
2360 5548 2551 5588 eorum
2597 5534 2691 5604 qui
2719 5548 2922 5604 corpus
2950 5533 3159 5588 Christi
3192 5542 3320 5588 ante
3350 5548 3439 5587 re-

1858 5624 2256 5677 surrectionem
2292 5626 2717 5697 incorruptibile
2749 5625 2920 5680 fuisse
2964 5634 3295 5692 senserunt,
3320 5623 3441 5680 dia-

1858 5715 2032 5784 logus.
2395 5733 2398 5737 '

1845 3344 1901 3389 et
1926 3335 2017 3389 Dei
2041 3351 2104 3390 ac
2122 3334 2422 3390 Salvatoris
2450 3333 2631 3389 nostri
2651 3331 2783 3389 Jesu
2800 3331 3005 3388 Christi
3035 3331 3430 3400 diﬁ‘ercntjam,

1844 3431 1901 3478 et
1949 3424 2349 3494 proprietates,
2393 3433 2452 3480 et
2490 3423 2845 3495 operatioues
2874 3423 3076 3479 sciunt.
3129 3424 3239 3480 Eos
3282 3425 3432 3480 enim

1846 3517 1939 3585 qui
1972 3516 2189 3571 naturis
2217 3518 2607 3580 adversantur,
2639 3525 2696 3571 et
2723 3530 2916 3571 earum
2940 3500 3313 3571 idill‘erentiam
3338 3532 3434 3572 nc-

1848 3616 1980 3677 gaut
2022 3615 2145 3675 post
2182 3606 2464 3669 unionem,
2502 3622 2565 3662 ac
2594 3607 2963 3676 proprietates
3001 3616 3057 3661 et
3096 3608 3342 3663 actiones
3376 3609 3432 3663 in

1849 3699 1933 3753 eis
1960 3698 2225 3753 scelerate
2272 3697 2639 3763 confundunt,
2671 3713 2785 3753 non
2816 3697 2989 3768 magis
3017 3698 3267 3753 ridemus
3303 3715 3433 3768 pro-

1850 3799 1972 3860 pter
1992 3790 2288 3854 inscitiam,
2309 3807 2473 3861 quam
2497 3790 2750 3846 dolemus
2777 3798 2835 3846 et
2859 3791 3189 3845 miseramur
3209 3801 3436 3863 propter

1848 3882 2208 3952 impietatem,
2252 3884 2347 3952 qui
2372 3884 2440 3938 de
2470 3883 2636 3937 modo
2677 3882 2900 3938 unionis
2923 3890 3247 3936 naturarum
3273 3882 3437 3937 dubi-

1851 3982 2002 4037 tant,
2052 3992 2189 4044 quas
2219 3991 2401 4045 neque
2437 3975 2791 4041 concedunt,
2838 3991 3020 4045 neque
3049 3984 3264 4044 ponunt
3289 3990 3432 4031 esse.

1848 4066 2149 4136 Oportebat
2178 4070 2325 4123 enim
2352 4067 2591 4137 primum
2630 4068 2871 4139 positum
2910 4082 3034 4122 esse
3062 4076 3117 4121 et
3144 4052 3320 4121 'ﬁxum
3354 4067 3437 4137 ip-

1850 4159 1949 4220 sis,
1987 4174 2109 4214 esse
2157 4168 2214 4214 et
2255 4160 2463 4215 servari
2491 4170 2617 4230 post
2644 4158 2909 4214 unionem
2938 4166 3194 4213 naturam
3235 4158 3436 4212 divini-
