  <div class='ocr_page' id='page_1' title='image "/cluster/home/n/w/nwhite01/storage/ocr_20150623/86 pars.1/pst.000005712878/678.png"; bbox 0 0 3912 6298; ppageno 0'>
   <div class='ocr_carea' id='block_1_1' title="bbox 147 313 296 376">
    <p class='ocr_par' dir='ltr' id='par_1_1' title="bbox 147 313 296 376">
     <span class='ocr_line' id='line_1_1' title="bbox 147 313 296 376; baseline 0.013 -2"><span class='ocrx_word' id='word_1_1' title='bbox 147 313 296 376; x_wconf 65' lang='grc' dir='ltr'>ιξῑε</span> 
     </span>
    </p>
   </div>
   <div class='ocr_carea' id='block_1_2' title="bbox 1212 309 2361 375">
    <p class='ocr_par' dir='ltr' id='par_1_2' title="bbox 1212 309 2361 375">
     <span class='ocr_line' id='line_1_2' title="bbox 1212 309 2361 375; baseline 0 -4"><span class='ocrx_word' id='word_1_2' title='bbox 1212 309 1503 372; x_wconf 77' lang='lat' dir='ltr'><strong>CONTRA</strong></span> <span class='ocrx_word' id='word_1_3' title='bbox 1546 312 1869 373; x_wconf 75' lang='lat' dir='ltr'><strong>NESTOR.</strong></span> <span class='ocrx_word' id='word_1_4' title='bbox 1907 312 2003 372; x_wconf 84' lang='lat' dir='ltr'>ET</span> <span class='ocrx_word' id='word_1_5' title='bbox 2042 312 2361 375; x_wconf 82' lang='lat' dir='ltr'><strong>EUTYCH.</strong></span> 
     </span>
    </p>
   </div>
   <div class='ocr_carea' id='block_1_3' title="bbox 3285 316 3420 383">
    <p class='ocr_par' dir='ltr' id='par_1_3' title="bbox 3285 316 3420 383">
     <span class='ocr_line' id='line_1_3' title="bbox 3285 316 3420 383; baseline 0 -1"><span class='ocrx_word' id='word_1_6' title='bbox 3285 316 3420 383; x_wconf 66' lang='grc' dir='ltr'><strong>ιω</strong></span> 
     </span>
    </p>
   </div>
   <div class='ocr_carea' id='block_1_4' title="bbox 3011 513 3360 528">
    <p class='ocr_par' dir='ltr' id='par_1_4' title="bbox 3011 513 3360 528">
     <span class='ocr_line' id='line_1_4' title="bbox 3011 513 3360 528; baseline 0.009 -5"><span class='ocrx_word' id='word_1_7' title='bbox 3011 513 3360 528; x_wconf 63' lang='lat' dir='ltr'><strong>m</strong></span> 
     </span>
    </p>
   </div>
   <div class='ocr_carea' id='block_1_5' title="bbox 1509 664 2058 765">
    <p class='ocr_par' dir='ltr' id='par_1_5' title="bbox 1509 664 2058 765">
     <span class='ocr_line' id='line_1_5' title="bbox 1509 664 2058 765; baseline -0.042 1"><span class='ocrx_word' id='word_1_8' title='bbox 1509 664 1880 765; x_wconf 84' lang='grc' dir='ltr'><strong>ΛΟΓΟΣ</strong></span> <span class='ocrx_word' id='word_1_9' title='bbox 1947 665 2058 750; x_wconf 88' lang='grc' dir='ltr'><strong>Α’.</strong></span> 
     </span>
    </p>
   </div>
   <div class='ocr_carea' id='block_1_6' title="bbox 147 801 3423 906">
    <p class='ocr_par' dir='ltr' id='par_1_6' title="bbox 147 801 3423 906">
     <span class='ocr_line' id='line_1_6' title="bbox 147 801 3423 906; baseline -0.001 -2"><span class='ocrx_word' id='word_1_10' title='bbox 147 848 293 904; x_wconf 74' lang='grc' dir='ltr'><strong>ΤΗΣ</strong></span> <span class='ocrx_word' id='word_1_11' title='bbox 326 848 516 906; x_wconf 72' lang='grc' dir='ltr'><strong>ΚΑΤΑ</strong></span> <span class='ocrx_word' id='word_1_12' title='bbox 546 847 692 903; x_wconf 77' lang='grc' dir='ltr'><strong>ΤΗΝ</strong></span> <span class='ocrx_word' id='word_1_13' title='bbox 722 845 1044 903; x_wconf 80' lang='grc' dir='ltr'><strong>ΘΕΟΤΗΤΔ</strong></span> <span class='ocrx_word' id='word_1_14' title='bbox 1075 846 1217 901; x_wconf 83' lang='grc' dir='ltr'><strong>ΤΟΥ</strong></span> <span class='ocrx_word' id='word_1_15' title='bbox 1256 801 1522 901; x_wconf 59' lang='grc' dir='ltr'><strong>ΚΥΡΙΟῙἐ</strong></span> <span class='ocrx_word' id='word_1_16' title='bbox 1559 846 1677 899; x_wconf 83' lang='grc' dir='ltr'><strong>ΚΑΙ</strong></span> <span class='ocrx_word' id='word_1_17' title='bbox 1709 843 2225 899; x_wconf 72' lang='grc' dir='ltr'><strong>ΑΝΘΡΩΠΟΤΗΤΑ</strong></span> <span class='ocrx_word' id='word_1_18' title='bbox 2253 841 2605 898; x_wconf 71' lang='grc' dir='ltr'><strong>ΕΝΑΝἸΊΛΣ</strong></span> <span class='ocrx_word' id='word_1_19' title='bbox 2634 842 2997 899; x_wconf 79' lang='grc' dir='ltr'><strong>ΔΟΚΗΣΕΩΣ</strong></span> <span class='ocrx_word' id='word_1_20' title='bbox 3030 843 3423 902; x_wconf 79' lang='grc' dir='ltr'><strong>ΝΕΣἹὈΡΙΟΥ</strong></span> 
     </span>
    </p>
   </div>
   <div class='ocr_carea' id='block_1_7' title="bbox 1051 939 2527 1008">
    <p class='ocr_par' dir='ltr' id='par_1_7' title="bbox 1051 939 2527 1008">
     <span class='ocr_line' id='line_1_7' title="bbox 1051 939 2527 1008; baseline -0.006 -10"><span class='ocrx_word' id='word_1_21' title='bbox 1051 940 1172 999; x_wconf 76' lang='grc' dir='ltr'><strong>ΚΑΙ</strong></span> <span class='ocrx_word' id='word_1_22' title='bbox 1197 942 1588 1008; x_wconf 82' lang='grc' dir='ltr'><strong>ΕΥΤΥΧΟΥΣ,</strong></span> <span class='ocrx_word' id='word_1_23' title='bbox 1623 941 1940 997; x_wconf 81' lang='grc' dir='ltr'><strong>ΕΛΕΓΧΟΣ</strong></span> <span class='ocrx_word' id='word_1_24' title='bbox 1972 940 2095 996; x_wconf 71' lang='grc' dir='ltr'><strong>ΚΑΙ</strong></span> <span class='ocrx_word' id='word_1_25' title='bbox 2125 939 2527 994; x_wconf 75' lang='grc' dir='ltr'><strong>ΑΝΑΤΡΟΠΗ,</strong></span> 
     </span>
    </p>
   </div>
   <div class='ocr_carea' id='block_1_8' title="bbox 1347 1252 2242 1341">
    <p class='ocr_par' dir='ltr' id='par_1_8' title="bbox 1347 1252 2242 1341">
     <span class='ocr_line' id='line_1_8' title="bbox 1347 1252 2242 1341; baseline -0.001 -1"><span class='ocrx_word' id='word_1_26' title='bbox 1347 1253 1705 1341; x_wconf 78' lang='lat' dir='ltr'><strong>LIBER</strong></span> <span class='ocrx_word' id='word_1_27' title='bbox 1786 1252 2242 1341; x_wconf 78' lang='lat' dir='ltr'><strong>PRIMUS</strong></span> 
     </span>
    </p>
   </div>
   <div class='ocr_carea' id='block_1_9' title="bbox 149 1447 3419 1525">
    <p class='ocr_par' dir='ltr' id='par_1_9' title="bbox 149 1447 3419 1525">
     <span class='ocr_line' id='line_1_9' title="bbox 149 1447 3419 1525; baseline -0.002 -10"><span class='ocrx_word' id='word_1_28' title='bbox 149 1453 641 1516; x_wconf 87' lang='lat' dir='ltr'><strong>CONFUTATIO</strong></span> <span class='ocrx_word' id='word_1_29' title='bbox 678 1451 1126 1523; x_wconf 80' lang='lat' dir='ltr'><strong>UTRIUSQUE</strong></span> <span class='ocrx_word' id='word_1_30' title='bbox 1164 1450 1547 1521; x_wconf 85' lang='lat' dir='ltr'><strong>FlC‘I‘IONlS</strong></span> <span class='ocrx_word' id='word_1_31' title='bbox 1574 1449 1817 1511; x_wconf 86' lang='lat' dir='ltr'><strong>INTER</strong></span> <span class='ocrx_word' id='word_1_32' title='bbox 1848 1450 1937 1510; x_wconf 86' lang='lat' dir='ltr'><strong>SE</strong></span> <span class='ocrx_word' id='word_1_33' title='bbox 1973 1449 2455 1524; x_wconf 61' lang='lat' dir='ltr'><strong>CONTRARIE,</strong></span> <span class='ocrx_word' id='word_1_34' title='bbox 2480 1447 2847 1512; x_wconf 75' lang='lat' dir='ltr'><strong>NESTORII</strong></span> <span class='ocrx_word' id='word_1_35' title='bbox 2887 1450 2984 1513; x_wconf 90' lang='lat' dir='ltr'><strong>ET</strong></span> <span class='ocrx_word' id='word_1_36' title='bbox 3020 1449 3419 1525; x_wconf 81' lang='lat' dir='ltr'><strong>EU&#39;I&#39;YCHIS,</strong></span> 
     </span>
    </p>
   </div>
   <div class='ocr_carea' id='block_1_10' title="bbox 856 1541 2751 1605">
    <p class='ocr_par' dir='ltr' id='par_1_10' title="bbox 856 1541 2751 1605">
     <span class='ocr_line' id='line_1_10' title="bbox 856 1541 2751 1605; baseline -0.001 -2"><span class='ocrx_word' id='word_1_37' title='bbox 856 1542 1086 1603; x_wconf 68' lang='grc' dir='ltr'><strong>(ΗΒΕΑ</strong></span> <span class='ocrx_word' id='word_1_38' title='bbox 1122 1542 1633 1605; x_wconf 83' lang='lat' dir='ltr'><strong>DlVINlTATEM</strong></span> <span class='ocrx_word' id='word_1_39' title='bbox 1671 1541 1986 1603; x_wconf 76' lang='lat' dir='ltr'><strong>CHRISTI</strong></span> <span class='ocrx_word' id='word_1_40' title='bbox 2025 1542 2121 1602; x_wconf 88' lang='lat' dir='ltr'><strong>ET</strong></span> <span class='ocrx_word' id='word_1_41' title='bbox 2160 1542 2751 1603; x_wconf 83' lang='lat' dir='ltr'><strong>HUMANITATEM.</strong></span> 
     </span>
    </p>
   </div>
   <div class='ocr_carea' id='block_1_11' title="bbox 222 1825 1768 1901">
    <p class='ocr_par' dir='ltr' id='par_1_11' title="bbox 222 1825 1768 1901">
     <span class='ocr_line' id='line_1_11' title="bbox 222 1825 1768 1901; baseline 0.003 -21"><span class='ocrx_word' id='word_1_42' title='bbox 222 1826 331 1880; x_wconf 82' lang='grc' dir='ltr'>Τὸν</span> <span class='ocrx_word' id='word_1_43' title='bbox 375 1826 506 1898; x_wconf 60' lang='grc' dir='ltr'><strong>περ)⁸</strong></span> <span class='ocrx_word' id='word_1_44' title='bbox 554 1825 905 1889; x_wconf 80' lang='grc' dir='ltr'><strong>ὑποστάσεως</strong></span> <span class='ocrx_word' id='word_1_45' title='bbox 950 1825 1046 1880; x_wconf 75' lang='grc' dir='ltr'>καὶ</span> <span class='ocrx_word' id='word_1_46' title='bbox 1101 1827 1292 1890; x_wconf 78' lang='grc' dir='ltr'>οὐσίας</span> <span class='ocrx_word' id='word_1_47' title='bbox 1329 1828 1523 1897; x_wconf 86' lang='grc' dir='ltr'>λόγον,</span> <span class='ocrx_word' id='word_1_48' title='bbox 1565 1830 1768 1901; x_wconf 22' lang='grc' dir='ltr'>ἤγουν,</span> 
     </span>
    </p>
   </div>
   <div class='ocr_carea' id='block_1_12' title="bbox 1850 1825 3417 1901">
    <p class='ocr_par' dir='ltr' id='par_1_12' title="bbox 1911 1828 3417 1901">
     <span class='ocr_line' id='line_1_12' title="bbox 1911 1828 3417 1901; baseline -0.002 -14"><span class='ocrx_word' id='word_1_49' title='bbox 1911 1830 2261 1901; x_wconf 78' lang='lat' dir='ltr'><strong>Propositum</strong></span> <span class='ocrx_word' id='word_1_50' title='bbox 2297 1828 2434 1885; x_wconf 88' lang='lat' dir='ltr'><strong>mihi</strong></span> <span class='ocrx_word' id='word_1_51' title='bbox 2475 1836 2561 1884; x_wconf 85' lang='lat' dir='ltr'><strong>est</strong></span> <span class='ocrx_word' id='word_1_52' title='bbox 2590 1844 2888 1898; x_wconf 85' lang='lat' dir='ltr'><strong>exponere,</strong></span> <span class='ocrx_word' id='word_1_53' title='bbox 2919 1836 2974 1883; x_wconf 91' lang='lat' dir='ltr'><strong>et</strong></span> <span class='ocrx_word' id='word_1_54' title='bbox 3005 1828 3302 1898; x_wconf 74' lang='lat' dir='ltr'><strong>explanare</strong></span> <span class='ocrx_word' id='word_1_55' title='bbox 3333 1845 3417 1884; x_wconf 86' lang='lat' dir='ltr'><strong>ra-</strong></span> 
     </span>
    </p>
   </div>
   <div class='ocr_carea' id='block_1_13' title="bbox 149 1915 1739 1991">
    <p class='ocr_par' dir='ltr' id='par_1_13' title="bbox 149 1915 1739 1991">
     <span class='ocr_line' id='line_1_13' title="bbox 149 1915 1739 1991; baseline 0.002 -20"><span class='ocrx_word' id='word_1_56' title='bbox 149 1916 455 1990; x_wconf 84' lang='grc' dir='ltr'>προσώπου</span> <span class='ocrx_word' id='word_1_57' title='bbox 493 1917 591 1969; x_wconf 70' lang='grc' dir='ltr'><strong>καὶ</strong></span> <span class='ocrx_word' id='word_1_58' title='bbox 637 1915 856 1984; x_wconf 84' lang='grc' dir='ltr'>φύσεως</span> <span class='ocrx_word' id='word_1_59' title='bbox 902 1916 985 1988; x_wconf 81' lang='grc' dir='ltr'>(οὐ</span> <span class='ocrx_word' id='word_1_60' title='bbox 1036 1916 1116 1987; x_wconf 91' lang='lat' dir='ltr'><strong>(a)</strong></span> <span class='ocrx_word' id='word_1_61' title='bbox 1152 1918 1349 1971; x_wconf 74' lang='grc' dir='ltr'>ταύτὸν</span> <span class='ocrx_word' id='word_1_62' title='bbox 1380 1918 1488 1990; x_wconf 83' lang='grc' dir='ltr'>γὰρ</span> <span class='ocrx_word' id='word_1_63' title='bbox 1521 1920 1739 1991; x_wconf 79' lang='grc' dir='ltr'>ἄμφω),</span> 
     </span>
    </p>
   </div>
   <div class='ocr_carea' id='block_1_14' title="bbox 153 2008 1745 2083">
    <p class='ocr_par' dir='ltr' id='par_1_14' title="bbox 153 2008 1745 2083">
     <span class='ocr_line' id='line_1_14' title="bbox 153 2008 1745 2083; baseline 0 -19"><span class='ocrx_word' id='word_1_64' title='bbox 153 2010 252 2064; x_wconf 72' lang='grc' dir='ltr'><strong>καὶ</strong></span> <span class='ocrx_word' id='word_1_65' title='bbox 292 2009 423 2078; x_wconf 75' lang='grc' dir='ltr'>περὶ</span> <span class='ocrx_word' id='word_1_66' title='bbox 459 2008 657 2062; x_wconf 74' lang='grc' dir='ltr'>ταύτὸν</span> <span class='ocrx_word' id='word_1_67' title='bbox 698 2008 938 2078; x_wconf 77' lang='grc' dir='ltr'>ἑκάτερα</span> <span class='ocrx_word' id='word_1_68' title='bbox 982 2010 1390 2079; x_wconf 80' lang='grc' dir='ltr'><strong>συγκεχυμένον</strong></span> <span class='ocrx_word' id='word_1_69' title='bbox 1441 2012 1535 2064; x_wconf 75' lang='grc' dir='ltr'><strong>καὶ</strong></span> <span class='ocrx_word' id='word_1_70' title='bbox 1574 2012 1745 2083; x_wconf 77' lang='grc' dir='ltr'>ἀτρά-</span> 
     </span>
    </p>
   </div>
   <div class='ocr_carea' id='block_1_15' title="bbox 150 2098 1745 2182">
    <p class='ocr_par' dir='ltr' id='par_1_15' title="bbox 150 2098 1745 2182">
     <span class='ocr_line' id='line_1_15' title="bbox 150 2098 1745 2182; baseline 0.002 -28"><span class='ocrx_word' id='word_1_71' title='bbox 150 2117 329 2182; x_wconf 63' lang='grc' dir='ltr'>νωτον</span> <span class='ocrx_word' id='word_1_72' title='bbox 365 2101 514 2168; x_wconf 85' lang='grc' dir='ltr'><strong>παρά</strong></span> <span class='ocrx_word' id='word_1_73' title='bbox 551 2101 665 2160; x_wconf 78' lang='grc' dir='ltr'>τοῖς</span> <span class='ocrx_word' id='word_1_74' title='bbox 705 2098 802 2152; x_wconf 82' lang='grc' dir='ltr'>νῦν</span> <span class='ocrx_word' id='word_1_75' title='bbox 829 2100 959 2153; x_wconf 77' lang='grc' dir='ltr'>ὄντα</span> <span class='ocrx_word' id='word_1_76' title='bbox 1005 2103 1211 2169; x_wconf 79' lang='grc' dir='ltr'><strong>σοφοῖς,</strong></span> <span class='ocrx_word' id='word_1_77' title='bbox 1240 2102 1518 2172; x_wconf 84' lang='grc' dir='ltr'>τρανῶσαί</span> <span class='ocrx_word' id='word_1_78' title='bbox 1548 2118 1609 2155; x_wconf 84' lang='grc' dir='ltr'><strong>τε</strong></span> <span class='ocrx_word' id='word_1_79' title='bbox 1649 2105 1745 2158; x_wconf 76' lang='grc' dir='ltr'><strong>καὶ</strong></span> 
     </span>
    </p>
   </div>
   <div class='ocr_carea' id='block_1_16' title="bbox 152 2190 1745 2263">
    <p class='ocr_par' dir='ltr' id='par_1_16' title="bbox 152 2190 1745 2263">
     <span class='ocr_line' id='line_1_16' title="bbox 152 2190 1745 2263; baseline 0.001 -20"><span class='ocrx_word' id='word_1_80' title='bbox 152 2191 495 2258; x_wconf 70' lang='grc' dir='ltr'><strong>διασαφῆσαι</strong></span> <span class='ocrx_word' id='word_1_81' title='bbox 529 2190 870 2262; x_wconf 74' lang='grc' dir='ltr'>προύθέμην,</span> <span class='ocrx_word' id='word_1_82' title='bbox 910 2191 1048 2246; x_wconf 87' lang='grc' dir='ltr'>ἀλλα</span> <span class='ocrx_word' id='word_1_83' title='bbox 1083 2192 1144 2245; x_wconf 85' lang='grc' dir='ltr'><em>τέ</em></span> <span class='ocrx_word' id='word_1_84' title='bbox 1175 2209 1298 2245; x_wconf 86' lang='grc' dir='ltr'>τινα</span> <span class='ocrx_word' id='word_1_85' title='bbox 1342 2194 1615 2263; x_wconf 83' lang='grc' dir='ltr'>κεφάλαια</span> <span class='ocrx_word' id='word_1_86' title='bbox 1647 2194 1745 2263; x_wconf 78' lang='grc' dir='ltr'>τῆς</span> 
     </span>
    </p>
   </div>
   <div class='ocr_carea' id='block_1_17' title="bbox 152 2282 1746 2357">
    <p class='ocr_par' dir='ltr' id='par_1_17' title="bbox 152 2282 1746 2357">
     <span class='ocr_line' id='line_1_17' title="bbox 152 2282 1746 2357; baseline 0.003 -22"><span class='ocrx_word' id='word_1_87' title='bbox 152 2282 483 2345; x_wconf 77' lang='grc' dir='ltr'>ἀκολουθίας</span> <span class='ocrx_word' id='word_1_88' title='bbox 533 2284 769 2353; x_wconf 75' lang='grc' dir='ltr'>ἐχόμενα</span> <span class='ocrx_word' id='word_1_89' title='bbox 811 2284 912 2352; x_wconf 85' lang='grc' dir='ltr'>τῆς</span> <span class='ocrx_word' id='word_1_90' title='bbox 964 2283 1190 2354; x_wconf 82' lang='grc' dir='ltr'><strong>πρώτης</strong></span> <span class='ocrx_word' id='word_1_91' title='bbox 1236 2284 1520 2357; x_wconf 81' lang='grc' dir='ltr'>ζητήσεως</span> <span class='ocrx_word' id='word_1_92' title='bbox 1555 2285 1746 2339; x_wconf 79' lang='grc' dir='ltr'>ἐπιλύ-</span> 
     </span>
    </p>
   </div>
   <div class='ocr_carea' id='block_1_18' title="bbox 153 2370 1747 2444">
    <p class='ocr_par' dir='ltr' id='par_1_18' title="bbox 153 2370 1747 2444">
     <span class='ocr_line' id='line_1_18' title="bbox 153 2370 1747 2444; baseline 0.003 -20"><span class='ocrx_word' id='word_1_93' title='bbox 153 2370 379 2434; x_wconf 85' lang='grc' dir='ltr'>σασθαι,</span> <span class='ocrx_word' id='word_1_94' title='bbox 414 2371 548 2425; x_wconf 84' lang='grc' dir='ltr'>Θεοῦ</span> <span class='ocrx_word' id='word_1_95' title='bbox 593 2373 1072 2440; x_wconf 69' lang='grc' dir='ltr'>συνεφαπτομένου</span> <span class='ocrx_word' id='word_1_96' title='bbox 1103 2376 1256 2444; x_wconf 77' lang='grc' dir='ltr'>ἡμῖν,</span> <span class='ocrx_word' id='word_1_97' title='bbox 1284 2377 1378 2431; x_wconf 76' lang='grc' dir='ltr'><strong>καὶ</strong></span> <span class='ocrx_word' id='word_1_98' title='bbox 1417 2376 1478 2429; x_wconf 81' lang='grc' dir='ltr'>τὺ</span> <span class='ocrx_word' id='word_1_99' title='bbox 1520 2375 1747 2439; x_wconf 79' lang='grc' dir='ltr'>ἀσθενὲς</span> 
     </span>
    </p>
   </div>
   <div class='ocr_carea' id='block_1_19' title="bbox 150 2460 1746 2535">
    <p class='ocr_par' dir='ltr' id='par_1_19' title="bbox 150 2460 1746 2535">
     <span class='ocr_line' id='line_1_19' title="bbox 150 2460 1746 2535; baseline 0.003 -22"><span class='ocrx_word' id='word_1_100' title='bbox 150 2460 270 2513; x_wconf 84' lang='grc' dir='ltr'>τῶν</span> <span class='ocrx_word' id='word_1_101' title='bbox 335 2460 612 2531; x_wconf 82' lang='grc' dir='ltr'><strong>λογισμῶν</strong></span> <span class='ocrx_word' id='word_1_102' title='bbox 683 2461 1062 2532; x_wconf 78' lang='grc' dir='ltr'>ὑπερείδοντος</span> <span class='ocrx_word' id='word_1_103' title='bbox 1134 2462 1224 2515; x_wconf 87' lang='grc' dir='ltr'><strong>διὰ</strong></span> <span class='ocrx_word' id='word_1_104' title='bbox 1292 2463 1403 2516; x_wconf 84' lang='grc' dir='ltr'><strong>τῶν</strong></span> <span class='ocrx_word' id='word_1_105' title='bbox 1464 2466 1746 2535; x_wconf 81' lang='grc' dir='ltr'>ὑμετέρων</span> 
     </span>
    </p>
   </div>
   <div class='ocr_carea' id='block_1_20' title="bbox 152 2547 1744 2624">
    <p class='ocr_par' dir='ltr' id='par_1_20' title="bbox 152 2547 1744 2624">
     <span class='ocr_line' id='line_1_20' title="bbox 152 2547 1744 2624; baseline 0.003 -19"><span class='ocrx_word' id='word_1_106' title='bbox 152 2550 359 2620; x_wconf 80' lang='grc' dir='ltr'>εὐχῶν,</span> <span class='ocrx_word' id='word_1_107' title='bbox 406 2547 493 2615; x_wconf 77' lang='grc' dir='ltr'>αἷς</span> <span class='ocrx_word' id='word_1_108' title='bbox 536 2553 631 2605; x_wconf 72' lang='grc' dir='ltr'><strong>καὶ</strong></span> <span class='ocrx_word' id='word_1_109' title='bbox 664 2552 903 2624; x_wconf 64' lang='grc' dir='ltr'>θαρρῶν,</span> <span class='ocrx_word' id='word_1_110' title='bbox 957 2553 1037 2614; x_wconf 80' lang='grc' dir='ltr'><strong>είς</strong></span> <span class='ocrx_word' id='word_1_111' title='bbox 1091 2554 1191 2622; x_wconf 84' lang='grc' dir='ltr'>τὴν</span> <span class='ocrx_word' id='word_1_112' title='bbox 1235 2553 1390 2607; x_wconf 79' lang='grc' dir='ltr'>τοῦδε</span> <span class='ocrx_word' id='word_1_113' title='bbox 1439 2554 1534 2608; x_wconf 81' lang='grc' dir='ltr'>τοῦ</span> <span class='ocrx_word' id='word_1_114' title='bbox 1585 2555 1744 2623; x_wconf 86' lang='grc' dir='ltr'>λόγου</span> 
     </span>
    </p>
   </div>
   <div class='ocr_carea' id='block_1_21' title="bbox 153 2643 1744 2715">
    <p class='ocr_par' dir='ltr' id='par_1_21' title="bbox 153 2643 1744 2715">
     <span class='ocr_line' id='line_1_21' title="bbox 153 2643 1744 2715; baseline 0.004 -21"><span class='ocrx_word' id='word_1_115' title='bbox 153 2643 379 2713; x_wconf 83' lang='grc' dir='ltr'>καθῆκα</span> <span class='ocrx_word' id='word_1_116' title='bbox 412 2644 649 2710; x_wconf 77' lang='grc' dir='ltr'>ἐμαυτὸν</span> <span class='ocrx_word' id='word_1_117' title='bbox 686 2643 953 2707; x_wconf 82' lang='grc' dir='ltr'>ἐξέτασιν.</span> <span class='ocrx_word' id='word_1_118' title='bbox 996 2645 1109 2697; x_wconf 84' lang='grc' dir='ltr'>Οὐκ</span> <span class='ocrx_word' id='word_1_119' title='bbox 1147 2646 1454 2715; x_wconf 79' lang='grc' dir='ltr'>ἀγνοοῦμεν</span> <span class='ocrx_word' id='word_1_120' title='bbox 1484 2646 1540 2699; x_wconf 80' lang='grc' dir='ltr'>δὲ</span> <span class='ocrx_word' id='word_1_121' title='bbox 1574 2646 1648 2710; x_wconf 85' lang='grc' dir='ltr'><strong>ὡς</strong></span> <span class='ocrx_word' id='word_1_122' title='bbox 1695 2647 1744 2700; x_wconf 76' lang='grc' dir='ltr'>οἱ</span> 
     </span>
    </p>
   </div>
   <div class='ocr_carea' id='block_1_22' title="bbox 153 2733 1747 2809">
    <p class='ocr_par' dir='ltr' id='par_1_22' title="bbox 153 2733 1747 2809">
     <span class='ocr_line' id='line_1_22' title="bbox 153 2733 1747 2809; baseline 0.003 -24"><span class='ocrx_word' id='word_1_123' title='bbox 153 2733 253 2786; x_wconf 78' lang='grc' dir='ltr'>νῦν</span> <span class='ocrx_word' id='word_1_124' title='bbox 289 2736 425 2803; x_wconf 77' lang='grc' dir='ltr'>ἡμῖν</span> <span class='ocrx_word' id='word_1_125' title='bbox 466 2736 894 2799; x_wconf 80' lang='grc' dir='ltr'>ἐπαναστάντες,</span> <span class='ocrx_word' id='word_1_126' title='bbox 935 2737 1031 2788; x_wconf 81' lang='grc' dir='ltr'>καὶ</span> <span class='ocrx_word' id='word_1_127' title='bbox 1077 2737 1206 2806; x_wconf 81' lang='grc' dir='ltr'>μίαν</span> <span class='ocrx_word' id='word_1_128' title='bbox 1237 2737 1451 2806; x_wconf 81' lang='grc' dir='ltr'>ἔχοντες</span> <span class='ocrx_word' id='word_1_129' title='bbox 1483 2738 1582 2809; x_wconf 81' lang='grc' dir='ltr'><strong>τὴν</strong></span> <span class='ocrx_word' id='word_1_130' title='bbox 1610 2738 1747 2808; x_wconf 78' lang='grc' dir='ltr'>πρός</span> 
     </span>
    </p>
   </div>
   <div class='ocr_carea' id='block_1_23' title="bbox 151 2827 1743 2900">
    <p class='ocr_par' dir='ltr' id='par_1_23' title="bbox 151 2827 1743 2900">
     <span class='ocr_line' id='line_1_23' title="bbox 151 2827 1743 2900; baseline 0.002 -22"><span class='ocrx_word' id='word_1_131' title='bbox 151 2843 214 2879; x_wconf 87' lang='grc' dir='ltr'><strong>τε</strong></span> <span class='ocrx_word' id='word_1_132' title='bbox 239 2827 309 2879; x_wconf 73' lang='grc' dir='ltr'><strong>τὸ</strong></span> <span class='ocrx_word' id='word_1_133' title='bbox 336 2827 500 2880; x_wconf 74' lang='grc' dir='ltr'>καλὸν</span> <span class='ocrx_word' id='word_1_134' title='bbox 555 2832 652 2880; x_wconf 79' lang='grc' dir='ltr'>καὶ</span> <span class='ocrx_word' id='word_1_135' title='bbox 681 2832 806 2892; x_wconf 77' lang='grc' dir='ltr'>τοὺς</span> <span class='ocrx_word' id='word_1_136' title='bbox 833 2829 1133 2897; x_wconf 76' lang='grc' dir='ltr'>θεηγόρους</span> <span class='ocrx_word' id='word_1_137' title='bbox 1169 2829 1367 2900; x_wconf 80' lang='grc' dir='ltr'>ἄνδρας</span> <span class='ocrx_word' id='word_1_138' title='bbox 1406 2831 1743 2896; x_wconf 80' lang='grc' dir='ltr'>ἐναντίωσιν,</span> 
     </span>
    </p>
   </div>
   <div class='ocr_carea' id='block_1_24' title="bbox 153 2917 1747 2993">
    <p class='ocr_par' dir='ltr' id='par_1_24' title="bbox 153 2917 1747 2993">
     <span class='ocr_line' id='line_1_24' title="bbox 153 2917 1747 2993; baseline 0.003 -22"><span class='ocrx_word' id='word_1_139' title='bbox 153 2917 352 2988; x_wconf 77' lang='grc' dir='ltr'>ὥσπερ</span> <span class='ocrx_word' id='word_1_140' title='bbox 383 2920 646 2983; x_wconf 76' lang='grc' dir='ltr'>ἐκείνους,</span> <span class='ocrx_word' id='word_1_141' title='bbox 679 2919 820 2973; x_wconf 77' lang='grc' dir='ltr'>οὕτω</span> <span class='ocrx_word' id='word_1_142' title='bbox 845 2920 910 2989; x_wconf 86' lang='grc' dir='ltr'>δὴ</span> <span class='ocrx_word' id='word_1_143' title='bbox 941 2922 1036 2974; x_wconf 73' lang='grc' dir='ltr'><strong>καὶ</strong></span> <span class='ocrx_word' id='word_1_144' title='bbox 1063 2924 1213 2992; x_wconf 79' lang='grc' dir='ltr'>ἡμᾶς</span> <span class='ocrx_word' id='word_1_145' title='bbox 1241 2923 1365 2984; x_wconf 78' lang='grc' dir='ltr'>τοὺς</span> <span class='ocrx_word' id='word_1_146' title='bbox 1389 2921 1487 2993; x_wconf 80' lang='grc' dir='ltr'>τὴν</span> <span class='ocrx_word' id='word_1_147' title='bbox 1512 2923 1747 2992; x_wconf 81' lang='grc' dir='ltr'>μάθησιν</span> 
     </span>
    </p>
   </div>
   <div class='ocr_carea' id='block_1_25' title="bbox 154 3010 1745 3084">
    <p class='ocr_par' dir='ltr' id='par_1_25' title="bbox 154 3010 1745 3084">
     <span class='ocr_line' id='line_1_25' title="bbox 154 3010 1745 3084; baseline 0.001 -20"><span class='ocrx_word' id='word_1_148' title='bbox 154 3011 343 3064; x_wconf 71' lang='grc' dir='ltr'>αὐτῶν</span> <span class='ocrx_word' id='word_1_149' title='bbox 388 3010 731 3080; x_wconf 76' lang='grc' dir='ltr'>ἐζηλωκότας</span> <span class='ocrx_word' id='word_1_150' title='bbox 777 3014 873 3064; x_wconf 75' lang='grc' dir='ltr'>καὶ</span> <span class='ocrx_word' id='word_1_151' title='bbox 924 3014 1353 3084; x_wconf 76' lang='grc' dir='ltr'>προϊσχομένους</span> <span class='ocrx_word' id='word_1_152' title='bbox 1400 3014 1745 3078; x_wconf 79' lang='grc' dir='ltr'>διαπτύουσι,</span> 
     </span>
    </p>
   </div>
   <div class='ocr_carea' id='block_1_26' title="bbox 156 3103 1748 3178">
    <p class='ocr_par' dir='ltr' id='par_1_26' title="bbox 156 3103 1748 3178">
     <span class='ocr_line' id='line_1_26' title="bbox 156 3103 1748 3178; baseline 0 -20"><span class='ocrx_word' id='word_1_153' title='bbox 156 3105 255 3158; x_wconf 68' lang='grc' dir='ltr'><strong>καὶ</strong></span> <span class='ocrx_word' id='word_1_154' title='bbox 285 3104 557 3173; x_wconf 84' lang='grc' dir='ltr'>τιμῶντες</span> <span class='ocrx_word' id='word_1_155' title='bbox 584 3105 734 3173; x_wconf 78' lang='grc' dir='ltr'>ἡμᾶς</span> <span class='ocrx_word' id='word_1_156' title='bbox 766 3103 941 3177; x_wconf 78' lang='grc' dir='ltr'>ταύτῃ</span> <span class='ocrx_word' id='word_1_157' title='bbox 965 3104 1224 3173; x_wconf 79' lang='grc' dir='ltr'>λελήθασι</span> <span class='ocrx_word' id='word_1_158' title='bbox 1256 3108 1324 3176; x_wconf 78' lang='grc' dir='ltr'>τῇ</span> <span class='ocrx_word' id='word_1_159' title='bbox 1360 3105 1618 3178; x_wconf 80' lang='grc' dir='ltr'>κοινωνίᾳ</span> <span class='ocrx_word' id='word_1_160' title='bbox 1646 3105 1748 3174; x_wconf 78' lang='grc' dir='ltr'>τῆς</span> 
     </span>
    </p>
   </div>
   <div class='ocr_carea' id='block_1_27' title="bbox 1846 1919 3419 1995">
    <p class='ocr_par' dir='ltr' id='par_1_27' title="bbox 1846 1919 3419 1995">
     <span class='ocr_line' id='line_1_27' title="bbox 1846 1919 3419 1995; baseline -0.001 -17"><span class='ocrx_word' id='word_1_161' title='bbox 1846 1923 2048 1979; x_wconf 91' lang='lat' dir='ltr'><strong>tionem</strong></span> <span class='ocrx_word' id='word_1_162' title='bbox 2074 1922 2406 1995; x_wconf 86' lang='lat' dir='ltr'><strong>hypostasis,</strong></span> <span class='ocrx_word' id='word_1_163' title='bbox 2448 1928 2505 1976; x_wconf 93' lang='lat' dir='ltr'><strong>et</strong></span> <span class='ocrx_word' id='word_1_164' title='bbox 2551 1921 2894 1984; x_wconf 67' lang='lat' dir='ltr'><strong>substantiae,</strong></span> <span class='ocrx_word' id='word_1_165' title='bbox 2927 1919 2981 1974; x_wconf 90' lang='lat' dir='ltr'><strong>id</strong></span> <span class='ocrx_word' id='word_1_166' title='bbox 3010 1927 3115 1983; x_wconf 87' lang='lat' dir='ltr'><strong>est,</strong></span> <span class='ocrx_word' id='word_1_167' title='bbox 3151 1934 3419 1988; x_wconf 65' lang='lat' dir='ltr'><strong>personae.</strong></span> 
     </span>
    </p>
   </div>
   <div class='ocr_carea' id='block_1_28' title="bbox 1841 2008 3420 2082">
    <p class='ocr_par' dir='ltr' id='par_1_28' title="bbox 1841 2008 3420 2082">
     <span class='ocr_line' id='line_1_28' title="bbox 1841 2008 3420 2082; baseline -0.004 -12"><span class='ocrx_word' id='word_1_168' title='bbox 1841 2022 1898 2070; x_wconf 90' lang='lat' dir='ltr'><strong>et</strong></span> <span class='ocrx_word' id='word_1_169' title='bbox 1920 2022 2130 2068; x_wconf 72' lang='lat' dir='ltr'><strong>uatum</strong></span> <span class='ocrx_word' id='word_1_170' title='bbox 2156 2013 2336 2082; x_wconf 89' lang='lat' dir='ltr'><strong>(idem</strong></span> <span class='ocrx_word' id='word_1_171' title='bbox 2376 2012 2525 2067; x_wconf 89' lang='lat' dir='ltr'><strong>enim</strong></span> <span class='ocrx_word' id='word_1_172' title='bbox 2560 2021 2794 2081; x_wconf 89' lang='lat' dir='ltr'><strong>utraque</strong></span> <span class='ocrx_word' id='word_1_173' title='bbox 2827 2019 2977 2075; x_wconf 88' lang='lat' dir='ltr'><strong>sunt,</strong></span> <span class='ocrx_word' id='word_1_174' title='bbox 3010 2019 3067 2064; x_wconf 91' lang='lat' dir='ltr'><strong>et</strong></span> <span class='ocrx_word' id='word_1_175' title='bbox 3093 2009 3241 2065; x_wconf 89' lang='lat' dir='ltr'><strong>circa</strong></span> <span class='ocrx_word' id='word_1_176' title='bbox 3272 2008 3420 2064; x_wconf 89' lang='lat' dir='ltr'><strong>idem</strong></span> 
     </span>
    </p>
   </div>
   <div class='ocr_carea' id='block_1_29' title="bbox 1843 2094 3426 2171">
    <p class='ocr_par' dir='ltr' id='par_1_29' title="bbox 1843 2094 3426 2171">
     <span class='ocr_line' id='line_1_29' title="bbox 1843 2094 3426 2171; baseline -0.001 -15"><span class='ocrx_word' id='word_1_177' title='bbox 1843 2111 2155 2167; x_wconf 82' lang='lat' dir='ltr'><strong>versantur)</strong></span> <span class='ocrx_word' id='word_1_178' title='bbox 2184 2094 2494 2165; x_wconf 67' lang='lat' dir='ltr'><strong>conﬂtsam,</strong></span> <span class='ocrx_word' id='word_1_179' title='bbox 2521 2109 2577 2156; x_wconf 90' lang='lat' dir='ltr'><strong>et</strong></span> <span class='ocrx_word' id='word_1_180' title='bbox 2606 2115 2718 2156; x_wconf 92' lang='lat' dir='ltr'><strong>non</strong></span> <span class='ocrx_word' id='word_1_181' title='bbox 2776 2100 3120 2171; x_wconf 80' lang='lat' dir='ltr'><strong>explanatam</strong></span> <span class='ocrx_word' id='word_1_182' title='bbox 3153 2099 3298 2169; x_wconf 89' lang='lat' dir='ltr'><strong>apud</strong></span> <span class='ocrx_word' id='word_1_183' title='bbox 3328 2114 3426 2155; x_wconf 88' lang='lat' dir='ltr'><strong>eos</strong></span> 
     </span>
    </p>
   </div>
   <div class='ocr_carea' id='block_1_30' title="bbox 1842 2190 3423 2262">
    <p class='ocr_par' dir='ltr' id='par_1_30' title="bbox 1842 2190 3423 2262">
     <span class='ocr_line' id='line_1_30' title="bbox 1842 2190 3423 2262; baseline -0.002 -16"><span class='ocrx_word' id='word_1_184' title='bbox 1842 2192 1937 2262; x_wconf 88' lang='lat' dir='ltr'><strong>qui</strong></span> <span class='ocrx_word' id='word_1_185' title='bbox 1974 2192 2081 2246; x_wconf 91' lang='lat' dir='ltr'><strong>hoc</strong></span> <span class='ocrx_word' id='word_1_186' title='bbox 2109 2200 2356 2262; x_wconf 85' lang='lat' dir='ltr'><strong>tempore</strong></span> <span class='ocrx_word' id='word_1_187' title='bbox 2388 2192 2667 2262; x_wconf 83' lang='lat' dir='ltr'><strong>sapientes</strong></span> <span class='ocrx_word' id='word_1_188' title='bbox 2691 2197 3089 2256; x_wconf 81' lang='lat' dir='ltr'><strong>numerantur;</strong></span> <span class='ocrx_word' id='word_1_189' title='bbox 3124 2199 3288 2261; x_wconf 88' lang='lat' dir='ltr'><strong>atque</strong></span> <span class='ocrx_word' id='word_1_190' title='bbox 3318 2190 3423 2245; x_wconf 85' lang='lat' dir='ltr'><strong>alia</strong></span> 
     </span>
    </p>
   </div>
   <div class='ocr_carea' id='block_1_31' title="bbox 1844 2281 3425 2356">
    <p class='ocr_par' dir='ltr' id='par_1_31' title="bbox 1844 2281 3425 2356">
     <span class='ocr_line' id='line_1_31' title="bbox 1844 2281 3425 2356; baseline -0.001 -17"><span class='ocrx_word' id='word_1_191' title='bbox 1844 2293 2109 2355; x_wconf 67' lang='lat' dir='ltr'><strong>praeterea</strong></span> <span class='ocrx_word' id='word_1_192' title='bbox 2129 2285 2306 2356; x_wconf 91' lang='lat' dir='ltr'><strong>capita</strong></span> <span class='ocrx_word' id='word_1_193' title='bbox 2333 2284 2629 2354; x_wconf 80' lang='lat' dir='ltr'><strong>explicare,</strong></span> <span class='ocrx_word' id='word_1_194' title='bbox 2648 2299 2773 2354; x_wconf 61' lang='lat' dir='ltr'><strong>qua:</strong></span> <span class='ocrx_word' id='word_1_195' title='bbox 2793 2298 2917 2338; x_wconf 91' lang='lat' dir='ltr'><strong>cum</strong></span> <span class='ocrx_word' id='word_1_196' title='bbox 2933 2281 3425 2353; x_wconf 69' lang='lat' dir='ltr'><strong>primaquazstione</strong></span> 
     </span>
    </p>
   </div>
   <div class='ocr_carea' id='block_1_32' title="bbox 1844 2373 3424 2446">
    <p class='ocr_par' dir='ltr' id='par_1_32' title="bbox 1844 2373 3424 2446">
     <span class='ocr_line' id='line_1_32' title="bbox 1844 2373 3424 2446; baseline -0.002 -15"><span class='ocrx_word' id='word_1_197' title='bbox 1844 2376 2143 2440; x_wconf 71' lang='lat' dir='ltr'><strong>cohaerent,</strong></span> <span class='ocrx_word' id='word_1_198' title='bbox 2179 2375 2345 2445; x_wconf 85' lang='lat' dir='ltr'><strong>idque</strong></span> <span class='ocrx_word' id='word_1_199' title='bbox 2370 2376 2481 2431; x_wconf 88' lang='lat' dir='ltr'><strong>Deo</strong></span> <span class='ocrx_word' id='word_1_200' title='bbox 2509 2377 2760 2446; x_wconf 85' lang='lat' dir='ltr'><strong>juvante,</strong></span> <span class='ocrx_word' id='word_1_201' title='bbox 2783 2385 2839 2431; x_wconf 90' lang='lat' dir='ltr'><strong>et</strong></span> <span class='ocrx_word' id='word_1_202' title='bbox 2862 2374 3232 2429; x_wconf 83' lang='lat' dir='ltr'><strong>inﬁrmitatem</strong></span> <span class='ocrx_word' id='word_1_203' title='bbox 3271 2373 3424 2444; x_wconf 81' lang='lat' dir='ltr'><strong>cogi-</strong></span> 
     </span>
    </p>
   </div>
   <div class='ocr_carea' id='block_1_33' title="bbox 1845 2467 3427 2539">
    <p class='ocr_par' dir='ltr' id='par_1_33' title="bbox 1845 2467 3427 2539">
     <span class='ocr_line' id='line_1_33' title="bbox 1845 2467 3427 2539; baseline 0 -19"><span class='ocrx_word' id='word_1_204' title='bbox 1845 2467 2116 2522; x_wconf 87' lang='lat' dir='ltr'><strong>talionum</strong></span> <span class='ocrx_word' id='word_1_205' title='bbox 2139 2477 2454 2523; x_wconf 80' lang='lat' dir='ltr'><strong>nostrarum</strong></span> <span class='ocrx_word' id='word_1_206' title='bbox 2475 2469 2675 2523; x_wconf 90' lang='lat' dir='ltr'><strong>merito</strong></span> <span class='ocrx_word' id='word_1_207' title='bbox 2697 2468 3083 2539; x_wconf 85' lang='lat' dir='ltr'><strong>prccatiomun</strong></span> <span class='ocrx_word' id='word_1_208' title='bbox 3112 2475 3427 2523; x_wconf 79' lang='lat' dir='ltr'><strong>vestrarum</strong></span> 
     </span>
    </p>
   </div>
   <div class='ocr_carea' id='block_1_34' title="bbox 1842 2560 3427 2632">
    <p class='ocr_par' dir='ltr' id='par_1_34' title="bbox 1842 2560 3427 2632">
     <span class='ocr_line' id='line_1_34' title="bbox 1842 2560 3427 2632; baseline -0.002 -15"><span class='ocrx_word' id='word_1_209' title='bbox 1842 2562 2145 2627; x_wconf 80' lang='lat' dir='ltr'><strong>fulciente;</strong></span> <span class='ocrx_word' id='word_1_210' title='bbox 2186 2561 2389 2632; x_wconf 88' lang='lat' dir='ltr'><strong>quibus</strong></span> <span class='ocrx_word' id='word_1_211' title='bbox 2440 2561 2685 2616; x_wconf 81' lang='lat' dir='ltr'><strong>conlisus</strong></span> <span class='ocrx_word' id='word_1_212' title='bbox 2730 2560 2797 2615; x_wconf 93' lang='lat' dir='ltr'><strong>ad</strong></span> <span class='ocrx_word' id='word_1_213' title='bbox 2848 2560 3230 2616; x_wconf 81' lang='lat' dir='ltr'><strong>tractationem</strong></span> <span class='ocrx_word' id='word_1_214' title='bbox 3261 2560 3427 2629; x_wconf 85' lang='lat' dir='ltr'><strong>hujus</strong></span> 
     </span>
    </p>
   </div>
   <div class='ocr_carea' id='block_1_35' title="bbox 1844 2636 3428 2733">
    <p class='ocr_par' dir='ltr' id='par_1_35' title="bbox 1844 2636 3428 2733">
     <span class='ocr_line' id='line_1_35' title="bbox 1844 2636 3428 2733; baseline -0.002 -24"><span class='ocrx_word' id='word_1_215' title='bbox 1844 2654 2168 2725; x_wconf 68' lang='lat' dir='ltr'><strong>quaestionis</strong></span> <span class='ocrx_word' id='word_1_216' title='bbox 2222 2636 2309 2708; x_wconf 76' lang='lat' dir='ltr'><strong>me</strong></span> <span class='ocrx_word' id='word_1_217' title='bbox 2337 2653 2570 2708; x_wconf 87' lang='lat' dir='ltr'><strong>contuli.</strong></span> <span class='ocrx_word' id='word_1_218' title='bbox 2601 2652 2722 2707; x_wconf 86' lang='lat' dir='ltr'><strong>Non</strong></span> <span class='ocrx_word' id='word_1_219' title='bbox 2763 2653 3079 2724; x_wconf 79' lang='lat' dir='ltr'><strong>ignoramus</strong></span> <span class='ocrx_word' id='word_1_220' title='bbox 3125 2651 3271 2733; x_wconf 87' lang='lat' dir='ltr'><strong>quod</strong></span> <span class='ocrx_word' id='word_1_221' title='bbox 3312 2652 3428 2722; x_wconf 82' lang='lat' dir='ltr'><strong>qui</strong></span> 
     </span>
    </p>
   </div>
   <div class='ocr_carea' id='block_1_36' title="bbox 1845 2744 3429 2816">
    <p class='ocr_par' dir='ltr' id='par_1_36' title="bbox 1845 2744 3429 2816">
     <span class='ocr_line' id='line_1_36' title="bbox 1845 2744 3429 2816; baseline -0.002 -15"><span class='ocrx_word' id='word_1_222' title='bbox 1845 2747 2008 2801; x_wconf 88' lang='lat' dir='ltr'><strong>nobis</strong></span> <span class='ocrx_word' id='word_1_223' title='bbox 2039 2747 2425 2811; x_wconf 77' lang='lat' dir='ltr'><strong>adversantur,</strong></span> <span class='ocrx_word' id='word_1_224' title='bbox 2460 2754 2518 2801; x_wconf 86' lang='lat' dir='ltr'><strong>et</strong></span> <span class='ocrx_word' id='word_1_225' title='bbox 2572 2746 2778 2816; x_wconf 81' lang='lat' dir='ltr'><strong>quibus</strong></span> <span class='ocrx_word' id='word_1_226' title='bbox 2822 2761 2994 2800; x_wconf 92' lang='lat' dir='ltr'><strong>unum</strong></span> <span class='ocrx_word' id='word_1_227' title='bbox 3042 2744 3167 2800; x_wconf 82' lang='lat' dir='ltr'><strong>cum</strong></span> <span class='ocrx_word' id='word_1_228' title='bbox 3225 2745 3429 2800; x_wconf 89' lang='lat' dir='ltr'><strong>sanctis</strong></span> 
     </span>
    </p>
   </div>
   <div class='ocr_carea' id='block_1_37' title="bbox 1846 2834 3427 2905">
    <p class='ocr_par' dir='ltr' id='par_1_37' title="bbox 1846 2834 3427 2905">
     <span class='ocr_line' id='line_1_37' title="bbox 1846 2834 3427 2905; baseline -0.004 -11"><span class='ocrx_word' id='word_1_229' title='bbox 1846 2838 2104 2894; x_wconf 85' lang='lat' dir='ltr'><strong>Patribus</strong></span> <span class='ocrx_word' id='word_1_230' title='bbox 2136 2846 2417 2892; x_wconf 90' lang='lat' dir='ltr'><strong>certamen</strong></span> <span class='ocrx_word' id='word_1_231' title='bbox 2443 2846 2547 2896; x_wconf 86' lang='lat' dir='ltr'><strong>est.</strong></span> <span class='ocrx_word' id='word_1_232' title='bbox 2575 2837 2719 2892; x_wconf 85' lang='lat' dir='ltr'><strong>sicut</strong></span> <span class='ocrx_word' id='word_1_233' title='bbox 2748 2838 2889 2901; x_wconf 91' lang='lat' dir='ltr'><strong>illos,</strong></span> <span class='ocrx_word' id='word_1_234' title='bbox 2913 2838 2996 2892; x_wconf 90' lang='lat' dir='ltr'><strong>sic</strong></span> <span class='ocrx_word' id='word_1_235' title='bbox 3018 2836 3183 2891; x_wconf 89' lang='lat' dir='ltr'><strong>etiam</strong></span> <span class='ocrx_word' id='word_1_236' title='bbox 3211 2850 3311 2889; x_wconf 87' lang='lat' dir='ltr'><strong>nos</strong></span> <span class='ocrx_word' id='word_1_237' title='bbox 3334 2834 3427 2905; x_wconf 90' lang='lat' dir='ltr'><strong>qui</strong></span> 
     </span>
    </p>
   </div>
   <div class='ocr_carea' id='block_1_38' title="bbox 1848 2926 3428 2997">
    <p class='ocr_par' dir='ltr' id='par_1_38' title="bbox 1848 2926 3428 2997">
     <span class='ocr_line' id='line_1_38' title="bbox 1848 2926 3428 2997; baseline -0.003 -13"><span class='ocrx_word' id='word_1_238' title='bbox 1848 2930 2069 2984; x_wconf 87' lang='lat' dir='ltr'><strong>illorum</strong></span> <span class='ocrx_word' id='word_1_239' title='bbox 2096 2928 2444 2997; x_wconf 87' lang='lat' dir='ltr'><strong>disciplinam</strong></span> <span class='ocrx_word' id='word_1_240' title='bbox 2469 2938 2750 2983; x_wconf 89' lang='lat' dir='ltr'><strong>sectamur</strong></span> <span class='ocrx_word' id='word_1_241' title='bbox 2778 2938 2834 2983; x_wconf 90' lang='lat' dir='ltr'><strong>et</strong></span> <span class='ocrx_word' id='word_1_242' title='bbox 2856 2928 3229 2991; x_wconf 79' lang='lat' dir='ltr'><strong>defendimus,</strong></span> <span class='ocrx_word' id='word_1_243' title='bbox 3262 2926 3428 2981; x_wconf 85' lang='lat' dir='ltr'><strong>inho-</strong></span> 
     </span>
    </p>
   </div>
   <div class='ocr_carea' id='block_1_39' title="bbox 1849 3018 3430 3091">
    <p class='ocr_par' dir='ltr' id='par_1_39' title="bbox 1849 3018 3430 3091">
     <span class='ocr_line' id='line_1_39' title="bbox 1849 3018 3430 3091; baseline -0.002 -15"><span class='ocrx_word' id='word_1_244' title='bbox 1849 3029 2086 3077; x_wconf 84' lang='lat' dir='ltr'><strong>norant:</strong></span> <span class='ocrx_word' id='word_1_245' title='bbox 2114 3020 2209 3090; x_wconf 87' lang='lat' dir='ltr'><strong>qui</strong></span> <span class='ocrx_word' id='word_1_246' title='bbox 2245 3035 2346 3075; x_wconf 92' lang='lat' dir='ltr'><strong>nos</strong></span> <span class='ocrx_word' id='word_1_247' title='bbox 2378 3021 2564 3091; x_wconf 87' lang='lat' dir='ltr'><strong>potius</strong></span> <span class='ocrx_word' id='word_1_248' title='bbox 2588 3022 2903 3075; x_wconf 88' lang='lat' dir='ltr'><strong>nescientes</strong></span> <span class='ocrx_word' id='word_1_249' title='bbox 2928 3020 3205 3074; x_wconf 85' lang='lat' dir='ltr'><strong>honorant</strong></span> <span class='ocrx_word' id='word_1_250' title='bbox 3230 3060 3245 3081; x_wconf 93' lang='lat'><strong>,</strong></span> <span class='ocrx_word' id='word_1_251' title='bbox 3296 3018 3430 3073; x_wconf 89' lang='lat' dir='ltr'><strong>dum</strong></span> 
     </span>
    </p>
   </div>
   <div class='ocr_carea' id='block_1_40' title="bbox 1849 3110 3428 3183">
    <p class='ocr_par' dir='ltr' id='par_1_40' title="bbox 1849 3110 3428 3183">
     <span class='ocr_line' id='line_1_40' title="bbox 1849 3110 3428 3183; baseline -0.002 -17"><span class='ocrx_word' id='word_1_252' title='bbox 1849 3112 2051 3182; x_wconf 91' lang='lat' dir='ltr'><strong>probra</strong></span> <span class='ocrx_word' id='word_1_253' title='bbox 2077 3127 2198 3182; x_wconf 71' lang='lat' dir='ltr'><strong>quae</strong></span> <span class='ocrx_word' id='word_1_254' title='bbox 2224 3111 2334 3166; x_wconf 81' lang='lat' dir='ltr'><strong>illis</strong></span> <span class='ocrx_word' id='word_1_255' title='bbox 2354 3111 2646 3183; x_wconf 88' lang='lat' dir='ltr'><strong>objiciunt,</strong></span> <span class='ocrx_word' id='word_1_256' title='bbox 2672 3112 2963 3167; x_wconf 91' lang='lat' dir='ltr'><strong>nobiscum</strong></span> <span class='ocrx_word' id='word_1_257' title='bbox 2996 3110 3428 3166; x_wconf 88' lang='lat' dir='ltr'><strong>communicant.</strong></span> 
     </span>
    </p>
   </div>
   <div class='ocr_carea' id='block_1_41' title="bbox 154 3187 1768 3276">
    <p class='ocr_par' dir='ltr' id='par_1_41' title="bbox 154 3194 1744 3263">
     <span class='ocr_line' id='line_1_41' title="bbox 154 3194 1744 3263; baseline 0.003 -16"><span class='ocrx_word' id='word_1_258' title='bbox 154 3194 408 3261; x_wconf 82' lang='grc' dir='ltr'>ἀτιμίας.</span> <span class='ocrx_word' id='word_1_259' title='bbox 432 3196 494 3248; x_wconf 87' lang='grc' dir='ltr'>Οί</span> <span class='ocrx_word' id='word_1_260' title='bbox 518 3195 627 3263; x_wconf 73' lang='grc' dir='ltr'>γὰρ</span> <span class='ocrx_word' id='word_1_261' title='bbox 660 3195 812 3247; x_wconf 73' lang='grc' dir='ltr'>αὐτοὶ</span> <span class='ocrx_word' id='word_1_262' title='bbox 838 3196 905 3248; x_wconf 80' lang='grc' dir='ltr'>τά</span> <span class='ocrx_word' id='word_1_263' title='bbox 928 3212 988 3248; x_wconf 86' lang='grc' dir='ltr'><strong>τε</strong></span> <span class='ocrx_word' id='word_1_264' title='bbox 1029 3194 1148 3248; x_wconf 81' lang='grc' dir='ltr'>θεῖα</span> <span class='ocrx_word' id='word_1_265' title='bbox 1182 3198 1461 3261; x_wconf 79' lang='grc' dir='ltr'>παίζουσι.</span> <span class='ocrx_word' id='word_1_266' title='bbox 1495 3198 1588 3249; x_wconf 76' lang='grc' dir='ltr'><strong>καὶ</strong></span> <span class='ocrx_word' id='word_1_267' title='bbox 1618 3198 1744 3263; x_wconf 76' lang='grc' dir='ltr'>τοὺς</span> 
     </span>
    </p>
   </div>
   <div class='ocr_carea' id='block_1_42' title="bbox 1850 3187 3433 3276">
    <p class='ocr_par' dir='ltr' id='par_1_42' title="bbox 1850 3203 3433 3276">
     <span class='ocr_line' id='line_1_42' title="bbox 1850 3203 3433 3276; baseline -0.003 -15"><span class='ocrx_word' id='word_1_268' title='bbox 1850 3206 1910 3263; x_wconf 89' lang='lat' dir='ltr'><strong>lli</strong></span> <span class='ocrx_word' id='word_1_269' title='bbox 1943 3207 2089 3261; x_wconf 85' lang='lat' dir='ltr'><strong>enim</strong></span> <span class='ocrx_word' id='word_1_270' title='bbox 2122 3215 2179 3261; x_wconf 83' lang='lat' dir='ltr'><strong>et</strong></span> <span class='ocrx_word' id='word_1_271' title='bbox 2207 3207 2396 3262; x_wconf 87' lang='lat' dir='ltr'><strong>divina</strong></span> <span class='ocrx_word' id='word_1_272' title='bbox 2428 3206 2665 3271; x_wconf 88' lang='lat' dir='ltr'><strong>ludunt,</strong></span> <span class='ocrx_word' id='word_1_273' title='bbox 2722 3215 2779 3261; x_wconf 90' lang='lat' dir='ltr'><strong>et</strong></span> <span class='ocrx_word' id='word_1_274' title='bbox 2821 3205 3111 3276; x_wconf 82' lang='lat' dir='ltr'><strong>theologos</strong></span> <span class='ocrx_word' id='word_1_275' title='bbox 3163 3203 3433 3259; x_wconf 83' lang='lat' dir='ltr'><strong>conviciis</strong></span> 
     </span>
    </p>
   </div>
   <div class='ocr_carea' id='block_1_43' title="bbox 155 3285 1746 3359">
    <p class='ocr_par' dir='ltr' id='par_1_43' title="bbox 155 3285 1746 3359">
     <span class='ocr_line' id='line_1_43' title="bbox 155 3285 1746 3359; baseline 0.001 -19"><span class='ocrx_word' id='word_1_276' title='bbox 155 3287 451 3354; x_wconf 79' lang='grc' dir='ltr'>θεολόγους</span> <span class='ocrx_word' id='word_1_277' title='bbox 480 3285 766 3357; x_wconf 77' lang='grc' dir='ltr'>ὑϐρίζουσι</span> <span class='ocrx_word' id='word_1_278' title='bbox 788 3303 802 3317; x_wconf 74' lang='grc' dir='ltr'><strong>ο</strong></span> <span class='ocrx_word' id='word_1_279' title='bbox 829 3287 924 3339; x_wconf 77' lang='grc' dir='ltr'><strong>καὶ</strong></span> <span class='ocrx_word' id='word_1_280' title='bbox 949 3287 1001 3340; x_wconf 87' lang='grc' dir='ltr'><strong>τί</strong></span> <span class='ocrx_word' id='word_1_281' title='bbox 1036 3288 1199 3357; x_wconf 81' lang='grc' dir='ltr'>μέγα,</span> <span class='ocrx_word' id='word_1_282' title='bbox 1232 3289 1280 3340; x_wconf 90' lang='grc' dir='ltr'><strong>εί</strong></span> <span class='ocrx_word' id='word_1_283' title='bbox 1310 3289 1405 3340; x_wconf 73' lang='grc' dir='ltr'><strong>καὶ</strong></span> <span class='ocrx_word' id='word_1_284' title='bbox 1435 3290 1586 3359; x_wconf 78' lang='grc' dir='ltr'>ἡμᾶς</span> <span class='ocrx_word' id='word_1_285' title='bbox 1618 3289 1746 3352; x_wconf 81' lang='grc' dir='ltr'>τοὺς</span> 
     </span>
    </p>
   </div>
   <div class='ocr_carea' id='block_1_44' title="bbox 161 3372 1746 3449">
    <p class='ocr_par' dir='ltr' id='par_1_44' title="bbox 161 3372 1746 3449">
     <span class='ocr_line' id='line_1_44' title="bbox 161 3372 1746 3449; baseline 0.002 -18"><span class='ocrx_word' id='word_1_286' title='bbox 161 3378 335 3447; x_wconf 77' lang='grc' dir='ltr'>μηδὲν</span> <span class='ocrx_word' id='word_1_287' title='bbox 380 3378 540 3438; x_wconf 82' lang='grc' dir='ltr'>ὄντας</span> <span class='ocrx_word' id='word_1_288' title='bbox 594 3378 999 3444; x_wconf 77' lang='grc' dir='ltr'>ὲξουθενοῦσινς</span> <span class='ocrx_word' id='word_1_289' title='bbox 1055 3372 1132 3432; x_wconf 85' lang='grc' dir='ltr'>ὧν</span> <span class='ocrx_word' id='word_1_290' title='bbox 1178 3377 1339 3432; x_wconf 80' lang='grc' dir='ltr'>τοῦτο</span> <span class='ocrx_word' id='word_1_291' title='bbox 1388 3379 1548 3449; x_wconf 80' lang='grc' dir='ltr'>μόνον</span> <span class='ocrx_word' id='word_1_292' title='bbox 1593 3379 1746 3444; x_wconf 77' lang='grc' dir='ltr'>ἄξιόν</span> 
     </span>
    </p>
   </div>
   <div class='ocr_carea' id='block_1_45' title="bbox 158 3468 1747 3541">
    <p class='ocr_par' dir='ltr' id='par_1_45' title="bbox 158 3468 1747 3541">
     <span class='ocr_line' id='line_1_45' title="bbox 158 3468 1747 3541; baseline 0.001 -19"><span class='ocrx_word' id='word_1_293' title='bbox 158 3472 280 3524; x_wconf 81' lang='grc' dir='ltr'>ἐστι</span> <span class='ocrx_word' id='word_1_294' title='bbox 314 3468 636 3539; x_wconf 85' lang='grc' dir='ltr'>θαυμάζειν.</span> <span class='ocrx_word' id='word_1_295' title='bbox 668 3472 750 3523; x_wconf 84' lang='grc' dir='ltr'><strong>ὅτι</strong></span> <span class='ocrx_word' id='word_1_296' title='bbox 778 3471 957 3539; x_wconf 81' lang='grc' dir='ltr'>πάσης</span> <span class='ocrx_word' id='word_1_297' title='bbox 987 3469 1086 3540; x_wconf 79' lang='grc' dir='ltr'><strong>μὲν</strong></span> <span class='ocrx_word' id='word_1_298' title='bbox 1117 3471 1321 3539; x_wconf 79' lang='grc' dir='ltr'>ἀρετῆς</span> <span class='ocrx_word' id='word_1_299' title='bbox 1346 3470 1447 3538; x_wconf 75' lang='grc' dir='ltr'><strong>τῆς</strong></span> <span class='ocrx_word' id='word_1_300' title='bbox 1479 3472 1536 3523; x_wconf 81' lang='grc' dir='ltr'>ὲν</span> <span class='ocrx_word' id='word_1_301' title='bbox 1564 3471 1747 3541; x_wconf 78' lang='grc' dir='ltr'>ἔργοις</span> 
     </span>
    </p>
   </div>
   <div class='ocr_carea' id='block_1_46' title="bbox 159 3555 1746 3627">
    <p class='ocr_par' dir='ltr' id='par_1_46' title="bbox 159 3555 1746 3627">
     <span class='ocr_line' id='line_1_46' title="bbox 159 3555 1746 3627; baseline 0 -16"><span class='ocrx_word' id='word_1_302' title='bbox 159 3558 472 3617; x_wconf 76' lang='grc' dir='ltr'>σπουδαίως</span> <span class='ocrx_word' id='word_1_303' title='bbox 497 3558 813 3627; x_wconf 79' lang='grc' dir='ltr'>ἀμελοῦσιν,</span> <span class='ocrx_word' id='word_1_304' title='bbox 836 3556 1121 3610; x_wconf 84' lang='grc' dir='ltr'>κελεύουσι</span> <span class='ocrx_word' id='word_1_305' title='bbox 1144 3556 1203 3609; x_wconf 74' lang='grc' dir='ltr'><strong>δὲ</strong></span> <span class='ocrx_word' id='word_1_306' title='bbox 1224 3559 1366 3626; x_wconf 81' lang='grc' dir='ltr'>σφᾶς</span> <span class='ocrx_word' id='word_1_307' title='bbox 1390 3558 1587 3621; x_wconf 78' lang='grc' dir='ltr'>αὐτοὺς</span> <span class='ocrx_word' id='word_1_308' title='bbox 1608 3555 1746 3612; x_wconf 74' lang='grc' dir='ltr'>εἶναι</span> 
     </span>
    </p>
   </div>
   <div class='ocr_carea' id='block_1_47' title="bbox 159 3645 1748 3717">
    <p class='ocr_par' dir='ltr' id='par_1_47' title="bbox 159 3645 1748 3717">
     <span class='ocr_line' id='line_1_47' title="bbox 159 3645 1748 3717; baseline 0 -14"><span class='ocrx_word' id='word_1_309' title='bbox 159 3648 397 3716; x_wconf 79' lang='grc' dir='ltr'>σοφούς·</span> <span class='ocrx_word' id='word_1_310' title='bbox 436 3651 530 3702; x_wconf 74' lang='grc' dir='ltr'><strong>καὶ</strong></span> <span class='ocrx_word' id='word_1_311' title='bbox 550 3649 687 3702; x_wconf 77' lang='grc' dir='ltr'>εἰσὶν</span> <span class='ocrx_word' id='word_1_312' title='bbox 708 3645 822 3702; x_wconf 75' lang='grc' dir='ltr'>οἷον</span> <span class='ocrx_word' id='word_1_313' title='bbox 859 3649 917 3713; x_wconf 74' lang='grc' dir='ltr'><strong>ἐξ</strong></span> <span class='ocrx_word' id='word_1_314' title='bbox 949 3649 1323 3717; x_wconf 77' lang='grc' dir='ltr'>ἐπιτάγματος</span> <span class='ocrx_word' id='word_1_315' title='bbox 1365 3650 1613 3715; x_wconf 68' lang='grc' dir='ltr'>συνετοὶ,</span> <span class='ocrx_word' id='word_1_316' title='bbox 1651 3651 1748 3703; x_wconf 72' lang='grc' dir='ltr'>καὶ</span> 
     </span>
    </p>
   </div>
   <div class='ocr_carea' id='block_1_48' title="bbox 154 3741 1747 3815">
    <p class='ocr_par' dir='ltr' id='par_1_48' title="bbox 154 3741 1747 3815">
     <span class='ocr_line' id='line_1_48' title="bbox 154 3741 1747 3815; baseline -0.001 -18"><span class='ocrx_word' id='word_1_317' title='bbox 154 3744 220 3797; x_wconf 80' lang='grc' dir='ltr'><strong>τὸ</strong></span> <span class='ocrx_word' id='word_1_318' title='bbox 253 3744 430 3797; x_wconf 75' lang='grc' dir='ltr'>ὕελειν</span> <span class='ocrx_word' id='word_1_319' title='bbox 469 3742 667 3806; x_wconf 77' lang='grc' dir='ltr'>αὐτοὺς</span> <span class='ocrx_word' id='word_1_320' title='bbox 709 3743 869 3814; x_wconf 83' lang='grc' dir='ltr'>μόνον</span> <span class='ocrx_word' id='word_1_321' title='bbox 900 3741 1286 3805; x_wconf 82' lang='grc' dir='ltr'>εὐπαιδεύτους</span> <span class='ocrx_word' id='word_1_322' title='bbox 1325 3743 1629 3815; x_wconf 73' lang='grc' dir='ltr'>ἀπέφηνεν,</span> <span class='ocrx_word' id='word_1_323' title='bbox 1671 3744 1747 3806; x_wconf 89' lang='grc' dir='ltr'><strong>ὡς</strong></span> 
     </span>
    </p>
   </div>
   <div class='ocr_carea' id='block_1_49' title="bbox 170 3834 1749 3907">
    <p class='ocr_par' dir='ltr' id='par_1_49' title="bbox 170 3834 1749 3907">
     <span class='ocr_line' id='line_1_49' title="bbox 170 3834 1749 3907; baseline -0.001 -17"><span class='ocrx_word' id='word_1_324' title='bbox 170 3836 725 3905; x_wconf 66' lang='grc' dir='ltr'>Ἄκροςριλοσόφους</span> <span class='ocrx_word' id='word_1_325' title='bbox 758 3835 954 3899; x_wconf 84' lang='grc' dir='ltr'>αὐτούς</span> <span class='ocrx_word' id='word_1_326' title='bbox 991 3852 1075 3898; x_wconf 86' lang='grc' dir='ltr'><strong>τις</strong></span> <span class='ocrx_word' id='word_1_327' title='bbox 1106 3834 1213 3887; x_wconf 83' lang='grc' dir='ltr'>τῶν</span> <span class='ocrx_word' id='word_1_328' title='bbox 1248 3836 1611 3907; x_wconf 83' lang='grc' dir='ltr'>ἀστειοτέρων</span> <span class='ocrx_word' id='word_1_329' title='bbox 1651 3854 1749 3906; x_wconf 86' lang='grc' dir='ltr'>χα-</span> 
     </span>
    </p>
   </div>
   <div class='ocr_carea' id='block_1_50' title="bbox 160 3924 1748 3999">
    <p class='ocr_par' dir='ltr' id='par_1_50' title="bbox 160 3924 1748 3999">
     <span class='ocr_line' id='line_1_50' title="bbox 160 3924 1748 3999; baseline -0.001 -19"><span class='ocrx_word' id='word_1_330' title='bbox 160 3930 394 3999; x_wconf 82' lang='grc' dir='ltr'>ριέντως</span> <span class='ocrx_word' id='word_1_331' title='bbox 444 3928 751 3996; x_wconf 81' lang='grc' dir='ltr'>ὠνόμακεν.</span> <span class='ocrx_word' id='word_1_332' title='bbox 802 3927 944 3980; x_wconf 80' lang='grc' dir='ltr'>Ἀλλ’</span> <span class='ocrx_word' id='word_1_333' title='bbox 990 3927 1050 3979; x_wconf 79' lang='grc' dir='ltr'><strong>οὐ</strong></span> <span class='ocrx_word' id='word_1_334' title='bbox 1090 3924 1197 3996; x_wconf 83' lang='grc' dir='ltr'><strong>χρὴ</strong></span> <span class='ocrx_word' id='word_1_335' title='bbox 1238 3926 1327 3979; x_wconf 78' lang='grc' dir='ltr'>διὰ</span> <span class='ocrx_word' id='word_1_336' title='bbox 1375 3926 1472 3995; x_wconf 77' lang='grc' dir='ltr'><strong>τὴν</strong></span> <span class='ocrx_word' id='word_1_337' title='bbox 1523 3928 1748 3979; x_wconf 75' lang='grc' dir='ltr'>ἐκείνων</span> 
     </span>
    </p>
   </div>
   <div class='ocr_carea' id='block_1_51' title="bbox 162 4015 1748 4090">
    <p class='ocr_par' dir='ltr' id='par_1_51' title="bbox 162 4015 1748 4090">
     <span class='ocr_line' id='line_1_51' title="bbox 162 4015 1748 4090; baseline -0.001 -20"><span class='ocrx_word' id='word_1_338' title='bbox 162 4018 457 4090; x_wconf 43' lang='grc' dir='ltr'>μοχθηρὰν.</span> <span class='ocrx_word' id='word_1_339' title='bbox 490 4018 829 4086; x_wconf 74' lang='grc' dir='ltr'>προαίρεσιν,</span> <span class='ocrx_word' id='word_1_340' title='bbox 864 4017 1008 4086; x_wconf 81' lang='grc' dir='ltr'>ἡμᾶς</span> <span class='ocrx_word' id='word_1_341' title='bbox 1037 4016 1100 4083; x_wconf 86' lang='grc' dir='ltr'><em>γέ</em></span> <span class='ocrx_word' id='word_1_342' title='bbox 1129 4033 1183 4068; x_wconf 80' lang='grc' dir='ltr'><strong>τι</strong></span> <span class='ocrx_word' id='word_1_343' title='bbox 1224 4015 1552 4083; x_wconf 77' lang='grc' dir='ltr'>καθυφεῖναι</span> <span class='ocrx_word' id='word_1_344' title='bbox 1586 4015 1617 4087; x_wconf 81' lang='grc' dir='ltr'>ἢ</span> <span class='ocrx_word' id='word_1_345' title='bbox 1648 4017 1748 4085; x_wconf 80' lang='grc' dir='ltr'><strong>τῆς</strong></span> 
     </span>
    </p>
   </div>
   <div class='ocr_carea' id='block_1_52' title="bbox 159 4104 1751 4181">
    <p class='ocr_par' dir='ltr' id='par_1_52' title="bbox 159 4104 1751 4181">
     <span class='ocr_line' id='line_1_52' title="bbox 159 4104 1751 4181; baseline 0.001 -21"><span class='ocrx_word' id='word_1_346' title='bbox 159 4109 480 4181; x_wconf 70' lang='grc' dir='ltr'>παῤῥησίας</span> <span class='ocrx_word' id='word_1_347' title='bbox 513 4108 544 4177; x_wconf 85' lang='grc' dir='ltr'><strong>ἥ</strong></span> <span class='ocrx_word' id='word_1_348' title='bbox 576 4109 683 4160; x_wconf 86' lang='grc' dir='ltr'><strong>τῶν</strong></span> <span class='ocrx_word' id='word_1_349' title='bbox 705 4107 968 4175; x_wconf 74' lang='grc' dir='ltr'>ἀγώνωνο</span> <span class='ocrx_word' id='word_1_350' title='bbox 1006 4108 1316 4161; x_wconf 83' lang='grc' dir='ltr'>τούναντίον</span> <span class='ocrx_word' id='word_1_351' title='bbox 1347 4106 1445 4176; x_wconf 82' lang='grc' dir='ltr'><strong>μὲν</strong></span> <span class='ocrx_word' id='word_1_352' title='bbox 1486 4104 1599 4166; x_wconf 69' lang='grc' dir='ltr'>οὖν.</span> <span class='ocrx_word' id='word_1_353' title='bbox 1637 4111 1751 4171; x_wconf 83' lang='grc' dir='ltr'>τοῖς</span> 
     </span>
    </p>
   </div>
   <div class='ocr_carea' id='block_1_53' title="bbox 159 4198 1751 4271">
    <p class='ocr_par' dir='ltr' id='par_1_53' title="bbox 159 4198 1751 4271">
     <span class='ocr_line' id='line_1_53' title="bbox 159 4198 1751 4271; baseline 0 -19"><span class='ocrx_word' id='word_1_354' title='bbox 159 4201 273 4252; x_wconf 80' lang='grc' dir='ltr'>τῶν</span> <span class='ocrx_word' id='word_1_355' title='bbox 312 4199 600 4267; x_wconf 82' lang='grc' dir='ltr'>μακαρίων</span> <span class='ocrx_word' id='word_1_356' title='bbox 632 4200 840 4268; x_wconf 83' lang='grc' dir='ltr'>ἀνδρῶν</span> <span class='ocrx_word' id='word_1_357' title='bbox 877 4198 1156 4268; x_wconf 82' lang='grc' dir='ltr'>ἀθλήμασι</span> <span class='ocrx_word' id='word_1_358' title='bbox 1200 4198 1338 4268; x_wconf 71' lang='grc' dir='ltr'>πρὸς</span> <span class='ocrx_word' id='word_1_359' title='bbox 1384 4200 1638 4271; x_wconf 86' lang='grc' dir='ltr'>ἀνδρείαν</span> <span class='ocrx_word' id='word_1_360' title='bbox 1675 4199 1751 4263; x_wconf 84' lang='grc' dir='ltr'><strong>ὡς</strong></span> 
     </span>
    </p>
   </div>
   <div class='ocr_carea' id='block_1_54' title="bbox 158 4288 1749 4360">
    <p class='ocr_par' dir='ltr' id='par_1_54' title="bbox 158 4288 1749 4360">
     <span class='ocr_line' id='line_1_54' title="bbox 158 4288 1749 4360; baseline -0.001 -17"><span class='ocrx_word' id='word_1_361' title='bbox 158 4290 230 4344; x_wconf 75' lang='grc' dir='ltr'><strong>τὰ</strong></span> <span class='ocrx_word' id='word_1_362' title='bbox 273 4289 511 4358; x_wconf 82' lang='grc' dir='ltr'>μάλιστα</span> <span class='ocrx_word' id='word_1_363' title='bbox 543 4288 986 4360; x_wconf 86' lang='grc' dir='ltr'>παραθήγεσθαι,</span> <span class='ocrx_word' id='word_1_364' title='bbox 1024 4289 1123 4341; x_wconf 71' lang='grc' dir='ltr'><strong>καὶ</strong></span> <span class='ocrx_word' id='word_1_365' title='bbox 1166 4290 1363 4342; x_wconf 73' lang='grc' dir='ltr'>ταύτὸν</span> <span class='ocrx_word' id='word_1_366' title='bbox 1406 4290 1637 4359; x_wconf 81' lang='grc' dir='ltr'>πάσχειν</span> <span class='ocrx_word' id='word_1_367' title='bbox 1671 4289 1749 4358; x_wconf 86' lang='grc' dir='ltr'><strong>τῷ</strong></span> 
     </span>
    </p>
   </div>
   <div class='ocr_carea' id='block_1_55' title="bbox 160 4380 1749 4453">
    <p class='ocr_par' dir='ltr' id='par_1_55' title="bbox 160 4380 1749 4453">
     <span class='ocr_line' id='line_1_55' title="bbox 160 4380 1749 4453; baseline -0.002 -16"><span class='ocrx_word' id='word_1_368' title='bbox 160 4383 485 4453; x_wconf 76' lang='grc' dir='ltr'>θερμοτάτῳ</span> <span class='ocrx_word' id='word_1_369' title='bbox 538 4381 776 4450; x_wconf 81' lang='grc' dir='ltr'>σιδήρῳο</span> <span class='ocrx_word' id='word_1_370' title='bbox 818 4381 1027 4443; x_wconf 81' lang='grc' dir='ltr'>ἐκεῖνός</span> <span class='ocrx_word' id='word_1_371' title='bbox 1067 4397 1128 4433; x_wconf 83' lang='grc' dir='ltr'><strong>τε</strong></span> <span class='ocrx_word' id='word_1_372' title='bbox 1172 4380 1282 4451; x_wconf 77' lang='grc' dir='ltr'>γὰρ</span> <span class='ocrx_word' id='word_1_373' title='bbox 1336 4380 1631 4451; x_wconf 80' lang='grc' dir='ltr'>στομοῦται</span> <span class='ocrx_word' id='word_1_374' title='bbox 1675 4380 1749 4452; x_wconf 84' lang='grc' dir='ltr'>τῷ</span> 
     </span>
    </p>
   </div>
   <div class='ocr_carea' id='block_1_56' title="bbox 1846 3294 3433 3368">
    <p class='ocr_par' dir='ltr' id='par_1_56' title="bbox 1846 3294 3433 3368">
     <span class='ocr_line' id='line_1_56' title="bbox 1846 3294 3433 3368; baseline -0.003 -13"><span class='ocrx_word' id='word_1_375' title='bbox 1846 3308 2272 3355; x_wconf 89' lang='lat' dir='ltr'><strong>consectantur:</strong></span> <span class='ocrx_word' id='word_1_376' title='bbox 2309 3307 2365 3353; x_wconf 88' lang='lat' dir='ltr'><strong>et</strong></span> <span class='ocrx_word' id='word_1_377' title='bbox 2391 3297 2525 3368; x_wconf 92' lang='lat' dir='ltr'><strong>quid</strong></span> <span class='ocrx_word' id='word_1_378' title='bbox 2562 3298 2762 3352; x_wconf 89' lang='lat' dir='ltr'><strong>mirum</strong></span> <span class='ocrx_word' id='word_1_379' title='bbox 2818 3297 2864 3352; x_wconf 91' lang='lat' dir='ltr'><strong>si</strong></span> <span class='ocrx_word' id='word_1_380' title='bbox 2927 3311 3028 3351; x_wconf 91' lang='lat' dir='ltr'><strong>nos</strong></span> <span class='ocrx_word' id='word_1_381' title='bbox 3052 3337 3065 3361; x_wconf 94' lang='lat'><strong>,</strong></span> <span class='ocrx_word' id='word_1_382' title='bbox 3097 3294 3191 3366; x_wconf 88' lang='lat' dir='ltr'><strong>qui</strong></span> <span class='ocrx_word' id='word_1_383' title='bbox 3240 3310 3433 3350; x_wconf 87' lang='lat' dir='ltr'><strong>sumus</strong></span> 
     </span>
    </p>
   </div>
   <div class='ocr_carea' id='block_1_57' title="bbox 1846 3385 3432 3458">
    <p class='ocr_par' dir='ltr' id='par_1_57' title="bbox 1846 3385 3432 3458">
     <span class='ocr_line' id='line_1_57' title="bbox 1846 3385 3432 3458; baseline -0.003 -14"><span class='ocrx_word' id='word_1_384' title='bbox 1846 3389 2029 3452; x_wconf 86' lang='lat' dir='ltr'><strong>nihili,</strong></span> <span class='ocrx_word' id='word_1_385' title='bbox 2057 3389 2464 3444; x_wconf 82' lang='lat' dir='ltr'><strong>contemnunt?</strong></span> <span class='ocrx_word' id='word_1_386' title='bbox 2499 3389 2554 3442; x_wconf 94' lang='lat' dir='ltr'><strong>in</strong></span> <span class='ocrx_word' id='word_1_387' title='bbox 2584 3389 2790 3458; x_wconf 88' lang='lat' dir='ltr'><strong>quibus</strong></span> <span class='ocrx_word' id='word_1_388' title='bbox 2819 3388 2926 3443; x_wconf 91' lang='lat' dir='ltr'><strong>hoc</strong></span> <span class='ocrx_word' id='word_1_389' title='bbox 2963 3395 3172 3442; x_wconf 88' lang='lat' dir='ltr'><strong>tantum</strong></span> <span class='ocrx_word' id='word_1_390' title='bbox 3203 3385 3432 3457; x_wconf 77' lang='lat' dir='ltr'><strong>dignum</strong></span> 
     </span>
    </p>
   </div>
   <div class='ocr_carea' id='block_1_58' title="bbox 1845 3475 3432 3548">
    <p class='ocr_par' dir='ltr' id='par_1_58' title="bbox 1845 3475 3432 3548">
     <span class='ocr_line' id='line_1_58' title="bbox 1845 3475 3432 3548; baseline -0.002 -15"><span class='ocrx_word' id='word_1_391' title='bbox 1845 3486 1931 3533; x_wconf 86' lang='lat' dir='ltr'><strong>est</strong></span> <span class='ocrx_word' id='word_1_392' title='bbox 1976 3478 2364 3541; x_wconf 87' lang='lat' dir='ltr'><strong>admiratione,</strong></span> <span class='ocrx_word' id='word_1_393' title='bbox 2412 3478 2560 3548; x_wconf 92' lang='lat' dir='ltr'><strong>quod</strong></span> <span class='ocrx_word' id='word_1_394' title='bbox 2610 3494 2830 3533; x_wconf 85' lang='lat' dir='ltr'><strong>omnem</strong></span> <span class='ocrx_word' id='word_1_395' title='bbox 2883 3478 3148 3532; x_wconf 86' lang='lat' dir='ltr'><strong>virtutem</strong></span> <span class='ocrx_word' id='word_1_396' title='bbox 3195 3492 3317 3547; x_wconf 66' lang='lat' dir='ltr'><strong>qum</strong></span> <span class='ocrx_word' id='word_1_397' title='bbox 3374 3475 3432 3530; x_wconf 93' lang='lat' dir='ltr'><strong>in</strong></span> 
     </span>
    </p>
   </div>
   <div class='ocr_carea' id='block_1_59' title="bbox 1846 3568 3434 3640">
    <p class='ocr_par' dir='ltr' id='par_1_59' title="bbox 1846 3568 3434 3640">
     <span class='ocr_line' id='line_1_59' title="bbox 1846 3568 3434 3640; baseline -0.002 -17"><span class='ocrx_word' id='word_1_398' title='bbox 1846 3568 2063 3623; x_wconf 89' lang='lat' dir='ltr'><strong>actione</strong></span> <span class='ocrx_word' id='word_1_399' title='bbox 2081 3577 2185 3633; x_wconf 89' lang='lat' dir='ltr'><strong>est,</strong></span> <span class='ocrx_word' id='word_1_400' title='bbox 2217 3570 2467 3624; x_wconf 88' lang='lat' dir='ltr'><strong>studiose</strong></span> <span class='ocrx_word' id='word_1_401' title='bbox 2490 3569 2812 3640; x_wconf 84' lang='lat' dir='ltr'><strong>negligunt;</strong></span> <span class='ocrx_word' id='word_1_402' title='bbox 2842 3584 3011 3639; x_wconf 89' lang='lat' dir='ltr'><strong>seque</strong></span> <span class='ocrx_word' id='word_1_403' title='bbox 3036 3569 3185 3639; x_wconf 90' lang='lat' dir='ltr'><strong>ipsos</strong></span> <span class='ocrx_word' id='word_1_404' title='bbox 3215 3568 3434 3637; x_wconf 87' lang='lat' dir='ltr'><strong>sapien-</strong></span> 
     </span>
    </p>
   </div>
   <div class='ocr_carea' id='block_1_60' title="bbox 1846 3658 3437 3729">
    <p class='ocr_par' dir='ltr' id='par_1_60' title="bbox 1846 3658 3437 3729">
     <span class='ocr_line' id='line_1_60' title="bbox 1846 3658 3437 3729; baseline 0 -17"><span class='ocrx_word' id='word_1_405' title='bbox 1846 3668 1930 3713; x_wconf 85' lang='lat' dir='ltr'><strong>tes</strong></span> <span class='ocrx_word' id='word_1_406' title='bbox 1952 3674 2073 3713; x_wconf 90' lang='lat' dir='ltr'><strong>esse</strong></span> <span class='ocrx_word' id='word_1_407' title='bbox 2100 3659 2320 3729; x_wconf 82' lang='lat' dir='ltr'><strong>jubent,</strong></span> <span class='ocrx_word' id='word_1_408' title='bbox 2349 3667 2406 3713; x_wconf 92' lang='lat' dir='ltr'><strong>et</strong></span> <span class='ocrx_word' id='word_1_409' title='bbox 2436 3668 2567 3712; x_wconf 91' lang='lat' dir='ltr'><strong>sunt</strong></span> <span class='ocrx_word' id='word_1_410' title='bbox 2600 3669 2860 3728; x_wconf 86' lang='lat' dir='ltr'><strong>tanquam</strong></span> <span class='ocrx_word' id='word_1_411' title='bbox 2896 3675 2964 3713; x_wconf 88' lang='lat' dir='ltr'><strong>ex</strong></span> <span class='ocrx_word' id='word_1_412' title='bbox 2995 3659 3243 3728; x_wconf 78' lang='lat' dir='ltr'><strong>iussione</strong></span> <span class='ocrx_word' id='word_1_413' title='bbox 3276 3658 3352 3727; x_wconf 80' lang='lat' dir='ltr'><strong>(l)</strong></span> <span class='ocrx_word' id='word_1_414' title='bbox 3377 3666 3437 3712; x_wconf 84' lang='lat' dir='ltr'><strong>et</strong></span> 
     </span>
    </p>
   </div>
   <div class='ocr_carea' id='block_1_61' title="bbox 1846 3750 3432 3820">
    <p class='ocr_par' dir='ltr' id='par_1_61' title="bbox 1846 3750 3432 3820">
     <span class='ocr_line' id='line_1_61' title="bbox 1846 3750 3432 3820; baseline 0 -16"><span class='ocrx_word' id='word_1_415' title='bbox 1846 3751 2031 3805; x_wconf 90' lang='lat' dir='ltr'><strong>edicto</strong></span> <span class='ocrx_word' id='word_1_416' title='bbox 2054 3750 2348 3820; x_wconf 85' lang='lat' dir='ltr'><strong>prudentia</strong></span> <span class='ocrx_word' id='word_1_417' title='bbox 2380 3750 2596 3820; x_wconf 64' lang='lat' dir='ltr'><strong>prtediti</strong></span> <span class='ocrx_word' id='word_1_418' title='bbox 2623 3767 2638 3816; x_wconf 91' lang='lat'><strong>;</strong></span> <span class='ocrx_word' id='word_1_419' title='bbox 2674 3766 2814 3820; x_wconf 91' lang='lat' dir='ltr'><strong>quos</strong></span> <span class='ocrx_word' id='word_1_420' title='bbox 2848 3750 3101 3805; x_wconf 90' lang='lat' dir='ltr'><strong>eruditos</strong></span> <span class='ocrx_word' id='word_1_421' title='bbox 3131 3766 3253 3804; x_wconf 88' lang='lat' dir='ltr'><strong>esse</strong></span> <span class='ocrx_word' id='word_1_422' title='bbox 3280 3751 3432 3815; x_wconf 77' lang='lat' dir='ltr'><strong>fecit,</strong></span> 
     </span>
    </p>
   </div>
   <div class='ocr_carea' id='block_1_62' title="bbox 1845 3841 3437 3910">
    <p class='ocr_par' dir='ltr' id='par_1_62' title="bbox 1845 3841 3437 3910">
     <span class='ocr_line' id='line_1_62' title="bbox 1845 3841 3437 3910; baseline 0.001 -16"><span class='ocrx_word' id='word_1_423' title='bbox 1845 3841 1986 3895; x_wconf 89' lang='lat' dir='ltr'><strong>velle</strong></span> <span class='ocrx_word' id='word_1_424' title='bbox 2015 3849 2224 3894; x_wconf 91' lang='lat' dir='ltr'><strong>tantum</strong></span> <span class='ocrx_word' id='word_1_425' title='bbox 2257 3858 2272 3893; x_wconf 89' lang='lat'><strong>:</strong></span> <span class='ocrx_word' id='word_1_426' title='bbox 2304 3841 2449 3895; x_wconf 90' lang='lat' dir='ltr'><strong>sicut</strong></span> <span class='ocrx_word' id='word_1_427' title='bbox 2489 3857 2584 3896; x_wconf 86' lang='lat' dir='ltr'><strong>eos</strong></span> <span class='ocrx_word' id='word_1_428' title='bbox 2630 3841 2854 3910; x_wconf 90' lang='lat' dir='ltr'><strong>quidam</strong></span> <span class='ocrx_word' id='word_1_429' title='bbox 2889 3857 2955 3895; x_wconf 89' lang='lat' dir='ltr'><strong>ex</strong></span> <span class='ocrx_word' id='word_1_430' title='bbox 2989 3841 3310 3895; x_wconf 82' lang='lat' dir='ltr'><strong>hominibus</strong></span> <span class='ocrx_word' id='word_1_431' title='bbox 3340 3857 3437 3895; x_wconf 88' lang='lat' dir='ltr'><strong>ur-</strong></span> 
     </span>
    </p>
   </div>
   <div class='ocr_carea' id='block_1_63' title="bbox 1848 3932 3432 4002">
    <p class='ocr_par' dir='ltr' id='par_1_63' title="bbox 1848 3932 3432 4002">
     <span class='ocr_line' id='line_1_63' title="bbox 1848 3932 3432 4002; baseline -0.001 -14"><span class='ocrx_word' id='word_1_432' title='bbox 1848 3932 2028 3997; x_wconf 85' lang='lat' dir='ltr'><strong>banis,</strong></span> <span class='ocrx_word' id='word_1_433' title='bbox 2059 3933 2240 4002; x_wconf 81' lang='lat' dir='ltr'><strong>lepide</strong></span> <span class='ocrx_word' id='word_1_434' title='bbox 2275 3941 2332 3987; x_wconf 87' lang='lat' dir='ltr'><strong>et</strong></span> <span class='ocrx_word' id='word_1_435' title='bbox 2363 3942 2596 3988; x_wconf 78' lang='lat' dir='ltr'><strong>venuste</strong></span> <span class='ocrx_word' id='word_1_436' title='bbox 2623 3973 2638 3998; x_wconf 92' lang='lat'><strong>,</strong></span> <span class='ocrx_word' id='word_1_437' title='bbox 2674 3933 3143 4002; x_wconf 77' lang='grc' dir='ltr'>ἁκροφιλοσόφους</span> <span class='ocrx_word' id='word_1_438' title='bbox 3167 3974 3181 3995; x_wconf 83' lang='grc'><strong>,</strong></span> <span class='ocrx_word' id='word_1_439' title='bbox 3221 3932 3275 3987; x_wconf 90' lang='lat' dir='ltr'><strong>id</strong></span> <span class='ocrx_word' id='word_1_440' title='bbox 3326 3940 3432 3996; x_wconf 90' lang='lat' dir='ltr'><strong>est,</strong></span> 
     </span>
    </p>
   </div>
   <div class='ocr_carea' id='block_1_64' title="bbox 1849 4024 3438 4094">
    <p class='ocr_par' dir='ltr' id='par_1_64' title="bbox 1849 4024 3438 4094">
     <span class='ocr_line' id='line_1_64' title="bbox 1849 4024 3438 4094; baseline -0.001 -15"><span class='ocrx_word' id='word_1_441' title='bbox 1849 4039 2096 4079; x_wconf 89' lang='lat' dir='ltr'><strong>summos</strong></span> <span class='ocrx_word' id='word_1_442' title='bbox 2121 4024 2479 4093; x_wconf 79' lang='lat' dir='ltr'><strong>phil050phos</strong></span> <span class='ocrx_word' id='word_1_443' title='bbox 2508 4026 2585 4094; x_wconf 70' lang='lat'><strong>(2)</strong></span> <span class='ocrx_word' id='word_1_444' title='bbox 2622 4025 2859 4079; x_wconf 84' lang='lat' dir='ltr'><strong>vocavit.</strong></span> <span class='ocrx_word' id='word_1_445' title='bbox 2917 4025 3180 4080; x_wconf 77' lang='lat' dir='ltr'><strong>Sed‘non</strong></span> <span class='ocrx_word' id='word_1_446' title='bbox 3217 4032 3438 4093; x_wconf 79' lang='lat' dir='ltr'><strong>Oportet</strong></span> 
     </span>
    </p>
   </div>
   <div class='ocr_carea' id='block_1_65' title="bbox 1848 4116 3435 4186">
    <p class='ocr_par' dir='ltr' id='par_1_65' title="bbox 1848 4116 3435 4186">
     <span class='ocr_line' id='line_1_65' title="bbox 1848 4116 3435 4186; baseline -0.001 -15"><span class='ocrx_word' id='word_1_447' title='bbox 1848 4131 1951 4171; x_wconf 87' lang='lat' dir='ltr'><strong>nos</strong></span> <span class='ocrx_word' id='word_1_448' title='bbox 2005 4125 2231 4186; x_wconf 88' lang='lat' dir='ltr'><strong>propter</strong></span> <span class='ocrx_word' id='word_1_449' title='bbox 2278 4116 2500 4169; x_wconf 88' lang='lat' dir='ltr'><strong>illorum</strong></span> <span class='ocrx_word' id='word_1_450' title='bbox 2552 4116 2907 4186; x_wconf 83' lang='lat' dir='ltr'><strong>depravatam</strong></span> <span class='ocrx_word' id='word_1_451' title='bbox 2953 4118 3315 4178; x_wconf 75' lang='lat' dir='ltr'><strong>voluntatem,</strong></span> <span class='ocrx_word' id='word_1_452' title='bbox 3349 4116 3435 4170; x_wconf 85' lang='lat' dir='ltr'><strong>vel</strong></span> 
     </span>
    </p>
   </div>
   <div class='ocr_carea' id='block_1_66' title="bbox 1851 4208 3438 4277">
    <p class='ocr_par' dir='ltr' id='par_1_66' title="bbox 1851 4208 3438 4277">
     <span class='ocr_line' id='line_1_66' title="bbox 1851 4208 3438 4277; baseline -0.001 -15"><span class='ocrx_word' id='word_1_453' title='bbox 1851 4208 2128 4270; x_wconf 77' lang='lat' dir='ltr'><strong>ﬁduciam,</strong></span> <span class='ocrx_word' id='word_1_454' title='bbox 2166 4208 2250 4261; x_wconf 86' lang='lat' dir='ltr'><strong>vel</strong></span> <span class='ocrx_word' id='word_1_455' title='bbox 2282 4216 2562 4261; x_wconf 87' lang='lat' dir='ltr'><strong>certamen</strong></span> <span class='ocrx_word' id='word_1_456' title='bbox 2619 4208 2944 4273; x_wconf 88' lang='lat' dir='ltr'><strong>remittere;</strong></span> <span class='ocrx_word' id='word_1_457' title='bbox 2979 4208 3232 4277; x_wconf 89' lang='lat' dir='ltr'><strong>quiuimo</strong></span> <span class='ocrx_word' id='word_1_458' title='bbox 3302 4222 3438 4263; x_wconf 89' lang='lat' dir='ltr'><strong>con-</strong></span> 
     </span>
    </p>
   </div>
   <div class='ocr_carea' id='block_1_67' title="bbox 1854 4298 3440 4366">
    <p class='ocr_par' dir='ltr' id='par_1_67' title="bbox 1854 4298 3440 4366">
     <span class='ocr_line' id='line_1_67' title="bbox 1854 4298 3440 4366; baseline -0.002 -11"><span class='ocrx_word' id='word_1_459' title='bbox 1854 4309 1935 4355; x_wconf 90' lang='lat' dir='ltr'><strong>tra</strong></span> <span class='ocrx_word' id='word_1_460' title='bbox 1961 4343 1975 4366; x_wconf 93' lang='lat'><strong>,</strong></span> <span class='ocrx_word' id='word_1_461' title='bbox 2009 4300 2412 4356; x_wconf 87' lang='lat' dir='ltr'><strong>certaminibus</strong></span> <span class='ocrx_word' id='word_1_462' title='bbox 2441 4298 2690 4354; x_wconf 87' lang='lat' dir='ltr'><strong>virorum</strong></span> <span class='ocrx_word' id='word_1_463' title='bbox 2729 4300 3019 4354; x_wconf 89' lang='lat' dir='ltr'><strong>beatorum</strong></span> <span class='ocrx_word' id='word_1_464' title='bbox 3053 4300 3119 4353; x_wconf 91' lang='lat' dir='ltr'><strong>ad</strong></span> <span class='ocrx_word' id='word_1_465' title='bbox 3159 4298 3440 4352; x_wconf 81' lang='lat' dir='ltr'><strong>fortitudi-</strong></span> 
     </span>
    </p>
   </div>
   <div class='ocr_carea' id='block_1_68' title="bbox 1850 4390 3440 4461">
    <p class='ocr_par' dir='ltr' id='par_1_68' title="bbox 1850 4390 3440 4461">
     <span class='ocr_line' id='line_1_68' title="bbox 1850 4390 3440 4461; baseline -0.001 -14"><span class='ocrx_word' id='word_1_466' title='bbox 1850 4408 1977 4448; x_wconf 89' lang='lat' dir='ltr'><strong>nem</strong></span> <span class='ocrx_word' id='word_1_467' title='bbox 2009 4392 2282 4447; x_wconf 84' lang='lat' dir='ltr'><strong>stimulari</strong></span> <span class='ocrx_word' id='word_1_468' title='bbox 2335 4399 2391 4445; x_wconf 93' lang='lat' dir='ltr'><strong>et</strong></span> <span class='ocrx_word' id='word_1_469' title='bbox 2438 4392 2656 4461; x_wconf 76' lang='lat' dir='ltr'><strong>urgeri,</strong></span> <span class='ocrx_word' id='word_1_470' title='bbox 2693 4399 2754 4446; x_wconf 91' lang='lat' dir='ltr'><strong>ut</strong></span> <span class='ocrx_word' id='word_1_471' title='bbox 2782 4391 2960 4449; x_wconf 77' lang='lat' dir='ltr'><strong>.idem</strong></span> <span class='ocrx_word' id='word_1_472' title='bbox 3011 4392 3231 4446; x_wconf 79' lang='lat' dir='ltr'><strong>eveniat</strong></span> <span class='ocrx_word' id='word_1_473' title='bbox 3276 4390 3440 4445; x_wconf 89' lang='lat' dir='ltr'><strong>nobis</strong></span> 
     </span>
    </p>
   </div>
   <div class='ocr_carea' id='block_1_69' title="bbox 158 4473 1768 4581">
    <p class='ocr_par' dir='ltr' id='par_1_69' title="bbox 158 4473 1749 4547">
     <span class='ocr_line' id='line_1_69' title="bbox 158 4473 1749 4547; baseline 0 -19"><span class='ocrx_word' id='word_1_474' title='bbox 158 4475 356 4547; x_wconf 72' lang='grc' dir='ltr'>ψυχρῷ</span> <span class='ocrx_word' id='word_1_475' title='bbox 392 4474 804 4545; x_wconf 71' lang='grc' dir='ltr'>προσομιλήσας</span> <span class='ocrx_word' id='word_1_476' title='bbox 840 4473 1017 4527; x_wconf 78' lang='grc' dir='ltr'>ὕδατι.</span> <span class='ocrx_word' id='word_1_477' title='bbox 1064 4477 1172 4528; x_wconf 75' lang='grc' dir='ltr'><strong>Καὶ</strong></span> <span class='ocrx_word' id='word_1_478' title='bbox 1198 4478 1359 4545; x_wconf 77' lang='grc' dir='ltr'>ἡμεῖς</span> <span class='ocrx_word' id='word_1_479' title='bbox 1391 4479 1505 4539; x_wconf 85' lang='grc' dir='ltr'>τοῖς</span> <span class='ocrx_word' id='word_1_480' title='bbox 1542 4476 1749 4529; x_wconf 84' lang='grc' dir='ltr'>τούτων</span> 
     </span>
    </p>
   </div>
   <div class='ocr_carea' id='block_1_70' title="bbox 1850 4473 3440 4581">
    <p class='ocr_par' dir='ltr' id='par_1_70' title="bbox 1853 4484 3440 4555">
     <span class='ocr_line' id='line_1_70' title="bbox 1853 4484 3440 4555; baseline 0 -16"><span class='ocrx_word' id='word_1_481' title='bbox 1853 4484 1998 4555; x_wconf 89' lang='lat' dir='ltr'><strong>quod</strong></span> <span class='ocrx_word' id='word_1_482' title='bbox 2033 4486 2182 4540; x_wconf 77' lang='lat' dir='ltr'><strong>ferro</strong></span> <span class='ocrx_word' id='word_1_483' title='bbox 2216 4484 2574 4548; x_wconf 85' lang='lat' dir='ltr'><strong>calidissimo,</strong></span> <span class='ocrx_word' id='word_1_484' title='bbox 2602 4484 2750 4554; x_wconf 85' lang='lat' dir='ltr'><strong>quod</strong></span> <span class='ocrx_word' id='word_1_485' title='bbox 2785 4484 3008 4553; x_wconf 90' lang='lat' dir='ltr'><strong>quidem</strong></span> <span class='ocrx_word' id='word_1_486' title='bbox 3039 4500 3196 4553; x_wconf 63' lang='lat' dir='ltr'><strong>aqua:</strong></span> <span class='ocrx_word' id='word_1_487' title='bbox 3226 4484 3440 4555; x_wconf 73' lang='lat' dir='ltr'><strong>frigida:</strong></span> 
     </span>
    </p>
   </div>
   <div class='ocr_carea' id='block_1_71' title="bbox 161 4566 1768 4640">
    <p class='ocr_par' dir='ltr' id='par_1_71' title="bbox 161 4566 1743 4640">
     <span class='ocr_line' id='line_1_71' title="bbox 161 4566 1743 4640; baseline -0.001 -17"><span class='ocrx_word' id='word_1_488' title='bbox 161 4571 339 4637; x_wconf 83' lang='grc' dir='ltr'>ἀγῶσι</span> <span class='ocrx_word' id='word_1_489' title='bbox 397 4569 533 4639; x_wconf 76' lang='grc' dir='ltr'>πρὸς</span> <span class='ocrx_word' id='word_1_490' title='bbox 560 4568 687 4630; x_wconf 77' lang='grc' dir='ltr'>τοὺς</span> <span class='ocrx_word' id='word_1_491' title='bbox 709 4567 904 4632; x_wconf 82' lang='grc' dir='ltr'>ἄθλους</span> <span class='ocrx_word' id='word_1_492' title='bbox 934 4568 1275 4638; x_wconf 79' lang='grc' dir='ltr'>ρωννύμεθα.</span> <span class='ocrx_word' id='word_1_493' title='bbox 1310 4567 1432 4622; x_wconf 83' lang='grc' dir='ltr'>Εἶεν</span> <span class='ocrx_word' id='word_1_494' title='bbox 1457 4570 1512 4622; x_wconf 82' lang='grc' dir='ltr'><strong>δὲ</strong></span> <span class='ocrx_word' id='word_1_495' title='bbox 1538 4566 1631 4623; x_wconf 83' lang='grc' dir='ltr'>οὖν</span> <span class='ocrx_word' id='word_1_496' title='bbox 1665 4569 1743 4640; x_wconf 76' lang='grc' dir='ltr'>τῷ</span> 
     </span>
    </p>
   </div>
   <div class='ocr_carea' id='block_1_72' title="bbox 1850 4566 3438 4640">
    <p class='ocr_par' dir='ltr' id='par_1_72' title="bbox 1852 4577 3438 4633">
     <span class='ocr_line' id='line_1_72' title="bbox 1852 4577 3438 4633; baseline -0.001 -1"><span class='ocrx_word' id='word_1_497' title='bbox 1852 4578 2171 4633; x_wconf 90' lang='lat' dir='ltr'><strong>immersum</strong></span> <span class='ocrx_word' id='word_1_498' title='bbox 2208 4586 2264 4633; x_wconf 92' lang='lat' dir='ltr'><strong>et</strong></span> <span class='ocrx_word' id='word_1_499' title='bbox 2301 4578 2545 4633; x_wconf 79' lang='lat' dir='ltr'><strong>infusum</strong></span> <span class='ocrx_word' id='word_1_500' title='bbox 2585 4577 2852 4633; x_wconf 91' lang='lat' dir='ltr'><strong>durescit.</strong></span> <span class='ocrx_word' id='word_1_501' title='bbox 2882 4577 2949 4631; x_wconf 81' lang='lat' dir='ltr'><strong>Et</strong></span> <span class='ocrx_word' id='word_1_502' title='bbox 2980 4592 3080 4631; x_wconf 91' lang='lat' dir='ltr'><strong>nos</strong></span> <span class='ocrx_word' id='word_1_503' title='bbox 3138 4577 3268 4632; x_wconf 86' lang='lat' dir='ltr'><strong>dum</strong></span> <span class='ocrx_word' id='word_1_504' title='bbox 3312 4591 3438 4631; x_wconf 90' lang='lat' dir='ltr'><strong>cum</strong></span> 
     </span>
    </p>
   </div>
   <div class='ocr_carea' id='block_1_73' title="bbox 159 4661 1743 4735">
    <p class='ocr_par' dir='ltr' id='par_1_73' title="bbox 159 4661 1743 4735">
     <span class='ocr_line' id='line_1_73' title="bbox 159 4661 1743 4735; baseline 0.003 -22"><span class='ocrx_word' id='word_1_505' title='bbox 159 4662 465 4732; x_wconf 80' lang='grc' dir='ltr'>τομωτάτῳ</span> <span class='ocrx_word' id='word_1_506' title='bbox 494 4661 657 4731; x_wconf 84' lang='grc' dir='ltr'>λόγῳ,</span> <span class='ocrx_word' id='word_1_507' title='bbox 699 4661 888 4731; x_wconf 81' lang='grc' dir='ltr'>ὥσπερ</span> <span class='ocrx_word' id='word_1_508' title='bbox 922 4663 1167 4735; x_wconf 84' lang='grc' dir='ltr'>μαχαίρᾳ</span> <span class='ocrx_word' id='word_1_509' title='bbox 1206 4664 1479 4734; x_wconf 70' lang='grc' dir='ltr'>διστόμῳ,</span> <span class='ocrx_word' id='word_1_510' title='bbox 1524 4665 1622 4735; x_wconf 84' lang='grc' dir='ltr'><strong>τὴν</strong></span> <span class='ocrx_word' id='word_1_511' title='bbox 1657 4666 1743 4734; x_wconf 72' lang='grc' dir='ltr'><strong>ἐφ’</strong></span> 
     </span>
    </p>
   </div>
   <div class='ocr_carea' id='block_1_74' title="bbox 163 4753 1745 4826">
    <p class='ocr_par' dir='ltr' id='par_1_74' title="bbox 163 4753 1745 4826">
     <span class='ocr_line' id='line_1_74' title="bbox 163 4753 1745 4826; baseline 0.003 -22"><span class='ocrx_word' id='word_1_512' title='bbox 163 4753 401 4822; x_wconf 74' lang='grc' dir='ltr'>ἑκάτερα</span> <span class='ocrx_word' id='word_1_513' title='bbox 446 4754 629 4806; x_wconf 75' lang='grc' dir='ltr'>αὐτῶν</span> <span class='ocrx_word' id='word_1_514' title='bbox 663 4756 806 4807; x_wconf 79' lang='grc' dir='ltr'>κατὰ</span> <span class='ocrx_word' id='word_1_515' title='bbox 841 4755 942 4823; x_wconf 79' lang='grc' dir='ltr'>τῆς</span> <span class='ocrx_word' id='word_1_516' title='bbox 979 4755 1235 4826; x_wconf 82' lang='grc' dir='ltr'>ἀληθείας</span> <span class='ocrx_word' id='word_1_517' title='bbox 1263 4756 1512 4808; x_wconf 76' lang='grc' dir='ltr'>ἔνστασιν</span> <span class='ocrx_word' id='word_1_518' title='bbox 1540 4774 1600 4809; x_wconf 89' lang='grc' dir='ltr'><strong>τε</strong></span> <span class='ocrx_word' id='word_1_519' title='bbox 1652 4757 1745 4809; x_wconf 74' lang='grc' dir='ltr'><strong>καὶ</strong></span> 
     </span>
    </p>
   </div>
   <div class='ocr_carea' id='block_1_75' title="bbox 162 4844 1744 4919">
    <p class='ocr_par' dir='ltr' id='par_1_75' title="bbox 162 4844 1744 4919">
     <span class='ocr_line' id='line_1_75' title="bbox 162 4844 1744 4919; baseline 0.004 -24"><span class='ocrx_word' id='word_1_520' title='bbox 162 4844 591 4915; x_wconf 79' lang='grc' dir='ltr'>ἀντιπαράταξιν</span> <span class='ocrx_word' id='word_1_521' title='bbox 623 4846 994 4915; x_wconf 75' lang='grc' dir='ltr'>διατεμόντες,</span> <span class='ocrx_word' id='word_1_522' title='bbox 1038 4848 1435 4919; x_wconf 64' lang='grc' dir='ltr'>ἀνατρέψωμεν</span> <span class='ocrx_word' id='word_1_523' title='bbox 1470 4848 1571 4918; x_wconf 84' lang='grc' dir='ltr'>τῆς</span> <span class='ocrx_word' id='word_1_524' title='bbox 1609 4848 1744 4901; x_wconf 82' lang='grc' dir='ltr'>ὐποο</span> 
     </span>
    </p>
   </div>
   <div class='ocr_carea' id='block_1_76' title="bbox 164 4935 1005 5009">
    <p class='ocr_par' dir='ltr' id='par_1_76' title="bbox 164 4935 1005 5009">
     <span class='ocr_line' id='line_1_76' title="bbox 164 4935 1005 5009; baseline 0.004 -22"><span class='ocrx_word' id='word_1_525' title='bbox 164 4935 368 5002; x_wconf 84' lang='grc' dir='ltr'>θέσεως</span> <span class='ocrx_word' id='word_1_526' title='bbox 407 4937 658 4992; x_wconf 78' lang='grc' dir='ltr'>ἐντεῦθεν</span> <span class='ocrx_word' id='word_1_527' title='bbox 690 4938 1005 5009; x_wconf 83' lang='grc' dir='ltr'>ἀρχόμενοι.</span> 
     </span>
    </p>
   </div>
   <div class='ocr_carea' id='block_1_77' title="bbox 234 5111 1742 5184">
    <p class='ocr_par' dir='ltr' id='par_1_77' title="bbox 234 5111 1742 5184">
     <span class='ocr_line' id='line_1_77' title="bbox 234 5111 1742 5184; baseline 0 -17"><span class='ocrx_word' id='word_1_528' title='bbox 234 5115 295 5167; x_wconf 83' lang='grc' dir='ltr'>Οί</span> <span class='ocrx_word' id='word_1_529' title='bbox 334 5116 431 5184; x_wconf 81' lang='grc' dir='ltr'>τῆς</span> <span class='ocrx_word' id='word_1_530' title='bbox 489 5112 789 5182; x_wconf 85' lang='grc' dir='ltr'>Νεστορίου</span> <span class='ocrx_word' id='word_1_531' title='bbox 835 5113 1375 5184; x_wconf 79' lang='grc' dir='ltr'>ἀνθρωπολατρείας,</span> <span class='ocrx_word' id='word_1_532' title='bbox 1420 5115 1513 5168; x_wconf 74' lang='grc' dir='ltr'><strong>καὶ</strong></span> <span class='ocrx_word' id='word_1_533' title='bbox 1555 5111 1603 5167; x_wconf 77' lang='grc' dir='ltr'>οἱ</span> <span class='ocrx_word' id='word_1_534' title='bbox 1644 5113 1742 5184; x_wconf 86' lang='grc' dir='ltr'>τῆς</span> 
     </span>
    </p>
   </div>
   <div class='ocr_carea' id='block_1_78' title="bbox 163 5206 1743 5277">
    <p class='ocr_par' dir='ltr' id='par_1_78' title="bbox 163 5206 1743 5277">
     <span class='ocr_line' id='line_1_78' title="bbox 163 5206 1743 5277; baseline 0.001 -19"><span class='ocrx_word' id='word_1_535' title='bbox 163 5206 438 5275; x_wconf 76' lang='grc' dir='ltr'>Εὑτυχοῦς</span> <span class='ocrx_word' id='word_1_536' title='bbox 494 5207 835 5274; x_wconf 79' lang='grc' dir='ltr'>φαντασίας,</span> <span class='ocrx_word' id='word_1_537' title='bbox 896 5206 1097 5275; x_wconf 78' lang='grc' dir='ltr'>μᾶλλον</span> <span class='ocrx_word' id='word_1_538' title='bbox 1129 5206 1187 5260; x_wconf 84' lang='grc' dir='ltr'>δὲ</span> <span class='ocrx_word' id='word_1_539' title='bbox 1238 5208 1288 5259; x_wconf 87' lang='grc' dir='ltr'><strong>οί</strong></span> <span class='ocrx_word' id='word_1_540' title='bbox 1324 5207 1424 5276; x_wconf 80' lang='grc' dir='ltr'>τῆς</span> <span class='ocrx_word' id='word_1_541' title='bbox 1475 5206 1743 5277; x_wconf 76' lang='grc' dir='ltr'>ἑκατέρας</span> 
     </span>
    </p>
   </div>
   <div class='ocr_carea' id='block_1_79' title="bbox 165 5300 1750 5372">
    <p class='ocr_par' dir='ltr' id='par_1_79' title="bbox 165 5300 1750 5372">
     <span class='ocr_line' id='line_1_79' title="bbox 165 5300 1750 5372; baseline 0.001 -19"><span class='ocrx_word' id='word_1_542' title='bbox 165 5303 474 5369; x_wconf 86' lang='grc' dir='ltr'>φαντασίας</span> <span class='ocrx_word' id='word_1_543' title='bbox 502 5300 762 5371; x_wconf 72' lang='grc' dir='ltr'>μαθηταὶ,</span> <span class='ocrx_word' id='word_1_544' title='bbox 804 5300 986 5364; x_wconf 79' lang='grc' dir='ltr'>καλῶς</span> <span class='ocrx_word' id='word_1_545' title='bbox 1020 5301 1129 5372; x_wconf 80' lang='grc' dir='ltr'>γὰρ</span> <span class='ocrx_word' id='word_1_546' title='bbox 1160 5303 1357 5363; x_wconf 74' lang='grc' dir='ltr'>αὐτοὺς</span> <span class='ocrx_word' id='word_1_547' title='bbox 1385 5302 1620 5372; x_wconf 73' lang='grc' dir='ltr'>εὐλαϐὴς</span> <span class='ocrx_word' id='word_1_548' title='bbox 1654 5303 1750 5355; x_wconf 72' lang='grc' dir='ltr'><strong>καὶ</strong></span> 
     </span>
    </p>
   </div>
   <div class='ocr_carea' id='block_1_80' title="bbox 1850 4668 3437 4740">
    <p class='ocr_par' dir='ltr' id='par_1_80' title="bbox 1850 4668 3437 4740">
     <span class='ocr_line' id='line_1_80' title="bbox 1850 4668 3437 4740; baseline -0.001 -17"><span class='ocrx_word' id='word_1_549' title='bbox 1850 4669 1938 4724; x_wconf 87' lang='lat' dir='ltr'><strong>bis</strong></span> <span class='ocrx_word' id='word_1_550' title='bbox 1968 4677 2265 4735; x_wconf 84' lang='lat' dir='ltr'><strong>certamus,</strong></span> <span class='ocrx_word' id='word_1_551' title='bbox 2294 4670 2363 4725; x_wconf 88' lang='lat' dir='ltr'><strong>ad</strong></span> <span class='ocrx_word' id='word_1_552' title='bbox 2400 4670 2686 4740; x_wconf 69' lang='lat' dir='ltr'><strong>prremium</strong></span> <span class='ocrx_word' id='word_1_553' title='bbox 2735 4668 3059 4724; x_wconf 88' lang='lat' dir='ltr'><strong>certaminis</strong></span> <span class='ocrx_word' id='word_1_554' title='bbox 3091 4670 3437 4722; x_wconf 85' lang='lat' dir='ltr'><strong>roboramur.</strong></span> 
     </span>
    </p>
   </div>
   <div class='ocr_carea' id='block_1_81' title="bbox 1858 4756 3438 4830">
    <p class='ocr_par' dir='ltr' id='par_1_81' title="bbox 1858 4756 3438 4830">
     <span class='ocr_line' id='line_1_81' title="bbox 1858 4756 3438 4830; baseline -0.002 -16"><span class='ocrx_word' id='word_1_555' title='bbox 1858 4756 1971 4829; x_wconf 81' lang='lat' dir='ltr'><strong>Age</strong></span> <span class='ocrx_word' id='word_1_556' title='bbox 1991 4775 2123 4830; x_wconf 77' lang='lat' dir='ltr'><strong>ergo</strong></span> <span class='ocrx_word' id='word_1_557' title='bbox 2154 4761 2328 4815; x_wconf 88' lang='lat' dir='ltr'><strong>verbo</strong></span> <span class='ocrx_word' id='word_1_558' title='bbox 2371 4759 2721 4829; x_wconf 84' lang='lat' dir='ltr'><strong>penetranti,</strong></span> <span class='ocrx_word' id='word_1_559' title='bbox 2763 4769 3019 4827; x_wconf 84' lang='lat' dir='ltr'><strong>tanquam</strong></span> <span class='ocrx_word' id='word_1_560' title='bbox 3057 4759 3239 4827; x_wconf 84' lang='lat' dir='ltr'><strong>gladio</strong></span> <span class='ocrx_word' id='word_1_561' title='bbox 3284 4757 3438 4812; x_wconf 83' lang='lat' dir='ltr'><strong>anci-</strong></span> 
     </span>
    </p>
   </div>
   <div class='ocr_carea' id='block_1_82' title="bbox 1851 4850 3440 4920">
    <p class='ocr_par' dir='ltr' id='par_1_82' title="bbox 1851 4850 3440 4920">
     <span class='ocr_line' id='line_1_82' title="bbox 1851 4850 3440 4920; baseline -0.001 -16"><span class='ocrx_word' id='word_1_562' title='bbox 1851 4851 1973 4920; x_wconf 90' lang='lat' dir='ltr'><strong>piti,</strong></span> <span class='ocrx_word' id='word_1_563' title='bbox 2003 4852 2176 4906; x_wconf 88' lang='lat' dir='ltr'><strong>aciem</strong></span> <span class='ocrx_word' id='word_1_564' title='bbox 2200 4867 2393 4906; x_wconf 91' lang='lat' dir='ltr'><strong>eorum</strong></span> <span class='ocrx_word' id='word_1_565' title='bbox 2424 4851 2692 4906; x_wconf 82' lang='lat' dir='ltr'><strong>adversus</strong></span> <span class='ocrx_word' id='word_1_566' title='bbox 2723 4851 3009 4904; x_wconf 84' lang='lat' dir='ltr'><strong>veritatem</strong></span> <span class='ocrx_word' id='word_1_567' title='bbox 3048 4850 3372 4903; x_wconf 66' lang='lat' dir='ltr'><strong>instructam</strong></span> <span class='ocrx_word' id='word_1_568' title='bbox 3407 4865 3440 4902; x_wconf 90' lang='lat' dir='ltr'><strong>a</strong></span> 
     </span>
    </p>
   </div>
   <div class='ocr_carea' id='block_1_83' title="bbox 1845 4940 3438 5012">
    <p class='ocr_par' dir='ltr' id='par_1_83' title="bbox 1845 4940 3438 5012">
     <span class='ocr_line' id='line_1_83' title="bbox 1845 4940 3438 5012; baseline 0 -17"><span class='ocrx_word' id='word_1_569' title='bbox 1845 4940 2057 4996; x_wconf 81' lang='lat' dir='ltr'><strong>dextris</strong></span> <span class='ocrx_word' id='word_1_570' title='bbox 2083 4949 2139 4995; x_wconf 91' lang='lat' dir='ltr'><strong>et</strong></span> <span class='ocrx_word' id='word_1_571' title='bbox 2176 4957 2206 4996; x_wconf 88' lang='lat' dir='ltr'><strong>a</strong></span> <span class='ocrx_word' id='word_1_572' title='bbox 2250 4941 2497 4996; x_wconf 90' lang='lat' dir='ltr'><strong>sinistris</strong></span> <span class='ocrx_word' id='word_1_573' title='bbox 2538 4947 2984 5012; x_wconf 87' lang='lat' dir='ltr'><strong>perrumpentes,</strong></span> <span class='ocrx_word' id='word_1_574' title='bbox 3022 4947 3438 5008; x_wconf 86' lang='lat' dir='ltr'><strong>prosternamus</strong></span> 
     </span>
    </p>
   </div>
   <div class='ocr_carea' id='block_1_84' title="bbox 1847 5031 2369 5095">
    <p class='ocr_par' dir='ltr' id='par_1_84' title="bbox 1847 5031 2369 5095">
     <span class='ocr_line' id='line_1_84' title="bbox 1847 5031 2369 5095; baseline -0.004 -8"><span class='ocrx_word' id='word_1_575' title='bbox 1847 5048 1965 5095; x_wconf 91' lang='lat' dir='ltr'><strong>eos,</strong></span> <span class='ocrx_word' id='word_1_576' title='bbox 1999 5032 2132 5085; x_wconf 89' lang='lat' dir='ltr'><strong>hinc</strong></span> <span class='ocrx_word' id='word_1_577' title='bbox 2160 5031 2369 5085; x_wconf 82' lang='lat' dir='ltr'><strong>exorsi.</strong></span> 
     </span>
    </p>
   </div>
   <div class='ocr_carea' id='block_1_85' title="bbox 1898 5116 3438 5191">
    <p class='ocr_par' dir='ltr' id='par_1_85' title="bbox 1898 5116 3438 5191">
     <span class='ocr_line' id='line_1_85' title="bbox 1898 5116 3438 5191; baseline -0.002 -15"><span class='ocrx_word' id='word_1_578' title='bbox 1898 5121 2163 5191; x_wconf 85' lang='lat' dir='ltr'><strong>Discipuli</strong></span> <span class='ocrx_word' id='word_1_579' title='bbox 2179 5121 2417 5175; x_wconf 77' lang='lat' dir='ltr'><strong>Nestorii</strong></span> <span class='ocrx_word' id='word_1_580' title='bbox 2434 5120 2489 5175; x_wconf 91' lang='lat' dir='ltr'><strong>in</strong></span> <span class='ocrx_word' id='word_1_581' title='bbox 2510 5120 2824 5175; x_wconf 86' lang='lat' dir='ltr'><strong>idololatria</strong></span> <span class='ocrx_word' id='word_1_582' title='bbox 2838 5119 3197 5174; x_wconf 84' lang='lat' dir='ltr'><strong>humanitatis</strong></span> <span class='ocrx_word' id='word_1_583' title='bbox 3209 5116 3438 5182; x_wconf 87' lang='lat' dir='ltr'><strong>Christi,</strong></span> 
     </span>
    </p>
   </div>
   <div class='ocr_carea' id='block_1_86' title="bbox 1850 5204 3438 5282">
    <p class='ocr_par' dir='ltr' id='par_1_86' title="bbox 1850 5204 3438 5282">
     <span class='ocr_line' id='line_1_86' title="bbox 1850 5204 3438 5282; baseline -0.003 -16"><span class='ocrx_word' id='word_1_584' title='bbox 1850 5220 1906 5266; x_wconf 90' lang='lat' dir='ltr'><strong>et</strong></span> <span class='ocrx_word' id='word_1_585' title='bbox 1921 5204 2173 5280; x_wconf 84' lang='lat' dir='ltr'><strong>discipuli</strong></span> <span class='ocrx_word' id='word_1_586' title='bbox 2199 5211 2462 5282; x_wconf 75' lang='lat' dir='ltr'><strong>Eutyclnis</strong></span> <span class='ocrx_word' id='word_1_587' title='bbox 2480 5211 2537 5265; x_wconf 92' lang='lat' dir='ltr'><strong>in</strong></span> <span class='ocrx_word' id='word_1_588' title='bbox 2558 5211 2798 5273; x_wconf 77' lang='lat' dir='ltr'><strong>ﬁctione,</strong></span> <span class='ocrx_word' id='word_1_589' title='bbox 2817 5211 2927 5264; x_wconf 89' lang='lat' dir='ltr'><strong>imo</strong></span> <span class='ocrx_word' id='word_1_590' title='bbox 2944 5210 3200 5281; x_wconf 79' lang='lat' dir='ltr'><strong>discipuli</strong></span> <span class='ocrx_word' id='word_1_591' title='bbox 3225 5208 3438 5263; x_wconf 77' lang='lat' dir='ltr'><strong>utrius-</strong></span> 
     </span>
    </p>
   </div>
   <div class='ocr_carea' id='block_1_87' title="bbox 1832 5300 3439 5373">
    <p class='ocr_par' dir='ltr' id='par_1_87' title="bbox 1832 5300 3439 5373">
     <span class='ocr_line' id='line_1_87' title="bbox 1832 5300 3439 5373; baseline -0.002 -17"><span class='ocrx_word' id='word_1_592' title='bbox 1832 5318 1962 5373; x_wconf 78' lang='lat' dir='ltr'><strong>que</strong></span> <span class='ocrx_word' id='word_1_593' title='bbox 1992 5301 2230 5358; x_wconf 82' lang='lat' dir='ltr'><strong>ﬁetionis</strong></span> <span class='ocrx_word' id='word_1_594' title='bbox 2261 5321 2272 5355; x_wconf 90' lang='lat'><strong>:</strong></span> <span class='ocrx_word' id='word_1_595' title='bbox 2301 5302 2447 5358; x_wconf 89' lang='lat' dir='ltr'><strong>belle</strong></span> <span class='ocrx_word' id='word_1_596' title='bbox 2472 5302 2620 5357; x_wconf 92' lang='lat' dir='ltr'><strong>enim</strong></span> <span class='ocrx_word' id='word_1_597' title='bbox 2652 5312 2918 5372; x_wconf 91' lang='lat' dir='ltr'><strong>utrosque</strong></span> <span class='ocrx_word' id='word_1_598' title='bbox 2950 5301 3242 5372; x_wconf 78' lang='lat' dir='ltr'><strong>religiosus</strong></span> <span class='ocrx_word' id='word_1_599' title='bbox 3271 5308 3326 5353; x_wconf 86' lang='lat' dir='ltr'><strong>et</strong></span> <span class='ocrx_word' id='word_1_600' title='bbox 3353 5300 3439 5353; x_wconf 87' lang='lat' dir='ltr'><strong>di-</strong></span> 
     </span>
    </p>
   </div>
   <div class='ocr_carea' id='block_1_88' title="bbox 2778 5401 2825 5436">
    <p class='ocr_par' dir='ltr' id='par_1_88' title="bbox 2778 5401 2825 5436">
     <span class='ocr_line' id='line_1_88' title="bbox 2778 5401 2825 5436; baseline 0 0"><span class='ocrx_word' id='word_1_601' title='bbox 2778 5401 2825 5436; x_wconf 68' lang='grc' dir='ltr'><em>δ</em></span> 
     </span>
    </p>
   </div>
   <div class='ocr_carea' id='block_1_89' title="bbox 232 5457 3437 5532">
    <p class='ocr_par' dir='ltr' id='par_1_89' title="bbox 232 5457 3437 5532">
     <span class='ocr_line' id='line_1_89' title="bbox 232 5457 3437 5532; baseline 0 -22"><span class='ocrx_word' id='word_1_602' title='bbox 232 5457 311 5522; x_wconf 80' lang='lat' dir='ltr'><strong>(a)</strong></span> <span class='ocrx_word' id='word_1_603' title='bbox 343 5459 621 5532; x_wconf 75' lang='lat' dir='ltr'><strong>Particula</strong></span> <span class='ocrx_word' id='word_1_604' title='bbox 646 5460 726 5532; x_wconf 58' lang='lat' dir='ltr'><strong>of),</strong></span> <span class='ocrx_word' id='word_1_605' title='bbox 756 5476 881 5532; x_wconf 66' lang='lat' dir='ltr'><strong>non,</strong></span> <span class='ocrx_word' id='word_1_606' title='bbox 911 5460 1136 5532; x_wconf 81' lang='lat' dir='ltr'><strong>additur</strong></span> <span class='ocrx_word' id='word_1_607' title='bbox 1185 5462 1362 5516; x_wconf 81' lang='lat' dir='ltr'><strong>codici</strong></span> <span class='ocrx_word' id='word_1_608' title='bbox 1415 5481 1445 5519; x_wconf 91' lang='lat' dir='ltr'><strong>a</strong></span> <span class='ocrx_word' id='word_1_609' title='bbox 1491 5464 1735 5521; x_wconf 74' lang='lat' dir='ltr'><strong>secunda</strong></span> <span class='ocrx_word' id='word_1_610' title='bbox 1778 5479 1963 5518; x_wconf 80' lang='lat' dir='ltr'><strong>manu.</strong></span> <span class='ocrx_word' id='word_1_611' title='bbox 1994 5462 2125 5517; x_wconf 81' lang='lat' dir='ltr'><strong>Eam</strong></span> <span class='ocrx_word' id='word_1_612' title='bbox 2189 5474 2382 5532; x_wconf 80' lang='lat' dir='ltr'><strong>reapse</strong></span> <span class='ocrx_word' id='word_1_613' title='bbox 2417 5477 2525 5515; x_wconf 89' lang='lat' dir='ltr'><strong>non</strong></span> <span class='ocrx_word' id='word_1_614' title='bbox 2577 5462 2794 5531; x_wconf 78' lang='lat' dir='ltr'><strong>legebat</strong></span> <span class='ocrx_word' id='word_1_615' title='bbox 2861 5460 3185 5522; x_wconf 85' lang='lat' dir='ltr'><strong>Turrianus,</strong></span> <span class='ocrx_word' id='word_1_616' title='bbox 3230 5459 3323 5527; x_wconf 90' lang='lat' dir='ltr'><strong>qui</strong></span> <span class='ocrx_word' id='word_1_617' title='bbox 3356 5457 3437 5511; x_wconf 86' lang='lat' dir='ltr'><strong>id-</strong></span> 
     </span>
    </p>
   </div>
   <div class='ocr_carea' id='block_1_90' title="bbox 162 5527 1227 5600">
    <p class='ocr_par' dir='ltr' id='par_1_90' title="bbox 162 5527 1227 5600">
     <span class='ocr_line' id='line_1_90' title="bbox 162 5527 1227 5600; baseline 0.006 -21"><span class='ocrx_word' id='word_1_618' title='bbox 162 5527 311 5584; x_wconf 79' lang='lat' dir='ltr'><strong>(irco</strong></span> <span class='ocrx_word' id='word_1_619' title='bbox 334 5545 558 5585; x_wconf 82' lang='lat' dir='ltr'><strong>sensum</strong></span> <span class='ocrx_word' id='word_1_620' title='bbox 584 5529 688 5583; x_wconf 82' lang='lat' dir='ltr'><strong>luci</strong></span> <span class='ocrx_word' id='word_1_621' title='bbox 721 5530 879 5584; x_wconf 84' lang='lat' dir='ltr'><strong>aliter</strong></span> <span class='ocrx_word' id='word_1_622' title='bbox 908 5530 1227 5600; x_wconf 82' lang='lat' dir='ltr'><strong>explicavit.</strong></span> 
     </span>
    </p>
   </div>
   <div class='ocr_carea' id='block_1_91' title="bbox 234 5642 1744 5717">
    <p class='ocr_par' dir='ltr' id='par_1_91' title="bbox 234 5642 1744 5717">
     <span class='ocr_line' id='line_1_91' title="bbox 234 5642 1744 5717; baseline 0.005 -22"><span class='ocrx_word' id='word_1_623' title='bbox 234 5645 312 5707; x_wconf 74' lang='lat' dir='ltr'><strong>(ll</strong></span> <span class='ocrx_word' id='word_1_624' title='bbox 359 5645 423 5701; x_wconf 71' lang='lat' dir='ltr'><strong>Et</strong></span> <span class='ocrx_word' id='word_1_625' title='bbox 444 5653 848 5717; x_wconf 45' lang='lat' dir='ltr'><strong>suntﬁqxqumu</strong></span> <span class='ocrx_word' id='word_1_626' title='bbox 875 5662 936 5699; x_wconf 71' lang='lat' dir='ltr'><strong>ex</strong></span> <span class='ocrx_word' id='word_1_627' title='bbox 958 5647 1220 5714; x_wconf 71' lang='lat' dir='ltr'><strong>jussione.</strong></span> <span class='ocrx_word' id='word_1_628' title='bbox 1274 5642 1396 5701; x_wconf 69' lang='grc' dir='ltr'>Οῗον</span> <span class='ocrx_word' id='word_1_629' title='bbox 1429 5648 1485 5713; x_wconf 71' lang='grc' dir='ltr'><strong>ἐξ</strong></span> <span class='ocrx_word' id='word_1_630' title='bbox 1516 5649 1744 5717; x_wconf 70' lang='grc' dir='ltr'>ἐπιτάγ-</span> 
     </span>
    </p>
   </div>
   <div class='ocr_carea' id='block_1_92' title="bbox 166 5714 955 5783">
    <p class='ocr_par' dir='ltr' id='par_1_92' title="bbox 166 5714 955 5783">
     <span class='ocr_line' id='line_1_92' title="bbox 166 5714 955 5783; baseline 0.005 -19"><span class='ocrx_word' id='word_1_631' title='bbox 166 5731 332 5783; x_wconf 60' lang='grc' dir='ltr'>ματος</span> <span class='ocrx_word' id='word_1_632' title='bbox 363 5714 596 5771; x_wconf 72' lang='grc' dir='ltr'>συνετοί,</span> <span class='ocrx_word' id='word_1_633' title='bbox 625 5714 955 5771; x_wconf 66' lang='lat' dir='ltr'><strong>Tcnmxsvs.</strong></span> 
     </span>
    </p>
   </div>
   <div class='ocr_carea' id='block_1_93' title="bbox 1929 5641 3431 5772">
    <p class='ocr_par' dir='ltr' id='par_1_93' title="bbox 1929 5641 3431 5772">
     <span class='ocr_line' id='line_1_93' title="bbox 1929 5641 3431 5772; baseline -0.002 -70"><span class='ocrx_word' id='word_1_634' title='bbox 1929 5650 2005 5715; x_wconf 54' lang='grc' dir='ltr'><strong>(ἦ)</strong></span> <span class='ocrx_word' id='word_1_635' title='bbox 2040 5650 2211 5772; x_wconf 69' lang='lat' dir='ltr'><strong>:lUitrr</strong></span> <span class='ocrx_word' id='word_1_636' title='bbox 2268 5657 2445 5718; x_wconf 65' lang='lat' dir='ltr'><strong>putres</strong></span> <span class='ocrx_word' id='word_1_637' title='bbox 2496 5646 2966 5718; x_wconf 63' lang='lat' dir='ltr'><strong>philosophos.Gr.</strong></span> <span class='ocrx_word' id='word_1_638' title='bbox 3032 5641 3431 5716; x_wconf 65' lang='grc' dir='ltr'>Στιπροιξιλοσό-</span> 
     </span>
     <span class='ocr_line' id='line_1_94' title="bbox 1932 5736 2122 5772; baseline 0 0"><span class='ocrx_word' id='word_1_639' title='bbox 1932 5739 2007 5772; x_wconf 65' lang='grc' dir='ltr'><em>κ.</em></span> <span class='ocrx_word' id='word_1_640' title='bbox 2071 5736 2122 5772; x_wconf 73' lang='grc' dir='ltr'><strong>ε).</strong></span> 
     </span>
    </p>
   </div>
   <div class='ocr_carea' id='block_1_94' title="bbox 1856 5736 2122 5789">
    <p class='ocr_par' dir='ltr' id='par_1_94' title="bbox 1856 5736 2122 5789">
     <span class='ocr_line' id='line_1_95' title="bbox 1856 5736 2122 5789; baseline 0.004 -17"><span class='ocrx_word' id='word_1_641' title='bbox 1856 5736 2007 5789; x_wconf 48' lang='lat' dir='ltr'><strong>eo»;</strong></span> <span class='ocrx_word' id='word_1_642' title='bbox 2051 5736 2122 5773; x_wconf 77' lang='lat' dir='ltr'><strong>ta.</strong></span> 
     </span>
    </p>
   </div>
  </div>
