3912 6298
458 275 598 343 1275

453 488 710 536 auctores
731 476 1040 534 contrarios
1072 476 1364 547 appellavit
1389 493 1404 544 ;
1433 476 1509 531 illi
1531 475 1753 546 quidem
1779 476 2039 532 divinita-

457 582 570 628 tem
607 573 662 626 in
696 569 983 626 Salvatore
1010 569 1136 625 ﬁcte
1160 569 1353 624 dicunt
1380 566 1480 641 (5),
1515 569 1573 622 hi
1609 584 1744 623 vero
1781 567 2040 623 humani-

456 673 648 720 tatem.
696 662 986 719 Nestorius
1043 662 1450 732 beneplacitum
1481 671 1537 716 et
1581 660 1903 731 dignitatem
1937 675 2044 731 pro.

454 757 681 812 fictione
710 755 1018 811 divinitatis
1043 754 1289 810 defendit
1316 771 1330 820 ;
1361 754 1642 824 Eutyches
1689 769 1913 808 carnem
1950 753 2042 807 iu-

453 847 752 912 efl‘abilem,
779 863 880 918 pro
903 847 1144 902 naturali
1181 856 1239 902 et
1269 856 1478 902 nostra.
1527 845 1621 901 Sic
1654 846 1904 900 honestis
1937 860 2038 901 no-

457 938 705 993 minibus
723 947 780 993 et
805 937 990 992 verbis
1015 937 1252 998 decoris,
1280 946 1538 1006 tanquam
1571 936 1713 990 fictis
1735 935 2036 1001 coloribus,

457 1027 766 1083 fmditatem
797 1027 1094 1082 contraria:
1117 1026 1340 1097 quidem
1376 1027 1700 1096 impietatis,
1731 1026 1829 1081 sed
1855 1036 2041 1082 tamen

457 1119 709 1188 aqualis,
741 1119 1042 1174 honestare
1067 1119 1346 1172 nituntur.
1383 1117 1551 1184 Quasi
1596 1117 1846 1173 studium
1879 1117 2040 1174 nobis

459 1209 531 1264 sit
550 1210 827 1280 elegantia
852 1211 1137 1265 nominum
1159 1210 1372 1274 utendi,
1405 1217 1463 1264 et
1493 1225 1602 1263 non
1626 1209 1812 1278 potius
1840 1208 2040 1264 faciem

458 1299 712 1355 veritatis
748 1315 882 1355 vere
905 1315 1135 1354 auream
1189 1298 1535 1368 aspiciendi,
1592 1315 1701 1369 qua
1753 1299 1894 1353 nihil
1953 1304 2042 1353 est

455 1393 776 1458 amabilius,
807 1394 1062 1462 quamvis
1109 1393 1249 1451 nihil
1295 1393 1522 1464 elegans
1577 1402 1634 1448 et
1687 1393 2039 1463 splendidum

455 1485 709 1540 accedat.
748 1485 864 1540 Nec
887 1485 1036 1540 enim
1065 1486 1410 1562 ornamentis
1443 1485 1652 1557 indiget
1676 1527 1689 1549 ,
1721 1501 1846 1557 qum
1879 1494 2044 1540 natu-

460 1578 564 1634 rali
621 1577 1047 1650 pulchritudine
1117 1579 1493 1649 splendescit;
1556 1595 1662 1634 nec
1710 1579 2038 1644 verborum,

457 1671 625 1740 quasi
666 1672 1078 1742 pigmentorum
1142 1673 1322 1730 fucata
1385 1685 1441 1730 et
1490 1675 1670 1730 fallaci
1714 1673 1919 1744 specie.
1973 1673 2038 1728 Hi

1725 270 2036 337 LEONTII
2075 275 2488 338 BYZANTINI

457 386 618 444 vinus
636 384 724 442 vir
753 382 1219 455 ἐναντιοδοκὴτας,
1251 384 1302 440 id
1335 391 1440 451 est,
1472 384 1768 445 contraria:
1797 384 2039 441 ﬁctionis

2161 387 2286 450 leto;
2309 385 2449 454 ἀνὴρ
2469 379 2615 438 οὕτω
2639 383 2912 453 κέκληκεν
2931 385 3032 458 (b),
3047 386 3622 455 Ἐ’ναγτιοδοκήτας
3649 391 3784 444 ἐκα-

3634 277 3789 341 1276

2141 475 2335 546 τέρους
2366 472 2636 537 καλέσας·
2665 474 2715 526 oi
2759 473 2859 544 μὲν
2899 473 3009 546 γὰρ
3036 477 3137 546 τὴν
3170 475 3432 545 θεότητα,
3478 479 3538 531 οἱ
3579 478 3644 532 δὲ
3685 479 3783 551 τὴν
3877 517 3881 570 ε

2142 566 2545 638 ἀνθρωπότητα
2585 565 2806 637 δοκήσει
2840 564 3097 636 λέγουσιν
3129 563 3268 624 εῖναι
3299 570 3359 623 ἐν
3388 569 3481 639 τῷ
3517 570 3780 640 Σωτῆρι,

2142 655 2282 728 πλὴν
2322 657 2446 710 ὅσον
2494 656 2781 728 ἑκάτερος,
2827 659 2856 712 6
2908 659 3008 729 μὲν
3055 659 3156 731 τὴν
3213 642 3484 714 εὐδοκίαν
3529 662 3642 716 καὶ
3680 663 3779 733 τὴν

2141 748 2328 815 ἀξίαν,
2365 747 2488 802 ἀντὶ
2525 749 2626 820 τῆς
2653 749 2798 803 κατά
2834 751 2935 822 τὴν
2977 751 3208 824 θεότητα
3243 755 3581 824 φαντασίας
3612 773 3627 786 ·
3667 759 3698 808 6
3721 756 3778 809 δὲ

2141 839 2243 910 τὴν
2281 840 2522 911 ἄρρητον
2563 840 2764 910 σάρκα,
2811 841 2936 894 ἀντὶ
2975 843 3076 914 τῆς
3126 843 3288 912 φύσει
3330 843 3437 898 καὶ
3481 845 3777 916 ἡμετέρας

2141 931 2568 1002 προσίσχονται,
2607 931 2948 1006 εὐπρεπέσιν
3017 933 3251 1006 ὀνόμασι
3307 937 3414 990 καὶ¹
3493 939 3776 1008 εὐφήμοις

2144 1025 2425 1098 ῥήμασινν
2479 1023 2669 1099 ὥσπερ
2725 1025 3016 1099 χρώμασιν
3071 1027 3491 1094 emrtua-tote,
3549 1033 3621 1085 τδ
3679 1031 3774 1100 τῆς

3877 577 3882 630 i

2143 1117 2394 1180 ἐναντίας
2430 1119 2550 1188 μὲν,
2585 1119 2710 1190 ῐσης
2745 1119 2804 1173 δὲ
2845 1119 3105 1184 ἀσεϐείας
3145 1121 3394 1186 δυσειδὲς
3445 1125 3772 1194 ἀποσεμνύο
3877 1154 3881 1163 ι

2142 1227 2258 1264 νειν
2302 1208 2731 1281 ἐπιχειροῦντες.
2783 1212 2998 1266 Ὥσανεὶ
3054 1211 3250 1266 τούτου
3297 1215 3769 1287 ἐσπουδασμένου

2142 1301 2277 1372 ἡμῖν
2304 1299 2504 1364 κάλλος
2537 1301 2730 1356 ἀσκεῖν
2763 1303 3068 1373 ὀνομάτων,
3121 1305 3241 1358 ἀλλ’
3273 1306 3342 1359 οὑ
3380 1305 3451 1359 τὸ
3492 1307 3606 1375 τῆς
3643 1308 3766 1378 ἀλη-

2143 1393 2296 1456 θείας
2319 1391 2557 1464 χρυσοῦν
2583 1393 2757 1458 ὅντως
2786 1394 3086 1466 πρόσωπον
3116 1395 3490 1464 ἐποπτεύειν,
3524 1393 3598 1468 ἦς
3625 1399 3770 1453 οὐδὲν

2144 1485 2581 1558 ἐρασμιώτερον,
2643 1485 2746 1540 κᾶν
2790 1487 2854 1539 τὸ
2901 1487 3003 1558 τῆς
3062 1487 3264 1552 λέξεως
3330 1491 3639 1562 εὐπρεπὲς
3683 1491 3766 1545 καὶ

2145 1577 2372 1648 φαιδρὸν
2405 1577 2482 1648 μὴ
2529 1580 2730 1648 προσῇ.
2770 1577 2924 1650 Μηδὲ
2978 1578 3088 1652 γὰρ
3144 1581 3552 1650 κομμωτικῶν
3607 1583 3764 1654 αὑτὴν

2152 1669 2505 1740 προσδεῖσθαι
2532 1669 3034 1742 καλλωπισμάτων,
3067 1672 3287 1744 φυσικῷ
3331 1672 3546 1728 κάλλει
3576 1675 3765 1746 λελειμ-

458 1757 634 1833 igitur
655 1733 844 1820 secum
886 1775 942 1821 et
981 1783 1110 1822 cum
1139 1769 1375 1824 veritate
1407 1775 1737 1838 pugnantes,
1760 1765 1968 1820 bellum
1989 1763 2046 1818 in

2161 1733 2498 1833 πρυσμένην,
2537 1763 2632 1815 καὶ
2665 1733 2835 1835 μηδὲν
2871 1733 3137 1834 δεομένην
3163 1733 3270 1834 τῆς
3301 1766 3376 1820 ἐκ
3416 1767 3548 1820 τῶν
3591 1733 3764 1839 ῥημάο

457 1868 580 1910 eam
608 1872 710 1926 per
742 1859 1023 1914 contraria
1054 1860 1242 1930 partiti
1273 1868 1424 1924 sunt,
1469 1859 1679 1914 eisdem
1709 1855 2049 1928 propositio-

2161 1867 2260 1904 των
2277 1850 2467 1924 ὥσπερ
2486 1853 2962 1926 προστριμμάτων
2978 1855 3266 1928 ἀπατηλῆς
3285 1857 3760 1930 ἐπιμορφώσως.

457 1945 627 2003 nibus
659 1946 728 2002 ad
759 1964 921 2004 suum
978 1959 1216 2023 uterque
1262 1953 1428 2006 finem
1479 1950 1810 2014 abutentes,
1880 1948 1956 2004 ita
1985 1955 2048 2002 ut

2161 1936 2312 1995 Οὗτοι
2343 1942 2409 2012 δὴ
2457 1939 2549 1998 οὖν
2583 1945 2802 2008 ἑαυτοῖς
2845 1961 2909 2000 τε
2958 1948 3054 2001 καὶ
3097 1949 3164 2019 τῇ
3200 1948 3446 2022 ἀληθείᾳ
3481 1951 3761 2022 ἀπομαχό-

457 2043 755 2099 consensio
782 2044 1084 2116 impietatis
1129 2047 1408 2103 contrarie
1439 2044 1890 2102 dissentientium
1930 2059 2043 2099 uno

2161 2053 2329 2107 μενοι,
2363 2035 2452 2090 διὰ
2497 2038 2606 2091 τῶν
2635 2037 2896 2093 ἐναντίων
2933 2039 3025 2094 τδν
3056 2041 3180 2093 κατ’
3205 2041 3391 2111 αὐτῆς
3431 2044 3762 2116 ἐμερίσαντο

455 2144 788 2206 argumento
811 2139 1065 2194 veritatis
1091 2155 1121 2194 a
1160 2140 1455 2212 discipulis
1493 2139 1746 2210 ejusdem
1789 2137 2044 2193 veritatis

2161 2129 2410 2202 πόλεμον,
2459 2133 2582 2192 ταῖς
2623 2132 2818 2198 αὑταῖς
2874 2133 3208 2206 προτάσσειν
3253 2137 3545 2208 ἑκάτερος
3597 2137 3760 2192 αὑτῶν

455 2225 840 2292 convellatur,
874 2235 934 2283 et
974 2231 1276 2286 concordia
1312 2231 1608 2302 pravitatis
1633 2229 1919 2300 copiosam
1958 2227 2048 2292 vj-

2161 2218 2292 2290 πρὺς
2313 2219 2405 2272 τὸν
2435 2219 2566 2274 ίδιον
2613 2221 3000 2293 ἀποχρώμενοι
3033 2223 3238 2277 σκοπόν
3259 2241 3274 2254 ’
3325 2224 3487 2279 ὥστε
3539 2226 3646 2295 τὴν
3683 2224 3761 2280 διὰ

457 2315 691 2372 ctoriam
715 2317 898 2388 pariat
928 2335 944 2376 :
971 2321 1178 2390 quibus
1221 2323 1371 2378 enim
1417 2321 1766 2394 argumentis
1808 2319 2046 2378 alterum

2161 2311 2265 2364 τῶν
2285 2310 2546 2365 ἐναντίων
2569 2313 2916 2383 συμφωνίαν,
2936 2315 3018 2368 ἐνὶ
3038 2315 3116 2387 τῷ
3132 2317 3232 2387 τῆς
3255 2316 3544 2388 ἀληθείας
3567 2320 3760 2390 ἐλέγχῳ

457 2407 696 2464 istorum
727 2410 823 2480 qui
869 2411 1157 2482 impietate
1205 2413 1444 2468 connexi
1495 2419 1664 2476 sunt,
1716 2404 2045 2475 refellimus,

447 2499 666 2576 eisdem
693 2503 861 2558 etiam
889 2505 1125 2559 alterum
1158 2503 1322 2559 simul
1354 2503 1737 2559 refutavimus.

2156 2403 2293 2475 πρὸς
2319 2403 2430 2457 τῶν
2463 2404 2760 2476 γνωρίμων
2809 2406 2985 2478 αὐτῆς
3027 2408 3472 2478 ἀνατρέπεσθαι,
3538 2411 3642 2466 καὶ
3681 2413 3758 2480 γί-

2155 2497 2344 2552 νεσθαι
2376 2498 2697 2570 περιουσίαν
2737 2499 2920 2569 νίκης,
2945 2499 3045 2571 τῆς
3079 2502 3352 2572 πονηρίας
3390 2503 3504 2575 τὴν
3543 2520 3757 2574 συμψι-

449 2594 598 2650 νίαν.
651 2591 745 2660 Οἷς
792 2595 900 2667 γὰρ
939 2597 1006 2651 ἀν
1053 2595 1282 2668 θάτερον
1324 2597 1433 2650 τῶν
1486 2595 1629 2650 κατά
1663 2596 1762 2667 τὴν
1827 2593 2082 2648 ἀσέϐειαν
2123 2592 2635 2664 συμπεπλεγμένων
2697 2593 3140 2666 ἀνατρέψαιμεν,
3188 2595 3415 2662 τούτοις
3461 2599 3758 2654 συνακτέ-

446 2700 699 2757 πραπται
726 2683 822 2736 καὶ
852 2685 880 2737 6
908 2683 1116 2756 ἔτερος.

531 2773 629 2828 Est
662 2780 850 2828 autem
879 2772 1280 2828 advertendum
1317 2773 1463 2830 idem
1488 2775 1744 2830 evenisse
1770 2773 1918 2834 circa
1961 2773 2048 2830 in-

2239 2767 2436 2822 Ἰστέον
2462 2768 2594 2840 γὰρ,
2627 2769 2704 2834 ὡς
2740 2771 2938 2826 ταὺτδιν
2970 2771 3208 2828 πέπονθε
3253 2777 3393 2848 περὶ
3418 2779 3532 2850 τὴν
3557 2783 3760 2840 alarm-

450 2863 842 2921 carnatiouem
880 2863 1117 2936 Eutychi
1175 2867 1252 2935 (4)
1287 2881 1412 2922 cum
1447 2866 1735 2935 Nestorio,
1785 2867 1934 2938 quod
1985 2867 2043 2923 in

2161 2859 2285 2930 μίαν
2321 2859 2570 2932 Εὑτυχῆς
2596 2861 2736 2930 πρὸς
2759 2863 3079 2936 Νεστόριον,
3114 2865 3144 2918 6
3176 2870 3310 2939 περὶ
3332 2845 3454 2942 *τὴν
3477 2845 3758 2945 δεολογίαν

454 2954 738 3012 Trinitate
769 2954 1010 3012 Sabellio
1039 2971 1166 3012 cum
1190 2955 1359 3025 Ario;
1390 2959 1468 3012 illi
1501 2959 1652 3014 enim
1694 2975 1796 3030 per
1823 2967 2046 3015 eontra-

456 3049 545 3105 ria
586 3049 642 3104 in
673 3050 879 3106 malum
899 3051 1113 3122 aequale
1129 3051 1480 3112 ceciderunt.
1515 3051 1795 3110 Sabellius
1817 3053 2045 3122 quidem

365 3179 372 3188 .
457 3149 696 3213 propter
727 3143 1119 3208 substantiam,
1159 3143 1217 3199 in
1251 3159 1419 3199 unam
1450 3143 1778 3216 hypostasin
1808 3145 2048 3201 coniun-

455 3235 548 3290 dit
576 3233 900 3306 hypostases
924 3252 939 3300 ;
973 3235 1141 3290 Arius
1165 3250 1300 3290 vero
1329 3246 1556 3306 propter
1583 3235 1908 3307 hypostases
1933 3276 1950 3304 ,
1977 3238 2052 3294 si-

467 3323 583 3378 mul
611 3339 738 3379 cum
769 3323 853 3380 eis
873 3324 1240 3380 substantiam
1261 3325 1473 3380 divisit.
1501 3326 1570 3380 Hi
1587 3342 1722 3382 vero
1742 3343 2012 3385 converse
2033 3349 2046 3384 :

465 3415 761 3470 Nestorius
799 3415 1027 3485 quidem
1062 3415 1264 3472 dividit
1311 3424 1542 3473 naturas
1587 3418 1642 3472 in
1682 3418 2047 3490 hypostases;

469 3505 747 3576 Eutyches
769 3521 905 3561 vero
928 3507 1254 3564 commiscet
1286 3515 1514 3564 naturas
1535 3509 1594 3565 in
1617 3519 1897 3567 naturam.
1926 3511 2052 3579 Qui-

469 3597 575 3652 bus
599 3596 746 3651 enim
775 3597 1252 3668 disputationibus
1290 3609 1348 3656 et
1368 3603 1713 3672 argumentis
1741 3619 1772 3658 a
1797 3605 2052 3675 superio-

469 3708 592 3748 rum
623 3704 936 3766 temporum
967 3696 1291 3754 hominibus
1321 3699 1566 3756 Trinitas
1593 3700 1769 3756 divisa
1807 3712 1913 3766 est,
1937 3703 2050 3759 eis-

463 3783 594 3839 dem
628 3801 660 3840 a
696 3787 1097 3856 posterioribus
1118 3790 1506 3858 meonomiam,
1554 3791 1610 3846 id
1645 3799 1750 3860 est,
1793 3793 2052 3849 incarna-
2081 3807 2092 3815 ‘

463 3878 678 3934 tionem
723 3880 1011 3936 confusam
1051 3897 1174 3938 esse
1225 3883 1552 3954 reperimus.
1603 3883 1818 3951 Quibus
1865 3897 2050 3942 autem

461 3983 618 4024 nunc
659 3972 1024 4026 (nconomiam
1073 3972 1363 4041 dividunt,
1428 3975 1518 4030 his
1572 3975 1652 4030 illi
1701 3975 2052 4033 divinitatem

459 4057 838 4118 confundunt.
895 4063 1008 4134 Age
1037 4079 1192 4136 ergo,
1223 4065 1572 4136 proferamus
1599 4067 1653 4121 iu
1677 4068 1921 4124 medium
1949 4086 2048 4126 eo-

463 4166 591 4204 rum
623 4154 956 4224 sophisticas
982 4157 1432 4227 pr0positiones,
1484 4169 1540 4214 et
1575 4169 1836 4230 tanquam
1875 4163 1929 4218 in
1965 4166 2052 4234 ju-

461 4241 637 4309 dicio,
679 4245 876 4302 demus
905 4247 1087 4302 locum
1123 4248 1576 4304 accusationibus
1605 4267 1838 4319 eorum;
1883 4261 2052 4322 atque

466 4335 546 4388 ita
570 4351 694 4404 quae
719 4336 924 4392 frustra
969 4349 1162 4393 contra
1202 4341 1494 4396 veritatem
1522 4357 1662 4396 vane
1704 4345 2056 4416 excogitave-

466 4437 620 4489 runt,
653 4428 866 4484 diluere
898 4431 1244 4486 conabimur.

542 4599 868 4654 Aiuutenim
884 4618 895 4653 :
913 4599 968 4656 Si
989 4600 1127 4656 duas
1143 4610 1370 4659 naturas
1386 4603 1568 4662 inuno
1582 4603 1804 4660 Christo
1823 4621 1945 4662 esse
1972 4607 2059 4662 di-

469 4692 620 4756 citis,
647 4700 847 4746 natura
867 4703 1048 4748 autem
1074 4711 1182 4750 non
1211 4703 1296 4751 est
1315 4697 1438 4752 sine
1456 4697 1897 4767 hypostasi,du:e
1921 4716 2056 4772 ergo

470 4793 639 4839 erunt
671 4784 1016 4856 hypostases.
1045 4786 1226 4842 Unum
1251 4796 1436 4844 autem
1464 4796 1550 4842 est
1577 4788 1888 4860 utriusque,
1919 4791 2054 4856 dixi,

469 4884 776 4944 certamen,
805 4879 1060 4948 quamvis
1092 4879 1218 4934 ﬁnis
1250 4879 1323 4934 sit
1358 4878 1644 4934 differens.
1677 4879 1761 4934 Illi
1793 4881 1964 4947 enim,
1997 4883 2054 4938 id

478 4975 584 5032 est,
609 4967 948 5034 Nestoriani,
973 4978 1032 5024 ut
1052 4985 1178 5024 cum
1197 4970 1408 5024 naturis
1429 4969 1755 5040 hypostases
1781 4970 2052 5041 inferant;

477 5059 570 5115 alii
605 5063 827 5127 vero,id
853 5072 959 5124 est,
995 5062 1348 5133 Eutychiani,
1383 5069 1441 5116 ut
1474 5076 1576 5132 per
1604 5063 1928 5134 hypostases
1960 5082 2059 5138 na-

476 5161 630 5208 turas
653 5153 817 5209 etiam
855 5156 1138 5214 tollerent.
1176 5155 1370 5209 eodem
1405 5167 1731 5226 argumento
1777 5158 1864 5213 usi
1906 5167 2054 5214 sunt.

473 5241 582 5297 Sed
611 5243 860 5310 audiant,
891 5245 986 5315 qui
1016 5245 1286 5316 Eutychis
1307 5255 1494 5316 partes
1518 5257 1850 5316 sequuntur.
1883 5248 2058 5305 Nobis

473 5335 622 5389 enim
660 5351 833 5390 unum
870 5351 1166 5410 commune
1220 5347 1498 5392 certamen
1547 5345 1740 5392 contra
1787 5349 2056 5409 utrosque

563 5515 640 5586 (b)
674 5513 862 5572 Schol.
924 5515 978 5572 in
1011 5533 1182 5589 marg.
1249 5518 1380 5590 περὶ
1437 5518 1532 5572 τοῦ
1568 5519 1714 5572 assa
1747 5519 1952 5574 Νόννου
1981 5517 2136 5589 φησί.

555 5667 632 5737 ('5)
677 5669 859 5743 Aliter:
900 5671 1219 5740 depingitur
1259 5671 1532 5743 ligonnus,
1561 5674 1661 5725 istc
1699 5688 1728 5726 a
1775 5672 1976 5743 Cyrillo
2019 5674 2071 5728 in

484 5737 604 5792 Vita
633 5740 808 5792 sancti
828 5737 988 5795 Saliae
1009 5737 1273 5797 et'sancti
1297 5741 1558 5808 Quiriaci.
1591 5737 1915 5799 Tt'nmn't's.

2149 2952 2440 3016 Σαὸέλλιος
2474 2955 2612 3026 πρὸς
2635 2955 2726 3010 τὸν
2748 2957 3003 3028 Ἀρειον
3041 2959 3242 3013 ἐκεῖνοί
3277 2978 3340 3014 τε
3373 2963 3494 3036 γὰρ
3529 2966 3629 3022 διὰ
3661 2971 3759 3024 τῶν

2149 3045 2434 3112 ἐναντίων,
2465 3048 2546 3110 εἰς
2591 3047 2654 3102 τὸ
2683 3044 2803 3103 ἴσον
2851 3050 3024 3104 κακὸν
3081 3053 3538 3124 ἐμπεπτώκασιν
3563 3064 3630 3116 ’ὁ
3671 3065 3760 3134 μιν

2149 3137 2236 3191 διὰ
2273 3137 2370 3204 τὴν
2416 3139 2606 3194 οὐσίαν
2656 3143 2739 3206 είς
2797 3142 2926 3213 μίαν
2981 3144 3288 3218 ὑπόστασιν
3345 3152 3619 3222 συγχέων
3672 3155 3760 3220 τὰς

2151 3230 2500 3297 ὑποστάσεις,
2525 3234 2552 3286 6
2579 3233 2636 3286 δὲ
2659 3233 2747 3288 διὰ
2777 3234 2879 3299 τάς
2897 3235 3228 3300 ὑποστάσεις
3256 3239 3605 3314 συνδιαιρῶν
3635 3245 3758 3300 ταύ-

2150 3338 2274 3385 ταις
2317 3321 2414 3376 καὶ
2454 3323 2554 3394 τὴν
2587 3323 2797 3381 οὐσίαν.
2839 3327 2954 3381 Καὶ
3003 3321 3151 3384 οὗτοι
3185 3329 3241 3383 δὲ
3276 3329 3342 3384 τὸ
3382 3333 3698 3402 ἀνάπαλιν,
3733 3335 3762 3388 6

2156 3413 2257 3485 μὲν
2285 3413 2471 3481 τέμνει
2510 3416 2610 3480 τὰς
2645 3417 2837 3485 φύσεις
2883 3420 2964 3482 είς
3011 3421 3370 3488 ὑποστάσεις,
3415 3427 3450 3479 6
3487 3425 3552 3480 δὲ
3607 3427 3760 3500 φύρει

2154 3505 2256 3570 τὰς
2287 3505 2478 3574 φύσεις
2507 3509 2589 3572 είς
2624 3509 2808 3578 φύσιν.
2829 3511 2980 3565 Καὶὸ
3015 3511 3117 3581 μὲν
3148 3515 3422 3586 ποιεῖτὴν
3456 3517 3759 3572 ὑπόστασιν

2155 3597 2504 3667 ὑποστάσεις,
2538 3601 2566 3654 6
2594 3599 2652 3654 δὲ
2691 3601 2791 3665 τὰς
2827 3601 3021 3672 φύσεις
3049 3605 3132 3668 εἰς
3159 3604 3325 3674 φύσιν
3369 3608 3640 3679 ἀναχέει.
3671 3604 3760 3673 0?;

2154 3689 2264 3760 γὰρ
2305 3690 2656 3763 προϐλήμασι
2700 3691 3093 3764 διαιρουμένην
3143 3696 3249 3750 ὑπὸ
3305 3698 3422 3752 τῶν
3473 3701 3762 3772 προτέρων

2155 3779 2301 3834 ἐστιν
2348 3781 2474 3838 ίδεῖν
2523 3783 2622 3856 τὴν
2672 3785 2901 3854 Τριάδα,
2941 3787 3157 3854 τούτοις
3217 3793 3616 3863 συγχεομένην
3665 3794 3763 3848 ὑιδ

2154 3871 2264 3928 τῶν
2317 3874 2564 3944 ὑστέρων
2621 3876 2960 3947 εὑρίσκομεν
3017 3880 3119 3952 τὴν
3167 3883 3523 3952 οἰκονομίαν·
3575 3880 3662 3950 οἷς
3709 3887 3763 3940 ἃ

2153 3963 2424 4036 διαιροῦσι
2472 3965 2572 4038 τὴν
2629 3968 2950 4038 οἰκονομίαν
2991 3969 3042 4022 oi
3091 3969 3223 4036 νῦν,
3274 3973 3500 4039 τούτοις
3560 3978 3760 4030 ἐκεῖνοι

2157 4055 2448 4124 συγχέουσι
2476 4059 2576 4127 τὴν
2606 4057 2858 4130 θεότητα.
2887 4060 3024 4130 Φέρε
3065 4061 3130 4130 δὴ
3183 4058 3276 4117 οὖν
3316 4064 3420 4129 τὰς
3458 4069 3761 4138 προτάσεις

2155 4147 2336 4202 αὑτῶν
2357 4151 2456 4213 τὰς
2489 4151 2814 4216 σοφιστικὰς
2849 4152 2934 4216 είς
2980 4153 3142 4223 μέσον
3176 4154 3254 4226 τῷ
3295 4155 3447 4225 λόγῳ
3497 4161 3762 4232 τερατεία

2159 4256 2382 4310 γωμεν,
2439 4243 2533 4296 καὶ
2580 4241 2772 4313 ὥσπερ
2806 4246 2864 4296 ἐν
2895 4245 3274 4320 δικαστηρίῳ,
3329 4248 3527 4321 χώραν
3577 4253 3762 4314 αὺτοῖς

2158 4331 2267 4386 τῶν
2293 4331 2414 4386 καθ’
2447 4335 2478 4404 ἡ
2488 4333 2605 4403 μῶν
2635 4335 3006 4406 ἐγκλημάτων
3027 4338 3294 4404 ἐνδόντες,
3322 4341 3475 4396 οὕτω
3503 4343 3758 4397 διαλῦσαι

2159 4425 2261 4489 τὰς
2313 4429 2548 4497 ματαίας
2603 4428 2786 4484 αὐτῶν
2838 4431 2982 4484 κατά
3037 4432 3136 4503 τῆς
3194 4435 3458 4504 ἀληθείας
3514 4441 3760 4503 ἐπινοξας

2161 4521 2561 4590 πειρασόμεθα.

2226 4611 2366 4664 Φασὶ
2399 4611 2626 4683 γάρ·Εί
2679 4611 2772 4666 δύο
2807 4613 2999 4682 φύσεις
3053 4615 3150 4670 ἐπὶ
3192 4617 3290 4670 τοῦ
3340 4619 3466 4684 ἑνὸς
3517 4623 3760 4692 Χριστοῦ

2158 4719 2316 4772 φατε,
2360 4705 2462 4756 οὐκ
2493 4703 2608 4758 ἐστι
2652 4705 2710 4758 δέ
2747 4705 2910 4774 φύσις
2946 4708 3322 4774 ἀνυπόστατος
3345 4752 3362 4776 ,
3411 4713 3515 4768 δύο
3557 4716 3676 4787 ἄρα
3703 4719 3760 4770 ἂν

2157 4790 2266 4848 εἷεν
2294 4795 2388 4846 καὶ
2423 4795 2480 4847 αί
2511 4795 2844 4860 ὑποστάσεις
2869 4810 2883 4824 ·
2919 4792 3001 4860 είς
3021 4796 3081 4850 δέ
3109 4798 3255 4852 ἐστιν
3281 4801 3658 4873 ἀμφοτέροις,
3691 4807 3763 4870 ὡς

2161 4881 2320 4954 ἔφην,
2374 4883 2545 4952 ἀγὼν,
2593 4883 2695 4936 κᾶν
2726 4885 2754 4936 ὁ
2799 4881 3057 4960 σκοπδςῇ
3093 4887 3374 4960 διάφορος.
3407 4892 3475 4944 Οἱ
3522 4895 3627 4964 μὲν
3659 4901 3765 4966 γὰρ

2163 4971 2250 5026 ἵνα
2279 4975 2396 5036 ταῖς
2427 4972 2626 5041 φύσεσι
2652 4977 3097 5044 συνεισαγάγωσι
3138 4978 3239 5042 τὰς
3279 4979 3628 5048 ὑποστάσεις
3655 5027 3672 5046 ,
3721 4989 3765 5037 οἱ

2162 5067 2218 5120 δὲ
2259 5068 2344 5120 ἵνα
2373 5069 2462 5122 διὰ
2489 5068 2598 5124 τῶν
2629 5071 2984 5126 ὑποστάσεων
3013 5075 3106 5126 καὶ
3134 5073 3233 5138 τὰς
3270 5073 3470 5143 φύσεις
3503 5080 3762 5146 ἀνέλωσι,

2163 5159 2242 5228 τῷ
2279 5160 2428 5230 αὐτῷ
2481 5161 2782 5232 κέχρηνται
2809 5161 3182 5236 προϐλήματι.
3225 5165 3371 5218 Ἀλλ’
3409 5168 3770 5225 ἀκουέτωσσν

2165 5252 2259 5304 καὶ
2289 5251 2426 5322 πρὸς
2471 5253 2630 5322 ἡμῶν
2669 5255 2718 5306 οἱ
2747 5256 2844 5323 τῆς
2871 5255 3147 5325 Εὐτυχοῦς
3183 5256 3382 5326 μοίρας
3419 5275 3434 5288 '
3456 5260 3488 5312 6
3528 5260 3631 5330 μὲν
3668 5265 3771 5331 γὰρ

2163 5356 2247 5402 τις
2281 5342 2456 5405 κοινὸς
2495 5345 2626 5414 ἡμῖν
2656 5345 2788 5415 πρὸς
2823 5345 3145 5416 ἑκατέρους,
3176 5347 3206 5398 6
3226 5347 3286 5400 δέ
3320 5347 3456 5413 ἴδιός
3481 5352 3606 5405 ἐστι
3639 5353 3769 5424 πρὶς

2191 5676 2568 5801 'mtdlnl‘ladcm
2617 5678 2781 5732 habet
2839 5678 2890 5732 in
2923 5678 3066 5734 libro
3097 5679 3174 5734 De
3212 5682 3392 5749 scrtis,
3417 5691 3532 5740 act.
3573 5685 3626 5754 l,
3655 5699 3770 5756 pag.

2191 5765 2205 5801 ι
2265 5767 2298 5800 ).
2373 5763 2488 5801 Αεκ.

2178 5763 2205 5801 ’1
2215 5763 2280 5801 UD
2289 5789 2298 5800 .
2332 5763 2488 5802 DASN.
