3912 6298
130 334 286 402 1277

1211 325 1511 387 CONTRA
1550 323 1871 385 NES’I’OR.
1909 321 2003 382 ET
2042 318 2370 381 EUTYCH.

3266 301 3425 370 1278

126 443 373 505 τούτους
397 437 567 507 ἀγών.
611 436 678 491 Τί
699 435 756 489 δὲ
784 435 941 505 ὑμεῖς
971 450 1139 503 (pars;
1170 432 1316 488 Μίαν
1340 432 1524 494 άπλῶς
1551 431 1715 501 λέγετη

1843 435 1960 491 est;
1990 425 2277 496 proprium
2312 435 2445 478 vero
2471 427 2667 477 contra
2698 418 2820 474 hos.
2851 414 2997 486 Quid
3019 430 3121 472 vos
3134 429 3269 471 vero
3284 415 3424 472 dici-

128 532 347 603 φύσιν;
383 530 482 598 Οὒ,
529 528 718 599 φασὶν,
748 525 884 580 ἀλλά
926 526 1056 595 μίαν
1084 525 1536 596 σεσαρκωμένην.
1560 523 1731 577 Οὐδὲν

124 623 189 677 δὲ
237 621 441 675 κωλύει
479 620 572 673 καὶ
627 616 983 689 χαριέστερον
1022 617 1153 685 ὑμῖν
1192 614 1601 684 συμπλακῆναι,
1634 613 1732 683 τὴν

130 713 244 783 μὲν
274 712 339 783 δὴ
397 711 526 782 μίαν
569 710 639 780 ἠν
695 724 835 777 φατε
890 707 987 760 τοῦ
1040 707 1213 775 Λόγου
1268 706 1436 775 φύσιν
1474 705 1732 769 λαὸόντες

126 804 342 874 ἔχομεν
381 802 514 873 παρ’
538 801 713 872 ὑμῶν.
742 801 879 871 Περὶ
908 800 967 854 δὲ
999 799 1100 868 τῆς
1138 798 1334 869 ἑτέρας
1364 797 1505 851 ἔστω
1542 798 1575 867 ἡ
1618 797 1732 849 δια-

128 896 330 966 μάχηο
372 895 440 965 ἠν
479 891 644 963 φύσιν
682 891 783 961 μὲν
835 891 1034 962 ἑτέραν
1073 889 1227 959 παρὰ
1280 889 1379 959 τὴν
1420 888 1516 942 τοῦ
1551 888 1730 955 Λόγου

122 987 320 1057 φαμὲν
351 987 550 1057 ἡμεῖς,
585 981 727 1055 σὰρξ
764 983 820 1037 δὲ
868 982 1005 1053 πρὸς
1050 982 1204 1052 ὑμῶν
1231 980 1515 1035 καλεῖσθαι
1562 980 1727 1050 φιλεῖ.

120 1079 194 1131 Τί
232 1094 378 1147 φατε
405 1079 533 1149 περὶ
558 1076 657 1146 τῆς
681 1075 892 1146 σαρκὸς
932 1075 1174 1145 ταύτης;
1207 1073 1319 1144 ἔχει
1351 1072 1534 1142 φύσιν,
1566 1072 1600 1142 ἢ
1635 1073 1729 1125 οὑ-

123 1170 347 1241 σίαν,ἢ
388 1170 555 1241 μέρος
586 1184 651 1238 γε
694 1168 954 1237 φύσεωςς
998 1165 1093 1219 τοῦ
1138 1166 1195 1220 δὲ
1232 1167 1423 1231 πόσου,
1466 1166 1624 1235 ὑμεῖς
1662 1164 1730 1218 ἂν

120 1264 284 1333 εἴητε
324 1262 527 1333 κύριοι,
581 1260 695 1314 εἴτε
739 1261 939 1331 ἥμισυ,
963 1258 1077 1311 εἴτε
1116 1258 1322 1328 τρίτον,
1356 1256 1471 1310 είτε
1514 1275 1568 1310 τι
1599 1256 1729 1311 ἄλλο

120 1354 516 1426 ποστημόριον
545 1353 733 1407 καλεῖν
760 1348 965 1405 θέλετε.
1009 1350 1121 1403 Καὶ
1150 1350 1239 1404 ἴνα
1276 1348 1354 1419 τῷ
1396 1347 1548 1419 αὑτῷ
1597 1349 1728 1416 ὑμῖν

116 1446 433 1515 χρήσωμαι
466 1446 730 1515 σχήματι,
778 1442 893 1495 ἔστι
933 1440 1072 1513 σὰρξ
1121 1438 1390 1503 ἀνούσιος,
1431 1439 1464 1510 ἢ
1511 1439 1728 1508 φύσεως

116 1536 405 1606 ἄμοιρος;
454 1538 567 1589 Καὶ
612 1535 731 1600 πῶς
774 1535 842 1589 ἂν
892 1532 1277 1604 ἀττοφεύξεσθε
1320 1532 1419 1605 τὴν
1453 1534 1727 1603 ὑμετέραν

114 1628 402 1699 ἁπορίανς
430 1630 495 1683 Et
525 1628 624 1697 μὲν
658 1628 770 1698 γάρ
799 1629 921 1681 ἐστι
948 1624 1087 1697 σὰρξ
1130 1626 1404 1691 ἀνούσιος,
1435 1624 1468 1694 ἢ
1508 1624 1727 1694 φύσεως

112 1719 321 1785 ἐκτὸς,
375 1719 588 1785 δείξατε
634 1719 719 1783 τίς
750 1718 907 1784 οὖσα,
940 1719 1035 1773 καὶ
1073 1717 1192 1782 πῶς
1220 1718 1420 1789 ἔχουσα
1465 1717 1724 1788 τυγχάνει

1836 522 1906 575 tis
1935 534 2100 573 unam
2136 526 2389 572 natur-tm
2438 515 2608 570 esse?
2633 512 2778 576 Non,
2812 511 3094 582 inquiunt,
3128 508 3224 565 sed
3253 523 3423 563 unam

1834 610 2366 670 incarnatamﬁihil
2398 616 2581 663 autem
2635 604 2895 676 prohibet
2949 605 3082 674 quin
3133 601 3428 657 vobiscum

1833 708 2256 778 conjungamur.
2288 704 2464 759 Unam
2498 702 2685 770 itaque
2718 706 2968 753 naturam
2998 695 3202 760 Verbi,
3254 709 3419 765 quam

1833 800 2040 863 dicitis,
2075 814 2105 853 a
2135 797 2294 852 vobis
2350 795 2534 850 datam
2567 802 2624 848 et
2671 804 2990 846 concessam
3034 796 3308 842 tenemus.
3340 784 3419 841 De

1832 896 2009 950 altera
2040 901 2224 950 autem
2260 901 2458 947 natura
2486 888 2905 949 contendamus,
2943 901 3107 956 quam
3162 874 3417 939 naturam

1831 988 1995 1041 aliam
2027 1002 2149 1042 esse
2183 985 2422 1040 dicimus
2466 989 2667 1053 praeter
2697 988 2951 1034 naturam
2985 976 3188 1041 Verbi,
3238 991 3360 1046 qua:
3387 980 3417 1029 a

1831 1079 1991 1133 vobis
2022 1079 2132 1133 dici
2164 1078 2325 1134 solet.
2349 1074 2492 1143 Quid
2527 1074 2595 1129 de
2631 1073 2734 1128 hac
2764 1086 2930 1126 carne
2962 1067 3196 1124 dicitis?
3223 1066 3419 1121 habet-

1831 1186 1902 1225 ne
1925 1181 2206 1234 naturam,
2234 1168 2321 1223 vel
2357 1167 2743 1229 substantiam,
2804 1170 2900 1219 aut
2948 1170 3159 1232 partem
3192 1157 3416 1229 quidem

1831 1261 2082 1316 naturai?
2102 1269 2373 1331 quantum
2398 1267 2579 1314 autem
2606 1257 2828 1319 habeat,
2855 1255 2911 1308 in
2937 1260 3120 1308 vestra
3141 1259 3415 1321 potestate

1829 1360 1933 1416 cst,
1967 1351 2083 1406 sive
2113 1350 2421 1414 dimidiam,
2444 1350 2560 1403 sive
2590 1347 2807 1401 tertiam
2845 1353 3081 1415 partem,
3101 1342 3217 1396 sive
3248 1342 3415 1394 aliam

1829 1442 2115 1497 minimam
2148 1450 2359 1512 partem
2388 1455 2587 1495 vocare
2624 1435 2781 1492 libet.
2816 1436 2885 1490 Et
2919 1444 2979 1489 ut
3012 1432 3204 1490 eadem
3241 1431 3416 1484 forma

1828 1533 2251 1605 argumentandi
2284 1533 2570 1589 vobiscum
2602 1540 2748 1596 utar,
2778 1538 2939 1583 estne
2984 1541 3112 1580 caro
3142 1522 3414 1586 ἁνούσιος,

1830 1626 1886 1680 id
1911 1637 2018 1692 est,
2055 1642 2253 1697 eXpers
2281 1626 2626 1690 substantias,
2653 1624 2738 1677 vel
2766 1636 2964 1691 expers
2998 1616 3246 1673 natm-sc?
3269 1614 3417 1697 Quo-7

1829 1719 1994 1775 modo
2016 1696 2260 1776 nostram
2290 1719 2652 1790 quaestionem
2684 1713 2997 1784 eﬁ‘ugietis?
3019 1710 3236 1768 Etenim
3259 1708 3305 1764 si
3330 1696 3416 1763 est

109 1809 291 1881 αὕτη,
323 1812 422 1865 καὶ
450 1813 611 1882 ἡμεῖς
643 1810 961 1881 στέρξομεν.
994 1811 1058 1863 Εί
1084 1811 1141 1863 δὲ
1171 1811 1269 1879 τῆς
1304 1809 1541 1879 ἐσχάτης
1564 1808 1713 1861 ἐστὶν

1819 1826 1946 1867 caro
1994 1828 2193 1883 expers
2242 1812 2586 1875 substantiae,
2638 1809 2724 1864 vel
2774 1815 2932 1863 extra
2964 1814 3256 1866 naturam,
3317 1801 3415 1856 de-

109 1900 391 1973 ἀμαθίας,
435 1902 619 1973 σάρκα
649 1900 1025 1966 ὑποτίθεσθαι,
1055 1900 1156 1953 οὐκ
1184 1898 1352 1953 οὖσαν
1396 1898 1542 1952 τοῦθ’
1585 1899 1722 1969 ὅπερ

109 1992 215 2044 καὶ
267 1991 515 2059 λέγεται,
558 1991 591 2062 ἢ
624 1990 687 2045 οὑ
715 1991 1019 2061 λεγομένην
1049 1991 1188 2061 ὅπερ
1221 1991 1391 2056 ἐστὶν,
1439 1990 1559 2054 πῶς
1588 1992 1721 2044 duo.

109 2081 393 2165 φεύξεσθε
425 2084 492 2153 ἣν
541 2084 674 2153 ἡμῖν
704 2082 862 2136 αὑτοὶ
909 2072 1279 2154 προεϐάλεσθε
1314 2081 1621 2153 πρότασιν;
1657 2081 1722 2135 Et

108 2176 231 2247 γὰρ
294 2175 399 2227 οὑκ
448 2173 567 2228 ἔστι
598 2172 735 2246 σὰρξ
790 2174 1074 2239 ἀνούσιος,
1131 2174 1378 2227 τουτέστι
1414 2173 1577 2242 φύσιν
1621 2174 1722 2226 οὑκ

106 2268 329 2338 ἔχουσα
355 2307 370 2331 ,
405 2267 507 2320 οὑκ
558 2265 677 2319 ἐστι
721 2265 780 2319 δὲ
820 2265 983 2336 φύσις
1020 2266 1395 2328 ἀνυπόστατος
1418 2305 1434 2329 ,
1476 2266 1576 2320 οὑκ
1613 2265 1722 2337 ἄρα

102 2361 278 2413 ἔσται
317 2352 455 2428 σὰρξ
483 2356 855 2420 ἀνυπόστατος
875 2373 889 2387 ·
923 2356 1043 2428 ὥρα
1074 2355 1138 2428 δὴ
1166 2354 1260 2410 οὖν
1294 2357 1439 2428 ὑμᾶς
1469 2357 1502 2429 ἢ
1537 2358 1721 2413 τέλεον

104 2447 615 2502 ἀποσκευάσασθαι
639 2447 843 2519 σαρκὸς
870 2449 973 2519 τὴν
997 2447 1182 2519 φύσιν,
1211 2448 1244 2519 ἢ
1274 2448 1369 2501 δύο
1393 2450 1720 2515 ὑποστάσεις

102 2541 327 2595 διδόναι
353 2539 434 2611 τῷ
482 2541 709 2613 Κυρίῳ,
758 2542 901 2596 κατὰ
935 2541 1033 2613 τὴν
1083 2543 1358 2613 ὑμετέραν
1395 2542 1718 2611 νομοθεσίαν

98 2634 210 2704 τὴν
237 2633 583 2702 φάσκουσαν,
609 2631 725 2688 Οὐκ
753 2632 869 2686 ἔστι
907 2634 1068 2702 φύσις
1091 2634 1479 2698 ἀνυπόστατος.
1514 2635 1579 2688 Εί
1609 2635 1719 2707 γὰρ

103 2727 211 2779 οὐκ
257 2727 380 2779 ἐστι
433 2726 595 2798 φύσις
642 2726 1056 2793 ἀνυπόστατος,
1104 2726 1268 2795 φύσιν
1306 2726 1362 2781 δὲ
1411 2727 1507 2781 τοῦ
1540 2727 1716 2797 Λόγου

99 2817 323 2887 λέγετε,
373 2820 471 2873 καὶ
523 2819 823 2873 ὑπόστασιν
870 2819 980 2890 ἄρα
1035 2818 1113 2889 τῷ
1158 2818 1316 2888 Λόγῳ
1352 2817 1574 2872 δώσετε.
1609 2820 1717 2873 Καὶ

100 2911 229 2964 ἔστι
284 2911 479 2965 λοιπὸν
512 2912 642 2982 περὶ
680 2912 781 2982 τῆς
815 2910 1022 2982 σαρκὸς
1054 2909 1117 2963 τὸ
1151 2910 1506 2983 ζητούμενον,
1552 2912 1603 2964 εἰ
1637 2911 1714 2981 μὴ

101 3004 204 3056 καὶ
239 3001 389 3073 αὕτη
419 3004 518 3073 τὴν
551 3001 713 3071 φύσιν
737 3001 941 3072 ἔχουσα
969 3001 1068 3071 τὴν
1102 3000 1260 3067 ίδίαν,
1317 3000 1566 3065 ἀξιοῦται
1617 2999 1715 3054 καὶ

99 3097 214 3166 τῆς
252 3095 515 3165 κλήσεως
542 3111 557 3126 ο
581 3094 677 3148 καὶ
701 3093 909 3165 ταύτης
948 3111 1013 3162 γε
1035 3092 1299 3163 τυχοῦσα,
1324 3092 1438 3165 ἔχοι
1472 3093 1564 3147 καὶ
1612 3093 1713 3164 τὴν

102 3191 455 3244 ὑπόστασιν*
507 3188 540 3260 ἢ
592 3188 668 3261 μὴ
728 3182 948 3257 ἔχουσα,
974 3190 1076 3257 τὴν
1119 3186 1416 3240 ὑπόστασιν
1470 3187 1567 3240 καὶ
1611 3186 1710 3258 τὴν

99 3282 277 3352 φύσιν
348 3280 776 3351 προσαπολέσει.
842 3280 999 3335 Οὑτω
1060 3278 1160 3350 μὲν
1222 3273 1315 3332 οῦν
1371 3280 1530 3348 ὑμεῖς
1589 3280 1712 3341 ταῖς

100 3374 348 3437 οἰκείαις
381 3373 640 3444 ἀπορίαις
668 3373 941 3444 ἐνέχεσθε,
970 3372 1064 3426 καὶ
1089 3371 1242 3425 οὐδὲν
1274 3369 1430 3441 παρὰ
1460 3370 1619 3424 τοῦτο
1651 3371 1712 3426 τὸ

100 3465 428 3535 πανοῦργον
477 3466 625 3534 ὑμᾶς
675 3465 781 3529 ἔξω
830 3464 939 3518 τῶν
984 3461 1228 3517 εὐθυνῶν
1278 3462 1600 3532 πεποίηκεν,
1635 3454 1712 3516 ὧν

102 3560 258 3630 ἡμᾶς
284 3556 628 3628 ὲγράψασθε.
656 3558 753 3611 ’Ev
790 3556 869 3611 ἐτι
910 3557 1022 3610 τῶν
1054 3556 1281 3627 ἀπόρων
1326 3553 1709 3623 ὲπιλύσαντες,

102 3648 312 3704 πολλοῦ
341 3665 486 3711 τινος
513 3647 654 3713 ἄξιοι
712 3648 969 3718 φανεῖσθε
989 3663 1003 3678 ⁸
1036 3647 1086 3700 εί
1115 3647 1217 3700 οὑκ
1253 3646 1369 3700 ἐστι
1405 3646 1570 3717 φύσις
1612 3648 1709 3701 ἀν-

102 3741 441 3806 υπόστατος,
472 3740 537 3793 ἐκ
569 3739 663 3794 δύο
692 3740 750 3794 δὲ
783 3740 999 3809 φύσεων
1027 3738 1342 3809 ὁμολογεῖτε
1366 3738 1457 3792 τὸν
1481 3738 1709 3809 Κύριον,

103 3833 171 3888 ἐκ
203 3834 303 3888 δύο
326 3833 439 3905 ἄρα
468 3833 622 3887 ἔσται
644 3834 738 3887 καὶ
767 3833 1123 3887 ὑποστάσεων
1144 3847 1161 3863 '
1191 3832 1286 3887 καὶ
1316 3831 1403 3895 τίς
1435 3830 1620 3885 λοίπδν
1643 3832 1708 3902 τῇ

104 3927 416 3999 Νεστορίου
442 3926 708 3999 διαιρέσει
739 3926 1042 3990 ὑπεύθυνος
1083 3924 1400 3996 γεγένηται,
1443 3924 1573 3995 ὑμῖν
1600 3941 1711 3977 πα-

108 4018 479 4091 ραχωροῦμεν
533 4023 779 4074 σκοπεῖν.
822 4019 979 4074 Οὕτω
1028 4023 1127 4090 μὲν
1158 4014 1253 4073 οῦν
1296 4019 1463 4089 ὑμᾶς,
1493 4018 1590 4072 καὶ
1621 4017 1710 4073 διὰ

105 4112 320 4165 τούτων
356 4111 809 4182 ἀπεπεμψάμεθα
831 4129 846 4144 ο
896 4115 1007 4177 τοῖς
1046 4114 1104 4167 δὲ
1151 4115 1216 4167 ὲκ
1252 4111 1546 4183 διαμέτρου
1577 4112 1711 4184 ὑμῖν

104 4203 483 4274 ἀποσφαλείσι
515 4206 616 4275 τῆς
642 4203 925 4275 ἀληθείας,
962 4205 1105 4260 οὑτω
1133 4206 1493 4277 διαλεξόμεθα
1513 4222 1528 4237 ·

180 4386 257 4439 Οὑ
296 4384 520 4451 ταύτὸν,
549 4378 596 4438 ὦ
638 4379 805 4451 οὗτοι,
843 4386 1146 4452 ὑπόστασις
1184 4389 1280 4442 καὶ
1323 4390 1704 4457 ὲνυπόστατον,

106 4477 305 4549 ὥσπερ
324 4478 515 4549 ἓτερον
540 4480 701 4533 οὐσία
722 4480 819 4533 καὶ
847 4479 1091 4533 ἐνούσιον
1111 4496 1124 4510 ·
1157 4481 1190 4551 ἡ
1220 4480 1317 4551 μὲν
1337 4481 1446 4552 γὰρ
1474 4482 1708 4535 ὑπόστα-
1739 4478 1781 4532 D

109 4586 195 4632 σις
224 4571 318 4623 τὸν
348 4569 473 4623 τινὰ
520 4570 693 4642 δηλοῖ,
729 4570 790 4624 τὸ
817 4569 877 4624 δὲ
904 4570 1276 4624 ὲνυπόστατον
1329 4571 1427 4641 τὴν
1477 4571 1701 4625 οὐσίαν·

107 4662 205 4714 καὶ
234 4663 269 4732 ἡ
325 4663 426 4733 μὲν
465 4644 787 4728 ὑπόστασις,
832 4662 1128 4732 πρόσωπον
1156 4660 1409 4730 ἀφορίζει
1462 4664 1573 4725 τοῖς
1604 4679 1705 4733 χα-

112 4754 567 4824 ρακτηριστικοῖς
597 4752 883 4825 ίδιὼμασιο
918 4753 980 4805 τὸ
1012 4753 1069 4807 δὲ
1106 4737 1490 4819 ὲνυπόστατον,
1537 4753 1598 4808 τὸ
1631 4756 1705 4826 μὴ

107 4839 249 4898 εἶναι
287 4847 421 4899 αὑτὸ
456 4846 803 4916 συμϐεϐηκὸς
860 4844 1034 4915 δηλοῖ,
1077 4845 1106 4898 ὃ
1149 4847 1208 4898 ὲν
1262 4846 1436 4917 ἑτέρῳ
1482 4846 1595 4917 ἔχει
1644 4847 1707 4900 τὸ

109 4933 294 5005 εἶναι,
353 4939 449 4992 καὶ
496 4939 594 4991 οὑκ
624 4940 682 4992 ὲν
738 4937 922 5009 ἑαυτῷ
974 4938 1282 5011 θεωρεῖται.
1341 4939 1602 4993 Τοιαῦται
1648 4939 1706 4993 δὲ

112 5030 284 5082 πᾶσαι
308 5032 363 5083 αί
403 5029 712 5098 ποιότητες,
735 5029 797 5082 αἴ
826 5045 887 5081 τε
914 5027 1200 5090 οὑσιώδεις
1229 5028 1322 5082 καὶ
1352 5028 1706 5091 ὲπουσιὼδεις

111 5120 490 5191 καλούμεναι,
549 5114 625 5174 ὧν
676 5120 938 5191 οὐδετέρα
1009 5121 1159 5173 ἐστὶν
1218 5120 1402 5185 οὐσία,
1457 5124 1704 5176 τουτέστι

112 5215 351 5282 πρᾶγμα
392 5210 663 5282 ὑφεστὼς,
711 5210 828 5265 ἀλλ’
857 5211 887 5264 ὃ
923 5211 1013 5264 ἀεὶ
1040 5211 1165 5282 περὶ
1208 5211 1308 5282 τὴν
1352 5212 1540 5267 οὐσίαν
1569 5213 1705 5268 θεων

116 5305 319 5371 ρεῖται,
357 5301 432 5363 ὡς
462 5300 660 5372 χρῶμα
699 5302 759 5353 ὲν
789 5298 1025 5372 σώματι,
1078 5302 1172 5355 καὶ
1203 5301 1277 5364 ὡς
1326 5304 1607 5375 ἐπιστήμη
1646 5305 1704 5356 ὲν

110 5392 283 5462 ψυχῇ.
310 5392 371 5445 '0
394 5392 574 5447 τοίνυν
592 5391 789 5462 λέγων,
817 5393 932 5447 Οὑκ
953 5392 1101 5448 ἐστιν
1124 5393 1284 5463 φύσις
1307 5395 1701 5460 ἀνυπόστατος,

115 5483 313 5553 ἀληθὲς
341 5487 439 5555 μὶν
460 5485 612 5555 λέγει
636 5501 651 5517 ο
680 5487 742 5540 οὑ
778 5486 885 5558 μὴν
910 5485 1086 5556 ὀρθῶς
1116 5488 1502 5559 συμπεραίνει,
1538 5488 1598 5542 τὸ
1626 5489 1701 5561 μὴ

114 5577 490 5635 ἀνυπόστατον
512 5581 761 5649 συνάγων
794 5584 875 5645 είς
898 5582 960 5635 τὸ
984 5582 1282 5636 ὑπόστασιν
1310 5578 1450 5637 εῖναι
1475 5600 1486 5613 ο
1512 5583 1703 5656 ῶσπερ

117 5670 183 5720 ἂν
210 5670 364 5734 εῐτις
398 5672 475 5745 μὴ
508 5668 654 5726 εἶναι
677 5673 826 5742 λέγοι
860 5674 1019 5745 σῶμα
1044 5676 1473 5745 ἀσχημάτιστον,
1502 5677 1703 5746 ἀληθὲς

119 5754 291 5830 λέγων
315 5780 326 5794 ο
361 5764 549 5820 ἔπειτα
604 5767 828 5836 συνάγοι
863 5768 961 5822 οὑκ
1001 5768 1176 5839 ὀρθῶς
1214 5768 1273 5822 τδ
1329 5770 1512 5839 σχῆμα
1550 5769 1702 5840 σῶμα

1826 1912 2154 1967 monstrate,
2182 1920 2304 1974 quae
2337 1912 2442 1967 est,
2475 1909 2533 1957 et
2560 1898 2838 1971 quomodo
2875 1898 2993 1952 haec
3015 1895 3200 1956 habet,
3234 1902 3289 1947 et
3311 1906 3415 1947 nos

1824 1995 2264 2064 acquiescemus.
2287 1993 2383 2050 Sin
2415 2003 2600 2048 autem
2624 1988 3133 2047 exlremaeinscitia:
3161 1994 3265 2048 est,
3300 2000 3412 2054 quo

1825 2087 1990 2141 modo
2040 2086 2322 2156 eﬂ‘ugietis
2348 2126 2363 2152 ,
2423 2102 2587 2157 quam
2628 2084 2731 2154 ipsi
2765 2082 2928 2137 nobis
2973 2079 3410 2152 propositionem

1823 2178 2106 2249 objicitis?
2149 2179 2206 2234 Si
2230 2180 2380 2234 enim
2415 2194 2526 2233 non
2565 2187 2649 2233 est
2678 2193 2809 2232 caro
2839 2189 3037 2245 expers
3057 2172 3405 2239 substantiae,

1823 2270 1878 2325 id
1915 2281 2019 2335 est,
2064 2288 2176 2327 non
2222 2272 2434 2327 habens
2467 2279 2721 2327 naturam
2748 2310 2763 2334 ,
2818 2286 2930 2324 non
2960 2277 3047 2323 est
3079 2278 3264 2323 autem
3310 2282 3409 2322 na-

1822 2371 1945 2417 tura
1979 2363 2101 2418 sine
2144 2364 2421 2434 hypostasi
2447 2404 2463 2429 ,
2519 2377 2629 2416 non
2663 2369 2748 2417 est
2785 2362 2954 2432 igitur
2992 2375 3123 2415 caro
3153 2360 3272 2414 sine
3306 2359 3407 2429 hy-

1820 2455 2048 2524 postasi.
2075 2454 2307 2524 Oportet
2338 2470 2469 2524 ergo
2516 2470 2652 2516 vos,
2706 2462 2801 2507 aut
2851 2463 3106 2507 naturam
3155 2468 3186 2507 ε
3237 2466 3408 2506 carne

1820 2544 2041 2613 penitus
2071 2560 2380 2609 removere,
2409 2554 2505 2599 aut
2530 2544 2668 2599 duas
2694 2544 3018 2615 hypostases
3039 2541 3276 2597 Domino
3309 2540 3409 2595 tri-

1819 2636 1990 2692 buere
2019 2637 2323 2692 secundum
2355 2636 2531 2707 legem
2559 2642 2820 2699 vestram,
2849 2649 2973 2704 quae
2991 2632 3125 2687 dicit
3143 2646 3253 2686 non
3283 2643 3405 2686 esse

1820 2739 2074 2784 naturam
2122 2729 2243 2784 sine
2271 2727 2575 2800 hypostasi.
2605 2725 2823 2782 Etenim
2859 2725 2905 2780 si
2943 2740 3053 2779 non
3084 2730 3171 2778 est
3204 2731 3407 2777 natura

1819 2824 1935 2878 sine
1968 2823 2271 2895 hypostasi,
2304 2830 2561 2877 naturam
2590 2830 2777 2876 autem
2803 2820 2971 2875 Verbi
3001 2818 3208 2883 dicitis,
3233 2816 3406 2888 hypo-

1819 2916 2010 2971 stasim
2060 2930 2191 2985 ergo
2218 2914 2400 2970 Verbo
2444 2912 2672 2968 dabitis.
2716 2912 2787 2966 Et
2814 2910 3149 2981 relinquitur
3171 2908 3404 2979 quaestio

1817 3009 1885 3065 de
1913 3023 2101 3064 carne.
2138 3007 2335 3063 Utrum
2382 3007 2430 3062 si
2460 3022 2574 3062 non
2605 3005 2774 3060 habet
2805 3005 3089 3075 propriam
3118 3010 3400 3064 naturam,

1818 3110 2049 3158 vocetur
2079 3115 2228 3166 caro,
2252 3107 2308 3155 et
2330 3110 2545 3164 vocata,
2577 3098 2780 3153 habeat
2802 3097 2974 3152 etiam
3020 3093 3398 3166 hypostasim;

1815 3203 1910 3249 aut
1931 3210 2041 3249 non
2062 3194 2274 3249 habens
2300 3192 2661 3265 hypostasim,
2680 3191 2846 3251 etiam
2878 3196 3129 3243 naturam
3159 3185 3397 3242 amittat.

1816 3285 1907 3341 Sic
1935 3287 2105 3357 igitur
2141 3300 2241 3339 vos
2262 3284 2466 3340 vestris
2501 3281 2945 3339 dubitationibus
2970 3279 3209 3335 convicti
3240 3277 3394 3333 estis.

1814 3382 1885 3437 Et
1912 3382 2063 3437 nulla
2086 3381 2330 3437 versutia
2358 3395 2459 3435 vos
2480 3387 2635 3435 extra
2665 3392 2860 3449 pmnas
2878 3390 3072 3431 eorum
3100 3373 3396 3430 criminum

1813 3471 1882 3527 de
1907 3472 2111 3542 quibus
2143 3487 2243 3527 nos
2293 3471 2628 3534 accusastis,
2673 3483 2796 3524 esse
2836 3467 3020 3523 faciet.
3055 3466 3123 3521 Et
3156 3464 3202 3521 si
3233 3478 3397 3520 uuam

1813 3565 2178 3636 quastionem
2207 3564 2503 3630 solveritis,
2528 3577 2730 3633 magno
2758 3562 2971 3616 honore
2993 3558 3146 3631 digni
3169 3571 3409 3628 appare-

1813 3655 1967 3711 bitis.
1999 3655 2058 3710 Si
2095 3671 2206 3710 non
2236 3663 2322 3709 est
2350 3663 2547 3709 natura
2583 3654 2703 3708 sine
2726 3651 3009 3724 hypostasi
3035 3693 3050 3715 ,
3083 3666 3153 3706 ex
3182 3650 3419 3705 duabus.

1812 3757 1996 3804 autem
2030 3747 2245 3803 naturis
2266 3761 2389 3801 esse
2419 3745 2714 3800 Dominum
2749 3742 3090 3804 conceditis,
3118 3750 3202 3796 est
3228 3740 3419 3810 igitur-

1811 3858 1881 3898 ex
1910 3841 2128 3897 duabus
2158 3839 2567 3911 hypostasibus.
2592 3837 2727 3903 Quis
2752 3836 2919 3905 igitur
2949 3840 3177 3903 propter
3198 3832 3418 3887 Nesto-.

1811 3933 1881 3988 rii
1913 3933 2242 3988 divisionem
2284 3931 2654 4002 hypostascon
2683 3942 2810 3982 rcus
2845 3925 3033 3988 fuerit,
3085 3922 3245 3978 vobis
3273 3937 3408 3992 perm

1812 4022 2399 4095 mittimusjudicium.
2428 4021 2519 4075 Sic
2545 4034 2676 4091 ergo
2700 4034 2797 4073 vos
2821 4017 2911 4071 his
2945 4014 3283 4087 argumentis
3309 4028 3399 4067 re-

1810 4121 1987 4176 victos
2027 4108 2375 4173 dimittimus.
2431 4114 2567 4171 Cum
2630 4114 2698 4168 iis
2746 4121 2929 4166 autem
2972 4110 3065 4179 qui
3117 4106 3404 4163 contrario

1811 4212 1977 4268 modo
2009 4220 2174 4282 atque
2227 4226 2327 4265 nos
2377 4224 2406 4263 a
2460 4207 2691 4262 veritate
2720 4205 3005 4267 aberrant,
3028 4200 3111 4256 sic
3141 4199 3400 4269 dispttta~

1812 4307 2015 4361 bimus.
3488 4284 3493 4288 ’

1882 4396 2004 4452 Non
2028 4403 2113 4450 est
2144 4394 2288 4449 idem
2324 4387 3159 4465 hypostasis,etenhypostaton,
3193 4385 3247 4440 id
3284 4392 3407 4451 est,

1811 4491 1959 4563 quod
1983 4499 2067 4545 est
2096 4492 2151 4545 in
2178 4489 2552 4550 subsistente;
2590 4485 2735 4539 sicut
2765 4483 2914 4537 aliud
2940 4492 3026 4536 est
3056 4480 3403 4541 substantia.

1810 4588 1865 4635 et
1902 4571 2070 4633 aliud'
2097 4592 2218 4631 esse
2264 4577 2318 4629 in
2353 4574 2691 4633 substantia,
2726 4571 2769 4624 si
2808 4570 3034 4640 quidem
3077 4567 3405 4640 hypostasis.

1810 4657 2050 4738 aliquem
2109 4681 2280 4720 unum
2325 4663 2602 4727 declarat;
2639 4676 2761 4714 esse
2791 4659 3401 4729 antemenhypostaton

1810 4758 2056 4814 declarat
2104 4756 2492 4819 substantiam,
2526 4752 2622 4808 sed
2656 4765 2762 4805 non
2803 4750 3043 4819 aliquem
3076 4765 3288 4803 unum:
3330 4757 3395 4801 et

1811 4851 2118 4923 lrypostasis
2150 4849 2372 4920 quidem
2409 4860 2698 4917 personam
2733 4841 2925 4897 deﬁnit
2955 4839 3401 4911 proprietatibus

1808 4943 2246 5015 designantihus:
2263 4943 2662 5015 cnhyposuton
2678 4950 2811 4990 vero
2832 4933 3109 5004 signiﬁcat
3130 4947 3240 4985 non
3265 4944 3386 4985 esse

1807 5038 2084 5099 accidens,
2130 5033 2275 5104 quod
2318 5012 2516 5086 inalio
2568 5012 2732 5083 habet
2779 5036 2839 5081 ut
2871 5028 2965 5093 sit,
3002 5033 3058 5079 et
3094 5040 3201 5078 non
3235 5022 3288 5075 in
3329 5037 3401 5076 se

1808 5128 2075 5183 cernitur.
2109 5123 2428 5194 Cujusmodi
2461 5130 2591 5177 sunt
2616 5136 2808 5173 omnes
2834 5117 3149 5187 qualitates,
3177 5125 3231 5168 et
3264 5130 3389 5183 qua:

1808 5220 2199 5278 substantiales
2233 5221 2400 5273 etiam
2442 5215 2728 5278 dicuntur,
2776 5230 2841 5268 ex
2885 5211 3090 5282 quibus
3123 5210 3271 5263 nulla
3303 5218 3389 5261 est

1806 5312 2136 5376 substantia,
2173 5310 2225 5364 id
2268 5318 2375 5376 cst,
2420 5323 2507 5363 res
2551 5322 2649 5377 per
2694 5321 2751 5358 se
2798 5304 3089 5367 exsistens,
3126 5302 3221 5356 sed
3265 5314 3388 5369 quae

1805 5419 2024 5474 semper
2072 5404 2220 5459 circa
2275 5400 2640 5457 substantiam
2672 5384 2968 5459 cernitur,
3023 5405 3083 5449 ut
3126 5393 3279 5447 color
3331 5391 3385 5445 in

1806 5511 2057 5566 corpore,
2102 5502 2159 5549 et
2204 5493 2435 5549 scientia
2489 5491 2543 5545 in
2594 5490 2795 5545 anima.
2846 5487 2949 5552 Qui
3005 5486 3170 5554 igitur
3209 5483 3381 5537 dicit:

1805 5590 1923 5644 Non
1963 5596 2046 5643 est
2084 5598 2281 5642 natura
2316 5587 2434 5641 sine
2482 5582 2793 5656 hypostasi,
2832 5596 3025 5634 verum
3072 5578 3237 5643 dicit;
3276 5593 3384 5633 non

1808 5692 1991 5737 tamen
2029 5689 2176 5735 recte
2220 5678 2522 5741 concludit,
2568 5693 2692 5732 cum
2738 5673 3023 5731 concludit
3089 5671 3233 5732 quod
3276 5688 3381 5725 non

1805 5781 1889 5829 est
1921 5773 2037 5829 sine
2071 5771 2346 5843 hypostasi
2381 5769 2701 5841 hypostasi"
2740 5784 2891 5823 esse:
2925 5775 2983 5820 ut
3014 5767 3056 5820 si
3094 5782 3217 5834 qun;
3239 5763 3384 5817 dicat
