3912 6298
175 246 303 314 1281

1239 251 1534 313 CONTRA
1577 254 1898 319 NES’I‘OR.
1938 258 2033 318 ET
2074 260 2398 320 EUTI’CH.

3294 253 3430 321 1282

168 363 541 434 παράδειγμα,
575 359 669 413 τοῦ
719 360 855 430 αὐτῇ
888 361 953 430 τῇ
982 360 1143 433 οὐσίᾳ
1184 361 1275 415 τὸν
1300 363 1474 429 Λόγον
1505 362 1723 434 ἡνῶσθαι

1850 366 1970 422 istis
2018 367 2161 423 male
2211 366 2456 433 feriatis,
2511 379 2572 424 ut
2615 367 2966 438 imperfectas
3014 378 3248 434 vocent,
3301 387 3431 429 cum

166 454 244 526 τῷ
292 454 352 520 ἐξ
383 452 542 523 ἡμῶν
582 450 796 522 σώματι
827 450 921 504 καὶ
964 451 1088 521 μηδ’
1116 452 1181 506 ἄν
1218 469 1355 506 ποτε
1383 455 1552 525 χωρὶς
1582 454 1749 507 αὑτοῦ

166 545 560 615 τεθεωρήσθαι,
601 546 649 596 εἰ
679 546 772 597 καὶ
804 543 968 606 σώζοι
1011 545 1114 598 κάν
1140 547 1205 616 τῇ
1235 543 1427 598 ὲνώσει
1461 546 1523 598 τὸ
1564 547 1751 615 διάφο-

168 655 281 710 ρον,
306 637 495 706 ὥσπερ
529 637 722 708 ἀμέλει
756 638 850 689 καὶ
878 638 906 688 6
936 636 1115 700 κοινὸς
1143 637 1451 708 ἅνθρωπος.
1489 637 1579 690 Ἐν
1608 639 1750 692 οὐδε-

169 738 386 802 ποτέρῳ
416 732 525 803 γὰρ
558 731 898 802 συγχυθέντα
922 732 1171 799 φαίνεται
1198 729 1269 783 τὰ
1300 730 1583 801 ἰδιώματα.
1611 731 1749 786 Οὔτε

167 825 272 894 γὰρ
303 821 363 887 ἐξ
408 823 638 892 ἀοράτου
691 822 724 893 ἢ
775 820 1069 885 ἀθανάτου,
1111 822 1285 892 ὁρατὴ
1316 822 1409 874 καὶ⁸
1455 821 1624 892 θνητὴ
1656 822 1750 891 γέ-

167 927 321 980 γονεν
352 913 384 979 ἡ
431 912 674 980 ἡμετέρα
713 911 882 980 ψυχὴ,
913 909 1035 963 οὔτε
1075 912 1182 982 μὴν
1210 915 1238 964 6
1264 913 1440 979 Λόγος
1486 913 1679 983 ὁρατὸς
1710 912 1743 983 ἢ

164 1001 379 1074 θνητὸς,
414 1002 614 1071 καίπερ
647 1004 704 1055 ὲν
729 1002 912 1072 ὁρατῷ
957 1005 1050 1055 καὶ
1097 1000 1277 1073 θνητῷ
1309 1002 1520 1073 σώματι
1553 1005 1651 1073 τῆς
1685 1021 1746 1056 τε

165 1097 435 1163 ἡμετέρας
467 1094 646 1163 ψυχῆς
681 1097 772 1146 καὶ
803 1093 894 1146 τοῦ
925 1094 1098 1161 Λόγου
1137 1094 1542 1165 γεγενημένων.
1574 1096 1745 1159 Σώζει

162 1188 268 1255 7&9
293 1185 628 1249 ἁνελλειπῶς
650 1187 758 1238 τῶν
781 1185 1087 1256 εἰρημένων
1120 1188 1399 1258 ἑκάτερον,
1435 1187 1464 1239 ὅ
1489 1204 1544 1238 τε
1566 1186 1744 1251 κοινὸς

161 1279 448 1350 ἄνθρωπος
470 1282 498 1331 6
545 1282 609 1331 ἐκ
647 1281 826 1348 ψυχῆς
857 1281 951 1331 καὶ
994 1279 1267 1349 σώματος,
1303 1281 1331 1331 ὅ
1364 1297 1421 1331 τε
1457 1279 1649 1349 Σωτὴρ
1681 1280 1745 1333 ἐκ

162 1372 415 1442 θεότητος
438 1373 532 1425 καὶ
556 1373 975 1442 ἀνθρωπότητος
1010 1373 1269 1434 ὑποστάς.
1300 1374 1363 1425 Ol
1390 1373 1445 1425 δὲ
1477 1374 1536 1425 οὐ
1573 1372 1693 1425 καθ’
1714 1371 1744 1424 ὃ

160 1463 359 1529 ἔοικεν,
400 1462 535 1516 ἀλλά
581 1463 703 1516 καθ’
732 1462 760 1514 ὃ
809 1463 1035 1517 ἀπέοικε
1072 1463 1413 1532 λαμϐάνουσι
1456 1463 1518 1516 τὸ
1557 1462 1741 1532 παρά·

160 1554 379 1624 δειγμα,
411 1556 506 1607 καὶ
535 1555 924 1626 κακοσχολοῦσι
962 1557 1091 1626 περὶ
1127 1557 1226 1621 τάς
1264 1556 1525 1620 πεύσεις’
1553 1555 1741 1626 ὥσπερ

158 1644 223 1697 ἂν
244 1646 295 1697 ει
328 1647 420 1698 καὶ⁵
449 1646 507 1697 τὸ
530 1647 754 1713 ἡλιακὸν
787 1649 1134 1716 ἀπαύγασμα
1177 1647 1336 1716 ἡμῶν
1364 1646 1747 1718 παραλαμϐα-.

1851 455 2058 527 alioqui
2092 472 2203 511 non
2238 457 2370 519 sint,
2401 457 2706 512 secundum
2755 458 3025 513 rationem
3062 460 3337 523 essentiae‘.
3372 470 3433 516 ut

1850 558 2039 619 postea
2061 548 2603 614 demonstrabimus;
2635 548 2730 602 sed
2759 546 3094 619 sumpsimus
3119 558 3431 621 exemplum

1849 640 1917 694 ad
1963 640 2357 695 declarandum
2388 656 2512 695 esse
2542 641 2782 696 Verbum
2825 641 2926 711 ipsi
2961 642 3284 697 substantias
3311 641 3433 697 uni-

1851 739 1968 786 tum
1996 772 2011 793 ,
2057 732 2273 802 corpori
2325 732 2538 787 scilicet
2575 747 2643 788 ex
2690 732 2850 786 nobis
2881 743 3137 800 sumpto,
3184 740 3241 787 et
3283 749 3429 788 nun-

1847 838 2010 894 quam
2077 824 2198 879 sine
2262 840 2330 880 eo
2383 825 2574 889 cerni,
2624 828 2880 894 quamvis
2929 835 3115 880 servet
3156 825 3321 881 etiam
3371 826 3426 880 in

1848 919 2055 969 unione
2116 914 2529 981 differentiam;
2584 917 2730 970 sicut
2793 916 2962 969 etiam
3029 925 3216 970 servat
3275 931 3429 970 com-

1847 1007 2032 1060 munis
2065 1005 2249 1059 homo.
2299 1006 2358 1060 ln
2404 1015 2602 1060 neutro
2646 1006 2795 1060 enim
2845 1014 3153 1059 cernuntur
3200 1004 3429 1060 confuse

1846 1097 2234 1166 proprietates.
2271 1097 2384 1151 Nec
2421 1098 2570 1151 enim
2618 1113 2688 1151 ex
2731 1097 2997 1151 invisibili
3041 1095 3428 1171 et‘imntortali

1845 1187 1987 1241 facta
2031 1196 2118 1241 est
2169 1187 2352 1241 anima
2428 1200 2617 1241 nostra
2670 1187 2972 1241 invisibilis
3032 1196 3089 1241 et
3151 1186 3423 1240 mortalis.

1842 1278 2032 1348 Neque
2084 1277 2325 1332 Verbum
2373 1277 2578 1332 factum
2622 1288 2709 1333 est
2755 1278 2974 1333 visibile
3032 1287 3090 1332 et
3165 1278 3420 1340 mortale,

1840 1371 2095 1442 quamvis
2126 1370 2181 1423 in
2223 1385 2457 1440 corpore
2490 1371 2694 1425 visibili
2741 1380 2799 1425 et
2842 1371 3079 1424 mortali.
3120 1369 3427 1440 Utrumque

1842 1463 1990 1517 enim
2023 1462 2296 1515 dictorum
2339 1472 2518 1516 servat
2559 1462 2771 1531 integre
2812 1476 2967 1515 suam
3008 1461 3424 1529 preprietatem,

1841 1552 1990 1607 sicut
2045 1550 2335 1620 utriusque
2382 1560 2608 1617 ,natura
2664 1552 2930 1621 postulat;
2996 1550 3164 1604 hoino
3212 1550 3427 1603 scilicet

1841 1643 2263 1698 communis-ex
2300 1642 2483 1696 anima
2524 1650 2581 1696 et
2617 1657 2850 1711 corpore
2897 1651 3179 1702 constans,
3213 1648 3270 1694 et
3313 1638 3427 1695 Sal.

156 1737 355 1789 νόντων
396 1737 488 1788 ἐπὶ
531 1738 624 1791 τοῦ
658 1739 832 1804 Λόγου
865 1740 956 1791 καὶ
1001 1738 1097 1791 τοῦ
1146 1739 1385 1808 Πατρὶς,
1417 1738 1505 1791 διὰ
1529 1742 1590 1790 τὸ
1625 1754 1723 1789 συν

1844 1742 2003 1788 vator
2043 1734 2100 1786 in
2145 1732 2434 1787 divinitate
2467 1744 2521 1786 et
2569 1732 2912 1786 humanitate
2960 1730 3289 1785 subsistens.
3329 1728 3422 1784 Isti

157 1832 292 1896 αφές
348 1846 407 1883 τε
463 1831 554 1883 καὶ
594 1832 882 1894 συνατδιον,
932 1832 1332 1902 ἐπηρεάζουσιν
1376 1833 1507 1902 ἡμῖν
1538 1830 1615 1893 ὡς
1670 1829 1733 1882 τὸ

154 1921 530 1974 ἀνυπόστατον
568 1922 741 1992 ταύτῃ
770 1924 1307 2010 κατασκευςῑιιζουσιν⁸

1840 1839 1972 1879 vero
2021 1825 2335 1892 exemplum
2381 1823 2703 1891 accipiunt,
2755 1839 2868 1877 non
2917 1830 3194 1892 quatenus
3241 1821 3422 1876 simile

1841 1924 1948 1978 est,
1988 1914 2085 1969 sed
2125 1925 2401 1984 quatenus
2438 1913 2726 1969 dissimile.
2772 1914 2839 1968 Et
2876 1915 3020 1967 male
3058 1913 3326 1967 feriantur
3364 1913 3421 1967 in

153 2014 271 2067 suis
321 2013 870 2083 percontationibus,
913 2021 974 2067 ut
1017 2028 1145 2068 cum
1194 2004 1307 2068 nos'
1345 2012 1700 2083 splendorem
1759 2007 1893 2064 solis
1942 2006 2180 2074 exempli
2226 2019 2391 2060 causa
2438 2004 2494 2059 in
2559 2004 2741 2060 Verbo
2776 2015 2834 2060 et
2875 2005 3034 2059 Patre
3090 2006 3423 2059 assumimus

151 2115 383 2176 propter
419 2107 868 2176 conjunctionem
916 2116 1072 2161 ortus
1109 2104 1422 2176 splendoris
1469 2119 1599 2159 cum
1670 2102 1807 2167 sole,
1847 2114 1952 2154 nos
1989 2106 2212 2164 vexant,
2258 2096 2417 2167 quasi
2470 2097 2575 2154 hac
2618 2099 2833 2154 ratione
2864 2098 3131 2154 faciamus
3175 2097 3420 2154 Verbum

149 2212 260 2252 non
292 2197 595 2253 subsistere
629 2212 730 2268 per
762 2213 843 2252 se.

221 2290 347 2343 "Ott.
377 2290 435 2343 δὲ
482 2290 589 2343 οὐδ’
625 2292 653 2343 6
697 2290 985 2361 ἄνθρωπος
1021 2289 1083 2356 ἐξ
1116 2288 1323 2344 ἀτελῶν
1362 2291 1477 2343 ἐστι
1525 2288 1727 2360 μερῶν,

147 2383 292 2437 κατά
315 2398 378 2448 γε
409 2383 503 2434 τὸν
533 2380 624 2434 τοῦ
654 2381 771 2446 πῶς
808 2376 949 2435 εἶναι
986 2381 1217 2453 θατέρου
1244 2381 1421 2449 λόγον,
1453 2383 1502 2433 εἰ
1532 2383 1626 2435 καὶ
1654 2380 1731 2443 ὡς

146 2474 284 2544 πρὸς
318 2474 444 2542 ὅρον
479 2472 571 2526 τοῦ
594 2473 715 2526 ὅλου
750 2473 1063 2543 ἀνθρώπου,
1096 2473 1188 2527 τὸν
1207 2473 1302 2526 τοῦ
1330 2471 1452 2526 ὅλου
1487 2471 1556 2525 τὰ
1586 2473 1728 2542 μέρη

143 2564 323 2634 λόγον,
351 2564 428 2628 ὡς
456 2566 580 2618 ὅλου
623 2566 723 2617 οὐκ
754 2565 1084 2635 ἐπιδέχεται,
1133 2550 1257 2618 ὧδε
1290 2564 1356 2618 ἂν
1407 2564 1624 2633 μάθοις.
1662 2562 1729 2616 Τί

140 2656 251 2728 γὰρ
275 2656 449 2710 λείποι
472 2659 536 2727 τῇ
559 2657 725 2727 ψυχῇ,
750 2656 1024 2727 χωριστὴν
1049 2655 1249 2728 ἐχούσῃ
1277 2657 1370 2710 καὶ
1396 2655 1532 2710 ἰδίαν
1559 2654 1728 2726 ζωὴν,

142 2749 280 2819 πρὸς
309 2748 373 2801 τὸ
406 2745 544 2801 εἶναι
575 2749 765 2801 οὐσίαν
806 2747 1098 2818 ἀσώματον
1139 2748 1525 2818 αὐτοκίνητονς
1569 2746 1730 2800 τοῦτο

139 2842 248 2910 γὰρ
271 2839 446 2908 αὐτῆς
476 2838 627 2909 δη).οῖ
653 2842 744 2891 καὶ
770 2839 833 2891 τὸ
863 2838 1131 2891 ἀθάνατον
1172 2839 1266 2890 καὶ
1304 2837 1366 2891 τὸ
1399 2836 1725 2908 ἀνώλεθρον.

138 2932 205 2984 Τί
242 2932 299 2984 δὲ
346 2931 427 3000 τῷ
479 2929 693 3000 σώματι
733 2930 872 3001 πρὸς
909 2930 969 2982 τὸ
992 2927 1132 2982 εἶναι
1181 2929 1378 2999 σῶμα;
1433 2923 1494 2982 οὗ
1527 2929 1591 2998 δὴ
1632 2928 1728 2981 καὶ

1907 2279 2065 2348 Quod
2108 2287 2293 2334 autem
2340 2295 2522 2351 neque
2580 2280 2746 2336 homo
2793 2297 2861 2337 ex
2908 2264 3250 2353 imperfectis
3295 2299 3424 2355 par-

1840 2372 1987 2427 tibus
2013 2372 2354 2441 compositus
2374 2382 2459 2428 est
2487 2374 2790 2429 secundum
2825 2375 3095 2429 rationem
3131 2377 3419 2447 cujusdam

1836 2462 2089 2519 essentia:
2122 2463 2446 2518 alterutrius
2490 2465 2687 2534 partis,
2737 2468 2991 2536 quamvis
3047 2470 3226 2537 quoad
3284 2469 3421 2523 defi-

1838 2557 2103 2612 nitionem
2147 2557 2316 2613 totius
2365 2556 2607 2612 hominis
2638 2574 2748 2612 non
2793 2559 3070 2628 recipiunt
3120 2570 3305 2630 partes
3335 2576 3421 2615 ra-

1839 2647 2046 2703 tionem
2083 2649 2250 2705 totius
2280 2658 2539 2719 tanquam
2578 2650 2768 2714 totius,
2819 2651 2899 2705 sic
2943 2651 3240 2723 intelliges.
3273 2651 3418 2720 Quid

1830 2741 1977 2795 enim
2010 2742 2167 2797 deest
2195 2743 2394 2797 anima:
2424 2742 2651 2797 habenti
2698 2754 3006 2813 separatam
3050 2753 3106 2799 et
3133 2746 3416 2817 propriam

1829 2831 2023 2897 vitam,
2055 2833 2124 2887 ad
2160 2833 2284 2898 hoc,
2317 2842 2375 2888 ut
2397 2835 2467 2890 sit
2496 2836 2803 2890 substantia
2824 2837 3170 2907 incorporea.
3197 2855 3417 2911 semper

1828 2924 2095 2979 mobilis?
2128 2923 2245 2981 Hoc
2272 2927 2422 2980 enim
2452 2926 2699 2981 declarat
2722 2927 3090 2984 immortalem
3123 2947 3245 2987 esse
3267 2948 3411 2999 eam,

137 3025 488 3086 ἁποδιδτέντες
537 3024 629 3076 τὸν
673 3023 797 3094 ὅρον
854 3024 1007 3090 φασὶ,
1059 3021 1220 3090 σῶμα
1257 3017 1398 3075 εἶναι
1444 3022 1506 3075 τὸ
1559 3023 1722 3093 τριχῇ

1831 3023 1885 3072 et
1923 3015 2155 3072 interire
2186 3032 2295 3072 non
2340 3032 2522 3088 posse.
2562 3017 2703 3085 Quid
2737 3034 2931 3076 rursus
2974 3021 3127 3077 deest
3169 3027 3412 3094 corpori,

136 3115 446 3179 διαστατὺν,
487 3115 519 3187 ἢ
549 3114 708 3186 σῶμα
734 3115 963 3184 φυσικὸν
986 3113 1279 3184 ὀργανικὸν
1308 3112 1538 3184 δυνάμει
1575 3113 1723 3186 ζωὴν

1831 3114 1889 3161 ut
1926 3106 2001 3162 sit
2051 3106 2288 3177 corpus?
2337 3107 2486 3178 quod
2539 3106 2765 3178 quidem
2813 3110 2909 3179 qui
2938 3110 3229 3176 definiunt.
3256 3115 3413 3172 aiunt

136 3204 297 3277 ἕχον·
345 3204 597 3275 ἑκάτεροι
647 3202 757 3275 7&9
802 3202 911 3257 τῶν
955 3204 1099 3273 ὅρων
1148 3204 1243 3257 ἐπὶ
1299 3201 1393 3256 τοῦ
1448 3205 1720 3274 ἡμετέρου

1831 3214 1949 3255 esse
2010 3215 2214 3270 corpus
2264 3199 2466 3270 triplici
2505 3201 2893 3267 dimensione;
2939 3213 3036 3259 aut
3076 3220 3280 3277 corpus
3310 3223 3410 3264 na-

137 3297 393 3367 σώματος
447 3296 666 3357 οἰκείως
725 3294 1063 3363 ἁρμόσουσιν
1099 3311 1113 3326 ο
1171 3296 1273 3348 οὐκ
1327 3294 1492 3365 ἀτελῆ
1543 3295 1723 3349 τοίνυν

1831 3294 2003 3349 turale
2056 3294 2375 3365 organicum
2422 3303 2694 3365 potestate
2732 3295 2902 3352 vitam
2954 3297 3198 3367 habens;
3253 3310 3411 3358 utra-

131 3387 309 3442 ταῦτα
340 3387 464 3442 καθ’
494 3388 664 3441 ἑαυτὰ
697 3387 1110 3458 λαμϐανόμενα,
1143 3389 1193 3441 εί
1227 3387 1320 3441 καὶ
1351 3385 1518 3457 ἀτελῆ
1562 3386 1724 3443 πάλιν

129 3482 422 3551 λέγονται,
467 3481 545 3544 ὡς
596 3480 736 3551 πρὸς
778 3479 878 3552 τὴν
929 3477 1025 3533 τοῦ
1079 3480 1203 3534 ὅλου
1263 3481 1322 3534 ἑν
1359 3473 1404 3549 ᾧ
1454 3480 1526 3534 τά
1578 3480 1719 3551 μέρη

135 3577 464 3636 ὑπόστασιν·
498 3573 672 3644 τούτῳ
708 3574 819 3644 γὰρ
843 3575 922 3646 τῷ
951 3575 1115 3645 λόγῳ,
1141 3577 1241 3628 οὐκ
1264 3574 1329 3629 ἂν
1350 3574 1587 3645 ἁμάρτοι
1612 3592 1719 3638 τις,

131 3669 225 3719 καὶ
257 3666 315 3719 t6
347 3663 490 3718 κατά
515 3663 749 3734 Χριστὸν
779 3665 1125 3735 ἑρμηνεύσας
1157 3666 1478 3736 μυστήριον.
1505 3664 1720 3730 Ἀτελὲς

130 3759 264 3831 γὰρ,
295 3758 403 3811 κᾶν
433 3758 509 3820 ὡς
538 3756 672 3820 Θεὸς
729 3756 962 3826 γυμνὸς,
991 3757 1025 3830 ἢ
1073 3757 1362 3828 ἄνθρωπος
1390 3758 1548 3827 ψιλὸς
1578 3758 1720 3829 λαμ-

131 3850 369 3919 ϐάνηται
391 3864 406 3878 ’
430 3847 504 3911 ὼς
538 3847 787 3901 ἐντεῦθεν
809 3848 987 3902 διττὸν
1020 3844 1163 3902 εἶναι
1192 3848 1282 3902 τὸν
1314 3849 1415 3919 τῆς
1442 3849 1717 3921 τελειότη-

133 3955 222 4001 τος
251 3939 401 4009 ὅρον,
446 3936 542 3990 καὶ
591 3939 683 3992 τὸν
734 3938 833 4009 μὲν
882 3938 1073 4002 ἁπλῶς
1111 3937 1392 4007 λέγεσθαι,
1428 3939 1523 3994 τὸν
1553 3939 1610 3992 δὲ
1660 3940 1718 3993 ιν

130 4030 317 4102 σχέσει
347 4029 695 4101 θεωρεῖσθαι,
733 4031 874 4084 κατὰ
913 4031 1005 4084 τὸν
1037 4031 1212 4102 μέγαν
1251 4014 1574 4105 Γρηγόριον.
1616 4033 1719 4087 Τέ-

127 4122 269 4187 λειος
317 4123 418 4191 μὲν
446 4123 555 4192 γάρ
588 4124 734 4177 ἐστιν
765 4124 794 4176 6
818 4122 996 4193 λόγος,
1034 4125 1129 4178 καὶ
1170 4124 1414 4197 πλήρης,
1445 4126 1539 4180 καὶ
1573 4143 1716 4199 παρ-

127 4214 353 4277 εκτικὸς
389 4213 731 4285 τελειότητος
755 4231 771 4246 ο
812 4216 996 4269 τελεία
1020 4215 1076 4269 δὲ
1101 4216 1196 4270 καλ⁸
1232 4218 1265 4285 ὴ
1292 4217 1387 4270 τοῦ
1425 4217 1715 4290 ἀνθρώπου

124 4305 296 4377 ψυχὴ,
329 4305 406 4369 ὡς
439 4305 577 4375 πρὸς
604 4306 698 4359 τὸν
731 4307 857 4378 ὅρον
887 4307 986 4377 τῆς
1014 4307 1321 4379 ὑπάρξεως.
1356 4309 1497 4363 Ἀλλ’
1541 4310 1662 4365 οὐδὲ
1687 4313 1716 4366 6

131 4400 299 4467 Λόγος
354 4397 563 4460 τέλειος
602 4398 859 4469 Χριστὸς,
910 4399 1016 4454 κᾶν
1064 4400 1266 4465 τέλειος
1312 4400 1400 4472 εἴη
1430 4401 1583 4467 Θεὸς,
1636 4402 1714 4473 μὴ

96 4490 226 4561 -ςῆς
276 4488 701 4561 ἀνθρωπότητος
766 4489 917 4562 αὐτῷ
970 4492 1445 4562 συντεταγμένης·
1497 4492 1630 4561 οὔτε
1679 4497 1713 4565 ἡ

134 4580 271 4653 ψυχὴ
300 4581 508 4646 τέλειος
534 4580 841 4654 ἄνθρωπος,
874 4581 976 4637 κᾶν
1007 4583 1221 4638 τελείαν
1253 4584 1368 4657 ἔχει
1395 4586 1606 4654 οὐσίαν,
1637 4588 1713 4659 μὴ

132 4673 216 4726 τοῦ
250 4673 506 4747 σώματος
548 4675 686 4746 αὐτῇ
735 4677 1248 4748 συνεπινοουμένου.
1307 4678 1420 4734 Καὶ
1468 4680 1626 4733 τοῦτο
1653 4680 1712 4734 δὲ

124 4767 629 4838 παρασημήνασθαι
654 4768 783 4840 χρὴ,
812 4770 896 4825 ὅτι
922 4772 1036 4834 τοῖς
1055 4771 1168 4825 τῶν
1198 4773 1538 4844 πραγμάτων
1563 4773 1711 4844 ὅροις

121 4860 171 4912 οἱ
200 4863 385 4932 χρόνοι
435 4860 500 4913 οὐ
540 4863 1211 4935 συμπαραλαμϐάνονται,
1247 4862 1439 4936 ὥσπερ
1483 4864 1607 4919 οὐδὲ
1657 4865 1710 4918 οι

122 4956 298 5010 τόποι.
333 4953 459 5008 Τῶν
488 4954 599 5026 γὰρ
624 4947 699 5008 ὧν
722 4955 822 5009 οὐκ
869 4955 999 5010 ἄνευ
1042 4956 1139 5009 καὶ
1182 4955 1344 5027 μόνον
1390 4955 1553 5025 λόγον
1611 4954 1711 5007 ὲπ-

122 5051 364 5118 έχουσιν.
403 5044 527 5101 Ἐτι
578 5050 684 5115 πᾶς
733 5050 857 5121 ὅρος
908 5048 1004 5102 τοῦ
1053 5048 1151 5103 νῦν
1194 5049 1519 5123 πράγματός
1563 5047 1712 5099 ἐστιν

192 5210 306 5281 (l2)
338 5206 618 5281 Dupliciem
638 5222 767 5281 esse.
791 5206 1285 5281 Dupiesdeflnitio
1343 5205 1701 5281 perfectionis

124 5280 179 5334 in
217 5276 463 5336 Christo.
492 5280 667 5334 altera
700 5276 933 5347 simplex
967 5278 1151 5335 dicta:
1189 5279 1362 5333 altera
1398 5277 1453 5331 in
1481 5276 1704 5332 habitu-

121 5350 253 5404 dine
282 5348 517 5418 simplex
553 5349 621 5404 ad
685 5348 1033 5405 divinitatem
1089 5347 1254 5404 Verbi
1305 5357 1554 5418 spectat:
1612 5347 1704 5400 illa

121 5435 245 5490 quae
272 5419 335 5490 in_
364 5416 687 5490 habitudine
739 5417 1016 5490 consistit,
1048 5419 1294 5489 pertinet
1329 5416 1396 5472 ad
1442 5416 1707 5471 unionem

123 5488 287 5544 \‘erbi
313 5488 441 5543 cum
464 5488 827 5544 humanitate.
861 5489 998 5543 Tun.

195 5560 308 5619 HS)
338 5557 447 5612 Hoc
480 5567 654 5611 mitem
712 5560 1076 5613 adnotandum
1132 5567 1227 5613 est.
1270 5559 1508 5612 Advorte
1560 5556 1709 5627 quod

122 5629 473 5683 deﬁnitiones
511 5644 619 5682 non
643 5628 888 5682 inferunt
931 5631 1095 5683 simul
1132 5645 1257 5683 Ctltll
1314 5629 1559 5682 definitis
1585 5631 1703 5681 loca

126 5709 175 5755 et
211 5711 495 5769 tempora;
529 5713 632 5753 nec
685 5699 832 5753 enim
865 5715 986 5768 qua:
1033 5698 1395 5765 definiuntur,
1445 5707 1701 5753 constant

1822 3401 1932 3457 que
1983 3386 2131 3442 enim
2191 3386 2445 3444 definitio
2504 3398 2631 3458 apte
2692 3390 2987 3447 conveniet
3033 3394 3254 3463 corpori
3316 3410 3412 3451 no-

1824 3486 1965 3544 stro;
2011 3490 2124 3534 non
2169 3490 2302 3535 sunt
2340 3480 2511 3551 igitur
2551 3481 2874 3552 imperfecta
2906 3493 3126 3554 sumpta
3176 3501 3277 3556 per
3324 3502 3407 3551 se,

1825 3571 2044 3626 tametsi
2102 3571 2429 3642 imperfecta
2484 3574 2786 3643 dicuntur,
2837 3578 3018 3647 quoad
3072 3578 3408 3649 hypostasim

1823 3662 2016 3727 totius,
2072 3661 2127 3717 in
2185 3678 2297 3733 quo
2343 3672 2475 3718 sunt
2505 3674 2738 3734 partes;
2798 3666 2904 3721 hac
2960 3668 3111 3722 enim
3171 3671 3406 3735 ratione,

1821 3768 1932 3808 non
1963 3754 2263 3829 aberrabit,
2294 3755 2389 3826 qui
2425 3756 2591 3812 etiam
2632 3759 2957 3829 mysterium
2989 3758 3199 3816 Christi
3234 3760 3410 3817 inter-

1822 3842 2163 3913 pretabitur.
2214 3844 2609 3915 Imperfectum
2645 3847 2794 3902 enim
2842 3856 2963 3912 est,
3020 3849 3066 3904 si
3115 3850 3202 3904 vel
3263 3850 3410 3906 Deus

1819 3933 2009 3990 nudus
2061 3935 2185 3992 sine
2234 3936 2614 4004 humanitate,
2678 3939 2764 3994 vel
2816 3939 2985 3995 homo
3043 3940 3175 3996 item
3222 3943 3409 4000 nudus

1819 4027 1941 4084 sine
1968 4028 2258 4086 divinitate
2282 4039 2557 4095 sumatur,
2592 4041 2655 4087 ut
2682 4031 2815 4088 hinc
2842 4041 3109 4102 appareat
3129 4033 3407 4104 duplicem

1819 4135 1944 4176 esse
1998 4119 2110 4192 (12)
2162 4120 2525 4192 perfectionis
2582 4121 2965 4179 definitionem
3020 4124 3076 4180 in
3138 4124 3403 4193 Christo;

1819 4226 2013 4277 unam,
2051 4227 2175 4282 qua:
2205 4212 2533 4282 simpliciter
2571 4213 2820 4282 dicitur;
2872 4216 3125 4280 alteram,
3167 4232 3292 4287 quas
3345 4215 3405 4272 in

1819 4303 2149 4363 habitudine
2169 4307 2440 4370 cernitur,
2454 4306 2757 4361 secundum
2781 4322 3034 4379 magnum
3057 4306 3402 4379 Gregorium.

1821 4396 2136 4453 Perfectum
2176 4412 2417 4468 namque
2461 4407 2545 4454 est
2590 4398 2871 4467 Verbum,
2916 4409 2974 4454 et
3033 4401 3296 4471 plenum,
3348 4410 3408 4458 et

1821 4490 2076 4561 praebens
2105 4491 2536 4561 perfectionem:
2589 4492 2834 4563 perfecta
2879 4501 3066 4547 autem
3100 4503 3187 4549 est
3215 4494 3403 4550 anima

1821 4584 2086 4651 hominis,
2124 4595 2390 4656 quantum
2423 4585 2491 4641 ad
2539 4585 2919 4641 definitionem
2963 4586 3223 4644 essentiae
3266 4603 3399 4647 suae.

1820 4677 1928 4733 Sed
1969 4687 2153 4734 tamen
2181 4692 2363 4749 neque
2391 4678 2635 4735 Verbum
2672 4686 2760 4735 est
2796 4678 3079 4750 perfectus
3122 4679 3400 4747 Christus,

1816 4785 1929 4825 non
1982 4771 2136 4825 unita
2184 4766 2557 4838 humanitate,
2618 4771 2874 4841 quamvis
2919 4771 3202 4842 perfectus
3255 4773 3404 4829 Deus
3468 4776 3479 4787 '

1816 4861 1916 4925 sit;
1949 4877 2053 4918 nec
2080 4862 2263 4917 anima
2294 4863 2573 4932 perfectus
2598 4863 2766 4919 homo
2794 4871 2900 4927 est,
2925 4863 3058 4919 licet
3094 4863 3399 4933 perfectam

1817 4955 2188 5010 substantiam
2240 4953 2462 5020 habeat,
2505 4968 2736 5025 corpore
2787 4971 2898 5010 non
2943 4954 3110 5009 simul
3164 4970 3290 5011 cum
3335 4969 3401 5010 ea

1818 5046 2078 5119 cogitato.
2126 5043 2244 5101 Hoc
2290 5055 2475 5101 autem
2527 5045 2901 5102 adnotandum
2935 5054 3023 5102 est
3068 5043 3202 5119 M5),
3251 5045 3399 5115 quod

1806 5220 1874 5261 ex
1911 5206 2022 5271 his,
2051 5203 2305 5275 quamvis
2341 5204 2395 5259 in
2421 5204 2509 5260 his
2528 5224 2541 5259 :
2563 5202 2842 5275 hominem
2869 5203 3015 5258 enim
3040 5201 3392 5275 definientes.

1810 5275 2016 5331 animal
2049 5273 2319 5329 rationale
2373 5275 2606 5330 mortale
2634 5274 2905 5339 dicimus;
2942 5273 3167 5344 quando
3207 5280 3397 5327 autem

1812 5354 2003 5422 natum
2055 5344 2166 5422 sit,_
2186 5353 2283 5399 aut
2312 5346 2406 5422 ubi
2446 5347 2705 5422 exsistat,
2754 5343 3287 5422 non__siibjicinitts_;
3308 5357 3401 5422 es-

1815 5417 2050 5486 sentiam
2079 5416 2225 5469 enim
2257 5417 2513 5472 animalis
2538 5417 2717 5472 solum
2768 5414 3164 5486 significamus,
3189 5412 3413 5468 relictis‘

1819 5485 1932 5540 illis
1953 5501 2075 5557 quae
2100 5486 2153 5539 in
2184 5486 2332 5539 omni
2358 5503 2416 5543 re
2451 5498 2640 5542 creata
2670 5483 2964 5552 coniuncte
2988 5483 3395 5557 intelliguntur;

1818 5552 2090 5633 quassum
2120 5563 2336 5625 tempus
2360 5566 2416 5611 et
2466 5558 2660 5633 locus:
2700 5557 2820 5612 sine
2863 5566 3123 5633 tempore
3173 5562 3229 5607 et
3275 5552 3397 5607 loco

1813 5627 1953 5681 nihil
1981 5642 2164 5751 nierum
2184 5639 2493 5683 creatarum
2517 5629 2704 5683 dicere
2732 5636 2827 5683 aut
2863 5625 3169 5694 intetiigerc
3203 5636 3397 5690 possu-

1813 5712 1951 5751 mus.
2005 5715 2054 5751 υ.

1809 5712 1951 5753 mus.
1982 5712 2054 5752 ID.
