3912 6298
162 258 300 324 1:285

1224 260 1519 322 CONTRA
1560 261 1879 325 NESTOR.
1918 265 2014 327 ET
2053 265 2375 327 EUTYCH.

3276 270 3413 336 1286

158 382 408 456 σώματος
459 379 659 450 κρᾶσιν
709 368 754 442 ᾧ
794 372 1124 437 συνδέδεται,
1169 373 1265 425 καὶ
1303 372 1412 427 τῶν
1446 371 1627 424 τόπων
1649 369 1726 432 οἷς

1840 386 1964 427 cum
1988 388 2221 443 corpore
2254 372 2365 442 (15)
2398 388 2524 427 cum
2548 387 2658 443 quo
2690 375 2943 446 colligata
2970 388 3077 445 est,
3107 390 3164 437 et
3187 397 3411 457 propter

158 474 221 530 ἂν
280 473 593 542 ενδιαιτῷτο
639 468 738 538 τὴν
804 467 1073 538 ἰδιότητα·
1125 465 1355 535 πάσχειν
1406 465 1516 536 γὰρ
1550 464 1737 528 ἁπλῶς

157 568 454 636 πεφυκυῖα,
488 564 582 617 καὶ
615 563 708 614 τοῦ
734 560 939 613 τοιοῦδε
964 558 1173 621 πάθους
1204 558 1322 610 ἐστὶ
1345 556 1592 627 δεκτική.
1627 556 1738 610 Καὶ

156 657 604 727 περιγέγραπται
664 652 763 722 μὲν
802 649 882 721 τῷ
912 649 1057 720 λόγῳ
1099 650 1201 718 τῆς
1229 647 1735 720 ὑπάρξεως-Περι-

153 748 461 819 γράφεσθαι
493 744 549 797 δὲ
580 743 804 812 λέγεται
834 741 1126 811 δευτέρως,
1150 741 1253 809 τὴν
1281 741 1340 792 ὲν
1373 738 1736 810 περιγραπτῷ

163 840 376 909 σώματι
425 836 625 907 ἔχουσα
665 835 967 904 διαγωγήν.
1006 834 1216 903 Πάσχει
1259 832 1305 885 δ’
1347 831 1414 885 ἂν
1461 833 1555 884 καὶ
1595 829 1737 891 κατὰ

148 930 282 983 Θεὸν
323 928 393 981 τὰ
427 929 570 992 θεῖα,
618 926 820 996 ἥκιστα
868 925 966 995 μὲν
997 924 1083 977 διὰ
1115 923 1177 976 τὸ
1211 922 1389 993 σῶμα.
1426 923 1552 986 Πῶς
1590 923 1733 992 γάρ;

148 1022 175 1075 ὃ
206 1037 270 1090 γε
317 1020 413 1073 καὶ
462 1015 759 1091 ἀντιτείνει
820 1014 1103 1077 πολλάκις
1143 1014 1283 1066 ἀλλὰ
1335 1013 1402 1066 δι’
1434 1013 1603 1083 αὐτὴν
1640 1013 1736 1065 καὶ

143 1114 245 1184 τὴν
278 1110 451 1181 αὐτῆς
498 1108 683 1180 φύσιν,
716 1105 813 1160 τοῦ
864 1107 965 1176 μὲν
1006 1104 1405 1176 ἐπιθυμητικοῦ
1454 1106 1736 1176 ἐρωτικῶς

146 1204 285 1276 πρὸς
337 1203 432 1255 τὸν
470 1201 603 1254 Θεὸν
651 1198 1095 1268 ἁνατεταμένουο
1154 1196 1249 1250 τοῦ
1300 1197 1357 1250 δὲ
1413 1196 1734 1266 θυμοειδοῦς

138 1294 487 1370 ἁρῤενωπῶς
526 1291 924 1361 τετονωμένου,
953 1291 1051 1342 καὶ
1087 1286 1329 1352 ἀκλινῶς
1353 1287 1430 1360 τῷ
1460 1289 1735 1361 ἐπιθυμη-

140 1387 283 1458 τικῷ
318 1386 749 1455 συντεταμένουο
782 1384 875 1437 τοῦ
934 1383 992 1435 δὲ
1034 1378 1348 1449 λογιστικοῦ
1384 1377 1483 1441 τὰς
1532 1379 1732 1443 αὑλους

141 1481 415 1551 ἐμφάσεις
448 1476 661 1539 ἀσκεως
699 1474 1019 1546 δεχομένου,
1056 1472 1152 1524 καὶ
1182 1468 1429 1532 ένοειδῶς
1456 1469 1731 1541 ὲλλαμπο-

143 1574 334 1643 μένου.
370 1572 481 1625 Καὶ
515 1570 699 1633 καλῶς
735 1566 956 1639 εἴρηταί
980 1582 1091 1619 τινι
1117 1564 1228 1619 τῶν
1255 1563 1363 1635 πρὸ
1388 1563 1547 1635 ήμῶν
1574 1563 1733 1636 ἀνδρὶ

137 1664 392 1735 θεοσόφῳ
426 1663 525 1730 μὴ·
569 1656 663 1725 Εἷς
716 1658 881 1720 πόθος
918 1656 1126 1723 ἀγαθὸς
1179 1655 1274 1710 καὶ
1307 1655 1526 1720 αἰώνιος
1565 1658 1593 1710 ὁ
1629 1657 1732 1727 τῆς

137 1756 378 1826 ἀληθοῦς
407 1754 665 1824 γνώσεως
702 1751 1013 1821 ἐφιέμενος.
1058 1749 1286 1813 Ταύτας
1335 1749 1446 1820 γὰρ
1488 1750 1585 1803 καὶ
1631 1751 1727 1820 ρυ-

135 1848 304 1900 πῶσα
327 1846 427 1909 τὰς
455 1844 739 1915 δυνάμεις,
769 1843 829 1894 ὲν
852 1840 1024 1913 κακία
1066 1842 1163 1893 καὶ
1202 1840 1259 1891 ὲν
1295 1838 1545 1909 ἀγνωσία
1584 1839 1732 1907 γίνο-

131 1956 250 2004 ται,
283 1943 378 1994 καὶ
399 1940 501 1993 οὑκ
541 1940 605 1991 ὲκ
633 1934 735 1989 τοῦ
783 1933 1038 2004 σώματος
1077 1931 1178 1996 τὰς
1228 1930 1428 1994 κακίας
1463 1930 1592 2001 ἔχει,
1627 1932 1729 1984 κᾶν

131 2049 287 2094 τινες
325 2029 508 2084 αὐτῶν
544 2028 635 2082 διὰ
660 2027 757 2080 τοῦ
790 2024 1046 2095 σώματος
1074 2022 1441 2076 ὲκτελοῦνται·
1473 2016 1544 2075 ὧν
1577 2022 1730 2077 οὐδὲν

128 2127 158 2178 ὁ
191 2122 292 2176 τοῦ
325 2120 462 2174 Θεοῦ
515 2119 690 2186 Λόγος
731 2115 935 2183 δέξαιτ’
965 2114 1031 2169 ἄν
1064 2131 1221 2175 ποτε,
1260 2113 1532 2184 ἄτρεπτος
1558 2112 1635 2166 ὢν
1660 2117 1728 2186 τῇ

131 2215 304 2286 φύσει
340 2214 434 2266 καὶ
464 2209 847 2272 ἀναλλοίωτος.
886 2208 959 2260 Οὐ
995 2207 1096 2277 μὲν
1139 2205 1228 2259 διὰ
1269 2204 1332 2258 τὸ
1377 2203 1589 2267 ἀπαθὲς
1629 2204 1729 2273 τῆς

129 2305 397 2375 φύσεως,
453 2299 749 2371 ἀνθρώπου
804 2297 964 2368 φύσει
1027 2292 1397 2349 συνάπτεσθαι
1451 2292 1730 2356 οὑσιωδῶς

128 2396 569 2468 παραιτήσεται·
612 2392 701 2445 ἵνα
740 2391 816 2462 μὴ
854 2387 1041 2461 μέλλοι
1075 2386 1248 2451 πάθος
1291 2384 1492 2457 ἀληθὲς
1531 2381 1726 2456 εἶναιῆ

124 2488 515 2559 παραίτησις,
556 2484 652 2538 καὶ
700 2481 779 2553 τῷ
834 2479 1137 2534 δεδοικέναι
1177 2480 1235 2532 ὲν
1283 2477 1519 2539 ἐκείνοις
1569 2476 1727 2545 γενέ-

126 2582 287 2645 σθαι,
324 2582 384 2633 ὲν
414 2573 496 2641 οἷς
524 2578 582 2631 al
617 2575 726 2629 τῶν
754 2572 1062 2626 σπουδαίων
1093 2570 1265 2640 ψυχαὶ
1310 2569 1477 2623 αὑτὸν
1504 2569 1728 2639 ἔχουσαι

124 2672 335 2745 βοηθὸν
363 2671 459 2724 καὶ
495 2667 867 2736 συλλήπτορα,
887 2663 1043 2716 οὐδὲν
1074 2662 1140 2714 ἐκ
1168 2660 1262 2714 τοῦ
1287 2659 1540 2730 σώματος
1575 2659 1727 2732 εξλή·

123 2781 263 2833 φασι
295 2759 521 2834 βλάϐος,
565 2757 705 2813 ἀλλὰ
744 2756 839 2809 καὶ
877 2753 1080 2825 μᾶλλον
1122 2751 1244 2823 Θεῷ
1288 2752 1726 2822 πεπλουτήκασι,

118 2853 204 2924 τῷ
234 2853 457 2922 σώματι
489 2852 738 2919 συνεργῷ
764 2844 903 2916 πρὸς
936 2841 1134 2914 ἀρετὴν
1161 2842 1263 2894 οὐκ
1290 2840 1573 2908 ἀντιπάλῳ
1594 2857 1729 2912 χρη-

122 2946 396 3017 σάμεναι.

201 3140 223 3174 ι
262 3119 329 3173 Εἰ
365 3115 570 3181 τελεία,
602 3113 837 3185 φασὶν,ή
858 3109 953 3165 τοῦ
984 3109 1162 3178 Λόγου
1193 3108 1517 3176 ὑπόστασις,
1542 3109 1725 3163 τελεία

114 3215 178 3268 δὲ
208 3213 316 3267 καί
350 3212 385 3281 ἡ
430 3208 528 3262 τοῦ
583 3203 878 3278 ἀνθρώπου
928 3203 988 3259 ὃν
1032 3203 1315 3265 ἀνέλαϐεν,
1347 3203 1616 3273 ἄτρεπτος
1668 3201 1726 3255 δὲ

116 3316 219 3365 καὶ
248 3311 280 3363 ὀ
307 3307 486 3375 Λόγος
522 3303 836 3374 μεμένηκεν
860 3338 876 3365 ,
901 3296 1279 3359 ἀναλλοιώτως
1309 3295 1366 3349 δὲ
1401 3296 1497 3349 καὶ
1524 3297 1555 3365 ἡ
1589 3294 1727 3366 σὰρξ

114 3398 521 3460 διασέσωσται,
548 3393 665 3456 πῶς
698 3393 762 3444 οὑ
787 3390 880 3444 δύο
903 3390 1084 3458 λέγειν
1116 3388 1450 3448 ὑποστάσεις
1477 3386 1724 3451 εὐσεϐὲς,

118 3491 255 3561 μηδ’
331 3486 604 3553 ὁποτέρας
634 3481 1102 3552 συγκεχυμένης;
1139 3498 1157 3531 ι
1205 3478 1448 3531 Ἐοίκασι
1502 3477 1561 3531 δέ
1633 3494 1725 3546 μοι

115 3573 617 3647 κακουργόταταῆ
669 3570 1027 3640 ἀμαθέστατα
1062 3567 1397 3640 προσφέρειν
1451 3568 1548 3631 τὰς
1588 3568 1725 3621 πεύ-

116 3689 266 3733 σεις.
297 3670 416 3723 Καὶ
437 3666 546 3736 γὰρ
570 3664 646 3727 ὡς
676 3663 743 3717 ἂν
777 3665 826 3716 εί
859 3662 935 3734 μὴ
963 3661 1537 3733 προδιαστειλαμένων
1566 3660 1724 3729 ἡμῶν

113 3765 189 3819 τὰ
225 3780 299 3817 πε
313 3763 371 3832 pl.
400 3759 495 3811 τοῦ
517 3756 752 3819 τελείου,
776 3755 895 3818 πῶς
917 3755 984 3807 ἂν
1005 3753 1219 3821 λέγοιτο
1247 3754 1341 3806 καὶ
1364 3753 1393 3805 ὅ
1415 3769 1467 3805 τι
1495 3750 1686 3814 διττῶς
1702 3766 1720 3784 ο

112 3857 367 3930 προσέτι
399 3854 453 3908 δὲ
488 3853 580 3906 καὶ
614 3849 745 3921 περὶ
774 3847 870 3901 τοῦ
914 3847 1126 3918 κυρίως
1176 3845 1585 3915 σημαινομένου
1624 3844 1724 3915 τῆς

109 3948 531 4009 ὑποστάσεως,
606 3941 1031 4014 μεταϐαίνουσιν
1081 3937 1190 3993 ἀπὸ
1243 3936 1347 4006 τῆς
1403 3935 1496 3988 τοῦ
1546 3936 1721 4002 Λόγου

111 4043 379 4115 φύσεως,
409 4038 508 4108 τῆς
541 4036 637 4089 καὶ
665 4034 729 4088 τὸ
748 4032 930 4088 κοινὸν
961 4028 1340 4102 σημαινούσης
1362 4030 1462 4097 τῆς
1486 4026 1718 4096 φύσεως,

110 4134 275 4211 μετὰ
297 4129 402 4185 τοῦ
437 4130 569 4183 ἰδίου
600 4128 701 4199 τῆς
733 4116 1089 4187 ὑποστάσεως
1109 4140 1124 4153 ·
1166 4123 1342 4190 Λόγου
1369 4124 1479 4192 γὰρ
1512 4122 1722 4192 ἔφαμεν

106 4227 291 4298 φύσιν
314 4261 331 4286 ,
358 4219 460 4289 οὐχ
507 4218 692 4279 ἁπλῶς
724 4215 907 4283 φύσιν,
939 4214 1035 4268 ἐπὶ
1067 4215 1128 4267 τὸ
1164 4214 1299 4266 ἴδιον
1322 4213 1488 4266 αὑτοῦ
1525 4230 1723 4283 σημαι-

103 4319 362 4389 νόμενον
395 4312 492 4380 τῆς
520 4311 890 4372 ὑποστάσεως.
919 4307 1029 4361 Καί
1056 4316 1188 4375 φασι
1218 4305 1435 4359 τελείαν
1462 4302 1601 4358 εἶναι
1625 4304 1718 4357 τοῦ

1840 464 2236 534 pmprietatem
2269 465 2518 519 locorum
2548 465 2604 520 in
2633 467 2836 537 quibus
2864 469 3015 541 degit
3037 481 3093 528 et
3123 488 3371 533 versatur
3398 500 3413 548 ;

1839 555 1967 624 quia
2008 556 2159 610 enim
2203 556 2531 626 simpliciter
2565 557 2815 614 innatum
2855 572 2935 617 est
2976 564 3028 617 ei
3068 567 3211 633 pati,
3252 569 3417 640 hujus

1836 648 2110 716 passionis
2133 663 2303 718 capax
2322 656 2426 703 est.
2452 648 2887 722 Circumscripta
2911 655 3077 709 etiam
3094 667 3178 712 est
3203 661 3416 717 ratione

1837 738 2172 793 exsistentiaa
2201 739 2341 809 (16).
2369 738 2584 793 Dicitur
2607 739 2809 796 deinde
2844 744 3090 799 secundo
3126 748 3289 802 modo
3312 751 3418 804 cir-

1820 828 2174 898 cumscripta
2209 845 2354 894 esse,
2386 840 2660 899 quatenus
2689 830 2828 885 vivit
2852 833 2907 886 in
2928 848 3160 904 corpore
3181 839 3420 903 circum-

1837 920 2064 989 scripto.
2111 921 2363 976 Atlicitur
2414 923 2581 977 etiam
2633 924 2938 978 secundum
2992 927 3166 981 Deum
3212 930 3417 986 divinis

1837 1008 2026 1073 rebus,
2047 1026 2396 1080 nequaquam
2459 1029 2590 1068 vero
2619 1024 2849 1085 propter
2882 1032 3105 1086 corpus.
3130 1020 3423 1086 Quomodo

1834 1101 1981 1154 enim
2024 1111 2252 1171 propter
2279 1120 2501 1174 corpus,
2543 1107 2690 1176 quod
2727 1123 3112 1177 schenumero
3165 1115 3416 1170 resistit?

1834 1193 1967 1262 quin
2000 1195 2183 1262 potius
2218 1205 2445 1265 propter
2475 1213 2532 1252 se
2562 1207 2617 1252 et
2646 1208 2906 1254 naturam
2944 1218 3119 1267 suam,
3149 1207 3272 1259 cu‘m
3315 1224 3414 1263 cu-
3441 1270 3453 1275 η

1836 1283 2040 1353 piditas
2100 1286 2326 1356 quidem
2380 1303 2568 1344 amore
2618 1306 2747 1360 erga
2796 1292 2969 1345 Deum
3021 1297 3410 1367 protenditur;

1835 1375 1909 1429 ita
1959 1392 2092 1431 vero
2135 1377 2374 1433 viriliter
2413 1381 2694 1447 roborata,
2740 1391 2798 1436 et
2843 1399 2953 1437 non
3000 1385 3234 1453 inﬂexa,
3285 1405 3413 1444 cum

1833 1468 2137 1538 cupiditate
2168 1472 2470 1541 conspirat.
2504 1472 2664 1527 Ratio
2694 1484 2877 1529 autem
2910 1492 3104 1531 eorum
3144 1495 3265 1549 quae
3302 1498 3412 1537 nou

1835 1560 2113 1625 videntur,
2144 1565 2643 1634 contemplationes
2684 1568 2797 1638 (l7)
2844 1567 2962 1623 sine
3000 1569 3411 1631 inumbratione

1833 1660 1889 1706 ct
1909 1652 2249 1709 obscuritate
2275 1657 2493 1725 recipit,
2516 1666 2572 1712 et
2601 1658 2761 1712 unice
2785 1659 3151 1717 illuminatur.
3179 1666 3413 1723 Pulchre

1832 1752 1960 1798 ante
2008 1760 2110 1799 nos
2156 1763 2186 1800 a
2234 1748 2473 1817 quodam
2513 1750 2760 1819 sapiente
2815 1753 3022 1808 dictum
3073 1767 3197 1812 est:
3233 1761 3415 1817 Unum

1832 1834 2166 1891 desiderium
2200 1839 2426 1901 bonum,
2453 1847 2508 1893 et
2546 1850 2813 1896 aeternum
2843 1860 2954 1913 quo
2998 1863 3127 1901 vera
3171 1852 3413 1919 cognitio

1833 1924 2264 1993 concupiscitur.
2295 1926 2404 1981 llas
2439 1929 2714 1996 potentias
2749 1932 2965 1986 animus
3006 1935 3100 2003 qui
3139 1937 3410 2002 sordidat,

1832 2015 1888 2069 in
1919 2016 2061 2069 vitio
2099 2026 2154 2070 et
2204 2017 2513 2088 ignorantia
2565 2030 2859 2088 versatur,
2910 2031 2966 2078 et
3008 2040 3118 2079 non
3168 2042 3237 2081 ex
3285 2043 3413 2083 cor-

1832 2122 1964 2175 pore
2001 2107 2133 2162 vitia
2179 2108 2351 2173 ducit,
2408 2112 2663 2180 quamvis
2692 2113 2943 2182 quaedam
2990 2133 3058 2171 ex
3123 2117 3257 2188 ipsis
3314 2136 3413 2190 per

1832 2210 2036 2266 corpus
2081 2207 2413 2267 patrantur;
2463 2215 2531 2254 ex
2576 2203 2781 2271 quibus
2820 2204 2959 2259 nihil
2993 2222 3235 2277 unquam
3277 2208 3414 2265 Ver-

1831 2285 1961 2341 bum
2011 2287 2107 2342 Dei
2162 2289 2409 2360 recipere
2463 2300 2667 2362 potest,
2727 2310 2854 2350 cum
2909 2296 2983 2351 sit
3047 2307 3246 2354 natura
3305 2300 3412 2355 im-

1831 2379 2116 2443 mutabile,
2186 2389 2243 2435 et
2314 2382 2666 2440 invariabile.
2731 2387 2855 2442 Non
2936 2396 3117 2445 tamen
3185 2406 3413 2464 propter

1830 2468 2330 2539 impassibilitatem
2381 2482 2596 2530 naturae
2636 2478 2920 2533 recusabit
2966 2480 3230 2536 unionem
3274 2486 3411 2538 sub-

1828 2561 2139 2617 stantialem
2162 2578 2287 2617 cum
2320 2573 2517 2620 natura
2542 2565 2805 2633 humana,
2828 2583 2897 2624 ne
2922 2573 3198 2626 recusatio
3228 2575 3412 2644 passio

1826 2667 1957 2707 vera
1983 2653 2103 2708 fore
2133 2654 2409 2722 videatur,
2436 2665 2493 2711 et
2522 2658 2703 2712 vereri
2735 2659 2791 2714 in
2817 2660 2926 2715 illis
2958 2677 3080 2717 esse
3128 2664 3183 2717 in
3209 2666 3414 2734 quibus

1828 2745 2026 2801 animae
2058 2746 2435 2802 studiosorum
2466 2749 2586 2819 ipso
2619 2750 2871 2820 adiutore
2901 2753 3036 2807 nihil
3075 2753 3410 2812 incommodi

1827 2853 1895 2895 ex
1967 2855 2200 2911 corpore
2261 2850 2572 2911 ceperunt,
2640 2844 2752 2898 imo
2835 2844 3010 2916 magis
3085 2848 3198 2903 Deo
3261 2849 3411 2921 pleni

1827 2931 2054 2987 fuerunt
2101 2940 2323 2988 utentes
2351 2948 2584 3002 corpore
2639 2951 2750 2989 non
2802 2936 3142 3006 adversario,
3180 2940 3277 2996 sed
3311 2941 3411 2997 ad-

1749 3056 1792 3112 ο
1819 3024 2028 3095 jutore.

1904 3134 1924 3167 ι
1957 3115 2014 3170 Si
2067 3114 2344 3185 perfecta,
2385 3116 2663 3188 inquiunt,
2711 3128 2796 3174 est
2852 3120 3163 3191 hypostasis
3207 3123 3409 3189 Verbi,

1826 3214 1882 3260 et
1925 3208 2169 3276 perfecta
2218 3209 2349 3262 item
2395 3208 2639 3265 hominis
2664 3226 2828 3280 quem
2868 3213 3151 3282 suscepit,
3208 3216 3413 3273 mansit

1826 3307 2008 3354 autem
2062 3300 2306 3355 Verbum
2361 3301 2741 3370 immutabile,
2796 3319 2927 3359 caro
2967 3305 3133 3360 etiam
3188 3318 3410 3365 servata

1824 3399 1909 3445 est
1974 3390 2351 3459 invariabilis;
2407 3393 2686 3463 quomodo
2738 3410 2850 3449 non
2893 3406 2978 3452 est
3026 3398 3178 3467 pium
3222 3397 3409 3453 dicere

1825 3480 1964 3536 duas
2000 3483 2345 3555 hypostases,
2379 3492 2582 3540 neutra
2619 3485 3210 3544 confusahVidentur
3269 3488 3407 3545 mihi

1826 3571 1983 3626 valde
2030 3574 2305 3627 malitiose
2355 3582 2411 3628 et
2466 3574 2689 3629 indocte
2740 3580 3077 3646 percontari.
3121 3580 3407 3649 Siquidem

1824 3662 1981 3732 quasi
2034 3679 2138 3718 nos
2185 3680 2297 3718 non
2361 3665 2517 3734 prius
2577 3667 2995 3723 distinxerimus
3056 3672 3405 3741 perfectum,

1824 3755 2104 3826 quomodo
2153 3755 2372 3811 dicatur
2432 3767 2489 3814 ct
2531 3759 2678 3828 quod
2728 3757 3071 3829 dupliciter;
3139 3771 3406 3830 praeterea

1823 3847 2014 3911 etiam,
2054 3848 2188 3918 quid
2229 3850 2452 3919 proprie
2483 3848 2756 3921 significet
2786 3850 3116 3921 hypostasis,
3167 3854 3406 3909 transfe-

1824 3946 1957 3992 runt
2009 3955 2066 3994 se
2106 3954 2137 3993 a
2186 3950 2383 3996 natura
2438 3942 2645 4007 Verbi,-
2696 3958 2818 4012 quaa
2888 3958 3183 4000 commune
3234 3946 3403 4000 etiam

1821 4040 2035 4086 natura
2097 4048 2221 4087 cum
2304 4032 2643 4102 proprietate
2700 4034 3015 4105 hypostasis
3083 4033 3401 4104 signiﬁcat:

1821 4120 1989 4176 Verbi
2035 4121 2186 4175 enim
2236 4130 2497 4176 naturam
2537 4122 2779 4177 diximus
2810 4138 2922 4177 non
2948 4122 3276 4192 simpliciter
3306 4140 3406 4180 na-

1823 4221 2035 4279 turam;
2066 4213 2426 4280 transferunt,
2453 4214 2697 4284 inquam,
2729 4229 2788 4269 se
2820 4215 2887 4269 ad
2922 4216 3207 4285 proprium
3234 4215 3407 4288 signi-

1822 4304 2043 4359 ﬁcatum
2089 4305 2501 4377 hypostasis,et
2544 4305 2699 4359 aiunt
2742 4305 3042 4376 perfectam
3078 4322 3200 4362 esse
3231 4306 3406 4379 hypo—

102 4412 302 4479 Λόγου
387 4404 488 4473 τὴν
544 4402 880 4464 ὑπόστασιν,
910 4400 1056 4453 οὕτω
1118 4397 1411 4461 καλοῦντες
1469 4397 1568 4470 τὴν
1622 4398 1716 4451 τοῦ

1830 4396 2009 4452 stasim
2055 4396 2254 4452 Verbi:
2292 4397 2372 4451 sic
2391 4405 2654 4453 vocantes
2675 4406 2930 4452 naturam
2962 4398 3083 4452 Filii
3115 4398 3401 4468 αὐτοτελῆ,

102 4502 339 4574 Κυρίου
366 4490 671 4560 αὐτοτελῆ
701 4492 885 4561 φύσιν,
918 4492 1017 4561 τὴν
1050 4491 1149 4543 οὐκ
1172 4489 1340 4559 ἄλλην
1367 4489 1535 4543 οὖσαν
1564 4491 1715 4559 παρὰ

98 4595 211 4666 τὴν
243 4591 350 4645 τοῦ
384 4587 606 4658 Πατρός
629 4602 642 4616 °
674 4587 753 4659 τῷ
775 4581 1270 4654 χαρακτηριστικῷ
1297 4580 1354 4633 δὲ
1388 4581 1485 4651 τῆς
1516 4581 1716 4652 ἰδιότη-

99 4703 200 4749 τος
248 4684 359 4753 τῆς
414 4676 555 4733 κατὰ
598 4679 701 4748 τὴν
734 4676 991 4745 γέννησιν
1043 4673 1204 4743 μόνον
1239 4672 1626 4741 διαςέρουσαν,
1655 4673 1714 4726 τὸ

102 4781 319 4848 ἰδίωμα
348 4770 796 4842 κατηγοροῦντες
822 4768 945 4820 ἀντὶ
975 4765 1070 4819 τοῦ
1094 4768 1153 4818 ὲν
1180 4758 1225 4832 ᾧ
1248 4764 1317 4817 τὸ
1348 4763 1550 4833 ἰδίωμα
1573 4779 1588 4794 ’
1620 4766 1716 4818 καὶ

100 4872 212 4936 τὴν
245 4867 450 4936 σχέσιν
475 4863 574 4929 τὴν
603 4860 740 4928 πρὸς
762 4854 991 4926 ἄλληλα,
1033 4855 1155 4907 ἀντὶ
1194 4852 1304 4906 τῶν
1355 4854 1417 4920 ὲν
1453 4848 1533 4916 οἷς
1577 4854 1715 4925 αὑτὴ

101 4957 542 5031 κατηγορεῖται.
581 4950 702 5003 Τῶν
736 4951 848 5016 γὰρ
876 4948 1162 5017 ὀνομάτων
1183 4986 1197 5011 ,
1231 4947 1300 4999 τὰ
1337 4947 1434 5017 μὲν
1469 4945 1571 5013 τῆς
1612 4946 1715 5015 φύ-

100 5069 258 5116 σεως
312 5048 433 5101 τῶν
473 5044 858 5110 ὑποκειμένων
912 5042 1030 5092 ἐστὶ
1082 5038 1381 5107 δηλωτικὰ,
1414 5038 1485 5090 τὰ
1516 5038 1576 5091 δὲ
1610 5039 1713 5108 τῆς

100 5146 372 5218 σχέσεως
413 5138 521 5189 τῶν
563 5138 908 5205 πραγμάτων
960 5136 1074 5185 ἐστι
1114 5128 1473 5198 γνωριστικά.
1499 5129 1622 5183 Τῶν
1660 5132 1717 5185 δὲ

103 5230 458 5311 Ωιτεροειδῶν
497 5231 633 5300 πρὸς
684 5228 754 5295 τὰ
810 5224 1031 5294 ὁμοειδῆ
1076 5220 1515 5274 ὲπαλλάττουσαν
1566 5222 1715 5275 ἔστιν

176 5382 257 5456 (ε)
286 5373 490 5434 Schol.
526 5372 661 5442 Περὶ
692 5369 988 5440 Εὑαγρίου.

178 5496 308 5567 (15)
339 5488 575 5556 Propter
592 5487 842 5567 unionem
871 5501 989 5567 cum
1017 5499 1253 5567 corpore.
1290 5483 1388 5536 Διὰ
1412 5481 1510 5553 τὴν
1526 5485 1724 5553 κρᾶσιν

697 5556 753 5611 d.
787 5565 1013 5625 propter
1056 5556 1375 5609 mistionem
1428 5568 1554 5607 cum
1594 5569 1719 5609 cor-

98 5564 209 5626 τοῦ
243 5564 539 5627 σώματος.
575 5574 631 5627 q-

102 5652 298 5715 part}:
321 5630 485 5715 11m},
572 5714 579 5715 ί
626 5699 719 5715 ν,
987 5694 1123 5715 ,νς-ι

187 5706 307 5778 μϐ)
357 5699 584 5754 Ratione
612 5699 944 5751 exsistentiw.
987 5693 1311 5764 ’Υπάρξεως
1333 5693 1496 5763 λόγῳ·
1536 5692 1611 5748 ID-

1818 4488 1872 4542 id
1905 4498 2009 4554 est,
2048 4504 2146 4558 per
2177 4504 2234 4544 se
2268 4488 2590 4558 perfectam,
2619 4507 2741 4559 quae
2793 4506 2905 4545 non
2950 4498 3035 4545 est
3063 4491 3169 4546 alia
3204 4503 3406 4562 prwter

1817 4587 2071 4635 naturam
2093 4580 2292 4643 Patris,
2308 4580 2691 4652 designatione
2715 4583 3073 4652 proprietatis
3093 4585 3403 4639 secundum

1815 4673 2226 4742 generationem
2278 4672 2456 4727 solum
2513 4672 2797 4739 diﬁ‘erens,
2856 4675 3227 4744 praedicantes
3272 4692 3404 4746 pro-

1823 4765 2241 4836 prietatempro
2269 4781 2336 4820 eo
2390 4764 2444 4819 in
2476 4781 2585 4836 quo
2621 4775 2705 4821 est
2731 4767 3067 4837 pr0prietas;
3103 4775 3160 4822 et
3181 4766 3405 4822 habitu-

1824 4855 2010 4912 dinem
2049 4867 2372 4913 naturarum
2430 4858 2578 4913 inter
2629 4875 2688 4914 se
2732 4876 2835 4929 pro
2866 4860 2933 4915 iis
2962 4861 3017 4913 in
3055 4858 3259 4930 quibus
3289 4860 3407 4916 haec

1823 4950 2095 5005 habitudo
2148 4949 2503 5019 praedicatur.
2530 4950 2765 5005 Nomina
2806 4951 2955 5005 enim
2987 4951 3096 5006 alia
3122 4950 3407 5005 declarant

1821 5051 2073 5103 naturam
2124 5041 2539 5112 subiectorum,
2598 5042 2707 5097 alia
2777 5042 3159 5096 habitudinem
3217 5056 3403 5095 rerum

1823 5133 2145 5189 ostendunt.
2179 5133 2385 5187 Eorum
2418 5139 2599 5187 autem
2633 5148 2755 5203 quae
2796 5133 2979 5203 specie
3016 5131 3300 5196 diﬂ‘erunt,
3333 5130 3406 5187 ad

1822 5242 1887 5281 ea
1933 5240 2055 5296 qua:
2098 5224 2347 5296 ejusdem
2388 5206 2593 5295 speciei
2625 5234 2775 5292 sunt,
2801 5225 3018 5281 diversa
3046 5232 3131 5279 est
3154 5236 3399 5278 commu-

1907 5484 2016 5552 (l7l
2033 5480 2532 5551 Contemplationcs.
2575 5480 2804 5552 ’Λΰλους
2823 5477 3093 5552 ἐμφάσεις
3117 5482 3277 5552 vocat
3299 5477 3405 5543 τὰς

1823 5546 2059 5627 θεωρίας
2103 5553 2213 5627 τῷν
2255 5546 2713 5627 deputem/thro:
2738 5546 2865 5627 τῷν
2904 5550 2978 5618 μὴ
3027 5546 3400 5627 βλεπομέμων,

1823 5621 2676 5677 eonSiderutionesinvisibiliuin
2712 5621 2795 5674 vel
2837 5634 2945 5673 non
2993 5621 3400 5688 apparentium,

1826 5703 1885 5747 ut
1904 5701 2128 5749 sanctus
2155 5694 2356 5748 Paulus
2379 5693 2476 5748 ait.
2505 5693 2578 5747 lo.
