3912 6298
442 296 447 301 ’
486 293 625 357 1287

475 600 600 655 qua:
631 576 1031 649 suntejusdem
1069 572 1301 643 speciei,
1334 585 1533 640 nempe
1561 570 1798 633 naturis,
1838 568 1925 623 his
1969 584 2068 623 co-

475 773 605 819 sunt
646 762 879 815 diversm
930 755 1161 826 speciei,
1219 768 1421 823 nempe
1469 753 1707 818 naturis,
1761 753 1848 807 his
1890 768 2070 821 copu-

1707 278 2023 339 L‘EONTII
2063 278 2471 339 BYZANTINI

477 400 682 460 nicatio
713 394 1100 454 habitudinum
1134 404 1299 444 :nam
1342 404 1464 458 qua:
1502 388 1710 442 habent
1753 386 2070 442 communia

2194 386 2356 456 ςύρεῖν
2384 388 2484 457 τὴν
2517 388 2808 441 κοινωνίαν
2835 388 2947 442 τῶν
2992 390 3233 463 σχέσεων
3264 408 3276 421 ο
3310 386 3400 454 οἷς
3431 391 3566 462 γὰρ
3592 392 3661 446 ἂν
3688 412 3777 447 τοι·

477 493 703 567 speciei,
751 489 962 545 scilicet
1007 486 1363 555 hypostases,
1417 480 1506 534 his
1558 478 1947 533 communibus
2002 493 2067 533 ea

2194 477 2403 531 ιωνοῦσι
2444 480 2558 541 τοῖς
2600 479 2929 549 έτεροειδὲσι
2983 482 3050 535 τὰ
3095 482 3341 552 ὁμοειδῆ,
3374 483 3623 549 τούτοις
3663 486 3772 540 διαι-

2169 570 2389 641 ροῦνται
2439 571 2577 642 πρὸς
2625 572 2836 626 ὲαυτά’
2867 574 2963 625 καὶ
3002 571 3084 638 οἷς
3130 574 3501 646 διαιροῦνται
3549 579 3692 646 πρὸς
3725 584 3773 630 τὰ

478 673 740 743 pulantur
781 668 929 721 inter
960 680 1020 719 se
1061 672 1163 717 :et
1195 662 1402 730 quibus
1452 660 1781 714 dividuntur
1837 674 1900 714 ea
1945 675 2069 730 quae

2198 662 2465 730 τεροειδῆ,
2498 663 2713 728 τούτοις
2765 665 3099 720 συνάπτεται
3130 667 3270 736 πρὸς
3298 670 3522 721 ἑαυτά.
3560 670 3657 738 Τῷ
3698 673 3771 738 μὲν

2168 754 2282 824 γὰρ
2332 752 2551 823 ἀριθμῷ
2592 754 2730 825 πρὸς
2770 756 2943 810 ἑαυτὰ
2984 757 3415 829 διακρινόμενα.
3453 761 3545 829 τῷ
3595 761 3655 813 δὲ
3686 763 3771 831 59"!

3662 282 3777 346 ms

3832 536 3859 749 ῐ

472 856 661 911 lantur
691 854 836 907 inter
865 866 922 904 se
953 865 1076 920 quae
1099 856 1231 902 sunt
1263 845 1512 916 ejusdem
1557 844 1763 915 speciei
1791 861 1805 897 :
1832 858 2068 897 numero

2194 845 2311 915 πρὸς
2366 846 2535 899 ἑαυτὰ
2579 848 2991 920 συναπτόμενα,
3048 850 3159 903 τῶν
3205 851 3563 918 έτεροειδῶν
3617 852 3769 906 διαιέ-
3834 874 3849 899 ι

475 949 624 1001 enim
671 946 911 1001 discreta
953 947 1099 995 inter
1125 955 1203 1003 se,
1235 953 1361 991 cum
1391 938 1457 990 iis
1483 951 1606 1005 quae
1640 943 1773 990 sunt
1819 933 2067 1003 ejusdem

2172 953 2206 989 κ
2215 953 2382 1006 ριται.

477 1039 685 1111 speciei
729 1037 1083 1106 copulantur,
1122 1032 1179 1085 in
1228 1038 1428 1083 natura
1470 1028 1703 1082 scilicet.
1738 1026 2069 1080 Deﬁnitione
2102 1034 2294 1081 autern
2343 1029 2599 1099 copulata
2650 1031 2803 1086 inter
2849 1048 2930 1101 se,
2990 1033 3060 1090 ab
3086 1034 3163 1089 iis
3218 1050 3347 1105 qua
3385 1044 3538 1090 sunt
3566 1035 3768 1091 (Ιίνεηι

479 1147 692 1193 naturae
744 1135 1005 1189 distincta
1037 1139 1187 1185 sunt.

549 1257 686 1313 Cum
714 1269 844 1324 ergo
877 1251 999 1305 dum
1025 1247 1383 1304 habitudines
1409 1245 1714 1301 secundum
1759 1244 1905 1299 idem
1934 1242 2071 1297 Ver-

479 1351 610 1406 bum
653 1352 977 1407 cernantur,
1011 1358 1118 1395 una
1148 1339 1400 1409 quidem,
1442 1338 1749 1392 secundum
1785 1351 1952 1406 quam
1986 1334 2075 1389 Fi-

479 1444 589 1498 lius
636 1449 722 1495 est
768 1438 913 1492 idem
952 1450 1077 1489 cum
1115 1434 1278 1487 Patre
1307 1450 1321 1498 ;
1350 1431 1545 1494 altera,
1571 1428 1877 1483 secundum
1907 1441 2072 1497 quam

482 1715 797 1790 hypostasis
828 1732 840 1766 :
869 1718 1287 1766 .commutantes
1345 1707 1432 1761 isti
1496 1704 1883 1768 habitudines,
1912 1702 2074 1757 babi-

484 1812 735 1865 tudincm
790 1807 1223 1876 distinguentem
1271 1817 1301 1855 a
1349 1802 1511 1855 Patre
1551 1798 1705 1853 carni
1737 1796 1890 1857 dant,
1923 1795 2080 1866 igno-

484 1912 673 1957 rantes
718 1909 976 1954 naturam
1039 1894 1265 1965 quidem
1314 1900 1485 1947 totam
1537 1905 1657 1945 esse
1688 1888 1808 1950 Dei,
1846 1893 2080 1957 quaeest

482 1992 801 2050 substantia
846 1989 1037 2054 Verbi,
1072 1986 1302 2058 perfecti
1351 1984 1632 2055 perfecta;
1681 1980 2077 2051 proprietatem

481 2105 618 2144 vero
646 2082 1020 2158 generationis
1049 2080 1267 2144 fecisse,
1305 2086 1367 2131 ut
1398 2084 1697 2131 vocaretur
1744 2072 2075 2146 hypostasis,

484 2190 543 2235 et
582 2179 798 2243 Filius;
834 2173 998 2229 sicuti
1033 2186 1227 2227 rursus
1272 2169 1328 2223 in
1369 2168 1529 2223 Patre
1578 2165 1893 2237 proprietas
1921 2164 2081 2218 inna-

484 2271 823 2334 scibilitatis,
854 2279 911 2323 et
940 2283 1120 2321 causae
1175 2264 1540 2336 hypostasim,
1569 2271 1625 2317 et
1644 2262 1860 2316 Patrem
1888 2269 2080 2316 osten-

486 2368 590 2422 dit.
616 2364 767 2420 ldem
806 2359 1227 2431 intelligendum
1254 2365 1340 2412 est
1375 2357 1433 2410 in
1467 2355 1680 2425 Spiritu
1707 2362 1899 2408 sancto
1924 2371 1943 2407 ι
1967 2367 2081 2407 non

487 2458 636 2513 enim
664 2466 861 2511 natura
896 2452 1096 2511 Patris,
1120 2459 1177 2505 et
1216 2448 1365 2511 Filii,
1394 2458 1453 2501 et
1482 2445 1726 2515 Spiritus
1757 2444 1933 2500 sancti
1968 2444 2080 2498 vim

492 2548 659 2603 habet
686 2540 1025 2612 complendi,
1054 2549 1313 2609 tanquam
1358 2536 1545 2591 minus
1569 2535 1641 2590 sit
1679 2534 1735 2589 in
1766 2550 1876 2588 una
1912 2548 2082 2603 quam

492 2641 549 2694 in
572 2638 770 2693 tribus.
799 2636 867 2689 Et
894 2633 1000 2687 hoc
1019 2641 1105 2686 est
1128 2640 1328 2684 natura
1349 2628 1615 2692 Trinitas,
1638 2625 1787 2695 quod
1806 2634 1888 2682 est
1909 2641 2082 2681 unum

488 2728 628 2800 quid
661 2740 855 2781 eorum
920 2724 1015 2794 qui
1065 2730 1373 2777 cernuntur
1408 2720 1464 2773 in
1497 2718 1790 2786 Trinitate,
1820 2717 2083 2788 quoniam

494 2838 605 2876 non
636 2828 722 2875 est
748 2834 815 2874 ex
841 2817 1022 2871 tribus
1049 2813 1388 2886 imperfectis
1427 2828 1599 2867 unum
1634 2808 2082 2882 perfectum,sed

492 2930 559 2967 ex
590 2910 772 2965 tribus
802 2907 1062 2980 perfectis
1101 2920 1272 2959 unum
1304 2902 1783 2975 supraperfectum
1836 2907 1895 2957 et
1930 2907 2078 2954 ante-

2246 1246 2351 1299 Δύο
2377 1241 2471 1299 οὖν
2501 1246 2741 1317 σχέσεων
2769 1247 2909 1301 κατὰ
2938 1246 3031 1300 τὸν
3058 1247 3221 1302 αὐτὸν
3246 1248 3444 1318 Λόγον
3481 1249 3767 1320 θεωρσνρέο

2176 1353 2302 1400 νων,
2340 1338 2468 1406 μιᾶς
2527 1336 2624 1406 μὲν
2658 1336 2787 1390 καθ’
2819 1337 2888 1405 ἢν
2917 1337 3018 1408 τὴν
3068 1338 3392 1409 ταυτότητα
3451 1340 3577 1410 ἔχει
3612 1343 3641 1393 ὁ
3670 1341 3764 1403 ﬁt;
3836 1374 3845 1387 ο

2176 1427 2315 1498 πρὸς
2335 1427 2425 1480 τὸν
2446 1427 2687 1498 Πατέρα,
2707 1429 2902 1499 ἐτέρας
2921 1429 2979 1481 δὲ
3006 1428 3130 1482 καθ’
3158 1430 3227 1500 ην
3258 1432 3289 1483 ό
3320 1430 3469 1494 Υἱὸς
3498 1435 3605 1487 ἀπ’
3630 1431 3763 1485 αὑτοῦ
3834 1454 3841 1500 ε

482 1472 589 1498 ltus
636 1472 722 1495 cm.
769 1472 847 1492 ιιι(
863 1472 913 1489 ιιι
952 1472 1077 1489 nu...
1115 1472 1135 1487 ι
1158 1472 1278 1486 ιιι-ν
1307 1474 1321 1498 ,
1350 1472 1545 1494 ..ην-υ,
1571 1472 1877 1483 “Nan--.”
1910 1472 2072 1497 ,ευ-η..

482 1536 658 1590 Filius
692 1541 777 1585 est
806 1530 874 1583 ab
902 1544 968 1582 eo
1006 1525 1323 1588 distinctus,
1353 1531 1408 1577 et
1434 1538 1542 1576 una
1569 1520 1794 1590 quidem
1821 1519 2073 1574 declare—

2201 1472 2311 1498 ἰ”ν
2345 1472 2419 1480 --ν
2448 1472 2687 1498 -ον---Γ-ν
2709 1472 2900 1499 ν--εσ-ν
2922 1472 2979 1481 *ν
3009 1472 3107 1482 ----
3165 1472 3222 1500 -ιν
3259 1472 3288 1483 ν
3333 1472 3465 1494 --σν
3498 1472 3585 1487 *ιη
3630 1472 3763 1485 *νη-

2194 1520 2519 1589 ῑιακέκριται
2543 1536 2556 1551 ·
2582 1521 2679 1574 καὶ
2711 1522 2809 1593 τῆς
2844 1523 2943 1590 μὲν
2964 1525 3030 1592 τῇ
3058 1523 3419 1592 τῆςκφύσεως
3444 1526 3766 1596 προσηγορίᾳ
3834 1472 3849 1607 1

483 1636 574 1681 tur
616 1622 988 1695 appellatione
1020 1627 1268 1680 naturae;
1314 1616 1487 1669 altera
1531 1629 1668 1668 vero
1706 1611 2076 1682 appellatione

2194 1611 2541 1684 Βηλουμένης,
2575 1613 2677 1683 τῆς
2735 1612 2795 1666 δὲ
2853 1617 2923 1684 τῇ
2986 1614 3089 1685 τῆς
3149 1616 3538 1681 ὑποστάσεως
3606 1619 3765 1687 κλήσει

2180 1704 2615 1777 γνωριζομένης,
2642 1705 2744 1769 τὰς
2780 1708 2996 1777 σχέσεις
3024 1707 3259 1773 ἐναλλὰξ
3288 1712 3663 1779 ποιήσαντες,
3690 1711 3765 1780 τὴτ

2179 1798 2400 1851 ἀπὸτοῦ
2432 1799 2644 1870 Πατρὸς
2668 1798 3053 1866 διακρίνουσαν
3084 1802 3275 1868 σχέσιν
3308 1803 3464 1873 πρὸς
3484 1804 3589 1875 τὴν
3620 1805 3766 1874 σάρκα

2179 1889 2440 1955 διδόασιν,
2474 1890 2799 1959 ἀγνοοῦντες
2839 1892 2937 1964 τὴν
2962 1892 3052 1961 ,ὡς
3101 1894 3457 1961 ὑπόστασιν,
3485 1898 3572 1950 ὅτι
3632 1897 3766 1967 (piat;

2183 1982 2281 2052 μὲν
2317 1981 2411 2052 ὅλη
2446 1982 2581 2036 Θεοῦ
2609 1985 2641 2054 ἡ
2666 1984 2725 2037 οὐ
2737 1984 2829 2037 σία
2859 1984 2954 2037 τοῦ
2993 1985 3193 2053 Λόγου,
3216 1987 3441 2040 τελείου
3478 1988 3664 2041 τελεία
3683 2005 3696 2016 ·
3721 1987 3767 2038 τὸ

2179 2072 2236 2126 δὲ
2294 2074 2494 2144 ἰδίωμα
2540 2076 2639 2144 τῆς
2682 2078 3017 2148 γεννήσεως,
3066 2078 3377 2132 ὑπόστασίν
3409 2097 3478 2133 τε
3529 2083 3624 2134 καὶ
3663 2081 3765 2134 Tib:

2184 2165 2485 2235 κεκλῆσθαι
2520 2167 2823 2238 πεποίηκεν
2849 2185 2863 2198 ·
2895 2168 3085 2241 ὥσπερ
3110 2167 3176 2225 αὖ
3204 2173 3309 2226 ἐπὶ
3338 2172 3442 2227 τοῦ
3474 2175 3704 2245 Πατρὶς,
3722 2173 3767 2224 τὶ

2186 2255 2381 2326 ίδίωμα
2410 2256 2507 2327 τῆς
2534 2261 2863 2328 ἀγεννησίας
2883 2263 2979 2314 καὶ
3006 2262 3105 2315 τοῦ
3143 2264 3351 2329 αίτίου,
3385 2266 3697 2319 ὕπόστασίν
3720 2281 3767 2316 τε

2182 2350 2276 2401 καὶ
2307 2348 2526 2419 Πατέρα
2552 2351 2823 2420 ἀπέφηνε.
2841 2354 2914 2407 Τὸ
2944 2353 2989 2406 δ’
3018 2354 3152 2407 αὐτὸ
3190 2356 3287 2410 καὶ
3324 2362 3468 2428 περὶ
3500 2358 3600 2412 τοῦ
3633 2357 3766 2423 ἁγίων

2186 2440 2511 2511 Πνεύματος
2559 2443 2762 2496 ἐννοεῖν
2817 2448 2965 2515 χρή·
3004 2446 3069 2499 οὐ
3113 2447 3225 2518 γὰρ
3269 2449 3766 2520 συμπληρωτικηή

2183 2531 2277 2586 τοῦ
2320 2532 2534 2603 Πατρδς
2584 2535 2679 2587 καὶ
2723 2534 2855 2588 Υἱοῦ
2899 2537 2996 2590 καὶ
3038 2537 3203 2606 ἁγίου
3235 2540 3582 2610 Πνεύματος
3609 2542 3764 2610 piata

2183 2624 2261 2684 ὼς
2290 2619 2383 2678 οὖν
2422 2623 2624 2694 μᾶλλον
2659 2629 2717 2679 ἐν
2748 2626 2826 2696 τῷ
2855 2628 2936 2680 ἐνὶ
2966 2628 3000 2699 ἢ
3029 2631 3088 2683 ὲν
3124 2632 3237 2694 τοῖς
3264 2633 3442 2700 τρισί.
3477 2635 3597 2687 Καὶ
3634 2632 3769 2686 τοῦτο

2182 2717 2250 2786 τῇ
2283 2714 2441 2784 φύσει
2462 2718 2495 2786 ἡ
2526 2716 2719 2788 Τριὰς,
2753 2719 2893 2789 ὅπερ
2922 2719 2990 2774 ἂν
3016 2720 3075 2773 ἓν
3098 2738 3149 2773 τι
3182 2721 3291 2774 τῶν
3324 2724 3385 2774 ἐν
3407 2724 3623 2792 Τριάδι
3654 2724 3768 2777 θεω-

2187 2806 2467 2878 ρουμένων
2494 2807 2752 2878 τυγχάνοι
2772 2827 2785 2840 ·
2816 2810 2900 2862 ὅτι
2934 2811 3009 2879 μὴ
3041 2809 3101 2875 ἐξ
3127 2811 3337 2865 ἀτελῶν
3378 2814 3562 2882 τριῶν
3596 2814 3660 2866 ἐν
3692 2810 3766 2865 τέ·

2184 2899 2348 2966 λειον,
2376 2900 2491 2953 ἀλλ’
2525 2901 2588 2953 ὲκ
2617 2899 2784 2971 τριῶν
2807 2901 3029 2954 τελείων
3062 2901 3122 2954 ἓν
3151 2903 3463 2970 ὑπερτελὲς
3513 2905 3618 2959 καὶ
3654 2918 3767 2975 «po-

495 3004 827 3076 pcrfectum,
863 3010 925 3055 ut
952 2999 1155 3055 alicubi
1178 2998 1316 3053 dicit
1346 3012 1578 3068 magnus
1597 2996 1913 3067 Dionysius.
1941 2993 2080 3049 Cum

2194 2989 2415 3054 τέλειον,
2455 2988 2531 3053 ὥς
2552 3006 2654 3043 «au
2682 2991 2710 3043 ὁ
2740 2990 2915 3060 μέγας
2965 2990 3071 3061 ἔφη
3115 2991 3416 3055 Διονύσιος.
3454 2993 3564 3058 Ἐξ
3606 2995 3766 3046 τοίνυν

494 3097 662 3168 igitur
682 3110 777 3150 sex
803 3092 1158 3148 habitudines
1180 3089 1608 3160 contempletur,
1633 3087 1773 3143 duas
1804 3087 1984 3144 Patris
2010 3087 2077 3142 ad

493 3188 759 3251 Verbum,
780 3194 835 3241 et
863 3183 1030 3239 Verbi
1064 3182 1131 3237 ad
1164 3181 1383 3237 Patrem
1424 3197 1437 3234 :
1470 3179 1611 3234 duas
1654 3179 1857 3234 deinde
1907 3179 2080 3235 Verbi

494 3280 562 3335 ad
600 3293 847 3341 carnem,
874 3286 931 3330 et
979 3274 1166 3330 carnis
1208 3272 1277 3326 ad
1320 3271 1563 3328 Verbum
1602 3288 1615 3324 :
1646 3270 1785 3325 duas
1814 3280 2081 3340 praeterea

495 3370 704 3428 Christi
756 3367 825 3422 ad
883 3380 1008 3429 nos,
1064 3373 1121 3418 et
1162 3371 1384 3417 nostras
1431 3362 1500 3416 ad
1543 3362 1757 3432 ipsum;
1792 3371 1907 3418 tres
1943 3362 2083 3417 fiunt

498 3458 781 3533 generales
839 3454 1275 3525 coniugationes.
1319 3452 1399 3507 Ac
1442 3453 1622 3522 prima
1669 3440 1891 3523 quide‘m
1926 3454 2085 3509 habi-

498 3548 633 3606 tudo
661 3545 1111 3618 conjugationum
1147 3543 1229 3598 sic
1270 3542 1459 3608 habet,
1490 3543 1635 3597 sicut
1663 3543 1825 3598 tertia
1858 3544 2083 3613 quidem

432 3620 439 3623 “
498 3656 528 3694 a
563 3638 779 3710 prima:
810 3633 1053 3691 secunda
1096 3648 1229 3688 vero
1278 3648 1311 3688 a
1336 3631 1539 3698 media,
1576 3632 1668 3688 illa
1704 3632 1855 3688 enim
1878 3633 2084 3703 quibus

498 3740 745 3786 extrema
795 3729 941 3783 inter
984 3741 1042 3782 se
1084 3724 1459 3789 conveniunt,
1500 3725 1782 3779 contrario
1818 3723 1984 3779 modo
2024 3738 2085 3779 se

501 3823 731 3886 habent,
771 3826 940 3889 atque
973 3817 1030 3872 in
1059 3816 1277 3883 media;
1310 3816 1456 3871 sicut
1483 3827 1703 3881 contra,
1729 3816 1932 3871 media.
1950 3815 2087 3883 Qui-

502 3916 608 3970 bus
625 3913 773 3969 enim
804 3908 1085 3967 contrarie
1104 3909 1269 3963 habet
1296 3907 1365 3962 ad
1391 3923 1450 3963 se
1476 3908 1673 3979 ipsam,
1690 3911 2088 3966 convenienter

505 4006 673 4059 habet
717 4001 786 4058 ad
829 4006 1191 4062 extrema,et
1231 3998 1439 4069 quibus
1489 4014 1685 4054 rursus
1750 4000 2090 4054 convenien-

507 4108 588 4151 ter
643 4094 810 4150 habet
858 4092 927 4148 ad
978 4107 1039 4147 se
1083 4093 1296 4163 ipsam,
1338 4091 1618 4147 contrarie
1669 4091 1837 4147 habet
1894 4091 1962 4147 ad
1990 4108 2090 4147 ex-

508 4201 705 4244 trcma.

573 4279 672 4335 His
696 4277 939 4335 breviter
961 4276 1129 4333 dictis
1147 4316 1163 4341 ,
1185 4275 1433 4332 conabor
1469 4276 1765 4347 explanare
1812 4276 2087 4347 exemplo.

2190 3084 2427 3153 σχέσεων
2478 3082 2612 3151 ἡμῖν
2652 3081 3067 3153 θεωρουμένων,
3096 3082 3243 3136 δυεῖν
3273 3082 3379 3155 μὲν
3416 3084 3524 3138 τοῦ
3571 3083 3767 3156 [ἰατρὸς

2190 3171 2326 3242 πρὸς
2370 3170 2460 3225 τὸν
2480 3172 2672 3240 Λόγον,
2703 3174 2796 3226 καὶ
2838 3173 2935 3227 τοῦ
2976 3174 3151 3243 Λόγου
3188 3175 3329 3247 πρὸς
3366 3176 3465 3229 τὸν
3518 3178 3766 3249 Πατέρα’

2187 3262 2333 3317 δυεῖν
2360 3263 2417 3317 δὲ
2444 3263 2539 3317 τοῦ
2578 3266 2749 3333 Λόγου
2781 3266 2919 3337 πρὸς
2948 3266 3048 3340 τὴν
3077 3267 3279 3335 σάρκα,
3307 3269 3406 3323 καὶ
3427 3270 3537 3341 τῆς
3584 3271 3770 3341 σαρκὸς

2191 3358 2328 3430 πρὸς
2370 3357 2461 3411 τὸν
2501 3358 2674 3427 Λόγον
2700 3401 2716 3425 ,
2746 3358 2891 3412 δυεῖν
2927 3359 2986 3413 δὲ
3022 3358 3118 3414 τοῦ
3162 3359 3406 3434 Χριστοῦ
3439 3363 3587 3433 πρδς
3615 3365 3770 3434 ἡμᾶς·

2191 3450 2287 3502 καὶ
2317 3449 2475 3519 ἡμῶν
2507 3448 2642 3520 πρὸς
2658 3447 2845 3515 αὐτὸν,
2876 3450 3025 3519 τρεῖς
3067 3450 3311 3517 γίνονται
3352 3450 3661 3506 καθολικαὶ
3694 3468 3772 3504 συ-

2192 3539 2400 3609 ζυγίαι.
2431 3540 2542 3593 Καὶ
2584 3542 2619 3611 η
2673 3541 2773 3611 μὲν
2829 3540 3023 3613 πρώτη
3078 3540 3190 3594 τῶν
3258 3541 3548 3608 συζυγιῶν
3602 3545 3770 3614 σχέσις

2190 3632 2365 3696 οὕτως
2391 3631 2615 3703 ἔχει,ὡς
2647 3634 2681 3703 ἡ
2708 3632 2866 3705 τρίτη
2898 3631 2997 3703 μὲν
3022 3633 3130 3686 ἀπὸ
3145 3634 3246 3704 τῆς
3274 3633 3537 3705 πρώτης,
3561 3635 3771 3705 δευτέρα

2191 3725 2248 3777 δὲ
2279 3724 2387 3778 ἀπὸ
2418 3725 2519 3793 τῆς
2552 3724 2723 3795 μέσης
2745 3741 2759 3754 ·
2796 3720 2879 3787 οἷς
2906 3725 3015 3795 γὰρ
3042 3724 3349 3796 ᾠκείωνται
3387 3727 3445 3781 αἱ
3476 3729 3771 3799 ἀκρότητες

2193 3820 2330 3887 πρὸς
2360 3817 2581 3883 ἑαυτὰς,
2611 3818 2871 3880 ἐναντίως
2902 3816 3124 3887 ἔχουσαι
3156 3817 3294 3889 πρὸς
3319 3817 3423 3889 τὴν
3458 3820 3643 3889 μέσην
3668 3837 3684 3851 ·
3710 3821 3771 3881 ὡς

2192 3910 2486 3981 ἔμπαλινὴ
2517 3909 2679 3981 μέση.
2717 3906 2814 3972 Οἷς
2846 3908 2956 3979 γὰρ
2998 3909 3261 3972 ἔναντίως
3302 3909 3421 3979 ἔχει
3473 3912 3620 3979 πρὸς
3666 3915 3774 3966 ἑαυ-

2193 3998 2560 4074 τὴν,οίκείως
2607 3998 2724 4070 εχει
2762 3996 2905 4069 πρὸς
2951 3997 3048 4062 τὰς
3084 3999 3431 4069 ἀκρότητας·
3468 4002 3573 4061 καὶ
3628 4001 3774 4056 πάλιν

2196 4088 2276 4157 οἷς
2307 4093 2527 4157 οίκείως
2565 4091 2685 4164 ἔχει
2715 4076 2858 4164 πρὸς
2903 4090 3130 4163 ἑαυτὴν,
3176 4091 3447 4156 ἐναντίως
3480 4091 3603 4165 ἔχει
3649 4095 3773 4162 πρὸς

2196 4188 2296 4249 τὰς
2317 4185 2647 4256 ἀκρότητας.

2271 4275 2491 4331 Τούτων
2531 4276 2819 4349 συντόμως
2846 4274 3164 4349 εἰρημένων
3191 4276 3499 4346 σαφηνίσαι
3526 4279 3669 4332 αὐτὰ
3693 4279 3774 4332 ktl

507 4370 633 4427 Sint
681 4369 875 4441 posita:
923 4377 1036 4424 tres
1085 4384 1214 4435 res,
1264 4367 1457 4423 anima’
1488 4367 2085 4439 simpliciter,.corpus

2201 4369 2646 4440 παραδείγματος
2688 4368 3043 4440 πειράσομαι.
3075 4367 3298 4422 Κείσθω
3340 4369 3401 4423 δὲ
3444 4370 3583 4440 τρία
3611 4372 3774 4441 «pig-

507 4461 857 4531 simpliciter,
893 4461 1060 4514 homo
1084 4475 1152 4515 ex
1175 4460 1358 4514 anima
1378 4468 1435 4515 et
1461 4475 1694 4531 corpore
1728 4463 2091 4533 compositus,

507 4561 565 4606 et
605 4552 805 4606 borum
839 4551 984 4605 inter
1022 4565 1081 4605 se
1104 4549 1483 4617 habitudines,
1530 4560 1593 4606 ut
1631 4553 1831 4609 anim
1866 4553 1936 4609 ad
1976 4554 2099 4610 ani-

511 4659 677 4708 mam,
702 4642 901 4698 anima:
951 4641 1022 4697 ad
1061 4656 1268 4712 corpus
1302 4657 1496 4710 suum;
1525 4643 1769 4702 hominis
1797 4646 1865 4703 ad
1893 4662 2097 4719 corpus

511 4732 864 4804 simpliciter,
893 4743 949 4787 et
977 4731 1046 4787 ad
1083 4730 1323 4787 animam
1360 4732 1706 4805 simpliciter.
1740 4736 1937 4794 Anima
1967 4738 2097 4810 qui-

513 4825 637 4881 dem
672 4816 1005 4880 ad'animam
1036 4823 1117 4879 sic
1147 4837 1205 4878 se
1235 4822 1423 4888 habet,
1453 4833 1513 4879 ut
1535 4817 1860 4883 diversitate
1881 4839 2095 4886 natura:

514 4918 751 4974 discreta
796 4916 897 4982 sit;
950 4916 1105 4971 unita
1140 4931 1278 4972 vero
1323 4916 1542 4973 ratione
1571 4918 1903 4991 hypostasis,
1925 4937 2093 4991 quam

515 5010 626 5064 vita
654 5005 1005 5079 ἀλληλοῦχος,
1033 5005 1086 5062 id
1124 5015 1231 5074 est,
1264 5019 1459 5065 mutuo
1496 5019 1723 5083 accepta
1782 5020 1840 5067 et
1878 5012 2094 5068 reddita

516 5099 751 5173 perfecit
796 5116 810 5153 :
854 5099 963 5155 hoc
993 5098 1236 5155 sccunda
1276 5098 1583 5171 eademque
1617 5101 1796 5157 media
1831 5102 2097 5159 habitudo

518 5200 699 5246 servat
734 5206 749 5244 :
787 5189 956 5245 homo
987 5204 1124 5244 vero
1159 5188 1228 5244 ad
1272 5205 1477 5261 corpus
1525 5191 1875 5262 simpliciter,
1925 5202 1983 5249 et
2031 5194 2102 5249 ad

520 5281 756 5335 animam
795 5279 1122 5352 simpliciter
1154 5279 1383 5347 relatus,
1411 5289 1674 5353 tanquam
1698 5289 1847 5339 totus
1871 5286 2101 5341 omnino

520 5370 590 5424 ab
618 5370 741 5426 istis
772 5370 1073 5438 discretus,
1107 5380 1337 5442 propter
1380 5371 1765 5427 habitudinem
1800 5373 1868 5428 ad
1915 5386 2103 5444 partes

519 5476 687 5525 suas,
745 5462 1045 5517 secundam
1094 5463 1544 5519 communionem
1588 5480 1714 5519 cum
1767 5465 1901 5536 ipsis
1948 5466 2099 5524 facit.

522 5553 701 5618 Quare
751 5554 1005 5610 Christus
1045 5553 1115 5607 ad
1160 5569 1261 5608 nos
1285 5563 1341 5609 et
1364 5554 1433 5609 ad
1472 5555 1689 5610 Patrem
1727 5558 1956 5623 relatus,
1983 5571 2106 5613 tan-

2199 4476 2368 4527 ματα,
2421 4459 2571 4530 ψυχὴ
2628 4458 2840 4525 ἁπλῶς,
2890 4458 3051 4529 σῶμα
3094 4458 3306 4525 ἁπλῶς,
3366 4457 3665 4530 ἄνθρωπος
3719 4463 3774 4514 ει

2195 4549 2380 4621 ψυχῆς
2405 4552 2502 4605 καὶ
2529 4548 2783 4621 σώματος
2813 4547 3087 4614 συνεστώς
3111 4565 3128 4582 ο
3160 4552 3257 4605 καὶ
3299 4549 3513 4604 τούτων
3547 4553 3607 4605 at
3651 4553 3775 4622 πρὶς

2196 4641 2457 4712 ἀλλήλαις
2506 4643 2745 4714 σχίσεις,
2770 4638 2883 4698 οἷον
2927 4642 3111 4716 ψυχῆς
3170 4644 3308 4715 πρὸς
3364 4644 3590 4716 ψυχὴν,
3612 4646 3777 4716 ψυχῆς

2200 4733 2338 4806 πρὸς
2386 4734 2449 4790 τὸ
2488 4735 2692 4807 εαυτῆς
2735 4735 2917 4808 σῶμα,
2953 4736 3245 4810 ἀνθρώπου
3302 4738 3441 4809 «pb;
3481 4737 3550 4793 τὸ
3602 4739 3777 4802 a315,;

2200 4826 2401 4899 ψυχήν.
2428 4828 2590 4899 Ψυχὴ
2651 4827 2754 4898 μὲν
2811 4828 2923 4900 γὰρ
2965 4827 3104 4899 πρὸς
3138 4826 3320 4900 ψυχὴν
3350 4828 3431 4900 τῷ
3473 4830 3662 4902 ταπῷ
3690 4832 3779 4897 τῆς

2202 4920 2392 4983 οὐσίας
2425 4920 2706 4991 ἡνωμένη,
2744 4919 2823 4988 τῷ
2859 4919 3105 4992 διαφόρῳ
3139 4921 3239 4989 τῆς
3280 4920 3645 4986 ὑποστάσεως
3676 4923 3782 4975 δια·

2205 5013 2498 5083 κέκριταιπ
2530 5010 2691 5065 τοῦτο
2724 5013 2757 5083 ἡ
2787 5010 2983 5081 πρώτη
3037 5011 3143 5065 καῖ
3180 5012 3216 5077 ἡ
3255 5010 3553 5065 τελευταία
3610 5013 3781 5082 σχέσις

2205 5101 2317 5155 τῶν
2382 5100 2656 5171 συζυγιιῖιν
2681 5119 2695 5133 ·
2739 5101 2888 5174 ψυχὴ
2920 5102 2976 5156 δὲ
3016 5102 3154 5174 πρὸς
3190 5102 3252 5156 τδ
3279 5102 3456 5172 αὐτῆς
3495 5103 3691 5175 σῶμα,
3714 5100 3785 5171 τῷ

2212 5192 2313 5258 μὲν
2370 5192 2598 5263 ἑτεροίῳ
2657 5192 2760 5263 τῆς
2833 5193 3055 5261 φύσεως
3126 5191 3514 5265 διακέκριται,
3586 5196 3784 5265 ἧπται

2206 5285 2264 5339 δὲ
2320 5284 2400 5355 τῷ
2455 5284 2602 5356 λόγῳ
2664 5285 2763 5356 τῆς
2823 5285 3197 5347 ὑποστάσεως.
3251 5286 3321 5357 ἢν
3378 5287 3415 5356 ἡ
3454 5286 3784 5357 riuulo-3p;

2209 5376 2324 5446 ζωὴ
2384 5378 2720 5431 ἀπετέλεσε·
2779 5378 2941 5432 τοῦτο
3002 5380 3037 5449 ἡ
3090 5377 3327 5451 δευτέρα
3387 5381 3485 5435 καὶ
3543 5383 3582 5452 ἠ
3646 5384 3779 5450 μέση

2208 5467 2468 5531 διασώζει
2527 5470 2754 5539 σχέσιςο
2817 5471 3109 5541 ἄνθρωπος
3159 5471 3218 5525 δὲ
3272 5474 3413 5544 πρὸς
3474 5475 3537 5528 τδ
3607 5473 3791 5532 inhi;

2215 5561 2397 5631 σῶμα,
2447 5563 2546 5615 καὶ
2579 5563 2679 5632 τὴν
2718 5563 2905 5627 ἁπλῶς
2944 5562 3157 5635 ψυχὴν,
3186 5563 3311 5628 ὅλος
3359 5567 3541 5642 πάντη
3593 5566 3789 5622 τούτων

593 5732 705 5784 (lSl
764 5732 951 5787 Causa’
1010 5735 1340 5802 hypostasin.
1375 5734 1559 5791 Utitur
1606 5739 1876 5795 vocabulo
1909 5758 2084 5797 cauete
2123 5759 2222 5814 pro
2254 5744 2547 5815 principio,
2574 5762 2725 5802 more
2753 5744 3085 5802 Succorum.
3117 5747 3254 5801 Tua.

3844 2090 3863 2363 ἰ

3897 5369 3899 5475 l

3894 5836 3897 6027 ί
