3912 6298
109 279 261 349 1289

1190 292 1488 354 CONTRA
1525 291 1845 355 NESTOR.
1881 295 1976 354 ET
2015 294 2338 370 EUTYCH.

103 398 535 470 διακεκριμένος
555 439 569 463 ,
602 397 689 453 διὰ
719 398 816 470 τὴν
850 401 984 470 πρὸς
1018 401 1086 455 τὰ
1116 403 1314 457 ἑαυτοῦ
1351 405 1490 476 μέρη
1543 403 1679 475 πρὼι

1797 419 1960 474 quam
1984 413 2134 460 totus
2163 421 2227 460 ex
2263 406 2531 475 partibus,
2559 417 2785 479 propter
2805 422 2992 481 partes
3011 427 3138 468 suas
3158 416 3376 472 medius

101 506 218 559 την
246 491 452 559 σχέσιν,
482 491 742 562 δευτέραν
773 496 1008 545 ποιεῖται
1037 494 1175 566 πρὸς
1204 495 1345 548 αὑτὰ
1381 495 1690 550 κοινωνίαν.

107 581 285 634 Ὥστε
316 582 411 634 καὶ
445 585 473 636 ό
500 583 736 653 Χριστὸς
767 584 903 654 πρὸς
936 586 1085 654 ἡμᾶς
1106 586 1198 638 καὶ
1227 587 1366 656 πρὸς
1392 586 1480 638 τὸν
1515 587 1700 640 Πατέὲ

108 689 214 740 ρα,
243 672 320 734 ὡς
349 673 468 735 ὅλος
490 671 564 726 ὢν
587 674 652 725 ἐκ
679 674 884 744 μερῶν,
921 673 1008 727 διὰ
1033 676 1100 729 τὰ
1124 676 1318 728 ἑαυτοῦ
1361 677 1500 746 μέρη
1535 693 1692 746 μεσι-

103 761 266 814 τεύει
316 765 429 824 τοῖς
477 762 687 832 ἄκροις,
722 764 861 827 ὅλως
916 765 1014 834 μὲν
1067 766 1384 829 ὑπόστασις.
1419 766 1496 818 ὣν
1556 767 1694 838 πρὸς

103 856 288 922 ἡμᾶς,
334 854 473 924 μετὰ
520 855 620 923 τῆς
681 854 941 926 θεότητος
988 857 1076 910 διὰ
1115 858 1214 927 τὴν
1268 858 1689 930 ἀνθρωπότητα,

100 945 606 1016 ὲπαλλαττομένων
649 946 760 999 τῶν
813 947 956 1000 κατὰ
1012 947 1113 1018 τὴν
1167 948 1440 1020 διάκρισιν
1486 965 1545 1000 τε
1597 949 1692 1001 καὶ

98 1036 307 1090 ἕνωσιν
346 1039 603 1110 σχέσεων,
637 1031 714 1091 ὧν
740 1055 801 1090 τε
837 1040 973 1108 πρὸς
1019 1040 1214 1093 ἑαυτὸν
1259 1040 1348 1094 διὰ
1378 1043 1448 1093 τὰ
1495 1039 1690 1093 ἑαυτοῦ

102 1127 259 1198 μέρη
292 1128 430 1197 ἔχων
459 1127 822 1198 γνωρίζεται,
858 1130 951 1182 καὶ
980 1122 1056 1182 ὧν
1084 1131 1222 1200 πρός
1248 1147 1310 1182 τε
1345 1130 1438 1182 τὸν
1471 1131 1692 1202 Πατέρα

98 1219 206 1271 καὶ
238 1219 406 1288 ἡμᾶς,
435 1217 524 1270 διὰ
549 1218 646 1289 τὴν
673 1218 783 1272 τῶν
813 1220 996 1290 μερῶν
1027 1220 1164 1289 πρὸς
1195 1219 1264 1274 τὰ
1301 1220 1444 1291 ἄκρα
1496 1222 1692 1276 οἱκειό·

96 1325 252 1378 τητα
273 1310 556 1380 κέκτηται.
576 1311 764 1378 Εὑγνω
772 1311 947 1380 μόνως
963 1311 1018 1364 δὲ
1035 1312 1143 1364 τῶν
1169 1329 1235 1382 με
1245 1312 1352 1382 ρῶν
1367 1314 1686 1371 ἀκουστέον·

94 1400 165 1451 οὑ
206 1398 317 1467 γὰρ
351 1400 427 1460 ὠς
464 1402 530 1469 τῇ
573 1401 733 1467 φύσει
761 1401 936 1470 ἀτελῆ
969 1401 1119 1466 ὅντα,
1153 1403 1294 1472 μέρη
1322 1403 1497 1458 ταῦτὰ
1521 1421 1687 1474 φημι,

96 1489 228 1542 ἀλλ’
262 1491 339 1552 ὼς
395 1490 827 1561 συμπληρωτικὰ
903 1492 997 1545 τοῦ
1045 1493 1340 1564 προσώπου
1397 1496 1496 1564 τῆς
1549 1499 1690 1551 κατὰ

93 1582 356 1652 Χριστδν-
396 1582 768 1647 ὑποστάσεως.
805 1584 962 1638 Οὕτω
1013 1584 1124 1656 γὰρ
1175 1585 1462 1657 Γρηγορίῳ
1503 1605 1564 1641 τε
1597 1589 1690 1641 καὶ⁹

93 1673 382 1743 meme,
419 1673 514 1726 καὶ
562 1673 622 1726 τὸ
669 1673 789 1726 ὅλον
827 1675 888 1727 οὑ
929 1675 1028 1744 μία
1054 1675 1236 1742 φύσις,
1262 1661 1565 1742 καὶάπλῶς
1594 1678 1688 1731 καὶ

91 1763 246 1833 πρός
273 1779 344 1826 τι,
370 1762 430 1813 τό
451 1779 508 1814 τε
534 1763 720 1826 ἀτελὲς
751 1764 926 1817 καὶτὸ
956 1764 1162 1817 τέλειον
1186 1766 1422 1835 εἴρηται.

175 1868 198 1901 ι
233 1851 297 1903 Τί
324 1847 417 1903 οὖν
442 1869 604 1919 φασιν
627 1870 640 1917 ;
666 1852 740 1904 Οὑ
769 1853 1000 1922 λέγομεν
1029 1854 1158 1923 μίαν
1183 1855 1345 1924 φύσιν
1372 1849 1704 1928 ἀνθρώπου,⁶

93 1939 315 2008 καίπερ
351 1939 580 2008 διάφορα
617 1942 684 1994 τὰ
734 1933 1057 1996 συνελθόντα
1103 1944 1501 2014 γινώσκοντες;
1533 1950 1598 2002 Τί
1625 1950 1688 2020 δὴ

90 2025 196 2084 οῦν
229 2030 413 2098 λυπεῖ,
441 2029 632 2102 ὥσπερ
665 2027 768 2085 ὦδε
794 2033 893 2085 οὑκ
928 2035 1014 2086 ἐπ’
1050 2037 1330 2106 ἀναιρέσει
1359 2037 1459 2108 τῆς
1495 2039 1688 2110 ἰδιότη-

89 2139 196 2185 τος
233 2121 344 2174 τῶν
379 2122 582 2192 μερῶν,
622 2122 782 2191 φύσιν
810 2123 1085 2194 καλοῦμεν
1128 2127 1227 2190 τὰς
1258 2128 1470 2196 φύσεις,
1502 2133 1551 2182 εί
1592 2133 1688 2184 καὶ

65 2215 193 2268 ,ἐπὶ
225 2213 464 2284 Χριστοῦ
508 2215 568 2266 τὸ
606 2214 793 2285 ὅμοιον
823 2215 1106 2281 ποιοῦντες
1132 2219 1437 2288 φαινόμεθα
1463 2237 1478 2286 ;
1522 2221 1684 2275 Ἀλλὰ

89 2303 430 2372 λοιδορεῖσθε
472 2305 602 2372 ἡμῖν
656 2306 750 2357 καὶ
782 2305 1093 2376 διασύρετε,
1125 2309 1201 2370 ὡς
1249 2311 1516 2379 σύγχυσιν
1563 2312 1685 2364 ἐπι-

87 2395 317 2449 νοοῦσιν
366 2396 459 2448 ὲπὶ
509 2396 774 2466 Χριστοῦ,
808 2398 997 2468 ἐπειδὴ
1045 2399 1114 2452 τὰ
1151 2402 1292 2471 μέρη
1335 2404 1400 2472 τῇ
1433 2399 1527 2456 τοῦ
1559 2403 1681 2455 ὅλου

90 2483 448 2554 σημαίνομεν
474 2485 760 2555 ὀνομασίᾳ.
798 2505 817 2538 ›
848 2487 912 2538 El
942 2489 1040 2556 μὲν
1071 2487 1138 2542 τὰ
1161 2491 1307 2560 μέρη
1325 2494 1389 2562 τῇ
1420 2491 1517 2544 τοῦ
1557 2493 1682 2547 ὅλου

87 2575 291 2628 καλεῖν
318 2573 602 2628 ἐϐούλεσθε
633 2578 998 2648 προσηγορίᾳ,
1029 2577 1136 2631 ἔδει
1163 2581 1383 2645 πάντως
1411 2584 1557 2652 ὑμᾶς
1583 2587 1681 2638 καὶ

87 2665 154 2718 τὸ
179 2665 304 2718 ὅλον
335 2668 400 2736 τῇ
432 2666 540 2719 τῶν
563 2666 746 2737 μερῶν
764 2669 1052 2740 γνωρίζειν
1080 2673 1366 2743 ὀνομασίᾳ,
1395 2675 1490 2727 καὶ
1506 2675 1683 2741 οὕτως

87 2757 280 2819 οὐδεὶς
341 2759 408 2810 ἂν
461 2753 539 2828 ,ἦν
584 2759 775 2826 φθόνος
834 2762 987 2830 ἡμῖν.
1041 2763 1229 2834 Σάρκα
1279 2764 1408 2835 san
1470 2766 1681 2835 ἄνθρω-

87 2863 198 2901 πον
223 2846 520 2910 καλοῦντες
552 2848 752 2917 μᾶλλον
778 2850 870 2903 τὸν
897 2851 1122 2922 Κύριον,
1152 2853 1214 2904 τὸ
1242 2854 1362 2907 ὅλον
1388 2855 1452 2908 ἐκ
1483 2856 1683 2927 μέρους

86 2936 435 3007 ἐσημαίνετέ
466 2936 552 3002 ἂν,
587 2936 702 2989 ἀλλ’
738 2938 800 2990 οὑ
850 2938 1012 3006 φύσιν
1074 2940 1201 3009 μίαν
1250 2941 1349 3015 τὰς
1381 2942 1476 2994 δύο
1516 2959 1684 3014 προσ-

91 3028 495 3100 αγορεύοντες.
523 3029 790 3092 Πολλάκις
823 3031 932 3101 γὰρ
960 3032 1020 3083 τὸ
1053 3033 1126 3104 μὴ
1165 3035 1559 3104 κυριολεκτεῖν,
1587 3039 1680 3090 καὶ

86 3119 372 3190 δόγματος
396 3118 690 3189 ἐργάζεται
718 3121 1043 3189 διαφωνίανο
1073 3124 1196 3177 ὅθεν
1226 3126 1388 3193 ἡμεῖς
1416 3127 1558 3179 κατὰ
1579 3127 1677 3190 τὰς

90 3211 254 3274 Θείας
297 3209 544 3280 Γραφὰς,
585 3212 677 3262 καὶ
723 3213 822 3273 τὰς
862 3215 1374 3283 πατροπαραδότους
1424 3216 1674 3290 θεωρίας,

88 3301 364 3363 πολλάκις
413 3303 474 3353 τὸ
511 3301 630 3354 ὅλον
663 3303 727 3354 ἐκ
774 3302 995 3372 μέρους,
1031 3304 1126 3357 καὶ⁹
1172 3304 1241 3356 τὰ
1282 3306 1421 3376 μέρη
1468 3311 1532 3378 τῇ
1583 3308 1677 3361 τοῦ

86 3394 216 3448 ὅλου
270 3393 467 3462 κλήσει
526 3393 1028 3464 προσαγορεύομεν,
1066 3395 1192 3448 Υίὸν
1245 3396 1532 3466 ἀνθρώπου
1587 3399 1678 3451 τὸν

87 3487 269 3555 Λόγον
301 3485 678 3555 ὀνομάζοντες,
707 3486 801 3537 καὶ
833 3485 1043 3555 Κύριον
1072 3487 1175 3555 τῆς
1211 3487 1370 3555 δόξης
1398 3488 1677 3555 ἐσταυρῶ-

89 3577 222 3630 σθαι
241 3576 655 3646 ὁμολογοῦντλες.
675 3574 890 3626 Ἀλλὀὺ
921 3575 1072 3645 παρὰ
1101 3575 1258 3628 τοῦτο
1305 3579 1370 3646 τῇ
1411 3578 1677 3631 ἁντιδόσει

85 3667 202 3720 τῶν
245 3665 916 3736 ίδιωμὰτων,ἀναιροῦμεν
935 3665 1027 3718 τὸν
1060 3667 1188 3718 ἴδιον
1219 3666 1374 3735 λόγον
1393 3669 1490 3736 τῆς
1522 3667 1678 3720 θατέ-

87 3759 189 3811 δου
219 3759 282 3810 ὲν
317 3755 498 3827 ταυτῷ
519 3758 808 3828 οίδιότητος.
828 3757 970 3824 Πρὸς
991 3755 1058 3842 δὲ.
1085 3755 1177 3808 καὶ
1208 3755 1297 3836 διᾲ
1319 3757 1520 3827 κυρίων
1541 3760 1675 3828 ἡμῖν
1700 3794 1702 3796 -

83 3849 270 3904 ταῦτα
303 3838 724 3918 τῶνὸνομάτων
756 3839 1080 3916 γνωρίζεται
1102 3886 1118 3910 ,
1140 3849 1240 3917 τὴν
1269 3849 1368 3916 μὲν
1405 3849 1674 3902 ἀντίδοσιν

82 3939 201 3994 τῶν
238 3939 548 4006 ἰδιωμάτων
572 3942 628 3990 ἐν
670 3941 738 4009 τῇ
785 3939 881 4008 μιᾷ
926 3938 1224 3990 ὑποστάσει
1259 3937 1544 4008 θεωροῦσι,
1573 3941 1674 4008 τὴν

82 4033 145 4085 οὲ
179 4032 426 4101 ἰδιότητα
458 4031 556 4101 τὴν
589 4031 647 4082 ὲν
684 4032 750 4099 τῇ
796 4029 1066 4099 κοινότητι
1105 4030 1163 4081 ὲν
1194 4032 1258 4100 τῇ
1303 4030 1534 4100 διαφορᾷ
1564 4031 1674 4086 τῶν

83 4101 313 4193 φύσεων
348 4120 822 4192 ἐπιγινώσκουσιν.
858 4122 1047 4192 Ὑμεῖς
1076 4121 1235 4192 δὲ’τῷ
1263 4122 1671 4192 παραδείγματι

82 4213 430 4284 κεχρημένοι
479 4211 572 4262 τοῦ
597 4209 912 4280 ἀνθρώπου,
943 4212 1048 4263 καὶδ
1071 4210 1222 4280 αὑτῷ
1254 4209 1334 4280 τῷ
1383 4213 1670 4283 πρωτοτό-

82 4319 175 4374 πῳ
229 4299 684 4372 συνδιαφθείρετε
729 4301 790 4353 τὸ
829 4300 1204 4372 παράδειγμα.
1232 4303 1381 4356 Μίαν
1424 4303 1524 4372 μὲν
1560 4305 1670 4378 γὰρ

1795 504 1880 550 est
1912 495 2060 551 inter
2091 506 2376 564 extrema;
2413 515 2481 556 ex
2532 510 2650 555 toto
2696 503 3028 573 hypostasis,
3068 505 3275 562 relatus
3303 508 3373 562 ad

1794 587 2034 655 Patrem,
2079 601 2310 661 propter
2353 591 2704 648 divinitatem
2749 611 2876 649 cum
2918 594 3291 666 humanitate;
3318 611 3374 655 et

1793 692 1860 733 ex
1891 687 2006 733 toto
2065 681 2379 752 hypostasis
2407 684 2615 740 relatus
2647 685 2715 739 ad
2747 703 2868 752 nos,
2901 696 3128 758 propter
3175 691 3372 745 huma-
3411 711 3417 717 ·

1794 769 2026 824 nitatem
2057 787 2182 826 cum
2226 773 2537 840 divinitate,
2572 779 2901 845 permutatis
2951 780 3374 838 habitudinihus

1793 860 2098 914 secundum
2147 863 2557 919 distinctionem
2592 876 2650 920 et
2687 867 2949 921 unionem
3001 885 3138 938 quas
3185 885 3375 926 secum

1793 961 2024 1020 propter
2066 961 2255 1022 partes
2291 970 2418 1010 suas
2475 956 2672 1024 habet;
2697 969 2754 1013 et
2795 975 2932 1028 quas
2970 976 3095 1015 cum
3121 963 3280 1017 Patre
3316 971 3375 1018 et

1793 1042 2080 1098 nobiscum
2134 1044 2322 1109 habet,
2375 1058 2602 1118 propter
2661 1051 3104 1106 convenientiam
3132 1055 3373 1121 partium

1793 1144 1920 1184 cum
1965 1133 2249 1188 extremis.
2277 1135 2414 1190 Cum
2458 1149 2642 1192 autem
2676 1148 2861 1208 partes
2890 1141 3146 1205 dicimus,
3178 1143 3374 1197 audire

1791 1229 2008 1289 oportet
2037 1225 2339 1291 prudenter
2367 1242 2513 1282 :non
2543 1229 2691 1283 enim
2722 1240 2906 1299 partes
2943 1232 3196 1298 dicimus,
3247 1241 3372 1287 tan-

1791 1323 1955 1377 quam
1986 1311 2337 1381 imperfectas
2367 1326 2586 1381 natura,
2618 1319 2713 1372 sed
2739 1329 3016 1388 tanquam
3032 1323 3371 1391 complentes

1791 1414 2080 1467 personam
2133 1403 2441 1474 hypostasis
2483 1406 2710 1462 Christi.
2754 1408 2844 1464 Sic
2873 1411 3021 1464 enim
3044 1427 3074 1464 a
3105 1411 3372 1481 Gregorio

1790 1499 1847 1544 et
1867 1489 2072 1562 Cyrillo
2105 1494 2313 1550 dictum
2345 1506 2429 1551 est
2448 1506 2624 1554 totum
2653 1516 2763 1554 non
2789 1517 2897 1556 una
2922 1509 3138 1570 natura,
3166 1505 3373 1558 etsim—

1789 1581 2027 1650 pliciter,
2053 1595 2109 1640 et
2136 1587 2203 1640 ad
2256 1588 2486 1659 aliquid,
2519 1599 2579 1646 et
2616 1592 3027 1662 imperfectum,
3084 1605 3142 1651 et
3194 1597 3372 1668 perfe-

1791 1680 1959 1728 ctum.

1865 1848 1884 1879 ι
1911 1829 2052 1896 Quid
2084 1833 2252 1902 igitur
2282 1835 2475 1889 aiunt?
2507 1836 2700 1892 Nonne
2732 1838 2971 1894 dicimus
3001 1856 3166 1894 unam
3210 1850 3370 1898 natu-

1790 1936 1908 1975 ram
1960 1924 2221 1991 hominis,
2276 1929 2528 1997 quamvis
2576 1945 2972 2001 cognoscamus
3055 1932 3370 1990 diﬁ‘erentia

1789 2027 1930 2079 esse,
1964 2031 2086 2084 quae
2114 2027 2319 2073 coeunt
2345 2020 2402 2073 in
2431 2023 2643 2075 unum?
2675 2021 2816 2088 Quid
2842 2039 2973 2093 ergo
3007 2024 3208 2088 obstat,
3232 2026 3368 2094 quin

1787 2102 1932 2160 sicut
1969 2104 2062 2160 hic
2098 2121 2210 2160 non
2242 2108 2311 2162 ad
2357 2110 2662 2165 tollendum
2695 2112 3090 2182 proprietatem
3122 2116 3368 2183 partium

1787 2203 2012 2249 naturas
2034 2211 2295 2276 vocamus
2312 2207 2586 2265 naturam,
2613 2202 2821 2271 aliquid
2849 2204 3028 2263 simile
3061 2205 3117 2257 in
3143 2204 3367 2261 Christo

1786 2283 1966 2339 facere
2007 2287 2328 2344 videamur?
2385 2291 2529 2357 Quin
2578 2294 2763 2363 potius
2799 2295 3048 2350 convicia
3075 2296 3276 2364 facitis,
3308 2305 3368 2351 et

1787 2371 2019 2428 illuditis
2053 2377 2208 2444 quasi
2237 2379 2618 2436 confusionem
2647 2381 2703 2435 in
2719 2381 2944 2438 Christo
2967 2387 3364 2456 excogitemus,

1786 2463 1914 2531 quia
1958 2475 2142 2534 partes
2183 2470 2554 2538 appellatione
2609 2474 2778 2529 totius
2820 2475 3214 2545 signiﬁcamus.
3245 2498 3264 2529 ι
3303 2479 3364 2534 Si

1783 2553 2053 2610 volebatis
2101 2572 2295 2612 vocare
2349 2569 2532 2629 partes
2582 2564 2806 2618 nomine
2846 2565 3036 2630 totius,
3070 2569 3366 2637 oportebat

1782 2646 2052 2713 profecto,
2066 2658 2128 2703 ut
2148 2659 2320 2704 totum
2333 2652 2499 2706 etiam
2518 2654 2898 2712 nominatione
2909 2659 3153 2726 partium
3174 2659 3364 2715 decla-

1785 2737 2003 2801 raretis,
2038 2747 2203 2807 atque
2233 2740 2308 2795 ita
2337 2743 2488 2796 nulla
2514 2743 2672 2799 vobis
2691 2745 2897 2800 invidia
2926 2756 3092 2802 esset.
3126 2749 3365 2804 Carnem

1783 2836 1990 2890 autem,
2029 2830 2117 2884 vel
2160 2830 2443 2886 hominem
2498 2844 2758 2890 vocantes
2807 2839 2993 2906 potius
3043 2840 3361 2907 Dominum,

1785 2928 1958 2974 totum
2005 2931 2072 2974 ex
2109 2931 2263 2990 parte
2301 2923 2708 2992 signiﬁcaretis,
2741 2936 2797 2981 et
2822 2944 2934 2982 non
2967 2929 3103 2984 duas
3135 2940 3364 2988 naturas

1781 3019 2040 3066 vocantes
2080 3029 2266 3067 unam.
2298 3013 2452 3084 Saepe
2483 3016 2628 3070 enim
2666 3033 2776 3072 non
2803 3023 3028 3090 proprie
3060 3022 3214 3092 loqui
3243 3025 3361 3081 dis-

1781 3102 2121 3170 crepantiam
2171 3104 2444 3174 dogmatis
2485 3105 2672 3162 eﬁicit.
2709 3107 2866 3164 Unde
2903 3128 3006 3166 nos
3053 3116 3359 3170 secundum

1782 3191 2113 3262 Scripturas,
2132 3203 2188 3248 et
2204 3198 2608 3266 speculationes
2629 3215 2660 3253 a
2676 3201 2932 3257 Patribus
2950 3205 3200 3268 traditas,
3215 3223 3362 3280 saepe

1783 3291 1960 3337 totum
1986 3299 2053 3337 ex
2080 3294 2258 3354 parte,
2295 3296 2350 3341 et
2374 3299 2586 3356 partem
2614 3291 2838 3348 nomine
2865 3294 3032 3349 totius
3068 3295 3357 3362 allicimus,

1781 3388 1908 3427 cum
1957 3376 2198 3431 Verbum
2232 3378 2430 3432 Filium
2467 3381 2710 3454 hominis
2732 3385 3112 3453 nominamus;
3142 3398 3196 3443 et
3245 3391 3358 3445 Do-

1779 3464 1992 3518 minum
2052 3468 2240 3536 gloriae
2288 3471 2615 3526 cruciﬁxum
2676 3477 3024 3533 conﬁtemur.
3080 3479 3189 3534 Sed
3244 3497 3359 3539 non

1778 3565 2073 3626 propterea
2098 3563 2599 3620 communicatione
2624 3566 2946 3623 idiomatum
2967 3571 3211 3628 tollimus
3231 3589 3362 3643 pro-

1778 3648 1954 3716 priam
1990 3651 2258 3706 rationem
2303 3657 2656 3722 proprietatis
2697 3661 3020 3715 alterutrius
3050 3663 3104 3716 in
3134 3665 3354 3721 eodem.

1777 3739 2008 3804 Deinde,
2051 3741 2167 3796 haec
2196 3743 2364 3796 etiam
2395 3745 2558 3800 nobis
2588 3762 2688 3816 per
2733 3752 2956 3819 prppria
2997 3755 3220 3809 nomina
3255 3757 3355 3812 de—

1776 3827 2076 3895 clarantur,
2109 3845 2232 3885 cum
2267 3835 2823 3892 communicationem
2854 3823 3076 3908 quidem
3118 3843 3354 3902 idioma-

1776 3929 1894 3974 tum
1924 3922 1979 3974 in
2007 3937 2116 3977 una
2137 3924 2416 3994 hypostasi
2448 3931 2918 3997 contemplamur;
2956 3935 3355 4003 proprietatem

1774 4026 1910 4066 vero
1940 4028 2062 4082 quae
2087 4023 2174 4070 est
2218 4016 2275 4069 in
2317 4018 2734 4085 communitate,
2762 4020 2816 4074 in
2844 4021 3160 4080 differentia
3189 4038 3356 4082 natu-

1773 4119 1961 4159 rarum
2008 4108 2377 4177 agnoscimus.
2420 4111 2530 4166 Vos
2579 4120 2786 4177 autem,
2819 4124 3038 4170 utentes
3098 4120 3351 4189 exemplo

1773 4195 2035 4263 hominis,
2069 4214 2194 4253 cum
2221 4199 2340 4270 ipso
2362 4209 2658 4272 prototypo
2687 4205 2997 4272 exemplum
3027 4207 3192 4263 simul
3227 4224 3351 4264 cor-

1771 4288 2049 4360 rumpitis.
2098 4291 2272 4348 Unam
2299 4293 2448 4348 enim
2486 4303 2740 4348 naturam
2791 4296 3030 4352 hominis
3071 4299 3343 4368 dicimus;

82 4391 385 4464 ἀνθρώπου
423 4390 584 4461 φύσιν
611 4389 844 4458 λέγομεν
865 4429 880 4451 ,
904 4391 1002 4461 οὑχ
1036 4391 1112 4454 ὡς
1147 4391 1214 4446 ἂν
1245 4391 1402 4460 ὑμεῖς
1431 4393 1628 4464 φαίητε
1650 4434 1666 4461 ,

1784 4395 1885 4434 non
1919 4389 1981 4436 ut
2008 4397 2108 4436 vos
2135 4382 2340 4446 dicitis,
2382 4385 2475 4455 qui
2504 4395 2758 4440 naturam
2787 4387 2969 4442 carnis
3004 4389 3059 4442 in
3094 4380 3350 4448 substan-

81 4484 164 4545 είς
199 4481 404 4536 ταυτὸν
431 4481 662 4550 ἄγοντες
692 4481 791 4551 τὴν
821 4481 986 4549 φύσιν
1017 4483 1120 4552 τῆς
1168 4483 1375 4554 σαρκὸς
1405 4487 1472 4556 τῇ
1503 4485 1662 4558 οὐσίᾳ

81 4575 184 4644 τῆς
217 4574 418 4645 ψυχῆς,
449 4573 482 4644 ἢ
514 4573 576 4627 τὸ
606 4573 880 4633 ἀνάπαλιν
905 4591 918 4604 ·
950 4573 1078 4627 οὔτε
1121 4576 1229 4646 μὴν
1271 4576 1330 4641 ἐξ
1382 4577 1666 4648 ἑκατέρων

82 4666 194 4719 οὐδ’
222 4669 496 4736 ὁποτέραν
515 4667 939 4721 ἀποτετελέσθαι
967 4667 1170 4737 φαμέν.

155 4757 326 4811 Φύσιν
367 4759 422 4811 δὲ
459 4759 663 4829 ταύτην
705 4759 1006 4828 καλοῦμεν,
1034 4759 1097 4812 οὑ
1126 4758 1262 4829 πρὸς
1293 4758 1393 4829 τὴν
1424 4758 1534 4812 τῶν
1566 4776 1664 4829 με·

84 4847 200 4918 ρῶν
236 4850 430 4920 ρ’χὲσιυ
459 4851 868 4914 ἀποϐλέποντες
898 4850 1093 4920 (οὐδεὶς
1125 4850 1236 4920 γάρ
1287 4852 1404 4904 ἐστι
1450 4851 1608 4919 λόγος
1639 4854 1666 4904 ὁ

84 4941 148 4993 το
197 4940 493 5011 ὲτεροφυὲς
534 4942 712 4995 αὑτῶν
737 4945 839 4995 κάν
883 4945 949 5012 τῇ
981 4942 1172 4994 ένὼσει
1213 4942 1661 5012 λυμαινόμενος),

85 5031 227 5083 ἀλλὰ
271 5033 374 5101 τὴν
415 5032 510 5084 τοῦ
553 5031 788 5086 καθόλου
825 5034 918 5085 καὶ
958 5033 1131 5096 εἴδους
1167 5033 1446 5103 σημασίαν
1469 5072 1484 5096 ,
1523 5034 1666 5086 κατὰ

84 5121 183 5174 τοῦ
214 5121 445 5192 μερικοῦ
481 5122 576 5176 καὶ
623 5123 755 5176 ίδίου
800 5122 1242 5194 κατηγοροῦμεν.
1285 5121 1504 5194 Ἐπειδὴ
1531 5122 1664 5192 γὰρ,

88 5211 274 5274 καθὼς
311 5214 360 5264 οἱ
387 5213 453 5266 τὰ
481 5213 678 5280 λογικά
699 5215 995 5284 σκέμματα
1023 5213 1398 5280 διακρίνοντες
1429 5213 1665 5282 παραδι-

85 5299 264 5364 δόασι,
295 5302 362 5353 τὰ
393 5301 494 5371 μὲν
516 5302 608 5354 ἐπὶ
640 5301 840 5371 μέρους
862 5303 1115 5355 κοινωνεῖ
1141 5303 1255 5363 τοῖς
1281 5299 1562 5366 καθ’ὅλου,
1599 5300 1666 5353 τὰ

88 5390 148 5442 δὲ
177 5390 302 5444 καθ’
335 5392 456 5444 ὅλου
484 5396 872 5463 κατηγορεῖται
898 5391 1039 5444 κατὰ
1059 5391 1168 5443 τῶν
1191 5391 1285 5442 ἐπὶ
1310 5389 1510 5459 μέρους
1533 5406 1548 5420 ⁸
1573 5392 1666 5444 καὶ

87 5479 197 5531 τῶν
229 5481 327 5544 μὲν
353 5481 590 5548 ἀτόμων,
625 5483 880 5534 κοινωνία
909 5483 1030 5534 ἐστὶ
1073 5484 1208 5552 πρὸς
1251 5482 1310 5534 τὸ
1342 5477 1480 5542 εἶδος
1525 5481 1667 5532 κατὰ

162 5565 252 5638 (lt)
285 5565 377 5638 29)
399 5565 824 5638 Communicatio
841 5569 1050 5638 quidem
1065 5570 1476 5628 individuorum.
1494 5573 1660 5628 Com-

89 5633 808 5691 municatioindividuorum
825 5633 891 5691 a'd
905 5639 1142 5707 speciem
1156 5649 1240 5696 est
1253 5641 1554 5698 secundum
1574 5658 1661 5698 na-

406 5726 678 5788 ΡΑΤιιοι..
717 5729 834 5792 Gn.
868 5730 1206 5794 LXXXVI.

1770 4475 1903 4529 tiam
1952 4477 2150 4532 animae
2195 4479 2435 4542 trahitis,
2471 4487 2533 4534 ut
2581 4479 2716 4534 ﬁant
2779 4481 2959 4548 idem;
3008 4491 3104 4537 aut
3151 4499 3347 4541 rursus

1768 4573 2019 4620 naturam
2041 4567 2236 4622 animm
2262 4568 2316 4623 in
2345 4570 2708 4625 substantiam
2731 4571 2932 4635 carnis,
2962 4585 3066 4627 nec
3098 4587 3166 4628 ex
3180 4574 3348 4630 alter—

1770 4663 1893 4710 utra
1926 4665 2331 4728 utramcunque
2368 4657 2488 4713 ﬁeri
2515 4658 2774 4713 dicimus.
3402 4665 3409 4679 '

1837 4747 2099 4802 Naturam
2130 4757 2316 4804 autem
2349 4765 2611 4804 vocamus
2645 4750 2808 4815 hanc,
2842 4765 2952 4806 non
2979 4751 3260 4812 intuentes
3285 4753 3342 4807 in

1768 4841 2150 4898 habitudinem
2205 4845 2442 4913 partium
2491 4863 2504 4898 :
2545 4845 2694 4899 nulla
2731 4845 2878 4899 enim
2908 4851 2993 4899 est
3026 4846 3187 4909 ratio,
3219 4861 3342 4914 qua:

1769 4935 2144 4990 diversitatem
2164 4944 2375 4989 natura;
2395 4936 2633 5004 partium
2663 4936 2828 4989 etiam
2854 4935 2906 4989 in
2933 4935 3137 4990 unione
3157 4929 3342 4990 laedat”-

1774 5020 1883 5076 Sed
1930 5021 2119 5086 potius
2169 5017 2624 5088 signiﬁcationem
2669 5019 2994 5075 universalis
3047 5029 3103 5074 et
3135 5021 3341 5088 speciei

1772 5110 1840 5163 de
1893 5108 2212 5178 particulari
2243 5117 2293 5160 et
2334 5108 2558 5176 proprio
2595 5109 2952 5176 praedicamus
2985 5108 3154 5178 :quia
3197 5108 3343 5164 sicut

1773 5200 1995 5253 tradunt
2023 5199 2112 5266 qui
2141 5197 2354 5266 regulas
2390 5198 2694 5252 disserendi
2720 5197 3058 5266 discernunt,
3093 5199 3341 5268 particu-

1770 5287 1902 5341 laria
1933 5285 2152 5352 quidem
2177 5284 2584 5338 communicant
2603 5285 3022 5351 universalibus;
3044 5285 3340 5340 universa-

1767 5377 1839 5430 lia
1863 5390 1995 5430 vero
2013 5375 2377 5443 medicantur
2396 5375 2465 5429 de
2483 5376 2927 5444 particularibus;
2953 5383 3007 5431 et
3033 5365 3341 5432 communi-

1769 5464 1912 5518 catio
1932 5461 2152 5529 quidem
2168 5459 2863 5531 iudividuorum(l9-20)ad
2881 5463 3122 5532 speciem
3143 5461 3336 5528 relata,

1768 5586 1969 5641 turam,
1988 5585 2166 5632 etnon
2193 5553 2497 5630 secundum
2523 5575 2944 5643 appellationem
2975 5592 2989 5632 :
3033 5574 3158 5644 quia
3186 5575 3339 5630 indi-

1768 5646 1994 5702 viduum
2038 5644 2360 5700 naturaliter
2414 5643 2705 5715 participat
2741 5644 3005 5713 speciem,
3050 5643 3174 5714 quae
3207 5659 3333 5698 cum

2900 5736 2977 5799 41

3237 257 3557 366 ιιοοθ
