  <div class='ocr_page' id='page_1' title='image "/cluster/home/n/w/nwhite01/storage/ocr_20150623/86 pars.1/pst.000005712878/688.png"; bbox 0 0 3912 6298; ppageno 0'>
   <div class='ocr_carea' id='block_1_1' title="bbox 169 270 315 336">
    <p class='ocr_par' dir='ltr' id='par_1_1' title="bbox 169 270 315 336">
     <span class='ocr_line' id='line_1_1' title="bbox 169 270 315 336; baseline 0 -1"><span class='ocrx_word' id='word_1_1' title='bbox 169 270 315 336; x_wconf 76' lang='grc'><strong>1293</strong></span> 
     </span>
    </p>
   </div>
   <div class='ocr_carea' id='block_1_2' title="bbox 1231 283 2360 361">
    <p class='ocr_par' dir='ltr' id='par_1_2' title="bbox 1231 283 2360 361">
     <span class='ocr_line' id='line_1_2' title="bbox 1231 283 2360 361; baseline 0.017 -18"><span class='ocrx_word' id='word_1_2' title='bbox 1231 283 1526 345; x_wconf 82' lang='lat' dir='ltr'><strong>CONTRA</strong></span> <span class='ocrx_word' id='word_1_3' title='bbox 1554 286 1871 350; x_wconf 84' lang='lat' dir='ltr'><strong>NESTOR.</strong></span> <span class='ocrx_word' id='word_1_4' title='bbox 1908 294 2004 353; x_wconf 89' lang='lat' dir='ltr'><strong>ET</strong></span> <span class='ocrx_word' id='word_1_5' title='bbox 2044 297 2360 361; x_wconf 87' lang='lat' dir='ltr'><strong>EUTYCH.</strong></span> 
     </span>
    </p>
   </div>
   <div class='ocr_carea' id='block_1_3' title="bbox 3272 310 3408 378">
    <p class='ocr_par' dir='ltr' id='par_1_3' title="bbox 3272 310 3408 378">
     <span class='ocr_line' id='line_1_3' title="bbox 3272 310 3408 378; baseline 0.037 -5"><span class='ocrx_word' id='word_1_6' title='bbox 3272 310 3408 378; x_wconf 66' lang='grc'><strong>1294</strong></span> 
     </span>
    </p>
   </div>
   <div class='ocr_carea' id='block_1_4' title="bbox 160 384 1723 477">
    <p class='ocr_par' dir='ltr' id='par_1_4' title="bbox 160 384 1723 467">
     <span class='ocr_line' id='line_1_4' title="bbox 160 384 1723 467; baseline 0.005 -28"><span class='ocrx_word' id='word_1_7' title='bbox 160 388 345 440; x_wconf 82' lang='grc' dir='ltr'>ταῖον.</span> <span class='ocrx_word' id='word_1_8' title='bbox 384 384 482 438; x_wconf 85' lang='grc' dir='ltr'>Διά</span> <span class='ocrx_word' id='word_1_9' title='bbox 528 384 582 439; x_wconf 85' lang='grc' dir='ltr'><strong>τί</strong></span> <span class='ocrx_word' id='word_1_10' title='bbox 613 385 677 457; x_wconf 82' lang='grc' dir='ltr'>δὴ</span> <span class='ocrx_word' id='word_1_11' title='bbox 712 385 888 443; x_wconf 80' lang='grc' dir='ltr'>ταῦτά</span> <span class='ocrx_word' id='word_1_12' title='bbox 936 407 1114 460; x_wconf 74' lang='grc' dir='ltr'>φημι;</span> <span class='ocrx_word' id='word_1_13' title='bbox 1151 392 1273 446; x_wconf 75' lang='grc' dir='ltr'><strong>Ὀτι</strong></span> <span class='ocrx_word' id='word_1_14' title='bbox 1315 396 1364 447; x_wconf 90' lang='grc' dir='ltr'><strong>εί</strong></span> <span class='ocrx_word' id='word_1_15' title='bbox 1395 395 1585 459; x_wconf 78' lang='grc' dir='ltr'><strong>δώσεις</strong></span> <span class='ocrx_word' id='word_1_16' title='bbox 1613 397 1723 467; x_wconf 56' lang='grc' dir='ltr'>μίαι</span> 
     </span>
    </p>
   </div>
   <div class='ocr_carea' id='block_1_5' title="bbox 1826 384 3407 477">
    <p class='ocr_par' dir='ltr' id='par_1_5' title="bbox 1844 403 3407 477">
     <span class='ocr_line' id='line_1_5' title="bbox 1844 403 3407 477; baseline 0.013 -20"><span class='ocrx_word' id='word_1_17' title='bbox 1844 403 2182 462; x_wconf 80' lang='lat' dir='ltr'><strong>confitemini</strong></span> <span class='ocrx_word' id='word_1_18' title='bbox 2216 417 2343 464; x_wconf 90' lang='lat' dir='ltr'><strong>ante</strong></span> <span class='ocrx_word' id='word_1_19' title='bbox 2378 426 2540 467; x_wconf 88' lang='lat' dir='ltr'><strong>unam</strong></span> <span class='ocrx_word' id='word_1_20' title='bbox 2575 429 2694 470; x_wconf 83' lang='lat' dir='ltr'><strong>esse</strong></span> <span class='ocrx_word' id='word_1_21' title='bbox 2721 424 2973 472; x_wconf 86' lang='lat' dir='ltr'><strong>naturam</strong></span> <span class='ocrx_word' id='word_1_22' title='bbox 3016 419 3177 475; x_wconf 83' lang='lat' dir='ltr'><strong>Verbi</strong></span> <span class='ocrx_word' id='word_1_23' title='bbox 3217 431 3274 476; x_wconf 85' lang='lat' dir='ltr'><strong>et</strong></span> <span class='ocrx_word' id='word_1_24' title='bbox 3306 425 3407 477; x_wconf 81' lang='lat' dir='ltr'><strong>Pa-</strong></span> 
     </span>
    </p>
   </div>
   <div class='ocr_carea' id='block_1_6' title="bbox 163 473 1739 557">
    <p class='ocr_par' dir='ltr' id='par_1_6' title="bbox 163 473 1739 557">
     <span class='ocr_line' id='line_1_6' title="bbox 163 473 1739 557; baseline 0.01 -30"><span class='ocrx_word' id='word_1_25' title='bbox 163 473 429 557; x_wconf 59' lang='grc' dir='ltr'>λέγεσθαι</span> <span class='ocrx_word' id='word_1_26' title='bbox 483 475 575 529; x_wconf 82' lang='grc' dir='ltr'>τοῦ</span> <span class='ocrx_word' id='word_1_27' title='bbox 604 477 779 544; x_wconf 82' lang='grc' dir='ltr'><strong>Λόγου</strong></span> <span class='ocrx_word' id='word_1_28' title='bbox 812 480 906 531; x_wconf 71' lang='grc' dir='ltr'><strong>καὶ</strong></span> <span class='ocrx_word' id='word_1_29' title='bbox 961 480 1063 550; x_wconf 85' lang='grc' dir='ltr'><strong>τῆς</strong></span> <span class='ocrx_word' id='word_1_30' title='bbox 1092 483 1293 551; x_wconf 80' lang='grc' dir='ltr'>σαρκὸς</span> <span class='ocrx_word' id='word_1_31' title='bbox 1323 485 1484 554; x_wconf 82' lang='grc' dir='ltr'>φύσιν</span> <span class='ocrx_word' id='word_1_32' title='bbox 1505 530 1519 552; x_wconf 87' lang='grc'><strong>,</strong></span> <span class='ocrx_word' id='word_1_33' title='bbox 1550 488 1739 557; x_wconf 84' lang='grc' dir='ltr'>ὁμολο-</span> 
     </span>
    </p>
   </div>
   <div class='ocr_carea' id='block_1_7' title="bbox 159 549 1736 648">
    <p class='ocr_par' dir='ltr' id='par_1_7' title="bbox 159 549 1736 648">
     <span class='ocr_line' id='line_1_7' title="bbox 159 549 1736 648; baseline 0.009 -31"><span class='ocrx_word' id='word_1_34' title='bbox 159 549 320 633; x_wconf 63' lang='grc' dir='ltr'>γεῖτε</span> <span class='ocrx_word' id='word_1_35' title='bbox 343 566 399 619; x_wconf 86' lang='grc' dir='ltr'>δὲ</span> <span class='ocrx_word' id='word_1_36' title='bbox 431 567 528 636; x_wconf 90' lang='grc' dir='ltr'><strong>μία</strong></span> <span class='ocrx_word' id='word_1_37' title='bbox 554 566 712 635; x_wconf 79' lang='grc' dir='ltr'>φύσις</span> <span class='ocrx_word' id='word_1_38' title='bbox 741 563 880 621; x_wconf 79' lang='grc' dir='ltr'>εἶναι</span> <span class='ocrx_word' id='word_1_39' title='bbox 914 549 1213 639; x_wconf 12' lang='grc' dir='ltr'><strong>τοῦνΛόγου</strong></span> <span class='ocrx_word' id='word_1_40' title='bbox 1246 549 1346 627; x_wconf 31' lang='grc' dir='ltr'>καὶ*</span> <span class='ocrx_word' id='word_1_41' title='bbox 1366 575 1459 628; x_wconf 82' lang='grc' dir='ltr'><strong>τοῦ</strong></span> <span class='ocrx_word' id='word_1_42' title='bbox 1504 549 1736 648; x_wconf 65' lang='grc' dir='ltr'>Πατρόςο</span> 
     </span>
    </p>
   </div>
   <div class='ocr_carea' id='block_1_8' title="bbox 157 655 1735 735">
    <p class='ocr_par' dir='ltr' id='par_1_8' title="bbox 157 655 1735 735">
     <span class='ocr_line' id='line_1_8' title="bbox 157 655 1735 735; baseline 0.01 -27"><span class='ocrx_word' id='word_1_43' title='bbox 157 655 371 709; x_wconf 82' lang='grc' dir='ltr'>δώσετε</span> <span class='ocrx_word' id='word_1_44' title='bbox 402 657 508 728; x_wconf 80' lang='grc' dir='ltr'>ἄρα</span> <span class='ocrx_word' id='word_1_45' title='bbox 545 657 673 728; x_wconf 85' lang='grc' dir='ltr'>μίαν</span> <span class='ocrx_word' id='word_1_46' title='bbox 717 658 880 727; x_wconf 86' lang='grc' dir='ltr'>φύσιν</span> <span class='ocrx_word' id='word_1_47' title='bbox 913 656 1052 714; x_wconf 79' lang='grc' dir='ltr'>εἶναι</span> <span class='ocrx_word' id='word_1_48' title='bbox 1106 662 1208 733; x_wconf 79' lang='grc' dir='ltr'><strong>τῆς</strong></span> <span class='ocrx_word' id='word_1_49' title='bbox 1259 666 1462 735; x_wconf 73' lang='grc' dir='ltr'>σαρκὸς</span> <span class='ocrx_word' id='word_1_50' title='bbox 1495 669 1589 722; x_wconf 76' lang='grc' dir='ltr'>καὶ</span> <span class='ocrx_word' id='word_1_51' title='bbox 1638 670 1735 723; x_wconf 77' lang='grc' dir='ltr'>τοῦ</span> 
     </span>
    </p>
   </div>
   <div class='ocr_carea' id='block_1_9' title="bbox 158 748 404 818">
    <p class='ocr_par' dir='ltr' id='par_1_9' title="bbox 158 748 404 818">
     <span class='ocr_line' id='line_1_9' title="bbox 158 748 404 818; baseline 0.012 -19"><span class='ocrx_word' id='word_1_52' title='bbox 158 748 404 818; x_wconf 80' lang='grc' dir='ltr'><strong>Πατρός.</strong></span> 
     </span>
    </p>
   </div>
   <div class='ocr_carea' id='block_1_10' title="bbox 247 861 1737 948">
    <p class='ocr_par' dir='ltr' id='par_1_10' title="bbox 247 861 1737 948">
     <span class='ocr_line' id='line_1_10' title="bbox 247 861 1737 948; baseline 0.013 -35"><span class='ocrx_word' id='word_1_53' title='bbox 247 880 267 914; x_wconf 70' lang='grc' dir='ltr'><strong>ι</strong></span> <span class='ocrx_word' id='word_1_54' title='bbox 314 861 457 915; x_wconf 83' lang='grc' dir='ltr'>Ἀλλ’</span> <span class='ocrx_word' id='word_1_55' title='bbox 500 862 560 915; x_wconf 81' lang='grc' dir='ltr'>ού</span> <span class='ocrx_word' id='word_1_56' title='bbox 591 864 823 934; x_wconf 81' lang='grc' dir='ltr'>λέγομεν</span> <span class='ocrx_word' id='word_1_57' title='bbox 844 905 859 929; x_wconf 82' lang='grc'><strong>,</strong></span> <span class='ocrx_word' id='word_1_58' title='bbox 892 868 1025 936; x_wconf 75' lang='grc' dir='ltr'>φασὶ</span> <span class='ocrx_word' id='word_1_59' title='bbox 1048 907 1063 934; x_wconf 92' lang='grc'><strong>,</strong></span> <span class='ocrx_word' id='word_1_60' title='bbox 1096 869 1172 938; x_wconf 77' lang='grc' dir='ltr'><strong>τῷ</strong></span> <span class='ocrx_word' id='word_1_61' title='bbox 1203 870 1349 943; x_wconf 84' lang='grc' dir='ltr'>αὐτῷ</span> <span class='ocrx_word' id='word_1_62' title='bbox 1388 873 1576 945; x_wconf 84' lang='grc' dir='ltr'>τρόπῳ</span> <span class='ocrx_word' id='word_1_63' title='bbox 1606 878 1737 948; x_wconf 86' lang='grc' dir='ltr'>μίαν</span> 
     </span>
    </p>
   </div>
   <div class='ocr_carea' id='block_1_11' title="bbox 154 949 1737 1037">
    <p class='ocr_par' dir='ltr' id='par_1_11' title="bbox 154 949 1737 1037">
     <span class='ocr_line' id='line_1_11' title="bbox 154 949 1737 1037; baseline 0.01 -30"><span class='ocrx_word' id='word_1_64' title='bbox 154 953 447 1023; x_wconf 67' lang='grc' dir='ltr'>ἑκατέρων</span> <span class='ocrx_word' id='word_1_65' title='bbox 503 949 647 1007; x_wconf 76' lang='grc' dir='ltr'>εἶναι</span> <span class='ocrx_word' id='word_1_66' title='bbox 706 956 889 1023; x_wconf 85' lang='grc' dir='ltr'>φύσιν,</span> <span class='ocrx_word' id='word_1_67' title='bbox 934 959 1047 1012; x_wconf 89' lang='grc' dir='ltr'>ἀλλ’</span> <span class='ocrx_word' id='word_1_68' title='bbox 1086 962 1180 1014; x_wconf 73' lang='grc' dir='ltr'><strong>ἐπὶ</strong></span> <span class='ocrx_word' id='word_1_69' title='bbox 1239 963 1335 1032; x_wconf 81' lang='grc' dir='ltr'>μὲν</span> <span class='ocrx_word' id='word_1_70' title='bbox 1386 966 1599 1037; x_wconf 58' lang='lat' dir='ltr'><strong>[Ia-cpe;</strong></span> <span class='ocrx_word' id='word_1_71' title='bbox 1643 971 1737 1023; x_wconf 83' lang='grc' dir='ltr'>καὶ</span> 
     </span>
    </p>
   </div>
   <div class='ocr_carea' id='block_1_12' title="bbox 153 1044 1734 1134">
    <p class='ocr_par' dir='ltr' id='par_1_12' title="bbox 153 1044 1734 1134">
     <span class='ocr_line' id='line_1_12' title="bbox 153 1044 1734 1134; baseline 0.012 -37"><span class='ocrx_word' id='word_1_72' title='bbox 153 1044 300 1098; x_wconf 84' lang='grc' dir='ltr'><strong>Υίοῦ</strong></span> <span class='ocrx_word' id='word_1_73' title='bbox 326 1084 341 1107; x_wconf 88' lang='grc'><strong>,</strong></span> <span class='ocrx_word' id='word_1_74' title='bbox 369 1046 448 1115; x_wconf 85' lang='grc' dir='ltr'>τῷ</span> <span class='ocrx_word' id='word_1_75' title='bbox 475 1046 657 1116; x_wconf 84' lang='grc' dir='ltr'>ταυτῷ</span> <span class='ocrx_word' id='word_1_76' title='bbox 685 1049 783 1117; x_wconf 87' lang='grc' dir='ltr'><strong>τῆς</strong></span> <span class='ocrx_word' id='word_1_77' title='bbox 818 1049 1034 1118; x_wconf 78' lang='grc' dir='ltr'>φύσεως</span> <span class='ocrx_word' id='word_1_78' title='bbox 1054 1091 1069 1116; x_wconf 88' lang='grc'><strong>,</strong></span> <span class='ocrx_word' id='word_1_79' title='bbox 1105 1054 1335 1107; x_wconf 78' lang='grc' dir='ltr'>ἐνταῦθα</span> <span class='ocrx_word' id='word_1_80' title='bbox 1371 1058 1428 1109; x_wconf 83' lang='grc' dir='ltr'>δὲ</span> <span class='ocrx_word' id='word_1_81' title='bbox 1477 1059 1554 1128; x_wconf 83' lang='grc' dir='ltr'>τῷ</span> <span class='ocrx_word' id='word_1_82' title='bbox 1590 1061 1734 1134; x_wconf 86' lang='grc' dir='ltr'>λόγῳ</span> 
     </span>
    </p>
   </div>
   <div class='ocr_carea' id='block_1_13' title="bbox 149 1136 1737 1216">
    <p class='ocr_par' dir='ltr' id='par_1_13' title="bbox 149 1136 1737 1216">
     <span class='ocr_line' id='line_1_13' title="bbox 149 1136 1737 1216; baseline 0.028 -45"><span class='ocrx_word' id='word_1_83' title='bbox 149 1136 265 1206; x_wconf 72' lang='grc' dir='ltr'>,τῆς</span> <span class='ocrx_word' id='word_1_84' title='bbox 293 1136 542 1198; x_wconf 47' lang='lat' dir='ltr'><strong>tubam;</strong></span> <span class='ocrx_word' id='word_1_85' title='bbox 563 1155 580 1176; x_wconf 83' lang='grc' dir='ltr'><strong>ο</strong></span> <span class='ocrx_word' id='word_1_86' title='bbox 613 1139 809 1191; x_wconf 82' lang='grc' dir='ltr'>οὐκοῦν</span> <span class='ocrx_word' id='word_1_87' title='bbox 834 1142 893 1192; x_wconf 86' lang='grc' dir='ltr'>οὐ</span> <span class='ocrx_word' id='word_1_88' title='bbox 920 1144 1114 1195; x_wconf 68' lang='grc' dir='ltr'>ταυτὸν</span> <span class='ocrx_word' id='word_1_89' title='bbox 1153 1145 1216 1196; x_wconf 83' lang='grc' dir='ltr'>τὸ</span> <span class='ocrx_word' id='word_1_90' title='bbox 1255 1149 1319 1216; x_wconf 80' lang='grc' dir='ltr'>τῇ</span> <span class='ocrx_word' id='word_1_91' title='bbox 1348 1148 1540 1209; x_wconf 78' lang='grc' dir='ltr'>ἑνώσει</span> <span class='ocrx_word' id='word_1_92' title='bbox 1568 1151 1624 1203; x_wconf 80' lang='grc' dir='ltr'>ἓν</span> <span class='ocrx_word' id='word_1_93' title='bbox 1650 1154 1737 1206; x_wconf 84' lang='grc' dir='ltr'>λε-</span> 
     </span>
    </p>
   </div>
   <div class='ocr_carea' id='block_1_14' title="bbox 150 1227 1733 1305">
    <p class='ocr_par' dir='ltr' id='par_1_14' title="bbox 150 1227 1733 1305">
     <span class='ocr_line' id='line_1_14' title="bbox 150 1227 1733 1305; baseline 0.013 -29"><span class='ocrx_word' id='word_1_94' title='bbox 150 1227 419 1294; x_wconf 85' lang='grc' dir='ltr'>γόμενον,</span> <span class='ocrx_word' id='word_1_95' title='bbox 446 1228 541 1279; x_wconf 78' lang='grc' dir='ltr'>καὶ</span> <span class='ocrx_word' id='word_1_96' title='bbox 568 1227 630 1280; x_wconf 80' lang='grc' dir='ltr'>τὸ</span> <span class='ocrx_word' id='word_1_97' title='bbox 651 1231 715 1298; x_wconf 82' lang='grc' dir='ltr'>τῇ</span> <span class='ocrx_word' id='word_1_98' title='bbox 748 1229 909 1297; x_wconf 83' lang='grc' dir='ltr'>φύσει</span> <span class='ocrx_word' id='word_1_99' title='bbox 936 1231 1013 1284; x_wconf 80' lang='grc' dir='ltr'><strong>ἓν.</strong></span> <span class='ocrx_word' id='word_1_100' title='bbox 1052 1251 1071 1284; x_wconf 70' lang='grc' dir='ltr'><strong>ι</strong></span> <span class='ocrx_word' id='word_1_101' title='bbox 1108 1232 1173 1285; x_wconf 75' lang='grc' dir='ltr'><strong>ΕΞ</strong></span> <span class='ocrx_word' id='word_1_102' title='bbox 1196 1233 1253 1287; x_wconf 81' lang='grc' dir='ltr'>δὲ</span> <span class='ocrx_word' id='word_1_103' title='bbox 1275 1237 1335 1287; x_wconf 81' lang='grc' dir='ltr'>οὐ</span> <span class='ocrx_word' id='word_1_104' title='bbox 1364 1238 1582 1305; x_wconf 79' lang='grc' dir='ltr'>ταυτὸν,</span> <span class='ocrx_word' id='word_1_105' title='bbox 1613 1246 1733 1297; x_wconf 88' lang='grc' dir='ltr'>κατ’</span> 
     </span>
    </p>
   </div>
   <div class='ocr_carea' id='block_1_15' title="bbox 148 1317 1736 1397">
    <p class='ocr_par' dir='ltr' id='par_1_15' title="bbox 148 1317 1736 1397">
     <span class='ocr_line' id='line_1_15' title="bbox 148 1317 1736 1397; baseline 0.011 -27"><span class='ocrx_word' id='word_1_106' title='bbox 148 1317 295 1370; x_wconf 70' lang='grc' dir='ltr'>ἄλλο</span> <span class='ocrx_word' id='word_1_107' title='bbox 318 1317 418 1386; x_wconf 84' lang='grc' dir='ltr'>μὲν</span> <span class='ocrx_word' id='word_1_108' title='bbox 451 1320 658 1383; x_wconf 80' lang='grc' dir='ltr'>ἐκεῖνο,</span> <span class='ocrx_word' id='word_1_109' title='bbox 691 1322 811 1373; x_wconf 78' lang='grc' dir='ltr'>καθ’</span> <span class='ocrx_word' id='word_1_110' title='bbox 841 1322 1028 1392; x_wconf 68' lang='grc' dir='ltr'>ἕτερον</span> <span class='ocrx_word' id='word_1_111' title='bbox 1069 1324 1127 1377; x_wconf 72' lang='grc' dir='ltr'>δὲ</span> <span class='ocrx_word' id='word_1_112' title='bbox 1150 1325 1308 1379; x_wconf 87' lang='grc' dir='ltr'>τοῦτο</span> <span class='ocrx_word' id='word_1_113' title='bbox 1331 1343 1345 1358; x_wconf 89' lang='grc'><strong>·</strong></span> <span class='ocrx_word' id='word_1_114' title='bbox 1372 1329 1526 1385; x_wconf 76' lang='grc' dir='ltr'>ἔσται</span> <span class='ocrx_word' id='word_1_115' title='bbox 1557 1332 1736 1397; x_wconf 86' lang='grc' dir='ltr'>τοίνυν</span> 
     </span>
    </p>
   </div>
   <div class='ocr_carea' id='block_1_16' title="bbox 146 1407 1735 1489">
    <p class='ocr_par' dir='ltr' id='par_1_16' title="bbox 146 1407 1735 1489">
     <span class='ocr_line' id='line_1_16' title="bbox 146 1407 1735 1489; baseline 0.011 -30"><span class='ocrx_word' id='word_1_116' title='bbox 146 1407 224 1459; x_wconf 73' lang='grc' dir='ltr'>τὸ</span> <span class='ocrx_word' id='word_1_117' title='bbox 268 1407 401 1460; x_wconf 85' lang='grc' dir='ltr'>αὐτὸ</span> <span class='ocrx_word' id='word_1_118' title='bbox 434 1407 494 1461; x_wconf 79' lang='grc' dir='ltr'>ἓν</span> <span class='ocrx_word' id='word_1_119' title='bbox 525 1412 617 1463; x_wconf 80' lang='grc' dir='ltr'>καὶ</span> <span class='ocrx_word' id='word_1_120' title='bbox 647 1410 741 1464; x_wconf 88' lang='grc' dir='ltr'><strong>δύο</strong></span> <span class='ocrx_word' id='word_1_121' title='bbox 768 1451 785 1475; x_wconf 83' lang='grc'><strong>,</strong></span> <span class='ocrx_word' id='word_1_122' title='bbox 817 1411 877 1464; x_wconf 81' lang='grc' dir='ltr'>ἒν</span> <span class='ocrx_word' id='word_1_123' title='bbox 910 1413 1010 1481; x_wconf 81' lang='grc' dir='ltr'>μὲν</span> <span class='ocrx_word' id='word_1_124' title='bbox 1046 1417 1112 1486; x_wconf 69' lang='grc' dir='ltr'><strong>τῇ</strong></span> <span class='ocrx_word' id='word_1_125' title='bbox 1145 1415 1369 1483; x_wconf 84' lang='grc' dir='ltr'>ὲνώσει,</span> <span class='ocrx_word' id='word_1_126' title='bbox 1398 1420 1491 1473; x_wconf 91' lang='grc' dir='ltr'><strong>δύο</strong></span> <span class='ocrx_word' id='word_1_127' title='bbox 1517 1422 1573 1475; x_wconf 85' lang='grc' dir='ltr'>δὲ</span> <span class='ocrx_word' id='word_1_128' title='bbox 1614 1428 1735 1489; x_wconf 87' lang='grc' dir='ltr'>ταῖς</span> 
     </span>
    </p>
   </div>
   <div class='ocr_carea' id='block_1_17' title="bbox 147 1496 1734 1571">
    <p class='ocr_par' dir='ltr' id='par_1_17' title="bbox 147 1496 1734 1571">
     <span class='ocr_line' id='line_1_17' title="bbox 147 1496 1734 1571; baseline 0.013 -23"><span class='ocrx_word' id='word_1_129' title='bbox 147 1496 411 1566; x_wconf 83' lang='grc' dir='ltr'>φύσεσιν.</span> <span class='ocrx_word' id='word_1_130' title='bbox 436 1500 498 1551; x_wconf 84' lang='grc' dir='ltr'><strong>Εἰ</strong></span> <span class='ocrx_word' id='word_1_131' title='bbox 518 1499 572 1552; x_wconf 79' lang='grc' dir='ltr'>δὲ</span> <span class='ocrx_word' id='word_1_132' title='bbox 600 1502 674 1571; x_wconf 87' lang='grc' dir='ltr'>μὴ</span> <span class='ocrx_word' id='word_1_133' title='bbox 700 1501 880 1566; x_wconf 84' lang='grc' dir='ltr'>τοῦτο,</span> <span class='ocrx_word' id='word_1_134' title='bbox 905 1504 1058 1557; x_wconf 84' lang='grc' dir='ltr'>ἔσται</span> <span class='ocrx_word' id='word_1_135' title='bbox 1084 1507 1144 1559; x_wconf 84' lang='grc' dir='ltr'>τὸ</span> <span class='ocrx_word' id='word_1_136' title='bbox 1173 1509 1306 1562; x_wconf 84' lang='grc' dir='ltr'>αὐτὸ</span> <span class='ocrx_word' id='word_1_137' title='bbox 1354 1513 1495 1566; x_wconf 86' lang='grc' dir='ltr'><strong>κατά</strong></span> <span class='ocrx_word' id='word_1_138' title='bbox 1516 1513 1576 1566; x_wconf 82' lang='grc' dir='ltr'>τὸ</span> <span class='ocrx_word' id='word_1_139' title='bbox 1603 1516 1734 1569; x_wconf 80' lang='grc' dir='ltr'>αὐτὸ</span> 
     </span>
    </p>
   </div>
   <div class='ocr_carea' id='block_1_18' title="bbox 146 1590 1730 1670">
    <p class='ocr_par' dir='ltr' id='par_1_18' title="bbox 146 1590 1730 1670">
     <span class='ocr_line' id='line_1_18' title="bbox 146 1590 1730 1670; baseline 0.012 -29"><span class='ocrx_word' id='word_1_140' title='bbox 146 1590 255 1643; x_wconf 75' lang='grc' dir='ltr'>καὶ</span> <span class='ocrx_word' id='word_1_141' title='bbox 276 1590 582 1658; x_wconf 83' lang='grc' dir='ltr'>ὁμοούσιον,</span> <span class='ocrx_word' id='word_1_142' title='bbox 598 1593 691 1645; x_wconf 73' lang='grc' dir='ltr'>καὶ</span> <span class='ocrx_word' id='word_1_143' title='bbox 714 1595 1073 1664; x_wconf 83' lang='grc' dir='ltr'>ἑτεροούσιον,</span> <span class='ocrx_word' id='word_1_144' title='bbox 1105 1599 1201 1653; x_wconf 70' lang='grc' dir='ltr'>καὶ</span> <span class='ocrx_word' id='word_1_145' title='bbox 1231 1601 1330 1670; x_wconf 89' lang='grc' dir='ltr'><strong>μία</strong></span> <span class='ocrx_word' id='word_1_146' title='bbox 1357 1603 1537 1670; x_wconf 81' lang='grc' dir='ltr'><strong>φύσις,</strong></span> <span class='ocrx_word' id='word_1_147' title='bbox 1557 1609 1650 1659; x_wconf 69' lang='grc' dir='ltr'><strong>καὶ</strong></span> <span class='ocrx_word' id='word_1_148' title='bbox 1669 1607 1730 1659; x_wconf 76' lang='grc' dir='ltr'>οὐ</span> 
     </span>
    </p>
   </div>
   <div class='ocr_carea' id='block_1_19' title="bbox 150 1678 1729 1770">
    <p class='ocr_par' dir='ltr' id='par_1_19' title="bbox 150 1678 1729 1770">
     <span class='ocr_line' id='line_1_19' title="bbox 150 1678 1729 1770; baseline 0.013 -39"><span class='ocrx_word' id='word_1_149' title='bbox 150 1681 260 1750; x_wconf 81' lang='grc' dir='ltr'><strong>μία</strong></span> <span class='ocrx_word' id='word_1_150' title='bbox 279 1681 459 1749; x_wconf 85' lang='grc' dir='ltr'>φύσις·</span> <span class='ocrx_word' id='word_1_151' title='bbox 481 1678 541 1736; x_wconf 79' lang='grc' dir='ltr'>οὗ</span> <span class='ocrx_word' id='word_1_152' title='bbox 567 1685 619 1736; x_wconf 87' lang='grc' dir='ltr'><strong>τί</strong></span> <span class='ocrx_word' id='word_1_153' title='bbox 636 1684 701 1738; x_wconf 78' lang='grc' dir='ltr'>ἂν</span> <span class='ocrx_word' id='word_1_154' title='bbox 723 1687 934 1753; x_wconf 84' lang='grc' dir='ltr'>γένοιτο</span> <span class='ocrx_word' id='word_1_155' title='bbox 948 1690 1294 1761; x_wconf 81' lang='grc' dir='ltr'><strong>ἀτοπώτερον</strong></span> <span class='ocrx_word' id='word_1_156' title='bbox 1313 1712 1327 1760; x_wconf 88' lang='grc'><strong>;</strong></span> <span class='ocrx_word' id='word_1_157' title='bbox 1345 1694 1532 1760; x_wconf 78' lang='grc' dir='ltr'>Οὕτως</span> <span class='ocrx_word' id='word_1_158' title='bbox 1552 1698 1729 1770; x_wconf 84' lang='grc' dir='ltr'>ύμῖνὴ</span> 
     </span>
    </p>
   </div>
   <div class='ocr_carea' id='block_1_20' title="bbox 1841 494 3487 589">
    <p class='ocr_par' dir='ltr' id='par_1_20' title="bbox 1841 494 3487 589">
     <span class='ocr_line' id='line_1_20' title="bbox 1841 494 3487 589; baseline 0.013 -41"><span class='ocrx_word' id='word_1_159' title='bbox 1841 494 1940 549; x_wconf 90' lang='lat' dir='ltr'><strong>tris</strong></span> <span class='ocrx_word' id='word_1_160' title='bbox 1982 514 1994 549; x_wconf 95' lang='lat'><strong>:</strong></span> <span class='ocrx_word' id='word_1_161' title='bbox 2032 497 2234 554; x_wconf 78' lang='lat' dir='ltr'><strong>dabitis</strong></span> <span class='ocrx_word' id='word_1_162' title='bbox 2275 501 2442 571; x_wconf 80' lang='lat' dir='ltr'><strong>igitur</strong></span> <span class='ocrx_word' id='word_1_163' title='bbox 2471 519 2635 559; x_wconf 86' lang='lat' dir='ltr'><strong>unam</strong></span> <span class='ocrx_word' id='word_1_164' title='bbox 2676 522 2797 563; x_wconf 88' lang='lat' dir='ltr'><strong>esse</strong></span> <span class='ocrx_word' id='word_1_165' title='bbox 2850 518 3100 565; x_wconf 85' lang='lat' dir='ltr'><strong>naturam</strong></span> <span class='ocrx_word' id='word_1_166' title='bbox 3136 513 3320 568; x_wconf 84' lang='lat' dir='ltr'><strong>carnis</strong></span> <span class='ocrx_word' id='word_1_167' title='bbox 3355 524 3412 569; x_wconf 86' lang='lat' dir='ltr'><strong>et</strong></span> <span class='ocrx_word' id='word_1_168' title='bbox 3470 504 3487 589; x_wconf 42' lang='grc' dir='ltr'><strong>ί</strong></span> 
     </span>
    </p>
   </div>
   <div class='ocr_carea' id='block_1_21' title="bbox 1839 587 2415 643">
    <p class='ocr_par' dir='ltr' id='par_1_21' title="bbox 1839 587 2415 643">
     <span class='ocr_line' id='line_1_21' title="bbox 1839 587 2415 643; baseline 0.009 -1"><span class='ocrx_word' id='word_1_169' title='bbox 1839 587 2034 643; x_wconf 78' lang='lat' dir='ltr'><strong>Patris.</strong></span> <span class='ocrx_word' id='word_1_170' title='bbox 2400 606 2415 615; x_wconf 83' lang='lat'><strong><em>&#39;</em></strong></span> 
     </span>
    </p>
   </div>
   <div class='ocr_carea' id='block_1_22' title="bbox 1912 848 3408 926">
    <p class='ocr_par' dir='ltr' id='par_1_22' title="bbox 1912 848 3408 926">
     <span class='ocr_line' id='line_1_22' title="bbox 1912 848 3408 926; baseline 0.016 -23"><span class='ocrx_word' id='word_1_171' title='bbox 1912 869 1931 902; x_wconf 75' lang='grc' dir='ltr'>σ</span> <span class='ocrx_word' id='word_1_172' title='bbox 1970 848 2057 913; x_wconf 82' lang='grc' dir='ltr'><strong>Αι,</strong></span> <span class='ocrx_word' id='word_1_173' title='bbox 2088 852 2369 923; x_wconf 75' lang='lat' dir='ltr'><strong>inquiunt,</strong></span> <span class='ocrx_word' id='word_1_174' title='bbox 2406 873 2516 913; x_wconf 91' lang='lat' dir='ltr'><strong>non</strong></span> <span class='ocrx_word' id='word_1_175' title='bbox 2547 860 2786 918; x_wconf 86' lang='lat' dir='ltr'><strong>dicimus</strong></span> <span class='ocrx_word' id='word_1_176' title='bbox 2822 865 3016 921; x_wconf 91' lang='lat' dir='ltr'><strong>eodem</strong></span> <span class='ocrx_word' id='word_1_177' title='bbox 3048 866 3213 923; x_wconf 88' lang='lat' dir='ltr'><strong>modo</strong></span> <span class='ocrx_word' id='word_1_178' title='bbox 3244 886 3408 926; x_wconf 87' lang='lat' dir='ltr'><strong>unam</strong></span> 
     </span>
    </p>
   </div>
   <div class='ocr_carea' id='block_1_23' title="bbox 1836 944 3409 1019">
    <p class='ocr_par' dir='ltr' id='par_1_23' title="bbox 1836 944 3409 1019">
     <span class='ocr_line' id='line_1_23' title="bbox 1836 944 3409 1019; baseline 0.016 -26"><span class='ocrx_word' id='word_1_179' title='bbox 1836 954 1953 995; x_wconf 89' lang='lat' dir='ltr'><strong>esse</strong></span> <span class='ocrx_word' id='word_1_180' title='bbox 2005 944 2297 1015; x_wconf 89' lang='lat' dir='ltr'><strong>utriusque</strong></span> <span class='ocrx_word' id='word_1_181' title='bbox 2342 957 2625 1019; x_wconf 87' lang='lat' dir='ltr'><strong>naturam;</strong></span> <span class='ocrx_word' id='word_1_182' title='bbox 2656 954 2752 1008; x_wconf 91' lang='lat' dir='ltr'><strong>sed</strong></span> <span class='ocrx_word' id='word_1_183' title='bbox 2786 957 2839 1010; x_wconf 92' lang='lat' dir='ltr'><strong>in</strong></span> <span class='ocrx_word' id='word_1_184' title='bbox 2881 958 3043 1013; x_wconf 91' lang='lat' dir='ltr'><strong>Patre</strong></span> <span class='ocrx_word' id='word_1_185' title='bbox 3074 968 3126 1015; x_wconf 87' lang='lat' dir='ltr'><strong>et</strong></span> <span class='ocrx_word' id='word_1_186' title='bbox 3154 960 3295 1016; x_wconf 87' lang='lat' dir='ltr'><strong>Filio</strong></span> <span class='ocrx_word' id='word_1_187' title='bbox 3316 979 3409 1018; x_wconf 87' lang='lat' dir='ltr'><strong>ea-</strong></span> 
     </span>
    </p>
   </div>
   <div class='ocr_carea' id='block_1_24' title="bbox 1834 1029 3409 1133">
    <p class='ocr_par' dir='ltr' id='par_1_24' title="bbox 1834 1029 3409 1133">
     <span class='ocr_line' id='line_1_24' title="bbox 1834 1029 3409 1133; baseline 0.015 -50"><span class='ocrx_word' id='word_1_188' title='bbox 1834 1029 1958 1085; x_wconf 86' lang='lat' dir='ltr'><strong>dem</strong></span> <span class='ocrx_word' id='word_1_189' title='bbox 1985 1034 2198 1089; x_wconf 77' lang='lat' dir='ltr'><strong>ratione</strong></span> <span class='ocrx_word' id='word_1_190' title='bbox 2226 1046 2469 1107; x_wconf 85' lang='lat' dir='ltr'><strong>naturae;</strong></span> <span class='ocrx_word' id='word_1_191' title='bbox 2504 1041 2597 1097; x_wconf 89' lang='lat' dir='ltr'><strong>hic</strong></span> <span class='ocrx_word' id='word_1_192' title='bbox 2645 1052 2831 1100; x_wconf 86' lang='lat' dir='ltr'><strong>autem</strong></span> <span class='ocrx_word' id='word_1_193' title='bbox 2866 1047 2920 1101; x_wconf 91' lang='lat' dir='ltr'><strong>in</strong></span> <span class='ocrx_word' id='word_1_194' title='bbox 2941 1047 3164 1103; x_wconf 83' lang='lat' dir='ltr'><strong>Christo</strong></span> <span class='ocrx_word' id='word_1_195' title='bbox 3194 1051 3409 1133; x_wconf 80' lang='lat' dir='ltr'><strong>ratione</strong></span> 
     </span>
    </p>
   </div>
   <div class='ocr_carea' id='block_1_25' title="bbox 1835 1122 3404 1204">
    <p class='ocr_par' dir='ltr' id='par_1_25' title="bbox 1835 1122 3404 1204">
     <span class='ocr_line' id='line_1_25' title="bbox 1835 1122 3404 1204; baseline 0.015 -31"><span class='ocrx_word' id='word_1_196' title='bbox 1835 1122 2084 1191; x_wconf 89' lang='lat' dir='ltr'><strong>unionis;</strong></span> <span class='ocrx_word' id='word_1_197' title='bbox 2115 1140 2245 1197; x_wconf 79' lang='lat' dir='ltr'><strong>ergo</strong></span> <span class='ocrx_word' id='word_1_198' title='bbox 2275 1144 2384 1182; x_wconf 93' lang='lat' dir='ltr'><strong>non</strong></span> <span class='ocrx_word' id='word_1_199' title='bbox 2419 1139 2503 1187; x_wconf 90' lang='lat' dir='ltr'><strong>est</strong></span> <span class='ocrx_word' id='word_1_200' title='bbox 2538 1132 2684 1191; x_wconf 89' lang='lat' dir='ltr'><strong>idem</strong></span> <span class='ocrx_word' id='word_1_201' title='bbox 2720 1136 2866 1204; x_wconf 90' lang='lat' dir='ltr'><strong>quod</strong></span> <span class='ocrx_word' id='word_1_202' title='bbox 2891 1138 3095 1193; x_wconf 88' lang='lat' dir='ltr'><strong>unione</strong></span> <span class='ocrx_word' id='word_1_203' title='bbox 3120 1156 3291 1195; x_wconf 86' lang='lat' dir='ltr'><strong>unum</strong></span> <span class='ocrx_word' id='word_1_204' title='bbox 3317 1129 3404 1196; x_wconf 55' lang='lat' dir='ltr'><strong>di?</strong></span> 
     </span>
    </p>
   </div>
   <div class='ocr_carea' id='block_1_26' title="bbox 1833 1210 3406 1289">
    <p class='ocr_par' dir='ltr' id='par_1_26' title="bbox 1833 1210 3406 1289">
     <span class='ocr_line' id='line_1_26' title="bbox 1833 1210 3406 1289; baseline 0.015 -26"><span class='ocrx_word' id='word_1_205' title='bbox 1833 1210 2001 1278; x_wconf 91' lang='lat' dir='ltr'><strong>citur,</strong></span> <span class='ocrx_word' id='word_1_206' title='bbox 2025 1221 2082 1268; x_wconf 91' lang='lat' dir='ltr'><strong>et</strong></span> <span class='ocrx_word' id='word_1_207' title='bbox 2136 1218 2281 1286; x_wconf 91' lang='lat' dir='ltr'><strong>quod</strong></span> <span class='ocrx_word' id='word_1_208' title='bbox 2328 1229 2526 1275; x_wconf 89' lang='lat' dir='ltr'><strong>natura</strong></span> <span class='ocrx_word' id='word_1_209' title='bbox 2580 1240 2772 1280; x_wconf 87' lang='lat' dir='ltr'><strong>unum.</strong></span> <span class='ocrx_word' id='word_1_210' title='bbox 2816 1246 2834 1280; x_wconf 75' lang='grc' dir='ltr'><strong>ι</strong></span> <span class='ocrx_word' id='word_1_211' title='bbox 2866 1228 2922 1283; x_wconf 90' lang='lat' dir='ltr'><strong>Si</strong></span> <span class='ocrx_word' id='word_1_212' title='bbox 2959 1238 3142 1285; x_wconf 90' lang='lat' dir='ltr'><strong>autem</strong></span> <span class='ocrx_word' id='word_1_213' title='bbox 3177 1247 3289 1287; x_wconf 92' lang='lat' dir='ltr'><strong>non</strong></span> <span class='ocrx_word' id='word_1_214' title='bbox 3321 1241 3406 1289; x_wconf 91' lang='lat' dir='ltr'><strong>est</strong></span> 
     </span>
    </p>
   </div>
   <div class='ocr_carea' id='block_1_27' title="bbox 1832 1299 3406 1387">
    <p class='ocr_par' dir='ltr' id='par_1_27' title="bbox 1832 1299 3406 1387">
     <span class='ocr_line' id='line_1_27' title="bbox 1832 1299 3406 1387; baseline 0.017 -33"><span class='ocrx_word' id='word_1_215' title='bbox 1832 1299 2000 1367; x_wconf 88' lang='lat' dir='ltr'><strong>idem,</strong></span> <span class='ocrx_word' id='word_1_216' title='bbox 2053 1309 2356 1363; x_wconf 88' lang='lat' dir='ltr'><strong>secundum</strong></span> <span class='ocrx_word' id='word_1_217' title='bbox 2398 1312 2545 1367; x_wconf 85' lang='lat' dir='ltr'><strong>aliud</strong></span> <span class='ocrx_word' id='word_1_218' title='bbox 2598 1318 2822 1385; x_wconf 87' lang='lat' dir='ltr'><strong>quidem</strong></span> <span class='ocrx_word' id='word_1_219' title='bbox 2877 1321 3047 1387; x_wconf 84' lang='lat' dir='ltr'><strong>illud;</strong></span> <span class='ocrx_word' id='word_1_220' title='bbox 3099 1325 3406 1380; x_wconf 88' lang='lat' dir='ltr'><strong>secundum</strong></span> 
     </span>
    </p>
   </div>
   <div class='ocr_carea' id='block_1_28' title="bbox 1831 1395 3402 1482">
    <p class='ocr_par' dir='ltr' id='par_1_28' title="bbox 1831 1395 3402 1482">
     <span class='ocr_line' id='line_1_28' title="bbox 1831 1395 3402 1482; baseline 0.016 -37"><span class='ocrx_word' id='word_1_221' title='bbox 1831 1408 1961 1447; x_wconf 83' lang='lat' dir='ltr'><strong>vero</strong></span> <span class='ocrx_word' id='word_1_222' title='bbox 2014 1395 2163 1453; x_wconf 88' lang='lat' dir='ltr'><strong>aliud</strong></span> <span class='ocrx_word' id='word_1_223' title='bbox 2192 1398 2297 1452; x_wconf 87' lang='lat' dir='ltr'><strong>hoc</strong></span> <span class='ocrx_word' id='word_1_224' title='bbox 2330 1419 2345 1453; x_wconf 88' lang='lat'><strong>:</strong></span> <span class='ocrx_word' id='word_1_225' title='bbox 2377 1417 2547 1471; x_wconf 84' lang='lat' dir='ltr'><strong>quare</strong></span> <span class='ocrx_word' id='word_1_226' title='bbox 2598 1405 2704 1460; x_wconf 84' lang='lat' dir='ltr'><strong>erit</strong></span> <span class='ocrx_word' id='word_1_227' title='bbox 2752 1408 2900 1463; x_wconf 88' lang='lat' dir='ltr'><strong>idem</strong></span> <span class='ocrx_word' id='word_1_228' title='bbox 2950 1427 3142 1474; x_wconf 87' lang='lat' dir='ltr'><strong>unum,</strong></span> <span class='ocrx_word' id='word_1_229' title='bbox 3175 1424 3231 1469; x_wconf 88' lang='lat' dir='ltr'><strong>et</strong></span> <span class='ocrx_word' id='word_1_230' title='bbox 3256 1414 3402 1482; x_wconf 85' lang='lat' dir='ltr'><strong>duo;</strong></span> 
     </span>
    </p>
   </div>
   <div class='ocr_carea' id='block_1_29' title="bbox 1832 1487 3405 1575">
    <p class='ocr_par' dir='ltr' id='par_1_29' title="bbox 1832 1487 3405 1575">
     <span class='ocr_line' id='line_1_29' title="bbox 1832 1487 3405 1575; baseline 0.017 -40"><span class='ocrx_word' id='word_1_231' title='bbox 1832 1499 2003 1538; x_wconf 87' lang='lat' dir='ltr'><strong>unum</strong></span> <span class='ocrx_word' id='word_1_232' title='bbox 2038 1487 2259 1554; x_wconf 88' lang='lat' dir='ltr'><strong>quidem</strong></span> <span class='ocrx_word' id='word_1_233' title='bbox 2301 1493 2542 1560; x_wconf 85' lang='lat' dir='ltr'><strong>unione;</strong></span> <span class='ocrx_word' id='word_1_234' title='bbox 2578 1496 2690 1551; x_wconf 88' lang='lat' dir='ltr'><strong>duo</strong></span> <span class='ocrx_word' id='word_1_235' title='bbox 2717 1489 2851 1553; x_wconf 81' lang='lat' dir='ltr'><strong>vero</strong></span> <span class='ocrx_word' id='word_1_236' title='bbox 2880 1502 3096 1557; x_wconf 89' lang='lat' dir='ltr'><strong>naturis</strong></span> <span class='ocrx_word' id='word_1_237' title='bbox 3132 1521 3145 1556; x_wconf 91' lang='lat'><strong>:</strong></span> <span class='ocrx_word' id='word_1_238' title='bbox 3178 1505 3322 1575; x_wconf 91' lang='lat' dir='ltr'><strong>quod</strong></span> <span class='ocrx_word' id='word_1_239' title='bbox 3356 1507 3405 1562; x_wconf 87' lang='lat' dir='ltr'><strong>si</strong></span> 
     </span>
    </p>
   </div>
   <div class='ocr_carea' id='block_1_30' title="bbox 1831 1576 3406 1656">
    <p class='ocr_par' dir='ltr' id='par_1_30' title="bbox 1831 1576 3406 1656">
     <span class='ocr_line' id='line_1_30' title="bbox 1831 1576 3406 1656; baseline 0.018 -29"><span class='ocrx_word' id='word_1_240' title='bbox 1831 1590 1943 1629; x_wconf 86' lang='lat' dir='ltr'><strong>non</strong></span> <span class='ocrx_word' id='word_1_241' title='bbox 1989 1576 2116 1642; x_wconf 85' lang='lat' dir='ltr'><strong>hoc,</strong></span> <span class='ocrx_word' id='word_1_242' title='bbox 2147 1582 2255 1634; x_wconf 88' lang='lat' dir='ltr'><strong>erit</strong></span> <span class='ocrx_word' id='word_1_243' title='bbox 2283 1582 2428 1639; x_wconf 88' lang='lat' dir='ltr'><strong>idem</strong></span> <span class='ocrx_word' id='word_1_244' title='bbox 2468 1590 2772 1645; x_wconf 82' lang='lat' dir='ltr'><strong>secundum</strong></span> <span class='ocrx_word' id='word_1_245' title='bbox 2812 1593 2958 1648; x_wconf 90' lang='lat' dir='ltr'><strong>idem</strong></span> <span class='ocrx_word' id='word_1_246' title='bbox 2983 1604 3040 1650; x_wconf 91' lang='lat' dir='ltr'><strong>et</strong></span> <span class='ocrx_word' id='word_1_247' title='bbox 3069 1598 3235 1652; x_wconf 90' lang='lat' dir='ltr'><strong>unius</strong></span> <span class='ocrx_word' id='word_1_248' title='bbox 3268 1600 3406 1656; x_wconf 89' lang='lat' dir='ltr'><strong>sub-</strong></span> 
     </span>
    </p>
   </div>
   <div class='ocr_carea' id='block_1_31' title="bbox 1831 1668 3404 1762">
    <p class='ocr_par' dir='ltr' id='par_1_31' title="bbox 1831 1668 3404 1762">
     <span class='ocr_line' id='line_1_31' title="bbox 1831 1668 3404 1762; baseline 0.02 -43"><span class='ocrx_word' id='word_1_249' title='bbox 1831 1668 2068 1733; x_wconf 82' lang='lat' dir='ltr'><strong>stantiae,</strong></span> <span class='ocrx_word' id='word_1_250' title='bbox 2090 1679 2144 1724; x_wconf 91' lang='lat' dir='ltr'><strong>et</strong></span> <span class='ocrx_word' id='word_1_251' title='bbox 2164 1672 2394 1733; x_wconf 67' lang='lat' dir='ltr'><strong>diversae</strong></span> <span class='ocrx_word' id='word_1_252' title='bbox 2416 1679 2764 1750; x_wconf 84' lang='lat' dir='ltr'><strong>substantiae;</strong></span> <span class='ocrx_word' id='word_1_253' title='bbox 2787 1701 2896 1754; x_wconf 92' lang='lat' dir='ltr'><strong>quo</strong></span> <span class='ocrx_word' id='word_1_254' title='bbox 2913 1689 3045 1757; x_wconf 91' lang='lat' dir='ltr'><strong>quid</strong></span> <span class='ocrx_word' id='word_1_255' title='bbox 3070 1706 3194 1746; x_wconf 87' lang='lat' dir='ltr'><strong>esse</strong></span> <span class='ocrx_word' id='word_1_256' title='bbox 3224 1701 3404 1762; x_wconf 83' lang='lat' dir='ltr'><strong>potest</strong></span> 
     </span>
    </p>
   </div>
   <div class='ocr_carea' id='block_1_32' title="bbox 148 1757 1723 1857">
    <p class='ocr_par' dir='ltr' id='par_1_32' title="bbox 148 1757 1723 1857">
     <span class='ocr_line' id='line_1_32' title="bbox 148 1757 1723 1857; baseline 0.011 -34"><span class='ocrx_word' id='word_1_257' title='bbox 148 1771 259 1840; x_wconf 76' lang='grc' dir='ltr'><strong>μία</strong></span> <span class='ocrx_word' id='word_1_258' title='bbox 281 1772 440 1840; x_wconf 81' lang='grc' dir='ltr'>φύσις</span> <span class='ocrx_word' id='word_1_259' title='bbox 467 1773 756 1844; x_wconf 79' lang='grc' dir='ltr'><strong>λεγομένη,</strong></span> <span class='ocrx_word' id='word_1_260' title='bbox 777 1780 872 1831; x_wconf 66' lang='grc' dir='ltr'><strong>καλ⁸</strong></span> <span class='ocrx_word' id='word_1_261' title='bbox 901 1778 1000 1849; x_wconf 82' lang='grc' dir='ltr'>τὴν</span> <span class='ocrx_word' id='word_1_262' title='bbox 1028 1757 1295 1851; x_wconf 73' lang='grc' dir='ltr'>διαίρεσιν</span> <span class='ocrx_word' id='word_1_263' title='bbox 1315 1757 1418 1839; x_wconf 69' lang='grc' dir='ltr'><strong>⁷οὐκ</strong></span> <span class='ocrx_word' id='word_1_264' title='bbox 1447 1757 1723 1857; x_wconf 61' lang='grc' dir='ltr'>ὲξέφύγεν,</span> 
     </span>
    </p>
   </div>
   <div class='ocr_carea' id='block_1_33' title="bbox 1826 1757 3400 1857">
    <p class='ocr_par' dir='ltr' id='par_1_33' title="bbox 1832 1757 3400 1849">
     <span class='ocr_line' id='line_1_33' title="bbox 1832 1757 3400 1849; baseline 0.02 -42"><span class='ocrx_word' id='word_1_265' title='bbox 1832 1757 2005 1826; x_wconf 80' lang='lat' dir='ltr'><strong>magis</strong></span> <span class='ocrx_word' id='word_1_266' title='bbox 2046 1760 2382 1818; x_wconf 84' lang='lat' dir='ltr'><strong>absurdum?</strong></span> <span class='ocrx_word' id='word_1_267' title='bbox 2415 1768 2505 1823; x_wconf 86' lang='lat' dir='ltr'><strong>Sic</strong></span> <span class='ocrx_word' id='word_1_268' title='bbox 2540 1773 2700 1827; x_wconf 88' lang='lat' dir='ltr'><strong>vobis</strong></span> <span class='ocrx_word' id='word_1_269' title='bbox 2726 1790 2834 1828; x_wconf 84' lang='lat' dir='ltr'><strong>una</strong></span> <span class='ocrx_word' id='word_1_270' title='bbox 2861 1785 3079 1845; x_wconf 87' lang='lat' dir='ltr'><strong>natura,</strong></span> <span class='ocrx_word' id='word_1_271' title='bbox 3111 1796 3278 1849; x_wconf 88' lang='lat' dir='ltr'><strong>quam</strong></span> <span class='ocrx_word' id='word_1_272' title='bbox 3312 1784 3400 1838; x_wconf 83' lang='lat' dir='ltr'><strong>di-</strong></span> 
     </span>
    </p>
   </div>
   <div class='ocr_carea' id='block_1_34' title="bbox 147 1863 1751 1950">
    <p class='ocr_par' dir='ltr' id='par_1_34' title="bbox 147 1863 1751 1950">
     <span class='ocr_line' id='line_1_34' title="bbox 147 1863 1751 1950; baseline 0.013 -37"><span class='ocrx_word' id='word_1_273' title='bbox 147 1864 223 1933; x_wconf 68' lang='grc' dir='ltr'>ἢν</span> <span class='ocrx_word' id='word_1_274' title='bbox 240 1863 357 1932; x_wconf 75' lang='grc' dir='ltr'>ἔχει</span> <span class='ocrx_word' id='word_1_275' title='bbox 378 1866 410 1933; x_wconf 80' lang='grc' dir='ltr'>ἡ</span> <span class='ocrx_word' id='word_1_276' title='bbox 442 1865 604 1932; x_wconf 87' lang='grc' dir='ltr'>φύσις</span> <span class='ocrx_word' id='word_1_277' title='bbox 625 1869 682 1919; x_wconf 79' lang='grc' dir='ltr'>ἐν</span> <span class='ocrx_word' id='word_1_278' title='bbox 711 1867 788 1937; x_wconf 83' lang='grc' dir='ltr'>τῷ</span> <span class='ocrx_word' id='word_1_279' title='bbox 810 1870 1002 1939; x_wconf 72' lang='grc' dir='ltr'>πλήθει</span> <span class='ocrx_word' id='word_1_280' title='bbox 1026 1872 1135 1925; x_wconf 83' lang='grc' dir='ltr'><strong>τῶν</strong></span> <span class='ocrx_word' id='word_1_281' title='bbox 1168 1876 1565 1935; x_wconf 78' lang='grc' dir='ltr'><strong>κοινωνούντων</strong></span> <span class='ocrx_word' id='word_1_282' title='bbox 1587 1881 1751 1950; x_wconf 80' lang='grc' dir='ltr'>αὐτῇ.</span> 
     </span>
    </p>
   </div>
   <div class='ocr_carea' id='block_1_35' title="bbox 142 1954 1727 2036">
    <p class='ocr_par' dir='ltr' id='par_1_35' title="bbox 142 1954 1727 2036">
     <span class='ocr_line' id='line_1_35' title="bbox 142 1954 1727 2036; baseline 0.012 -32"><span class='ocrx_word' id='word_1_283' title='bbox 142 1954 467 2022; x_wconf 76' lang='grc' dir='ltr'><strong>προσώπων</strong></span> <span class='ocrx_word' id='word_1_284' title='bbox 487 1956 629 2025; x_wconf 67' lang='grc'>(25),</span> <span class='ocrx_word' id='word_1_285' title='bbox 664 1958 758 2010; x_wconf 71' lang='grc' dir='ltr'>καὶ</span> <span class='ocrx_word' id='word_1_286' title='bbox 780 1960 880 2028; x_wconf 82' lang='grc' dir='ltr'>τὴν</span> <span class='ocrx_word' id='word_1_287' title='bbox 912 1960 1174 2031; x_wconf 84' lang='grc' dir='ltr'>σύγχυσιν</span> <span class='ocrx_word' id='word_1_288' title='bbox 1206 1969 1619 2036; x_wconf 83' lang='grc' dir='ltr'>παρεισήγαγεν</span> <span class='ocrx_word' id='word_1_289' title='bbox 1668 1972 1727 2023; x_wconf 80' lang='grc' dir='ltr'>ὲν</span> 
     </span>
    </p>
   </div>
   <div class='ocr_carea' id='block_1_36' title="bbox 139 2044 1726 2130">
    <p class='ocr_par' dir='ltr' id='par_1_36' title="bbox 139 2044 1726 2130">
     <span class='ocr_line' id='line_1_36' title="bbox 139 2044 1726 2130; baseline 0.011 -34"><span class='ocrx_word' id='word_1_290' title='bbox 139 2044 235 2113; x_wconf 82' lang='grc' dir='ltr'><strong>τῷ</strong></span> <span class='ocrx_word' id='word_1_291' title='bbox 276 2047 459 2115; x_wconf 83' lang='grc' dir='ltr'>ταυτῷ</span> <span class='ocrx_word' id='word_1_292' title='bbox 505 2048 606 2116; x_wconf 80' lang='grc' dir='ltr'><strong>τῆς</strong></span> <span class='ocrx_word' id='word_1_293' title='bbox 636 2048 899 2102; x_wconf 80' lang='grc' dir='ltr'><strong>συνθέτου</strong></span> <span class='ocrx_word' id='word_1_294' title='bbox 933 2052 1149 2119; x_wconf 83' lang='grc' dir='ltr'>φύσεως</span> <span class='ocrx_word' id='word_1_295' title='bbox 1178 2096 1193 2121; x_wconf 91' lang='grc'><strong>,</strong></span> <span class='ocrx_word' id='word_1_296' title='bbox 1229 2056 1290 2108; x_wconf 85' lang='grc' dir='ltr'>τὸ</span> <span class='ocrx_word' id='word_1_297' title='bbox 1313 2059 1422 2110; x_wconf 79' lang='grc' dir='ltr'><strong>οὐδ’</strong></span> <span class='ocrx_word' id='word_1_298' title='bbox 1466 2061 1726 2130; x_wconf 81' lang='grc' dir='ltr'>ὁπότερον</span> 
     </span>
    </p>
   </div>
   <div class='ocr_carea' id='block_1_37' title="bbox 134 2136 1726 2222">
    <p class='ocr_par' dir='ltr' id='par_1_37' title="bbox 134 2136 1726 2222">
     <span class='ocr_line' id='line_1_37' title="bbox 134 2136 1726 2222; baseline 0.013 -37"><span class='ocrx_word' id='word_1_299' title='bbox 134 2136 264 2187; x_wconf 73' lang='grc' dir='ltr'>τῶν</span> <span class='ocrx_word' id='word_1_300' title='bbox 292 2138 587 2207; x_wconf 75' lang='grc' dir='ltr'>ήνωμένων</span> <span class='ocrx_word' id='word_1_301' title='bbox 611 2144 749 2209; x_wconf 83' lang='grc' dir='ltr'><strong>μετά</strong></span> <span class='ocrx_word' id='word_1_302' title='bbox 775 2146 875 2213; x_wconf 85' lang='grc' dir='ltr'>τὴν</span> <span class='ocrx_word' id='word_1_303' title='bbox 905 2146 1100 2198; x_wconf 71' lang='grc' dir='ltr'>ἕνωσιν</span> <span class='ocrx_word' id='word_1_304' title='bbox 1126 2152 1529 2220; x_wconf 83' lang='grc' dir='ltr'>παραστήσασα</span> <span class='ocrx_word' id='word_1_305' title='bbox 1550 2168 1565 2182; x_wconf 85' lang='grc'><strong>·</strong></span> <span class='ocrx_word' id='word_1_306' title='bbox 1593 2154 1726 2222; x_wconf 78' lang='grc' dir='ltr'>ἡμῖν</span> 
     </span>
    </p>
   </div>
   <div class='ocr_carea' id='block_1_38' title="bbox 136 2229 1726 2308">
    <p class='ocr_par' dir='ltr' id='par_1_38' title="bbox 136 2229 1726 2308">
     <span class='ocr_line' id='line_1_38' title="bbox 136 2229 1726 2308; baseline 0.011 -27"><span class='ocrx_word' id='word_1_307' title='bbox 136 2229 205 2281; x_wconf 77' lang='grc' dir='ltr'>δὲ</span> <span class='ocrx_word' id='word_1_308' title='bbox 229 2231 486 2299; x_wconf 82' lang='grc' dir='ltr'>ἑκάτερα,</span> <span class='ocrx_word' id='word_1_309' title='bbox 522 2233 617 2285; x_wconf 81' lang='grc' dir='ltr'>σὺν</span> <span class='ocrx_word' id='word_1_310' title='bbox 643 2233 763 2304; x_wconf 80' lang='grc' dir='ltr'>Θεῷ</span> <span class='ocrx_word' id='word_1_311' title='bbox 792 2238 980 2302; x_wconf 80' lang='grc' dir='ltr'>φᾶναι,</span> <span class='ocrx_word' id='word_1_312' title='bbox 1006 2238 1190 2301; x_wconf 79' lang='grc' dir='ltr'>καλῶς</span> <span class='ocrx_word' id='word_1_313' title='bbox 1224 2241 1589 2308; x_wconf 84' lang='grc' dir='ltr'>πεφύλακται,</span> <span class='ocrx_word' id='word_1_314' title='bbox 1626 2245 1726 2298; x_wconf 76' lang='grc' dir='ltr'>καὶ</span> 
     </span>
    </p>
   </div>
   <div class='ocr_carea' id='block_1_39' title="bbox 140 2319 1726 2406">
    <p class='ocr_par' dir='ltr' id='par_1_39' title="bbox 140 2319 1726 2406">
     <span class='ocr_line' id='line_1_39' title="bbox 140 2319 1726 2406; baseline 0.011 -36"><span class='ocrx_word' id='word_1_315' title='bbox 140 2319 212 2371; x_wconf 71' lang='grc' dir='ltr'><strong>τὸ</strong></span> <span class='ocrx_word' id='word_1_316' title='bbox 244 2321 503 2390; x_wconf 84' lang='grc' dir='ltr'>διάφορον</span> <span class='ocrx_word' id='word_1_317' title='bbox 534 2323 644 2375; x_wconf 82' lang='grc' dir='ltr'>τῶν</span> <span class='ocrx_word' id='word_1_318' title='bbox 668 2326 986 2395; x_wconf 82' lang='grc' dir='ltr'>ήνωμένων,</span> <span class='ocrx_word' id='word_1_319' title='bbox 1019 2326 1121 2382; x_wconf 87' lang='grc' dir='ltr'><strong>κάν</strong></span> <span class='ocrx_word' id='word_1_320' title='bbox 1146 2333 1211 2400; x_wconf 81' lang='grc' dir='ltr'>τῇ</span> <span class='ocrx_word' id='word_1_321' title='bbox 1242 2331 1433 2386; x_wconf 84' lang='grc' dir='ltr'>ὲνώσει</span> <span class='ocrx_word' id='word_1_322' title='bbox 1457 2333 1536 2404; x_wconf 82' lang='grc' dir='ltr'><strong>τῷ</strong></span> <span class='ocrx_word' id='word_1_323' title='bbox 1563 2334 1726 2406; x_wconf 86' lang='grc' dir='ltr'>διττῷ</span> 
     </span>
    </p>
   </div>
   <div class='ocr_carea' id='block_1_40' title="bbox 136 2411 1724 2486">
    <p class='ocr_par' dir='ltr' id='par_1_40' title="bbox 136 2411 1724 2486">
     <span class='ocr_line' id='line_1_40' title="bbox 136 2411 1724 2486; baseline 0.013 -25"><span class='ocrx_word' id='word_1_324' title='bbox 136 2411 255 2478; x_wconf 81' lang='grc' dir='ltr'><strong>τῆς</strong></span> <span class='ocrx_word' id='word_1_325' title='bbox 302 2411 515 2480; x_wconf 82' lang='grc' dir='ltr'>φύσεως</span> <span class='ocrx_word' id='word_1_326' title='bbox 571 2417 1238 2486; x_wconf 72' lang='grc' dir='ltr'>καταγγελλόμενον,καὶ</span> <span class='ocrx_word' id='word_1_327' title='bbox 1288 2424 1351 2476; x_wconf 80' lang='grc' dir='ltr'>τὸ</span> <span class='ocrx_word' id='word_1_328' title='bbox 1398 2426 1594 2479; x_wconf 81' lang='grc' dir='ltr'>ταυτὸν</span> <span class='ocrx_word' id='word_1_329' title='bbox 1630 2427 1724 2481; x_wconf 80' lang='grc' dir='ltr'>τοῦ</span> 
     </span>
    </p>
   </div>
   <div class='ocr_carea' id='block_1_41' title="bbox 140 2500 1725 2587">
    <p class='ocr_par' dir='ltr' id='par_1_41' title="bbox 140 2500 1725 2587">
     <span class='ocr_line' id='line_1_41' title="bbox 140 2500 1725 2587; baseline 0.013 -37"><span class='ocrx_word' id='word_1_330' title='bbox 140 2500 453 2566; x_wconf 78' lang='grc' dir='ltr'>προσώπου</span> <span class='ocrx_word' id='word_1_331' title='bbox 473 2543 488 2567; x_wconf 88' lang='grc'><strong>,</strong></span> <span class='ocrx_word' id='word_1_332' title='bbox 519 2504 606 2556; x_wconf 84' lang='grc' dir='ltr'>διὰ</span> <span class='ocrx_word' id='word_1_333' title='bbox 633 2506 732 2573; x_wconf 80' lang='grc' dir='ltr'><strong>τῆς</strong></span> <span class='ocrx_word' id='word_1_334' title='bbox 761 2522 870 2559; x_wconf 89' lang='grc' dir='ltr'><strong>των</strong></span> <span class='ocrx_word' id='word_1_335' title='bbox 897 2510 1194 2578; x_wconf 80' lang='grc' dir='ltr'>ἡνωμένων</span> <span class='ocrx_word' id='word_1_336' title='bbox 1229 2513 1444 2580; x_wconf 84' lang='grc' dir='ltr'>φύσεων</span> <span class='ocrx_word' id='word_1_337' title='bbox 1481 2519 1559 2581; x_wconf 84' lang='grc' dir='ltr'><strong>είς</strong></span> <span class='ocrx_word' id='word_1_338' title='bbox 1594 2518 1725 2587; x_wconf 88' lang='grc' dir='ltr'>μίαν</span> 
     </span>
    </p>
   </div>
   <div class='ocr_carea' id='block_1_42' title="bbox 138 2592 1411 2673">
    <p class='ocr_par' dir='ltr' id='par_1_42' title="bbox 138 2592 1411 2673">
     <span class='ocr_line' id='line_1_42' title="bbox 138 2592 1411 2673; baseline 0.013 -31"><span class='ocrx_word' id='word_1_339' title='bbox 138 2592 450 2647; x_wconf 70' lang='grc' dir='ltr'>ὑπόστασιν</span> <span class='ocrx_word' id='word_1_340' title='bbox 474 2595 786 2666; x_wconf 81' lang='grc' dir='ltr'>συνδρομῆς</span> <span class='ocrx_word' id='word_1_341' title='bbox 814 2599 1411 2673; x_wconf 81' lang='grc' dir='ltr'>ἀνακεφαλαιούμενον.</span> 
     </span>
    </p>
   </div>
   <div class='ocr_carea' id='block_1_43' title="bbox 229 2770 1721 2849">
    <p class='ocr_par' dir='ltr' id='par_1_43' title="bbox 229 2770 1721 2849">
     <span class='ocr_line' id='line_1_43' title="bbox 229 2770 1721 2849; baseline 0.015 -28"><span class='ocrx_word' id='word_1_342' title='bbox 229 2791 247 2821; x_wconf 74' lang='grc' dir='ltr'>σ</span> <span class='ocrx_word' id='word_1_343' title='bbox 284 2770 479 2833; x_wconf 81' lang='grc' dir='ltr'>Καθὼς</span> <span class='ocrx_word' id='word_1_344' title='bbox 508 2789 591 2825; x_wconf 85' lang='grc' dir='ltr'><strong>σοι</strong></span> <span class='ocrx_word' id='word_1_345' title='bbox 618 2772 763 2837; x_wconf 78' lang='grc' dir='ltr'>ἔδοξε</span> <span class='ocrx_word' id='word_1_346' title='bbox 794 2776 1175 2844; x_wconf 85' lang='grc' dir='ltr'>προδιεστείλω</span> <span class='ocrx_word' id='word_1_347' title='bbox 1200 2782 1295 2835; x_wconf 74' lang='grc' dir='ltr'><strong>ἐπὶ</strong></span> <span class='ocrx_word' id='word_1_348' title='bbox 1318 2782 1412 2836; x_wconf 85' lang='grc' dir='ltr'><strong>τοῦ</strong></span> <span class='ocrx_word' id='word_1_349' title='bbox 1436 2786 1563 2849; x_wconf 77' lang='grc' dir='ltr'>καθ’</span> <span class='ocrx_word' id='word_1_350' title='bbox 1591 2788 1721 2842; x_wconf 76' lang='grc' dir='ltr'>ἐκα-</span> 
     </span>
    </p>
   </div>
   <div class='ocr_carea' id='block_1_44' title="bbox 141 2855 1721 2945">
    <p class='ocr_par' dir='ltr' id='par_1_44' title="bbox 141 2855 1721 2945">
     <span class='ocr_line' id='line_1_44' title="bbox 141 2855 1721 2945; baseline 0.013 -32"><span class='ocrx_word' id='word_1_351' title='bbox 141 2855 617 2931; x_wconf 79' lang='grc' dir='ltr'>στονὰνθρώπου,</span> <span class='ocrx_word' id='word_1_352' title='bbox 640 2864 733 2918; x_wconf 90' lang='grc' dir='ltr'><strong>δύο</strong></span> <span class='ocrx_word' id='word_1_353' title='bbox 764 2866 1018 2934; x_wconf 83' lang='grc' dir='ltr'>λέγεσθαι</span> <span class='ocrx_word' id='word_1_354' title='bbox 1047 2869 1239 2937; x_wconf 86' lang='grc' dir='ltr'>φύσεις</span> <span class='ocrx_word' id='word_1_355' title='bbox 1261 2874 1354 2927; x_wconf 78' lang='grc' dir='ltr'>καὶ</span> <span class='ocrx_word' id='word_1_356' title='bbox 1378 2876 1509 2945; x_wconf 83' lang='grc' dir='ltr'>μίαν</span> <span class='ocrx_word' id='word_1_357' title='bbox 1530 2896 1542 2909; x_wconf 91' lang='grc'><strong>·</strong></span> <span class='ocrx_word' id='word_1_358' title='bbox 1574 2879 1634 2943; x_wconf 79' lang='grc' dir='ltr'><strong>ἐξ</strong></span> <span class='ocrx_word' id='word_1_359' title='bbox 1660 2874 1721 2934; x_wconf 77' lang='grc' dir='ltr'>οὗ</span> 
     </span>
    </p>
   </div>
   <div class='ocr_carea' id='block_1_45' title="bbox 138 2954 1722 3038">
    <p class='ocr_par' dir='ltr' id='par_1_45' title="bbox 138 2954 1722 3038">
     <span class='ocr_line' id='line_1_45' title="bbox 138 2954 1722 3038; baseline 0.013 -33"><span class='ocrx_word' id='word_1_360' title='bbox 138 2954 198 3005; x_wconf 81' lang='grc' dir='ltr'><strong>τί</strong></span> <span class='ocrx_word' id='word_1_361' title='bbox 225 2954 544 3020; x_wconf 76' lang='grc' dir='ltr'>ἀκολουῡεῖς</span> <span class='ocrx_word' id='word_1_362' title='bbox 578 2955 651 3007; x_wconf 85' lang='grc' dir='ltr'>Τὸ</span> <span class='ocrx_word' id='word_1_363' title='bbox 681 2957 774 3008; x_wconf 76' lang='grc' dir='ltr'><strong>ἐπὶ</strong></span> <span class='ocrx_word' id='word_1_364' title='bbox 806 2959 1043 3027; x_wconf 74' lang='grc' dir='ltr'>Χριστοῦ</span> <span class='ocrx_word' id='word_1_365' title='bbox 1084 2962 1156 3031; x_wconf 86' lang='grc' dir='ltr'>μὴ</span> <span class='ocrx_word' id='word_1_366' title='bbox 1186 2964 1279 3017; x_wconf 87' lang='grc' dir='ltr'><strong>δύο</strong></span> <span class='ocrx_word' id='word_1_367' title='bbox 1329 2968 1493 3034; x_wconf 84' lang='grc' dir='ltr'>μόνον</span> <span class='ocrx_word' id='word_1_368' title='bbox 1531 2971 1722 3038; x_wconf 88' lang='grc' dir='ltr'>φύσεις</span> 
     </span>
    </p>
   </div>
   <div class='ocr_carea' id='block_1_46' title="bbox 140 3048 1717 3136">
    <p class='ocr_par' dir='ltr' id='par_1_46' title="bbox 140 3048 1717 3136">
     <span class='ocr_line' id='line_1_46' title="bbox 140 3048 1717 3136; baseline 0.013 -36"><span class='ocrx_word' id='word_1_369' title='bbox 140 3048 434 3117; x_wconf 78' lang='grc' dir='ltr'>ὁμολογεῖν</span> <span class='ocrx_word' id='word_1_370' title='bbox 458 3089 472 3113; x_wconf 88' lang='grc'><strong>,</strong></span> <span class='ocrx_word' id='word_1_371' title='bbox 506 3049 645 3102; x_wconf 75' lang='grc' dir='ltr'>ἀλλὰ</span> <span class='ocrx_word' id='word_1_372' title='bbox 690 3052 785 3104; x_wconf 80' lang='grc' dir='ltr'>καὶ</span> <span class='ocrx_word' id='word_1_373' title='bbox 812 3056 981 3122; x_wconf 84' lang='grc' dir='ltr'>τρεῖς.</span> <span class='ocrx_word' id='word_1_374' title='bbox 1042 3056 1165 3119; x_wconf 81' lang='grc' dir='ltr'><strong>Πῶς</strong></span> <span class='ocrx_word' id='word_1_375' title='bbox 1208 3060 1387 3115; x_wconf 85' lang='grc' dir='ltr'>τοίνυν</span> <span class='ocrx_word' id='word_1_376' title='bbox 1427 3064 1486 3115; x_wconf 81' lang='grc' dir='ltr'>τὸ</span> <span class='ocrx_word' id='word_1_377' title='bbox 1531 3066 1717 3136; x_wconf 73' lang='grc' dir='ltr'>ἕτερον</span> 
     </span>
    </p>
   </div>
   <div class='ocr_carea' id='block_1_47' title="bbox 138 3138 581 3207">
    <p class='ocr_par' dir='ltr' id='par_1_47' title="bbox 138 3138 581 3207">
     <span class='ocr_line' id='line_1_47' title="bbox 138 3138 581 3207; baseline 0.005 -16"><span class='ocrx_word' id='word_1_378' title='bbox 138 3138 543 3207; x_wconf 75' lang='grc' dir='ltr'>ὁμολογοῦντες</span> <span class='ocrx_word' id='word_1_379' title='bbox 566 3179 581 3204; x_wconf 87' lang='grc'><strong>,</strong></span> 
     </span>
    </p>
   </div>
   <div class='ocr_carea' id='block_1_48' title="bbox 141 3231 1714 3317">
    <p class='ocr_par' dir='ltr' id='par_1_48' title="bbox 141 3231 1714 3317">
     <span class='ocr_line' id='line_1_48' title="bbox 141 3231 1714 3317; baseline 0.013 -36"><span class='ocrx_word' id='word_1_380' title='bbox 141 3231 364 3298; x_wconf 78' lang='grc' dir='ltr'><strong>ἀνάγκη</strong></span> <span class='ocrx_word' id='word_1_381' title='bbox 396 3232 489 3284; x_wconf 78' lang='grc' dir='ltr'>τοῦ</span> <span class='ocrx_word' id='word_1_382' title='bbox 522 3232 701 3300; x_wconf 83' lang='grc' dir='ltr'>λόγου,</span> <span class='ocrx_word' id='word_1_383' title='bbox 734 3235 892 3288; x_wconf 84' lang='grc' dir='ltr'>τοῦτό</span> <span class='ocrx_word' id='word_1_384' title='bbox 918 3254 977 3289; x_wconf 89' lang='grc' dir='ltr'><strong>σε</strong></span> <span class='ocrx_word' id='word_1_385' title='bbox 1007 3235 1188 3306; x_wconf 80' lang='grc' dir='ltr'>λέγειν</span> <span class='ocrx_word' id='word_1_386' title='bbox 1223 3243 1316 3294; x_wconf 73' lang='grc' dir='ltr'>καὶ</span> <span class='ocrx_word' id='word_1_387' title='bbox 1344 3243 1418 3313; x_wconf 82' lang='grc' dir='ltr'>μὴ</span> <span class='ocrx_word' id='word_1_388' title='bbox 1454 3245 1714 3317; x_wconf 85' lang='grc' dir='ltr'>βουλόμε-</span> 
     </span>
    </p>
   </div>
   <div class='ocr_carea' id='block_1_49' title="bbox 139 3322 1715 3407">
    <p class='ocr_par' dir='ltr' id='par_1_49' title="bbox 139 3322 1715 3407">
     <span class='ocr_line' id='line_1_49' title="bbox 139 3322 1715 3407; baseline 0.013 -35"><span class='ocrx_word' id='word_1_389' title='bbox 139 3339 238 3373; x_wconf 90' lang='grc' dir='ltr'><strong>νον</strong></span> <span class='ocrx_word' id='word_1_390' title='bbox 278 3322 621 3386; x_wconf 76' lang='grc' dir='ltr'>ὲξεὸιάσατο.</span> <span class='ocrx_word' id='word_1_391' title='bbox 661 3344 680 3378; x_wconf 69' lang='grc' dir='ltr'><strong>ι</strong></span> <span class='ocrx_word' id='word_1_392' title='bbox 712 3326 777 3378; x_wconf 89' lang='grc' dir='ltr'><strong>Τί</strong></span> <span class='ocrx_word' id='word_1_393' title='bbox 805 3322 899 3380; x_wconf 80' lang='grc' dir='ltr'><strong>οὖν</strong></span> <span class='ocrx_word' id='word_1_394' title='bbox 932 3330 1093 3398; x_wconf 81' lang='grc' dir='ltr'>ἡμεῖς</span> <span class='ocrx_word' id='word_1_395' title='bbox 1138 3332 1276 3401; x_wconf 83' lang='grc' dir='ltr'>πρὸς</span> <span class='ocrx_word' id='word_1_396' title='bbox 1307 3333 1520 3403; x_wconf 85' lang='grc' dir='ltr'>ταῦτα;</span> <span class='ocrx_word' id='word_1_397' title='bbox 1559 3339 1622 3390; x_wconf 90' lang='grc' dir='ltr'>Τί</span> <span class='ocrx_word' id='word_1_398' title='bbox 1651 3357 1715 3407; x_wconf 87' lang='grc' dir='ltr'><strong>γε</strong></span> 
     </span>
    </p>
   </div>
   <div class='ocr_carea' id='block_1_50' title="bbox 137 3414 1716 3498">
    <p class='ocr_par' dir='ltr' id='par_1_50' title="bbox 137 3414 1716 3498">
     <span class='ocr_line' id='line_1_50' title="bbox 137 3414 1716 3498; baseline 0.011 -32"><span class='ocrx_word' id='word_1_399' title='bbox 137 3414 353 3485; x_wconf 69' lang='grc' dir='ltr'>ἓτερον,</span> <span class='ocrx_word' id='word_1_400' title='bbox 395 3416 427 3486; x_wconf 80' lang='grc' dir='ltr'><strong>ἥ</strong></span> <span class='ocrx_word' id='word_1_401' title='bbox 454 3417 590 3487; x_wconf 82' lang='grc' dir='ltr'>ὅπερ</span> <span class='ocrx_word' id='word_1_402' title='bbox 618 3418 709 3470; x_wconf 75' lang='grc' dir='ltr'>καὶ</span> <span class='ocrx_word' id='word_1_403' title='bbox 741 3419 977 3488; x_wconf 79' lang='grc' dir='ltr'>ἁρμόζον</span> <span class='ocrx_word' id='word_1_404' title='bbox 1012 3421 1164 3474; x_wconf 74' lang='grc' dir='ltr'>ἐστὶν</span> <span class='ocrx_word' id='word_1_405' title='bbox 1190 3425 1390 3490; x_wconf 83' lang='grc' dir='ltr'>αὐτοῖς,</span> <span class='ocrx_word' id='word_1_406' title='bbox 1421 3427 1503 3480; x_wconf 84' lang='grc' dir='ltr'>ὅτι</span> <span class='ocrx_word' id='word_1_407' title='bbox 1528 3430 1716 3498; x_wconf 72' lang='grc' dir='ltr'>Σοφία</span> 
     </span>
    </p>
   </div>
   <div class='ocr_carea' id='block_1_51' title="bbox 135 3501 1713 3579">
    <p class='ocr_par' dir='ltr' id='par_1_51' title="bbox 135 3501 1713 3579">
     <span class='ocr_line' id='line_1_51' title="bbox 135 3501 1713 3579; baseline 0.003 -24"><span class='ocrx_word' id='word_1_408' title='bbox 135 3501 345 3571; x_wconf 53' lang='grc' dir='ltr'>,ιιωροὗ</span> <span class='ocrx_word' id='word_1_409' title='bbox 370 3503 560 3566; x_wconf 78' lang='grc' dir='ltr'>ἐστιν,</span> <span class='ocrx_word' id='word_1_410' title='bbox 586 3505 730 3558; x_wconf 82' lang='grc' dir='ltr'>κατὰ</span> <span class='ocrx_word' id='word_1_411' title='bbox 759 3506 857 3576; x_wconf 78' lang='grc' dir='ltr'>τὴν</span> <span class='ocrx_word' id='word_1_412' title='bbox 884 3507 923 3558; x_wconf 86' lang='grc' dir='ltr'><strong>Γ</strong></span> <span class='ocrx_word' id='word_1_413' title='bbox 927 3510 1132 3579; x_wconf 85' lang='grc' dir='ltr'>ραφὴν,</span> <span class='ocrx_word' id='word_1_414' title='bbox 1166 3511 1579 3576; x_wconf 77' lang='grc' dir='ltr'>ἀδιεξέταστοι</span> <span class='ocrx_word' id='word_1_415' title='bbox 1609 3521 1713 3572; x_wconf 72' lang='grc' dir='ltr'><strong>λέ-</strong></span> 
     </span>
    </p>
   </div>
   <div class='ocr_carea' id='block_1_52' title="bbox 140 3584 1714 3674">
    <p class='ocr_par' dir='ltr' id='par_1_52' title="bbox 140 3584 1714 3674">
     <span class='ocr_line' id='line_1_52' title="bbox 140 3584 1714 3674; baseline 0.011 -28"><span class='ocrx_word' id='word_1_416' title='bbox 140 3612 275 3663; x_wconf 73' lang='grc' dir='ltr'>γοις</span> <span class='ocrx_word' id='word_1_417' title='bbox 300 3595 436 3657; x_wconf 79' lang='grc' dir='ltr'><strong>Τοὺς</strong></span> <span class='ocrx_word' id='word_1_418' title='bbox 459 3584 566 3664; x_wconf 82' lang='grc' dir='ltr'><strong>γάρ</strong></span> <span class='ocrx_word' id='word_1_419' title='bbox 585 3596 745 3659; x_wconf 82' lang='grc' dir='ltr'>ἰδίους</span> <span class='ocrx_word' id='word_1_420' title='bbox 765 3596 1037 3666; x_wconf 58' lang='lat' dir='ltr'><strong>cbo-mpod</strong></span> <span class='ocrx_word' id='word_1_421' title='bbox 1059 3601 1491 3674; x_wconf 85' lang='grc' dir='ltr'>διαμασώμενοι,</span> <span class='ocrx_word' id='word_1_422' title='bbox 1514 3610 1609 3662; x_wconf 74' lang='grc' dir='ltr'>καὶ</span> <span class='ocrx_word' id='word_1_423' title='bbox 1626 3610 1714 3665; x_wconf 86' lang='grc' dir='ltr'><strong>διά</strong></span> 
     </span>
    </p>
   </div>
   <div class='ocr_carea' id='block_1_53' title="bbox 137 3681 1713 3763">
    <p class='ocr_par' dir='ltr' id='par_1_53' title="bbox 137 3681 1713 3763">
     <span class='ocr_line' id='line_1_53' title="bbox 137 3681 1713 3763; baseline 0.01 -30"><span class='ocrx_word' id='word_1_424' title='bbox 137 3681 302 3735; x_wconf 81' lang='grc' dir='ltr'>τοῦτο</span> <span class='ocrx_word' id='word_1_425' title='bbox 327 3683 448 3735; x_wconf 82' lang='grc' dir='ltr'><strong>οὐδὲ</strong></span> <span class='ocrx_word' id='word_1_426' title='bbox 486 3684 783 3747; x_wconf 75' lang='grc' dir='ltr'>πέπτοντες</span> <span class='ocrx_word' id='word_1_427' title='bbox 813 3684 1024 3755; x_wconf 82' lang='grc' dir='ltr'>λόγους,</span> <span class='ocrx_word' id='word_1_428' title='bbox 1051 3687 1115 3739; x_wconf 84' lang='grc' dir='ltr'>ὲκ</span> <span class='ocrx_word' id='word_1_429' title='bbox 1143 3688 1325 3742; x_wconf 83' lang='grc' dir='ltr'>κακῶν</span> <span class='ocrx_word' id='word_1_430' title='bbox 1354 3693 1449 3761; x_wconf 83' lang='grc' dir='ltr'><strong>τῆς</strong></span> <span class='ocrx_word' id='word_1_431' title='bbox 1472 3693 1713 3763; x_wconf 83' lang='grc' dir='ltr'>ἀμαθίας</span> 
     </span>
    </p>
   </div>
   <div class='ocr_carea' id='block_1_54' title="bbox 139 3773 1712 3859">
    <p class='ocr_par' dir='ltr' id='par_1_54' title="bbox 139 3773 1712 3859">
     <span class='ocr_line' id='line_1_54' title="bbox 139 3773 1712 3859; baseline 0.008 -34"><span class='ocrx_word' id='word_1_432' title='bbox 139 3773 359 3826; x_wconf 81' lang='grc' dir='ltr'>σιτείων</span> <span class='ocrx_word' id='word_1_433' title='bbox 406 3774 610 3843; x_wconf 81' lang='grc' dir='ltr'>ὲρυγάς</span> <span class='ocrx_word' id='word_1_434' title='bbox 663 3776 793 3845; x_wconf 79' lang='grc' dir='ltr'>ἡμῖν</span> <span class='ocrx_word' id='word_1_435' title='bbox 835 3776 931 3829; x_wconf 76' lang='grc' dir='ltr'>καὶ</span> <span class='ocrx_word' id='word_1_436' title='bbox 964 3777 1192 3845; x_wconf 78' lang='grc' dir='ltr'>ἀτμοὺς,</span> <span class='ocrx_word' id='word_1_437' title='bbox 1236 3779 1352 3843; x_wconf 81' lang='grc' dir='ltr'><strong>πῶς</strong></span> <span class='ocrx_word' id='word_1_438' title='bbox 1389 3781 1455 3834; x_wconf 84' lang='grc' dir='ltr'>ἂν</span> <span class='ocrx_word' id='word_1_439' title='bbox 1484 3784 1712 3859; x_wconf 70' lang='grc' dir='ltr'>ἀλύπως</span> 
     </span>
    </p>
   </div>
   <div class='ocr_carea' id='block_1_55' title="bbox 141 3864 1712 3944">
    <p class='ocr_par' dir='ltr' id='par_1_55' title="bbox 141 3864 1712 3944">
     <span class='ocr_line' id='line_1_55' title="bbox 141 3864 1712 3944; baseline 0.009 -29"><span class='ocrx_word' id='word_1_440' title='bbox 141 3864 393 3932; x_wconf 78' lang='grc' dir='ltr'>είποιμι,</span> <span class='ocrx_word' id='word_1_441' title='bbox 425 3865 522 3917; x_wconf 82' lang='grc' dir='ltr'>καὶ</span> <span class='ocrx_word' id='word_1_442' title='bbox 567 3864 669 3918; x_wconf 83' lang='grc' dir='ltr'><strong>οὐκ</strong></span> <span class='ocrx_word' id='word_1_443' title='bbox 711 3865 931 3928; x_wconf 66' lang='grc' dir='ltr'>εὐώδεις</span> <span class='ocrx_word' id='word_1_444' title='bbox 975 3866 1463 3937; x_wconf 77' lang='grc' dir='ltr'>ἁναπεμπάζουσι.</span> <span class='ocrx_word' id='word_1_445' title='bbox 1522 3874 1712 3944; x_wconf 85' lang='grc' dir='ltr'>Πάσης</span> 
     </span>
    </p>
   </div>
   <div class='ocr_carea' id='block_1_56' title="bbox 135 3954 1710 4032">
    <p class='ocr_par' dir='ltr' id='par_1_56' title="bbox 135 3954 1710 4032">
     <span class='ocr_line' id='line_1_56' title="bbox 135 3954 1710 4032; baseline 0.008 -26"><span class='ocrx_word' id='word_1_446' title='bbox 135 3955 251 4024; x_wconf 83' lang='grc' dir='ltr'><strong>γὰρ</strong></span> <span class='ocrx_word' id='word_1_447' title='bbox 288 3954 570 4025; x_wconf 81' lang='grc' dir='ltr'>ζητήσεως</span> <span class='ocrx_word' id='word_1_448' title='bbox 603 3956 663 4008; x_wconf 86' lang='grc' dir='ltr'>τὸ</span> <span class='ocrx_word' id='word_1_449' title='bbox 703 3956 1082 4026; x_wconf 79' lang='grc' dir='ltr'>ἀπορούμενον</span> <span class='ocrx_word' id='word_1_450' title='bbox 1123 3957 1526 4032; x_wconf 84' lang='grc' dir='ltr'>διασκοπούσης</span> <span class='ocrx_word' id='word_1_451' title='bbox 1549 4002 1563 4027; x_wconf 90' lang='grc'><strong>,</strong></span> <span class='ocrx_word' id='word_1_452' title='bbox 1600 3966 1710 4018; x_wconf 73' lang='grc' dir='ltr'><strong>κάκ</strong></span> 
     </span>
    </p>
   </div>
   <div class='ocr_carea' id='block_1_57' title="bbox 134 4041 1707 4117">
    <p class='ocr_par' dir='ltr' id='par_1_57' title="bbox 134 4041 1707 4117">
     <span class='ocr_line' id='line_1_57' title="bbox 134 4041 1707 4117; baseline 0.008 -26"><span class='ocrx_word' id='word_1_453' title='bbox 134 4041 250 4092; x_wconf 83' lang='grc' dir='ltr'>τῶν</span> <span class='ocrx_word' id='word_1_454' title='bbox 301 4041 748 4111; x_wconf 78' lang='grc' dir='ltr'>ὁμολογουμένων</span> <span class='ocrx_word' id='word_1_455' title='bbox 807 4042 958 4112; x_wconf 85' lang='grc' dir='ltr'>αὐτῷ</span> <span class='ocrx_word' id='word_1_456' title='bbox 1005 4045 1508 4117; x_wconf 83' lang='grc' dir='ltr'>συμπεραινούσης,</span> <span class='ocrx_word' id='word_1_457' title='bbox 1548 4052 1596 4103; x_wconf 83' lang='grc' dir='ltr'><strong>οἱ</strong></span> <span class='ocrx_word' id='word_1_458' title='bbox 1649 4050 1707 4103; x_wconf 82' lang='grc' dir='ltr'>δὲ</span> 
     </span>
    </p>
   </div>
   <div class='ocr_carea' id='block_1_58' title="bbox 136 4129 1706 4207">
    <p class='ocr_par' dir='ltr' id='par_1_58' title="bbox 136 4129 1706 4207">
     <span class='ocr_line' id='line_1_58' title="bbox 136 4129 1706 4207; baseline 0.009 -27"><span class='ocrx_word' id='word_1_459' title='bbox 136 4129 293 4200; x_wconf 66' lang='grc' dir='ltr'>(οὐδε</span> <span class='ocrx_word' id='word_1_460' title='bbox 335 4129 442 4202; x_wconf 83' lang='grc' dir='ltr'>γάρ</span> <span class='ocrx_word' id='word_1_461' title='bbox 501 4133 606 4183; x_wconf 83' lang='grc' dir='ltr'>είσι</span> <span class='ocrx_word' id='word_1_462' title='bbox 638 4132 794 4200; x_wconf 77' lang='grc' dir='ltr'>σοφοὶ</span> <span class='ocrx_word' id='word_1_463' title='bbox 817 4173 832 4198; x_wconf 89' lang='grc'><strong>,</strong></span> <span class='ocrx_word' id='word_1_464' title='bbox 862 4132 939 4203; x_wconf 79' lang='grc' dir='ltr'>μὴ</span> <span class='ocrx_word' id='word_1_465' title='bbox 967 4134 1049 4186; x_wconf 87' lang='grc' dir='ltr'>ὅτι</span> <span class='ocrx_word' id='word_1_466' title='bbox 1093 4135 1193 4204; x_wconf 83' lang='grc' dir='ltr'>τὴν</span> <span class='ocrx_word' id='word_1_467' title='bbox 1225 4133 1600 4207; x_wconf 86' lang='grc' dir='ltr'>ἀπαιδευσίαν)</span> <span class='ocrx_word' id='word_1_468' title='bbox 1631 4141 1706 4204; x_wconf 86' lang='grc' dir='ltr'><strong>ὡς</strong></span> 
     </span>
    </p>
   </div>
   <div class='ocr_carea' id='block_1_59' title="bbox 133 4218 1707 4301">
    <p class='ocr_par' dir='ltr' id='par_1_59' title="bbox 133 4218 1707 4301">
     <span class='ocr_line' id='line_1_59' title="bbox 133 4218 1707 4301; baseline 0.008 -30"><span class='ocrx_word' id='word_1_469' title='bbox 133 4218 441 4288; x_wconf 75' lang='grc' dir='ltr'>ἀμφίϐολον</span> <span class='ocrx_word' id='word_1_470' title='bbox 461 4219 521 4271; x_wconf 74' lang='grc' dir='ltr'>τὸ</span> <span class='ocrx_word' id='word_1_471' title='bbox 548 4219 978 4301; x_wconf 83' lang='grc' dir='ltr'>ὁμολογούμενον</span> <span class='ocrx_word' id='word_1_472' title='bbox 1003 4225 1082 4288; x_wconf 87' lang='grc' dir='ltr'><strong>εἰς</strong></span> <span class='ocrx_word' id='word_1_473' title='bbox 1115 4223 1396 4296; x_wconf 78' lang='grc' dir='ltr'>διάσκεψιν</span> <span class='ocrx_word' id='word_1_474' title='bbox 1415 4229 1707 4301; x_wconf 84' lang='grc' dir='ltr'>προτιθέα-</span> 
     </span>
    </p>
   </div>
   <div class='ocr_carea' id='block_1_60' title="bbox 135 4311 1705 4393">
    <p class='ocr_par' dir='ltr' id='par_1_60' title="bbox 135 4311 1705 4393">
     <span class='ocr_line' id='line_1_60' title="bbox 135 4311 1705 4393; baseline 0.01 -31"><span class='ocrx_word' id='word_1_475' title='bbox 135 4328 192 4363; x_wconf 91' lang='grc' dir='ltr'><strong>σι</strong></span> <span class='ocrx_word' id='word_1_476' title='bbox 252 4351 266 4373; x_wconf 93' lang='grc'><strong>,</strong></span> <span class='ocrx_word' id='word_1_477' title='bbox 304 4312 397 4364; x_wconf 69' lang='grc' dir='ltr'>καὶ</span> <span class='ocrx_word' id='word_1_478' title='bbox 424 4311 484 4364; x_wconf 84' lang='grc' dir='ltr'>τὸ</span> <span class='ocrx_word' id='word_1_479' title='bbox 520 4311 756 4380; x_wconf 83' lang='grc' dir='ltr'>φανερὸν</span> <span class='ocrx_word' id='word_1_480' title='bbox 788 4312 862 4378; x_wconf 86' lang='grc' dir='ltr'>ὡς</span> <span class='ocrx_word' id='word_1_481' title='bbox 895 4316 1102 4382; x_wconf 83' lang='grc' dir='ltr'>ἀφανὲς</span> <span class='ocrx_word' id='word_1_482' title='bbox 1136 4316 1564 4386; x_wconf 76' lang='grc' dir='ltr'>συλλογίζονται.</span> <span class='ocrx_word' id='word_1_483' title='bbox 1594 4323 1705 4393; x_wconf 87' lang='grc' dir='ltr'><strong>Τῆς</strong></span> 
     </span>
    </p>
   </div>
   <div class='ocr_carea' id='block_1_61' title="bbox 133 4401 1705 4473">
    <p class='ocr_par' dir='ltr' id='par_1_61' title="bbox 133 4401 1705 4473">
     <span class='ocr_line' id='line_1_61' title="bbox 133 4401 1705 4473; baseline 0.008 -18"><span class='ocrx_word' id='word_1_484' title='bbox 133 4404 244 4472; x_wconf 80' lang='grc' dir='ltr'>γὰρ</span> <span class='ocrx_word' id='word_1_485' title='bbox 281 4401 571 4473; x_wconf 80' lang='grc' dir='ltr'>ἀνθρώπου</span> <span class='ocrx_word' id='word_1_486' title='bbox 599 4402 836 4472; x_wconf 84' lang='grc' dir='ltr'>φύσεως,</span> <span class='ocrx_word' id='word_1_487' title='bbox 867 4405 1009 4458; x_wconf 85' lang='grc' dir='ltr'><strong>κατά</strong></span> <span class='ocrx_word' id='word_1_488' title='bbox 1040 4406 1137 4470; x_wconf 80' lang='grc' dir='ltr'><strong>τὰς</strong></span> <span class='ocrx_word' id='word_1_489' title='bbox 1163 4409 1347 4472; x_wconf 87' lang='grc' dir='ltr'>κοινάς</span> <span class='ocrx_word' id='word_1_490' title='bbox 1376 4411 1591 4466; x_wconf 84' lang='grc' dir='ltr'>πάντων</span> <span class='ocrx_word' id='word_1_491' title='bbox 1619 4415 1705 4467; x_wconf 85' lang='grc' dir='ltr'><strong>ἐν-</strong></span> 
     </span>
    </p>
   </div>
   <div class='ocr_carea' id='block_1_62' title="bbox 651 3140 1769 3229">
    <p class='ocr_par' dir='ltr' id='par_1_62' title="bbox 651 3140 1769 3229">
     <span class='ocr_line' id='line_1_62' title="bbox 651 3140 1769 3229; baseline 0.02 -37"><span class='ocrx_word' id='word_1_492' title='bbox 651 3140 876 3213; x_wconf 84' lang='grc' dir='ltr'>Θάτερον</span> <span class='ocrx_word' id='word_1_493' title='bbox 937 3146 1340 3216; x_wconf 84' lang='grc' dir='ltr'>ἀπαναίνεσθε;</span> <span class='ocrx_word' id='word_1_494' title='bbox 1422 3154 1622 3226; x_wconf 83' lang='grc' dir='ltr'>καίπερ</span> <span class='ocrx_word' id='word_1_495' title='bbox 1682 3140 1769 3229; x_wconf 46' lang='grc' dir='ltr'><strong>ἡἼ</strong></span> 
     </span>
    </p>
   </div>
   <div class='ocr_carea' id='block_1_63' title="bbox 1829 1847 3401 1935">
    <p class='ocr_par' dir='ltr' id='par_1_63' title="bbox 1829 1847 3401 1935">
     <span class='ocr_line' id='line_1_63' title="bbox 1829 1847 3401 1935; baseline 0.02 -35"><span class='ocrx_word' id='word_1_496' title='bbox 1829 1847 1973 1915; x_wconf 88' lang='lat' dir='ltr'><strong>citis,</strong></span> <span class='ocrx_word' id='word_1_497' title='bbox 1996 1853 2106 1906; x_wconf 82' lang='lat' dir='ltr'><strong>non</strong></span> <span class='ocrx_word' id='word_1_498' title='bbox 2132 1855 2324 1926; x_wconf 73' lang='lat' dir='ltr'><strong>eﬂ‘ugit</strong></span> <span class='ocrx_word' id='word_1_499' title='bbox 2342 1859 2670 1917; x_wconf 86' lang='lat' dir='ltr'><strong>divisionem</strong></span> <span class='ocrx_word' id='word_1_500' title='bbox 2703 1881 2866 1935; x_wconf 91' lang='lat' dir='ltr'><strong>quam</strong></span> <span class='ocrx_word' id='word_1_501' title='bbox 2893 1869 3059 1925; x_wconf 88' lang='lat' dir='ltr'><strong>habet</strong></span> <span class='ocrx_word' id='word_1_502' title='bbox 3092 1847 3287 1928; x_wconf 76' lang='lat' dir='ltr'><strong>natura</strong></span> <span class='ocrx_word' id='word_1_503' title='bbox 3343 1877 3401 1930; x_wconf 88' lang='lat' dir='ltr'><strong>in</strong></span> 
     </span>
    </p>
   </div>
   <div class='ocr_carea' id='block_1_64' title="bbox 1829 1940 3401 2033">
    <p class='ocr_par' dir='ltr' id='par_1_64' title="bbox 1829 1940 3401 2033">
     <span class='ocr_line' id='line_1_64' title="bbox 1829 1940 3401 2033; baseline 0.02 -42"><span class='ocrx_word' id='word_1_504' title='bbox 1829 1940 2180 2001; x_wconf 90' lang='lat' dir='ltr'><strong>multitudine</strong></span> <span class='ocrx_word' id='word_1_505' title='bbox 2230 1963 2589 2016; x_wconf 88' lang='lat' dir='ltr'><strong>personarum</strong></span> <span class='ocrx_word' id='word_1_506' title='bbox 2613 1960 3138 2019; x_wconf 85' lang='lat' dir='ltr'><strong>communicantium</strong></span> <span class='ocrx_word' id='word_1_507' title='bbox 3177 1964 3304 2033; x_wconf 90' lang='lat' dir='ltr'><strong>ipsi,</strong></span> <span class='ocrx_word' id='word_1_508' title='bbox 3342 1977 3401 2022; x_wconf 85' lang='lat' dir='ltr'><strong>et</strong></span> 
     </span>
    </p>
   </div>
   <div class='ocr_carea' id='block_1_65' title="bbox 1828 2028 3458 2110">
    <p class='ocr_par' dir='ltr' id='par_1_65' title="bbox 1828 2028 3458 2110">
     <span class='ocr_line' id='line_1_65' title="bbox 1828 2028 3458 2110; baseline 0.021 -33"><span class='ocrx_word' id='word_1_509' title='bbox 1828 2028 2208 2085; x_wconf 81' lang='lat' dir='ltr'><strong>confusionem</strong></span> <span class='ocrx_word' id='word_1_510' title='bbox 2239 2035 2545 2093; x_wconf 82' lang='lat' dir='ltr'><strong>introduxit</strong></span> <span class='ocrx_word' id='word_1_511' title='bbox 2571 2039 2626 2095; x_wconf 90' lang='lat' dir='ltr'><strong>in</strong></span> <span class='ocrx_word' id='word_1_512' title='bbox 2660 2043 2948 2102; x_wconf 89' lang='lat' dir='ltr'><strong>identitate</strong></span> <span class='ocrx_word' id='word_1_513' title='bbox 2995 2059 3207 2106; x_wconf 58' lang='lat' dir='ltr'><strong>natura:</strong></span> <span class='ocrx_word' id='word_1_514' title='bbox 3249 2070 3401 2110; x_wconf 84' lang='lat' dir='ltr'><strong>com-</strong></span> <span class='ocrx_word' id='word_1_515' title='bbox 3454 2079 3458 2082; x_wconf 61' lang='grc'><strong>’</strong></span> 
     </span>
    </p>
   </div>
   <div class='ocr_carea' id='block_1_66' title="bbox 1828 2118 3399 2207">
    <p class='ocr_par' dir='ltr' id='par_1_66' title="bbox 1828 2118 3399 2207">
     <span class='ocr_line' id='line_1_66' title="bbox 1828 2118 3399 2207; baseline 0.022 -41"><span class='ocrx_word' id='word_1_516' title='bbox 1828 2118 2019 2183; x_wconf 71' lang='lat' dir='ltr'><strong>posita:</strong></span> <span class='ocrx_word' id='word_1_517' title='bbox 2047 2159 2063 2183; x_wconf 94' lang='lat'><strong>,</strong></span> <span class='ocrx_word' id='word_1_518' title='bbox 2116 2137 2218 2176; x_wconf 90' lang='lat' dir='ltr'><strong>nec</strong></span> <span class='ocrx_word' id='word_1_519' title='bbox 2263 2124 2591 2183; x_wconf 87' lang='lat' dir='ltr'><strong>alterutrum</strong></span> <span class='ocrx_word' id='word_1_520' title='bbox 2637 2134 2916 2190; x_wconf 91' lang='lat' dir='ltr'><strong>unitorum</strong></span> <span class='ocrx_word' id='word_1_521' title='bbox 2964 2148 3089 2207; x_wconf 88' lang='lat' dir='ltr'><strong>post</strong></span> <span class='ocrx_word' id='word_1_522' title='bbox 3138 2143 3399 2199; x_wconf 90' lang='lat' dir='ltr'><strong>unionem</strong></span> 
     </span>
    </p>
   </div>
   <div class='ocr_carea' id='block_1_67' title="bbox 1826 2203 3393 2301">
    <p class='ocr_par' dir='ltr' id='par_1_67' title="bbox 1826 2203 3393 2301">
     <span class='ocr_line' id='line_1_67' title="bbox 1826 2203 3393 2301; baseline 0.022 -47"><span class='ocrx_word' id='word_1_523' title='bbox 1826 2203 2144 2262; x_wconf 80' lang='lat' dir='ltr'><strong>exhibens:</strong></span> <span class='ocrx_word' id='word_1_524' title='bbox 2206 2213 2365 2267; x_wconf 91' lang='lat' dir='ltr'><strong>nobis</strong></span> <span class='ocrx_word' id='word_1_525' title='bbox 2418 2226 2601 2272; x_wconf 88' lang='lat' dir='ltr'><strong>autem</strong></span> <span class='ocrx_word' id='word_1_526' title='bbox 2648 2203 2982 2294; x_wconf 64' lang='lat' dir='ltr'><strong>utrumque,</strong></span> <span class='ocrx_word' id='word_1_527' title='bbox 3036 2228 3132 2282; x_wconf 87' lang='lat' dir='ltr'><strong>Dei</strong></span> <span class='ocrx_word' id='word_1_528' title='bbox 3198 2233 3393 2301; x_wconf 84' lang='lat' dir='ltr'><strong>gratia,</strong></span> 
     </span>
    </p>
   </div>
   <div class='ocr_carea' id='block_1_68' title="bbox 1825 2296 3392 2390">
    <p class='ocr_par' dir='ltr' id='par_1_68' title="bbox 1825 2296 3392 2390">
     <span class='ocr_line' id='line_1_68' title="bbox 1825 2296 3392 2390; baseline 0.02 -43"><span class='ocrx_word' id='word_1_529' title='bbox 1825 2296 2057 2363; x_wconf 88' lang='lat' dir='ltr'><strong>pulchre</strong></span> <span class='ocrx_word' id='word_1_530' title='bbox 2116 2312 2393 2361; x_wconf 84' lang='lat' dir='ltr'><strong>servatum</strong></span> <span class='ocrx_word' id='word_1_531' title='bbox 2459 2319 2547 2365; x_wconf 85' lang='lat' dir='ltr'><strong>est</strong></span> <span class='ocrx_word' id='word_1_532' title='bbox 2594 2321 2651 2367; x_wconf 89' lang='lat' dir='ltr'><strong>et</strong></span> <span class='ocrx_word' id='word_1_533' title='bbox 2693 2314 3010 2373; x_wconf 78' lang='lat' dir='ltr'><strong>diﬂ&#39;erentia</strong></span> <span class='ocrx_word' id='word_1_534' title='bbox 3066 2296 3344 2378; x_wconf 74' lang='lat' dir='ltr'><strong>unitorum</strong></span> <span class='ocrx_word' id='word_1_535' title='bbox 3376 2366 3392 2390; x_wconf 91' lang='lat'><strong>,</strong></span> 
     </span>
    </p>
   </div>
   <div class='ocr_carea' id='block_1_69' title="bbox 1825 2394 3396 2482">
    <p class='ocr_par' dir='ltr' id='par_1_69' title="bbox 1825 2394 3396 2482">
     <span class='ocr_line' id='line_1_69' title="bbox 1825 2394 3396 2482; baseline 0.021 -43"><span class='ocrx_word' id='word_1_536' title='bbox 1825 2401 1989 2456; x_wconf 89' lang='lat' dir='ltr'><strong>quam</strong></span> <span class='ocrx_word' id='word_1_537' title='bbox 2028 2394 2389 2465; x_wconf 44' lang='lat' dir='ltr'><strong>praedicamus</strong></span> <span class='ocrx_word' id='word_1_538' title='bbox 2447 2402 2611 2456; x_wconf 91' lang='lat' dir='ltr'><strong>etiam</strong></span> <span class='ocrx_word' id='word_1_539' title='bbox 2655 2404 2711 2459; x_wconf 93' lang='lat' dir='ltr'><strong>in</strong></span> <span class='ocrx_word' id='word_1_540' title='bbox 2766 2408 2968 2465; x_wconf 90' lang='lat' dir='ltr'><strong>unione</strong></span> <span class='ocrx_word' id='word_1_541' title='bbox 3030 2412 3266 2482; x_wconf 84' lang='lat' dir='ltr'><strong>duplicis</strong></span> <span class='ocrx_word' id='word_1_542' title='bbox 3297 2432 3396 2471; x_wconf 86' lang='lat' dir='ltr'><strong>na-</strong></span> 
     </span>
    </p>
   </div>
   <div class='ocr_carea' id='block_1_70' title="bbox 1827 2483 3397 2569">
    <p class='ocr_par' dir='ltr' id='par_1_70' title="bbox 1827 2483 3397 2569">
     <span class='ocr_line' id='line_1_70' title="bbox 1827 2483 3397 2569; baseline 0.021 -41"><span class='ocrx_word' id='word_1_543' title='bbox 1827 2483 1984 2543; x_wconf 84' lang='lat' dir='ltr'><strong>turae,</strong></span> <span class='ocrx_word' id='word_1_544' title='bbox 2006 2490 2062 2533; x_wconf 91' lang='lat' dir='ltr'><strong>et</strong></span> <span class='ocrx_word' id='word_1_545' title='bbox 2094 2498 2199 2536; x_wconf 85' lang='lat' dir='ltr'><strong>una</strong></span> <span class='ocrx_word' id='word_1_546' title='bbox 2232 2496 2398 2561; x_wconf 82' lang='lat' dir='ltr'><strong>atque</strong></span> <span class='ocrx_word' id='word_1_547' title='bbox 2419 2491 2610 2545; x_wconf 88' lang='lat' dir='ltr'><strong>eadem</strong></span> <span class='ocrx_word' id='word_1_548' title='bbox 2639 2510 2873 2562; x_wconf 81' lang='lat' dir='ltr'><strong>persona</strong></span> <span class='ocrx_word' id='word_1_549' title='bbox 2907 2510 3134 2569; x_wconf 88' lang='lat' dir='ltr'><strong>propter</strong></span> <span class='ocrx_word' id='word_1_550' title='bbox 3163 2518 3397 2560; x_wconf 84' lang='lat' dir='ltr'><strong>concur-</strong></span> 
     </span>
    </p>
   </div>
   <div class='ocr_carea' id='block_1_71' title="bbox 1824 2566 3395 2666">
    <p class='ocr_par' dir='ltr' id='par_1_71' title="bbox 1824 2566 3395 2666">
     <span class='ocr_line' id='line_1_71' title="bbox 1824 2566 3395 2666; baseline 0.021 -48"><span class='ocrx_word' id='word_1_551' title='bbox 1824 2580 1946 2620; x_wconf 86' lang='lat' dir='ltr'><strong>sum</strong></span> <span class='ocrx_word' id='word_1_552' title='bbox 1968 2566 2203 2625; x_wconf 88' lang='lat' dir='ltr'><strong>duarum</strong></span> <span class='ocrx_word' id='word_1_553' title='bbox 2243 2583 2564 2633; x_wconf 85' lang='lat' dir='ltr'><strong>naturarum</strong></span> <span class='ocrx_word' id='word_1_554' title='bbox 2605 2583 2886 2643; x_wconf 88' lang='lat' dir='ltr'><strong>unitarum</strong></span> <span class='ocrx_word' id='word_1_555' title='bbox 2910 2566 2988 2643; x_wconf 8' lang='lat' dir='ltr'><strong>lin</strong></span> <span class='ocrx_word' id='word_1_556' title='bbox 3027 2606 3191 2647; x_wconf 89' lang='lat' dir='ltr'><strong>unam</strong></span> <span class='ocrx_word' id='word_1_557' title='bbox 3220 2595 3395 2666; x_wconf 83' lang='lat' dir='ltr'><strong>hypo-</strong></span> 
     </span>
    </p>
   </div>
   <div class='ocr_carea' id='block_1_72' title="bbox 1823 2657 2033 2712">
    <p class='ocr_par' dir='ltr' id='par_1_72' title="bbox 1823 2657 2033 2712">
     <span class='ocr_line' id='line_1_72' title="bbox 1823 2657 2033 2712; baseline 0.005 -1"><span class='ocrx_word' id='word_1_558' title='bbox 1823 2657 2033 2712; x_wconf 85' lang='lat' dir='ltr'><strong>stasim.</strong></span> 
     </span>
    </p>
   </div>
   <div class='ocr_carea' id='block_1_73' title="bbox 1903 2774 3392 2869">
    <p class='ocr_par' dir='ltr' id='par_1_73' title="bbox 1903 2774 3392 2869">
     <span class='ocr_line' id='line_1_73' title="bbox 1903 2774 3392 2869; baseline 0.019 -44"><span class='ocrx_word' id='word_1_559' title='bbox 1903 2793 1920 2825; x_wconf 74' lang='grc' dir='ltr'><strong>ι</strong></span> <span class='ocrx_word' id='word_1_560' title='bbox 1955 2774 2109 2831; x_wconf 86' lang='lat' dir='ltr'><strong>Sicut</strong></span> <span class='ocrx_word' id='word_1_561' title='bbox 2139 2778 2239 2831; x_wconf 84' lang='lat' dir='ltr'><strong>tibi</strong></span> <span class='ocrx_word' id='word_1_562' title='bbox 2284 2781 2461 2836; x_wconf 90' lang='lat' dir='ltr'><strong>visum</strong></span> <span class='ocrx_word' id='word_1_563' title='bbox 2493 2794 2596 2849; x_wconf 91' lang='lat' dir='ltr'><strong>est,</strong></span> <span class='ocrx_word' id='word_1_564' title='bbox 2637 2789 2943 2858; x_wconf 81' lang='lat' dir='ltr'><strong>explicasti,</strong></span> <span class='ocrx_word' id='word_1_565' title='bbox 2972 2795 3027 2848; x_wconf 91' lang='lat' dir='ltr'><strong>in</strong></span> <span class='ocrx_word' id='word_1_566' title='bbox 3058 2811 3392 2869; x_wconf 73' lang='lat' dir='ltr'><strong>unoquoque</strong></span> 
     </span>
    </p>
   </div>
   <div class='ocr_carea' id='block_1_74' title="bbox 1822 2862 3393 2958">
    <p class='ocr_par' dir='ltr' id='par_1_74' title="bbox 1822 2862 3393 2958">
     <span class='ocr_line' id='line_1_74' title="bbox 1822 2862 3393 2958; baseline 0.019 -43"><span class='ocrx_word' id='word_1_567' title='bbox 1822 2862 2048 2919; x_wconf 89' lang='lat' dir='ltr'><strong>homine</strong></span> <span class='ocrx_word' id='word_1_568' title='bbox 2082 2867 2219 2921; x_wconf 86' lang='lat' dir='ltr'><strong>duas</strong></span> <span class='ocrx_word' id='word_1_569' title='bbox 2251 2878 2497 2934; x_wconf 87' lang='lat' dir='ltr'><strong>naturas,</strong></span> <span class='ocrx_word' id='word_1_570' title='bbox 2533 2882 2591 2929; x_wconf 87' lang='lat' dir='ltr'><strong>et</strong></span> <span class='ocrx_word' id='word_1_571' title='bbox 2620 2892 2784 2931; x_wconf 90' lang='lat' dir='ltr'><strong>unam</strong></span> <span class='ocrx_word' id='word_1_572' title='bbox 2813 2880 2955 2947; x_wconf 86' lang='lat' dir='ltr'><strong>dici;</strong></span> <span class='ocrx_word' id='word_1_573' title='bbox 2978 2899 3047 2938; x_wconf 83' lang='lat' dir='ltr'><strong>ex</strong></span> <span class='ocrx_word' id='word_1_574' title='bbox 3077 2901 3188 2955; x_wconf 90' lang='lat' dir='ltr'><strong>quo</strong></span> <span class='ocrx_word' id='word_1_575' title='bbox 3231 2890 3393 2958; x_wconf 92' lang='lat' dir='ltr'><strong>quid-</strong></span> 
     </span>
    </p>
   </div>
   <div class='ocr_carea' id='block_1_75' title="bbox 1821 2957 3390 3041">
    <p class='ocr_par' dir='ltr' id='par_1_75' title="bbox 1821 2957 3390 3041">
     <span class='ocr_line' id='line_1_75' title="bbox 1821 2957 3390 3041; baseline 0.018 -35"><span class='ocrx_word' id='word_1_576' title='bbox 1821 2969 1948 3008; x_wconf 85' lang='lat' dir='ltr'><strong>nam</strong></span> <span class='ocrx_word' id='word_1_577' title='bbox 1974 2957 2248 3025; x_wconf 83' lang='lat' dir='ltr'><strong>sequitur,</strong></span> <span class='ocrx_word' id='word_1_578' title='bbox 2288 2960 2393 3014; x_wconf 88' lang='lat' dir='ltr'><strong>nisi</strong></span> <span class='ocrx_word' id='word_1_579' title='bbox 2435 2962 2490 3016; x_wconf 92' lang='lat' dir='ltr'><strong>in</strong></span> <span class='ocrx_word' id='word_1_580' title='bbox 2517 2964 2739 3021; x_wconf 86' lang='lat' dir='ltr'><strong>Christo</strong></span> <span class='ocrx_word' id='word_1_581' title='bbox 2765 2986 2874 3024; x_wconf 90' lang='lat' dir='ltr'><strong>non</strong></span> <span class='ocrx_word' id='word_1_582' title='bbox 2897 2972 3034 3028; x_wconf 90' lang='lat' dir='ltr'><strong>duas</strong></span> <span class='ocrx_word' id='word_1_583' title='bbox 3058 2957 3267 3041; x_wconf 74' lang='lat' dir='ltr'><strong>tantum</strong></span> <span class='ocrx_word' id='word_1_584' title='bbox 3292 2996 3390 3035; x_wconf 83' lang='lat' dir='ltr'><strong>na—</strong></span> 
     </span>
    </p>
   </div>
   <div class='ocr_carea' id='block_1_76' title="bbox 1824 3048 3388 3141">
    <p class='ocr_par' dir='ltr' id='par_1_76' title="bbox 1824 3048 3388 3141">
     <span class='ocr_line' id='line_1_76' title="bbox 1824 3048 3388 3141; baseline 0.019 -43"><span class='ocrx_word' id='word_1_585' title='bbox 1824 3053 1976 3101; x_wconf 87' lang='lat' dir='ltr'><strong>turas</strong></span> <span class='ocrx_word' id='word_1_586' title='bbox 2018 3048 2294 3115; x_wconf 81' lang='lat' dir='ltr'><strong>conﬁteri,</strong></span> <span class='ocrx_word' id='word_1_587' title='bbox 2327 3053 2425 3109; x_wconf 88' lang='lat' dir='ltr'><strong>sed</strong></span> <span class='ocrx_word' id='word_1_588' title='bbox 2476 3055 2641 3110; x_wconf 90' lang='lat' dir='ltr'><strong>etiam</strong></span> <span class='ocrx_word' id='word_1_589' title='bbox 2701 3061 2849 3114; x_wconf 86' lang='lat' dir='ltr'><strong>tres?</strong></span> <span class='ocrx_word' id='word_1_590' title='bbox 2880 3062 3167 3128; x_wconf 86' lang='lat' dir='ltr'><strong>Quomodo</strong></span> <span class='ocrx_word' id='word_1_591' title='bbox 3219 3071 3388 3141; x_wconf 78' lang='lat' dir='ltr'><strong>igitur</strong></span> 
     </span>
    </p>
   </div>
   <div class='ocr_carea' id='block_1_77' title="bbox 1822 3138 3391 3233">
    <p class='ocr_par' dir='ltr' id='par_1_77' title="bbox 1822 3138 3391 3233">
     <span class='ocr_line' id='line_1_77' title="bbox 1822 3138 3391 3233; baseline 0.018 -42"><span class='ocrx_word' id='word_1_592' title='bbox 1822 3138 2054 3193; x_wconf 88' lang='lat' dir='ltr'><strong>alterum</strong></span> <span class='ocrx_word' id='word_1_593' title='bbox 2081 3141 2426 3211; x_wconf 84' lang='lat' dir='ltr'><strong>conﬁtentes,</strong></span> <span class='ocrx_word' id='word_1_594' title='bbox 2449 3148 2680 3204; x_wconf 90' lang='lat' dir='ltr'><strong>alterum</strong></span> <span class='ocrx_word' id='word_1_595' title='bbox 2708 3156 3009 3210; x_wconf 88' lang='lat' dir='ltr'><strong>recusatis?</strong></span> <span class='ocrx_word' id='word_1_596' title='bbox 3028 3173 3152 3214; x_wconf 90' lang='lat' dir='ltr'><strong>cum</strong></span> <span class='ocrx_word' id='word_1_597' title='bbox 3179 3138 3391 3233; x_wconf 79' lang='lat' dir='ltr'><strong>alioqui</strong></span> 
     </span>
    </p>
   </div>
   <div class='ocr_carea' id='block_1_78' title="bbox 1819 3232 3382 3327">
    <p class='ocr_par' dir='ltr' id='par_1_78' title="bbox 1819 3232 3382 3327">
     <span class='ocr_line' id='line_1_78' title="bbox 1819 3232 3382 3327; baseline 0.019 -43"><span class='ocrx_word' id='word_1_598' title='bbox 1819 3232 1956 3285; x_wconf 85' lang='lat' dir='ltr'><strong>ratio</strong></span> <span class='ocrx_word' id='word_1_599' title='bbox 1978 3237 2284 3292; x_wconf 88' lang='lat' dir='ltr'><strong>necessaria</strong></span> <span class='ocrx_word' id='word_1_600' title='bbox 2306 3237 2411 3293; x_wconf 84' lang='lat' dir='ltr'><strong>hoc</strong></span> <span class='ocrx_word' id='word_1_601' title='bbox 2430 3239 2590 3295; x_wconf 82' lang='lat' dir='ltr'><strong>fateri</strong></span> <span class='ocrx_word' id='word_1_602' title='bbox 2606 3246 2859 3312; x_wconf 80' lang='lat' dir='ltr'><strong>quamvis</strong></span> <span class='ocrx_word' id='word_1_603' title='bbox 2874 3251 3153 3308; x_wconf 88' lang='lat' dir='ltr'><strong>nolentem</strong></span> <span class='ocrx_word' id='word_1_604' title='bbox 3170 3266 3382 3327; x_wconf 53' lang='lat' dir='ltr'><strong>cogat»</strong></span> 
     </span>
    </p>
   </div>
   <div class='ocr_carea' id='block_1_79' title="bbox 1816 3322 3388 3414">
    <p class='ocr_par' dir='ltr' id='par_1_79' title="bbox 1816 3322 3388 3414">
     <span class='ocr_line' id='line_1_79' title="bbox 1816 3322 3388 3414; baseline 0.02 -39"><span class='ocrx_word' id='word_1_605' title='bbox 1816 3322 1960 3387; x_wconf 87' lang='lat' dir='ltr'><strong>Quid</strong></span> <span class='ocrx_word' id='word_1_606' title='bbox 1995 3340 2095 3381; x_wconf 88' lang='lat' dir='ltr'><strong>nos</strong></span> <span class='ocrx_word' id='word_1_607' title='bbox 2149 3327 2217 3382; x_wconf 90' lang='lat' dir='ltr'><strong>ad</strong></span> <span class='ocrx_word' id='word_1_608' title='bbox 2266 3330 2581 3398; x_wconf 69' lang='lat' dir='ltr'><strong>baec?Quid</strong></span> <span class='ocrx_word' id='word_1_609' title='bbox 2616 3335 2786 3401; x_wconf 87' lang='lat' dir='ltr'><strong>aliud,</strong></span> <span class='ocrx_word' id='word_1_610' title='bbox 2813 3355 2978 3409; x_wconf 90' lang='lat' dir='ltr'><strong>quam</strong></span> <span class='ocrx_word' id='word_1_611' title='bbox 3025 3346 3174 3414; x_wconf 82' lang='lat' dir='ltr'><strong>quod</strong></span> <span class='ocrx_word' id='word_1_612' title='bbox 3204 3322 3266 3402; x_wconf 72' lang='lat' dir='ltr'><strong>in</strong></span> <span class='ocrx_word' id='word_1_613' title='bbox 3289 3365 3388 3405; x_wconf 74' lang='lat' dir='ltr'><strong>eos</strong></span> 
     </span>
    </p>
   </div>
   <div class='ocr_carea' id='block_1_80' title="bbox 1814 3415 3387 3503">
    <p class='ocr_par' dir='ltr' id='par_1_80' title="bbox 1814 3415 3387 3503">
     <span class='ocr_line' id='line_1_80' title="bbox 1814 3415 3387 3503; baseline 0.019 -37"><span class='ocrx_word' id='word_1_614' title='bbox 1814 3415 2105 3469; x_wconf 85' lang='lat' dir='ltr'><strong>convenit?</strong></span> <span class='ocrx_word' id='word_1_615' title='bbox 2141 3416 2415 3489; x_wconf 76' lang='lat' dir='ltr'><strong>Sapientia</strong></span> <span class='ocrx_word' id='word_1_616' title='bbox 2454 3424 2590 3492; x_wconf 78' lang='lat' dir='ltr'><strong>fatui</strong></span> <span class='ocrx_word' id='word_1_617' title='bbox 2611 3434 2707 3492; x_wconf 77' lang='lat' dir='ltr'><strong>est,</strong></span> <span class='ocrx_word' id='word_1_618' title='bbox 2743 3439 2806 3484; x_wconf 90' lang='lat' dir='ltr'><strong>ut</strong></span> <span class='ocrx_word' id='word_1_619' title='bbox 2837 3432 2916 3486; x_wconf 89' lang='lat' dir='ltr'><strong>ait</strong></span> <span class='ocrx_word' id='word_1_620' title='bbox 2942 3432 3247 3503; x_wconf 89' lang='lat' dir='ltr'><strong>Scriptura,</strong></span> <span class='ocrx_word' id='word_1_621' title='bbox 3275 3456 3387 3494; x_wconf 71' lang='lat' dir='ltr'><strong>cer-</strong></span> 
     </span>
    </p>
   </div>
   <div class='ocr_carea' id='block_1_81' title="bbox 1816 3515 3408 3591">
    <p class='ocr_par' dir='ltr' id='par_1_81' title="bbox 1816 3515 3408 3591">
     <span class='ocr_line' id='line_1_81' title="bbox 1816 3515 3408 3591; baseline 0.023 -37"><span class='ocrx_word' id='word_1_622' title='bbox 1816 3518 1992 3558; x_wconf 80' lang='lat' dir='ltr'><strong>mones</strong></span> <span class='ocrx_word' id='word_1_623' title='bbox 2042 3523 2145 3561; x_wconf 83' lang='lat' dir='ltr'><strong>non</strong></span> <span class='ocrx_word' id='word_1_624' title='bbox 2186 3515 2400 3581; x_wconf 69' lang='lat' dir='ltr'><strong>expensi</strong></span> <span class='ocrx_word' id='word_1_625' title='bbox 2457 3531 2621 3586; x_wconf 81' lang='lat' dir='ltr'><strong>neque</strong></span> <span class='ocrx_word' id='word_1_626' title='bbox 2667 3522 2985 3579; x_wconf 78' lang='lat' dir='ltr'><strong>considerati</strong></span> <span class='ocrx_word' id='word_1_627' title='bbox 3001 3526 3041 3580; x_wconf 92' lang='grc'><strong>³.</strong></span> <span class='ocrx_word' id='word_1_628' title='bbox 3069 3526 3205 3583; x_wconf 86' lang='lat' dir='ltr'><strong>Cum</strong></span> <span class='ocrx_word' id='word_1_629' title='bbox 3236 3532 3408 3591; x_wconf 83' lang='lat' dir='ltr'><strong>enim.</strong></span> 
     </span>
    </p>
   </div>
   <div class='ocr_carea' id='block_1_82' title="bbox 1815 3608 3476 3689">
    <p class='ocr_par' dir='ltr' id='par_1_82' title="bbox 1815 3608 3476 3689">
     <span class='ocr_line' id='line_1_82' title="bbox 1815 3608 3476 3689; baseline 0.022 -42"><span class='ocrx_word' id='word_1_630' title='bbox 1815 3608 2107 3673; x_wconf 78' lang='lat' dir='ltr'><strong>sermones</strong></span> <span class='ocrx_word' id='word_1_631' title='bbox 2119 3614 2248 3655; x_wconf 89' lang='lat' dir='ltr'><strong>suos</strong></span> <span class='ocrx_word' id='word_1_632' title='bbox 2274 3618 2382 3656; x_wconf 90' lang='lat' dir='ltr'><strong>non</strong></span> <span class='ocrx_word' id='word_1_633' title='bbox 2410 3608 2703 3673; x_wconf 86' lang='lat' dir='ltr'><strong>mandunt,</strong></span> <span class='ocrx_word' id='word_1_634' title='bbox 2725 3621 2782 3666; x_wconf 90' lang='lat' dir='ltr'><strong>et</strong></span> <span class='ocrx_word' id='word_1_635' title='bbox 2809 3612 3016 3670; x_wconf 87' lang='lat' dir='ltr'><strong>idcirco</strong></span> <span class='ocrx_word' id='word_1_636' title='bbox 3041 3634 3221 3689; x_wconf 86' lang='lat' dir='ltr'><strong>neque</strong></span> <span class='ocrx_word' id='word_1_637' title='bbox 3248 3637 3384 3679; x_wconf 88' lang='lat' dir='ltr'><strong>con-</strong></span> <span class='ocrx_word' id='word_1_638' title='bbox 3471 3614 3476 3619; x_wconf 56' lang='grc'><em>’</em></span> 
     </span>
    </p>
   </div>
   <div class='ocr_carea' id='block_1_83' title="bbox 1813 3693 3383 3770">
    <p class='ocr_par' dir='ltr' id='par_1_83' title="bbox 1813 3693 3383 3770">
     <span class='ocr_line' id='line_1_83' title="bbox 1813 3693 3383 3770; baseline 0.02 -33"><span class='ocrx_word' id='word_1_639' title='bbox 1813 3694 2092 3753; x_wconf 86' lang='lat' dir='ltr'><strong>coquunt;</strong></span> <span class='ocrx_word' id='word_1_640' title='bbox 2147 3704 2214 3743; x_wconf 82' lang='lat' dir='ltr'><strong>ex</strong></span> <span class='ocrx_word' id='word_1_641' title='bbox 2265 3693 2425 3748; x_wconf 88' lang='lat' dir='ltr'><strong>malis</strong></span> <span class='ocrx_word' id='word_1_642' title='bbox 2479 3697 2621 3753; x_wconf 89' lang='lat' dir='ltr'><strong>cibis</strong></span> <span class='ocrx_word' id='word_1_643' title='bbox 2672 3700 3004 3770; x_wconf 60' lang='lat' dir='ltr'><strong>insipientia;</strong></span> <span class='ocrx_word' id='word_1_644' title='bbox 3043 3713 3383 3769; x_wconf 83' lang='lat' dir='ltr'><strong>ructationes</strong></span> 
     </span>
    </p>
   </div>
   <div class='ocr_carea' id='block_1_84' title="bbox 1812 3773 3382 3867">
    <p class='ocr_par' dir='ltr' id='par_1_84' title="bbox 1812 3773 3382 3867">
     <span class='ocr_line' id='line_1_84' title="bbox 1812 3773 3382 3867; baseline 0.021 -41"><span class='ocrx_word' id='word_1_645' title='bbox 1812 3773 1972 3829; x_wconf 92' lang='lat' dir='ltr'><strong>nobis</strong></span> <span class='ocrx_word' id='word_1_646' title='bbox 2021 3783 2077 3829; x_wconf 91' lang='lat' dir='ltr'><strong>et</strong></span> <span class='ocrx_word' id='word_1_647' title='bbox 2121 3776 2326 3834; x_wconf 82' lang='lat' dir='ltr'><strong>halitus</strong></span> <span class='ocrx_word' id='word_1_648' title='bbox 2365 3784 2661 3852; x_wconf 89' lang='lat' dir='ltr'><strong>(quomodo</strong></span> <span class='ocrx_word' id='word_1_649' title='bbox 2695 3790 2843 3844; x_wconf 90' lang='lat' dir='ltr'><strong>enim</strong></span> <span class='ocrx_word' id='word_1_650' title='bbox 2889 3793 3009 3849; x_wconf 89' lang='lat' dir='ltr'><strong>sine</strong></span> <span class='ocrx_word' id='word_1_651' title='bbox 3046 3813 3269 3867; x_wconf 24' lang='lat' dir='ltr'><strong>(nausea</strong></span> <span class='ocrx_word' id='word_1_652' title='bbox 3325 3814 3382 3858; x_wconf 90' lang='lat' dir='ltr'><strong>et</strong></span> 
     </span>
    </p>
   </div>
   <div class='ocr_carea' id='block_1_85' title="bbox 1810 3862 3379 3949">
    <p class='ocr_par' dir='ltr' id='par_1_85' title="bbox 1810 3862 3379 3949">
     <span class='ocr_line' id='line_1_85' title="bbox 1810 3862 3379 3949; baseline 0.022 -33"><span class='ocrx_word' id='word_1_653' title='bbox 1810 3862 2032 3920; x_wconf 70' lang='lat' dir='ltr'><strong>fastidio</strong></span> <span class='ocrx_word' id='word_1_654' title='bbox 2061 3866 2279 3922; x_wconf 76' lang='lat' dir='ltr'><strong>dicam?</strong></span> <span class='ocrx_word' id='word_1_655' title='bbox 2305 3870 2322 3937; x_wconf 94' lang='lat'>)</span> <span class='ocrx_word' id='word_1_656' title='bbox 2349 3874 2643 3949; x_wconf 60' lang='lat' dir='ltr'><strong>non.bene</strong></span> <span class='ocrx_word' id='word_1_657' title='bbox 2669 3878 2882 3936; x_wconf 88' lang='lat' dir='ltr'><strong>olentes</strong></span> <span class='ocrx_word' id='word_1_658' title='bbox 2919 3862 3199 3945; x_wconf 74' lang='lat' dir='ltr'><strong>emittunt.</strong></span> <span class='ocrx_word' id='word_1_659' title='bbox 3240 3891 3379 3949; x_wconf 89' lang='lat' dir='ltr'><strong>Cum</strong></span> 
     </span>
    </p>
   </div>
   <div class='ocr_carea' id='block_1_86' title="bbox 1809 3959 3383 4043">
    <p class='ocr_par' dir='ltr' id='par_1_86' title="bbox 1809 3959 3383 4043">
     <span class='ocr_line' id='line_1_86' title="bbox 1809 3959 3383 4043; baseline 0.02 -34"><span class='ocrx_word' id='word_1_660' title='bbox 1809 3971 1920 4010; x_wconf 90' lang='lat' dir='ltr'><strong>non</strong></span> <span class='ocrx_word' id='word_1_661' title='bbox 1948 3959 2127 4027; x_wconf 86' lang='lat' dir='ltr'><strong>omnis</strong></span> <span class='ocrx_word' id='word_1_662' title='bbox 2147 3962 2378 4029; x_wconf 64' lang='lat' dir='ltr'><strong>quaestio</strong></span> <span class='ocrx_word' id='word_1_663' title='bbox 2417 3966 2564 4034; x_wconf 91' lang='lat' dir='ltr'><strong>quod</strong></span> <span class='ocrx_word' id='word_1_664' title='bbox 2590 3968 2647 4022; x_wconf 92' lang='lat' dir='ltr'><strong>in</strong></span> <span class='ocrx_word' id='word_1_665' title='bbox 2670 3969 2901 4027; x_wconf 88' lang='lat' dir='ltr'><strong>dubium</strong></span> <span class='ocrx_word' id='word_1_666' title='bbox 2923 3977 3095 4043; x_wconf 82' lang='lat' dir='ltr'><strong>venit,</strong></span> <span class='ocrx_word' id='word_1_667' title='bbox 3129 3984 3383 4041; x_wconf 87' lang='lat' dir='ltr'><strong>conside-</strong></span> 
     </span>
    </p>
   </div>
   <div class='ocr_carea' id='block_1_87' title="bbox 1809 4052 3378 4142">
    <p class='ocr_par' dir='ltr' id='par_1_87' title="bbox 1809 4052 3378 4142">
     <span class='ocr_line' id='line_1_87' title="bbox 1809 4052 3378 4142; baseline 0.02 -46"><span class='ocrx_word' id='word_1_668' title='bbox 1809 4052 1915 4111; x_wconf 91' lang='lat' dir='ltr'><strong>ret,</strong></span> <span class='ocrx_word' id='word_1_669' title='bbox 1941 4052 1999 4099; x_wconf 91' lang='lat' dir='ltr'><strong>et</strong></span> <span class='ocrx_word' id='word_1_670' title='bbox 2020 4062 2088 4100; x_wconf 82' lang='lat' dir='ltr'><strong>ex</strong></span> <span class='ocrx_word' id='word_1_671' title='bbox 2116 4052 2394 4105; x_wconf 87' lang='lat' dir='ltr'><strong>concessis</strong></span> <span class='ocrx_word' id='word_1_672' title='bbox 2430 4055 2702 4111; x_wconf 89' lang='lat' dir='ltr'><strong>rationem</strong></span> <span class='ocrx_word' id='word_1_673' title='bbox 2733 4062 3065 4131; x_wconf 84' lang='lat' dir='ltr'><strong>concludat;</strong></span> <span class='ocrx_word' id='word_1_674' title='bbox 3107 4069 3197 4124; x_wconf 86' lang='lat' dir='ltr'><strong>isti</strong></span> <span class='ocrx_word' id='word_1_675' title='bbox 3243 4072 3378 4142; x_wconf 89' lang='lat' dir='ltr'><strong>(non</strong></span> 
     </span>
    </p>
   </div>
   <div class='ocr_carea' id='block_1_88' title="bbox 1807 4132 3377 4227">
    <p class='ocr_par' dir='ltr' id='par_1_88' title="bbox 1807 4132 3377 4227">
     <span class='ocr_line' id='line_1_88' title="bbox 1807 4132 3377 4227; baseline 0.017 -37"><span class='ocrx_word' id='word_1_676' title='bbox 1807 4132 2132 4193; x_wconf 84' lang='lat' dir='ltr'><strong>enim&#39;sunt</strong></span> <span class='ocrx_word' id='word_1_677' title='bbox 2181 4139 2458 4213; x_wconf 87' lang='lat' dir='ltr'><strong>sapientes</strong></span> <span class='ocrx_word' id='word_1_678' title='bbox 2489 4145 2599 4200; x_wconf 90' lang='lat' dir='ltr'><strong>nisi</strong></span> <span class='ocrx_word' id='word_1_679' title='bbox 2641 4148 2699 4202; x_wconf 92' lang='lat' dir='ltr'><strong>in</strong></span> <span class='ocrx_word' id='word_1_680' title='bbox 2756 4149 3036 4227; x_wconf 83' lang='lat' dir='ltr'><strong>inscitia),</strong></span> <span class='ocrx_word' id='word_1_681' title='bbox 3088 4132 3259 4227; x_wconf 44' lang='lat' dir='ltr'><strong>quod‘</strong></span> <span class='ocrx_word' id='word_1_682' title='bbox 3291 4173 3377 4219; x_wconf 86' lang='lat' dir='ltr'><strong>est</strong></span> 
     </span>
    </p>
   </div>
   <div class='ocr_carea' id='block_1_89' title="bbox 1804 4226 3372 4322">
    <p class='ocr_par' dir='ltr' id='par_1_89' title="bbox 1804 4226 3372 4322">
     <span class='ocr_line' id='line_1_89' title="bbox 1804 4226 3372 4322; baseline 0.017 -43"><span class='ocrx_word' id='word_1_683' title='bbox 1804 4226 1875 4281; x_wconf 93' lang='lat' dir='ltr'><strong>ab</strong></span> <span class='ocrx_word' id='word_1_684' title='bbox 1905 4229 2175 4303; x_wconf 83' lang='lat' dir='ltr'><strong>omnibus</strong></span> <span class='ocrx_word' id='word_1_685' title='bbox 2200 4246 2546 4301; x_wconf 87' lang='lat' dir='ltr'><strong>concessum,</strong></span> <span class='ocrx_word' id='word_1_686' title='bbox 2568 4245 2841 4322; x_wconf 84' lang='lat' dir='ltr'><strong>tauquam</strong></span> <span class='ocrx_word' id='word_1_687' title='bbox 2878 4226 3119 4305; x_wconf 14' lang='lat' dir='ltr'><strong>dubium,</strong></span> <span class='ocrx_word' id='word_1_688' title='bbox 3134 4250 3191 4306; x_wconf 92' lang='lat' dir='ltr'><strong>in</strong></span> <span class='ocrx_word' id='word_1_689' title='bbox 3222 4252 3372 4322; x_wconf 66' lang='lat' dir='ltr'><strong>quaa-</strong></span> 
     </span>
    </p>
   </div>
   <div class='ocr_carea' id='block_1_90' title="bbox 1805 4317 3373 4410">
    <p class='ocr_par' dir='ltr' id='par_1_90' title="bbox 1805 4317 3373 4410">
     <span class='ocr_line' id='line_1_90' title="bbox 1805 4317 3373 4410; baseline 0.02 -40"><span class='ocrx_word' id='word_1_690' title='bbox 1805 4317 1986 4373; x_wconf 88' lang='lat' dir='ltr'><strong>stione</strong></span> <span class='ocrx_word' id='word_1_691' title='bbox 2009 4331 2255 4389; x_wconf 90' lang='lat' dir='ltr'><strong>ponunt;</strong></span> <span class='ocrx_word' id='word_1_692' title='bbox 2285 4331 2342 4390; x_wconf 82' lang='lat' dir='ltr'><strong>et</strong></span> <span class='ocrx_word' id='word_1_693' title='bbox 2378 4327 2524 4395; x_wconf 90' lang='lat' dir='ltr'><strong>quod</strong></span> <span class='ocrx_word' id='word_1_694' title='bbox 2563 4320 2937 4402; x_wconf 78' lang='lat' dir='ltr'><strong>manifestum,</strong></span> <span class='ocrx_word' id='word_1_695' title='bbox 2973 4317 3373 4410; x_wconf 51' lang='lat' dir='ltr'><strong>tanquam-ob-</strong></span> 
     </span>
    </p>
   </div>
   <div class='ocr_carea' id='block_1_91' title="bbox 1806 4411 3372 4500">
    <p class='ocr_par' dir='ltr' id='par_1_91' title="bbox 1806 4411 3372 4500">
     <span class='ocr_line' id='line_1_91' title="bbox 1806 4411 3372 4500; baseline 0.022 -39"><span class='ocrx_word' id='word_1_696' title='bbox 1806 4421 2030 4464; x_wconf 85' lang='lat' dir='ltr'><strong>scurum</strong></span> <span class='ocrx_word' id='word_1_697' title='bbox 2053 4411 2340 4471; x_wconf 90' lang='lat' dir='ltr'><strong>inducunt.</strong></span> <span class='ocrx_word' id='word_1_698' title='bbox 2367 4416 2651 4489; x_wconf 84' lang='lat' dir='ltr'><strong>Siquidem</strong></span> <span class='ocrx_word' id='word_1_699' title='bbox 2670 4433 2869 4482; x_wconf 85' lang='lat' dir='ltr'><strong>natura</strong></span> <span class='ocrx_word' id='word_1_700' title='bbox 2887 4429 3146 4500; x_wconf 83' lang='lat' dir='ltr'><strong>hominis,</strong></span> <span class='ocrx_word' id='word_1_701' title='bbox 3173 4451 3372 4494; x_wconf 87' lang='lat' dir='ltr'><strong>secun-</strong></span> 
     </span>
    </p>
   </div>
   <div class='ocr_carea' id='block_1_92' title="bbox 132 4476 1723 4629">
    <p class='ocr_par' dir='ltr' id='par_1_92' title="bbox 132 4489 1699 4629">
     <span class='ocr_line' id='line_1_92' title="bbox 132 4489 1699 4587; baseline 0.008 -46"><span class='ocrx_word' id='word_1_702' title='bbox 132 4489 301 4554; x_wconf 86' lang='grc' dir='ltr'>νοίας,</span> <span class='ocrx_word' id='word_1_703' title='bbox 336 4491 434 4562; x_wconf 77' lang='grc' dir='ltr'>τὴν</span> <span class='ocrx_word' id='word_1_704' title='bbox 453 4490 631 4561; x_wconf 78' lang='grc' dir='ltr'>ψυχὴν</span> <span class='ocrx_word' id='word_1_705' title='bbox 658 4492 753 4544; x_wconf 75' lang='grc' dir='ltr'><strong>καὶ</strong></span> <span class='ocrx_word' id='word_1_706' title='bbox 786 4492 846 4546; x_wconf 78' lang='grc' dir='ltr'>τὸ</span> <span class='ocrx_word' id='word_1_707' title='bbox 873 4493 1029 4562; x_wconf 85' lang='grc' dir='ltr'>σῶμα</span> <span class='ocrx_word' id='word_1_708' title='bbox 1052 4493 1342 4567; x_wconf 83' lang='grc' dir='ltr'>δηλούσης,</span> <span class='ocrx_word' id='word_1_709' title='bbox 1374 4499 1469 4551; x_wconf 80' lang='grc' dir='ltr'>καὶ</span> <span class='ocrx_word' id='word_1_710' title='bbox 1501 4516 1699 4587; x_wconf 80' lang='grc' dir='ltr'>συσση-</span> 
     </span>
     <span class='ocr_line' id='line_1_93' title="bbox 139 4565 1697 4629; baseline 0 0"><span class='ocrx_word' id='word_1_711' title='bbox 139 4565 453 4629; x_wconf 69' lang='grc' dir='ltr'>ιιαινούστις.</span> <span class='ocrx_word' id='word_1_712' title='bbox 486 4581 562 4629; x_wconf 76' lang='grc' dir='ltr'><strong>ὡς</strong></span> <span class='ocrx_word' id='word_1_713' title='bbox 595 4581 853 4629; x_wconf 74' lang='grc' dir='ltr'>πολλάκις</span> <span class='ocrx_word' id='word_1_714' title='bbox 884 4585 1039 4629; x_wconf 73' lang='grc' dir='ltr'>ἔωῇν-</span> <span class='ocrx_word' id='word_1_715' title='bbox 1075 4585 1153 4629; x_wconf 72' lang='grc' dir='ltr'>τιτι</span> <span class='ocrx_word' id='word_1_716' title='bbox 1186 4586 1292 4629; x_wconf 68' lang='grc' dir='ltr'><strong>ὅλη)</strong></span> <span class='ocrx_word' id='word_1_717' title='bbox 1328 4588 1395 4629; x_wconf 63' lang='grc' dir='ltr'><strong>τὰ</strong></span> <span class='ocrx_word' id='word_1_718' title='bbox 1439 4590 1573 4629; x_wconf 69' lang='grc' dir='ltr'>ιιέην.</span> <span class='ocrx_word' id='word_1_719' title='bbox 1598 4608 1612 4622; x_wconf 78' lang='grc' dir='ltr'>ι</span> <span class='ocrx_word' id='word_1_720' title='bbox 1648 4593 1697 4629; x_wconf 67' lang='grc' dir='ltr'><strong>ην</strong></span> 
     </span>
    </p>
   </div>
   <div class='ocr_carea' id='block_1_93' title="bbox 1826 4476 3449 4629">
    <p class='ocr_par' dir='ltr' id='par_1_93' title="bbox 1826 4476 3449 4629">
     <span class='ocr_line' id='line_1_94' title="bbox 2444 4476 3372 4500; baseline 0.02 -24"><span class='ocrx_word' id='word_1_721' title='bbox 2444 4476 2461 4489; x_wconf 54' lang='grc' dir='ltr'>ι</span> <span class='ocrx_word' id='word_1_722' title='bbox 2574 4476 2582 4478; x_wconf 62' lang='lat'><strong>-</strong></span> <span class='ocrx_word' id='word_1_723' title='bbox 2638 4476 2649 4481; x_wconf 60' lang='grc' dir='ltr'><strong>ν</strong></span> <span class='ocrx_word' id='word_1_724' title='bbox 2672 4476 2869 4482; x_wconf 40' lang='grc' dir='ltr'><strong>κν--ν--ν-</strong></span> <span class='ocrx_word' id='word_1_725' title='bbox 2889 4476 3146 4500; x_wconf 67' lang='lat' dir='ltr'><strong>v-v-uunulw’</strong></span> <span class='ocrx_word' id='word_1_726' title='bbox 3174 4476 3372 4494; x_wconf 67' lang='grc' dir='ltr'><strong>νυνι-ιι-</strong></span> 
     </span>
     <span class='ocr_line' id='line_1_95' title="bbox 1826 4498 3449 4629; baseline 0.023 -77"><span class='ocrx_word' id='word_1_727' title='bbox 1826 4498 1938 4554; x_wconf 90' lang='lat' dir='ltr'><strong>lum</strong></span> <span class='ocrx_word' id='word_1_728' title='bbox 1971 4517 2292 4562; x_wconf 88' lang='lat' dir='ltr'><strong>communes</strong></span> <span class='ocrx_word' id='word_1_729' title='bbox 2322 4510 2569 4567; x_wconf 89' lang='lat' dir='ltr'><strong>omnium</strong></span> <span class='ocrx_word' id='word_1_730' title='bbox 2597 4516 2873 4586; x_wconf 87' lang='lat' dir='ltr'><strong>notiones,</strong></span> <span class='ocrx_word' id='word_1_731' title='bbox 2905 4510 3141 4581; x_wconf 86' lang='lat' dir='ltr'><strong>animam</strong></span> <span class='ocrx_word' id='word_1_732' title='bbox 3155 4537 3212 4583; x_wconf 87' lang='lat' dir='ltr'><strong>et</strong></span> <span class='ocrx_word' id='word_1_733' title='bbox 3243 4545 3370 4586; x_wconf 88' lang='lat' dir='ltr'><strong>cor-</strong></span> <span class='ocrx_word' id='word_1_734' title='bbox 3436 4576 3449 4629; x_wconf 49' lang='grc' dir='ltr'><strong>γ</strong></span> 
     </span>
     <span class='ocr_line' id='line_1_96' title="bbox 1826 4592 3189 4629; baseline 0.007 0"><span class='ocrx_word' id='word_1_735' title='bbox 1826 4605 1912 4629; x_wconf 63' lang='lat' dir='ltr'><strong>and</strong></span> <span class='ocrx_word' id='word_1_736' title='bbox 1955 4592 2221 4629; x_wconf 71' lang='lat' dir='ltr'><strong>cinniﬁnol</strong></span> <span class='ocrx_word' id='word_1_737' title='bbox 2243 4613 2258 4629; x_wconf 74' lang='grc' dir='ltr'>ο</span> <span class='ocrx_word' id='word_1_738' title='bbox 2286 4609 2341 4629; x_wconf 69' lang='grc' dir='ltr'><strong>ιη</strong></span> <span class='ocrx_word' id='word_1_739' title='bbox 2374 4596 2753 4629; x_wconf 55' lang='lat' dir='ltr'><strong>ann.:‘.....:n--.</strong></span> <span class='ocrx_word' id='word_1_740' title='bbox 2807 4618 2865 4629; x_wconf 69' lang='grc' dir='ltr'><strong>μ.</strong></span> <span class='ocrx_word' id='word_1_741' title='bbox 2904 4626 2963 4629; x_wconf 42' lang='grc' dir='ltr'><strong>--ς</strong></span> <span class='ocrx_word' id='word_1_742' title='bbox 2990 4628 2997 4629; x_wconf 40' lang='grc' dir='ltr'>κ</span> <span class='ocrx_word' id='word_1_743' title='bbox 3097 4615 3131 4629; x_wconf 81' lang='grc' dir='ltr'><strong>ι·</strong></span> <span class='ocrx_word' id='word_1_744' title='bbox 3178 4617 3189 4628; x_wconf 88' lang='grc'><strong>·</strong></span> 
     </span>
    </p>
   </div>
   <div class='ocr_carea' id='block_1_94' title="bbox 137 4565 1723 4691">
    <p class='ocr_par' dir='ltr' id='par_1_94' title="bbox 137 4565 1700 4669">
     <span class='ocr_line' id='line_1_97' title="bbox 137 4565 1700 4669; baseline 0.008 -36"><span class='ocrx_word' id='word_1_745' title='bbox 137 4565 453 4652; x_wconf 80' lang='grc' dir='ltr'>μαινούσης,</span> <span class='ocrx_word' id='word_1_746' title='bbox 486 4581 562 4643; x_wconf 86' lang='grc' dir='ltr'><strong>ὡς</strong></span> <span class='ocrx_word' id='word_1_747' title='bbox 595 4581 853 4646; x_wconf 82' lang='grc' dir='ltr'>πολλάκις</span> <span class='ocrx_word' id='word_1_748' title='bbox 884 4585 1041 4655; x_wconf 76' lang='grc' dir='ltr'>ἔφην,</span> <span class='ocrx_word' id='word_1_749' title='bbox 1075 4585 1153 4669; x_wconf 79' lang='grc' dir='ltr'>τῷ</span> <span class='ocrx_word' id='word_1_750' title='bbox 1186 4565 1292 4657; x_wconf 75' lang='grc' dir='ltr'><strong>ὅλῴ</strong></span> <span class='ocrx_word' id='word_1_751' title='bbox 1328 4588 1395 4642; x_wconf 85' lang='grc' dir='ltr'><strong>τά</strong></span> <span class='ocrx_word' id='word_1_752' title='bbox 1436 4574 1612 4661; x_wconf 44' lang='grc' dir='ltr'>μέρηλ</span> <span class='ocrx_word' id='word_1_753' title='bbox 1648 4565 1700 4645; x_wconf 79' lang='grc' dir='ltr'><strong>οἱ</strong></span> 
     </span>
    </p>
   </div>
   <div class='ocr_carea' id='block_1_95' title="bbox 1826 4565 3441 4691">
    <p class='ocr_par' dir='ltr' id='par_1_95' title="bbox 1826 4578 3441 4691">
     <span class='ocr_line' id='line_1_98' title="bbox 1826 4578 3441 4691; baseline 0.02 -47"><span class='ocrx_word' id='word_1_754' title='bbox 1826 4605 1912 4645; x_wconf 68' lang='lat' dir='ltr'><strong>ius</strong></span> <span class='ocrx_word' id='word_1_755' title='bbox 1954 4592 2259 4663; x_wconf 77' lang='lat' dir='ltr'><strong>signiﬁcat;</strong></span> <span class='ocrx_word' id='word_1_756' title='bbox 2285 4609 2343 4653; x_wconf 89' lang='lat' dir='ltr'><strong>et</strong></span> <span class='ocrx_word' id='word_1_757' title='bbox 2374 4578 2774 4673; x_wconf 68' lang='lat' dir='ltr'><strong>consigniﬁcat,</strong></span> <span class='ocrx_word' id='word_1_758' title='bbox 2807 4618 2870 4663; x_wconf 90' lang='lat' dir='ltr'><strong>ut</strong></span> <span class='ocrx_word' id='word_1_759' title='bbox 2899 4626 3053 4682; x_wconf 70' lang='lat' dir='ltr'><strong>saepe</strong></span> <span class='ocrx_word' id='word_1_760' title='bbox 3078 4615 3213 4682; x_wconf 82' lang='lat' dir='ltr'><strong>dixi,</strong></span> <span class='ocrx_word' id='word_1_761' title='bbox 3239 4634 3366 4674; x_wconf 90' lang='lat' dir='ltr'><strong>cum</strong></span> 
     </span>
    </p>
   </div>
   <div class='ocr_carea' id='block_1_96' title="bbox 132 4666 1723 4770">
    <p class='ocr_par' dir='ltr' id='par_1_96' title="bbox 132 4666 1696 4761">
     <span class='ocr_line' id='line_1_99' title="bbox 132 4666 1696 4761; baseline 0.01 -39"><span class='ocrx_word' id='word_1_762' title='bbox 132 4670 191 4724; x_wconf 76' lang='grc' dir='ltr'>δὲ</span> <span class='ocrx_word' id='word_1_763' title='bbox 220 4672 280 4724; x_wconf 80' lang='grc' dir='ltr'>τὸ</span> <span class='ocrx_word' id='word_1_764' title='bbox 307 4675 973 4746; x_wconf 65' lang='grc' dir='ltr'>πᾶσινπαρακεχωρηκὸς</span> <span class='ocrx_word' id='word_1_765' title='bbox 1000 4666 1356 4746; x_wconf 78' lang='grc' dir='ltr'>τῆςὲννοίας,</span> <span class='ocrx_word' id='word_1_766' title='bbox 1380 4681 1455 4761; x_wconf 74' lang='grc' dir='ltr'>ᾡς</span> <span class='ocrx_word' id='word_1_767' title='bbox 1492 4682 1696 4754; x_wconf 77' lang='grc' dir='ltr'>ἄπορον</span> 
     </span>
    </p>
   </div>
   <div class='ocr_carea' id='block_1_97' title="bbox 1826 4666 3403 4770">
    <p class='ocr_par' dir='ltr' id='par_1_97' title="bbox 1826 4666 3403 4770">
     <span class='ocr_line' id='line_1_100' title="bbox 1826 4666 3403 4770; baseline 0.023 -37"><span class='ocrx_word' id='word_1_768' title='bbox 1826 4690 1921 4737; x_wconf 75' lang='grc' dir='ltr'>,οιο</span> <span class='ocrx_word' id='word_1_769' title='bbox 1950 4694 2154 4753; x_wconf 86' lang='lat' dir='ltr'><strong>partes.</strong></span> <span class='ocrx_word' id='word_1_770' title='bbox 2182 4687 2289 4761; x_wconf 75' lang='lat' dir='ltr'><strong>isti</strong></span> <span class='ocrx_word' id='word_1_771' title='bbox 2317 4706 2451 4746; x_wconf 87' lang='lat' dir='ltr'><strong>vero</strong></span> <span class='ocrx_word' id='word_1_772' title='bbox 2481 4666 2628 4763; x_wconf 70' lang='lat' dir='ltr'><strong>quod</strong></span> <span class='ocrx_word' id='word_1_773' title='bbox 2659 4711 2691 4750; x_wconf 84' lang='lat' dir='ltr'><strong>a</strong></span> <span class='ocrx_word' id='word_1_774' title='bbox 2723 4666 3056 4770; x_wconf 54' lang='lat' dir='ltr'><strong>cogitatiorne</strong></span> <span class='ocrx_word' id='word_1_775' title='bbox 3120 4666 3367 4768; x_wconf 67' lang='lat' dir='ltr'><strong>omnium</strong></span> <span class='ocrx_word' id='word_1_776' title='bbox 3400 4728 3403 4731; x_wconf 72' lang='lat'><em>‘</em></span> 
     </span>
    </p>
   </div>
   <div class='ocr_carea' id='block_1_98' title="bbox 130 4756 1723 4871">
    <p class='ocr_par' dir='ltr' id='par_1_98' title="bbox 130 4756 1694 4843">
     <span class='ocr_line' id='line_1_101' title="bbox 130 4756 1694 4843; baseline 0.013 -33"><span class='ocrx_word' id='word_1_777' title='bbox 130 4756 500 4827; x_wconf 78' lang='grc' dir='ltr'>λαμϐάνουσιν</span> <span class='ocrx_word' id='word_1_778' title='bbox 531 4779 546 4794; x_wconf 79' lang='grc' dir='ltr'><strong>ο</strong></span> <span class='ocrx_word' id='word_1_779' title='bbox 575 4762 650 4824; x_wconf 81' lang='grc' dir='ltr'><strong>ὡς</strong></span> <span class='ocrx_word' id='word_1_780' title='bbox 676 4763 742 4817; x_wconf 84' lang='grc' dir='ltr'>ἂν</span> <span class='ocrx_word' id='word_1_781' title='bbox 781 4763 835 4817; x_wconf 80' lang='grc' dir='ltr'>εἷ</span> <span class='ocrx_word' id='word_1_782' title='bbox 855 4782 996 4829; x_wconf 78' lang='grc' dir='ltr'>τινος</span> <span class='ocrx_word' id='word_1_783' title='bbox 1031 4767 1186 4837; x_wconf 81' lang='grc' dir='ltr'>ἡμῶν</span> <span class='ocrx_word' id='word_1_784' title='bbox 1216 4756 1651 4841; x_wconf 78' lang='grc' dir='ltr'>ἀποφαινομένου</span> <span class='ocrx_word' id='word_1_785' title='bbox 1677 4818 1694 4843; x_wconf 90' lang='grc'><strong>,</strong></span> 
     </span>
    </p>
   </div>
   <div class='ocr_carea' id='block_1_99' title="bbox 1826 4756 3364 4871">
    <p class='ocr_par' dir='ltr' id='par_1_99' title="bbox 1826 4756 3364 4871">
     <span class='ocr_line' id='line_1_102' title="bbox 1826 4756 3364 4871; baseline 0.02 -43"><span class='ocrx_word' id='word_1_786' title='bbox 1826 4777 2050 4839; x_wconf 76' lang='lat' dir='ltr'><strong>&#39;ecessit,</strong></span> <span class='ocrx_word' id='word_1_787' title='bbox 2108 4756 2362 4848; x_wconf 82' lang='lat' dir='ltr'><strong>tanquam</strong></span> <span class='ocrx_word' id='word_1_788' title='bbox 2414 4756 2645 4841; x_wconf 82' lang='lat' dir='ltr'><strong>dubium</strong></span> <span class='ocrx_word' id='word_1_789' title='bbox 2691 4756 3131 4864; x_wconf 54' lang='lat' dir='ltr'><strong>supinumquasi</strong></span> <span class='ocrx_word' id='word_1_790' title='bbox 3165 4801 3364 4871; x_wconf 85' lang='lat' dir='ltr'><strong>aliquis</strong></span> 
     </span>
    </p>
   </div>
   <div class='ocr_carea' id='block_1_100' title="bbox 132 4849 1723 4957">
    <p class='ocr_par' dir='ltr' id='par_1_100' title="bbox 132 4849 1697 4941">
     <span class='ocr_line' id='line_1_103' title="bbox 132 4849 1697 4941; baseline 0.012 -41"><span class='ocrx_word' id='word_1_791' title='bbox 132 4849 215 4901; x_wconf 76' lang='grc' dir='ltr'><strong>ὅτι</strong></span> <span class='ocrx_word' id='word_1_792' title='bbox 247 4849 467 4904; x_wconf 80' lang='grc' dir='ltr'>διπλοῦν</span> <span class='ocrx_word' id='word_1_793' title='bbox 486 4869 537 4905; x_wconf 88' lang='grc' dir='ltr'><strong>τι</strong></span> <span class='ocrx_word' id='word_1_794' title='bbox 569 4852 759 4941; x_wconf 80' lang='grc' dir='ltr'>χρῆμά</span> <span class='ocrx_word' id='word_1_795' title='bbox 782 4856 930 4910; x_wconf 76' lang='grc' dir='ltr'>ἐστιν</span> <span class='ocrx_word' id='word_1_796' title='bbox 958 4859 986 4910; x_wconf 83' lang='grc' dir='ltr'>ὁ</span> <span class='ocrx_word' id='word_1_797' title='bbox 1009 4858 1318 4930; x_wconf 83' lang='grc' dir='ltr'>ἄνθρωπος,</span> <span class='ocrx_word' id='word_1_798' title='bbox 1350 4863 1382 4933; x_wconf 82' lang='grc' dir='ltr'><strong>ἢ</strong></span> <span class='ocrx_word' id='word_1_799' title='bbox 1413 4865 1573 4934; x_wconf 84' lang='grc' dir='ltr'>σῶμα</span> <span class='ocrx_word' id='word_1_800' title='bbox 1598 4868 1697 4938; x_wconf 88' lang='grc' dir='ltr'><strong>μό-</strong></span> 
     </span>
    </p>
   </div>
   <div class='ocr_carea' id='block_1_101' title="bbox 1826 4849 3360 4957">
    <p class='ocr_par' dir='ltr' id='par_1_101' title="bbox 1826 4849 3360 4957">
     <span class='ocr_line' id='line_1_104' title="bbox 1826 4849 3360 4957; baseline 0.021 -44"><span class='ocrx_word' id='word_1_801' title='bbox 1826 4869 2048 4919; x_wconf 73' lang='lat' dir='ltr'><strong>nostrum</strong></span> <span class='ocrx_word' id='word_1_802' title='bbox 2091 4863 2341 4931; x_wconf 79' lang='lat' dir='ltr'><strong>aﬂirmet,</strong></span> <span class='ocrx_word' id='word_1_803' title='bbox 2373 4871 2523 4938; x_wconf 89' lang='lat' dir='ltr'><strong>quod</strong></span> <span class='ocrx_word' id='word_1_804' title='bbox 2559 4873 2725 4930; x_wconf 90' lang='lat' dir='ltr'><strong>homo</strong></span> <span class='ocrx_word' id='word_1_805' title='bbox 2764 4887 2850 4932; x_wconf 87' lang='lat' dir='ltr'><strong>est</strong></span> <span class='ocrx_word' id='word_1_806' title='bbox 2880 4849 3360 4957; x_wconf 57' lang='grc' dir='ltr'><strong>³ιίᾳῦίεῖἀῖῥῖξᾷ</strong></span> 
     </span>
    </p>
   </div>
   <div class='ocr_carea' id='block_1_102' title="bbox 134 4932 1723 5034">
    <p class='ocr_par' dir='ltr' id='par_1_102' title="bbox 134 4932 1695 5015">
     <span class='ocr_line' id='line_1_105' title="bbox 134 4932 1695 5015; baseline 0.013 -25"><span class='ocrx_word' id='word_1_807' title='bbox 134 4955 224 4991; x_wconf 90' lang='grc' dir='ltr'><strong>νον</strong></span> <span class='ocrx_word' id='word_1_808' title='bbox 250 4980 266 5003; x_wconf 87' lang='grc'><strong>,</strong></span> <span class='ocrx_word' id='word_1_809' title='bbox 290 4937 330 5004; x_wconf 81' lang='grc' dir='ltr'><strong>’ἢ</strong></span> <span class='ocrx_word' id='word_1_810' title='bbox 360 4939 507 5012; x_wconf 79' lang='grc' dir='ltr'>ψυχὴ</span> <span class='ocrx_word' id='word_1_811' title='bbox 551 4932 749 5011; x_wconf 72' lang='grc' dir='ltr'>μόνον’·</span> <span class='ocrx_word' id='word_1_812' title='bbox 783 4947 877 4999; x_wconf 73' lang='grc' dir='ltr'>καὶ</span> <span class='ocrx_word' id='word_1_813' title='bbox 908 4945 997 5000; x_wconf 86' lang='grc' dir='ltr'>διὰ</span> <span class='ocrx_word' id='word_1_814' title='bbox 1037 4947 1197 5002; x_wconf 81' lang='grc' dir='ltr'>τοῦτο</span> <span class='ocrx_word' id='word_1_815' title='bbox 1227 4932 1438 5015; x_wconf 69' lang='grc' dir='ltr'>ἀξιοῦσι</span> <span class='ocrx_word' id='word_1_816' title='bbox 1478 4932 1572 5008; x_wconf 76' lang='grc' dir='ltr'>καὶ</span> <span class='ocrx_word' id='word_1_817' title='bbox 1598 4932 1695 5011; x_wconf 66' lang='grc' dir='ltr'>επὶ</span> 
     </span>
    </p>
   </div>
   <div class='ocr_carea' id='block_1_103' title="bbox 1826 4932 3361 5034">
    <p class='ocr_par' dir='ltr' id='par_1_103' title="bbox 1826 4932 3361 5034">
     <span class='ocr_line' id='line_1_106' title="bbox 2391 4932 3360 4957; baseline 0.023 -19"><span class='ocrx_word' id='word_1_818' title='bbox 2391 4932 2409 4938; x_wconf 88' lang='grc'><strong>-</strong></span> <span class='ocrx_word' id='word_1_819' title='bbox 2885 4932 3089 4951; x_wconf 49' lang='grc' dir='ltr'><strong>παι-η-</strong></span> <span class='ocrx_word' id='word_1_820' title='bbox 3141 4932 3360 4957; x_wconf 60' lang='grc' dir='ltr'><strong>*νιν-νην</strong></span> 
     </span>
     <span class='ocr_line' id='line_1_107' title="bbox 1826 4950 3361 5034; baseline 0.02 -30"><span class='ocrx_word' id='word_1_821' title='bbox 1826 4950 1882 5005; x_wconf 75' lang='lat' dir='ltr'><strong>&#39;el</strong></span> <span class='ocrx_word' id='word_1_822' title='bbox 1910 4966 2111 5027; x_wconf 74' lang='lat' dir='ltr'><strong>corpus</strong></span> <span class='ocrx_word' id='word_1_823' title='bbox 2159 4956 2358 5021; x_wconf 90' lang='lat' dir='ltr'><strong>solum,</strong></span> <span class='ocrx_word' id='word_1_824' title='bbox 2389 4959 2476 5014; x_wconf 88' lang='lat' dir='ltr'><strong>vel</strong></span> <span class='ocrx_word' id='word_1_825' title='bbox 2532 4962 2714 5018; x_wconf 87' lang='lat' dir='ltr'><strong>anima</strong></span> <span class='ocrx_word' id='word_1_826' title='bbox 2743 4968 2888 5034; x_wconf 83' lang='lat' dir='ltr'><strong>sola;</strong></span> <span class='ocrx_word' id='word_1_827' title='bbox 2918 4979 2976 5024; x_wconf 92' lang='lat' dir='ltr'><strong>et</strong></span> <span class='ocrx_word' id='word_1_828' title='bbox 3003 4972 3128 5028; x_wconf 86' lang='lat' dir='ltr'><strong>ideo</strong></span> <span class='ocrx_word' id='word_1_829' title='bbox 3169 4978 3361 5034; x_wconf 85' lang='lat' dir='ltr'><strong>volunt</strong></span> 
     </span>
    </p>
   </div>
   <div class='ocr_carea' id='block_1_104' title="bbox 132 5024 1723 5129">
    <p class='ocr_par' dir='ltr' id='par_1_104' title="bbox 132 5024 1693 5118">
     <span class='ocr_line' id='line_1_108' title="bbox 132 5024 1693 5118; baseline 0.013 -39"><span class='ocrx_word' id='word_1_830' title='bbox 132 5024 368 5098; x_wconf 79' lang='grc' dir='ltr'>Χριστοῦ</span> <span class='ocrx_word' id='word_1_831' title='bbox 417 5034 566 5101; x_wconf 86' lang='grc' dir='ltr'>τρεῖς</span> <span class='ocrx_word' id='word_1_832' title='bbox 592 5030 771 5101; x_wconf 83' lang='grc' dir='ltr'>λέγειν</span> <span class='ocrx_word' id='word_1_833' title='bbox 810 5034 1024 5103; x_wconf 83' lang='grc' dir='ltr'>φύσεις,</span> <span class='ocrx_word' id='word_1_834' title='bbox 1058 5037 1133 5100; x_wconf 86' lang='grc' dir='ltr'>ὡς</span> <span class='ocrx_word' id='word_1_835' title='bbox 1163 5039 1261 5110; x_wconf 84' lang='grc' dir='ltr'>οὐχ</span> <span class='ocrx_word' id='word_1_836' title='bbox 1291 5042 1483 5114; x_wconf 77' lang='grc' dir='ltr'>ἱκανῆς</span> <span class='ocrx_word' id='word_1_837' title='bbox 1526 5045 1693 5118; x_wconf 80' lang='grc' dir='ltr'>οὔσης</span> 
     </span>
    </p>
   </div>
   <div class='ocr_carea' id='block_1_105' title="bbox 1826 5024 3356 5129">
    <p class='ocr_par' dir='ltr' id='par_1_105' title="bbox 1826 5024 3356 5129">
     <span class='ocr_line' id='line_1_109' title="bbox 1826 5024 3356 5129; baseline 0.018 -32"><span class='ocrx_word' id='word_1_838' title='bbox 1826 5024 1989 5100; x_wconf 85' lang='lat' dir='ltr'><strong>icere</strong></span> <span class='ocrx_word' id='word_1_839' title='bbox 2010 5045 2068 5100; x_wconf 88' lang='lat' dir='ltr'><strong>in</strong></span> <span class='ocrx_word' id='word_1_840' title='bbox 2091 5046 2309 5104; x_wconf 87' lang='lat' dir='ltr'><strong>Christo</strong></span> <span class='ocrx_word' id='word_1_841' title='bbox 2332 5057 2444 5104; x_wconf 87' lang='lat' dir='ltr'><strong>tres</strong></span> <span class='ocrx_word' id='word_1_842' title='bbox 2484 5060 2728 5123; x_wconf 88' lang='lat' dir='ltr'><strong>naturas,</strong></span> <span class='ocrx_word' id='word_1_843' title='bbox 2758 5062 2914 5129; x_wconf 90' lang='lat' dir='ltr'><strong>quasi</strong></span> <span class='ocrx_word' id='word_1_844' title='bbox 2950 5074 3150 5121; x_wconf 89' lang='lat' dir='ltr'><strong>natura</strong></span> <span class='ocrx_word' id='word_1_845' title='bbox 3173 5068 3356 5125; x_wconf 84' lang='lat' dir='ltr'><strong>homi-</strong></span> 
     </span>
    </p>
   </div>
   <div class='ocr_carea' id='block_1_106' title="bbox 131 5115 1723 5226">
    <p class='ocr_par' dir='ltr' id='par_1_106' title="bbox 131 5115 1685 5226">
     <span class='ocr_line' id='line_1_110' title="bbox 131 5115 1685 5226; baseline 0.015 -59"><span class='ocrx_word' id='word_1_846' title='bbox 131 5115 231 5180; x_wconf 82' lang='grc' dir='ltr'><strong>τῆς</strong></span> <span class='ocrx_word' id='word_1_847' title='bbox 259 5118 545 5191; x_wconf 84' lang='grc' dir='ltr'>ἀνθρώπου</span> <span class='ocrx_word' id='word_1_848' title='bbox 573 5120 786 5189; x_wconf 81' lang='grc' dir='ltr'>φύσεως</span> <span class='ocrx_word' id='word_1_849' title='bbox 812 5126 1212 5224; x_wconf 61' lang='grc' dir='ltr'>συνεπάγεσραι</span> <span class='ocrx_word' id='word_1_850' title='bbox 1236 5130 1404 5226; x_wconf 45' lang='grc' dir='ltr'>ἑαυτῇ</span> <span class='ocrx_word' id='word_1_851' title='bbox 1430 5132 1500 5186; x_wconf 85' lang='grc' dir='ltr'><strong>τά</strong></span> <span class='ocrx_word' id='word_1_852' title='bbox 1526 5115 1685 5226; x_wconf 64' lang='grc' dir='ltr'><strong>μέρή.</strong></span> 
     </span>
    </p>
   </div>
   <div class='ocr_carea' id='block_1_107' title="bbox 1826 5115 3355 5226">
    <p class='ocr_par' dir='ltr' id='par_1_107' title="bbox 1832 5115 3355 5226">
     <span class='ocr_line' id='line_1_111' title="bbox 1832 5115 3355 5226; baseline 0.019 -37"><span class='ocrx_word' id='word_1_853' title='bbox 1832 5136 1878 5191; x_wconf 90' lang='lat' dir='ltr'><strong>is</strong></span> <span class='ocrx_word' id='word_1_854' title='bbox 1901 5149 2011 5191; x_wconf 91' lang='lat' dir='ltr'><strong>non</strong></span> <span class='ocrx_word' id='word_1_855' title='bbox 2043 5138 2177 5194; x_wconf 89' lang='lat' dir='ltr'><strong>satis</strong></span> <span class='ocrx_word' id='word_1_856' title='bbox 2203 5140 2274 5194; x_wconf 85' lang='lat' dir='ltr'><strong>sit</strong></span> <span class='ocrx_word' id='word_1_857' title='bbox 2301 5141 2369 5195; x_wconf 90' lang='lat' dir='ltr'><strong>ad</strong></span> <span class='ocrx_word' id='word_1_858' title='bbox 2399 5141 2746 5204; x_wconf 81' lang='lat' dir='ltr'><strong>inferendum</strong></span> <span class='ocrx_word' id='word_1_859' title='bbox 2769 5115 2957 5209; x_wconf 70' lang='lat' dir='ltr'><strong>secum</strong></span> <span class='ocrx_word' id='word_1_860' title='bbox 2980 5167 3183 5226; x_wconf 86' lang='lat' dir='ltr'><strong>partes.</strong></span> <span class='ocrx_word' id='word_1_861' title='bbox 3209 5160 3355 5218; x_wconf 71' lang='lat' dir='ltr'><strong>Duas</strong></span> 
     </span>
    </p>
   </div>
   <div class='ocr_carea' id='block_1_108' title="bbox 133 5202 1723 5321">
    <p class='ocr_par' dir='ltr' id='par_1_108' title="bbox 133 5202 1688 5284">
     <span class='ocr_line' id='line_1_112' title="bbox 133 5202 1688 5284; baseline 0.012 -29"><span class='ocrx_word' id='word_1_862' title='bbox 133 5202 236 5256; x_wconf 82' lang='grc' dir='ltr'><strong>Δύο</strong></span> <span class='ocrx_word' id='word_1_863' title='bbox 278 5207 382 5276; x_wconf 78' lang='grc' dir='ltr'><strong>γὰρ</strong></span> <span class='ocrx_word' id='word_1_864' title='bbox 427 5214 616 5275; x_wconf 78' lang='grc' dir='ltr'>φυσεις</span> <span class='ocrx_word' id='word_1_865' title='bbox 652 5207 882 5278; x_wconf 83' lang='grc' dir='ltr'>λέγομεν</span> <span class='ocrx_word' id='word_1_866' title='bbox 915 5211 973 5262; x_wconf 85' lang='grc' dir='ltr'>οὐ</span> <span class='ocrx_word' id='word_1_867' title='bbox 1000 5210 1134 5265; x_wconf 83' lang='grc' dir='ltr'><strong>Θεοῦ</strong></span> <span class='ocrx_word' id='word_1_868' title='bbox 1165 5213 1260 5265; x_wconf 77' lang='grc' dir='ltr'>καὶ</span> <span class='ocrx_word' id='word_1_869' title='bbox 1302 5202 1537 5284; x_wconf 68' lang='grc' dir='ltr'>σαρκὸς,</span> <span class='ocrx_word' id='word_1_870' title='bbox 1565 5202 1688 5274; x_wconf 65' lang='grc' dir='ltr'>οὗτε</span> 
     </span>
    </p>
   </div>
   <div class='ocr_carea' id='block_1_109' title="bbox 1826 5202 3353 5321">
    <p class='ocr_par' dir='ltr' id='par_1_109' title="bbox 1826 5202 3353 5321">
     <span class='ocr_line' id='line_1_113' title="bbox 2694 5202 3353 5226; baseline 0.023 -23"><span class='ocrx_word' id='word_1_871' title='bbox 2770 5202 2957 5209; x_wconf 76' lang='lat'>__-__-</span> <span class='ocrx_word' id='word_1_872' title='bbox 2980 5202 3183 5226; x_wconf 51' lang='grc' dir='ltr'><strong>μην...</strong></span> <span class='ocrx_word' id='word_1_873' title='bbox 3209 5202 3353 5218; x_wconf 65' lang='grc' dir='ltr'><strong>νυ...</strong></span> 
     </span>
     <span class='ocr_line' id='line_1_114' title="bbox 1826 5221 3353 5321; baseline 0.02 -43"><span class='ocrx_word' id='word_1_874' title='bbox 1826 5221 1949 5280; x_wconf 88' lang='lat' dir='ltr'><strong>nim</strong></span> <span class='ocrx_word' id='word_1_875' title='bbox 1984 5235 2208 5285; x_wconf 88' lang='lat' dir='ltr'><strong>naturas</strong></span> <span class='ocrx_word' id='word_1_876' title='bbox 2251 5230 2508 5301; x_wconf 88' lang='lat' dir='ltr'><strong>dicimus,</strong></span> <span class='ocrx_word' id='word_1_877' title='bbox 2540 5250 2651 5292; x_wconf 90' lang='lat' dir='ltr'><strong>non</strong></span> <span class='ocrx_word' id='word_1_878' title='bbox 2678 5239 2777 5295; x_wconf 88' lang='lat' dir='ltr'><strong>Dei</strong></span> <span class='ocrx_word' id='word_1_879' title='bbox 2824 5252 2881 5300; x_wconf 89' lang='lat' dir='ltr'><strong>et</strong></span> <span class='ocrx_word' id='word_1_880' title='bbox 2928 5248 3127 5316; x_wconf 86' lang='lat' dir='ltr'><strong>carnis,</strong></span> <span class='ocrx_word' id='word_1_881' title='bbox 3172 5265 3353 5321; x_wconf 70' lang='lat' dir='ltr'><strong>neque</strong></span> 
     </span>
    </p>
   </div>
   <div class='ocr_carea' id='block_1_110' title="bbox 204 5413 681 5485">
    <p class='ocr_par' dir='ltr' id='par_1_110' title="bbox 204 5413 681 5485">
     <span class='ocr_line' id='line_1_115' title="bbox 204 5413 681 5485; baseline 0.013 -16"><span class='ocrx_word' id='word_1_882' title='bbox 204 5413 225 5446; x_wconf 83' lang='grc'><strong>⁸</strong></span> <span class='ocrx_word' id='word_1_883' title='bbox 252 5416 421 5472; x_wconf 84' lang='lat' dir='ltr'><strong>Eccli.</strong></span> <span class='ocrx_word' id='word_1_884' title='bbox 451 5433 559 5485; x_wconf 76' lang='lat' dir='ltr'><strong>ut,</strong></span> <span class='ocrx_word' id='word_1_885' title='bbox 592 5420 681 5475; x_wconf 72' lang='lat'><strong>2!.</strong></span> 
     </span>
    </p>
   </div>
   <div class='ocr_carea' id='block_1_111' title="bbox 104 5578 1545 5665">
    <p class='ocr_par' dir='ltr' id='par_1_111' title="bbox 104 5578 1545 5665">
     <span class='ocr_line' id='line_1_116' title="bbox 104 5578 1545 5665; baseline 0.015 -35"><span class='ocrx_word' id='word_1_886' title='bbox 104 5630 109 5633; x_wconf 88' lang='lat'>_</span> <span class='ocrx_word' id='word_1_887' title='bbox 203 5578 315 5662; x_wconf 64' lang='grc' dir='ltr'>(νε)</span> <span class='ocrx_word' id='word_1_888' title='bbox 338 5580 396 5633; x_wconf 89' lang='lat' dir='ltr'><strong>In</strong></span> <span class='ocrx_word' id='word_1_889' title='bbox 427 5596 597 5653; x_wconf 70' lang='lat' dir='ltr'><strong>marg.</strong></span> <span class='ocrx_word' id='word_1_890' title='bbox 624 5586 869 5641; x_wconf 80' lang='grc' dir='ltr'>τουτίστι</span> <span class='ocrx_word' id='word_1_891' title='bbox 924 5588 1032 5643; x_wconf 82' lang='grc' dir='ltr'><strong>τῶν</strong></span> <span class='ocrx_word' id='word_1_892' title='bbox 1057 5590 1197 5646; x_wconf 80' lang='grc' dir='ltr'>ὅλων</span> <span class='ocrx_word' id='word_1_893' title='bbox 1220 5594 1545 5665; x_wconf 76' lang='grc' dir='ltr'>ἀνθρώπων.</span> 
     </span>
    </p>
   </div>
  </div>
