3912 6298
1825 126 1943 137 ..ρ-..-⁵

570 266 707 331 1295
1058 252 1063 253 ί
1830 268 2130 329 LEONTII

2237 266 2488 326 ΥΖΑΝΤΙ
2497 266 2579 326 NI
3730 252 3868 315 ῙΞΒῐ

568 376 669 432 Dei
697 384 752 431 et
770 375 983 438 animae,
1012 374 1109 430 sed
1136 373 1231 429 Dei
1262 385 1318 430 et
1341 375 1598 432 hominis.
1622 374 1733 431 Nec
1752 376 1897 430 enim
1918 374 2130 446 proprie

2241 374 2347 443 μὴν
2379 371 2515 424 Θεοῦ
2537 371 2631 424 καὶ
2658 369 2859 438 ψυχῆς.
2901 366 3035 420 ἀλλὰ
3066 364 3202 417 Θεοῦ
3238 362 3339 418 καὶ
3366 360 3731 432 ἀνθρώπου.
3763 366 3859 412 0;-

567 473 654 520 est
689 474 883 518 natura
920 462 1179 527 hominis,
1214 470 1412 517 natura
1451 464 1643 533 partis.
1663 462 1842 528 Quare
1870 462 1963 531 qui
1993 458 2130 514 dixit

2240 462 2297 515 δὲ
2331 463 2441 533 γάρ
2492 464 2606 515 ἐστι
2690 459 2897 529 κυρίως
2931 454 3224 528 ἀνθρώπου
3262 454 3430 522 φύσις
3456 493 3478 519 ,
3527 455 3566 523 ἡ
3622 454 3732 505 τοῦ
3774 458 3861 520 με-

567 555 846 609 hominem
899 554 983 608 vel
1031 560 1283 607 naturam
1342 552 1602 618 hominis,
1639 560 1865 606 naturas
1894 551 2130 606 declara-

2238 571 2365 624 ρους
2422 552 2606 623 φύσις.
2661 551 2825 604 Ὥστε
2901 551 2931 602 ὁ
2984 551 3155 611 εἰπὼν
3221 547 3532 617 ἄνθρωπον
3591 545 3633 613 ἢ
3694 544 3857 610 ςύςξτ

566 647 683 711 vit;
722 645 817 715 qui
872 653 1055 698 autem
1110 628 1776 705 Christum‘nominavit,
1824 657 2004 712 neque
2034 655 2135 695 no—

567 753 691 791 men
731 744 943 791 certum
992 744 1048 790 et
1091 735 1299 789 nostris
1334 734 1651 789 notionibus
1692 733 2002 803 subjectum
2036 746 2137 786 no—

566 827 819 893 minavit,
840 842 1016 896 neque
1048 842 1163 880 rem
1193 824 1518 881 declaravit.

634 1040 1037 1096 Declaranthoc
1058 1039 1243 1093 multm
1263 1047 1320 1093 et
1342 1037 1511 1092 variae
1527 1037 1811 1092 etinterse
1828 1043 2134 1105 pugnantes

560 1134 634 1188 de
661 1148 728 1187 eo
765 1132 908 1200 apud
936 1130 1280 1185 Christianos
1325 1128 1636 1198 opiniones,
1669 1142 1792 1197 quae
1814 1141 1926 1180 non
1967 1125 2135 1179 exsti-

565 1227 777 1289 tissent,
811 1225 856 1278 si
886 1224 1070 1277 statim
1091 1236 1294 1291 nomen
1323 1221 1548 1275 Christi-
1568 1220 1862 1274 veritatem
1884 1219 1965 1273 rei
1996 1218 2133 1272 sub-

562 1322 720 1389 jecwe
773 1315 1126 1385 signiﬁcaret.
1153 1314 1220 1368 At
1246 1313 1544 1383 appellatio
1563 1311 1806 1366 hominis
1824 1310 2134 1365 communis

562 1419 667 1472 est,
700 1417 757 1463 et
802 1407 1060 1460 omnibus
1097 1406 1337 1475 vulgata,
1380 1412 1439 1459 et
1490 1404 1727 1457 maxime
1780 1401 2128 1457 Christianis.

552 1501 771 1553 ‘Nomen
831 1512 960 1551 vero
1011 1494 1219 1550 Christi
1268 1495 1445 1549 simile
1504 1501 1591 1549 est
1637 1493 1845 1547 nomini
1902 1493 2038 1547 artis
2078 1498 2134 1546 et

560 1586 824 1641 scientiae.
859 1584 931 1639 Ut
981 1584 1128 1637 enim
1172 1583 1263 1636 illa
1317 1580 1542 1636 nomina
1587 1582 1725 1635 artis
1772 1588 1830 1635 et
1883 1580 2133 1634 scientia:

554 1680 641 1734 illi
677 1688 887 1733 tantum
912 1679 1115 1740 sciunt,
1161 1676 1253 1743 qui
1301 1675 1447 1729 illam
1481 1673 1833 1742 disciplinam
1866 1688 2130 1745 percepe-

2234 644 2553 716 ἀνθρώπου,
2596 642 2697 705 τὰς
2728 641 2923 709 φύσεις
2956 640 3259 709 ὲδήλωσεν⁶
3290 640 3320 691 ὁ
3348 640 3410 691 δὲ
3447 639 3719 707 Χριστὸν
3750 638 3857 687 ἂνο-

2238 737 2421 806 μάσας
2445 777 2460 800 ,
2504 735 2605 803 οὐχ
2629 732 3072 803 ὁμολογουμένην
3100 734 3194 785 καὶ
3222 734 3348 793 ταῖς
3378 730 3649 792 ἐννοίαις
3701 730 3851 800 ἠμὲ-

2235 824 2671 888 ὑποπίπτουσαν,
2700 822 2825 877 οὔτε
2841 823 3033 894 κλῆσιν
3057 823 3378 893 ὠνόμασεν,
3411 820 3562 874 οὔτε
3614 823 3851 892 πρᾶγμ-ι

2232 915 2560 986 δελήλωκεν.

2302 1039 2416 1093 Καὶ
2455 1038 2712 1108 δηλοῦσιν
2748 1039 2805 1093 al
2834 1037 3084 1108 διάφοροι
3127 1037 3256 1108 περὶ
3294 1035 3485 1091 αὐτοῦ
3513 1038 3685 1107 παρὰ
3714 1039 3844 1108 Χρι-

2236 1132 2471 1192 πιανοίς
2490 1129 2665 1195 δόξαι,
2701 1129 2896 1183 πολλαί
2920 1145 2983 1182 τε
3014 1128 3110 1182 καὶ
3139 1128 3387 1182 ποικίλαι
3414 1131 3837 1198 τυγχάνουσαι,

2233 1225 2330 1277 καὶ
2375 1222 2637 1293 ἀλλήλαις
2669 1224 3069 1293 διαμαχόμεναι
3094 1240 3107 1253 ·
3143 1225 3245 1276 οὐκ
3297 1223 3371 1276 ἂν
3419 1224 3768 1293 γενόμεναι,
3796 1227 3837 1276 εξ

2233 1315 2441 1378 εὐθέως
2464 1315 2497 1383 ἡ
2546 1315 2640 1368 τοῦ
2671 1314 2912 1385 Χριστοῦ
2960 1314 3305 1385 προσηγορία
3335 1314 3449 1384 τὴν
3484 1314 3595 1367 τοῦ
3626 1316 3832 1367 ὑποκει-

2236 1406 2399 1476 μένου
2445 1407 2773 1476 πράγματος
2826 1404 3086 1476 ἀλήθειαν
3122 1404 3427 1475 ἐσήμανεν.
3495 1406 3651 1459 ’Δλλ’
3677 1410 3715 1477 ἠ
3748 1408 3833 1475 μὲν

2231 1497 2523 1569 ἀνθρώπου
2555 1496 2918 1568 προσηγορία,
2946 1497 3100 1565 κοινή
3126 1495 3210 1558 τίς
3234 1498 3354 1548 ἐστι
3390 1497 3498 1549 καὶ
3522 1499 3671 1552 ,πᾶσι
3690 1497 3829 1565 δεδι,-

2235 1590 2572 1659 μοσιευμένη
2593 1629 2608 1654 ,
2639 1589 2737 1658 οὐχ
2768 1588 2971 1659 ἥκιστα
3007 1588 3065 1642 δὲ
3102 1589 3496 1657 Χριπιανοῖς.
3566 1588 3636 1641 Ἦ
3661 1589 3717 1642 δὲ
3748 1586 3829 1640 ετξ

2230 1678 2469 1748 Χριστοῦ
2500 1678 2738 1748 τεχνικῷ
2765 1681 2860 1732 καὶ
2892 1680 3304 1750 ἐπιστημονικιῇ
3345 1682 3699 1749 προσέοικεν
3725 1682 3828 1733 ἑνό-

562 1780 729 1835 runt;
778 1770 859 1824 sic
889 1769 958 1822 iis
1006 1774 1218 1822 tantum
1250 1766 1343 1835 qui
1378 1766 1433 1819 in
1478 1764 1685 1819 divinis
1723 1764 1927 1819 eruditi
1978 1773 2130 1830 sunt,

2237 1788 2391 1842 ματι.
2435 1772 2522 1835 Ὠς
2546 1772 2656 1842 γὰρ
2681 1774 2868 1825 ἐκεῖνα
2890 1771 3041 1843 μόνοι
3060 1772 3243 1825 ἴσασιν
3272 1774 3322 1824 οἱ
3360 1772 3470 1841 τῆς
3492 1775 3673 1841 αὐτῆς
3707 1790 3823 1842 μετ-

561 1863 765 1917 veritas
816 1862 873 1915 in
909 1862 1014 1915 hoc
1046 1859 1268 1914 nomine
1312 1856 1518 1923 abdita,
1551 1857 1840 1926 explanata
1883 1865 1988 1911 est.
2021 1855 2128 1910 Te-

554 1963 777 2009 stantur
832 1952 934 2024 ipsi
975 1967 1167 2006 verum
1209 1965 1331 2005 esse
1374 1948 1523 2019 quod
1586 1949 1731 2012 dico,
1775 1949 1869 2018 qui
1911 1961 2131 2016 semper

558 2046 838 2101 affirmant
869 2060 936 2099 ex
977 2042 1190 2097 duabus
1213 2041 1428 2095 naturis
1453 2049 1707 2096 constare
1735 2038 2038 2101 Christum,
2073 2046 2130 2092 et

560 2151 840 2206 nunquam
892 2150 961 2189 ex
1006 2133 1184 2187 tribus
1234 2131 1473 2195 naturis,
1506 2129 1757 2199 quamvis
1782 2128 2017 2187 animam
2042 2141 2131 2181 ra-

562 2227 728 2281 tionis
756 2225 1084 2295 participem
1104 2224 1256 2278 carni
1279 2222 1484 2277 Christi
1510 2222 1778 2277 tribuunt.
1802 2219 1922 2275 Sint
1943 2220 2127 2288 itaque

560 2320 648 2373 isti
689 2316 853 2388 primi
881 2323 1133 2369 auctores
1165 2323 1222 2367 et
1251 2313 1420 2367 duces
1453 2311 1616 2381 hujus
1636 2309 1887 2375 inscitiae,
1913 2318 1969 2363 et
1997 2324 2130 2364 con-

562 2408 863 2464 ﬂtebuntur
920 2422 988 2460 ex
1033 2405 1207 2459 tribus
1237 2417 1365 2457 eum
1416 2402 1630 2456 naturis
1654 2415 1776 2455 esse
1803 2417 1819 2453 :
1849 2406 1907 2455 et
1941 2415 2041 2454 nos
2072 2401 2128 2454 in

556 2515 626 2555 eo
671 2498 1104 2568 acquiescemus,
1139 2493 1286 2563 quod
1335 2491 1665 2547 confitemur
1709 2506 1773 2545 ea
1820 2504 1889 2545 ex
1925 2489 2129 2559 quibus

560 2592 737 2645 factus
790 2595 895 2652 est,
942 2585 1170 2648 servari,
1196 2584 1252 2637 in
1308 2572 1418 2651 quo
1452 2582 1569 2637 haec
1616 2589 1922 2636 noscuntur
1952 2595 2123 2635 esse:

559 2680 834 2751 siquidem
858 2693 967 2732 non
989 2692 1055 2730 ex
1094 2675 1271 2729 tribus
1294 2674 1494 2741 solum,
1514 2673 1609 2727 sed
1628 2689 1694 2727 ex
1724 2671 1975 2741 pluribus
1998 2687 2125 2726 eum

556 2787 685 2827 esse
730 2771 917 2826 dicere
966 2775 1252 2838 cogentur,
1307 2774 1368 2820 ut
1411 2764 1947 2829 demonstrabimus;
1996 2764 2127 2833 quia

556 2863 739 2918 adhuc
796 2875 980 2915 rerum
1032 2859 1265 2927 simplex
1294 2866 1351 2911 et
1376 2856 1650 2927 generalis
1699 2854 1851 2910 notio
1882 2854 2034 2917 facit,
2067 2863 2127 2908 ut

554 2954 926 3026 cognitionem
957 2951 1258 3005 habeamus
1302 2948 1721 3011 universam,et
1784 2960 1896 3001 non
1948 2945 2126 3015 expli-

556 3054 735 3105 catam
785 3063 799 3099 :
841 3045 1037 3100 horum
1064 3052 1247 3097 autem
1288 3041 1486 3096 divisio
1515 3040 1872 3110 cogitatione,
1907 3039 1974 3093 ad
1997 3055 2123 3108 per-

2238 1865 2523 1936 ειληχότες
2560 1865 2812 1929 παιδείας
2837 1906 2852 1931 ,
2877 1864 3021 1918 οὕτω
3085 1865 3270 1934 μόνοις
3316 1866 3439 1926 τοῖς
3500 1864 3580 1917 τὰ
3607 1865 3825 1918 θεῖα-σεμ-

2236 1960 2379 2027 φοῖς,
2408 1956 2743 2028 τετρανωται
2770 1958 2803 2027 ἡ
2837 1957 2895 2009 ὲν
2925 1955 3005 2025 τῷ
3029 1956 3254 2025 ὀνόματι
3288 1957 3676 2026 κεκρυμμένη
3710 1955 3824 2023 ἐλή-

2236 2048 2380 2102 Oeta.
2424 2046 2779 2118 Μαρτυροῦσι
2809 2047 2867 2099 δὲ
2900 2046 2998 2099 καὶ
3027 2046 3184 2099 αὐτοὶ
3225 2048 3293 2115 τῇ
3323 2046 3585 2117 ἀληθείᾳ
3618 2046 3711 2100 τοῦ
3744 2048 3822 2099 λό-

2233 2158 2356 2209 γου,
2409 2141 2474 2194 ὲκ
2528 2139 2623 2192 δύο
2686 2139 2785 2207 μὲν
2835 2138 3050 2205 φύσεων
3084 2137 3172 2189 ἀεὶ
3204 2136 3705 2206 διαεεσαιουμένοι
3742 2137 3821 2188 τὴν

2234 2230 2471 2301 Χριστὸν
2495 2270 2510 2295 ,
2548 2230 2670 2283 οὐδέ
2703 2212 2920 2293 ποτερδὲ
2957 2228 3121 2282 αὐτὸν
3153 2229 3219 2281 ἐκ
3248 2226 3431 2297 τριῶν
3465 2229 3695 2295 φύσεων
3731 2245 3819 2280 za-

2232 2320 2492 2383 λέσαντες
2517 2334 2532 2351 °
2566 2320 2771 2388 καίπερ
2798 2318 2893 2371 καὶ
2913 2317 3091 2387 ψυχὴν
3116 2316 3348 2386 λογικὴν
3371 2357 3388 2379 ,
3424 2321 3501 2388 τῇ
3543 2320 3712 2387 σαρκὶ
3735 2316 3818 2368 τοι]

2232 2402 2473 2480 Χριστοῦ
2516 2409 2892 2478 παρέχουσιν·
2954 2408 3078 2460 ἐπεὶ
3129 2406 3629 2475 καταρξάσθωααν
3680 2407 3817 2459 αὐτοὶ

2231 2502 2333 2572 τῆς
2367 2501 2744 2563 ἀπαιδευσίας,
2780 2500 2876 2554 καὶ⁹
2907 2500 2976 2553 ἐκ
3022 2499 3192 2569 τριῶν
3221 2499 3395 2551 αὑτὸν
3425 2500 3812 2568 ὁμολογήσωσι

2234 2596 2470 2663 φύσεων,
2500 2594 2594 2646 καὶ
2620 2594 2786 2663 ἡμεῖς
2814 2608 2880 2659 γε
2916 2590 3217 2663 στέρξομεν
3242 2605 3258 2618 ’
3283 2593 3350 2643 τὰ
3385 2592 3450 2656 ἐξ
3488 2586 3574 2645 ὧν
3605 2592 3811 2658 τέγει-κν

2231 2684 2617 2754 ὁμολογοῦντες
2659 2682 3046 2753 φυλάττεσθαι.
3077 2686 3136 2736 ὲν
3161 2682 3237 2752 τῷ
3263 2684 3320 2735 ὲν
3350 2677 3402 2750 ᾧ
3428 2683 3615 2737 ταῦτα
3632 2682 3809 2751 mgf-

2232 2774 2407 2839 ξεται,
2435 2775 2597 2845 ὁπότε
2619 2775 2721 2828 οὐκ
2748 2777 2813 2829 ὲκ
2839 2774 3009 2844 τριῶν
3040 2775 3220 2843 μόνον.
3249 2772 3392 2827 ἀλλὰ
3419 2776 3522 2827 καὶ
3547 2778 3620 2828 ὲκ
3651 2774 3807 2827 π).αᾲ-

2232 2881 2338 2919 νων
2371 2866 2533 2918 αὐτὸν
2572 2866 2750 2933 λέγειν
2801 2863 3265 2929 ὲκϐιασθήσονται
3290 2904 3307 2924 .
3333 2864 3418 2926 ὡς
3451 2860 3624 2925 αὖθις
3658 2862 3807 2925 Baiia-

2236 2973 2334 3026 μεν
2364 2973 2379 2987 ·
2405 2957 2485 3009 ὅτι
2514 2956 2622 3008 τῶν
2651 2954 2994 3025 πραγμάτων
3023 2956 3056 3024 ή
3083 2954 3233 3022 ἁπλῆ
3267 2955 3364 3007 καὶ
3400 2954 3536 3008 καθ’
3566 2956 3691 3008 ὅλου
3709 2956 3809 3004 im-

2234 3046 2385 3117 ὅολὴ,
2410 3046 2616 3099 ἔννοιαν
2653 3049 2686 3116 ὴ
2696 3050 2788 3127 μίν
2817 3042 3199 3115 ὁλοσχερῆ’καὶ
3223 3044 3558 3115 ἁτράνωτον
3587 3046 3803 3115 ἐμποιεῖ.

554 3137 755 3192 fectam
787 3135 1155 3205 cognitionem
1187 3147 1290 3186 nos
1317 3130 1541 3185 adducit
1584 3144 1778 3185 eorum
1825 3144 1893 3183 ex
1927 3130 2130 3197 quibus

2245 3138 2310 3190 Ἦ
2354 3137 2411 3189 δὲ
2452 3137 2655 3191 τούτων
2688 3125 2809 3190 κατ’
2841 3137 3088 3191 ἐπίνοιαν
3131 3136 3408 3206 διαίρεσις
3437 3178 3454 3200 ,
3487 3140 3580 3201 εἰς
3624 3135 3806 3206 ἀκριεῆ

558 3235 832 3283 constant.
888 3226 971 3282 0b
1018 3226 1160 3278 hanc
1201 3236 1422 3276 causam
1470 3220 1800 3274 divisionem
1857 3219 2029 3275 totius
2071 3220 2127 3274 in

545 3326 746 3384 partes
792 3312 1061 3379 facimus;
1099 3309 1347 3363 dividere
1378 3316 1562 3361 autem
1596 3307 1651 3360 in
1682 3315 1867 3375 partes
1888 3308 2130 3376 partium

560 3412 685 3471 post
752 3400 985 3469 primam
1069 3396 1436 3459 divisionem,
1484 3394 1783 3449 ridiculum
1841 3405 1943 3451 est.
2007 3395 2130 3452 Non

542 3490 708 3544 «enim
753 3490 863 3555 huc
907 3502 1080 3557 usque
1109 3485 1331 3552 evadit,
1361 3493 1417 3541 et
1447 3485 1539 3540 hic
1564 3485 1750 3550 sistit,
1787 3485 1883 3542 sed
1921 3486 1980 3540 in
2007 3486 2129 3540 infi-

560 3580 740 3634 nitum
768 3577 1138 3650 progreditur.

620 3795 796 3853 Verbi
837 3793 1032 3865 gratia,
1072 3806 1135 3847 ut
1177 3792 1325 3863 quod
1372 3792 1497 3847 dico
1546 3793 1902 3864 intelligatur,
1946 3803 2130 3863 partes

554 3883 800 3940 hominis
824 3890 954 3938 sunt
976 3894 1177 3952 corpus
1202 3888 1260 3936 et
1290 3879 1505 3946 anima;
1530 3890 1714 3950 partes
1742 3895 1874 3935 vero
1891 3880 2130 3949 partium

561 3978 700 4047 ejus,
716 3975 773 4029 in
799 3973 979 4028 anima
1005 3971 1228 4042 quidem
1255 3971 1562 4027 substantia
1587 3971 1817 4025 rationis
1834 3970 2127 4040 particeps,

562 4076 618 4121 et
660 4067 896 4137 qualitas
930 4065 1252 4134 incorporea
1282 4080 1298 4130 ;
1334 4074 1390 4119 et
1421 4064 1536 4119 haec
1582 4064 1782 4134 partim
1810 4071 1895 4119 est
1928 4064 2014 4117 vis
2038 4077 2127 4115 ra-

564 4155 864 4213 tiocinandi
892 4146 1014 4225 quae
1041 4162 1125 4209 est
1151 4154 1425 4224 princeps,
1464 4153 1664 4222 partim
1693 4148 1986 4218 irascendi,
2006 4165 2131 4220 par-

560 4249 659 4302 tim
688 4246 1138 4317 concupiscendi,
1154 4253 1214 4299 et
1240 4236 1705 4314 barum'partium
1737 4244 1832 4298 illa
1871 4243 2130 4313 princeps

561 4339 815 4393 notiones
839 4337 1075 4403 format;
1126 4344 1182 4391 et
1227 4335 1451 4406 cogitat,
1488 4345 1545 4391 et
1568 4337 1857 4403 meminit,
1909 4344 1965 4390 et
1997 4349 2128 4391 con-

2230 3227 2432 3296 γνῶσιν
2480 3230 2631 3296 ἡμᾶς
2681 3227 2804 3294 ἄγει
2861 3227 2970 3279 τῶν
3010 3227 3069 3292 ἐξ
3111 3220 3188 3280 ὧν
3234 3230 3675 3299 συνεστήκασιν.
3716 3228 3806 3280 Καὶ

2228 3319 2434 3389 ταύτης
2491 3318 2676 3371 ἕνεκεν
2719 3318 2818 3387 τὴν
2855 3318 2953 3370 τοῦ
2982 3318 3107 3371 ὅλου
3141 3320 3223 3381 είς
3252 3319 3324 3371 τὰ
3365 3321 3516 3389 μέρη
3548 3320 3805 3387 διάκρισιν

2230 3408 2533 3478 ποιούμεθα
2558 3423 2575 3439 ο
2608 3408 2668 3461 τὸ
2700 3408 2759 3461 δὲ
2786 3410 2868 3471 είς
2907 3409 2975 3462 τὰ
3004 3409 3145 3478 μέρη
3174 3408 3285 3461 τῶν
3330 3411 3526 3480 μερῶν
3560 3412 3700 3479 μετὰ
3724 3411 3805 3477 τὴν

2230 3498 2456 3571 πρώτην
2480 3498 2745 3568 διαίρεσιν
2774 3498 3069 3567 πειρᾶσθαι
3094 3499 3343 3568 τέμνειν,
3376 3500 3800 3567 καταγέλαστον.

2230 3589 2305 3642 Οὐ
2331 3588 2438 3660 γὰρ
2463 3589 2625 3661 μέχρι
2650 3589 2839 3642 τούτου
2862 3588 3097 3660 ἵστησιν,
3122 3588 3235 3642 ἀλλ’
3257 3591 3347 3643 ἐπ’
3375 3591 3622 3660 ἄπειρον
3647 3588 3800 3644 ἐκτεί-

2229 3697 2312 3734 νει
2345 3680 2442 3752 τὴν
2478 3680 2735 3751 θεωρίαν.

2306 3816 2373 3867 Ὀ
2394 3814 2451 3868 δὶ
2476 3814 2621 3883 λέγω
2651 3815 2890 3868 τοιοῦτόν
2917 3816 3036 3868 ἐστι
3098 3832 3115 3849 ο
3147 3816 3309 3887 Μέρη
3341 3817 3649 3890 ἀνθρώπου
3673 3819 3800 3889 ψυχὴ

2230 3904 2325 3957 καὶ
2348 3902 2529 3971 σῶμα,
2567 3904 2706 3974 μέρη
2728 3904 2782 3956 δὲ
2810 3904 2919 3956 τῶν
2944 3903 3128 3974 μερῶν
3154 3905 3322 3958 αὐτοῦ
3348 3907 3452 3959 ἐπὶ
3481 3909 3591 3977 μὲν
3616 3909 3795 3979 ψυχῆς,

2230 3994 2390 4046 οὐσία
2421 3992 2615 4063 λογικὴ
2641 3994 2732 4046 καὶ
2767 3995 2988 4063 ποιότης
3006 3993 3333 4063 ἀσώματος·
3366 3989 3448 4049 ὧν
3478 3997 3541 4049 τὺ
3573 4002 3672 4068 μὲν
3698 4000 3798 4065 im-

2235 4083 2477 4155 μονικδν,
2529 4088 2591 4138 τὸ
2625 4084 2681 4137 δὲ
2724 4083 2975 4156 θυμικὸν,
3025 4085 3088 4137 τὸ
3131 4085 3188 4138 δὲ
3224 4086 3639 4157 ἐπιθυμητικόν
3667 4106 3682 4121 ο
3721 4090 3797 4141 nl

2230 4177 2436 4232 τούτων
2473 4178 2534 4231 τὸ
2591 4179 2689 4249 μὲν
2733 4178 3125 4248 ἑννοηματικδν
3175 4180 3271 4233 καὶ
3338 4168 3792 4253 διανοηματιιίιν,

2237 4270 2666 4342 μνημονευτικόν
2697 4270 2756 4323 τε
2785 4272 2879 4323 καὶ
2916 4271 3259 4341 βουλευτικὸν
3306 4273 3406 4324 καὶ
3456 4274 3790 4338 δοξαστικὸν.

2232 4361 2294 4414 τὸ
2333 4361 2390 4414 δὲ
2421 4360 2704 4431 ὀρεκτικόν
2740 4378 2797 4415 τε
2824 4362 2919 4415 καὶ
2948 4362 3272 4430 ὲκκλητικὸν
3293 4402 3309 4426 ,
3336 4364 3399 4414 τὸ
3424 4364 3486 4417 δὲ
3513 4362 3791 4434 apustde

561 4430 746 4491 saltat,
772 4438 830 4483 et
859 4427 1137 4497 opinatur.
1162 4427 1297 4481 Pars
1319 4427 1588 4483 irascendi
1620 4428 1851 4497 appetit,
1878 4436 1933 4482 et
1962 4426 2129 4482 decli-

2237 4468 2293 4504 τε
2324 4451 2419 4504 καὶ
2449 4426 2738 4522 δραστικὸν
2760 4494 2774 4516 ,
2809 4452 2901 4504 καὶ
2932 4426 3295 4519 πολλὰνέτερα
3325 4426 3790 4518 rodens-tim-

562 4526 693 4585 nat;
725 4533 854 4588 pars
884 4518 1308 4587 concupiscendi
1342 4519 1509 4573 habet
1544 4519 1859 4575 facultatem
1900 4521 2126 4589 propul-

563 4609 742 4673 sandi,
774 4615 832 4663 et
856 4607 1147 4675 efﬁciendi,
1171 4617 1228 4663 et
1258 4611 1430 4664 multa
1477 4610 1582 4665 alia
1608 4612 1799 4666 subter
1839 4612 1942 4667 ista
1982 4613 2123 4667 divi-

562 4696 789 4751 duntur.
822 4696 1118 4753 Omittatur
1145 4713 1292 4753 nunc
1341 4699 1433 4752 illa
1485 4700 1732 4768 quaestio,
1796 4702 1977 4754 utrum
2020 4702 2131 4757 sint

562 4790 680 4845 haec
722 4797 979 4861 tanquam
1006 4773 1190 4861 partes
1216 4791 1274 4845 in
1305 4790 1506 4857 anima,
1548 4806 1617 4846 an
1641 4799 1896 4862 tanquam
1937 4783 2132 4864 palen.-

567 4881 673 4946 tite,
709 4883 825 4937 sive
853 4881 1175 4936 facultates:
1214 4890 1272 4935 et
1314 4895 1437 4950 quae
1495 4880 1613 4947 sic,
1670 4893 1726 4939 et
1776 4899 1897 4953 quae
1953 4900 2132 4943 secus.

562 4973 681 5029 Non
726 4974 875 5028 enim
925 4974 1043 5027 haec
1075 4972 1287 5043 agimus
1332 4988 1501 5029 nunc.
1538 4976 1747 5031 Rursus
1779 4977 1978 5033 divisio
2010 4992 2136 5033 cor-

563 5065 716 5133 poris
735 5065 795 5118 ﬁt
822 5066 876 5118 in
895 5072 1079 5133 partes
1107 5063 1333 5132 similes,
1367 5075 1422 5120 et
1453 5066 1777 5134 dissimiles;
1809 5078 1865 5124 et
1897 5070 2139 5125 dissimi-

564 5155 722 5221 lium,
751 5156 809 5209 in
836 5163 1018 5223 caput,
1054 5163 1110 5208 et
1133 5170 1348 5221 manus,
1377 5165 1432 5211 et
1451 5158 1648 5227 pedes;
1679 5167 1734 5213 et
1765 5159 1878 5213 hac
1911 5160 1964 5214 in
1989 5175 2132 5227 ossa,

565 5254 620 5300 et
650 5261 865 5309 carnes,
899 5254 955 5298 et
989 5261 1221 5311 nervos;
1272 5255 1328 5301 et
1374 5247 1491 5302 haec
1541 5263 1735 5303 rursus
1792 5250 1846 5303 in
1899 5262 2136 5320 quatuor

568 5334 867 5397 elementa;
915 5341 971 5387 et
1010 5332 1127 5387 haec
1160 5333 1215 5386 in
1253 5334 1539 5387 materiam
1587 5342 1643 5389 et
1676 5334 1926 5388 formam.
1967 5336 2135 5391 Multa

565 5423 731 5477 etiam
788 5425 892 5478 alia
952 5424 1148 5479 medici
1192 5425 1648 5493 philosophantur
1680 5424 1747 5480 de
1786 5425 2138 5482 facultatibus

570 5516 930 5580 naturalibus,
981 5532 1047 5570 ex
1096 5514 1298 5585 quibus
1353 5516 1512 5570 aliam
1565 5525 1763 5570 vocant
1823 5518 2134 5573 attrahendi

576 5599 905 5671 facultatem,
962 5610 1122 5660 altam
1189 5605 1496 5672 retinendi,
1557 5607 1717 5661 aliam
1783 5608 2131 5676 immutandi,

2239 4542 2473 4613 ροῦνται.
2492 4541 2760 4611 ’Δφείσοω
2781 4543 2839 4596 δὲ
2868 4542 2938 4596 τὰ
2955 4543 3048 4596 νῦν
3074 4543 3280 4612 ζητεῖν,
3309 4545 3550 4616 πότερον
3572 4548 3650 4609 ὡς
3670 4546 3787 4613 μέρη

2236 4632 2405 4685 ταῦτά
2453 4633 2592 4686 είσιν
2632 4634 2691 4685 ἐν
2732 4636 2797 4705 τῇ
2833 4633 2982 4705 ψυχῇ
3007 4674 3022 4698 ,
3059 4634 3092 4705 ἢ
3123 4635 3198 4698 ὡς
3223 4624 3527 4705 δυνάμεις’
3563 4639 3663 4689 καὶ
3695 4636 3790 4686 τινα

2241 4724 2342 4793 μὲν
2382 4723 2589 4789 οὕτως,
2619 4724 2740 4778 τίνα
2775 4720 2833 4777 δὲ
2872 4725 3095 4795 ἑτέρως.
3144 4726 3218 4778 Οὐ
3249 4725 3359 4795 γὰρ
3391 4727 3500 4795 τῆς
3530 4728 3789 4793 καρούστᾶ

2237 4813 2350 4867 ἐστὶ
2372 4812 2644 4883 σκέψεως·
2663 4814 2826 4868 πάλιν
2847 4812 2880 4884 ἡ
2901 4814 2995 4868 τοῦ
3023 4813 3275 4884 σώματος
3300 4814 3577 4884 διαίρεσις
3606 4817 3791 4883 γίνεται

2236 4905 2318 4967 είς
2337 4904 2640 4974 ὁμοιομερῆ
2683 4921 2743 4957 τε
2773 4904 2866 4957 καὶ
2895 4903 3270 4974 ἀνομοιομερῆ
3289 4918 3307 4934 ·
3351 4904 3452 4957 καὶ
3480 4905 3691 4958 τούτων
3730 4902 3791 4953 ἔτι

2237 4993 2316 5056 εἷς
2342 5010 2401 5047 τε
2434 4994 2677 5065 κεφαλὴν
2710 4995 2800 5049 καὶ
2826 4997 3016 5066 χεῖρας
3044 4994 3138 5049 καὶ
3159 4994 3326 5057 πόδας
3353 5011 3368 5023 ·
3402 4994 3504 5046 καὶ
3527 4995 3707 5048 ταῦτα
3730 4992 3792 5049 εἰς

2236 5082 2389 5148 ὀστᾶ,
2425 5083 2520 5137 καὶ
2551 5082 2782 5154 σάρκας,
2818 5085 2911 5137 καὶ
2930 5084 3132 5154 νεῦραο
3158 5082 3255 5136 καὶ
3278 5081 3453 5135 ταῦτα
3484 5084 3570 5144 είς
3596 5084 3669 5134 τὰ
3694 5081 3793 5131 τίς·

2239 5186 2380 5239 σαρα
2412 5174 2649 5241 στοιχεῖα
2671 5188 2686 5203 ·
2719 5172 2812 5225 καὶ
2844 5171 3015 5225 ταῦτα
3045 5174 3126 5235 είς
3156 5171 3289 5241 ὕλην
3322 5170 3416 5224 καὶ
3448 5167 3620 5233 εἶδος.
3650 5167 3793 5223 Πολλὰ

2235 5257 2293 5310 δὲ
2318 5257 2415 5309 καὶ
2444 5258 2609 5328 ἕτερα
2634 5259 3014 5327 φιλοσοφοῦσιν
3040 5259 3242 5329 ἰατρῶν
3269 5259 3462 5321 παῖδες
3489 5261 3631 5330 περὶ
3661 5255 3794 5311 δυνά·

2243 5364 2389 5417 μεων
2410 5349 2678 5416 φυσικῶν,
2700 5343 2777 5403 ὧν
2796 5350 2895 5421 τὴν
2930 5351 3029 5421 μὲν
3054 5344 3329 5420 ἑλκτικὴν,
3357 5350 3459 5418 τὴν
3474 5350 3531 5401 δὲ
3562 5350 3798 5402 3:36:11:-

2241 5437 2342 5507 κὴν
2361 5477 2376 5501 ,
2411 5438 2510 5509 τὴν
2540 5440 2597 5492 δὲ
2626 5440 2979 5507 ἀλλοιωτικὴν
2997 5481 3014 5506 ,
3048 5441 3147 5511 τὴν
3177 5440 3236 5492 δὲ
3273 5439 3657 5509 ἀποκριτικὴν
3695 5436 3796 5487 όν)-

2244 5528 2496 5597 μάζουσι.
2544 5517 2721 5583 Πολλὰ
2746 5529 2803 5582 δὲ
2849 5531 2945 5584 καὶ
2973 5531 3101 5599 περὶ
3144 5528 3457 5599 αἰσθήσεως
3492 5528 3596 5579 καὶ
3630 5538 3797 5595 pavu-

2242 5621 2385 5687 σίας,
2414 5622 2508 5676 καὶ
2536 5621 2630 5675 τοῦ
2659 5620 2974 5691 συνέχοντος
3002 5622 3064 5675 τὸ
3085 5613 3230 5689 ζῶον
3254 5616 3494 5684 ζωτικοῦ
3526 5620 3633 5673 καὶ
3660 5617 3800 5685 ὀρτῑτ
3860 5688 3861 5701 χ
