3912 6298
134 315 282 379 1297

123 519 498 594 ὑπάρχοντος.

203 789 418 861 Ὠσπερ
445 791 625 846 τοίνυν
650 795 866 867 ἀπόχρη
903 799 1040 868 πρὸς
1072 801 1132 854 τὸ
1161 806 1509 874 παραστῆσαι
1538 807 1710 862 ταῦτα

120 879 312 932 πάντα
342 882 430 935 διὰ
459 883 550 936 τοῦ
584 886 761 956 σάρκα
786 890 979 954 εἰπεῖν,
1008 891 1041 962 ἢ
1081 882 1251 962 σῶμα
1267 895 1578 967 ἀνθρώπου,
1613 901 1710 953 καὶ

119 969 354 1040 ἀπόχρη
422 973 582 1025 πάλιν
630 975 718 1028 διὰ
771 978 869 1044 τῆς
916 979 1143 1054 λογικῆς
1187 981 1389 1052 ψυχῆς,
1432 987 1501 1039 τὰ
1546 987 1624 1050 εἰς
1672 988 1709 1042 ἃ

118 1057 385 1129 διῄρηται
421 1063 561 1132 μέρη
590 1064 830 1132 δηλῶσαι
875 1067 956 1136 (οὐ
1002 1069 1110 1140 γὰρ
1156 1073 1492 1142 τεχνολογεῖν
1524 1078 1701 1144 φίλον,

119 1151 253 1202 οὐδὲ
281 1151 511 1223 σύνηθες
536 1161 647 1220 τοῖς
678 1163 909 1228 πιστοῖς)
927 1180 940 1193 ο
973 1163 1148 1228 οὕτως
1179 1167 1394 1238 ἀπόχρη
1416 1171 1704 1241 ἄνθρωπον

117 1241 155 1311 ἢ
193 1243 359 1310 φύσιν
388 1245 677 1315 ἀνθρώπου
705 1252 999 1321 εἰρηκότα,
1035 1257 1212 1310 πάντα
1244 1262 1593 1331 παραστῆσαι
1642 1281 1702 1317 τε

118 1333 229 1385 καὶ
261 1334 525 1403 δηλῶσαι,
549 1340 618 1393 τὰ
645 1341 702 1407 ἐξ
728 1335 802 1395 ὦν
829 1347 1158 1417 συνέστηκεν
1189 1350 1248 1402 ὲν
1269 1347 1351 1415 οἷς
1375 1355 1470 1406 καὶ
1498 1357 1701 1425 γνωρί-

116 1423 308 1488 ζεται.
328 1429 391 1480 OE
417 1429 473 1481 δὲ
501 1431 598 1501 οὐχ
631 1433 715 1486 ἵνα
738 1436 828 1488 τὸν
856 1437 1141 1510 ἄνθρωπον
1170 1444 1378 1497 τέλειον
1406 1423 1702 1517 ἀποφήνω-

119 1533 240 1579 σιν,
294 1519 528 1574 ἀλλ’ἵνα
575 1523 666 1576 τδν
710 1526 898 1596 κύριον
945 1535 1417 1604 συκοφαντήσωσι,
1467 1539 1561 1591 καὶ
1603 1541 1703 1609 τῆς

112 1607 407 1676 ἡμετέρας
449 1611 614 1664 αὐτὸν
644 1614 1048 1682 ἀλλοτριώσωσι
1101 1622 1319 1690 φύσεως
1346 1643 1360 1656 ·
1408 1628 1502 1680 καὶ
1540 1628 1572 1700 ἦ
1627 1607 1701 1700 μὴ

115 1699 536 1786 προσειληφότα
573 1703 670 1774 τὴν
711 1708 886 1779 ἀρχὴν
927 1712 989 1765 τδ
1018 1713 1287 1787 ἡμέτερον
1315 1756 1329 1780 ,
1361 1717 1394 1787 ἢ
1443 1721 1518 1789 μὴ
1563 1699 1700 1774 σῶον

117 1789 444 1855 φυλάξαντα
471 1794 500 1846 ὃ
522 1797 651 1864 παρ’
679 1799 838 1868 ἡμῶν
865 1801 991 1872 ἔσχε
1017 1805 1118 1874 τῆς
1142 1808 1416 1876 σωτηρίας
1454 1811 1554 1880 τῆς
1588 1812 1695 1866 πάι
1732 1805 1772 1859 Β

115 1897 226 1949 σης
260 1882 478 1950 φύσεως
507 1887 843 1944 ἀδιάπτωτον
880 1895 1166 1965 ἐνέχυρον,
1198 1899 1264 1951 τὰ
1296 1901 1517 1954 τοιαῦτα
1547 1905 1702 1972 σοφί-

115 1970 329 2034 ζονται.
378 1975 538 2028 Ἀλλὰ
585 1980 1037 2049 μανθανέτωσαν,
1070 1987 1206 2056 ὅτιῂ
1249 1990 1350 2057 μὲν
1380 1992 1486 2044 τῶν
1516 1970 1699 2064 μεριῦν

113 2060 406 2128 ὁμολογία,
437 2065 512 2127 ὼς
542 2065 699 2137 ἔφην,
729 2069 1018 2142 γνώρισμα
1046 2077 1302 2144 τυγχάνει
1327 2083 1425 2149 τῆς
1449 2060 1542 2133 τοῦ
1576 2060 1698 2137 όλου

114 2151 405 2220 σωτηρίας
428 2170 443 2185 ο
490 2156 523 2225 ἡ
552 2155 608 2208 δὲ
633 2158 741 2211 τῶν
775 2163 959 2230 μερῶν
1001 2165 1082 2230 εἰς
1111 2169 1181 2220 τὰ
1220 2169 1359 2240 μέρη
1387 2173 1700 2246 ῦποδιαίρε-

117 2259 230 2303 σις,
257 2244 318 2295 οὐ
341 2244 676 2317 δογματικῆς
714 2251 831 2304 ἐστι
863 2256 1177 2324 συντομίας,
1210 2259 1332 2312 οὐδὲ
1363 2263 1458 2314 τοῦ
1509 2282 1698 2322 συντε-

113 2349 235 2402 τμη
247 2334 410 2400 μένου
445 2336 585 2389 κατὰ
610 2339 670 2391 τὸ
686 2340 1021 2408 Εὐαγγέλιον
1048 2344 1377 2413 λόγου,ἀλλά
1400 2358 1702 2427 σκεπτικῆς

113 2422 380 2494 θεωρίας.
419 2430 512 2481 καὶ
543 2433 808 2503 περιττῆς
846 2439 960 2499 τοῖς
999 2438 1216 2504 πολλοῖς
1260 2444 1354 2496 καὶ
1394 2422 1698 2518 δυσλήπτόυ

113 2517 495 2585 τεχνολογίας.
554 2522 709 2593 Μέρη
774 2526 874 2594 μὲν
924 2530 1035 2595 γὰρ
1101 2532 1341 2601 Χριστοῦ
1389 2517 1697 2609 ἀσύγχυτα,

116 2607 322 2676 θεότης
382 2610 470 2662 καὶ
514 2612 894 2685 ἀνθρωπότης.
948 2619 1108 2690 Ψυχὴ
1157 2622 1212 2676 δὲ
1266 2625 1359 2677 καὶ
1411 2607 1588 2698 σῶμα,
1637 2633 1696 2685 οὗ

119 2697 270 2768 μέρη
297 2700 560 2769 Χριστοῦ,
589 2704 724 2758 ἀλλὰ
757 2707 895 2778 μέρη
927 2709 1022 2762 τοῦ
1062 2712 1265 2782 μέρους
1289 2734 1305 2748 ο
1332 2711 1406 2770 ὧν
1432 2697 1700 2790 δηλωθέν-

115 2805 231 2841 των
265 2788 355 2841 διά
399 2789 502 2858 τῆς
550 2793 764 2857 τελείας
817 2800 1094 2866 σημασίας
1119 2805 1219 2872 τῆς
1261 2806 1404 2859 κατὰ
1434 2788 1536 2877 την
1595 2811 1698 2880 φύ-

117 2895 208 2931 σιν
274 2882 376 2950 τῆς
432 2882 853 2954 ἀνθρωπότητος
899 2928 915 2952 ,
958 2892 1188 2970 περέττὴ
1253 2896 1285 2964 ἡ
1355 2898 1437 2961 είς
1505 2899 1696 2970 φύσεις

114 2968 230 3022 τῶν
283 2972 465 3041 μερῶν
515 2973 920 3044 ὑποδιαίρεσις·
953 2981 1002 3032 εἰ
1051 2968 1123 3052 μὴ
1169 2985 1414 3052 μέλλοιεν
1462 2968 1557 3044 καῖ
1596 2994 1696 3063 τὴν

114 3057 320 3128 λοιπὴν
371 3063 597 3130 ἐπάγειν
639 3066 908 3136 διαίρεσιν
935 3073 1054 3134 ταῖς
1103 3074 1564 3149 ὑποδιαιρέσεσιν,
1604 3057 1693 3151 ait;

113 3147 218 3201 καὶ
252 3150 345 3202 ἐπὶ
366 3151 460 3203 τοῦ
498 3153 679 3207 κοινοῦ
703 3155 992 3227 ἀνθρώπου
1016 3147 1371 3234 ἐχρησάμεθα
1400 3147 1687 3245 πρότερον,
1716 3147 1760 3204 C

115 3243 194 3301 ὡς
221 3241 472 3295 ἐντεῦθεν
505 3243 580 3315 μὴ
615 3249 763 3314 τρεῖς
798 3248 922 3303 κατ’
956 3249 1154 3315 αὐτοὺς
1189 3255 1357 3323 μόνας
1381 3300 1394 3324 ,
1429 3241 1689 3320 ἀλλὰ-καὶ

115 3329 342 3394 πλείους
370 3335 766 3402 καταγγέλλειν
788 3338 887 3404 τὰς
911 3341 1148 3411 Χριστοῦ
1178 3345 1370 3415 φύσεις
1393 3389 1408 3415 ,
1435 3343 1510 3406 ὦν
1543 3355 1595 3407 τί
1622 3355 1690 3410 ἂν

115 3418 331 3485 γένοιτο
357 3421 696 3494 γελοιότερον
722 3445 736 3493 ;
1155 3448 1157 3450 ’
1614 3495 1620 3502 .

194 3527 215 3560 ι
263 3510 478 3581 Ἐπειδὴ
533 3516 561 3566 ό
595 3517 702 3579 πᾶς
750 3519 1034 3590 κεκίνηται
1061 3524 1317 3596 πόλεμος,
1363 3528 1460 3583 τοῦ
1483 3533 1686 3603 τρόπου

115 3599 215 3667 τῆς
242 3599 487 3664 ἑνώσεως
514 3606 664 3675 παρά
681 3609 793 3670 τοῖς
820 3610 1036 3675 πολλοῖς
1066 3614 1457 3687 ἀγνοουμένου,
1480 3599 1574 3676 καὶ
1599 3625 1688 3679 διὰ

115 3689 274 3742 τοῦτο
314 3692 465 3762 παρά
495 3696 659 3749 πᾶσιν
685 3699 1161 3772 ἀμφιϐαλλομένου
1180 3746 1194 3770 ,
1227 3708 1358 3778 περὶ
1386 3710 1590 3783 ταύτης
1625 3731 1686 3768 σε

115 3777 478 3850 φιλοσοφῆσαι
521 3786 648 3856 χρὴ,
697 3789 782 3842 ἵνα
820 3790 1022 3846 εἰδέναι
1067 3777 1558 3871 ἔχοιμενῗπότερον
1593 3806 1688 3860 καὶ

115 3869 238 3922 κατ’
257 3872 422 3926 αὐτὸν
446 3874 508 3945 δὴ
539 3878 724 3933 τοῦτον
752 3881 1145 3954 διαφωνοῦμεν,
1169 3887 1202 3957 ἦ
1229 3889 1427 3944 τούτου
1451 3911 1515 3961 γε
1546 3913 1686 3967 συμ-

114 3959 296 4028 φώνου
321 3964 452 4032 ἡμῖν
475 3965 628 4031 ὄντος
648 3972 780 4041 περ)⁴
804 3973 898 4027 τοῦ
921 3976 1366 4050 ἀποτελέσματος
1389 3959 1483 4037 τοῦ
1503 3987 1567 4040 ὲκ
1589 3959 1687 4060 ei];

114 4048 365 4114 ἑνὼσεώς
413 4054 567 4110 ἐστιν.
605 4057 738 4128 ἡμῖν
783 4061 817 4130 ἡ
867 4061 1132 4134 ζήτησις⁶
1161 4048 1256 4121 καὶ
1293 4070 1520 4141 πότερον
1556 4048 1686 4147 περῖ

112 4136 225 4188 τῶν
271 4144 618 4212 πραγμάτων
647 4149 826 4203 αὐτῶν
850 4189 866 4214 ,
900 4151 932 4222 ἢ
968 4155 1100 4224 περὶ
1147 4157 1257 4213 τῶν
1301 4166 1683 4232 σημαινουσῶν

113 4226 288 4282 ταῦτα
332 4233 544 4299 φωνῶν.
588 4237 745 4292 Οὕτω
788 4243 896 4313 γὰρ
936 4245 1222 4316 εὐκρινοῦς
1256 4226 1684 4327 τῆς-’ζητήσεως

114 4323 522 4393 γεγενημένης,
574 4329 670 4381 καὶ
717 4331 820 4401 τῆς
871 4334 980 4387 τῶν
1020 4339 1362 4408 πραγμάτων
1423 4323 1683 4418 ἀληθείας

1201 333 1498 431 CONTRA
1533 340 1849 404 NESTOR.
1891 350 1986 408 ET
2021 353 2342 420 EUTYCII.

121 432 292 483 νικοῦ
335 435 665 504 πνεύματος,
701 438 910 509 ἑτέρου,
937 437 1013 502 ὦς
1038 457 1191 509 φασι,
1231 446 1385 516 παρὰ
1413 449 1474 501 τὸ
1503 449 1689 520 λογικδ

1828 458 1990 516 aliam
2030 472 2375 527 secernendi.

1820 733 2161 794 rationalem.

1889 825 2042 882 Sicut
2076 847 2206 903 ergo
2240 836 2307 890 ad
2343 839 2698 909 signiﬁcanda
2744 850 2858 907 haec
2892 858 3075 912 omnia
3119 865 3253 920 satis
3302 879 3390 923 est

1817 917 2001 975 dicere
2035 939 2275 993 carnem,
2302 932 2388 985 vel
2419 951 2620 1006 corpus
2644 939 2916 1013 hominis;
2952 958 3009 1003 et
3038 968 3225 1010 rursus
3255 960 3387 1015 satis

1817 1018 1901 1062 est
1922 1015 2255 1072 nominando
2287 1021 2526 1079 animam
2559 1031 2904 1101 rationalem,
2946 1039 3222 1099 declarare
3254 1064 3384 1115 par-

1818 1105 1900 1152 tes
1929 1100 1983 1154 in
2027 1119 2164 1172 quas
2193 1106 2368 1162 divisa
2391 1120 2513 1178 est;
2550 1131 2650 1170 nec
2671 1119 2820 1174 enim
2851 1123 3040 1180 ﬁdeles
3071 1129 3218 1198 loqui
3247 1100 3383 1188 arti-

1813 1186 1999 1244 ﬁciosc
2038 1207 2469 1262 consueverunt,
2500 1218 2605 1257 nec
2631 1205 2735 1260 hoc
2764 1210 2846 1263 eis
2877 1213 3085 1280 placet;
3132 1219 3210 1272 sic
3250 1223 3383 1277 satis

1810 1288 1889 1333 est
1920 1277 2234 1339 nominasse
2284 1286 2586 1357 hominem,
2619 1296 2706 1350 vel
2731 1307 2980 1356 naturam
3036 1305 3275 1366 hominis
3313 1313 3382 1366 ad

1811 1373 2134 1431 declaranda
2164 1381 2350 1435 omnia
2397 1400 2465 1438 ex
2503 1387 2704 1455 quibus
2729 1395 3066 1462 compositus
3091 1408 3195 1462 est,
3237 1410 3294 1454 et
3323 1403 3379 1455 in

1808 1465 2009 1532 quibus
2041 1483 2161 1523 esse
2191 1475 2558 1540 cognoscitur.
2621 1477 2716 1532 Isti
2752 1490 2939 1536 autem
2982 1486 3110 1540 talia
3137 1490 3379 1558 captiose

1808 1554 2129 1624 loquuntur,
2173 1577 2285 1616 non
2323 1572 2384 1618 ut
2419 1566 2696 1622 hominem
2732 1572 3033 1640 perfectum
3065 1582 3376 1645 ostendant,

1809 1647 1901 1700 sed
1926 1658 1980 1702 ut
2022 1651 2312 1709 Dominum
2365 1658 2788 1729 calumnientur,
2839 1675 2894 1721 et
2951 1684 3076 1722 eum
3125 1687 3155 1724 a
3201 1675 3376 1730 salute

1809 1745 1993 1792 nostra
2021 1740 2260 1796 alienent
2285 1761 2299 1808 ;
2329 1747 2485 1814 quasi
2511 1749 2596 1802 vel
2616 1767 2726 1807 non
2755 1758 3188 1825 assumpsisseta
3218 1764 3374 1830 prino

1800 1827 1944 1896 cipio
1975 1831 2371 1890 humanitatem
2412 1849 2676 1906 nostram,
2735 1845 2820 1898 vel
2852 1861 2962 1901 non
2995 1862 3266 1907 servasset
3293 1855 3378 1910 in-

1802 1919 2036 1987 colume,
2068 1925 2214 1993 quod
2239 1941 2304 1981 ex
2325 1929 2487 1985 nobis
2518 1931 2714 1986 habuit
2743 1934 2936 1990 salutis
2977 1940 3144 1994 totius
3164 1952 3376 1999 natura:

1801 2009 2018 2078 pignus,
2071 2015 2218 2082 quod
2256 2017 2511 2074 excidere
2567 2038 2677 2076 non
2730 2034 2969 2093 poterat.
3025 2029 3128 2084 Sed
3173 2033 3372 2102 sciant,

1803 2101 1950 2167 quod
1996 2103 2268 2159 confessio
2309 2109 2569 2176 partium,
2622 2122 2683 2166 ut
2715 2115 2849 2181 dixi,
2902 2116 3065 2172 index
3093 2129 3178 2176 est
3220 2123 3373 2177 ineo-

1801 2189 1949 2243 lume
1975 2205 2095 2246 esse
2147 2201 2355 2261 totum;
2395 2197 2590 2254 iterata
2619 2216 2753 2255 vero
2799 2205 3038 2272 partium
3086 2207 3142 2261 in
3187 2219 3371 2278 partes

1801 2276 1999 2333 divisio
2040 2295 2149 2334 non
2182 2292 2266 2336 est
2309 2285 2628 2355 dogmatica:
2671 2290 2976 2360 brevitatis,
3029 2312 3207 2366 neque
3257 2315 3374 2356 ser-

1801 2369 1989 2422 monis.
2007 2372 2306 2428 secundum
2350 2375 2705 2446 Evangelium
2735 2384 2964 2448 concisi,
2995 2387 3090 2440 sed
3118 2391 3372 2459 scepticae

1801 2459 2191 2524 speculationis
2228 2471 2282 2516 et
2314 2464 2532 2520 artiﬁcii
2560 2473 2972 2538 supervacanei,
3002 2483 3059 2528 et
3093 2477 3369 2548 plerisque

1801 2545 2042 2603 diﬁicilis
2069 2551 2137 2606 ad
2167 2552 2604 2626 intelligendum.
2635 2560 2825 2617 Partes
2854 2567 2998 2618 enim
3030 2566 3236 2623 Christi
3258 2545 3367 2625 non

1799 2638 2058 2706 cenfusaa,
2086 2651 2213 2696 sunt
2245 2644 2504 2703 divinitas
2538 2658 2595 2704 et
2634 2652 2976 2720 humanitas;
3023 2658 3202 2712 anima
3235 2676 3377 2714 vero-

1797 2735 1855 2781 et
1891 2743 2092 2798 corpus
2121 2747 2233 2787 non
2267 2745 2394 2790 sunt
2423 2748 2608 2806 partes
2644 2741 2872 2810 Christi,
2904 2747 2998 2800 sed
3027 2757 3210 2816 partes
3240 2766 3368 2820 par-

1799 2817 1906 2883 tis;
1942 2820 2144 2887 quibus
2201 2822 2514 2894 declaratis,
2550 2845 2650 2898 per
2685 2831 3137 2902 signiﬁcationem
3184 2817 3366 2908 perfe-

1796 2914 1938 2960 ctam
1969 2907 2326 2968 humanitatis
2365 2919 3006 2990 naturalis,supervacua
3045 2937 3135 2981 est
3173 2929 3366 2982 subdi-

1795 2998 1936 3052 visio
1985 3000 2040 3053 in
2074 3009 2302 3058 naturas
2332 3007 2592 3074 partium,
2644 3011 2750 3065 nisi
2783 3021 2908 3081 post
2964 3016 3385 3073 subdivisiones.

1796 3090 2002 3158 quibus
2032 3093 2187 3161 prius
2215 3095 2271 3148 in
2300 3096 2524 3153 homine
2554 3104 2831 3156 communi
2863 3105 2948 3160 usi
2985 3121 3198 3171 sumus,
3233 3110 3358 3164 reli-

1793 3196 1956 3250 quam
1988 3182 2315 3240 divisionem
2341 3187 2514 3243 velint
2539 3189 2835 3260 inducere;
2869 3203 2930 3248 ut
2961 3196 3092 3251 hinc
3119 3213 3230 3252 non
3255 3207 3366 3254 tres

1792 3280 2027 3339 tantum,
2065 3277 2368 3332 secundum
2412 3294 2528 3346 eos,
2580 3282 2676 3336 sed
2725 3284 2889 3337 etiam
2919 3287 3105 3354 plures
3139 3297 3364 3343 naturas

1792 3359 1844 3412 in
1878 3360 2098 3418 Christo
2126 3365 2372 3434 proﬁteri
2395 3379 2646 3439 oporteat
2672 3390 2685 3425 :
2713 3388 2822 3443 quo
2849 3375 2979 3445 quid
3018 3391 3138 3432 esse
3183 3387 3363 3447 potest

1788 3450 1960 3521 magis
1979 3453 2224 3522 joculare
2243 3457 2268 3510 ?

1865 3557 1883 3590 ι
1921 3541 2376 3615 Quandoquidem
2426 3553 2746 3610 universum
2793 3557 2998 3612 bellum
3037 3569 3245 3615 motum
3280 3572 3363 3617 est

1789 3631 1858 3687 de
1883 3635 2046 3690 modo
2077 3639 2297 3694 unionis
2344 3658 2510 3711 quem
2557 3647 2807 3716 plerique
2842 3649 3116 3719 ignorant,
3167 3661 3223 3707 et
3275 3653 3361 3707 id-

1788 3722 1935 3776 circo
1978 3727 2235 3782 omnibus
2279 3728 2336 3782 in
2390 3730 2621 3786 dubium
2668 3737 2859 3802 venit;
2919 3739 2987 3793 de
3020 3741 3122 3794 hac
3157 3742 3360 3796 unione

1787 3812 2163 3884 philosophari
2191 3827 2426 3887 oportet,
2477 3831 2537 3875 ut
2577 3825 2719 3880 scire
2747 3827 3040 3895 possimus,
3083 3839 3268 3884 utrum
3291 3831 3370 3886 de-

1787 3901 1893 3956 hoc
1925 3901 2044 3971 ipso
2075 3903 2495 3975 dissentiamus;
2533 3925 2602 3964 an
2633 3926 2764 3966 vero
2789 3913 2950 3967 nobis
2989 3915 3056 3968 de
3097 3915 3201 3970 hoc
3227 3931 3360 3969 con.-

1787 3992 2156 4050 sentientibus
2211 3997 2442 4066 quaestio
2488 4001 2580 4067 sit,
2634 4003 2765 4071 quid
2819 4003 3020 4059 eﬂiciat
3065 4009 3236 4073 unio;
3301 4017 3358 4063 et

1786 4090 1971 4137 utrum
2003 4085 2070 4140 de
2110 4086 2278 4141 rebus
2313 4089 2447 4158 ipsis
2479 4092 2551 4146 sit
2584 4096 2980 4159 controversia,
3009 4113 3078 4151 an
3104 4098 3172 4152 de
3201 4101 3355 4155 voci-

1784 4174 1890 4229 bus
1922 4191 2011 4231 res
2043 4179 2190 4247 ipsas
2231 4179 2684 4250 signiﬁcantibus.
2723 4185 2815 4241 Sic
2852 4188 2999 4242 enim
3047 4191 3352 4257 quaestione

1783 4267 2045 4326 distincte
2077 4271 2285 4339 habita,
2342 4284 2392 4328 el
2441 4277 2674 4332 veritate
2726 4294 2911 4333 rerum
2957 4290 3200 4349 ostensa,
3252 4285 3349 4353 qui

1784 4355 2040 4427 imperite
2069 4369 2166 4414 aut
2201 4362 2366 4432 impie
2395 4367 2746 4431 contradicit,
2778 4368 3018 4438 pateﬁet,
3055 4372 3138 4426 vel
3175 4375 3349 4428 corri-

115 4412 504 4484 ἀναφανείσης.
532 4419 560 4471 ό
581 4421 810 4488 ἀμαθῶς
838 4424 871 4496 ἢ
901 4426 1115 4492 ἀσεϐῶς
1144 4429 1439 4501 ἅντιλέγων
1463 4412 1680 4510 δειχθή-

1861 4412 1878 4427 ,
1971 4412 1978 4413 ,
2019 4412 2034 4414 _
2201 4412 2363 4432 φτ--
2779 4412 3018 4438 raw..-"
3066 4412 3138 4426 ην.
3175 4412 3347 4428 ωηπ

1797 4446 2014 4515 gelidus,
2068 4449 2154 4503 vel
2210 4450 2266 4504 in
2309 4451 2518 4521 judicio
2552 4455 2970 4524 vituperandus.
3006 4479 3024 4510 ι
3081 4460 3348 4516 Unionem

118 4505 340 4575 σεται,ἢ
366 4506 937 4587 διορθωθησόμενος,ἢ
965 4519 1023 4572 ἐν
1049 4519 1173 4593 δίκῃ
1201 4505 1678 4599 μεμφθησόμενος.

119 4595 229 4664 Τὴν
261 4598 452 4652 ἕνωσιν
492 4601 594 4666 τῆς
624 4602 878 4676 θεότητος
914 4609 1049 4680 πρὸς
1076 4612 1176 4683 τὴν
1211 4595 1604 4691 ἀνθρωπότητα
1629 4595 1678 4677 οἱ

122 4685 220 4752 μὲν
261 4691 380 4741 κατ’
410 4692 598 4747 οὐσίαν
625 4735 640 4759 ,
673 4697 722 4748 ol
768 4697 826 4750 δὲ
856 4702 976 4752 κατ’
1015 4685 1329 4774 ἐνέργειαν,
1367 4712 1416 4763 ot
1448 4685 1681 4770 sum

118 4774 340 4845 γνώμην
369 4781 700 4850 γεγενῆσθαι
725 4786 1094 4859 ἀπεφήναντο.
1135 4793 1257 4848 Εἰσὶ
1296 4797 1354 4850 δὲ
1392 4799 1441 4852 οἳ
1473 4802 1568 4855 καὶ
1591 4805 1680 4856 εὐο

116 4863 337 4963 λάδειαν
378 4873 690 4946 περιττὴνῆ
723 4875 938 4947 ἔχοντες
979 4881 1011 4952 ἢ
1045 4883 1484 4957 ὑποκρινόμενοι,
1553 4893 1681 4963 μηδ-

118 4950 288 5030 ετέρῳ
317 4962 426 5014 τῶν
449 4965 568 5035 είρη
579 4968 753 5035 μένων
787 4950 1131 5042 προσέθεντο,
1164 4950 1403 5050 ἀρρητον
1427 4950 1483 5034 δέ
1509 4950 1679 5056 aii-rip

119 5049 210 5100 καὶ
268 5053 707 5122 ἀκατονόμαστον
767 5065 1094 5134 γεγενῆσθαι
1145 5049 1515 5140 ἀπεφήναντο,
1567 5049 1676 5130 εἴτε

119 5137 256 5192 οῦτω
278 5140 512 5211 ἔχοντες,
535 5147 644 5200 εῐτε
673 5148 757 5216 οὒ,
777 5152 901 5215 τοὺς
924 5153 1177 5225 ἐλέγχους
1201 5137 1541 5231 ὑφορώμενοι
1575 5170 1676 5239 τῆς

119 5229 388 5297 ἀσεϐείας.
407 5235 763 5310 Ἑωράκαμεν
779 5243 888 5314 γὰρ
916 5247 1010 5298 καὶ
1028 5247 1123 5300 νῦν
1143 5229 1317 5316 τινας,
1339 5229 1550 5310 οἳ-πάνυ

119 5319 213 5386 τήν
241 5339 298 5374 τε
333 5327 428 5378 καὶ
455 5332 851 5402 πεπατημένην
879 5334 977 5404 τὴν
1013 5339 1144 5408 περὶ
1167 5343 1268 5411 τῆς
1297 5342 1540 5411 ὲνὼσεως
1580 5319 1676 5403 ’ἔν-

119 5425 262 5461 νοιαν
291 5412 527 5482 ἔχοντες,
547 5417 784 5491 ἄρρητον
809 5424 979 5493 αὐτὴν
995 5424 1200 5496 ἔλεγον,
1216 5430 1301 5483 ἵνα
1328 5433 1403 5504 μὴ
1430 5437 1588 5504 μόνον
1599 5439 1674 5509 τῷ

120 5501 338 5573 ἐναντίῳ
365 5507 423 5560 τὸ
449 5510 688 5563 ἐναντίον
725 5516 1178 5572 κατασκευάσωσι
1229 5559 1245 5584 ,
1272 5527 1521 5579 τουτέστι
1595 5530 1674 5600 τῷ

120 5587 335 5660 ἀρρήτῳ
362 5596 422 5648 τὸ
453 5599 615 5667 ῥητὸν
635 5640 648 5664 ,
683 5601 816 5655 ἀλλά
845 5606 940 5657 καὶ
968 5607 1095 5671 τοὺς
1123 5609 1381 5682 ἐλέγχους
1409 5587 1670 5674 ὲκκλίνωζ

120 5692 218 5732 σιν.
242 5680 449 5753 ’Ὠσπερ
475 5687 666 5756 ἀμέλει
719 5693 810 5745 καὶ
854 5693 1052 5765 ἕτεροι,
1077 5697 1168 5751 ἐπὶ
1200 5680 1298 5771 τῆς
1343 5705 1544 5772 σαρκὸς
1577 5709 1670 5762 τοῦ

1783 4534 2088 4591 divinitatis
2108 4553 2233 4592 cum
2269 4539 2605 4599 humanitate
2639 4546 2728 4599 alii
2762 4549 3062 4602 secundum
3091 4553 3349 4607 substan-

1783 4625 1914 4679 tiam
1944 4626 2144 4682 factam
2178 4645 2300 4686 esse
2334 4631 2697 4699 afﬁrmarunt,
2735 4637 2825 4691 alii
2861 4640 3160 4694 secundum
3191 4658 3350 4697 ener~

1781 4716 1945 4786 giam,
1985 4719 2074 4773 alii
2099 4721 2400 4777 secundum
2439 4725 2800 4782 voluntatem.
2835 4729 2973 4783 Sunt
3021 4741 3202 4787 autem
3253 4737 3346 4804 qui

1779 4803 2004 4858 nimiam
2063 4810 2426 4864 reverentiam
2478 4811 2534 4865 in
2594 4813 2766 4868 Deum
2816 4816 2903 4870 vel
2949 4817 3213 4874 habentes
3259 4824 3346 4878 vel

1779 4893 2121 4961 simulantes,
2173 4901 2326 4954 nullo
2361 4915 2429 4955 ex
2473 4902 2561 4958 his
2616 4905 2780 4959 modo
2823 4907 3019 4962 factam
3068 4910 3344 4979 dixerunt,

1779 4987 1875 5041 sed
1910 4987 2244 5043 ineffabilem
2271 5007 2392 5046 esse
2418 5001 2475 5047 ct
2501 5009 2686 5050 carere
2716 4998 2938 5053 nomine
2966 4999 3351 5070 aliirmarunt;

1779 5077 1895 5132 sive
1930 5078 2005 5131 ita
2055 5079 2343 5144 haberent,
2391 5083 2506 5137 sive
2555 5099 2686 5149 non,
2735 5089 3053 5144 metuebant
3099 5100 3246 5146 certe
3273 5109 3343 5148 ne

1778 5166 2079 5235 impietatis
2102 5180 2483 5238 arguerentur.
2532 5174 2782 5230 Vidimus
2823 5180 2971 5233 enim
3001 5181 3164 5235 etiam
3195 5199 3343 5240 nunc

1777 5257 2064 5325 quosdam,
2103 5259 2196 5326 qui
2223 5275 2348 5314 cum
2381 5263 2662 5335 notionem
2690 5267 2906 5322 unionis
2934 5270 3088 5325 valde
3121 5286 3343 5341 expres-

1776 5362 1892 5400 sam
1922 5358 1978 5403 et
2009 5347 2192 5402 tritam
2246 5351 2533 5417 haberent,
2573 5355 2830 5426 ἄρρητον,
2868 5359 2923 5412 id
2958 5369 3041 5414 est
3085 5361 3336 5417 inell'abi-

1774 5437 1902 5502 lem,
1942 5453 2062 5493 eam
2093 5440 2360 5495 vocabant
2387 5459 2400 5495 :
2429 5452 2488 5497 ut
2519 5459 2630 5498 non
2661 5447 2836 5501 solum
2882 5453 3157 5512 contrario
3206 5470 3338 5509 con-

1776 5531 2003 5583 trarium
2047 5529 2342 5599 edicerent,
2408 5533 2462 5589 id
2503 5543 2605 5599 est,
2667 5537 2901 5593 dicendo
2932 5555 3050 5596 esse
3086 5544 3334 5599 ineﬁ‘abi-

1774 5620 1900 5686 lem,
1948 5620 2220 5689 vulgatam
2251 5621 2515 5688 facerent,
2548 5625 2644 5680 sed
2695 5636 2756 5680 ut
2788 5642 3107 5690 argumenta
3141 5634 3340 5703 quibus

1773 5709 2254 5778 redarguerentur,
2288 5710 2612 5783 effugerent.
2642 5715 2796 5771 Sicut
2823 5718 2915 5772 alii
2948 5735 3102 5787 sane,
3139 5734 3196 5777 ut
3221 5739 3341 5778 car-

3264 385 3402 452 1298-

2435 476 2599 534 Multa
2646 499 2776 538 vero
2812 489 2976 545 etiam
3025 495 3094 550 de
3147 515 3310 556 sensu
3339 516 3396 559 et

1824 549 2132 622 phantasia,
2159 570 2214 612 et
2234 561 2302 615 de
2333 564 2488 619 vitali
2513 581 2568 623 et
2588 576 2845 642 organico
2874 582 3070 649 spiritu
3095 603 3108 650 ;
3140 591 3232 657 qui
3258 609 3393 648 con-

1823 640 1960 696 tinet
1978 647 2200 716 animal,
2233 653 2328 721 qui
2353 656 2492 712 alius
2518 640 2744 730 spirilUs
2772 678 2877 732 est,
2904 640 3173 741 utaiunt:
3193 695 3392 748 praeter
