3912 6298
498 299 632 368 1299
703 262 709 268 ί
1754 303 2066 364 IEONTII
2099 303 2508 365 BYZANTINI
3675 298 3802 362 m3

494 430 619 471 nem
644 413 858 468 Domini
887 413 1057 482 magis
1083 412 1206 468 ﬁcte
1237 429 1520 484 apparere,
1553 430 1718 484 quam
1757 415 1811 469 in
1851 431 1916 470 ea
1937 431 2064 470 con-
2095 454 2104 476 ε

2209 417 2376 487 ζυρίου
2410 417 2509 486 τὴν
2536 419 2842 486 φαντασίαν
2873 417 3164 489 κρατύνειν
3185 456 3200 483 ,
3255 417 3290 488 ἢ
3325 413 3440 487 τὴν
3509 415 3798 483 σύγχυσιν

494 505 764 562 fusionem
811 504 1008 559 factam
1055 519 1176 560 esse
1206 505 1499 561 defendere
1528 505 1834 570 studerent,
1887 507 2066 561 incar-

2209 507 2590 574 πουδάζοντες,
2611 507 2922 578 ὲσαρκὼθη,
2944 507 3218 578 φασὶν,ὡς
3238 506 3574 577 ἠθέλησεν,
3609 505 3716 558 καὶ
3737 506 3799 566 ὡς

495 602 682 649 natum
736 609 858 650 esse
903 602 966 647 ut
1009 594 1205 657 voluit,
1257 603 1313 649 et
1359 603 1418 648 ut
1458 595 1575 665 ipse
1609 597 1782 658 novit,
1822 595 2065 651 aiebant.

2209 597 2336 660 ,όνος
2357 593 2498 650 οἶδεν
2525 597 2712 660 αὐτός.
2737 598 2813 650 Ού
2839 600 2948 668 γὰρ
2976 599 3066 651 ἵνα
3095 597 3276 651 ταῦτα
3301 597 3796 668 παραστήσωσιῖ.

494 685 616 742 Νοη
647 685 794 740 enim
831 695 892 740 ut
919 685 1037 740 haec
1061 685 1314 756 probent,
1343 686 1411 740 ad
1453 688 1817 742 reverentiam
1874 703 2068 742 revera

2209 686 2269 738 πί
2313 686 2412 756 τὴν
2441 686 2611 750 ὅντως
2642 687 2914 758 ἀνευλαϐἧ
2944 688 3216 759 χωροῦσιν
3241 687 3603 740 εὐλάϐειαν·
3642 687 3680 754 ἦ
3704 687 3794 752 γὰρ
3871 674 3877 701 ¹

498 789 530 826 a
564 773 872 828 reverentia
901 775 1134 828 alienam
1167 790 1225 830 se
1263 775 1572 837 conferunt,
1625 776 1831 846 alioqui
1870 781 2070 832 veritas

2209 795 2242 831 ,ν
2277 779 2414 850 πρὸς
2446 780 2508 833 τὸ
2535 780 2736 859 ἑαυτῆς
2759 775 2865 850 ἦγε
2897 781 3010 849 φῶς
3037 781 3262 842 τούτους
3292 782 3328 848 ἡ
3364 778 3666 846 ἀλήθεια,
3697 779 3794 830 ἐῶ·

417 904 456 936 τι
497 863 604 916 hOs
623 861 691 916 ad
725 863 912 916 lumen
941 878 1104 916 suum
1137 863 1474 928 adduceret;
1505 863 1601 918 sed
1630 874 1691 918 ut
1721 865 1950 921 licenter
1971 865 2072 920 im-

501 953 706 1022 pietate
737 954 1056 1020 abutantur,
1091 955 1158 1010 ad
1211 955 1443 1010 honesta
1493 956 1752 1022 nomina,
1813 965 2072 1026 tanquam

503 1042 572 1096 ad
605 1043 1076 1112 propugnaculum
1127 1045 1402 1114 quoddam
1446 1045 1688 1100 validum
1740 1053 1798 1100 et
1849 1045 2076 1114 inexpu—

502 1133 721 1204 gnabile
743 1134 1083 1204 confugiunt.
1105 1135 1244 1190 Vere
1276 1136 1422 1190 enim
1450 1151 1628 1206 neque
1658 1136 1766 1191 dici
1797 1137 2076 1191 necintel-

504 1223 598 1294 ligi
625 1231 807 1293 potest
835 1225 967 1278 unio
998 1225 1299 1280 secundum
1331 1221 1728 1290 substantiam,’
1749 1235 1806 1281 et
1827 1227 2080 1281 substan-

505 1317 673 1383 tialis,
719 1325 776 1371 et
815 1317 872 1371 in
918 1317 1216 1388 bypostasi.
1255 1317 1542 1384 Quomodo
1573 1319 1720 1374 enim
1749 1335 1870 1388 quae
1903 1326 2082 1373 tanto-

509 1419 641 1477 pere
681 1409 985 1464 secundum
1035 1419 1288 1463 naturam
1331 1409 1615 1474 differunt,
1655 1419 1711 1464 et
1759 1420 1868 1465 tam
1921 1411 2081 1480 longe

509 1499 736 1560 distant,
783 1499 926 1553 inter
955 1515 1014 1554 se
1043 1501 1314 1567 coierunt,
1369 1509 1425 1556 et
1450 1501 1602 1556 unita
1640 1516 1749 1556 non
1790 1510 1917 1556 sunt
1949 1516 2082 1556 con-

512 1588 634 1642 fusa
679 1586 788 1658 (‘24)
815 1607 830 1655 ;
858 1589 954 1643 sed
985 1589 1170 1658 potius
1203 1604 1374 1643 unum
1409 1597 1516 1654 est,
1544 1599 1600 1645 et
1623 1590 1734 1645 duo
1761 1600 2087 1655 noscuntur,

513 1684 572 1732 et
616 1692 721 1732 nec
773 1679 985 1732 unitate
1039 1693 1290 1747 persona:
1329 1679 1615 1733 commista
1682 1687 1851 1744 sunt;
1906 1693 2088 1748 neque

2177 870 2264 923 ἴνα
2287 873 2409 924 κατ’
2446 871 2696 938 ἐξουσίαν
2738 872 3148 941 ἀποκέχρηνται
3194 873 3266 941 τῇ
3311 870 3581 940 ἀσεϐείᾳ.
3616 870 3715 922 ἐπὶ
3740 870 3792 921 τὲ

2181 961 2358 1030 σεμνὰ
2411 961 2522 1032 τῷν
2575 960 2874 1030 ὀνομάτων,
2914 962 2990 1023 ὡς
3040 961 3117 1022 είς
3150 977 3203 1012 τι
3245 960 3557 1029 κρατερόν
3611 975 3679 1008 τε
3714 959 3791 1008 καὶ

2181 1051 2456 1106 ἀνάλωτον
2505 1051 2765 1123 φρούριον
2815 1051 3282 1120 καταφεύγουσιν.
3343 1051 3668 1120 Ἀῥρητος
3698 1049 3789 1116 τίς

2183 1141 2354 1205 ὅντως
2386 1144 2533 1194 ἐστὶν
2599 1142 2698 1195 καὶ
2735 1143 3054 1212 ἀνεννόητος
3093 1142 3226 1212 μόνη
3259 1143 3295 1210 ἡ
3323 1141 3466 1192 κατ’
3495 1140 3706 1192 οὐσίαν
3741 1155 3786 1188 τε

2185 1235 2278 1287 καὶ
2308 1231 2572 1301 οὐσιώδης
2614 1233 2709 1286 καὶ
2752 1232 3118 1292 ὲνυπόστατος
3151 1231 3382 1294 ἓνωσις.
3421 1231 3568 1292 Πῶς
3605 1231 3712 1297 γὰρ
3731 1229 3786 1280 τὲ
3874 1276 3877 1306 ε

2186 1324 2440 1380 τοσοῦτον
2469 1324 2614 1378 κατά
2639 1324 2736 1393 τὴν
2759 1323 2920 1392 φύσιν
2945 1321 3438 1390 παρηλλαγμένα,
3462 1322 3574 1372 καὶ
3603 1319 3784 1389 μακρῷ

2187 1415 2522 1488 διῳκισμένα
2561 1415 2828 1484 ἀλλήλοις.
2871 1430 2930 1466 τε
2961 1413 3186 1484 συνέϐη,
3233 1414 3340 1466 καὶ
3405 1411 3706 1482 κραθέντα
3737 1411 3785 1463 ού

2192 1505 2556 1574 συγκέχυται;
2597 1503 2735 1556 ἀλλὰ
2767 1504 2862 1556 καὶ
2885 1502 3030 1556 ἐστιν
3055 1503 3133 1566 ἓν,
3165 1505 3264 1556 καὶ
3289 1503 3661 1573 γνωρίζεται
3688 1503 3782 1564 δὴ,

2192 1597 2287 1650 καὶ
2317 1593 2442 1648 οὗτε
2463 1593 2539 1665 τῷ
2567 1595 2843 1664 μοναδικῷ
2873 1593 2967 1646 τοῦ
2997 1593 3298 1665 προσώπου
3343 1595 3782 1663 συμπέφυρται,
3871 1599 3877 1637 i

2195 1682 2317 1736 οὔτε
2358 1681 2448 1735 διά
2479 1681 2578 1743 τὰς
2610 1681 2879 1751 ἰδιότητας
2914 1680 3023 1734 τῶν
3064 1681 3284 1750 φύσεων
3318 1685 3410 1746 είς
3460 1683 3786 1744 ὑποστάσεις

513 1777 738 1840 propter
768 1771 1130 1840 proprietates
1155 1778 1474 1825 naturarum
1528 1771 1584 1824 in
1634 1771 1952 1842 bypostases
2001 1770 2089 1824 di-

2209 1773 2494 1844 ιερίζεται.
2514 1772 2702 1826 Ταῦτα
2726 1772 2906 1836 πίστις
2923 1777 3092 1844 χωρεῖ
3117 1775 3284 1844 μόνη,
3306 1776 3411 1828 καὶ
3439 1775 3610 1842 λόγος
3638 1775 3783 1836 θεῖος,

511 1857 630 1914 visa
665 1869 815 1914 sunt.
856 1858 982 1914 Haec
1015 1861 1128 1914 soia
1158 1859 1293 1914 ﬁdes
1319 1860 1486 1930 capit,
1544 1868 1601 1914 et
1652 1859 1890 1928 Verbum
1945 1859 2088 1914 divi-

512 1963 672 2015 num,
717 1948 862 2018 quod
887 1965 997 2002 non
1047 1948 1500 2019 pronuntiatione
1537 1947 1707 2012 vocis,
1749 1948 1845 2004 sed
1889 1949 2092 2003 illumi-

514 2041 740 2096 natione
797 2041 1173 2111 intelligentiae
1233 2041 1351 2096 haec
1389 2040 1674 2108 declarat;
1728 2047 1785 2095 et
1841 2055 1936 2095 eos
1995 2040 2091 2110 qui

516 2132 666 2203 digni
735 2139 864 2188 sunt
889 2173 902 2198 ,
967 2132 1218 2188 doctrina
1272 2146 1383 2187 non
1442 2139 1674 2186 sonante
1699 2171 1714 2197 ,
1773 2130 1870 2186 sed
1929 2131 2095 2185 tacita

515 2223 722 2278 erudit.

587 2315 663 2369 De
693 2313 774 2370 eis
806 2315 974 2386 igitur
1015 2317 1110 2386 qui
1156 2332 1223 2372 ex
1263 2317 1573 2373 reverentia
1603 2324 1886 2388 aegrotant,
1921 2315 2096 2373 donec

519 2404 651 2474 quid
674 2405 756 2460 eis
775 2405 1116 2475 propositum
1144 2407 1235 2472 sit,
1267 2422 1377 2461 non
1405 2416 1490 2462 est
1512 2407 1884 2472 manifestum,
1913 2423 2095 2477 neque

518 2495 751 2550 verbum
787 2494 1099 2550 faciendum
1117 2505 1242 2562 est;
1270 2495 1366 2565 qui
1390 2511 1524 2550 vero
1554 2512 1735 2566 neque
1756 2513 1824 2552 ex
1864 2497 2093 2565 lumine,

520 2584 572 2640 si
595 2585 652 2639 id
683 2585 832 2640 nacti
865 2593 1012 2649 sunt,
1053 2585 1306 2640 ﬁduciam
1337 2586 1582 2655 capiunt,
1635 2603 1738 2642 nec
1791 2588 1937 2658 quod
1979 2586 2098 2642 ani-

523 2688 642 2726 mas
675 2673 918 2728 tenebris
943 2673 1303 2730 circumfusas
1330 2674 1570 2730 habeant
1594 2715 1608 2740 ,
1639 2657 1867 2732 moleste
1891 2676 2096 2744 ferunt,
2145 2657 2158 2668 ’

527 2755 785 2834 tanquam
833 2765 1166 2820 insanabiles
1209 2783 1240 2821 a
1290 2767 1455 2822 nobis
1473 2767 1834 2838 rejiciantur:
1875 2767 1942 2822 de
1977 2768 2102 2825 aliis

523 2867 660 2906 vero
706 2852 786 2908 sic
829 2853 1180 2910 disseremus.
1219 2856 1324 2923 Qui
1369 2857 1628 2911 unionem
1659 2872 1768 2912 non
1798 2857 2100 2913 secundum

527 2945 910 3011 substantiam,
943 2945 1036 3002 sed
1063 2947 1366 3003 secundum
1400 2951 1776 3018 operationem
1811 2959 1906 3005 aut
1930 2950 2100 3005 bene-

528 3037 814 3108 piacitum,
846 3045 941 3094 aut
967 3038 1128 3093 aliam
1163 3037 1456 3108 quamdam
1483 3039 1797 3110 huiusmodi
1826 3039 2102 3095 habitudi—

529 3146 656 3185 nem
703 3129 899 3185 factam
948 3145 1071 3186 esse
1123 3131 1387 3195 tradunt;
1431 3129 1498 3184 ad
1544 3130 1830 3186 veritatem
1879 3131 2104 3200 quidem

531 3223 686 3276 nullo
729 3221 893 3276 modo
935 3221 1180 3290 proxime
1215 3220 1518 3285 accedunt;
1567 3220 1914 3274 mendacium
1947 3236 2104 3286 vero,

537 3311 680 3382 quod
705 3311 990 3380 multiplex
1018 3321 1120 3374 est,
1156 3311 1345 3379 partiti
1375 3317 1524 3376 sunt,
1555 3308 1678 3365 aliis
1709 3309 1871 3364 aliam
1896 3321 2105 3380 partem

533 3402 656 3472 ejus
685 3399 1068 3462 avellentibus,
1097 3409 1153 3452 et
1194 3385 1439 3452 in'unam
1471 3398 1876 3454 aberrationem
1903 3416 1933 3454 a
1963 3401 2108 3454 veri-

535 3499 670 3554 tate,
711 3489 856 3543 inter
889 3503 948 3543 se
977 3487 1302 3566 conciliatis.
1339 3487 1527 3554 Qualis
1575 3488 1722 3542 enim
1763 3497 1944 3559 potest
1985 3505 2106 3562 esse

537 3583 658 3638 base
686 3581 838 3647 unio,
869 3589 926 3635 et
946 3579 1224 3650 quomodo
1255 3579 1418 3651 digna
1449 3581 1674 3635 nomine
1716 3580 1938 3636 unionis
1960 3579 2108 3636 illius

540 3687 708 3742 supra
732 3680 1008 3736 naturam,
1045 3680 1102 3726 et
1127 3687 1249 3742 quae
1272 3670 1386 3726 sola
1415 3678 1499 3725 cst
1543 3679 1664 3740 post
1707 3671 1879 3726 solam
1907 3680 1964 3726 et
1997 3671 2110 3740 pri-

448 3769 450 3771 ’
539 3777 706 3828 mam,
731 3777 852 3832 qua:
876 3779 985 3816 non
1009 3762 1230 3833 colligat
1260 3776 1367 3827 res,
1393 3769 1450 3815 et
1480 3761 1536 3814 in
1567 3761 1621 3814 id
1650 3761 1828 3830 ipsum
1852 3760 2110 3815 adducit?

537 3851 695 3908 Unde
713 3851 972 3906 admirari
1002 3849 1152 3916 licet,
1175 3849 1346 3920 quod,
1364 3865 1489 3905 cum
1513 3848 1826 3920 bujusmodi
1851 3849 2110 3904 unionem

539 3943 632 3998 isti
664 3942 1025 4013 proﬁteantur
1058 3951 1115 3997 et
1159 3942 1458 4007 celebrent,
1513 3940 1650 3994 illud
1697 3955 1807 3994 non
1856 3940 2112 3996 confusas

541 4052 662 4092 esse
691 4045 940 4102 naturas,
972 4027 1030 4091 et
1056 4035 1191 4090 illud
1214 4035 1558 4090 immutabile
1578 4049 1770 4090 eorum
1793 4044 2110 4104 opponunt;

543 4144 706 4200 quam
747 4128 894 4184 enim
948 4128 1309 4182 mutationem
1339 4127 1606 4197 suspicari
1633 4126 1756 4196 jure
1795 4133 2025 4195 possunt
2056 4125 2114 4180 in

545 4219 812 4275 divisione
846 4235 1052 4285 rerum,
1083 4219 1178 4297 qui
1207 4218 1504 4289 dignitates
1542 4216 1849 4286 quidem'in
1877 4217 2134 4286 dignita--

545 4321 654 4367 tem
686 4311 1034 4380 confundunt
1062 4313 1192 4382 (non
1221 4310 1370 4365 enim
1403 4309 1700 4380 dignitates
1743 4309 1981 4379 dignitas
2013 4323 2116 4362 un-

2191 1873 2221 1922 ὁ
2249 1870 2322 1940 μὴ
2353 1873 2410 1923 ὲν
2431 1869 2682 1939 προφορᾷ
2707 1867 2929 1933 λέξεως,
2959 1866 3074 1920 ἀλλ’
3104 1867 3162 1918 ὲν
3191 1869 3260 1936 τῇ
3298 1867 3436 1919 κατ’
3461 1866 3684 1920 ἔννοιαν
3707 1865 3786 1917 i1-

2193 1959 2394 2030 λάμψει
2429 1959 2643 2030 τρανῶν
2668 1957 2861 2020 ταῦτα,
2889 1961 2986 2010 καὶ
3014 1957 3358 2025 άφθὲγκτοις
3407 1957 3784 2018 attumne“

2197 2050 2574 2122 μυσταγωγῶν
2595 2051 2724 2112 τοὺς
2746 2048 2948 2113 ἀξίους.

2265 2301 2403 2364 Τοὺς
2454 2298 2550 2369 μὲν
2583 2292 2678 2352 οὖν
2713 2295 2843 2366 περὶ
2867 2295 2966 2364 τὴν
2987 2292 3280 2348 εὐλάϐειαν
3310 2293 3663 2356 νοσοῦντας,
3693 2292 3785 2354 ἓως

2197 2391 2343 2447 ἐστὶν
2383 2393 2412 2444 ὁ
2447 2389 2646 2450 σκοπὸς
2673 2387 2888 2456 ἄδηλος,
2919 2385 3045 2439 οὐδὲ·
3066 2385 3229 2454 λόγου
3263 2385 3576 2448 ἀξιωτέον·
3615 2385 3666 2438 οἱ
3689 2383 3780 2452 γάρ

2201 2486 2345 2554 μήτε,
2384 2482 2446 2535 τὸ
2496 2481 2612 2551 φῶς
2644 2476 3155 2551 παρρησιαζόμενοι
3183 2517 3200 2540 ,
3231 2474 3304 2529 ἂν
3335 2477 3548 2530 τούτου
3583 2477 3780 2543 τύχοιεν

2199 2574 2436 2646 ἔχοντες,
2465 2573 2603 2643 μήτε
2648 2570 2826 2641 σκότῳ
2849 2568 3312 2638 συγκαλυφθῆναι
3349 2567 3545 2620 αὐτῶν
3572 2567 3672 2626 τὰς
3692 2565 3778 2632 4':-

2199 2665 2300 2738 χάς
2325 2662 2771 2734 δυσχεραίνοντες
2792 2699 2808 2725 ,
2836 2659 2913 2724 ὡς
2949 2659 3184 2720 ἀνιάτως
3209 2658 3442 2728 ἔχοντες
3467 2698 3484 2720 ,
3523 2655 3625 2710 καὶ
3665 2653 3780 2721 πρὸς

2199 2755 2359 2828 ἡμῶν
2411 2752 2858 2808 διαπτυέσθωσαν
2889 2766 2903 2779 ·
2960 2749 3091 2820 περὶ
3139 2748 3196 2801 δὲ
3240 2747 3361 2800 τῶν
3407 2747 3619 2809 ἄλλων,
3660 2743 3782 2798 οὔτε

2201 2846 2594 2916 διαλεξώμεθα.
2653 2845 2714 2897 Oi
2760 2843 2860 2913 τὴν
2899 2842 3093 2895 ἕνωσιν
3127 2839 3202 2909 μὴ
3242 2837 3373 2892 κατ’
3407 2839 3638 2900 οὐσίαν,
3666 2833 3783 2888 sm

2203 2941 2324 2993 κατ’
2375 2937 2674 3007 ἐνέργειαν,
2715 2933 2750 3004 ἢ
2792 2918 3072 2993 εύδοκίαν,
3099 2931 3134 3000 ἢ
3163 2929 3334 2997 ἀλλην
3373 2931 3510 2981 τινα
3541 2926 3783 2991 τοιαύτην

2206 3031 2390 3100 σχέσιν
2415 3026 2862 3096 δογματίσαντες,
2883 3023 3004 3082 κατ’
3031 3022 3190 3074 οὐδὲν
3221 3021 3324 3090 μὲν
3349 3019 3690 3096 *τῇ-ἀληθεία
3707 3019 3783 3080 ἐγ-

2205 3121 2456 3192 γίζουσι’
2509 3117 2569 3172 τὸ
2611 3117 2670 3171 δὲ
2702 3116 2897 3187 ψεῦδος
2942 3113 3263 3184 πολυσχιδὲς
3305 3111 3382 3165 ἂν
3438 3111 3782 3182 ἐμερίσαντο,

2205 3213 2386 3276 ἄλλοις
2431 3211 2599 3280 ἄλλην
2643 3209 2768 3262 τινὰ
2817 3207 3010 3277 μοῖραν
3049 3203 3214 3258 αὐτοῦ
3259 3203 3782 3273 παρασπασάμενα.

2207 3305 2302 3358 καὶ
2333 3305 2412 3366 είς
2437 3302 2495 3356 ἓν
2523 3299 2778 3372 ἀλλήλοις
2816 3297 3065 3360 ἐλθόντες
3097 3298 3166 3366 τῇ
3201 3294 3508 3360 ἀποτεύξει
3535 3299 3644 3363 τῆς
3665 3292 3786 3358 ἀλη-

2209 3397 2380 3459 θείας.
2414 3393 2551 3448 Ποία
2587 3391 2697 3462 γὰρ
2731 3391 2798 3444 ἂν
2827 3389 2914 3461 εἴη
2937 3389 3099 3456 αὓτη,
3130 3386 3229 3440 καὶ
3255 3383 3381 3446 πῶς
3412 3385 3518 3437 τοῦ
3549 3385 3656 3452 τῆς
3681 3381 3787 3434 ἐνύ-

2211 3469 2348 3551 σεως
2377 3485 2504 3550 ἀξία
2530 3484 2818 3552 ὀνόματος,
2853 3481 2952 3551 τῆς
2973 3475 3289 3548 ὑπερφυοῦς
3315 3475 3419 3529 καὶ
3449 3477 3635 3545 μόνης
3667 3471 3787 3542 μετά

2209 3579 2308 3649 τὴν
2330 3576 2499 3647 μόνην
2523 3573 2619 3628 καὶ
2643 3570 2889 3644 πρώτην,
2915 3570 2947 3640 ἢ
2973 3568 3047 3638 μὴ
3069 3568 3139 3620 τὰ
3163 3566 3478 3636 πράγματα
3507 3564 3786 3618 συνδέουσα

2210 3670 2304 3724 καὶ
2333 3670 2413 3729 είς
2442 3664 2638 3718 ταύτδν
2665 3663 2879 3732 ἄγουσα
2903 3678 2918 3728 ;
2946 3658 3116 3712 Ὅθεν
3145 3658 3242 3712 καὶ
3272 3656 3598 3727 θαυμάζειν
3626 3651 3788 3706 ἔπεισί

2214 3781 2304 3836 μοι
2350 3802 2366 3828 ,
2394 3759 2472 3814 ὅτ’
2503 3761 2570 3814 ἂν
2610 3757 2791 3827 αὐτῶν
2818 3755 2918 3826 τὴν
2943 3752 3202 3823 τοιαύτην
3233 3753 3436 3806 ἓνωσιν
3462 3749 3789 3820 πρεσϐεύο-

2212 3873 2340 3920 των,
2371 3853 2434 3906 τὸ
2474 3850 2780 3922 ἀσύγχυτον
2808 3847 3210 3918 προσρίπτεται
3253 3844 3350 3896 καί⁵
3379 3842 3446 3895 τὸ
3473 3844 3750 3910 ἄτρεπτον
3772 3851 3784 3864 ·

2214 3946 2374 3999 ποίαν
2419 3942 2530 4014 γὰρ
2557 3938 2864 4011 ὑφορᾶσθαι
2909 3935 3118 4008 τροπὴν
3155 3934 3355 3996 αὐτοὺς
3385 3933 3609 3985 δίκαιον
3649 3931 3706 3982 ἐν
3729 3928 3785 3995 τῇ

2213 4033 2474 4104 διαιρέσει
2525 4031 2634 4085 τῶν
2669 4027 3012 4101 πραγμάτων
3033 4065 3049 4091 ,
3084 4025 3185 4088 τὰς
3218 4023 3317 4093 μὲν
3349 4021 3523 4088 ἀξίας
3562 4023 3647 4082 εἰς
3675 4019 3787 4088 μίαν

2215 4123 2370 4191 ἀξίαν
2397 4123 2728 4192 συγχέοντας
2762 4119 2846 4190 (οὐ
2876 4117 2986 4187 γὰρ
3004 4117 3062 4170 αἱ
3091 4115 3237 4180 ἀξίαι
3267 4112 3420 4177 ἀξίαι
3447 4114 3577 4164 ποτ’
3611 4112 3678 4164 ἂν
3706 4107 3788 4175 τέ-

2216 4233 2390 4270 νοιντο
2414 4212 2762 4283 ἀσυγχύτως,
2794 4208 2987 4280 ὥσπερ
3015 4207 3136 4262 οὐδὲ
3165 4207 3224 4258 αί
3251 4204 3453 4273 φύσεις
3489 4205 3602 4272 μία
3643 4202 3788 4269 φύσις

2217 4301 2547 4378 ἀτρέπτως),
2574 4303 2674 4366 τὰς
2709 4301 2766 4373 ξι
2808 4298 2998 4360 οὐσίας
3021 4295 3352 4368 χωρίζοντας
3376 4311 3393 4358 ;
3421 4295 3483 4346 οὒ
3507 4295 3628 4363 γὰρ
3661 4305 3787 4359 πριι-

543 4416 707 4470 quam
751 4401 872 4457 ﬁeri
913 4380 1144 4470 possunt
1195 4401 1312 4454 sine
1347 4399 1690 4464 confusione,
1749 4399 1894 4454 sicut
1937 4413 2104 4468 neque

2219 4397 2446 4467 γμάτων
2466 4395 2682 4456 ἓνωσις,
2713 4390 2748 4460 ἢ
2797 4388 2900 4458 τῆς
2925 4387 3084 4454 ἀξίας
3118 4386 3333 4447 ἓνωσις.
3357 4384 3435 4474 Ἥ
3475 4383 3629 4436 οὕτω
3657 4383 3706 4448 γ’
3731 4380 3788 4432 ἀν

544 4501 757 4548 παίω-αι
805 4499 1006 4565 natura
1033 4491 1152 4546 sine
1196 4487 1546 4560 mutatione),
1607 4489 1943 4544 substantias
1983 4504 2118 4544 vero

547 4583 846 4656 separant?
877 4597 981 4637 nec
997 4582 1144 4638 enim
1169 4581 1302 4636 unio
1333 4595 1517 4636 rerum
1547 4590 1632 4635 est
1660 4581 1792 4635 unio
1815 4579 2116 4651 dignitatis.

547 4675 768 4748 Alioqui
815 4685 1061 4736 cunctos,
1093 4674 1189 4745 qui
1245 4671 1489 4728 divinam
1548 4671 1874 4742 dignitatem
1937 4671 2120 4727 sortiti

549 4783 698 4840 sunt,
721 4769 780 4829 in
803 4784 977 4828 unum
1005 4782 1130 4824 cum
1154 4766 1340 4821 divina
1365 4763 1675 4819 substantia
1699 4763 2117 4832 conjungemus,

550 4874 608 4922 et
635 4853 774 4920 duas
827 4871 1050 4918 naturas
1098 4872 1220 4914 esse
1277 4856 1336 4910 in
1387 4853 1618 4926 singulis
1651 4851 1856 4908 sanctis
1898 4851 2128 4908 docebi-

552 4939 676 5012 mus
704 4975 718 5010 :
753 4952 1031 5025 quantitas
1058 4949 1206 5006 enim
1247 4946 1530 5019 dignitatis
1563 4943 1792 5001 omnino
1815 4942 2022 4998 dividit
2061 4957 2128 4998 ea

551 5063 677 5118 quae
718 5043 1022 5103 secundum
1077 5041 1394 5112 dignitatem
1425 5037 1727 5102 differunt;
1776 5033 1874 5090 sed
1921 5040 2126 5103 quanta

555 5129 744 5202 fuerit,
795 5143 1008 5191 tantum
1041 5132 1336 5204 conjunget
1372 5139 1636 5183 naturas:
1667 5141 1771 5180 nec
1813 5124 1962 5179 enim
2004 5137 2126 5176 om-

557 5230 691 5288 niuo
712 5243 806 5284 eas
828 5225 1126 5297 separabit,
1149 5239 1260 5278 non
1289 5229 1541 5292 separato
1563 5232 1630 5274 eo
1651 5213 1799 5286 quod
1823 5214 2125 5285 coniungit.

2220 4488 2314 4542 καὶ
2333 4487 2544 4547 πάντας
2558 4483 2684 4544 τοὺς
2702 4481 2801 4550 τῆς
2822 4480 2972 4542 θείας
3001 4477 3329 4546 λελογχότας
3355 4473 3544 4539 ἀξίας,
3571 4475 3652 4534 εἰς
3673 4488 3788 4524 ταυ-

2221 4573 2312 4628 τὸν
2351 4571 2574 4640 άξωμεν
2601 4571 2666 4637 τῇ
2694 4566 2814 4638 θεία
2843 4565 3001 4635 οὐσίᾳ
3027 4603 3042 4624 ,
3076 4564 3169 4616 καὶ
3199 4561 3293 4614 δύο
3325 4560 3522 4630 φύσεις
3566 4560 3653 4625 ἐφ’
3686 4557 3786 4610 txi-

2225 4681 2351 4720 στου
2385 4661 2493 4716 τῶν
2535 4660 2706 4730 ἁγίων
2756 4654 3176 4726 δογματίσωμεν
3201 4668 3216 4681 ·
3264 4651 3326 4702 τὸ
3353 4649 3470 4718 γὰρ
3511 4649 3687 4702 ποσὸν
3707 4645 3789 4711 τῆς

2225 4753 2402 4818 ἀξίας,
2427 4752 2487 4804 ού
2515 4751 2692 4818 πάντη
2719 4746 2943 4817 χωρίζει
2965 4743 3035 4796 τά
3063 4741 3206 4796 κατά
3233 4741 3333 4812 τὴν
3356 4740 3520 4804 ἀξίαν
3547 4739 3788 4806 διάφορα,

2228 4842 2342 4898 ἀλλ’
2382 4840 2556 4910 ὁπόση
2592 4837 2658 4891 ἂν
2691 4837 2778 4906 εἴη
2799 4875 2815 4902 ,
2846 4834 2990 4887 κατά
3028 4829 3286 4884 τοσοῦτον
3315 4823 3553 4896 συνάψει
3587 4825 3686 4880 καὶ
3707 4821 3791 4878 τὰς

2228 4933 2453 5005 φύσεις·
2481 4919 2542 4984 οὐ
2567 4930 2676 5001 γὰρ
2703 4928 2768 4998 δὴ
2800 4927 2978 4996 πάντη
3021 4922 3193 4984 αὐτάς
3250 4919 3483 4992 χωρίσει
3533 4918 3638 4971 τοῦ
3687 4932 3795 4968 am-

2226 5027 2514 5088 ἅπτοντος,
2541 5022 2618 5092 μὴ
2649 5019 2825 5086 πάντη
2849 5013 3278 5084 κεχωρισμένον.
3294 5009 3530 5064 Ὀπόσον
3548 5009 3666 5101 γάρ

2228 5119 2411 5190 έχουσι
2449 5115 2549 5185 τῆς
2599 5111 2752 5176 ἀξίας
2777 5151 2794 5176 ,
2829 5109 3076 5180 μετέχειν
3113 5105 3386 5175 ὀφείλουσι
3435 5102 3539 5155 καὶ
3561 5099 3668 5166 τῆς
3715 5099 3795 5145 τοῦ

2228 5207 2386 5274 λόγου
2409 5201 2646 5271 φύσεως.

555 5281 1009 5394 ebim
1039 5281 1372 5392 participant
1395 5281 1740 5387 dignitatem,
1767 5281 1978 5365 tantum
2008 5281 2341 5379 participare
2370 5299 2574 5354 debent
2595 5281 2866 5352 rationem
2895 5301 3125 5346 natur-aa.

629 5435 742 5502 (24)
777 5431 935 5488 Unita
978 5446 1084 5502 non
1111 5435 1234 5502 sum
1281 5425 1525 5502 confusa.
1553 5421 1796 5502 Utuntur
1824 5417 2118 5502 orthpdosi

562 5492 880 5574 scriptores
917 5500 1186 5574 vocabulo
1215 5492 1491 5574 κράσεως,
1523 5507 1608 5574 q.‘
1631 5492 1686 5546 d.
1722 5492 2122 5574 mistion‘isL

565 5558 826 5644 mys'terio
868 5558 1267 5625 incarnationis
1299 5558 1686 5644 .explicando;
1735 5558 1842 5644 sed
1865 5565 2124 5644 "utuntur

566 5632 732 5693 se'nsu
765 5640 910 5694 bono
961 5647 1017 5694 et
1069 5632 1356 5692 commodo
1384 5670 1399 5694 ,
1463 5639 1526 5684 ut
1585 5632 1812 5699 praecise
1864 5632 2124 5699 unionem

568 5706 855 5776 signiﬁcet.
880 5706 1110 5762 Photius
1154 5705 1220 5760 de
1249 5699 1481 5772 Eulogio
1532 5694 1840 5768 patriarcha
1891 5694 2128 5750 Alexan-

2227 5414 2422 5470 drino:
2453 5410 2733 5479 Κέχρηται
2765 5407 2822 5460 δὲ
2853 5406 2947 5479 καὶ
2975 5407 3040 5473 τῇ
3067 5402 3211 5465 λέξει
3226 5396 3630 5479 τῆςίίράσειιις
3656 5395 3802 5479 εὖτε·

2231 5467 2339 5544 θῶς
2367 5481 2485 5550 μέν.
2527 5467 2659 5535 ι’]ὲιιῖς
2699 5487 2775 5532 est
2814 5484 2862 5529 et
2887 5467 3107 5530 Crassos
3137 5469 3389 5550 vocaoulo
3411 5485 3430 5521 :
3458 5467 3698 5550 Δσειιηρίε

2231 5534 2401 5606 statua
2429 5565 2484 5603 se
2509 5534 2563 5602 id
2592 5564 2696 5600 non
2725 5559 3003 5614 usurpare_
3025 5539 3409 5614 monumentis
3436 5534 3797 5614 Apollinei-ii,

2236 5559 2401 5606 status
2429 5565 2484 5603 se
2509 5553 2563 5602 id
2592 5564 2696 5600 non
2725 5559 2983 5628 usurpare
3025 5553 3409 5621 moreamenm
3436 5553 3797 5658 Apamam-ar.

2236 5619 2576 5744 ἵῧᾳαὲέέιρίἱ
2601 5617 2844 5686 Eutychts
2864 5652 2878 5677 ,
2913 5612 3004 5666 sed
3039 5619 3097 5664 ut
3121 5616 3332 5680 pictam
3355 5619 3482 5676 roga
3510 5621 3544 5657 α
3565 5615 3808 5674 praua-ao

2269 5697 2330 5744 ﬂ.
2365 5697 2500 5744 'I'UR.
