3912 6298
149 330 304 395 1301

1226 335 1515 394 CONTRA
1554 332 1870 392 NESTOR.
1911 333 2006 391 ET
2045 333 2361 394 EUTYCII.

3266 333 3404 400 1302

232 444 304 496 Et
336 442 392 495 δέ
427 460 532 496 τινι
574 444 744 513 ἑτέρῳ
777 443 884 495 τῶν
919 443 974 494 ὲν
1008 446 1072 512 τῇ
1112 443 1302 512 Τριάδι
1345 443 1580 511 συνάψαι
1615 442 1738 512 βού-

1915 441 1969 495 Si
2001 451 2182 496 autem
2215 459 2340 495 cum
2375 445 2542 496 altera
2597 458 2825 513 persona
2881 452 3081 497 sanctae
3125 442 3410 497 Trinitatis

149 538 374 598 λονται,
416 535 542 597 τοὺς
584 536 735 605 παρὰ
764 535 856 587 τὸν
889 535 1124 604 Χριστὸν
1156 535 1375 598 λοιποὺς
1403 537 1610 604 ἀγίους,
1640 536 1737 604 τῆς

147 624 224 676 ἑν
249 625 480 694 ἀσεϐείᾳ
504 625 681 678 αὐτῶν
699 626 840 678 έστω
861 625 1109 691 ἐξουσίας
1139 643 1152 656 ·
1179 627 1740 697 κεχρηματίκασιγὰρ

150 716 290 769 θεοί
317 733 376 768 τε
401 717 494 769 καὶ
523 719 626 769 υίοῒ⁸
643 717 780 769 Θεοῦ
811 719 907 770 καὶ
940 718 1227 785 πνεύματα
1253 721 1403 786 ἅγια,
1422 719 1561 771 κατὰ
1576 719 1656 770 τό·
1679 719 1740 770 Ὀ

151 804 554 873 κολλώμενος
575 805 654 870 τῷ
680 809 887 873 Κυρίῳ,
911 807 981 860 ἓν
1005 809 1240 877 πνεῦμά
1272 810 1404 861 ἐστι
1448 847 1463 862 .
1488 809 1610 871 Πῶς
1632 809 1742 861 τοί-

149 911 289 959 νυν,
311 897 488 966 πάσης
509 897 610 966 τῆς
628 896 851 966 λογικῆς
866 898 960 950 καὶ
976 899 1248 968 μακαρίας
1272 900 1520 962 κτίσεως,
1537 901 1634 969 ὅση
1682 915 1740 952 τε

151 985 225 1040 ἰν
275 987 528 1056 ἀγγέλοις
556 988 651 1040 καλ¹
676 990 774 1058 ὅση
804 991 860 1041 ὲν
891 988 1216 1060 ἀνθρώποις,
1239 992 1338 1060 τῆς
1369 991 1617 1057 θεοποιοῦ
1649 993 1741 1045 καὶ

152 1079 420 1131 υἱοποιοῦ
437 1079 529 1132 τοῦ
557 1081 698 1133 Πνεύ
708 1099 874 1150 ματος
891 1083 1111 1152 χάριτος
1132 1083 1536 1152 πληρωθείσης,
1561 1083 1740 1153 μόνοις

155 1169 191 1220 ὁ
216 1169 288 1220 ὲκ
303 1168 585 1236 Παρθένου
613 1168 871 1238 πεφηνὼς
888 1170 1019 1232 Θεός
1042 1187 1100 1222 τε
1123 1169 1323 1240 ἐκλήθη
1338 1176 1432 1224 καὶ
1457 1173 1582 1234 Υἱὸς
1605 1172 1740 1224 Θεοῦ

157 1258 228 1310 ἓν
273 1259 352 1328 τῷ
399 1259 574 1330 λόγῳ,
610 1261 702 1312 καὶ
750 1262 893 1315 κατά
917 1261 1004 1313 τὸν
1035 1259 1225 1327 λόγον,
1256 1263 1641 1331 προσκυνεῖται
1682 1279 1741 1314 τε

159 1350 330 1417 παρὰ
350 1351 530 1419 πάσης
551 1351 777 1421 λογικῆς
801 1352 1016 1419 φύσεως
1040 1367 1054 1415 ;
1089 1352 1235 1406 Ἐδει
1261 1353 1368 1424 γάρ
1394 1355 1522 1416 τοὺς
1551 1353 1743 1417 ἀθέους

160 1439 399 1505 εἰδέναι,
438 1441 519 1494 ὃτι
552 1443 600 1492 εἰ
634 1443 727 1494 καὶ
757 1441 816 1493 τὸ
846 1441 1122 1512 ἐξαίρετον
1155 1443 1256 1511 τῆς
1289 1443 1540 1513 ποικίλης
1567 1445 1743 1498 διανο-

165 1528 291 1598 μῆς
314 1569 328 1594 ,
365 1530 624 1599 πρόσεστι
653 1535 766 1592 τοῖς
799 1532 1123 1602 ύπερτέροις
1169 1533 1320 1601 παρά
1345 1533 1470 1596 τοῦς
1513 1535 1741 1603 ὑφειμέσ-

160 1637 323 1681 νους,
348 1619 484 1674 ἀλλά
499 1620 676 1674 κοινὸν
694 1621 753 1674 τό
779 1622 1022 1690 ὲφάπασι
1051 1623 1152 1692 τῆς
1172 1625 1453 1693 ἐνεργείας
1476 1625 1740 1694 χάρισμα,

161 1708 272 1761 κὰδ.
317 1709 415 1778 τῆς
454 1709 610 1774 ἀξίας
641 1709 905 1780 δώρημα·
948 1713 1046 1764 καὶ
1079 1712 1110 1782 ἢ
1161 1714 1420 1778 κάκείνας
1458 1715 1598 1784 μετά
1643 1716 1740 1768 τοῦ

159 1796 309 1850 Θεοῦ
343 1798 540 1866 Λόγου,
573 1798 604 1867 ἦ
635 1795 694 1850 ού
725 1817 787 1867 γε
823 1799 1100 1869 βούλονται
1141 1801 1258 1864 ἐνὸς
1287 1802 1395 1854 τῶν
1425 1806 1483 1856 ὲν
1511 1806 1576 1873 τῇ
1611 1804 1741 1876 ἁγίᾳ

158 1885 363 1955 Τριάδι
423 1885 832 1956 θεωρουμένων,
879 1889 911 1957 ἢ
968 1890 1064 1940 καὶ
1109 1889 1236 1959 ὅλης
1283 1892 1380 1958 τῆς
1432 1893 1732 1962 σεϐασμίου

159 1975 407 2046 Τριάδος
433 1977 512 2037 εἰς
545 1976 639 2028 δύο
665 1977 953 2029 συνάπτειν
985 1977 1197 2047 φύσεις,
1227 1981 1321 2032 καὶ
1351 1979 1442 2031 δύο
1472 1981 1504 2050 ἢ
1537 1981 1739 2052 τρεῖςῆ

160 2066 456 2134 τέσσαρας
510 2067 839 2130 ὑποστάσεις
895 2067 1146 2138 διαιρεῖν.
1203 2072 1272 2122 Ἦ
1334 2070 1466 2140 μηδὲ
1538 2071 1742 2124 τούτων

167 2155 320 2224 μετά
360 2156 458 2224 τῆς
505 2155 721 2224 φύσεως
770 2156 868 2210 τοῦ
900 2158 1035 2210 Θεοῦ
1075 2159 1251 2226 Λόγου
1302 2161 1614 2224 συνάπτειν,
1650 2161 1742 2213 καὶ

161 2248 256 2306 είς
283 2246 381 2300 ἕνα
407 2246 535 2299 Υίδν
565 2246 598 2316 ἢ
627 2248 952 2311 συντιθέναι,
983 2249 1014 2318 ἦ
1041 2249 1346 2318 ὁμωνύμως
1378 2250 1540 2302 αὑτὸν
1571 2253 1744 2304 ποιεῖν

165 2337 316 2408 πρὸς
358 2339 453 2390 τὸν
503 2340 858 2408 πρωτότυπον
912 2339 1060 2404 Υίὸν,
1115 2341 1211 2392 καὶ
1260 2340 1337 2409 μὴ
1381 2342 1598 2412 φρονεῖν
1646 2343 1744 2410 μὲν

166 2428 336 2506 ἄλλα,
370 2427 705 2495 φθέγγεσθαι
728 2429 784 2481 δὲ
810 2429 996 2499 ἕτερα.
1025 2431 1180 2493 Μιᾶς.
1202 2430 1308 2503 γὰρ
1335 2430 1500 2500 οὔσης
1529 2431 1628 2500 τῆς
1653 2448 1747 2499 φυ-

169 2518 338 2586 σικῆς
387 2519 657 2587 υἱότητος,
705 2517 765 2584 ἐξ
796 2515 863 2591 ἧς
893 2520 1036 2573 κατά
1070 2523 1309 2591 μετοχὴν
1349 2524 1500 2575 πᾶσα
1537 2523 1742 2591 υίότης,

169 2609 395 2679 ἀνάγκη
425 2611 515 2662 τὸν
538 2612 1042 2680 ἀποσχεδιασθέντα
1068 2613 1251 2675 αὐτοῖς
1277 2613 1560 2684 ἄνθρωπον
1591 2614 1622 2684 ἢ
1647 2615 1744 2684 τῆς

170 2705 414 2772 φυσικῆς
441 2703 689 2773 μετέχειν
719 2705 984 2776 υίότητος,
1011 2705 1042 2776 ἢ
1069 2705 1166 2775 τῆς
1191 2705 1255 2756 ἐκ
1281 2705 1500 2776 χάριτος
1525 2705 1746 2776 γινομέ-

167 2809 308 2862 νης·
343 2794 438 2846 καὶ
470 2795 501 2864 ἢ
534 2795 671 2865 πρὸς
691 2794 784 2847 τὸν
813 2795 1092 2864 Μονογενῆ
1124 2795 1417 2848 συνάπτειν
1451 2797 1635 2861 αὑτὸν,
1670 2797 1746 2860 ὡς

169 2885 274 2954 τῆς
315 2884 560 2947 ἐνὼσεως
581 2885 679 2954 τῆς
711 2887 832 2938 κατ’
856 2885 1044 2939 οὐσίαν
1066 2886 1438 2956 ἀντιδιδούσης
1459 2887 1527 2940 τὰ
1552 2891 1618 2957 τῇ
1653 2887 1747 2940 θα-

167 2974 315 3044 τέρᾳ
371 2975 530 3040 φύσει
576 2975 850 3043 προσόντα
899 2978 965 3046 τῇ
1016 2976 1259 3047 θατέρᾳο
1303 2975 1336 3047 ἢ
1385 2977 1629 3030 εὐσεϐεῖν
1671 2979 1744 3050 μὴ

173 3063 542 3132 ἀνεχομένους
569 3104 584 3129 ,
636 3065 933 3134 προφανῶς
967 3065 1131 3119 αὑτὸν
1174 3068 1286 3129 τοῖς
1310 3066 1517 3132 λοιποῖς
1550 3085 1740 3122 συντε-
1768 3083 1810 3142 (ς

166 3153 467 3222 ταγμένως
496 3153 795 3222 ἀφορίζειν.
822 3156 884 3207 Oi
915 3155 972 3207 δὲ
995 3155 1092 3226 τὴν
1116 3155 1212 3225 μὲν
1235 3157 1486 3209 ἀσέϐειαν
1510 3159 1568 3210 ού
1604 3160 1743 3230 παῤ-

171 3245 530 3322 ρησιάζονται
559 3246 742 3314 (φύσει
772 3247 878 3318 γάρ
902 3250 1050 3300 ἐστιν
1076 3248 1522 3319 ἀπαρρησίαστον
1555 3249 1616 3300 τὸ
1643 3267 1742 3302 κα-

175 3336 321 3404 κὸν),
344 3337 443 3410 τὴν
472 3338 529 3391 δὲ
561 3337 820 3408 ἀλήθειαν
847 3341 946 3392 οὐκ
979 3339 1284 3406 ἀγαπῶσιν,
1307 3339 1426 3393 οὐδὲ
1456 3341 1551 3410 τῆς
1574 3340 1742 3394 δολιο-

171 3427 340 3483 λάλου
370 3429 620 3499 γλώσσης
649 3430 716 3485 τά
745 3430 996 3502 ἐπίχειρα
1027 3430 1283 3487 δεδίασιν.

251 3692 393 3746 Ἀλλ’
426 3694 569 3749 οὖτοι
603 3696 698 3765 μὲν
732 3694 837 3760 ἔξω
865 3695 1011 3749 θείου
1043 3695 1204 3766 χοροῦ
1241 3695 1737 3765 ἀπεληλάσθωσαν,

179 3785 321 3852 μετά
349 3783 459 3838 τῶν
488 3784 586 3854 τῆς
635 3786 889 3850 ἀσεϐείας
928 3786 1179 3856 πατέρων
1209 3785 1502 3858 Νεστορίου
1530 3802 1611 3848 τε,
1646 3783 1740 3837 καὶ

173 3873 291 3924 ὅσοι
339 3872 513 3941 τούτῳ
563 3875 914 3942 μυσταγωγοί
952 3891 1012 3926 τε
1058 3876 1152 3926 καὶ
1192 3872 1392 3942 μύσται
1426 3874 1735 3941 γεγόνασιν.

175 3960 292 4028 Τῆς
329 3961 386 4013 δὲ
419 3963 539 4013 κατ’
579 3961 765 4013 οὐσίαν
802 3963 1048 4025 ένώσεως
1089 3961 1488 4032 μεγαλοφώνως
1535 3979 1739 4031 κηρυτ-

173 4052 351 4104 τέσθω
385 4054 417 4123 ὴ
455 4052 714 4122 ἀλήθεια,
775 4053 867 4105 καὶ
906 4055 1035 4124 περὶ
1072 4053 1274 4125 ταύτης
1309 4054 1696 4123 φιλοσοφητέον
1720 4091 1735 4117 ,

175 4144 358 4206 καθὼς
406 4145 541 4215 αὐτῇ
590 4145 755 4198 δοκεῖ.
793 4148 1048 4210 Κίνδυνος
1075 4148 1180 4218 γάρ
1227 4147 1288 4200 οῦ
1335 4146 1526 4217 μικρὸς
1557 4162 1732 4214 παρα-

173 4235 482 4304 τραπέντας
511 4237 702 4307 αὐτῆς,
727 4238 806 4298 είς
829 4238 888 4290 τὸ
911 4238 1152 4292 ἐναντίον
1173 4238 1290 4308 μὲν,
1318 4239 1435 4292 ῐσυν
1460 4237 1515 4290 δὲ
1545 4237 1732 4299 κακὸν,

172 4327 273 4395 τὴν
315 4327 576 4397 σύγχυσίν
617 4345 796 4398 φαμεν
821 4366 836 4390 ,
871 4329 1156 4398 ἐμπεσεῖν.
1191 4330 1308 4382 Ἵνα
1335 4329 1391 4381 δὲ
1421 4331 1552 4398 ἡμῖν
1594 4326 1736 4395 γνὼ-

1840 536 2098 604 copulare
2124 535 2318 588 volunt
2347 535 2585 604 reliquos
2623 544 2838 589 sanctos
2879 543 3242 602 prazterquam
3280 548 3406 587 cum

1839 623 2080 690 Christo,
2113 625 2185 678 sit
2221 626 2324 678 hoc
2363 626 2668 694 potestatis,
2713 640 2874 693 quam
2901 624 3106 676 habent
3137 623 3192 676 in
3218 622 3416 690 impie-

1843 725 1952 770 tate
1976 734 1991 781 ;
2015 717 2192 770 vocati
2214 732 2449 786 namque
2477 725 2604 770 sunt
2628 718 2746 779 Dei,
2777 726 2831 770 et
2869 715 2961 768 lilii
3003 715 3122 777 Dei,
3154 705 3214 768 et
3233 714 3416 782 Spiri-

1841 815 1930 860 tus
1950 807 2162 871 sancti;
2202 807 2660 875 sicutApostolus
2686 806 2783 868 ait,
2851 803 2952 868 Qui
3008 804 3239 857 adha'ret
3278 801 3406 863 Deo,

1841 912 1976 949 unus
2015 899 2233 967 spiritus
2292 903 2366 950 est
2400 897 2440 948 ⁵.
2519 895 2804 961 Quomodo
2851 909 3003 963 ergo,
3061 908 3183 946 cum
3231 891 3410 944 omnis

1841 996 2092 1042 creatura
2119 988 2402 1042 rationalis
2435 987 2692 1052 etbeata,
2727 999 3067 1055 quaacunque
3096 991 3180 1037 est
3223 983 3276 1035 in
3308 998 3409 1035 an-

1839 1077 1978 1146 gelis
2021 1085 2077 1132 et
2113 1077 2452 1142 hominibus,
2482 1079 2640 1147 plena
2694 1078 2765 1131 sit
2797 1076 2970 1146 gratia
3015 1073 3324 1135 deiﬁcante,
3357 1082 3413 1125 et

1842 1167 2134 1236 adoptante
2163 1169 2402 1237 Spiritus
2433 1169 2629 1232 sancti,
2679 1169 2829 1223 solus
2862 1176 3022 1220 natus
3051 1181 3117 1219 ex
3160 1164 3407 1233 Virgine,

1841 1258 2006 1319 Deus.
2043 1266 2099 1312 et
2126 1258 2298 1312 Filius
2323 1257 2561 1312 hominis
2596 1259 2653 1312 in
2705 1259 2982 1326 Scriptura
3027 1266 3254 1309 vocatus
3290 1264 3407 1316 est;

1841 1356 1898 1402 et
1919 1348 2218 1402 secundum
2245 1347 2580 1417 Scripturam
2605 1349 2865 1401 adoratur
2890 1347 2956 1401 ab
2977 1347 3124 1400 omni
3155 1345 3410 1399 rationali

1843 1441 2082 1492 natura?
2109 1438 2403 1508 Oportebat
2431 1455 2668 1508 namque
2700 1440 2898 1508 impios
2921 1439 3083 1500 scire,
3109 1436 3276 1506 quod,
3301 1435 3409 1488 etsi

1843 1529 2118 1598 prmeipua
2146 1545 2270 1598 pars
2303 1529 2468 1584 varia:
2490 1529 2896 1583 distributionis
2940 1529 3084 1581 inest
3129 1527 3184 1578 in
3218 1524 3413 1579 celsio-

1843 1621 1996 1674 ribus
2029 1621 2360 1690 comparatis
2394 1637 2516 1676 cum
2566 1621 2959 1684 inferioribus;
3005 1632 3294 1673 commune
3328 1625 3412 1669 ta-

1844 1728 1971 1767 men
2029 1727 2149 1767 esse
2194 1729 2316 1766 cum
2359 1713 2617 1766 omnibus
2667 1712 2937 1766 charisma
2970 1707 3304 1779 operationis
3357 1714 3414 1760 et

1843 1802 2049 1856 donum
2083 1802 2402 1873 dignitatis;
2433 1811 2489 1856 et
2519 1803 2607 1855 vel
2631 1802 2752 1856 illas
2783 1817 2906 1855 cum
2954 1800 3134 1853 Verbo
3167 1798 3283 1858 Dei,
3325 1796 3412 1850 vel

1842 1910 1968 1949 cum
2015 1910 2123 1948 una
2153 1909 2316 1962 quam
2349 1894 2561 1957 volunt,
2595 1908 2660 1946 ex
2695 1891 2946 1962 personis
2988 1898 3190 1944 sanctm
3233 1886 3413 1940 Trini-

1844 1985 1992 2048 tatis,
2024 1985 2109 2038 vel
2139 2000 2262 2039 cum
2293 1995 2404 2039 tota
2429 1984 2739 2038 veneranda
2776 1983 3045 2037 Trinitate
3078 1981 3413 2050 conjungere

1844 2073 1900 2125 in
1942 2072 2079 2127 duas
2113 2081 2371 2141 naturas;
2405 2083 2460 2127 et
2505 2073 2642 2128 duas
2687 2081 2779 2126 aut
2812 2080 3047 2142 quatuor
3091 2071 3413 2140 bypostases

1844 2161 2109 2215 dividere.
2161 2162 2267 2216 Aut
2317 2165 2362 2217 si
2394 2179 2503 2216 non
2533 2160 2814 2230 cum'his,
2860 2177 2982 2216 cum
3011 2169 3206 2213 natura
3247 2157 3412 2212 Verbi

1845 2251 1943 2304 Dei
1975 2252 2328 2322 conjungere,
2356 2260 2411 2307 et
2442 2252 2526 2306 vel
2556 2251 2609 2304 in
2637 2265 2805 2305 unum
2838 2251 3032 2305 Filium
3057 2261 3410 2316 componere,

1845 2343 1928 2397 vel
1953 2343 2132 2412 ipsum
2170 2329 2338 2397 unum
2373 2343 2549 2397 facere
2589 2343 2917 2412 liomo‘nyme
2957 2340 3150 2394 Filium
3191 2354 3415 2407 compaa

1846 2441 2024 2486 ratum
2057 2449 2180 2487 cum
2206 2432 2346 2487 Filio
2377 2433 2739 2503 primogenito
2768 2451 2781 2485 :
2815 2433 2950 2494 haec,
2985 2431 3227 2500 inquam,
3247 2441 3412 2498 θρονι-

1847 2521 1994 2575 tebat
2042 2521 2236 2591 impios
2285 2523 2418 2577 istos
2458 2523 2618 2587 scire,
2670 2532 2728 2577 et
2776 2536 2884 2576 non
2927 2521 3030 2574 alia
3067 2519 3237 2589 loqui.
3274 2519 3417 2574 Cum

1845 2611 1990 2665 enim
2031 2627 2139 2666 una
2168 2613 2237 2666 sit
2265 2613 2528 2667 naturalis
2559 2611 2826 2668 habitudo
2856 2611 2997 2676 Filii,
3039 2628 3103 2665 ex
3131 2613 3286 2680 cujus
3311 2610 3412 2662 ha-

1845 2699 2112 2754 bitudinis
2147 2702 2566 2772 participatione
2596 2703 2775 2758 omnis
2820 2701 3081 2756 habitudo
3138 2699 3234 2753 ﬁlii
3270 2699 3416 2753 exsi-

1846 2790 1976 2855 stit;
2002 2807 2225 2846 necesse
2272 2804 2355 2847 est
2395 2794 2671 2848 hominem
2701 2811 2861 2864 quem
2904 2794 3008 2864 ipsi
3052 2793 3276 2855 faciunt.
3318 2799 3413 2844 aut

1845 2881 2150 2935 naturalem
2186 2882 2568 2939 habitudinem
2604 2884 2699 2938 lilii
2729 2886 3076 2954 participare,
3103 2892 3218 2943 .aut
3261 2883 3410 2938 illam

1846 2984 1967 3037 quae
2007 2985 2074 3023 ex
2121 2971 2293 3038 gratia
2339 2971 2436 3037 fit;
2493 2980 2548 3026 et
2587 2973 2672 3026 vel
2729 2972 2904 3042 ipsum
2965 2988 3086 3026 cum
3123 2970 3413 3040 Unigenito

1845 3059 2175 3129 conjungere
2207 3068 2464 3129 tanquam
2500 3061 2702 3115 unione
2725 3059 3025 3116 secundum
3050 3058 3408 3114 substantiam

1846 3149 2109 3203 reddente
2139 3158 2331 3203 mutuo
2355 3150 2510 3205 alteri
2549 3159 2782 3218 naturaa,
2834 3168 2953 3220 qua:
2980 3150 3136 3209 alteri
3182 3148 3408 3202 insunt:

1845 3248 1940 3293 aut
1966 3241 2088 3309 pios
2118 3254 2238 3295 esse
2267 3256 2377 3295 non
2408 3242 2699 3310 patientes,
2733 3253 2920 3312 aperte
2962 3243 3140 3311 ipsum
3165 3240 3405 3299 in-eum;

1845 3331 1968 3386 dem
2003 3332 2253 3387 ordinem
2284 3347 2409 3387 cum
2451 3334 2575 3388 aliis
2612 3335 2880 3405 redigere.
2930 3334 2997 3388 At
3034 3334 3090 3386 hi
3132 3334 3184 3385 in
3222 3331 3412 3400 impie-

1845 3433 1957 3478 tate
1979 3425 2202 3494 quidem
2219 3439 2338 3480 non
2361 3425 2594 3483 ﬁdenter
2615 3427 2851 3492 audent;
2893 3435 3086 3480 natura
3122 3423 3268 3479 enim
3299 3437 3404 3476 ma-

1842 3515 1958 3569 lum
1976 3514 2334 3570 ditiidentiam
2367 3525 2518 3571 creat
2542 3536 2554 3570 :
2581 3518 2869 3575 veritatem
2901 3533 3031 3571 vero
3068 3531 3176 3570 non
3205 3521 3407 3577 amant,

1841 3620 2021 3674 neque
2047 3621 2239 3660 rursus
2259 3608 2480 3676 praemia
2509 3607 2709 3676 linguae
2738 3609 2938 3683 dolosae
2968 3617 3238 3663 metuunt.

1911 3697 2115 3751 Verum
2149 3697 2238 3750 isti
2283 3697 2511 3766 quidem
2551 3699 2913 3753 excludantur
2945 3715 3008 3752 ex
3039 3700 3224 3753 divino
3265 3714 3406 3757 cmtu

1840 3803 1965 3844 cum
1995 3787 2316 3856 parentibus
2357 3789 2522 3858 hujus
2552 3790 2847 3858 impietatis
2887 3790 3140 3845 Nestorio
3170 3801 3224 3844 et
3266 3793 3456 3856 aliis...

1841 3878 2154 3948 quicunque
2189 3878 2336 3935 hunc
2373 3877 2702 3942 docuerunt,
2752 3886 2807 3933 et
2848 3895 2988 3948 quos
3037 3883 3153 3950 ipse
3199 3883 3403 3938 docuit.

1839 3968 2074 4024 Unionis
2104 3983 2237 4023 vero
2263 3968 2564 4024 secundum
2593 3969 2954 4024 substantiam
2993 3972 3193 4026 veritas
3214 3989 3406 4043 magna

1839 4074 1972 4120 voce
2022 4059 2388 4129 praedicetur;
2438 4066 2496 4112 et
2543 4057 2610 4112 de
2634 4058 2736 4113 bac
2764 4059 3260 4128 philosophandum
3300 4072 3403 4126 est,

1840 4159 1899 4206 ut
1939 4150 2041 4220 ipsi
2085 4149 2298 4205 veritati
2331 4151 2526 4219 placet.
2571 4149 2690 4204 Non
2719 4149 2863 4204 enim
2908 4149 3027 4205 leve
3079 4151 3404 4221 perieulum,

1840 4241 1885 4294 si
1908 4240 2033 4310 quis
2070 4240 2138 4294 ab
2170 4240 2273 4294 hac
2302 4238 2565 4306 deﬂexus,
2601 4247 2657 4294 et
2682 4240 2930 4294 detortus
2971 4241 3026 4294 in
3071 4243 3404 4297 contrarium

1838 4329 2083 4399 quidem,
2140 4328 2349 4397 aequale
2398 4343 2530 4383 vero
2574 4329 2799 4392 malum,
2850 4329 3226 4385 confusionem
3258 4332 3405 4400 dico,

176 4436 336 4489 ριμος
363 4422 395 4490 ἠ
423 4419 654 4489 διαφορά
677 4421 922 4489 γένηται,
951 4420 1196 4489 τῆςστῶν
1220 4421 1340 4474 κατ’
1372 4420 1559 4474 οὐσίαν
1593 4422 1736 4490 ἠνω-

1841 4420 2065 4474 incidat.
2108 4419 2178 4475 Ut
2202 4430 2382 4475 autem
2411 4428 2536 4474 nota
2573 4420 2646 4474 sit
2691 4421 3000 4477 diﬂ‘erentia
3053 4423 3273 4480 unionis
3318 4441 3406 4481 e0-

175 4511 372 4578 μένων,
409 4511 502 4562 καὶ
535 4510 609 4579 μὴ
638 4510 989 4580 τρεπομένων
1022 4511 1153 4581 πρὸς
1178 4511 1246 4564 τά
1275 4512 1338 4563 ἐκ
1361 4511 1462 4581 τῆς
1494 4510 1740 4575 ὲνὼσεως

173 4603 466 4670 τρέπεσθαι
501 4603 800 4670 πεφυκότα,
832 4604 927 4656 καὶ
964 4603 1015 4656 τί
1051 4604 1150 4672 μὲν
1196 4602 1258 4656 τὸ
1309 4607 1407 4674 τῆς
1468 4603 1740 4676 προτέρας

174 4686 329 4755 εἶδος,
359 4691 412 4743 τί
442 4690 498 4742 δὲ
527 4691 588 4743 τὸ
631 4691 730 4760 τῆς
779 4691 1036 4762 δευτέρας
1078 4693 1446 4764 ἀποτέλεσμα,
1500 4695 1600 4764 ήδη
1656 4711 1740 4763 γι-

173 4779 344 4832 νέσθω
397 4782 430 4850 ἡ
484 4780 764 4851 διαίρεσις.
829 4783 1009 4836 Πάντα
1055 4782 1123 4835 τὰ
1174 4782 1302 4837 ὄντα
1342 4785 1609 4854 συνῆπται
1640 4784 1736 4837 ἀλ-

164 4871 372 4940 λήλοις,
400 4873 519 4934 ταῖς
542 4872 662 4925 καθ’
696 4873 817 4927 ὅλου
843 4875 1143 4945 κοινότησι,
1179 4875 1273 4928 καὶ
1297 4875 1456 4930 πάλιν
1484 4876 1732 4946 διῄρηται

173 4961 266 5013 ἀπ’
323 4961 566 5031 ἀλλήλων
614 4965 732 5024 ταῖς
783 4964 1070 5026 είδοποιοῖς
1125 4964 1430 5034 διαφοραῖς,
1474 4967 1566 5019 καὶ
1613 4966 1733 5019 οὐδὲ

171 5054 290 5114 ταῖς
321 5051 544 5105 ένώσεσι
585 5053 646 5105 τὸ
687 5055 964 5124 ἡνωμένον
997 5053 1355 5124 χωρίζουσιν,
1393 5054 1509 5107 ἀλλ’
1546 5057 1594 5108 εί
1627 5055 1732 5126 χρὴ

175 5141 488 5209 παραδόξως
518 5145 692 5196 εἰπεῖν
723 5145 818 5197 καὶ
860 5143 1001 5198 κατά
1025 5145 1149 5208 τοὺς
1192 5145 1460 5215 Πατέρας,
1495 5147 1732 5216 ῆνωνται

169 5231 548 5302 διηρημένως,
607 5233 702 5287 καὶ
753 5235 1122 5306 διακέκρινται
1172 5236 1548 5308 συνημμένως.
1604 5237 1724 5289 Τῶν

170 5322 223 5376 δὲ
266 5323 510 5376 ένὼσεων
548 5325 642 5376 καὶ
679 5323 786 5375 τῶν
823 5324 1148 5395 διακρίσεων
1184 5325 1357 5389 διττὸς
1395 5326 1614 5392 όλόγος.
1643 5325 1726 5378 Τά

171 5415 266 5483 μὲν
302 5416 410 5485 γὰρ
446 5415 649 5483 ἥνωται
684 5417 796 5478 τοῖς
835 5415 1018 5482 εἴδεσι,
1057 5416 1310 5486 διῄρηται
1343 5415 1400 5468 δὲ
1440 5417 1557 5478 ταῖς
1597 5416 1728 5468 ύπο-

173 5505 414 5558 στάσεσι.
497 5505 580 5557 Τά
623 5505 678 5557 δὲ
727 5505 976 5578 διῄρηται
1014 5509 1127 5571 τοῖς
1169 5507 1386 5573 εἴδεσιν,
1431 5507 1631 5576 ἥνωται
1668 5505 1724 5558 δὲ

235 5680 296 5734 ⁸1
327 5678 454 5734 Cor.
486 5695 558 5743 v1,
596 5682 680 5734 l7.

1837 4522 1958 4562 rum
1979 4522 2100 4576 quae
2128 4507 2429 4562 secundum
2462 4509 2820 4563 substantiam
2865 4511 3150 4578 uniuntur,
3200 4524 3256 4569 et
3292 4531 3402 4570 non

1834 4609 2117 4655 mutantur
2144 4601 2198 4654 in
2235 4617 2320 4665 ea,
2357 4617 2476 4670 qua:
2513 4618 2579 4656 ex
2613 4602 2834 4665 unione,
2863 4611 3056 4658 natura
3081 4614 3398 4665 mutantur:

1833 4699 1888 4745 et
1919 4707 2039 4760 qum
2082 4690 2292 4761 species
2317 4692 2387 4744 sit
2413 4692 2612 4760 prioris
2649 4693 2886 4760 unionis,
2927 4703 2980 4748 et
3023 4696 3148 4764 quis
3174 4697 3404 4757 c-ﬂ‘ectus

1833 4781 2108 4844 secundae,
2138 4781 2230 4835 ﬁat
2259 4783 2368 4852 jam
2398 4783 2615 4837 divisio.
2633 4784 2824 4838 Omnia
2852 4801 2972 4854 qua:
3007 4795 3135 4841 sunt
3169 4790 3401 4859 conjun-

1831 4883 2037 4942 guntur
2061 4873 2205 4928 inter
2248 4889 2305 4928 se
2340 4877 2825 4931 communitatibus
2866 4879 3300 4947 universalibus;
3345 4890 3402 4939 et

1832 4981 2025 5021 rursus
2051 4966 2227 5020 divisa
2271 4976 2398 5020 sunt
2446 4967 2590 5022 inter
2621 4983 2678 5021 se
2725 4968 3054 5025 diﬂ‘erentiis
3108 4973 3397 5041 speciﬂcis,

1831 5064 1886 5110 ct
1909 5071 2014 5110 nec
2041 5055 2341 5110 unionibus
2367 5056 2712 5112 confundunt
2739 5059 2994 5125 divisum,
3039 5077 3217 5130 neque
3254 5062 3396 5117 divi-

1831 5146 2078 5200 sionibus
2105 5155 2362 5215 separant
2393 5147 2626 5201 unitum.
2679 5148 2821 5214 Quin
2851 5151 3035 5219 potius
3086 5151 3131 5204 si
3183 5162 3398 5220 Oportet
3448 5213 3457 5226 ,

1829 5235 1977 5305 loqui
2016 5245 2214 5305 prater
2253 5237 2566 5305 opinionem
2595 5239 2740 5307 vulgi
2769 5248 2824 5293 et
2850 5242 3148 5294 secundum
3185 5242 3394 5310 Patres,

1831 5327 1985 5380 unita
2014 5334 2143 5380 sunt
2169 5325 2380 5390 divise;
2413 5335 2468 5379 et
2488 5327 2662 5382 divisa
2693 5328 2863 5382 unite.
2893 5331 3166 5384 Unionum
3190 5340 3393 5394 autem.

1829 5426 1886 5472 et
1939 5417 2269 5472 divisionum
2317 5417 2516 5486 duplex
2562 5425 2644 5472 est
2689 5419 2844 5472 ratio.
2891 5421 3007 5475 Alia
3052 5421 3196 5475 enim
3246 5423 3394 5476 unita

1833 5505 2054 5576 quidem
2083 5513 2211 5560 sunt
2243 5506 2568 5575 speciebus;
2611 5508 2781 5562 divisa
2829 5524 2960 5563 vero
2993 5511 3390 5582 hypostasibus.
