3912 6298
409 924 424 968 ἓ
510 922 749 991 pertinet
795 925 1012 979 illorum
1069 942 1169 996 per
1229 936 1412 996 partes
1461 927 1754 999 explicatio
1794 946 1809 981 :

504 272 642 355 1303
1766 279 2078 340 LEONTII
2110 281 2512 342 BYZANTINI
3686 269 3823 335 1304

501 380 622 436 Alia
643 379 821 436 divisa
844 387 972 436 sunt
996 380 1306 451 speciebus,
1327 376 1477 436 unita
1501 396 1631 436 vero
1646 381 2063 453 h-ypostasibus:

2183 389 2290 449 ταῖς
2312 386 2645 441 ὑποστάσεσι
2669 402 2681 415 ’
2713 386 2804 440 καὶ
2824 386 2933 439 τῶν
2949 382 3244 455 ἡνωμένων
3276 378 3385 449 μὲν
3427 379 3583 440 τοῖς
3629 380 3816 435 εῐδεσι.

501 477 560 524 et
596 485 786 525 eorum
817 485 941 539 quae
966 471 1117 526 unita
1150 479 1278 526 sunt
1307 471 1618 540 speciebus,
1672 471 1847 526 divisa
1891 481 2073 527 autem

2183 478 2520 547 διῃρημένων
2573 477 2631 529 δὲ
2698 481 2822 540 ταῖς
2880 474 3247 533 ὑποστάσεσι,
3294 471 3370 524 τά
3436 471 3568 540 μὲν
3641 471 3817 539 ἁπλῆν

504 557 908 631 hypostasibus,
953 563 1152 630 partim
1202 562 1507 631 simplicem
1542 564 1801 617 unionem
1836 573 1892 618 et
1932 565 2074 619 divi-

2183 567 2294 637 ἔχει
2322 569 2421 637 τὴν
2471 568 2667 620 ἕνωσίν
2702 585 2763 620 τε
2815 567 2909 621 καὶ
2943 566 3042 635 τὴν
3079 563 3385 633 διάκρισιν,
3434 563 3527 613 τὰ
3573 560 3647 614 δὲ
3699 562 3855 627 αὕτη

507 649 718 704 sionem
760 651 1006 718 habent;
1058 654 1255 722 partim
1298 655 1675 724 compositam.
1710 656 1787 710 De
1817 655 1885 710 iis
1912 656 2079 725 igitur

2183 656 2355 711 θετον.
2380 657 2517 727 Περὶ
2544 657 2641 727 μὲν
2664 652 2758 710 οὖν
2795 657 2903 709 τῶν
2946 653 3125 722 ἁπλῆν
3159 654 3406 723 ἑχόντων
3453 650 3584 721 ’τὴν
3635 649 3812 717 διττὴν

508 754 630 809 qua:
652 740 956 810 simplicem
999 738 1203 797 habent
1232 744 1635 810 habitudinem,
1684 762 1794 801 non
1823 757 1907 802 est
1931 763 2080 802 nunc

2186 748 2391 818 σχέσιν,
2429 748 2500 800 τὰ
2528 745 2623 800 νῦν
2671 747 2851 814 λέγειν
2876 744 3120 813 ἀφείσθω
3145 760 3159 773 ·
3186 744 3248 795 οὑ
3283 741 3404 811 γὰρ
3435 743 3567 810 τῆς
3600 743 3808 808 παρσέ-

510 830 828 898 (Ῐίοθιὶἀιιωι
870 849 981 889 non
1033 836 1182 889 enim
1227 836 1295 890 ad
1351 836 1707 907 quaestionem
1757 847 2080 908 praesentem

409 908 451 968 5’”
510 922 749 983 pertinet
795 925 1012 979 illorum
1069 942 1169 983 uer
1229 936 1412 983 partes
1461 927 1809 983 exnlicatio:
1877 944 1943 983 ac
1979 928 2082 983 .in-

507 1013 671 1068 terim
713 1016 1011 1072 multorum
1043 1018 1434 1088 cognitionem,
1489 1027 1545 1074 et
1572 1018 1916 1089 disciplinam
1950 1019 2082 1073 sub—

2184 855 2283 909 σης
2311 836 2619 905 σκέψεωςὴ
2646 836 2870 890 ἐκείνων
2895 837 2976 898 είς
3012 835 3079 888 τὰ
3125 833 3271 887 κατά
3319 832 3515 902 μέρος
3552 831 3807 895 ἑξάπλεθ-

2182 945 2289 991 σις,
2332 926 2426 980 καὶ
2469 925 2645 989 άλλως
2696 926 2796 997 τὴν
2848 925 2958 978 τῶν
3000 922 3211 975 πολλῶν
3251 921 3622 989 διαφεύγειν
3679 922 3808 988 γνῶ-

2178 1017 2262 1070 σίν
2318 1033 2379 1070 τε
2433 1016 2529 1070 καὶ
2590 1013 2846 1087 μάθησιν.
2899 1014 3112 1084 Περὶδὲ
3146 1013 3257 1066 τῶν
3303 1012 3465 1065 κατά
3518 1011 3799 1069 σύνθεσιν,

506 1104 800 1174 terfugere.
832 1105 938 1161 Sed
975 1108 1042 1162 de
1068 1109 1486 1166 habitudinibus
1518 1110 1821 1165 secundum
1849 1124 2078 1179 compo-

502 1192 782 1260 sitionem,
810 1196 865 1249 id
889 1206 992 1261 est,
1016 1198 1436 1264 connexionem,
1464 1200 1551 1254 vel
1577 1201 1796 1269 κρᾶσιν,
1814 1199 1899 1253 vel
1922 1198 2080 1253 unio-

502 1297 650 1347 nem,
674 1285 759 1339 vel
787 1288 1282 1361 quomodocunque
1308 1304 1507 1345 vocare
1533 1288 2081 1344 libetsubstantiales

502 1372 857 1432 habitudines
875 1393 1069 1434 eorum
1091 1396 1214 1449 qua:
1233 1380 1466 1435 diversae
1486 1380 1692 1451 speciei
1712 1387 1861 1445 sunt,
1885 1379 2079 1434 dicen-

504 1460 637 1516 dum
698 1465 860 1521 nobis
905 1477 1027 1533 est,
1075 1469 1294 1539 rejectis
1338 1468 1409 1524 ad
1450 1484 1546 1524 eos
1586 1469 1681 1539 qui
1723 1469 1792 1524 de
1836 1468 2081 1524 nomini-

500 1552 607 1606 bus
669 1561 925 1621 certant,
967 1557 1460 1627 signiﬁcationibus
1522 1561 1696 1629 magis
1754 1557 2079 1623 manifestis,

2176 1106 2345 1176 ήγουν
2412 1101 2750 1174 συμπλοκήν,
2797 1101 2831 1172 ἢ
2874 1103 3093 1169 κρᾶσιν,
3142 1101 3177 1170 ἢ
3237 1100 3449 1153 ἕνωσιν
3481 1141 3502 1163 ,
3561 1100 3604 1171 ἢ
3665 1102 3801 1161 ὅπως

2176 1193 2308 1247 ποτὲ
2362 1192 2514 1262 φίλον
2568 1190 2776 1257 καλεῖν,
2830 1191 2925 1254 τὰς
2969 1187 3249 1253 οὑσιώδεις
3287 1189 3407 1241 τῶν
3454 1189 3795 1259 ἑτεροειδῶν

2178 1282 2393 1353 σχέσεις
2440 1281 2659 1334 λεκτέον
2704 1281 2835 1351 ήμῖν
2860 1318 2878 1344 ,
2931 1280 3048 1342 τοῖς
3094 1279 3573 1349 όνοματομάχοις
3635 1294 3792 1330 κατα-

2176 1371 2393 1425 λιποῦσι
2420 1371 2540 1436 τὰς,
2583 1369 2660 1433 ὼς
2704 1371 2857 1422 αὑτοὶ
2897 1369 3234 1438 νομίζουσιν,
3261 1370 3792 1442 ὲμφαντικωτέρας

2176 1460 2212 1532 ἢ
2236 1459 2578 1531 κυριωτέρας
2614 1456 2723 1510 τῶν
2755 1456 3064 1528 σημασιῶν.
3122 1458 3198 1510 Οὑ
3242 1457 3358 1527 γάρ
3408 1457 3675 1526 ἐκλογῆς
3714 1457 3791 1508 λέο

2179 1550 2315 1619 ξεων
2338 1550 2470 1620 ἡμῖν
2500 1548 2665 1619 σχολὴ
2696 1548 2789 1601 ἐπὶ
2819 1546 2880 1600 τὸ
2906 1550 3047 1600 νοεῖν
3075 1546 3497 1616 ἐπειγομένοις.

501 1652 597 1698 aut
620 1646 793 1717 magis
829 1650 1087 1720 propriis,
1118 1661 1180 1707 ut
1207 1652 1310 1721 ipsi
1338 1659 1551 1722 putant.
1581 1651 1703 1706 Non
1730 1655 1876 1724 enim
1916 1651 2078 1705 nobis
2106 1654 2267 1743 vacat
2294 1642 2363 1698 ad
2391 1640 2702 1712 eligendum
2732 1655 2918 1706 voces,
2949 1640 3044 1709 qui
3071 1637 3139 1694 ad
3173 1638 3627 1709 intelligendum
3657 1653 3787 1708 pro-

500 1750 783 1805 peramus.

570 1830 776 1885 Eorum
810 1830 978 1901 igitur
1011 1846 1133 1902 quae
1159 1831 1597 1888 substantialiter
1622 1840 1770 1897 sunt,
1797 1839 1854 1886 et
1882 1844 2081 1885 secun-

2253 1827 2377 1882 Τῶν
2403 1826 2585 1881 τοίνυν
2605 1824 2883 1889 οὑσιωδῶς
2910 1824 3269 1895 ὑπαρχόντων
3305 1823 3411 1875 καὶ
3446 1823 3583 1875 κατ’
3604 1823 3785 1876 οὑσὲπ

501 1920 635 1975 dum
658 1921 1021 1976 substantiam
1048 1922 1341 1989 uniuntur,
1371 1922 1573 1992 partim
1596 1923 1765 1977 etiam
1789 1921 1845 1975 in
1870 1919 2075 1975 unione
2106 1930 2107 1933 ‘

503 2019 727 2067 servant
762 2013 1038 2082 propriam
1078 2015 1349 2069 rationem
1371 2014 1659 2081 essentia;
1701 2014 1900 2084 partim
1940 2029 2077 2069 cou-

2176 1917 2504 1988 ένουμένων,
2550 1919 2621 1970 τὰ
2657 1917 2758 1986 μὲν
2793 1917 2895 1968 κάν
2937 1918 3006 1985 τῇ
3035 1912 3226 1966 ἑνώσει
3261 1911 3444 1974 σώζει
3500 1911 3605 1964 τὸν
3663 1912 3781 1964 tam

2176 2010 2275 2078 τῆς
2304 2008 2593 2078 ὑπάρξεως
2618 2006 2801 2075 λόγον,
2821 2005 2895 2058 τὰ
2919 2005 2977 2058 δὲ
3008 2007 3297 2074 συγχεῖται
3325 2004 3436 2056 καὶ
3461 2005 3780 2071 ἐξαφανξζει

503 2099 836 2166 fundunt,et
855 2101 1063 2155 laedunt
1084 2117 1148 2156 ac
1172 2103 1390 2164 tollunt,
1420 2102 1568 2172 quod
1600 2119 1876 2159 summum
1913 2112 1999 2185 est
2018 2103 2077 2157 in

2183 2100 2271 2171 τὴν
2291 2100 2570 2171 ἀκρότητα
2592 2097 2704 2151 τῶν
2732 2095 3028 2166 ήνωμένων
3053 2094 3470 2166 λυμαινόμενα.
3522 2094 3650 2146 Τῶν
3696 2089 3781 2145 οἷν

503 2189 692 2243 unitis.
726 2189 976 2244 Priorum
1034 2190 1200 2261 igitur
1249 2189 1534 2258 habitudo,
1585 2208 1708 2263 quae
1753 2193 1896 2248 inter
1948 2193 2068 2262 ipsa

502 2286 559 2332 et
587 2278 643 2333 in
672 2279 805 2348 ipsis
842 2281 1111 2346 cernitur,
1136 2296 1309 2335 unum
1338 2280 1559 2350 quidem
1582 2298 1652 2337 ex
1674 2283 1921 2352 utrisque
1950 2296 2078 2352 per-

505 2369 641 2435 ﬁcit,
663 2378 738 2436 et,
776 2380 835 2425 ut
864 2373 939 2426 ita
979 2372 1180 2438 dicam,
1234 2372 1575 2427 demonstrat
1618 2388 1791 2425 unum
1843 2388 2077 2428 numero

501 2475 645 2525 esse,
694 2469 751 2515 et
806 2476 871 2515 ea
917 2461 1290 2517 differentiam
1347 2463 1602 2518 essentia
1644 2462 1701 2517 in
1739 2464 1856 2533 ipsa
1885 2464 2076 2519 eadem

504 2547 715 2602 unitate
744 2563 963 2603 servare
989 2566 1003 2603 :
1042 2557 1209 2620 atque
1236 2550 1405 2620 hujus
1434 2550 1516 2605 rei
1544 2550 1856 2620 exemplum
1888 2551 1981 2618 sit,
2018 2552 2077 2607 in

504 2639 834 2694 animalibus
872 2640 1094 2708 quidem
1138 2640 1303 2694 homo
1350 2648 1561 2696 naturae
1593 2649 1829 2707 nostrae;
1862 2641 1918 2696 in
1947 2642 2081 2699 sim-

504 2727 746 2798 plicibus
777 2736 984 2791 autem,
1026 2737 1121 2783 aut
1144 2730 1469 2800 corporibus
1512 2722 1857 2787 naturalibus
1886 2734 2080 2788 corum

506 2831 631 2886 quae
654 2816 991 2887 hypostasim
1039 2819 1265 2886 habent,
1326 2827 1384 2876 et
1411 2836 1510 2891 per
1560 2837 1619 2877 se
1666 2836 1787 2878 esse
1827 2831 2079 2893 possunt,

506 2905 633 2962 talis
693 2906 958 2963 habitudo
1020 2909 1167 2965 inter
1217 2910 1354 2981 ipsa.
1411 2911 1502 2977 Ut,
1559 2913 1716 2969 verbi
1755 2913 1972 2983 gratia,
2023 2914 2081 2968 in

503 2993 758 3064 lampade
791 2994 923 3051 licet
970 3012 1233 3064 cernere;
1268 2997 1418 3054 aliud
1470 2999 1618 3054 enim
1679 3006 1764 3056 est
1814 2999 2081 3066 lucerna,

507 3082 659 3139 aliud
711 3101 907 3142 rursus
954 3088 1260 3145 substantia
1300 3089 1443 3160 ignis
1494 3089 1795 3145 ﬂammea:
1834 3090 1977 3145 inter
2022 3105 2081 3147 se

2176 2192 2456 2263 προτέρων
2479 2193 2512 2260 ή
2531 2190 2649 2258 μετ’
2667 2190 2909 2261 ἀλλήλων
2937 2189 3033 2242 καὶ
3052 2189 3109 2241 ὲν
3131 2187 3398 2257 ἀλλήλοις
3428 2185 3777 2257 θεωρουμένη

2178 2282 2383 2352 σχέσις,
2419 2281 2477 2334 ἓν
2510 2281 2610 2351 μέν
2639 2298 2691 2334 τι
2722 2278 2782 2344 ὶξ
2813 2279 3141 2349 ἀμφοτέρων
3203 2276 3505 2346 ἀποτελεῖ,
3560 2277 3658 2327 καὶ
3712 2275 3778 2335 ὡς

2177 2373 2241 2426 ἄν
2296 2390 2380 2436 τις
2433 2374 2610 2438 εἴποι,
2670 2373 2730 2425 ἐν
2787 2370 2926 2425 εἶναι
2980 2368 3059 2439 τῷ
3109 2367 3335 2439 ἀριθμῷ
3388 2366 3773 2425 ἀποδείκνυσι,

2175 2463 2245 2516 ἰδ’
2265 2462 2519 2533 διάφορον
2557 2461 2802 2527 σώζοντα
2854 2461 2959 2530 τῆς
2996 2456 3291 2525 ὑπάρξεως
3341 2457 3409 2507 ὲν
3455 2456 3547 2525 τῷ
3600 2451 3775 2521 ταυτῷ
3814 2440 3833 2467 “

2178 2554 2277 2623 τῆς
2306 2548 2592 2624 ένότητος·
2626 2553 2724 2607 καὶ
2754 2552 2949 2606 τούτου
2972 2548 3358 2619 παράδειγμα,
3388 2548 3459 2599 ὲν
3492 2546 3595 2616 μὲν
3629 2544 3773 2608 ζώοις

2177 2645 2208 2697 ὁ
2237 2646 2359 2699 καθ’
2394 2647 2543 2716 ἡμᾶς
2576 2644 2881 2717 ἄνθρωπος,
2912 2645 2970 2695 ὲν
2989 2642 3047 2694 δὲ
3069 2642 3184 2702 τοῖς
3209 2637 3414 2700 ἁπλοῖς
3460 2639 3500 2706 ἢ
3535 2635 3772 2704 φυσικοῖς

2182 2737 2432 2808 σώμασιν
2466 2738 2500 2808 ή
2538 2737 2647 2789 τῶν
2678 2733 3105 2789 αὑθυποστάτων
3134 2730 3230 2783 καὶ
3253 2728 3384 2782 καθ’
3426 2728 3613 2782 ἑαυτά
3646 2722 3773 2779 εἶναι

2179 2827 2492 2898 δυναμένων
2525 2824 2662 2897 πρὸς
2695 2822 2903 2893 ἄλληλα
2948 2819 3082 2874 ποιὰ
3122 2818 3331 2889 σχέσις.
3391 2810 3541 2869 Οἷον
3576 2815 3651 2879 ώς
3691 2813 3772 2866 ἐπὶ

2181 2917 2462 2988 λαμπάδος
2487 2915 2604 2969 ἐστι
2639 2914 2938 2984 θεωρῆσαι·
2970 2910 3100 2965 ἀλλο
3132 2910 3231 2981 μὲν
3257 2908 3375 2979 γάρ
3425 2908 3491 2960 τί
3544 2909 3692 2960 ἔστιν
3741 2906 3771 2974 ἡ

2173 3007 2445 3081 θρυαλλὶς,
2464 3010 2652 3081 ἕτερον
2676 3008 2735 3062 δὲ
2783 3008 2948 3061 πάλιν
2997 3008 3032 3076 ή
3081 3002 3370 3074 φλογώδης
3434 3000 3548 3055 τοῦ
3614 3001 3772 3071 πυρὸς

2182 3100 2342 3155 οὐσία
2367 3116 2383 3133 ·
2439 3102 2538 3154 σὺν
2583 3099 2836 3170 ἀλλήλοις
2859 3099 2918 3151 δὲ
2946 3097 3043 3150 καὶ
3079 3097 3139 3149 ὲν
3158 3094 3425 3165 ἀλλήλοις
3454 3093 3619 3158 ὅντα,
3654 3093 3771 3162 μίαν

507 3184 716 3246 autem,
756 3185 813 3231 et
858 3177 915 3230 in
980 3177 1180 3248 seipsis
1246 3179 1400 3257 unita
1459 3195 1623 3234 unam
1670 3179 1879 3235 faciunt
1918 3179 2079 3235 ambo

2183 3192 2485 3263 πεποίηκεν
2511 3168 2800 3263 ἀμφότερα
2827 3189 3109 3259 λαμπάδα.
3142 3186 3255 3239 Καὶ
3291 3185 3374 3249 ώς
3429 3186 3511 3239 ἄν
3564 3203 3647 3246 τις
3688 3184 3769 3235 ὲκ-

507 3269 837 3339 lampadem.
880 3269 952 3325 Ut
987 3269 1034 3323 si
1063 3270 1187 3339 quis
1215 3252 1384 3335 dicat,
1430 3269 1534 3323 etsi
1566 3268 1768 3323 durum
1803 3268 2079 3337 videatur,

507 3359 652 3430 ignis
683 3368 767 3414 est
790 3359 1116 3429 ligneus;et
1136 3357 1344 3428 lignum
1376 3357 1598 3429 igneum
1629 3376 1643 3412 :
1692 3370 1749 3415 et
1800 3359 1906 3415 hoc
1952 3360 2081 3431 qui~

510 3448 635 3502 dem
658 3448 1008 3517 participavit
1030 3446 1376 3516 splendorem
1404 3447 1546 3518 ignis
1572 3466 1588 3516 ;
1615 3448 1708 3503 ille
1744 3465 1898 3515 vero,
1918 3449 1974 3505 id
1997 3458 2082 3506 est

509 3538 673 3608 ignis,
704 3547 979 3592 terrenam
1024 3539 1444 3594 crassitudinem
1505 3554 1574 3593 ex
1627 3538 1780 3606 face;
1833 3550 1889 3596 et
1939 3542 2079 3596 alte-

508 3642 634 3681 rum
679 3627 837 3682 alteri
872 3628 1112 3683 reddidit
1146 3629 1388 3686 vicissim
1441 3629 1724 3706 idiomata,
1758 3646 1882 3686 cum
1918 3632 2081 3688 ambo

510 3719 716 3790 alioqui
757 3720 815 3774 in
866 3721 1200 3791 proprietate
1252 3736 1352 3776 sua
1396 3719 1538 3787 ﬁxa,
1587 3729 1644 3777 et
1688 3737 1798 3777 non
1854 3721 2083 3779 confusa

420 3822 427 3831 ’
484 3820 489 3825 ’
510 3818 792 3866 maneant.

580 3902 753 3958 Nemo
780 3917 915 3957 vero
948 3901 1090 3956 male
1132 3901 1363 3957 feriatus
1401 3910 1458 3957 et
1490 3903 1604 3957 otio
1636 3904 1869 3960 abutens
1899 3919 2082 3960 exem-

509 3993 665 4064 plum
715 4002 941 4063 carpat,
995 3992 1043 4047 si
1087 3992 1221 4062 quid
1265 3991 1530 4048 dissimile
1569 3994 1757 4061 habet,
1800 3994 2082 4065 proferens

510 4085 717 4150 oleum,
757 4083 905 4154 quod
939 4082 993 4138 in
1021 4083 1125 4138 hac
1152 4083 1356 4139 unione
1385 4084 1628 4139 medium
1649 4094 1753 4149 est,
1784 4094 1881 4140 aut
1907 4085 2083 4156 quali-

510 4163 681 4231 tatem
716 4175 823 4230 olei
849 4176 1170 4247 subjectam,
1220 4186 1317 4232 aut
1338 4192 1448 4231 non
1482 4175 1683 4232 durare
1715 4177 1831 4244 diu,
1882 4179 1981 4233 sed
2025 4178 2082 4235 in

511 4266 754 4321 cinerem
780 4264 956 4335 redigi
982 4282 997 4330 ;
1046 4280 1259 4319 memor
1292 4280 1484 4319 eorum
1515 4280 1637 4335 quae
1656 4274 1817 4327 antea
1845 4264 2084 4323 diximus

513 4353 583 4408 de
611 4354 886 4423 exemplo,
910 4362 967 4407 et
986 4353 1055 4407 de
1077 4354 1197 4423 ejus
1216 4353 1534 4410 deﬁnitione
1559 4372 1574 4422 ;
1612 4355 1806 4411 eadem
1848 4356 2082 4426 reperiri

510 4451 694 4513 potest
724 4444 856 4497 unio
885 4443 1023 4513 ignis
1066 4458 1190 4497 cum
1239 4459 1405 4512 aere;
1453 4456 1510 4501 et
1541 4448 1683 4502 aeris
1739 4463 1865 4502 cum
1896 4428 2078 4518 aqua:

513 4532 702 4586 mistio
724 4531 871 4586 enim
901 4546 1055 4600 aquae
1082 4547 1209 4586 cum
1237 4542 1382 4589 terra
1422 4536 1662 4606 speciem
1704 4537 1923 4607 attingit
1950 4553 2082 4593 con-

515 4621 839 4676 fundentem
882 4621 1183 4689 unionem;
1248 4635 1627 4695 prmparatque
1682 4626 1966 4694 humidis,
2023 4635 2082 4683 et

515 4710 803 4776 tenuibus,
832 4711 1122 4782 praecipuis
1150 4728 1281 4768 vero
1313 4714 1617 4769 secundum
1645 4715 2084 4771 immutationem

514 4802 871 4874 qualitatum,
939 4813 994 4859 et
1046 4804 1407 4860 variationem
1446 4819 1515 4858 ex
1561 4812 1751 4858 mutua
1794 4804 2086 4862 aﬂectione

517 4893 979 4964 proﬁciscentem.
1032 4896 1305 4949 Praetereo
1350 4894 1497 4949 enim
1568 4892 1752 4950 dicere
1797 4896 2086 4965 qualitates

520 4998 660 5050 quae,
695 4987 962 5055 separatis
1010 4984 1351 5050 substantiis,
1384 4999 1763 5055 satpenumero
1826 4985 1973 5041 inter
2025 5000 2085 5042 se

516 5083 649 5130 sunt
696 5077 867 5131 unita:
909 5077 1029 5131 sine
1071 5073 1366 5138 mistione;
1398 5074 1540 5130 sicut
1568 5074 1850 5129 stellarum
1891 5075 2084 5131 lucen-

516 5169 653 5223 tium
688 5169 1008 5238 splendores
1050 5169 1194 5223 inter
1223 5183 1281 5223 se
1321 5176 1528 5223 etcum
1557 5184 1683 5223 aere
1727 5169 1913 5234 unite,
1967 5185 2085 5225 ser-

513 5266 647 5314 vant
678 5259 1068 5329 proprietatem
1091 5260 1281 5328 quanti
1311 5262 1366 5315 in
1393 5259 1577 5328 quali:
1610 5258 1951 5315 demonstrat
1974 5260 2082 5316 hoc

514 5366 627 5416 ars,
676 5367 798 5422 quae
838 5359 1047 5407 naturae
1086 5361 1171 5407 est
1209 5353 1493 5408 imitatrix.
1545 5352 1602 5407 Si
1638 5351 1763 5423 quis
1806 5353 1993 5423 igitur,
2020 5359 2082 5406 ut

519 5458 747 5515 magnus
774 5443 1067 5515 Dionysius
1089 5443 1187 5509 ait,
1215 5444 1413 5499 multas
1439 5442 1586 5498 faces
1605 5457 1863 5499 accensas
1888 5444 1945 5498 in
1973 5458 2082 5497 una

521 5534 684 5591 domo
714 5534 979 5600 includat,
1026 5536 1226 5591 deinde
1278 5550 1444 5590 unam
1503 5550 1570 5589 ex
1606 5533 1865 5588 omnibus
1887 5533 2084 5588 educat

526 5635 556 5675 e
581 5621 763 5691 domo,
784 5624 947 5678 simul
987 5623 1157 5679 exibit
1187 5640 1310 5678 cum
1335 5624 1437 5679 hac
1465 5634 1518 5677 et
1558 5624 1741 5697 lumen
1776 5622 2079 5691 proprium,

2182 3280 2511 3351 ϐιασάμενος
2540 3280 2709 3342 εῐποι,
2741 3278 2854 3349 πῦρ
2892 3281 3041 3331 ἐστιν
3094 3275 3476 3345 ὲξυλωμένον,
3515 3276 3617 3329 καὶ
3631 3274 3771 3339 ξύλον

2181 3369 2669 3441 ἐμπεπρησμένον,
2692 3367 2788 3421 καὶ
2820 3366 2881 3420 τὸ
2911 3366 3010 3437 μὲν
3038 3365 3139 3434 τῆς
3166 3364 3262 3416 τοῦ
3302 3362 3501 3433 πυρὸς
3550 3362 3769 3432 μετέσχε

2180 3461 2581 3532 λαμπρότητος,
2607 3459 2670 3512 τδ
2695 3459 2753 3512 δὲ
2772 3459 2875 3528 τῆς
2916 3457 3056 3511 κατὰ
3083 3455 3183 3524 τὴν
3222 3454 3358 3526 δᾷδα
3396 3454 3767 3521 κεκοινώνηκε

2179 3549 2412 3619 γεώδους
2442 3549 2773 3618 παχύτητος,
2803 3548 2899 3601 καὶ
2930 3545 3250 3600 ἀντιδέδωκε
3299 3546 3552 3615 θάτερον
3570 3543 3768 3611 θατέρῳ

2179 3642 2288 3696 τῶν
2321 3640 2647 3712 ἰδιωμάτων,
2670 3641 2728 3693 ὲν
2752 3642 2820 3711 τῇ
2849 3638 3066 3709 μονίμῳ
3091 3635 3301 3691 ἑαυτῶν
3335 3636 3431 3688 καὶ
3474 3633 3767 3704 ἀσυγχύτῳ

2183 3732 2404 3804 ἰδιότητι
2436 3732 2712 3804 μείναντα.

2249 3904 2456 3976 Μηδεὶς
2486 3904 2545 3960 δὲ
2576 3902 2904 3973 κακόσχολος
2928 3902 3092 3957 πάλιν
3121 3900 3500 3969 λαμϐανέσθω
3536 3900 3635 3956 τοῦ
3664 3918 3762 3954 πα-

2186 3998 2569 4071 ραδείγματος,
2592 3996 2707 4049 εῐτι
2723 3995 2978 4062 ἀνόμοιον
3001 3993 3134 4063 ἔχοι,
3154 3993 3216 4046 τὸ
3240 3992 3427 4045 ἔλαιον
3451 3994 3764 4065 προφέρων,

2179 4086 2242 4141 τὸ
2277 4084 2562 4156 μεσιτεῦον
2589 4084 2656 4154 τῇ
2691 4082 2897 4135 τούτων
2927 4079 3122 4134 ὲνώσει
3144 4120 3160 4146 ,
3196 4078 3229 4151 ἢ
3264 4078 3364 4149 τὴν
3396 4080 3765 4151 ὑποκειμένην

2182 4175 2414 4247 ἐλαιώδη
2450 4172 2782 4243 ποιότητα,ή
2811 4171 2873 4225 τδ
2895 4170 2971 4241 μὴ
2990 4169 3233 4241 διαρκεῖν
3263 4171 3360 4222 ἐπὶ
3392 4171 3618 4242 χρόνον,
3644 4170 3765 4224 am

2182 4265 2537 4338 τεφροῦσθαι,
2585 4263 2944 4334 μνημονεύων
2981 4255 3057 4317 ὧν
3105 4260 3422 4333 ἔμπροσθεν
3460 4263 3761 4335 εἰρήκαμεν

2184 4358 2314 4427 περὶ
2351 4356 2800 4428 παραδείγματος
2844 4354 2941 4427 καὶ
2974 4352 3071 4406 τοῦ
3108 4354 3231 4405 κατ’
3280 4351 3448 4405 αὑτοῦ
3508 4355 3642 4423 ὅρου
3667 4369 3681 4383 ·
3730 4355 3758 4420 ᾖ

2184 4445 2229 4499 δ’
2255 4445 2393 4516 αὑτὴ
2419 4443 2487 4498 ἀν
2512 4443 2763 4515 εὑρεθείη
2799 4442 2895 4497 καὶ
2926 4441 3101 4514 πυρδς
3150 4441 3291 4511 πρὸς
3345 4443 3492 4512 ἀέρα
3529 4444 3759 4514 σύγκρα-

2186 4554 2291 4601 σις,
2318 4536 2412 4589 καὶ
2440 4535 2599 4606 ἀέρος
2630 4533 2765 4604 πρὸς
2793 4531 2937 4604 ὕδωρ
2969 4548 2982 4561 ·
3024 4534 3056 4603 ή
3087 4534 3197 4602 γὰρ
3238 4531 3434 4596 ὓδατος
3476 4534 3623 4603 πρὸς
3664 4534 3757 4602 γῆν

2187 4626 2352 4697 μίξις,
2379 4625 2414 4695 ἢ
2447 4624 2513 4696 δὴ
2569 4623 2663 4677 τοῦ
2716 4622 3045 4705 συγχυτικοῦ
3083 4624 3181 4691 τῆς
3230 4621 3477 4687 ένώσεως
3534 4627 3756 4678 ἅπτεται

2184 4718 2381 4781 εἴδους,
2406 4715 2727 4770 όδοποιοῢσα
2754 4717 2869 4780 τοῖς
2902 4717 3090 4785 ὑγροῖς
3136 4731 3197 4767 τε
3231 4715 3327 4767 καὶ
3370 4714 3756 4786 λεπτομερές..

2183 4808 2461 4877 διαφόροις
2487 4806 2543 4860 δὲ
2573 4805 2712 4859 κατά
2743 4806 2842 4872 τὴν
2875 4806 2982 4859 τῶν
3010 4806 3312 4875 ποιοτήτων
3340 4805 3650 4874 ἐξαλλαγὴν
3672 4807 3761 4875 τήν

2184 4898 2249 4953 ἐκ
2305 4902 2404 4969 τῆς
2470 4897 2981 4967 ἀντιπεπονθήσεως
3044 4896 3337 4966 γινομένην
3392 4896 3507 4949 τῶν
3584 4900 3763 4967 ἄκρων

2187 4988 2490 5063 μεταϐολὴν
2520 4988 2612 5042 καὶ
2647 4987 2948 5042 ἀλλοίωσιν.
2996 4987 3245 5059 Παρίημι
3280 4987 3390 5059 γὰρ
3419 4988 3523 5051 τάς
3550 4990 3764 5056 ποιότη.

2183 5101 2281 5146 τας
2308 5082 2509 5151 λέγειν,
2542 5068 2603 5135 αἶ’
2633 5080 2731 5133 καὶ
2762 5079 2871 5133 τῶν
2908 5077 3109 5131 οὑσιῶν
3146 5078 3602 5149 κεχωρισμένων,
3642 5080 3764 5131 πολ-

2183 5173 2340 5236 λάκις
2368 5175 2426 5225 ὲν
2454 5170 2712 5244 ἀλλήλαις
2734 5187 2793 5222 τε
2822 5170 3085 5236 γίνονται,
3110 5167 3205 5220 καὶ
3222 5167 3444 5237 ἀμιγῶς
3465 5169 3767 5221 συνάπτονο

2186 5284 2274 5319 ται
2309 5280 2323 5294 ·
2357 5263 2547 5334 ὥσπερ
2576 5262 2685 5315 τῶν
2706 5261 3013 5331 φωσφόρων
3042 5260 3257 5329 ἄστρων
3285 5260 3341 5312 αί
3371 5260 3765 5329 μαρμαρυγαὶ,

2188 5353 2443 5425 ἀλλήλαις
2480 5368 2541 5425 τε
2584 5353 2680 5405 καὶ
2724 5349 2847 5420 ἀέρι
2880 5349 3205 5418 κιρνάμεναι
3239 5346 3477 5412 σώζουσι
3508 5347 3613 5418 τὴν
3646 5348 3766 5399 ἰδιό-

2189 5462 2327 5513 τητα
2358 5442 2451 5496 τοῦ
2490 5444 2549 5495 ὲν
2589 5440 2667 5510 τῷ
2697 5439 2837 5509 ποιῷ
2871 5437 3038 5491 ποσοῦ
3073 5454 3087 5467 ·
3125 5437 3428 5506 παρίστησι
3453 5437 3511 5489 δὲ
3545 5437 3708 5490 τοῦτο
3736 5439 3767 5504 ή

2188 5537 2375 5605 τέχνη,
2407 5534 2507 5603 τῆς
2550 5533 2763 5600 φύσεως
2788 5526 2922 5583 οὖσα
2976 5530 3270 5599 μιμητική.
3305 5527 3371 5580 Et
3424 5527 3479 5595 γῒ
3518 5522 3620 5580 οὖν
3660 5544 3768 5588 τις.

2192 5619 2332 5675 κατὰ
2376 5619 2465 5671 τόν
2514 5618 2686 5689 μέγαν
2714 5615 3006 5681 Διονύσιον,
3037 5613 3237 5678 πολλὰς
3267 5613 3478 5684 ἐξάψας
3505 5615 3675 5686 δᾷδας
3708 5615 3763 5666 ἐν
