3912 6298
179 307 203 369 1
220 309 337 369 305

1259 311 1555 373 CONTRA
1592 297 1909 377 NESTOR.
1950 316 2043 374 ET
2079 316 2399 377 EUTYCH.

3300 309 3436 375 1306

174 414 282 466 ἑνὶ
313 415 445 482 οἴκῳ
474 412 867 480 συγκλείσειεν,
903 407 1022 466 εἶτα
1051 411 1181 482 μίαν
1207 415 1272 467 ὲκ
1306 417 1498 470 πασῶν
1517 417 1754 470 ἀποσπά·

1868 417 2006 472 nihil
2033 419 2266 473 aliorum
2295 419 2564 475 luminum
2591 419 2694 475 sibi
2724 432 3028 482 assumens,
3061 432 3244 487 neque
3271 418 3433 487 quid-

174 519 298 561 σας
323 501 581 569 ἐξαγάγοι
604 503 698 554 τοῦ
731 503 1024 570 δωματίου,
1054 506 1348 570 συνεξοίσει
1374 507 1542 578 ταύτῃ
1578 509 1675 561 καὶ
1704 509 1764 560 τὸ

172 593 335 659 φῶς,
369 593 490 646 οὑτε
512 611 562 644 τι
591 594 686 645 τοῦ
748 594 878 646 ἰδίου
929 594 1092 655 πάλιν
1135 598 1318 660 αὑτοῖς
1367 599 1762 671 ἀπολιπούσης,

171 685 292 735 καὶ
326 685 446 735 καθ’
476 684 595 735 ὅλου
624 685 808 752 φάναι,
845 685 994 736 οὐδὲν
1016 684 1122 737 τῶν
1154 687 1460 757 ἑνουμένων
1491 691 1700 761 τροπὴν
1728 691 1761 760 ἢ

171 773 458 840 σύγχυσιν
492 774 803 841 ὑφίσταται,
847 775 921 845 μὴ
949 776 1070 844 οὑχὶ
1101 777 1362 846 ἑκατέρου
1406 778 1514 830 τῶν
1543 781 1765 849 ἑνουμέ-

167 877 299 911 νων
330 860 639 929 παθητικάς
671 864 883 931 ἔχοντος
916 865 1226 934 ποιότητας.
1263 865 1382 918 Τῶν
1406 867 1514 936 γὰρ
1547 868 1621 936 μὴ
1654 883 1763 919 τοι·

165 948 386 1014 οὐτων,
417 953 448 1016 ἡ
485 951 581 1017 μὲν
612 951 938 1021 δραστήριος
961 955 1186 1020 ποιήσαι
1235 956 1322 1018 ἂν,
1355 959 1448 1008 καὶ
1482 958 1540 1008 οὑ
1576 957 1756 1008 πάθοι·

169 1041 210 1106 ἡ
271 1038 336 1090 δὲ
382 1039 678 1108 παθητικὴ,
720 1042 884 1095 πάθοι
939 1042 1025 1114 ἂν,
1057 1045 1151 1096 καὶ
1179 1045 1239 1096 οὑ
1269 1047 1521 1116 δράσειεν
1549 1063 1562 1075 ·
1598 1040 1672 1099 ὧν
1703 1048 1760 1100 δὲ

167 1127 374 1188 κοινὸς
403 1129 432 1178 ὁ
460 1128 618 1194 λόγος
646 1130 742 1197 τῆς
763 1131 1289 1200 άντιπεπονθήσεως,
1311 1132 1480 1184 ταῦτα
1498 1134 1636 1185 κατά
1663 1134 1760 1202 τὴν

163 1216 550 1284 ἐπικράτειαν
581 1217 732 1286 ἢτὴν
768 1218 1042 1285 ἰσονομίαν
1067 1219 1175 1270 τῶν
1203 1218 1512 1270 παθοποιῶν
1549 1219 1758 1279 αἰτιῶν,

163 1305 288 1374 τὴν
325 1307 381 1356 ὲν
416 1305 626 1375 θατέρῳ
657 1309 850 1375 πάσχει
885 1324 944 1359 τε
981 1307 1076 1359 καὶ
1119 1311 1283 1370 ποιεῖ,
1341 1309 1433 1360 ἐπὶ
1488 1309 1668 1361 πλεῖον
1723 1309 1758 1377 ἢ

163 1387 444 1446 ἔλαττονῗ
475 1394 688 1465 Ὥσπερ
719 1395 832 1464 ἔχει
866 1396 959 1448 ἐπὶ
993 1397 1210 1450 πάντων
1241 1398 1350 1450 τῶν
1385 1399 1622 1468 τηκτῶν,
1665 1399 1761 1452 καὶ

161 1485 298 1537 τῶν
344 1485 706 1552 μεταλλικῶν,
742 1487 836 1538 καὶ
863 1487 962 1539 ὅσα
998 1491 1110 1549 τοῖς
1136 1487 1391 1558 ἰατροῖςῆ
1425 1491 1536 1551 τοῖς
1562 1489 1761 1558 βαναύ-

161 1591 304 1635 σοις
356 1577 650 1647 κιρνᾷσθαι
710 1576 742 1646 ἢ
805 1577 1168 1648 συντήκεσθαι
1218 1580 1361 1634 κατά
1406 1579 1506 1650 τὴν
1563 1581 1759 1650 τέχνην

163 1683 244 1736 με
253 1667 588 1736 μηχάνηται.

1871 523 2038 576 quam
2091 512 2297 580 proprii
2347 512 2570 566 hmiinis
2612 528 2804 567 rursus
2845 511 2952 565 illis
2999 510 3211 564 facibus
3266 509 3436 563 relin-

1877 589 2093 667 quens;
2144 609 2220 665 et,
2260 610 2320 655 ut
2361 602 2616 655 universe
2643 601 2842 664 dicam,
2899 600 3034 653 nihil
3079 615 3270 653 eorum
3314 613 3437 667 qua

1871 687 2159 752 uniuntur,
2187 689 2546 742 mutationem
2580 698 2675 743 aut
2705 687 3083 743 confusionem
3122 684 3290 746 subit,
3328 683 3434 735 nisi

1870 780 2024 847 prius
2050 788 2346 849 utrumque
2381 780 2661 834 unitorum
2687 779 2977 849 qualitates
3019 776 3217 829 habeat
3258 773 3436 842 passi-

1869 865 2046 920 biles:
2086 869 2130 921 si
2153 869 2298 921 enim
2330 885 2438 922 non
2473 879 2600 923 sunt
2633 868 2920 938 ejusmodi,
2955 865 3190 935 qualitas
3213 861 3433 930 quidem

1871 959 2142 1013 eﬂiciendi
2172 960 2484 1013 facultatem
2526 961 2756 1022 habens,
2788 959 2972 1018 faciet,
3009 971 3116 1010 non
3155 955 3430 1022 patietur;

1870 1050 2104 1118 qualitas
2126 1066 2256 1103 vero
2286 1051 2562 1120 passibilis
2587 1051 2845 1120 patietur,
2882 1064 2991 1101 non
3033 1045 3250 1099 efficiet.
3290 1042 3435 1108 Quo-

1868 1156 1989 1192 rum
2021 1150 2202 1192 autem
2245 1142 2549 1194 communis
2601 1138 2740 1193 ratio
2800 1148 2883 1193 est
2930 1137 3236 1205 passionem
3285 1132 3432 1186 acci-

1866 1231 2052 1298 piendi
2074 1239 2128 1283 et
2150 1230 2437 1295 reddendi,
2462 1233 2577 1284 ham
2607 1230 2908 1284 secundum
2931 1227 3268 1281 dominatum
3300 1237 3433 1276 cau~

1866 1335 2049 1374 sarum
2070 1319 2419 1373 efﬁcientium
2443 1321 2744 1388 passiones,
2763 1334 2927 1387 quem
2952 1317 3156 1369 habent
3182 1315 3237 1366 in
3267 1313 3431 1366 alter-

1865 1419 2012 1473 utro,
2047 1419 2142 1463 aut
2193 1410 2582 1478 aequalitatem,
2624 1410 2908 1477 patiuntur
2939 1415 2994 1461 et
3037 1413 3224 1474 agunt.
3277 1403 3434 1456 Sicut

1866 1499 2052 1554 evenit
2086 1498 2140 1552 in
2178 1499 2457 1563 omnibus,
2511 1515 2633 1568 quae
2670 1500 2988 1568 liquantur;
3046 1505 3102 1549 et
3139 1496 3194 1548 in
3239 1493 3432 1548 metal-

1865 1591 1954 1656 lis,
1986 1599 2042 1644 et
2079 1591 2135 1644 in
2163 1591 2231 1644 iis
2263 1591 2518 1644 omnibus
2540 1605 2662 1658 quae
2687 1590 2886 1644 medici
2914 1588 3000 1642 vel
3025 1586 3263 1640 artiﬁces
3308 1584 3432 1654 igne

1865 1689 2085 1736 utentes
2119 1682 2474 1736 commiscere
2505 1689 2562 1735 et
2585 1681 2795 1750 liquare
2826 1695 2892 1734 ex
2921 1689 3038 1733 arte
3066 1679 3264 1732 solent.

245 1756 476 1810 Τούτων
505 1758 682 1812 τοίνυν
705 1759 1217 1830 προδιεσταλμένων
1254 1762 1406 1830 ἡμῖν,
1432 1759 1631 1815 εἰδέναι
1651 1761 1754 1839 χρὴ

1929 1771 2025 1825 His
2050 1787 2178 1842 ergo
2204 1771 2362 1840 prius
2383 1771 2681 1834 distinctis,
2708 1771 2990 1825 sciendum
3009 1775 3111 1831 est,
3142 1766 3286 1835 quod
3305 1779 3432 1834 qua:

157 1848 255 1900 ὅτι
281 1847 356 1898 τά
382 1848 480 1915 μὲν
509 1848 835 1905 ἀλλοιωτικά
862 1849 1106 1920 ἀλλήλων
1135 1852 1227 1902 καὶ
1267 1851 1659 1920 μεταδλητικά,
1693 1855 1758 1906 ἐκ

159 1936 487 1990 πολυειδῶν
527 1938 622 1989 καὶ
650 1940 1004 2008 ὲτεροουσίων
1031 1940 1359 2004 συνεστῶτα,
1394 1936 1545 1994 οὐδὲν
1567 1941 1672 1992 τῶν
1699 1945 1758 1995 ἐν

159 2028 236 2095 τῇ
284 2024 540 2076 συνθέσει
563 2025 835 2087 ἀποσώζει
869 2025 1168 2095 ἀκραιφνὲς
1207 2024 1343 2095 μετὰ
1364 2026 1462 2096 τὴν
1490 2027 1756 2092 σύνθεσιν,

157 2114 322 2168 ἀλλὰ
351 2115 448 2176 τὰς
478 2115 694 2167 πάντων
736 2115 1002 2184 ἰδιότητας
1055 2115 1257 2183 μίξασα
1309 2115 1404 2168 καὶ
1455 2115 1758 2184 συγχέουσα

161 2207 238 2255 ὲκ
272 2203 502 2254 πάντων
535 2204 685 2272 παρά
732 2206 927 2266 πάντα,
979 2206 1215 2274 ἑτεροῖον
1253 2201 1391 2266 εἶδος
1441 2205 1758 2274 πάμμικτον

161 2293 506 2358 ἀπετέλεσε,
541 2297 634 2346 καὶ
665 2295 854 2361 γέγονε
886 2295 1096 2348 πολλῶν
1126 2295 1475 2348 ὑποστάσεων
1519 2299 1611 2349 καὶ
1655 2296 1758 2364 φύ-

165 2403 326 2437 σεων
360 2386 498 2436 κατὰ
523 2386 620 2454 τὴν
660 2385 806 2455 μίξιν
843 2387 1061 2456 φυρμὸς
1093 2388 1189 2440 καὶ
1219 2389 1498 2457 σύγχυσις,
1531 2387 1654 2440 οὔτε
1698 2388 1759 2440 τὸ

168 2476 393 2549 ἰδιάζον
423 2477 519 2542 τῆς
552 2478 922 2539 ὑποστάσεως,
946 2477 1068 2529 οὔτε
1094 2479 1154 2530 τὸ
1184 2479 1359 2531 κοινὸν
1407 2479 1507 2547 τῆς
1545 2480 1758 2546 φύσεως

164 2565 494 2633 φυλάξασα,
530 2564 646 2617 ἀλλ’
692 2553 988 2634 ἕτερον’ὲκ
1035 2567 1237 2620 τούτων
1293 2569 1394 2636 μὲν
1444 2571 1755 2638 γενόμενον,

162 2654 364 2705 οὐδενὶ
403 2654 460 2704 δὲ
487 2654 683 2706 ταυτὸν
726 2657 820 2722 ἀφ’
854 2649 927 2708 ὧν
983 2657 1203 2724 γέγονεν
1245 2658 1637 2711 άποτελέσασα.
1694 2659 1755 2710 Εἰ

163 2747 364 2797 τοίνυν
387 2744 578 2814 θεότης
609 2745 704 2798 καὶ
730 2745 1079 2816 άνθρωπότης
1105 2748 1223 2800 κατ’
1252 2748 1439 2800 οὑσίαν
1476 2749 1755 2802 ἐνωθείσαι

169 2836 624 2908 μὴ’φυλάττουσι
659 2839 760 2890 κάν
789 2841 854 2907 τῇ
878 2837 1066 2892 ὲνὼσει
1109 2839 1210 2908 τὴν
1262 2838 1472 2893 ἑαυτῶν
1523 2841 1758 2911 φυσικὴν

169 2927 451 2996 ἰδιότητα,
472 2928 710 2996 συγκέχυ
723 2944 853 2989 δται,
895 2930 985 2981 καὶ
1009 2928 1132 2980 οὔτε
1159 2929 1345 2999 θεότης
1368 2931 1602 3000 ἔμεινεν,
1633 2931 1756 2984 οὔτε

125 3010 131 3015 ’
166 3016 566 3085 ἀνθρωπότης,
597 3017 714 3070 ἀλλ’
746 3017 930 3086 ἕτερον
953 3018 1139 3080 οὐσίας
1173 3015 1310 3082 εἶδος
1340 3023 1403 3073 ὲκ
1435 3023 1638 3075 τούτων
1661 3040 1756 3089 γε-

165 3109 434 3176 νόμενον,
476 3107 571 3159 καὶ
606 3107 726 3176 οὐχί
755 3107 929 3161 ταῦτα
967 3109 1209 3178 ὑπάρχον
1238 3112 1647 3166 ἀποτετέλεκεν.
1671 3086 1754 3168 ⁷Οἵ)
1779 3086 1824 3143 c

166 3195 226 3248 τί
257 3196 330 3250 ἂν
355 3195 569 3262 γένοιτο
592 3196 1001 3266 ἀσεϐέστερονῆ
1031 3197 1446 3268 βδελυκτότερον
1468 3202 1571 3254 κᾶν
1605 3203 1754 3254 ἐννο-

166 3290 337 3358 ἧσαι,
411 3290 487 3356 μὴ
541 3287 623 3338 ὅτι
683 3287 1012 3356 φρονοῦντας
1064 3289 1438 3358 δογματίσαι;
1498 3292 1755 3346 Λείπεται

166 3381 362 3433 τοίνυν
389 3379 456 3430 ἐκ
483 3377 581 3446 τῆς
611 3377 910 3441 ἐξετάσεως
937 3378 1028 3431 τοῦ
1070 3379 1230 3446 λόγου
1259 3380 1358 3449 τῆς
1404 3381 1524 3434 κατ’
1569 3381 1755 3435 οὐσίαν

169 3471 455 3532 ἑνὼσεως,
483 3469 584 3536 τῆς
617 3485 676 3520 τε
706 3470 957 3538 θεότητος
983 3471 1194 3538 καὶτῆς
1217 3469 1633 3540 ἀνθρωπότητος
1657 3474 1755 3543 τὴν

171 3559 495 3628 ἀσὺγχυτον
531 3559 788 3629 ἰδιότητα,
817 3561 958 3612 κατά
998 3561 1065 3612 τὰ
1115 3560 1356 3630 πρότερα
1400 3561 1582 3614 λαϐεῖν
1628 3563 1758 3614 ὑπο-

170 3651 480 3718 δείγματα,
522 3650 769 3721 ἀμυδρὰν
819 3650 875 3702 δέ
909 3668 1032 3704 τινα
1077 3652 1374 3718 φαντασίαν
1432 3654 1497 3706 ὲκ
1540 3653 1756 3706 πάντων

171 3744 276 3811 τῆς
311 3740 458 3808 ὑπὲρ
490 3741 669 3793 πάντα
699 3741 956 3810 ἀληθείας
990 3741 1425 3812 συλλεγομένοις,
1457 3743 1577 3813 ἥτις
1625 3743 1757 3796 ἀπο-

170 3835 486 3894 δείκνυσιν,
511 3831 568 3883 ἓν
601 3832 700 3901 μέν
733 3850 785 3884 τι
831 3834 1037 3887 τούτων
1093 3830 1232 3887 εἶναι
1281 3835 1340 3886 τὸ
1385 3835 1752 3904 ἀποτέλεσμα,

171 3926 202 3977 ὃ
236 3927 352 3976 εἴτε
381 3923 692 3991 πρόσωπον,
723 3924 832 3976 εἴτε
872 3925 1188 3987 ὑπόστασιν,
1225 3925 1335 3976 εἴτε
1371 3926 1591 3996 ἄτομον,
1644 3928 1755 3979 εῖτε

175 4011 567 4077 ὑποκείμενον,
609 4011 720 4061 εἴτε
769 4021 822 4062 τι
869 4011 994 4064 ἄλλο
1048 4012 1198 4079 φίλον
1246 4012 1431 4064 καλεῖν
1490 4013 1643 4078 αὐτὸ,
1692 4016 1753 4068 οὐ

170 4102 533 4170 διαφέρομαι.
601 4101 738 4162 Τοὺς
785 4101 893 4169 γὰρ
950 4102 1078 4171 ἀξίᾳ
1135 4104 1168 4173 ἢ
1235 4103 1507 4175 αὑθεντίᾳ,
1559 4105 1591 4174 ἥ
1649 4122 1754 4158 τινι

174 4191 414 4261 τοιαύτῃ
445 4175 628 4260 σχέσει
659 4191 961 4263 διαιρετικῇ
986 4194 1076 4248 διὰ
1125 4193 1216 4246 τοῦ
1254 4196 1546 4248 συνάπτειν
1585 4197 1753 4267 χωρί-

175 4284 400 4345 ζοντας,
432 4287 622 4351 πρώην
655 4283 1040 4352 ἁπορῤαπίσας
1093 4286 1121 4336 ὁ
1164 4283 1320 4352 λόγος
1370 4285 1749 4355 άποδεδίωχεν,

1859 1862 2065 1916 habent
2095 1862 2205 1915 vim
2242 1861 2490 1915 mutandi
2525 1875 2582 1915 se
2622 1861 2766 1914 inter
2810 1875 2867 1914 se
2915 1859 3220 1914 constantia
3249 1872 3317 1910 ex
3346 1855 3433 1909 di-

1858 1953 2034 2005 versis
2055 1951 2364 2020 speciebus,
2393 1961 2449 2004 et
2471 1951 2793 2004 substantiis
2818 1950 2956 2002 nihil
2980 1962 3178 2017 purum
3202 1946 3254 1998 in
3279 1959 3432 1999 com-

1858 2041 2130 2110 positione
2155 2051 2377 2096 servant
2415 2051 2538 2110 post
2569 2040 3027 2110 compositionem
3057 2054 3071 2092 :
3103 2037 3199 2091 sed
3245 2035 3431 2104 potius

1859 2148 1948 2186 ars
1975 2132 2330 2200 proprietatis
2359 2132 2604 2186 omnium
2661 2133 2899 2186 miscens
2954 2137 3009 2184 et
3063 2126 3426 2190 confundens,

1858 2237 1923 2276 ex
1951 2222 2207 2275 omnibus
2239 2222 2398 2275 aliam
2435 2230 2633 2291 praeter
2675 2222 2856 2276 omnia
2903 2220 3138 2289 speciem
3193 2234 3260 2272 ex
3311 2224 3429 2271 toto

1859 2312 2198 2366 commistam
2234 2312 2475 2366 reddidit
2504 2330 2517 2365 :
2545 2313 2714 2382 fitque
2741 2313 3037 2365 multarum
3061 2310 3427 2379 bypostaseon

1858 2413 1915 2456 et
1939 2411 2259 2457 naturarum
2305 2403 2615 2458 commistio
2663 2412 2720 2457 et
2751 2401 2996 2456 confusio
3022 2440 3038 2464 ,
3077 2414 3198 2467 qua:
3248 2411 3426 2465 neque

1858 2494 2144 2562 proprium
2173 2494 2503 2564 hypostasis,
2539 2509 2716 2561 neque
2744 2506 3034 2545 commune
3067 2497 3276 2542 natura;
3297 2501 3428 2540 con-

1858 2591 2076 2648 servat;
2109 2584 2204 2638 sed
2241 2585 2388 2638 aliud
2419 2599 2488 2638 ex
2520 2584 2608 2637 his
2658 2582 2754 2646 ﬁt,
2807 2581 2954 2650 quod
2998 2596 3122 2634 cum
3156 2578 3306 2632 nullo
3333 2590 3429 2630 eo-

1859 2688 1981 2727 rum
2008 2689 2074 2727 ex
2101 2675 2304 2744 quibus
2354 2674 2558 2728 factum
2588 2680 2694 2738 est,
2743 2673 2888 2726 idem
2917 2671 3149 2725 exsistit.
3183 2670 3240 2723 Si
3264 2669 3429 2737 igitur

1858 2766 2119 2820 divinitas
2138 2774 2194 2820 et
2227 2767 2542 2820 humanitas
2581 2767 2884 2820 secundum
2908 2764 3268 2818 substantiam
3300 2761 3427 2814 uni-

1859 2862 1947 2916 ta},
1982 2869 2091 2906 non
2114 2862 2333 2907 servant
2361 2853 2416 2907 in
2439 2854 2644 2907 unione
2677 2869 2830 2907 suam
2857 2853 3159 2906 naturalem
3180 2850 3430 2918 proprie-

1859 2951 2058 3008 tatem,
2100 2944 2342 2997 confusze
2393 2952 2639 3009 sunt;et
2681 2959 2860 3012 neque
2906 2943 3166 2996 divinitas
3204 2940 3426 3003 mansit,

1858 3051 2036 3104 neque
2081 3035 2414 3098 humanitas,
2451 3035 2547 3088 sed
2597 3035 2703 3088 alia
2751 3034 2964 3103 species
2995 3034 3318 3087 substantiae
3360 3045 3430 3084 ex

1858 3127 1965 3192 his,
1992 3143 2113 3195 qua:
2148 3142 2254 3181 non
2287 3134 2373 3180 est
2408 3125 2511 3181 ista
2531 3142 2653 3195 quae
2686 3126 2838 3180 unita
2864 3135 3012 3189 sunt,
3048 3124 3296 3178 confecta
3322 3129 3426 3177 est.

1856 3217 1975 3282 Quo
2019 3217 2151 3286 quid
2183 3233 2304 3272 esse
2332 3224 2513 3286 potest
2535 3217 2706 3288 magis
2739 3216 2989 3285 impium,
3016 3222 3108 3268 aut
3136 3214 3308 3282 magis
3333 3209 3429 3266 de-

1857 3309 2109 3363 testabile
2139 3309 2226 3362 vel
2248 3309 2486 3378 cogitare
2516 3317 2751 3371 tantum,
2770 3308 2973 3362 nedum
2999 3306 3204 3360 sentire
3241 3314 3298 3358 et
3324 3304 3426 3357 do-

1857 3400 2018 3454 cere?
2069 3399 2360 3468 Reliquum
2401 3398 2576 3468 igitur
2627 3407 2750 3462 est,
2799 3404 2859 3451 ut
2901 3412 2966 3450 ex
3006 3394 3428 3464 investigatione

1857 3489 2177 3559 quaestionis
2193 3489 2416 3542 unionis
2437 3489 2742 3548 secundum
2770 3487 3129 3542 substantiam
3152 3493 3206 3538 et
3229 3483 3428 3538 divini-

1858 3579 1986 3633 tatis
2031 3585 2088 3633 et
2121 3578 2481 3631 humanitatis
2508 3578 2899 3646 proprietatem
2939 3578 3058 3630 sine
3103 3575 3428 3628 confusione

1856 3669 2158 3725 secundum
2185 3668 2432 3735 exempla
2470 3668 2757 3736 superiora
2811 3669 3186 3735 intelligamus
3216 3707 3232 3730 ,
3273 3665 3428 3720 colli.

1856 3769 2136 3830 gentesex
2162 3759 2662 3811 omnibustenuem
2689 3758 2982 3826 quamdam
3013 3758 3305 3826 imaginem
3337 3769 3428 3813 ve-

1856 3850 2036 3904 ritatis
2067 3847 2251 3902 omnia
2281 3847 2598 3916 superantis
2623 3888 2637 3912 ,
2685 3862 2807 3914 quae
2865 3846 3207 3899 demonstrat
3251 3859 3422 3898 unum

1855 3939 2126 4011 quoddam
2165 3953 2233 3991 ex
2287 3937 2374 3992 his
2422 3936 2598 4000 reddi,
2639 3935 2754 3989 sive
2801 3950 3113 4004 personam,
3160 3933 3274 3988 sive
3326 3933 3427 4002 hy-

1853 4028 2138 4101 postasim,
2172 4029 2288 4082 sive
2319 4036 2584 4090 atomum,
2615 4026 2729 4080 sive
2759 4026 3087 4094 subjectum,
3124 4025 3238 4079 sive
3289 4025 3423 4093 quid

1854 4120 1999 4174 aliud
2028 4119 2303 4188 appellare
2340 4116 2496 4179 libet,
2528 4131 2637 4170 non
2673 4117 2968 4170 contendo.
2996 4117 3103 4170 Eos
3136 4115 3306 4178 enim,
3329 4115 3424 4183 qui

1854 4212 2123 4282 dignitate
2152 4249 2166 4273 ,
2205 4208 2289 4262 vel
2322 4208 2650 4262 auctoritate
2675 4249 2689 4272 ,
2747 4215 2843 4260 aut
2877 4207 3058 4276 aliqua
3111 4205 3424 4276 huiusmodi

1855 4301 2183 4355 habitudine
2218 4298 2501 4351 dividente
2549 4297 2858 4366 copulando
2906 4306 3205 4366 separant,
3263 4297 3423 4366 paulo

175 4371 521 4426 ὑποστάσεσι
575 4373 675 4434 τὰς
723 4373 911 4441 φύσεις
973 4373 1316 4444 διαιροῦντας
1369 4377 1612 4444 ἐλέγξας,
1659 4380 1752 4431 καὶ

1859 4400 1981 4446 ante
2005 4388 2307 4460 disputatio
2333 4397 2518 4442 nostra
2545 4388 2824 4453 refutavit,
2861 4395 2916 4442 et
2939 4387 3178 4442 convicit
3199 4396 3424 4441 naturas

179 4463 460 4532 μηδεμίαν
499 4464 786 4516 κοινωνίαν
831 4463 865 4534 ἢ
905 4465 1176 4542 ἀντίδοσιν
1232 4465 1461 4535 ἐχούσας
1515 4467 1549 4536 ἢ
1605 4468 1752 4522 ἀντι-

175 4553 449 4615 διδούσας.

251 4823 469 4877 Τούτων
495 4824 820 4892 εἰρημένων,
875 4826 1016 4876 κατὰ
1065 4824 1126 4876 τὸ
1166 4824 1447 4894 δεδομένον
1506 4828 1637 4896 ἡμῖν
1684 4831 1746 4881 ἐκ

179 4915 319 4968 Θεοῦ
344 4916 442 4983 τῆς
475 4917 710 4984 νοήσεως
768 4916 962 4985 μικρὸν
1027 4917 1240 4986 μέτρον,
1301 4919 1747 4988 παραπέμπομεν

177 5010 271 5060 τὸν
297 5009 692 5078 ἐντυγχάνοντα
727 5011 808 5071 είς
839 5011 938 5073 τὰς
990 5012 1098 5064 τῶν
1154 5011 1431 5082 θεηγόρων
1486 5015 1746 5085 Πατέρων

180 5099 550 5165 διδασκαλίας,
577 5101 669 5167 ἀφ’
695 5094 770 5153 ὧν
799 5103 891 5154 καὶ
917 5104 1078 5171 ἡμεῖς
1108 5103 1279 5157 ταῦτα
1302 5102 1641 5174 ἠντληκότες,
1670 5107 1745 5170 ὡς

181 5191 238 5242 ὲν
279 5190 460 5260 μικρῷ
499 5190 757 5259 κρατῆρι,
787 5191 865 5259 τῷ
896 5181 997 5261 τῆς
1031 5194 1290 5262 ταπεινῆς
1317 5195 1474 5263 ἡμῶν
1505 5196 1743 5257 διανοίας

179 5272 322 5350 λόγῳ
359 5281 575 5335 ποτίσαι
605 5281 1015 5352 ἐσπουδάσαμεν
1052 5285 1176 5346 τοὺς
1206 5283 1304 5350 τῆς
1331 5284 1584 5354 ἀληθείας
1619 5287 1746 5355 ὲρα-

180 5373 330 5433 στάς.
402 5373 594 5442 Ὑμεῖς
630 5375 687 5427 δὲ
736 5376 1127 5444 ὲπορεγόμενοι
1175 5377 1281 5430 ὑπὸ
1323 5379 1422 5446 τῆς
1463 5379 1743 5449 ἀληθείας,

178 5465 349 5518 ταῦτα
387 5467 484 5533 μὲν
517 5464 688 5532 ἔχοιτε
729 5465 900 5535 λήθης
952 5467 1256 5535 φάρμακον,
1310 5467 1403 5520 καὶ
1462 5468 1598 5536 μετά
1648 5469 1746 5540 τὴν

183 5553 490 5606 τελευταίαν
519 5554 787 5622 ἐκδημίαν
824 5556 978 5626 ἡμῶν
1026 5556 1246 5626 ἀγάπης
1294 5558 1609 5628 ὑπόμνημα,
1667 5561 1741 5623 ὼς

184 5640 248 5695 ἂν
277 5644 346 5713 μὴ
380 5643 456 5714 τῷ
480 5643 655 5712 χρόνῳ
681 5645 741 5697 τὸ
775 5647 873 5716 τῆς
912 5647 1130 5718 ἀγάπης
1160 5648 1320 5703 καλὸν
1360 5649 1552 5720 έκρυὲν
1591 5651 1741 5720 οἰχή-

1855 4481 2100 4536 dividere
2151 4479 2571 4550 hypostasibus,
2611 4480 2932 4547 nullamque
2980 4480 3420 4532 communionem

1853 4573 1938 4629 vel
1972 4573 2116 4626 inter
2147 4587 2205 4625 se
2239 4570 2546 4640 accipiendi
2581 4571 2665 4623 vel
2698 4569 2964 4623 reddendi
2994 4570 3218 4624 habere.
3246 4569 3322 4622 Ac
3355 4569 3423 4623 de

1851 4663 1936 4717 his
1969 4663 2234 4716 hactenus
2261 4661 2563 4718 secundum
2609 4676 2826 4729 parvam
2865 4676 3176 4715 mensuram
3216 4660 3420 4713 intelli-

1850 4754 2068 4824 gentiae,
2097 4769 2218 4822 quae
2250 4768 2280 4805 a
2315 4752 2476 4806 nobis
2518 4753 2719 4805 tributa
2755 4760 2860 4806 est.

1921 4841 2186 4896 Mittimus
2211 4840 2471 4908 deinceps
2494 4840 2753 4893 lectorem
2777 4840 2843 4892 ad
2867 4841 3170 4895 doctrinam
3204 4850 3420 4894 sancto-

1852 4947 1972 4985 rum
2004 4931 2250 4990 Patrum,
2284 4945 2314 4982 a
2341 4931 2542 4997 quibus
2568 4945 2668 4982 nos
2697 4929 2812 4983 haec
2851 4939 3108 4999 tanquam
3152 4931 3206 4982 in
3255 4945 3421 4998 parvo

1848 5035 1979 5074 vase
2018 5019 2232 5072 ratione
2278 5019 2478 5071 mentis
2518 5028 2719 5072 nostrae
2749 5019 2976 5073 humilis
3006 5020 3322 5082 hausimus,
3363 5027 3420 5073 et

1845 5125 1943 5163 eos
1974 5109 2067 5176 qui
2093 5108 2275 5162 studio
2302 5108 2554 5162 veritatis
2584 5117 2858 5171 tenentur,
2881 5120 3069 5178 potare
3086 5110 3416 5179 studuimus.

1847 5200 1955 5253 Vos
1980 5206 2163 5252 autem
2198 5199 2404 5267 quibus
2433 5199 2547 5252 haec
2574 5201 2819 5266 perrexit
2862 5201 3085 5262 veritas,
3119 5199 3318 5252 habete
3349 5214 3413 5252 ea
3449 5186 3457 5204 ’

1854 5301 2108 5358 tanquam
2147 5287 2448 5342 remedium
2478 5287 2792 5352 oblivionis,
2847 5300 2902 5343 et
2955 5299 3080 5358 post
3123 5303 3303 5343 meum
3345 5289 3414 5342 ab
3453 5326 3459 5358 έ

1853 5381 1956 5435 hac
1981 5381 2093 5434 vita
2129 5395 2403 5435 recessum
2443 5387 2701 5447 tanquam
2735 5389 3150 5435 monumentum
3185 5379 3411 5443 amoris,
3449 5350 3470 5388 ζ

1851 5487 1920 5525 ne
1949 5471 2100 5539 lapsu
2130 5470 2390 5538 temporis
2415 5470 2641 5524 efﬂuens
2672 5471 2832 5525 abeat
2869 5490 2882 5524 :
2916 5471 3195 5525 retundite
3229 5478 3411 5523 autem

1852 5561 2194 5623 audaciores,
2227 5567 2282 5614 et
2316 5560 2680 5630 simpliciores
2715 5577 2877 5614 manu
2908 5561 3088 5615 ducite
3126 5561 3190 5614 ad
3239 5559 3412 5627 fulgo-

1850 5668 1965 5707 rem
1991 5651 2240 5707 veritatis
2281 5667 2480 5720 purum
2506 5660 2558 5706 et
2585 5651 2852 5720 liquidum
2876 5693 2889 5719 ,
2936 5653 3024 5721 qui
3074 5666 3174 5722 per
3195 5646 3324 5705 haec
3357 5645 3411 5698 in
