3912 6298
498 302 634 368 1307

1757 292 2065 370 LEONTII
2100 302 2508 367 BYZANTINI

3642 296 3770 361 1308

495 410 701 466 sanctis
723 411 977 466 Patribus
1016 413 1286 479 cernitur,
1324 422 1381 469 et
1401 422 1554 471 orate
1588 431 1691 486 pro
1734 418 1917 484 nobis,
1969 418 2061 488 qui

2171 430 2340 497 serat.
2376 412 2842 482 Ἐπιστομίζοιτε·
2877 411 2935 464 δὲ
2982 409 3121 507 τοὺς
3183 407 3620 507 θρασυτέρους,

498 501 613 555 haec
634 511 859 570 propter
879 502 1226 568 charitatem,
1254 512 1316 558 ut
1340 507 1675 562 conscientia
1706 517 1942 564 testatur
1959 551 1993 577 ,,
2010 519 2066 565 et

496 597 694 658 praeter
728 591 1064 645 voluntatem
1114 594 1463 649 conscribere
1515 596 1900 651 sustinuimus.
1955 598 2066 652 Deo

497 688 680 734 autem
716 681 917 750 gratias
944 683 1158 752 agimus
1181 700 1281 753 pro
1302 686 1453 739 omni
1488 686 1635 762 dono
1661 689 1781 760 ejus
1809 688 1866 743 in
1890 690 2067 743 omni-

498 769 621 837 bus,
652 772 709 826 in
737 773 935 829 saecula
962 775 1306 830 saeculorum.
1340 776 1534 832 Amen.

1061 1171 1477 1228 PROOEMIUM.

568 1304 848 1358 Allaturus
880 1303 935 1356 in
975 1304 1214 1358 medium
1243 1293 1599 1358 auctoritates
1621 1312 1935 1359 sanctorum
1959 1307 2063 1361 Pa-

501 1403 670 1455 trum,
702 1394 771 1449 ad
804 1392 1276 1448 conﬁrmationem
1320 1409 1512 1448 eorum
1566 1409 1686 1463 quae
1722 1396 2060 1464 scripsimus,

499 1500 631 1555 rogo
680 1485 941 1539 lectorem
969 1524 983 1548 ,
1040 1493 1101 1537 ut
1134 1484 1384 1539 advertat
1412 1485 1655 1539 animum
1691 1504 1704 1539 :
1739 1488 2063 1556 prudentem

497 1578 645 1630 enim
673 1575 980 1628 auditorem
1013 1575 1246 1643 requirit
1280 1575 1534 1629 doctrina
1571 1562 1784 1641 eorum,
1821 1580 1916 1648 qui
1944 1580 2065 1634 fue-

497 1674 628 1718 runt
651 1665 1007 1720 admirabiles
1035 1666 1270 1735 Spiritus
1315 1666 1488 1721 sancti
1527 1668 1847 1722 consiliarii.
1881 1669 2061 1726 Labo-

498 1760 584 1806 rat
611 1752 758 1807 enim
778 1768 981 1817 sermo,
1008 1754 1236 1808 auribus
1259 1754 1549 1823 imperitia:
1575 1756 1832 1811 sordibus
1850 1759 2063 1814 onustis

2171 1741 2252 1826 αῖς
2274 1741 2483 1831 ἐνηχῶν
2521 1761 2884 1824 ἀπαιδευσίας
2913 1760 3085 1833 ῥύπῳ
3118 1746 3566 1831 βεϐαρημέναις.
3618 1741 3746 1814 ’Πέ-

496 1852 777 1913 exceptus.
808 1843 955 1898 Sicut
992 1845 1185 1898 monile
1211 1842 1451 1912 aureum,
1495 1847 1572 1900 ait
1605 1848 1826 1916 sapiens
1854 1849 1909 1903 in
1930 1849 2064 1904 Pro-

496 1934 724 2001 verbiis,
742 1944 790 1989 et
811 1936 1048 1989 sardium
1078 1938 1257 2007 magni
1285 1938 1439 2006 pretii
1461 1936 1765 2007 alligatum,
1792 1940 1865 1992 sic
1894 1956 2065 1994 sermo

494 2025 706 2094 sapiens
735 2025 791 2077 in
819 2024 1035 2078 auribus
1064 2024 1190 2077 bene
1222 2025 1553 2079 audientium
1582 2026 1623 2078 ⁵.
1656 2026 1918 2082 Auditum
1966 2028 2069 2098 igi-

496 2119 589 2164 tur
610 2119 860 2166 nostrum
896 2113 1197 2184 secundum
1242 2128 1461 2172 sensum
1494 2114 1744 2170 divinum
1769 2158 1783 2183 ,
1809 2133 2067 2189 repurge-

496 2216 621 2256 mus
645 2202 716 2256 ab
755 2203 904 2256 omni
952 2216 1119 2258 onere
1168 2219 1235 2258 ex
1265 2205 1658 2274 anticipatione
1688 2207 1926 2262 conﬂato
1948 2247 1964 2274 ,
2010 2217 2067 2263 et

496 2299 736 2346 mentem
750 2292 969 2347 surdam
991 2292 1277 2348 reddente.
1291 2294 1410 2349 Jam
1429 2295 1576 2349 enim
1594 2297 1798 2351 nubem
1819 2299 2065 2365 testium,

496 2382 641 2437 sicut
670 2382 965 2451 Apostolus
1016 2384 1093 2437 ait
1120 2385 1162 2448 ⁸,
1199 2385 1588 2452 producemus.
1633 2388 1690 2442 Si
1729 2389 1869 2444 forte
1900 2392 2066 2446 tantis

497 2473 696 2528 cedant
715 2475 807 2542 qui
831 2483 1154 2543 repugnant.
1189 2474 1474 2544 Siquidem
1505 2486 1733 2546 propter
1762 2482 2072 2535 contentio-.

496 2578 625 2619 nem
654 2580 685 2618 a
717 2565 1021 2634 majoribus
1056 2580 1247 2621 eorum
1288 2567 1544 2621 traditam
1580 2584 1687 2622 non
1709 2570 2068 2639 produximus

497 2656 879 2710 auctoritatem
919 2657 1254 2727 ambiguam,
1288 2667 1383 2714 aut
1421 2674 1543 2727 qua:
1569 2659 1865 2729 dupliciter
1892 2664 2067 2732 accipi

497 2752 703 2811 posset,
736 2759 839 2798 nec
865 2745 1131 2814 ignobiles
1165 2748 1357 2802 Patres
1388 2756 1559 2803 testes
1584 2750 1880 2805 citavimus
1902 2793 1916 2817 ,
1971 2754 2068 2808 scd

498 2830 685 2899 potius
717 2831 1076 2901 clarissimos,
1118 2845 1174 2891 et
1215 2830 1309 2906 qui
1361 2838 1585 2894 fuerunt
1627 2841 2069 2911 splendidissima

497 2918 652 2973 orbis
675 2921 883 2976 lumina
907 2922 974 2977 ad
1000 2922 1295 2979 dicendum
1325 2928 1700 2982 testimonium
1731 2932 2063 2987 vocavimus.

498 3006 972 3080 Produximusque
1003 3013 1320 3068 testimonia
1349 3015 1793 3070 manifestissima
1814 3058 1828 3082 ,
1876 3026 1933 3071 et
1966 3019 2070 3072 mi-

496 3099 647 3154 nime
673 3101 876 3168 dubia;
903 3110 964 3156 ut
1010 3119 1228 3159 omnem
1270 3122 1461 3160 eorum
1496 3106 1758 3161 adversus
1779 3108 2065 3163 veritatem

496 3193 957 3263 excogitationem
985 3196 1426 3250 excluderemus.
1463 3197 1581 3250 Non
1608 3198 1961 3254 rccitavimus
1987 3210 2067 3255 tc-

497 3283 774 3348 stimonia,
811 3286 865 3337 in
889 3286 1088 3353 quibus
1111 3295 1217 3349 est,
1268 3301 1333 3339 ex
1363 3287 1567 3354 quibus
1608 3295 1666 3341 et
1692 3302 1722 3340 a
1760 3289 1981 3357 quibus,
2012 3299 2070 3345 et

496 3372 567 3428 de
596 3374 800 3442 quibus
841 3374 1083 3439 (scilicet
1108 3375 1356 3443 naturis)
1406 3383 1463 3429 et
1506 3389 1635 3431 ante
1667 3377 1927 3433 unionem
1952 3421 1967 3445 ,
2007 3389 2070 3434 ut

497 3462 633 3529 ipsis
669 3463 849 3531 placet
894 3478 1092 3518 vocare
1119 3504 1133 3527 ,
1188 3473 1283 3518 aut
1318 3465 1375 3518 in
1409 3465 1634 3532 unione,
1679 3479 1735 3521 et
1765 3471 2067 3525 nonetiam

496 3559 622 3619 post
648 3551 941 3617 unionem;
975 3553 1248 3622 siquidem
1282 3561 1368 3609 est
1393 3556 1696 3610 secundum
1742 3558 2068 3627 sapientiam

496 3640 725 3695 istorum
755 3642 879 3697 [illis
920 3644 1083 3713 hujus
1126 3646 1345 3702 unionis
1372 3665 1385 3700 :
1410 3647 1507 3702 sed
1550 3647 1914 3706 indicavimus
1945 3666 2070 3706 san-

495 3736 635 3793 ctos,
675 3730 767 3800 qui
793 3730 848 3785 in
888 3733 1218 3789 testimoniis
1246 3736 1365 3790 suis
1394 3736 1657 3792 dixerunt
1686 3738 1739 3791 in
1762 3739 1980 3807 quibus,
2012 3749 2068 3795 et

494 3834 595 3888 per
625 3836 781 3890 quas.
807 3830 863 3876 et
882 3831 1165 3894 utrasque,
1198 3834 1254 3879 et
1273 3842 1372 3895 per
1402 3828 1612 3892 ambas,
1645 3837 1701 3882 et
1735 3828 1925 3884 ambas
1972 3847 2069 3885 ua-

498 3920 683 3978 turas,
732 3922 788 3968 et
821 3916 1157 3986 substantias
1184 3920 1547 3983 exsistentes,
1610 3928 1666 3974 et
1710 3929 1957 3976 servatas
2012 3923 2067 3976 in

496 4000 719 4066 unione,
738 4003 864 4058 etin
887 4012 1103 4075 tempus
1118 4006 1391 4061 inﬁnitum
1413 4008 1847 4063 indivisibilesin
1867 4010 2069 4079 unione

495 4092 798 4147 secundum
833 4095 1193 4150 substantiam
1230 4097 1594 4168 hypostatica.

565 4206 619 4262 Si
653 4207 779 4277 quis
813 4216 996 4262 autem
1027 4208 1223 4264 borum
1260 4211 1668 4266 multitudinem
1701 4213 1789 4267 vel
1826 4215 2069 4268 auctori-

496 4306 661 4352 tatem
692 4314 1054 4368 pcrsonarum
1082 4342 1095 4365 ,
1134 4302 1277 4356 sicut
1320 4302 1413 4356 ille
1441 4303 1642 4372 impius
1662 4345 1676 4370 ,
1720 4319 1885 4372 quem
1920 4304 2071 4359 Scri—

2166 506 2558 576 χειραγωγοῖτε
2608 504 2735 566 τοὺς
2789 501 3217 570 ἁπλουστέρους,
3250 501 3348 552 ἐπὶ
3380 499 3499 569 τὴν
3531 499 3632 552 διὰ
3656 500 3768 550 τοῦ-

2166 614 2273 651 των
2309 595 2748 665 ἀναφαινομένην
2779 596 2837 646 ὲν
2882 596 2993 656 τοῖς
3044 592 3217 659 ἁγίοις
3270 590 3581 659 [lat-piam
3640 591 3765 641 είλι-
3858 590 3875 679 ’χ

2166 690 2323 759 κρινῆ
2364 689 2459 741 καὶ
2492 685 2739 756 καθαρὰν
2771 685 2870 754 τῆς
2909 683 3164 754 ἀληθείας
3198 682 3402 750 αὐγὴν,
3455 681 3565 733 καὶ
3616 680 3765 750 ήμῡν

2165 777 2555 849 ὐπερεύχεσθε,
2580 777 2648 830 δι’
2680 776 2918 846 ἀγάπην,
2946 775 3018 836 ὡς
3041 773 3102 826 τὸ
3161 773 3406 836 συνειδὸς
3465 775 3761 841 μαρτυρεῖ,

2165 869 2336 923 ταῦτα
2359 864 2688 936 συγγράψαι,
2711 866 2807 921 καὶ
2842 865 2994 935 παρὰ
3055 864 3386 934 προαίρεσιν
3445 863 3759 930 ἀνασχομέ-

2166 978 2293 1014 νων.
2332 961 2423 1029 Τῳ
2453 961 2509 1011 δὲ
2541 958 2658 1027 θεῷ
2681 955 3001 1026 εὐχαριστία
3034 954 3176 1024 ὑπὲρ
3210 953 3399 1021 πάσης
3428 951 3545 1020 τῆς
3576 953 3637 1003 ἐν
3664 953 3758 1003 πᾶ-

2169 1068 2252 1104 σιν
2277 1048 2441 1103 αὐτοῦ
2464 1048 2690 1119 δωρεᾶς,
2714 1049 2793 1109 είς
2816 1046 2940 1107 τοὺς
2969 1043 3193 1105 αἰῶνας.
3229 1043 3439 1112 Ἀμήν.

2201 1181 2582 1235 ΠΡΟΟΙΜΙΟΝ
2610 1178 2930 1233 ΧΡΗΣΕΩΝ
2958 1176 3093 1228 ΤΩΝ
3131 1174 3343 1228 ΑΓΙΩΝ
3389 1175 3738 1230 [ΙΔΤΕΡΩΝ.

2234 1311 2454 1365 Μέλλων
2505 1311 2604 1373 τὰς
2659 1311 2882 1380 χρήσεις
2937 1306 3341 1379 παρατίθεσθαι

2166 1403 2421 1472 Πατὲρων
2453 1401 2591 1472 πρὸς
2612 1401 2907 1471 βεϐαίωσιν
2929 1399 3040 1453 τῶν
3063 1398 3358 1468 ἡμετέρων
3393 1398 3611 1466 λόγων,
3643 1400 3750 1450 ἑπι-

2167 1493 2358 1562 στῆσαι
2385 1492 2478 1545 τὸν
2508 1492 2634 1545 νοῦν
2662 1492 2754 1544 τὸν
2805 1491 3203 1560 ἐντυγχάνοντα
3228 1491 3561 1560 παρακαλῶ
3582 1508 3601 1521 ο
3644 1508 3750 1543 συν-

2164 1582 2286 1634 ετοῦ
2309 1581 2418 1652 γὰρ
2433 1581 2601 1634 δεῖται
2622 1579 2897 1650 ἀκροατοῦ
2921 1582 2955 1650 ἡ
2973 1579 3083 1632 τῶν
3102 1579 3450 1648 θαυμαστῶν
3470 1579 3579 1632 τοῦ
3600 1581 3751 1632 Ilva}-
3858 1600 3871 1627 ι

2168 1690 2334 1743 ματος
2356 1658 2678 1742 συμϐούλων
2705 1672 3006 1734 παίδευσις.
3037 1672 3255 1750 Κάμνει
3286 1672 3404 1741 γὰρ
3432 1670 3603 1738 λόγος

2167 1868 2282 1918 περ
2320 1850 2431 1920 γὰρ
2452 1849 2699 1924 ἐφῖώτιον
2726 1850 3019 1918 χρυσοῦν,
3049 1850 3151 1903 καὶ
3190 1849 3462 1918 σάρδιον
3508 1854 3747 1903 ,πολυτε-

2165 1941 2270 2007 λὲς
2286 1941 2605 2007 ἐνδέδεται,
2622 1942 2776 1995 οὕτω
2797 1942 2979 2007 λόγος
3005 1941 3199 2009 σοφὸς
3222 1943 3314 2005 είς
3329 1936 3454 2007 οὖς
3470 1941 3741 2004 εὺήιοον,

2165 2032 2197 2099 ἡ
2226 2031 2363 2100 σοφὴ
2398 2030 2778 2099 ἀπεφθέγξατο
2822 2029 3118 2099 Παροιμία.
3140 2029 3357 2082 Οὐκοῦν
3394 2030 3462 2082 τὸ
3487 2031 3635 2082 κατὰ
3663 2031 3742 2099 τήν

2167 2119 2316 2172 θείαν
2347 2119 2598 2187 αἴσθησιν
2626 2119 2948 2171 ἀκουστικὸν
2973 2118 3150 2188 ήμῶν,
3178 2119 3393 2181 παντὸς
3427 2120 3745 2190 ἐκκαθάραν-

2170 2224 2268 2277 μεν
2298 2206 2495 2277 ἄχθους
2548 2207 2643 2260 τοῦ
2694 2209 2760 2261 ὲκ
2802 2206 3122 2278 προλήψεως
3171 2210 3610 2278 συνισταμένου,
3665 2210 3745 2261 καὶ

2166 2297 2586 2366 ἀποκωφοῦντος
2610 2297 2702 2350 τὸν
2729 2297 2857 2351 νοῦν
2888 2314 2904 2330 ο
2938 2298 3039 2367 ήδη
3074 2297 3130 2349 δὲ
3176 2298 3237 2350 τὸ
3288 2299 3410 2353 τῶν
3462 2301 3744 2371 μαρτύρων

2167 2388 2345 2457 νέφος,
2367 2382 2583 2460 φησιν
2612 2389 2641 2440 ὁ
2687 2387 3031 2450 Ἀπόστολος,
3056 2386 3377 2456 ἐποίσομεν,
3412 2388 3485 2443 ἂν
3514 2392 3625 2460 ἄρα
3657 2392 3743 2442 κᾶν

2166 2481 2279 2541 τοῖς
2301 2477 2639 2548 τηλικούτοις
2677 2478 2897 2543 εἴξωσιν
2945 2479 2995 2530 οἱ
3039 2477 3429 2542 ἀπειθοῦντες.
3486 2482 3605 2534 Καὶ
3651 2485 3743 2550 γὰρ

2167 2568 2266 2638 τῆς
2297 2567 2472 2621 αὐτῶν
2505 2568 2985 2639 πατροπαραδότου
3013 2569 3351 2638 φιλονεικίας
3382 2570 3606 2637 ἕνεκεν,
3636 2570 3740 2623 οὐτε

2167 2647 2502 2730 διλήμματον
2535 2661 2568 2729 ή
2603 2659 2905 2728 ἀμφίϐολον
2943 2662 3139 2730 χρῆσιν
3164 2646 3741 2732 παρηγάγομεν,”οὒτι

2172 2753 2278 2823 μὴν
2306 2751 2678 2821 ἀσημοτέρους
2708 2752 2955 2822 Πατέρας
2980 2753 3525 2823 ὲπεμαρτυράμεθα.
3556 2754 3745 2814 Αὐτοὺς

2169 2836 2223 2894 δὲ
2246 2843 2373 2905 τοὺς
2406 2842 2759 2909 φανοτάτους,
2783 2842 2881 2894 καὶ
2917 2842 3061 2912 μέγα
3098 2844 3155 2893 ὲν
3186 2846 3250 2912 τῇ
3288 2844 3606 2916 οἰκουμένη
3626 2846 3743 2914 λάμ-

2169 2934 2375 3003 ψαντας
2407 2932 2848 3001 ὲπεϐοησάμεθα,
2883 2933 3362 3003 καὶλτρανωτὰτας
3382 2935 3491 2987 καὶ
3521 2938 3742 3004 ἀναμφι-

2169 3025 2394 3088 λέκτους
2429 3024 2729 3094 μαρτυρίας
2782 3024 3267 3093 είσκεκομῖκαμεν,
3326 3025 3527 3078 πᾶσαν
3584 3026 3743 3085 nimi;

2169 3115 2551 3183 ἀποκλείοντες
2583 3116 2724 3168 κατά
2751 3115 2852 3183 τῆς
2873 3114 3131 3184 ἀληθείας
3155 3115 3432 3167 ἐπίνοιαν.
3471 3117 3552 3168 Οὐ
3586 3117 3679 3177 τὶς
3698 3115 3745 3177 ἐξ

2169 3201 2238 3259 ὧν
2271 3206 2305 3278 ἢ
2339 3208 2430 3276 ἀφ’
2460 3201 2534 3260 ὧν
2566 3207 2598 3274 ἢ
2636 3207 2764 3277 παρ’
2810 3200 2906 3268 ὧν,
2939 3206 3035 3259 καλ⁹
3068 3205 3176 3275 πρὸ
3211 3207 3311 3274 τῆς
3362 3205 3643 3271 ὲνώσεως,
3683 3208 3744 3265 ὡς

2169 3298 2349 3359 αὐτοῖς
2383 3296 2533 3365 φίλον
2566 3296 2768 3358 καλεῖν,
2799 3296 2831 3365 ἢ
2863 3297 2920 3348 ὲν
2966 3297 3033 3365 τῇ
3092 3294 3307 3359 ὲνὼσει,
3349 3296 3455 3347 καὶ
3503 3297 3626 3365 οὐχὶ
3666 3296 3744 3347 καὶ

2171 3386 2309 3456 μετά
2334 3386 2431 3458 τὴν
2452 3386 2647 3439 ἕνωσιν
2682 3402 2695 3415 ’
2731 3386 2889 3456 εἴπερ
2949 3386 3069 3438 ἐστὶ
3104 3385 3244 3437 κατά
3282 3386 3385 3455 τὴν
3438 3386 3628 3439 αὐτῶν
3672 3401 3744 3438 σο-

2169 3477 2294 3546 φίαν
2331 3477 2535 3547 ταύτης
2573 3476 2745 3537 τέλος.
2777 3475 2911 3529 ἀλλά
2945 3476 3043 3538 τὰς
3069 3477 3127 3528 ἐν
3156 3471 3259 3539 οἷς,
3287 3478 3387 3528 καὶ
3426 3477 3501 3529 δι’
3540 3471 3743 3544 Emitt-

2169 3569 2400 3639 φοτέρας
2432 3585 2491 3620 τε
2519 3571 2613 3620 καὶ
2639 3567 2704 3619 δι’
2736 3568 2942 3635 ἀμφοῖν
2971 3566 3069 3618 καὶ
3095 3568 3284 3634 ἄμφω,
3316 3566 3527 3634 φύσεις
3563 3584 3622 3619 τε
3667 3566 3745 3617 ni

2169 3659 2377 3724 οὐσίας,
2398 3657 2565 3720 οὔσας
2593 3674 2652 3709 τε
2685 3659 2778 3710 καὶ
2811 3657 3221 3726 φυλαττομένας
3253 3655 3312 3708 ἓν
3343 3673 3404 3708 τε
3442 3661 3518 3727 τῇ
3551 3657 3742 3715 subat.

2169 3751 2261 3802 καλ⁸
2309 3751 2388 3812 είς
2433 3748 2660 3818 ἄπειρον
2710 3747 3048 3818 ἀδιαιρέτους
3085 3763 3099 3776 ·
3158 3748 3217 3799 ὲν
3268 3750 3338 3817 τῇ
3391 3750 3526 3799 κατ’
3573 3748 3744 3799 οὐσίαν

2169 3840 2509 3908 ὐποστατικῇ
2552 3837 2766 3904 ὲνὼσει,
2830 3837 3185 3906 ὑπεφήναμεν
3231 3838 3363 3899 τοὺς
3414 3837 3617 3905 ἁγίους
3657 3852 3742 3886 κα·

2169 3931 2584 3999 ταγγείλαντας.
2994 3928 2998 3932 ⁴
3684 3932 3691 3937 ’

2167 2934 2375 3003 ψαντας
2407 2932 2848 3001 ὲπεϐοησάμεθα,
2883 2933 3362 3003 καὶλτρανωτὰτας
3382 2935 3491 2987 καὶ
3521 2938 3742 3004 ἀναμφι-

2168 3025 2394 3088 λέκτους
2429 3024 2729 3094 μαρτυρίας
2782 3024 3267 3093 είσκεκομῖκαμεν,
3326 3025 3527 3078 πᾶσαν
3584 3026 3743 3085 nimi;

2169 3115 2551 3183 ἀποκλείοντες
2583 3116 2724 3168 κατά
2751 3115 2852 3183 τῆς
2873 3114 3131 3184 ἀληθείας
3155 3115 3432 3167 ἐπίνοιαν.
3471 3117 3552 3168 Οὐ
3586 3117 3679 3177 τὶς
3698 3115 3745 3177 ἐξ

2166 3201 2238 3259 ὧν
2271 3206 2305 3278 ἢ
2339 3208 2430 3276 ἀφ’
2460 3201 2534 3260 ὧν
2566 3207 2598 3274 ἢ
2636 3207 2764 3277 παρ’
2810 3200 2906 3268 ὧν,
2939 3206 3035 3259 καλ⁹
3068 3205 3176 3275 πρὸ
3211 3207 3311 3274 τῆς
3362 3205 3643 3271 ὲνώσεως,
3683 3208 3744 3265 ὡς

2167 3298 2349 3359 αὐτοῖς
2383 3296 2533 3365 φίλον
2566 3296 2768 3358 καλεῖν,
2799 3296 2831 3365 ἢ
2863 3297 2920 3348 ὲν
2966 3297 3033 3365 τῇ
3092 3294 3307 3359 ὲνὼσει,
3349 3296 3455 3347 καὶ
3503 3297 3626 3365 οὐχὶ
3666 3296 3744 3347 καὶ

2171 3386 2309 3456 μετά
2334 3386 2431 3458 τὴν
2452 3386 2647 3439 ἕνωσιν
2682 3402 2695 3415 ’
2731 3386 2889 3456 εἴπερ
2949 3386 3069 3438 ἐστὶ
3104 3385 3244 3437 κατά
3282 3386 3385 3455 τὴν
3438 3386 3628 3439 αὐτῶν
3672 3401 3744 3438 σο-

2168 3477 2294 3546 φίαν
2331 3477 2535 3547 ταύτης
2573 3476 2745 3537 τέλος.
2777 3475 2911 3529 ἀλλά
2945 3476 3043 3538 τὰς
3069 3477 3127 3528 ἐν
3156 3471 3259 3539 οἷς,
3287 3478 3387 3528 καὶ
3426 3477 3501 3529 δι’
3540 3471 3743 3544 Emitt-

2168 3569 2400 3639 φοτέρας
2432 3585 2491 3620 τε
2519 3571 2613 3620 καὶ
2639 3567 2704 3619 δι’
2736 3568 2942 3635 ἀμφοῖν
2971 3566 3069 3618 καὶ
3095 3568 3284 3634 ἄμφω,
3316 3566 3527 3634 φύσεις
3563 3584 3622 3619 τε
3667 3566 3745 3617 ni

2165 3659 2377 3724 οὐσίας,
2398 3657 2565 3720 οὔσας
2593 3674 2652 3709 τε
2685 3659 2778 3710 καὶ
2811 3657 3221 3726 φυλαττομένας
3253 3655 3312 3708 ἓν
3343 3673 3404 3708 τε
3442 3661 3518 3727 τῇ
3551 3657 3742 3715 subat.

2166 3751 2261 3802 καλ⁸
2309 3751 2388 3812 είς
2433 3748 2660 3818 ἄπειρον
2710 3747 3048 3818 ἀδιαιρέτους
3085 3763 3099 3776 ·
3158 3748 3217 3799 ὲν
3268 3750 3338 3817 τῇ
3391 3750 3526 3799 κατ’
3573 3748 3744 3799 οὐσίαν

2169 3840 2509 3908 ὐποστατικῇ
2552 3837 2766 3904 ὲνὼσει,
2830 3837 3185 3906 ὑπεφήναμεν
3231 3838 3363 3899 τοὺς
3414 3837 3617 3905 ἁγίους
3657 3852 3742 3886 κα·

2168 3931 2584 3999 ταγγείλαντας.
2994 3928 2998 3932 ⁴
3684 3932 3691 3937 ’

2241 4215 2302 4267 Ei
2355 4214 2410 4265 δέ
2454 4229 2535 4275 τις
2564 4211 2625 4262 τὸ
2652 4208 2855 4262 τούτων
2897 4205 3120 4271 πλῆθος,
3145 4206 3177 4276 ἢ
3203 4205 3309 4257 τῶν
3347 4208 3668 4276 προσώπων
3693 4205 3743 4255 τὸ

2169 4306 2500 4370 ἀξιόπιστον,
2525 4300 2666 4356 κατά
2682 4299 2773 4354 τδν
2788 4301 2845 4351 ὲν
2865 4300 2939 4370 τῇ
2958 4299 3150 4368 Γραφῇ
3183 4296 3358 4367 ἀσεϐῆ
3382 4299 3493 4359 οὐκ
3534 4299 3741 4352 αἰδεῖται

492 4394 657 4454 ptura
693 4387 827 4441 dicit
851 4389 894 4453 ⁷,
923 4404 1034 4443 non
1064 4398 1387 4456 reveretur;
1411 4391 1488 4445 ait
1511 4395 1658 4446 enim
1682 4410 1695 4445 :
1722 4393 1926 4461 Impius
1951 4402 2053 4458 est,

2171 4395 2410 4471 [Ἀσεϐὴς
2427 4393 2555 4464 γὰρ,
2572 4389 2829 4463 φησὶν,ὃς
2844 4390 2944 4442 οὐκ
2958 4388 3156 4461 ᾐδέσθη
3173 4389 3476 4458 πρόσωπον
3493 4386 3738 4457 ἐντίμου),

494 4478 588 4545 qui
614 4492 725 4531 non
760 4489 1044 4532 reveretur
1070 4495 1363 4548 personam
1392 4481 1648 4537 honorati
1680 4502 1692 4536 :
1726 4484 1842 4553 ipse
1878 4492 2059 4541 autem

496 4565 710 4633 ignotas
735 4567 1091 4630 auctoritates
1116 4608 1131 4632 ,
1175 4577 1231 4623 et
1261 4584 1372 4622 non
1426 4572 1511 4625 vel
1556 4588 1621 4626 ex
1655 4575 1790 4642 ipsis
1816 4577 2064 4647 cognitas

495 4656 579 4708 vel
614 4669 678 4707 ex
716 4656 858 4721 aliis,
897 4658 982 4713 his
1016 4661 1222 4715 nostris
1269 4663 1577 4717 contrarias
1631 4665 1909 4733 producit,
1969 4668 2064 4724 de-

496 4739 761 4804 monstret
795 4751 947 4821 prius
978 4768 1087 4807 non
1123 4770 1243 4810 esse
1286 4757 1508 4811 illorum
1558 4759 1657 4813 has
1688 4759 1906 4815 nostras
1933 4803 1948 4827 ,
2010 4773 2066 4819 et

490 4837 576 4899 sic
610 4841 744 4898 istas
790 4846 1140 4916 recipiemus.
1179 4849 1431 4915 Quandiu
1483 4852 1627 4905 enim
1672 4853 1757 4907 hae
1795 4855 1928 4910 satis
1971 4855 2064 4910 ﬁr-

494 4930 698 4988 mitatis
753 4935 991 5009 habent,
1048 4946 1274 5007 propter
1305 4940 1655 5009 splendorem
1698 4941 1963 4997 librorum
2010 4953 2067 5000 et

493 5035 719 5096 propter
748 5028 1090 5084 nobilitatem
1122 5029 1365 5095 Patrum,
1417 5031 1539 5085 illas
1563 5033 1648 5087 vel
1682 5048 1792 5087 non
1828 5034 2063 5103 recipie-

447 5115 477 5138 λ’
497 5132 620 5172 mus
640 5135 672 5174 a
702 5121 995 5191 principio,
1023 5137 1147 5176 cum
1169 5123 1258 5177 bis
1280 5130 1591 5194 pugnantes
1615 5141 1627 5176 :
1647 5125 1732 5178 vel
1758 5124 1801 5178 si
1834 5125 2066 5194 recipia-

495 5224 654 5275 mus,
707 5219 966 5283 tanquam
1022 5229 1148 5269 cum
1199 5214 1287 5269 his
1338 5214 1779 5279 consentientes,
1827 5225 1886 5269 ct
1914 5216 2065 5271 nullo

497 5300 661 5356 modo
700 5301 1074 5374 discrepantes
1096 5305 1447 5374 recipiemus.
1478 5303 1676 5360 Conari
1719 5305 1866 5360 enim
1913 5307 2067 5363 theo-

498 5390 651 5463 logos
691 5394 761 5449 ad
792 5397 1285 5452 contradictionem
1318 5398 1591 5452 adducere
1617 5439 1631 5462 ,
1665 5409 1721 5453 ct.
1744 5399 1924 5452 dicere
1948 5415 1979 5454 a
2009 5416 2065 5455 se

498 5480 634 5553 ipsis
679 5483 993 5553 dissentire,
1040 5489 1127 5542 hic
1172 5498 1401 5561 conatus
1438 5496 1728 5557 susceptus
1755 5499 1809 5543 ct
1840 5490 1943 5543 hoc
1976 5505 2066 5543 ne-

2164 4491 2411 4561 ἀσήμους
2441 4486 2496 4539 δὲ
2552 4485 2645 4538 καὶ
2669 4483 2768 4535 οὐκ
2789 4479 3162 4551 ἐγνωσμένας,
3186 4479 3263 4542 ὡς
3288 4479 3349 4541 ἐξ
3371 4481 3563 4532 αὐτῶν
3587 4482 3618 4549 ἡ
3640 4481 3740 4531 ἑτέ-

2167 4600 2295 4655 ρων,
2319 4579 2531 4637 τούτοις
2561 4574 2811 4637 ἐναντίας
2865 4573 3087 4642 χρήσεις
3125 4569 3487 4641 προκομίζοι,
3530 4570 3743 4636 δειξάτω

2165 4672 2403 4741 πρῶτον,
2437 4670 2518 4721 ὅτι
2554 4666 2628 4736 μὴ
2658 4658 2820 4718 αὗται
2843 4662 3068 4716 ἐκείνων
3087 4656 3246 4715 οὖσαι
3274 4661 3644 4729 τυγχάνουσι,
3663 4660 3741 4712 καὶ

2165 4762 2337 4824 οὕτως
2362 4759 2574 4819 ὲκείνας
2605 4753 2917 4824 δεξαίμεθα,
2952 4753 3092 4816 Ἕως
3128 4752 3175 4804 δ’
3205 4751 3272 4805 ἀν
3303 4747 3466 4805 αὗται
3501 4753 3569 4805 τὸ
3611 4756 3741 4821 ἰσχυ-

2168 4855 2261 4927 ρὸν
2296 4851 2502 4922 ἔχουσι,
2529 4850 2596 4918 τῇ
2626 4864 2684 4900 τε
2730 4846 2840 4899 τῶν
2899 4843 3295 4912 συνταγμάτων
3348 4843 3706 4915 λαμπρά-ξητι
3728 4882 3743 4905 ,

2167 4944 2260 4999 καὶ
2298 4940 2625 5012 περιφανείᾳ
2649 4939 2715 5008 τῇ
2741 4937 2848 4991 τῶν
2870 4936 3153 5007 Πατέρων,
3187 4934 3403 4997 ὲκείνας
3448 4934 3487 5005 ῆ
3539 4937 3605 4989 οὐ
3659 4951 3746 4986 πα.

2176 5031 2537 5106 ραδεξαίμεοα
2555 5030 2652 5100 τὴν
2670 5026 2866 5100 ἀρχὴν,
2891 5026 3034 5080 κατὰ
3053 5024 3259 5078 τούτων
3283 5026 3743 5093 στρατευομένας·

2171 5124 2203 5193 ἢ
2235 5123 2538 5191 δεξάμενοι,
2571 5120 2646 5182 ὼς
2679 5119 2971 5188 σύμφωνον
2989 5115 3201 5177 τούτοις
3226 5113 3457 5183 ἐχούσας
3491 5114 3746 5172 διάνοιαν.

2174 5218 2268 5268 καὶ
2295 5213 2415 5266 κατ’
2449 5212 2602 5264 οὐδὲν
2638 5210 2950 5280 μαχομένας
2979 5205 3345 5276 ὲκδεξὼμεθα.
3397 5204 3473 5256 T0
3519 5206 3637 5275 γὰρ
3678 5207 3747 5264 εἰς

2171 5308 2457 5375 ἀντίφασιν
2484 5303 2774 5374 πειρᾶσθαι
2803 5301 2930 5363 τοὺς
2963 5298 3245 5367 θεολόγους
3267 5297 3443 5365 ἄγειν,
3464 5299 3570 5350 καὶ
3585 5300 3750 5362 sm

2174 5396 2383 5465 φώνους
2418 5393 2601 5463 σφίσιν
2631 5394 2828 5454 αὐτοὺς
2875 5389 3202 5461 γεγενῆσθαι
3245 5388 3429 5457 λέγειν
3456 5404 3468 5416 ο
3515 5388 3582 5439 οὐ
3639 5384 3749 5439 καθ’

2174 5488 2329 5557 ἡμῶν
2370 5489 2484 5540 ἐστι
2531 5488 2590 5539 τὸ
2638 5484 2976 5555 ἐγχείρημα·
3014 5480 3155 5535 κατά
3184 5478 3243 5533 δὲ
3281 5478 3380 5565 τῆς
3414 5478 3651 5531 ἐκείνων
3674 5475 3751 5526 56-

573 5682 594 5713 ⁸
623 5681 783 5737 Prov.
821 5700 942 5749 xxv,
980 5688 1040 5738 l~2
1066 5701 1177 5739 sec.
1209 5685 1367 5739 LXX.
1414 5685 1433 5713 ⁶
1461 5683 1633 5738 Ilcbr.
1673 5701 1761 5752 xu,
1799 5686 1845 5741 l.
1908 5688 1926 5718 ⁷
1978 5685 2066 5755 Sa]

2178 5703 2219 5751 ι,
2263 5685 2346 5740 10.
