3912 6298
209 301 356 370 1309

1267 311 1564 374 CONTRA
1601 314 1920 379 NESTOB.
1961 319 2058 380 ET
2100 322 2420 387 EUTYCH.

3309 334 3443 399 1310

200 407 336 480 ξης,
367 408 568 477 μᾶλλον
596 408 651 463 δὲ
685 408 783 480 τῆς
819 410 911 469 τοῦ
948 412 1184 478 Παύλου,
1240 418 1351 483 καὶ,
1376 415 1491 470 ἐστι
1539 418 1640 488 τῆς
1684 419 1776 473 τοῦ

1883 424 2088 494 gotium
2122 445 2232 484 non
2255 442 2341 487 est
2378 442 2570 490 contra
2597 452 2718 504 nos,
2752 439 2846 494 sed
2867 448 3063 516 contra
3088 441 3303 497 illorum
3326 449 3444 516 glo-

204 501 374 567 ἁγίου
404 503 722 570 Πνεύματος
753 502 1060 571 αύθεντίας,
1106 507 1201 559 καὶ
1239 509 1334 562 τοῦ
1391 511 1448 563 ὲν
1500 509 1647 580 αὑτῷ
1692 510 1785 565 λα-

199 583 433 649 λοῦντος
462 587 722 658 Χριστοῦ.
756 589 911 643 Μετὰ
969 592 1077 667 γὰρ
1133 596 1258 658 τοὺς
1312 595 1642 661 ἀποστόλους
1690 600 1784 652 καὶ

200 678 340 738 τοὺς
380 680 686 748 προφήτας,
737 680 795 732 ἐν
824 682 890 751 τῇ
940 672 1235 755 Ἐκκλησία
1257 686 1381 749 τοὺς
1408 686 1780 753 διδασκάλους,

197 768 355 820 κατὰ
386 770 487 839 τὴν
519 769 919 840 ἀνεξιχνίαστον
948 774 1040 825 τοῦ
1094 775 1406 844 Πνεύματος
1446 779 1778 847 οἰκονομίαν,

198 857 452 910 τέθεικεν
484 859 512 910 ὁ
538 858 690 925 Θεὸς,
721 862 799 922 είς
827 861 986 930 ἔργον
1027 863 1348 931 διακονοίας,
1378 867 1458 928 εἰς
1487 868 1781 940 οἰκοδομὴν

196 946 304 1000 τοῦ
340 949 589 1020 σώματος
631 951 726 1005 τοῦ
756 953 1011 1023 Χριστοῦ.
1046 956 1252 1009 Οὐκοῦν
1297 959 1325 1010 ὁ
1380 958 1504 1021 τοὺς
1537 960 1781 1030 Πατέρας

202 1038 291 1108 μὴ
323 1039 611 1107 δεχόμενος
640 1042 768 1104 τοὺς
792 1042 1067 1112 διαφανεῖς
1103 1061 1162 1097 τε
1209 1046 1303 1098 καὶ
1333 1047 1392 1099 ὲν
1428 1050 1513 1118 τῇ
1547 1049 1778 1119 Ἐκκλη-

203 1127 304 1197 σίᾳ
333 1128 428 1181 τοῦ
459 1130 593 1182 Θεοῦ
621 1133 1002 1204 περιϐοήτους,
1032 1136 1323 1207 προφανῶς
1343 1139 1410 1208 τῇ
1430 1138 1657 1209 διαταγῇ
1684 1139 1776 1192 τοῦ

200 1217 347 1270 Θεοῦ
379 1220 607 1289 ἀνθέστη
617 1239 733 1277 κεν.
1034 1212 1037 1215 ἱ

289 1306 355 1359 Τί
412 1309 591 1363 τοίνυν
650 1311 895 1383 διαφέρει
960 1315 1116 1369 οὐσία
1183 1317 1553 1381 ὑποστάσεως,
1613 1319 1779 1389 ἧγουν

202 1397 379 1466 φύσις
402 1401 717 1471 προσώπου,
753 1405 818 1457 ἐκ
849 1405 958 1458 τῶν
1005 1406 1257 1475 μεγάλων
1302 1410 1623 1480 φωστήρων,
1674 1409 1778 1463 Βα-

202 1488 419 1545 σιλείου
443 1509 505 1544 τε
538 1494 634 1546 καὶ
660 1495 983 1566 Γρηγορίου,
1035 1498 1228 1566 μαθεῖν
1292 1499 1497 1563 ἔξεστιν
1529 1517 1544 1532 ο
1581 1499 1778 1563 οἵτινες

197 1579 315 1632 ὑπὸ
348 1582 548 1636 κανόνα
608 1586 702 1638 καὶ
745 1586 869 1655 ὅρον
909 1587 977 1641 τά
1017 1587 1114 1641 νῦν
1156 1591 1288 1659 ἡμῖν
1330 1589 1635 1660 ζητούμενα
1678 1591 1775 1644 ἀν·-

195 1670 438 1738 ήγαγον,
473 1674 660 1742 σαφῶς
685 1675 1014 1742 διδάξαντες,
1042 1679 1095 1730 τί
1124 1679 1222 1748 μὲν
1266 1679 1442 1741 οὑσία,
1467 1681 1521 1732 τί
1556 1681 1613 1734 δὲ
1645 1681 1788 1734 ὑπό-Δ

196 1779 419 1826 στασις,
457 1766 553 1818 καὶ
584 1766 660 1831 ὡς
698 1768 861 1837 φύσις
883 1771 1075 1823 ταυτόν
1106 1744 1222 1824 ἐστι
1245 1775 1313 1843 τῇ
1335 1773 1513 1843 οὐσίᾳ,
1537 1772 1774 1827 ὑπόστα-
1802 1744 1847 1800 Β

195 1853 292 1915 at;
333 1871 393 1908 τε
451 1855 529 1927 τῷ
587 1859 890 1930 προσώπῳ,
946 1862 1043 1914 καὶ
1104 1862 1242 1928 πῶς,
1283 1863 1377 1915 καὶ
1426 1865 1566 1918 κατά
1615 1882 1774 1918 τινων

192 1943 380 1997 ταῦτα
438 1946 677 2016 λέγεται,
721 1950 821 2013 τάς
869 1968 927 2004 τε
953 1952 1296 2022 ἀντωνυμίας
1323 1953 1523 2016 αὐτῶν,
1558 1954 1652 2007 καὶ
1677 1956 1775 2024 τὴν

193 2033 584 2107 ἀντεμπλοκὴν
644 2037 879 2106 ἔμπαλιν
932 2039 1163 2109 ἐχούσης
1213 2041 1313 2108 τῆς
1368 2040 1642 2110 θεολογίας
1704 2044 1772 2112 τῇ

193 2124 510 2195 οἰκονομίᾳ,
547 2128 688 2180 κατὰ
712 2127 809 2197 τὴν
847 2128 954 2180 τῶν
984 2130 1263 2198 ὀνομάτων
1294 2130 1496 2183 τούτων
1555 2129 1774 2195 ὲπίζευ-
1812 2168 1818 2175 -

198 2212 289 2278 ξίν
330 2231 389 2266 τε
421 2215 518 2267 καὶ⁵
565 2216 902 2287 ὑπαλλαγὴν.
949 2218 1104 2271 Μετὰ
1149 2217 1206 2271 δὲ
1265 2217 1362 2288 τὴν
1414 2219 1617 2271 τούτων
1670 2236 1775 2271 πα·-

198 2302 452 2374 ράθεσιν,
491 2308 585 2359 καὶ
631 2307 760 2370 τοὺς
809 2306 999 2371 ἄλλους
1036 2309 1212 2380 ἰεροὺς
1242 2308 1591 2371 διδασκάλους
1636 2325 1775 2379 παρ-

197 2395 409 2463 άξομεν
473 2398 552 2460 εἰς
585 2398 747 2468 μέσον
780 2415 794 2429 ·
836 2400 964 2467 μιᾶς
1006 2416 1108 2451 που
1146 2401 1180 2468 ή
1216 2399 1473 2468 δευτέρας
1506 2400 1771 2469 χρήσεως,

194 2486 303 2554 τὴν
337 2489 516 2540 πᾶσαν
544 2491 675 2556 ἡμῖν
701 2488 807 2541 τῶν
839 2488 1110 2557 θεοσόφων
1136 2488 1375 2542 διάνοιαν
1403 2488 1773 2557 παριστώσης.

210 2579 423 2630 Ἱκαναὶ
453 2578 560 2648 γὰρ
596 2579 690 2630 καὶ
720 2573 878 2632 αὗται
911 2579 1229 2632 καταιδέσαι
1253 2579 1379 2641 τοὺς
1402 2578 1767 2646 εὐγνώμονας.

195 2671 344 2732 Τοὺς
370 2669 478 2740 γὰρ
528 2668 601 2739 μὴ
649 2669 919 2732 τοιούτους
967 2669 1076 2721 οὐδ’
1122 2669 1186 2722 ἂν
1214 2670 1369 2730 ὁπᾶς
1424 2669 1608 2721 πείσαι
1663 2670 1771 2722 τῶν

195 2761 376 2828 ἁγίων
415 2761 593 2831 χορὸς,
633 2761 727 2812 καὶ
765 2762 813 2814 εἰ
855 2760 953 2823 τὰς
979 2763 1157 2823 πάσας
1191 2761 1369 2814 αὑτῶν
1416 2762 1511 2815 καὶ
1561 2759 1770 2831 ἁθρόως

200 2850 589 2915 ἐξαντλοῦντες
618 2851 978 2924 καταχέοιμεν
1010 2852 1373 2917 διδασκαλίας.

1886 514 2044 583 riam,
2079 517 2191 573 imo
2225 536 2358 601 vero
2403 532 2595 579 contra
2625 509 2890 592 Paulum,
2926 538 2982 583 et
3030 530 3212 585 adhuc
3257 541 3444 589 contra

1886 605 2121 675 Spiritus
2148 613 2322 683 sancti
2360 615 2742 671 auctoritatem
2769 659 2783 684 ,
2827 626 2884 672 et
2912 618 3186 674 Christum
3242 621 3336 692 qui
3388 623 3442 677 in

1883 694 2054 750 Paulo
2082 698 2433 768 loquebatur:
2459 743 2472 757 .
2504 704 2633 759 Post
2653 708 2801 760 enim
2828 711 3101 777 apostolos
3131 719 3186 764 et
3209 712 3443 782 prophe-

1884 792 1967 839 tas
1992 824 2007 848 ,
2041 786 2296 844 doctores
2327 793 2511 861 posuit
2563 795 2619 848 in
2656 797 2899 852 Ecclesia
2951 796 3095 855 Deus
3140 805 3442 871 secundum

1882 877 2282 943 providentiam
2310 881 2549 951 Spiritus
2588 888 2762 941 sancti
2793 888 3300 959 incomprehensam
3325 932 3340 955 ,
3384 891 3442 947 in

1874 975 2022 1034 ‘opus
2053 968 2366 1036 ministerii,
2396 973 2464 1027 ad
2499 975 2916 1035 aediﬁcationem
2941 982 3188 1050 corporis
3213 982 3461 1037 Cbristi'.

1881 1051 2063 1117 Quare
2082 1059 2175 1126 qui
2206 1060 2395 1116 Patres
2428 1062 2551 1118 illos
2596 1082 2707 1120 non
2738 1069 2935 1137 recipit
2965 1071 3060 1139 qui
3102 1071 3158 1123 in
3197 1072 3442 1126 Ecclesia

1881 1142 2013 1196 clari
2048 1153 2103 1198 et
2143 1148 2390 1204 celebres
2431 1162 2578 1219 sunt,
2605 1155 2766 1223 plane
2794 1157 3126 1212 ordiuationi
3155 1168 3212 1214 et
3235 1161 3439 1215 consti-

1882 1232 2081 1287 tutioni
2104 1236 2200 1290 Dei
2226 1240 2450 1295 resistit.

1947 1320 2088 1388 Quid
2116 1340 2247 1396 ergo
2274 1328 2580 1386 substantia
2625 1334 2695 1388 ab
2730 1336 3021 1406 hypostase
3071 1337 3290 1394 differat
3315 1380 3328 1403 ,
3377 1320 3439 1394 id

1878 1420 1963 1466 est
1992 1423 2186 1469 natura
2235 1432 2266 1471 a
2292 1434 2543 1487 persona,
2582 1438 2651 1477 ex
2683 1427 2895 1496 magnis
2914 1427 3220 1482 luminibus
3243 1429 3440 1484 Basilio

1877 1510 1933 1556 et
1958 1502 2222 1574 Gregorio
2256 1507 2385 1562 licet
2405 1509 2654 1578 discere;
2685 1514 2779 1582 qui
2811 1514 2913 1568 sub
2957 1517 3199 1586 regulam
3226 1524 3282 1571 et
3301 1516 3438 1570 dcti-

1877 1593 2167 1657 nitionem.
2191 1612 2313 1667 quae
2344 1615 2491 1655 nunc
2522 1604 2819 1671 qumrimus
2861 1605 3233 1670 reduxerunt,
3290 1607 3438 1661 clare

1876 1691 1932 1737 et
1963 1684 2221 1741 distincte
2247 1680 2526 1755 docentes,
2558 1693 2692 1761 quid
2726 1694 3052 1761 substantia,
3096 1704 3152 1750 et
3186 1695 3315 1765 quid
3345 1696 3438 1767 hy-

1875 1776 2130 1843 postasis,
2160 1786 2216 1831 et
2237 1780 2383 1848 quod
2417 1790 2614 1836 natura
2642 1783 2785 1837 idem
2814 1793 2897 1839 est
2935 1786 3081 1855 quod
3109 1787 3433 1852 substantia,

1877 1865 2021 1921 idem
2044 1868 2350 1939 bypostasis
2370 1879 2425 1925 et
2450 1887 2705 1941 persona,
2736 1882 2793 1928 et
2814 1877 3109 1942 quomodo,
3133 1884 3189 1929 et
3215 1877 3283 1931 de
3316 1878 3438 1947 qui-

1875 1954 1978 2008 bus
2011 1956 2129 2010 haec
2153 1957 2432 2012 dicuntur.
2490 1961 2558 2015 Et
2588 1962 2731 2030 quod
2765 1962 3006 2017 Trinitas
3052 1964 3199 2036 (26)
3245 1972 3436 2020 contra

1875 2054 2039 2114 atque
2070 2046 2377 2102 incarnatio
2415 2049 2583 2103 habet
2620 2053 2967 2119 pronomina,
3014 2063 3071 2108 et
3099 2055 3435 2124 complexio-

1875 2151 2000 2190 nem
2030 2137 2329 2192 secundum
2356 2138 2763 2209 adjunctionem
2793 2150 2849 2196 et.
2869 2143 3226 2197 variationem
3257 2145 3435 2198 nomi-

1873 2241 2026 2280 num.
2057 2228 2185 2281 Post
2226 2229 2367 2283 banc
2411 2231 2874 2300 comparationem
2904 2273 2918 2299 ,
2960 2233 3326 2302 producemus
3380 2234 3436 2287 in

1872 2316 2114 2370 medium
2139 2319 2274 2373 alios
2292 2334 2475 2373 sacros
2498 2310 2776 2385 do‘ctores,
2796 2338 2904 2376 una
2927 2332 3023 2377 aut
3054 2323 3222 2377 altera
3248 2332 3436 2377 aucto-

1871 2406 2032 2460 ritate
2055 2408 2306 2472 recitata,
2331 2425 2453 2478 qua:
2476 2419 2645 2463 totam
2678 2421 2915 2464 mentem
2941 2423 3252 2466 sanctorum
3277 2411 3437 2465 nobis

1871 2498 1942 2552 ob
1970 2498 2157 2552 oculos
2186 2508 2375 2568 ponat.
2414 2499 2506 2554 lla:
2536 2500 2682 2554 enim
2718 2501 2996 2557 suﬁiciunt
3028 2502 3350 2556 reverentia:
3380 2508 3437 2556 et

1877 2587 2075 2658 pudori
2105 2589 2484 2658 prudentium.
2508 2590 2643 2645 Nam
2667 2592 2758 2659 qui
2786 2597 2895 2645 non
2921 2591 3126 2646 fuerint
3151 2592 3304 2655 tales,
3335 2605 3437 2645 nec

1878 2676 2171 2730 universus
2192 2685 2367 2731 coetus
2383 2688 2694 2733 sanctorum
2712 2679 2791 2732 eis
2807 2679 3175 2748 persuadebit,
3190 2681 3440 2749 quamvis

1876 2782 2075 2823 omnes
2100 2782 2291 2824 eorum
2321 2768 2602 2827 doctrinas
2630 2765 2969 2839 hauriamus,
3011 2781 3068 2825 et
3102 2770 3157 2826 in
3193 2771 3327 2827 istos
3358 2768 3441 2826 ef-

1818 2911 1846 2934 η
1878 2857 2192 2912 fundamus.

284 3053 356 3113 In
387 3052 657 3115 editione
729 3055 943 3117 Latina
970 3057 1206 3118 Leontii
1242 3063 1588 3136 sequuntur
1616 3059 1825 3121 multas
1854 3061 2106 3120 Patrum
2141 3060 3020 3124 auctoritates.Verumtamen
3051 3080 3191 3124 cum
3222 3063 3440 3140 legan-

204 3164 309 3218 tur
341 3155 469 3216 sive
496 3155 560 3216 in
582 3157 878 3235 operibus
909 3160 1156 3220 Patrum
1188 3176 1224 3220 a
1256 3158 1434 3221 nobis
1459 3160 1592 3240 jam
1635 3162 1835 3235 editis,
1886 3161 2014 3223 sive
2048 3162 2114 3222 in
2144 3163 2414 3225 concilio
2442 3163 2933 3225 Chalcedonensi
2962 3164 3062 3224 ed.
3093 3166 3273 3225 Rom.
3316 3171 3437 3225 act.

204 3261 297 3328 ιν,
335 3260 493 3333 part.
539 3273 632 3327 In,
686 3257 852 3336 quod
892 3257 959 3318 in
992 3258 1411 3320 Conciliorum
1448 3260 1723 3323 editione
1777 3278 1990 3323 sumus
2042 3262 2287 3336 edituri,
2321 3264 2647 3325 minuendi
2689 3264 3026 3325 voluminis
3056 3263 3270 3341 gratia,
3299 3262 3439 3343 ple-

203 3370 434 3433 rasque
460 3353 597 3415 illas
623 3357 1023 3419 auctoritates
1051 3356 1151 3419 hic
1189 3358 1555 3433 omittimus,
1587 3360 1805 3438 paucis
1833 3360 2170 3422 admodum
2202 3362 2456 3424 retentis
2492 3378 2649 3442 quas
2678 3361 2780 3423 hic
2820 3361 3203 3441 subjicimus.

203 3549 484 3617 Πρόκλου
532 3552 870 3628 ᾆπισζόποι)
933 3560 1626 3628 Κωσταντινουπόλεως
1681 3563 1769 3627 εἰς

1883 3557 2091 3613 Proetus
2131 3550 2831 3628 Constantinomlilantisin
2868 3554 3045 3608 illud:
3079 3572 3097 3604 ι
3124 3551 3266 3606 Puer
3286 3560 3442 3606 natus

488 3622 578 3685 τὸ,
619 3641 637 3672 ι
679 3623 929 3678 Παιδίον
949 3626 1242 3697 ἐγεννήθη
1268 3630 1432 3698 ἡμῖν.
1465 3650 1485 3682 ι

290 3750 351 3802 '0
382 3752 544 3815 αὑτὸς
575 3753 790 3824 ἀληθῶς
820 3755 954 3819 Θεὸς
984 3760 1078 3812 καὶ
1102 3760 1347 3829 ἁψευδῶς
1367 3748 1669 3833 ἄνθρωπος,
1696 3761 1772 3833 τῷ

206 3841 388 3910 Πατρὶ
438 3842 559 3896 καθ’
587 3843 615 3896 ὃ
661 3842 729 3915 ἦν
791 3849 1101 3917 ὁμοούσιος,
1136 3852 1230 3904 καὶ
1283 3854 1405 3920 ἐμοὶ
1462 3853 1584 3906 καθ’
1615 3853 1643 3906 ὃ
1685 3852 1777 3920 γέ·-

204 3947 366 3999 γονεν
395 3931 521 3985 ἄνευ
553 3934 828 4006 ἁμαρτίας
852 3939 1149 4009 ὁμόφυλος,
1178 3943 1211 4012 ἡ
1244 3942 1363 3996 θεία
1407 3942 1569 4011 φύσις
1620 3944 1777 3997 ἄκτι-

207 4037 358 4086 στος,
390 4025 423 4091 ἡ
454 4022 512 4087 ἐξ
567 4024 701 4095 ἐμοῦ
764 4029 1175 4098 προσληφθεῖσα
1218 4032 1521 4098 ἁνόθευτος,
1546 4034 1648 4087 καὶ
1701 4029 1781 4098 εἷς

207 4115 361 4166 ἐστιν
409 4114 558 4178 Υἰδς,
614 4116 674 4168 οὑ
740 4118 848 4171 τῶν
913 4119 1130 4188 φύσεων
1190 4124 1270 4186 εἰς
1317 4123 1410 4176 δύο
1453 4125 1780 4189 ὑποστάσεις

209 4291 399 4361 φύσεις
421 4294 501 4356 εἰς
536 4294 662 4365 μίαν
691 4298 985 4354 ὑπόστασιν
1011 4302 1288 4373 ἑνωσάσης
1328 4303 1464 4373 (25).

223 4425 337 4480 Τοῦ
361 4392 532 4496 ἁγίου
549 4430 1265 4505 Εἰρηναίουηὲπισκόπου
1290 4431 1774 4505 Λουγδούνουκαί

222 4520 227 4525 ο
831 4502 1152 4571 μάρτυρος.
1191 4560 1194 4562 ν

289 4604 498 4675 Ὠσπερ
537 4606 644 4676 γὰρ
674 4609 708 4677 ή
742 4609 995 4674 κιϐωτὸς,
1018 4614 1420 4684 κεχρυσωμένη
1449 4614 1652 4669 ἔσωθεν
1680 4619 1775 4670 καὶ

212 4694 410 4760 ἔξωθεν
431 4697 637 4766 χρυσίῳ
670 4698 897 4771 καθαρῷ
922 4697 1011 4773 ἦν,
1049 4701 1194 4756 οὕτω
1223 4706 1316 4756 καὶ
1340 4704 1400 4757 τὸ
1426 4704 1517 4757 τοῦ
1538 4704 1775 4774 Χριστοῦ

216 4782 378 4853 σῶμα
407 4785 642 4857 καθαρὸν
663 4784 729 4858 ἦν
756 4792 852 4843 καὶ
879 4791 1098 4859 διαυγές
1117 4808 1130 4821 ·
1164 4791 1366 4847 ἔσωθεν
1412 4795 1511 4864 μὲν
1537 4795 1615 4866 τῷ
1638 4794 1776 4866 λόγῳ

1887 4796 2037 4852 intus
2061 4798 2284 4869 quidem
2311 4800 2490 4855 Verbo
2526 4798 2874 4866 decoratum,
2908 4808 3061 4854 extra
3090 4814 3218 4853 vero
3240 4797 3443 4867 Spiritu

210 5057 221 5069 '
283 4983 306 5013 '
345 4982 547 5053 Ephes.
576 5002 654 5052 ιν,
684 4987 772 5053 ll,
805 4987 891 5044 12.
951 4999 973 5030 ο
1001 4956 1103 5047 Isa.
1133 5009 1209 5057 rx,
1260 4990 1312 5047 6.

2467 3633 2541 3676 est
2573 3624 2716 3677 nobis
2742 3625 2784 3676 ’.
2820 3643 2839 3673 ι

1942 3756 2066 3825 Ipse
2092 3769 2220 3809 vere
2248 3755 2395 3808 Deus
2415 3794 2429 3818 ,
2476 3760 2533 3805 et
2578 3768 2708 3806 vere
2737 3752 2903 3804 homo
2924 3790 2939 3813 ,
2970 3750 3140 3814 Patri,
3169 3757 3443 3818 quatenus

1875 3853 2014 3910 erat,
2051 3844 2582 3907 consubstantialis;
2636 3851 2693 3896 et
2733 3841 2909 3905 mihi,
2967 3851 3237 3910 quatenus
3266 3840 3443 3897 factus

1876 3943 1960 3990 est
2011 3937 2129 3989 sine
2184 3942 2430 4004 peccato,
2480 3932 2724 4003 ejusdem
2759 3941 3002 3997 naturae;
3034 3931 3215 3985 divina
3249 3939 3439 3985 natura

1876 4032 1962 4081 est
1992 4026 2274 4090 increata;
2313 4039 2433 4093 quae
2461 4039 2528 4078 ex
2568 4038 2654 4076 me
2681 4030 2893 4090 sumpta
2935 4029 3038 4086 est,
3079 4020 3343 4091 legitima,
3387 4030 3441 4076 et

1877 4120 2022 4171 imus
2055 4125 2140 4170 est
2165 4116 2357 4180 Filius,
2394 4131 2502 4169 non
2539 4114 2756 4168 duabus
2785 4113 2998 4167 naturis
3026 4113 3080 4166 in
3109 4113 3244 4166 duas
3273 4112 3446 4181 hypo-

208 4194 624 4273 διαιρουμένων,
661 4207 804 4261 ἀλλὰ
823 4211 924 4279 τῆς
953 4215 1186 4283 φρικτῆς
1217 4215 1533 4282 οἰκονομίας
1555 4216 1652 4280 τὰς
1686 4217 1776 4271 δύο

1883 4214 2056 4262 stases
2097 4206 2328 4270 divisis;
2361 4204 2454 4259 sed
2487 4204 2754 4273 stupenda
2790 4202 3171 4257 incarnatione
3218 4208 3443 4257 natura!

1806 4289 1851 4343 Ι)
1879 4298 2015 4352 duas
2054 4298 2110 4351 in
2140 4313 2301 4357 unam
2338 4297 2679 4368 hypostasim
2718 4295 2962 4350 uniente.

1985 4427 2169 4482 Sancti
2206 4427 2419 4490 IrenaPi,
2453 4426 2678 4497 episcopi
2708 4424 2952 4496 Lugduni.
2986 4432 3035 4477 et
3066 4422 3338 4494 martyris.

1951 4619 2103 4675 Sicut
2134 4621 2280 4675 enim
2326 4636 2454 4675 arca
2499 4620 2692 4675 aurata
2722 4629 2844 4676 erat
2870 4621 3022 4673 intus
3050 4628 3107 4674 et
3131 4627 3284 4672 extra
3311 4633 3445 4673 auro

1881 4725 2021 4780 puro
2047 4752 2062 4775 ,
2123 4712 2203 4766 sic
2240 4727 2443 4781 corpus
2476 4710 2681 4766 Christi
2719 4727 2919 4781 purum
2951 4719 3069 4765 erat
3097 4719 3153 4764 et
3193 4709 3435 4780 fulgens;

287 5183 426 5253 (25)
456 5185 616 5241 Deest
643 5186 749 5242 hoc
777 5188 919 5244 inter
941 5191 1243 5283 fragmenta
1273 5196 1452 5252 Procli
1481 5213 1510 5252 a
1542 5197 1827 5256 Gallandio
1859 5202 2089 5257 collecta
2118 5201 2181 5258 B.
2214 5202 2325 5257 PP.
2352 5210 2394 5256 t.
2421 5203 2513 5268 lx,
2542 5218 2596 5272 p.
2625 5204 2746 5259 705.

287 5382 999 5475 (2?),1399°_=_2'_9n0mina
1022 5400 1194 5475 ,Suﬂtv,
1214 5410 1335 5475 quae
1363 5407 1646 5475 ponuntur
1675 5416 1776 5470 pro
1882 5413 1966 5459 est
1986 5405 2077 5458 hic
2111 5408 2271 5470 Deus,
2302 5415 2359 5461 et
2386 5406 2476 5461 ille
2497 5406 2685 5468 homo,
2714 5404 2810 5460 sed
2837 5405 2951 5475 ipse
2972 5405 3117 5459 idem
3176 5411 3260 5458 est
3305 5402 3450 5458 Deus

222 5455 555 5541 nominibqs
582 5455 988 5541 personarum}.
1018 5462 1075 5541 in
1104 5455 1394 5541 Trin-nate:
1418 5477 1503 5521 est
1535 5455 1693 5541 alius.
1720 5480 1777 5524 et
1880 5455 2180 5541 eth—omo?
2193 5455 2816 5531 33n"sié"i£'r}ii{i££té
2835 5455 3334 5539 i’ﬁié'éiier'ioﬁ
3362 5455 3451 5541 est

217 5522 510 5614 gleUSLSCS
523 5522 641 5614 31‘6"
677 5526 823 5614 aliud
843 5539 898 5614 et
919 5530 1089 5614 aliud,
1129 5542 1184 5585 et
1226 5542 1310 5589 est
1331 5535 1448 5614 hic,
1474 5545 1530 5591 et
1565 5522 1777 5614 iste,_et
1883 5522 2375 5614 iﬁséi‘iiidsl'Bic."
2380 5522 3448 5614 In;31%"i'déBibééi'héE'ii-oiiéiiniﬁi

220 5590 345 5646 ille:
371 5593 437 5675 in‘
458 5593 832 5675 incarnatione
873 5590 1085 5675 contra,
1110 5612 1346 5675 nonest
1392 5590 1525 5660 haec?
1539 5590 1777 5675 compte;

220 5674 329 5724 auo.
359 5668 443 5716 est
462 5661 600 5719 alius
646 5673 703 5719 et
738 5666 899 5733 alius,
935 5669 1028 5724 sed
1061 5678 1145 5725 est
1185 5672 1335 5727 aliud
1381 5685 1438 5728 et
1457 5675 1628 5742 aliud,
1664 5661 1777 5732 'nec

1881 5628 2048 5669 voces
2069 5613 2414 5671 indicativas.
2439 5614 2572 5671 Tun.

3475 5327 3499 5393 ξ
3584 5371 3595 5379 .
