3912 6298
1925 178 1932 182 .
1953 173 2102 194 ...η-

136 299 311 367 1313

136 417 282 473 T013
336 417 525 469 αὐτου
576 413 644 466 ἐκ
701 414 810 467 τοῦ
868 413 1018 481 πρὸς
1076 413 1334 467 Σαϐῖνον

791 485 979 552 λόγου
998 483 1106 555 (55)
1117 523 1130 536 .

1229 297 1527 358 CONTRA
1568 297 1885 361 NESTOR.
1930 305 2022 364 ΕΤ
2055 305 2382 376 EUTYCII.
2425 324 2438 333 ·

1403 414 1748 470 ἐπίσκοπον
1777 426 1823 480 Α

3285 299 3420 366 1314

2013 421 2265 490 Ejusdem
2295 437 2358 474 ex
2387 422 2516 474 libro
2551 421 2620 474 ad
2642 419 2896 474 Sabinum
2937 419 3256 491 episcopum.

1926 596 2098 667 Igitur
2119 611 2242 650 cum
2270 605 2414 650 esset
2441 596 2496 649 in
2526 595 2813 650 divinitate
2837 595 3103 665 perfecta,
3132 596 3423 650 exinanivit

1854 688 2082 759 seipsum
2109 690 2172 753 “,
2231 697 2288 743 et
2312 689 2521 758 accepit
2549 688 2847 758 perfectam
2874 697 2930 742 et
2963 688 3230 758 integram
3259 698 3423 742 natu-

1855 797 1971 835 ram
2009 781 2322 834 humanam.
2369 780 2523 834 Sicut
2575 779 2714 832 nihil
2762 778 2937 833 defuit
2969 779 3119 844 Deo,
3171 777 3260 832 sic-
3286 778 3423 832 nihil

1855 873 2031 928 defuit
2055 873 2382 943 perfectioni
2409 871 2793 937 humanitatis,
2825 881 2887 924 ut
2916 879 3062 926 esset
3100 871 3157 926 in
3192 879 3424 940 utraque

1855 974 2052 1020 natura
2083 964 2382 1035 perfectus.

231 596 454 651 Οὐκοῦν
487 596 548 665 ἐν
586 595 664 666 τῷ
719 595 910 663 τελείῳ
945 596 1042 664 τῆς
1074 594 1328 666 θεότητος
1358 596 1435 649 ὣν
1479 597 1749 651 ἐκένωσεν

129 690 383 752 ἑαυτὸν,
413 688 507 740 καὶ
545 687 708 740 ἔλαϐε
750 687 811 738 τὸ
852 685 1080 751 τέλειον,
1106 687 1205 755 τῆς
1256 687 1399 740 κατὰ
1458 689 1748 760 ἄνθρωπον

135 779 386 848 φύσεως
435 776 731 846 ὁλόκληρον
751 791 764 806 ο
795 775 869 838 ὡς
899 775 1052 827 οὐδὲν
1094 774 1246 827 ἔλιπε
1292 775 1369 844 τῷ
1405 775 1548 846 Θεῷ,
1575 775 1750 839 οὕτως

82 899 90 912 ι
134 871 289 924 οὐδὲ
320 871 399 940 τῷ
427 867 792 942 καταρτισμῷ
823 868 901 937 τῷ
927 865 1070 920 κατὰ
1101 865 1408 938 ἄνθρωπον,
1437 867 1522 920 ἵνα
1545 867 1748 932 τέλειος

68 963 78 1004 ἶ
135 968 213 1019 ἐν
256 966 500 1037 ἑκατέρᾳ
529 965 689 1033 φύσει
720 963 988 1034 τυγχάνῃ.

145 1098 282 1152 Τοῦ
319 1097 493 1164 ἁγίου
534 1097 858 1160 Γελασίου,
892 1098 1232 1152 ἐπισκόπου
1254 1099 1628 1164 Καισαρείας,
1651 1097 1750 1151 καὶ

230 1169 424 1244 αὐτὸς
481 1167 620 1244 τῇς-
645 1168 914 1244 συγόρου
969 1165 1090 1220 τῶν
1119 1174 1236 1236 pr’,
1272 1168 1341 1220 ἐκ
1390 1167 1500 1236 τῆς
1542 1168 1750 1237 Ἑρμη-

211 1238 408 1302 .rslac
432 1238 537 1292 τοῦ
574 1238 918 1304 Συμϐόλου.

1858 1100 2041 1156 Sancti
2077 1099 2298 1160 Gelasii,
2321 1099 2546 1169 episcopi
2567 1095 2825 1169 Ctrsarea:
2858 1093 3185 1169 Palaestina
3211 1104 3270 1169 et
3299 1111 3424 1169 con-

1929 1172 2159 1239 fessoris,
2188 1163 2436 1221 unius'ea:
2463 1167 2713 1239 Patribns
2729 1165 2914 1235 synodi
2944 1163 3428 1239 Οριιδιαηιὶηοροιὶο

1928 1234 2085 1362 Esmun!)
2126 1249 2341 1360 pentum
2396 1234 2804 1306 quinquaginta,
2865 1250 2929 1286 ea:
2983 1234 3429 1302 Interpretatione

1971 1325 2053 1362 unt
2091 1325 2118 1361 ο
2147 1327 2182 1361 ι.

1969 1325 2182 1380 ymoou.

1927 1420 2000 1475 At
2026 1436 2136 1474 non
2165 1418 2347 1504 potuit
2380 1418 2486 1471 hoe
2523 1415 2703 1470 facere
2738 1415 2977 1468 humana
3010 1414 3225 1483 lingua.
3274 1411 3428 1465 infir-

1860 1530 1948 1568 ma
1978 1502 2183 1582 quippe
2211 1519 2329 1565 erat
2365 1518 2586 1564 natura.
2621 1507 2786 1562 Venit
2841 1505 3009 1574 igitur
3062 1503 3116 1556 in
3173 1502 3430 1556 eumdem

248 1431 394 1483 Ἀλλ’
422 1430 522 1484 οὐκ
554 1430 772 1501 ἴσχυσεν
803 1431 1118 1503 ἀνθρωπίνη
1149 1433 1373 1501 γλῶσσα
1424 1433 1562 1504 μόνη
1593 1434 1752 1488 τοῦτο

144 1523 402 1592 ποιῆσαι
423 1540 436 1554 ·
479 1523 716 1594 ἀσθενὴς
741 1525 851 1597 γὰρ
889 1520 956 1596 ἦν
984 1527 1016 1596 ἡ
1050 1526 1232 1594 φύσις.
1257 1522 1431 1578 Ἦλθε
1465 1527 1645 1581 τοίνυν
1673 1528 1752 1589 είς

145 1615 370 1669 ταυτὸν
396 1615 528 1678 Θεὸς
560 1616 675 1685 ἅμα
704 1618 799 1669 καὶ
823 1596 1146 1688 ἄνθρωπος,
1172 1619 1260 1671 ἵνα
1295 1597 1463 1687 ’σῶμα
1513 1618 1613 1688 μὲν
1645 1619 1751 1671 ὐπ-

1876 1607 2004 1661 Deus
2030 1613 2086 1658 et
2110 1604 2296 1665 homo,
2325 1610 2386 1654 ut
2413 1615 2612 1670 corpus
2637 1598 2859 1668 quidem
2883 1597 3224 1649 ministraret
3247 1612 3260 1660 ;
3287 1596 3433 1649 Deus

146 1708 532 1777 ηρετήσηται,
564 1707 694 1772 Θεὸς
724 1709 782 1762 δὲ
808 1709 874 1762 δι’
897 1709 1063 1762 αὐτοῦ
1113 1710 1212 1781 τὴν
1257 1711 1538 1780 ἐνέργειαν
1577 1710 1754 1783 παρά-

1876 1709 2044 1754 Iutem
2098 1713 2198 1768 per
2245 1709 2446 1764 corpus
2497 1693 2771 1747 actionem
2818 1689 3125 1744 exhiberet.
3181 1688 3431 1757 Duplicia

149 1774 604 1867 simulacrum
633 1799 840 1866 πάντα,
875 1800 970 1852 καὶ
1003 1774 1182 1870 ἀληθῆ
1209 1774 1407 1865 πάντα,
1445 1800 1541 1854 καὶ
1573 1774 1753 1855 τέλεια

1876 1789 2041 1844 ιιῐιιιὶιι
2065 1806 2079 1854 ;
2108 1798 2164 1844 et
2190 1803 2318 1843 vera
2344 1784 2551 1846 omnia,
2577 1790 2633 1836 et
2653 1780 2894 1850 perfecta
2923 1779 3128 1832 omnia.
3160 1777 3431 1833 Obstrua-

150 1889 350 1942 πάντα
377 1905 390 1918 ·
427 1891 522 1942 καὶ
572 1891 860 1960 φιμούσθω
906 1894 1015 1944 πᾶν
1060 1869 1336 1962 αἱρετικὸν
1379 1892 1557 1962 στόμα
1583 1908 1597 1922 '
1632 1892 1751 1964 μεθ’

1881 1901 1948 1938 ιιι·
1978 1897 2142 1937 omne
2197 1896 2260 1935 os
2309 1877 2652 1933 haereticum.
2687 1872 2987 1927 Nobiscum
3027 1873 3208 1931 Deus;
3245 1869 3434 1923 nobis-

146 1983 186 2049 ἠ
199 1980 330 2049 μῶν
357 1981 385 2032 ὁ
418 1981 574 2044 Θεὸς,
606 1959 725 2050 μεθ’
758 1981 918 2052 ἡμῶν
945 1983 974 2034 ὁ
1011 1959 1149 2052 μετᾶ
1176 1982 1410 2050 Πατρὸς,
1445 1959 1564 2052 μεθ’
1598 1959 1753 2053 ἡμῶν

1876 1988 1978 2026 :um
2000 1972 2094 2040 qui
2117 1980 2200 2025 est
2227 1984 2350 2024 cum
2369 1969 2560 2029 Patre;
2584 1963 2895 2024 nobiscum,
2923 1961 3018 2029 qui
3037 1968 3121 2013 est
3143 1975 3209 2012 ex
3232 1959 3390 2011 nobis
3413 1975 3427 2011 :

148 2045 290 2135 but-.5
323 2071 480 2140 ἡμῶν
506 2089 520 2101 ·
553 2045 704 2141 Σαρξ
758 2045 883 2141 μου,
921 2045 1086 2141 φηᾷιν
1107 2112 1121 2136 ,
1153 2071 1213 2135 ἐξ
1247 2045 1458 2126 αῦτῶνί
1491 2045 1654 2128 Ἀλλᾶ
1692 2074 1754 2127 τὸ

1876 2061 2004 2116 lare
2033 2075 2176 2123 mea,
2210 2056 2412 2127 inquit,
2435 2069 2502 2108 ex
2531 2053 2683 2122 ipsis.
2705 2051 2910 2105 Verum
2942 2049 3177 2102 alterum
3205 2045 3430 2115 quidem

1856 2165 2092 2220 semper,
2112 2150 2344 2203 alterum
2369 2160 2502 2199 vero
2525 2150 2751 2212 propter
2782 2155 2904 2194 nos.
2929 2138 3004 2193 Ae
3027 2137 3285 2191 divinitas
3311 2138 3434 2206 qui-

1856 2244 1979 2299 dem
2010 2258 2259 2314 semper;
2296 2239 2607 2294 humanitas
2651 2250 2783 2290 vero
2814 2242 3040 2305 propter
3066 2246 3185 2285 nos.

157 2163 275 2232 μὲν
313 2164 422 2229 ἀεὶ,
452 2163 514 2215 τὸ
544 2163 600 2215 δὲ
630 2164 696 2216 δι’
727 2166 897 2233 ἡμᾶς.
935 2166 1045 2218 Καὶ
1073 2167 1106 2235 ή
1142 2165 1240 2235 μὲν
1275 2165 1466 2236 θεότης
1500 2167 1605 2234 ἀεὶ,
1635 2170 1670 2237 ἡ
1697 2169 1754 2221 δὲ

153 2252 534 2322 ἀνθρωπότης
576 2252 643 2304 δι’
688 2254 835 2322 ἡμᾶς
869 2254 1006 2320 (54).

2283 2375 2532 2445 Ejusdem
2556 2389 2619 2425 ex
2645 2371 2823 2424 eodem
2859 2370 3012 2424 libro.

1927 2490 2037 2544 Nos
2063 2496 2268 2549 autem,
2300 2485 2488 2538 divino
2517 2482 2698 2537 Verbo
2748 2479 3024 2541 illustrati,
3057 2459 3435 2532 custodiamus

1859 2581 1980 2635 sine
2017 2576 2350 2632 contumelia
2381 2574 2726 2629 nobilitatem
2757 2571 3033 2641 Unigeniti
3061 2588 3075 2623 :
3099 2586 3280 2639 neque
3308 2586 3436 2640 pro-

1859 2679 1981 2740 pter
2010 2667 2378 2722 humilitatem
2413 2663 2596 2719 carnis
2629 2663 2867 2716 Verbum
2901 2661 3294 2730 repudiantes;
3332 2675 3434 2714 ne-

1861 2776 1965 2830 que
1987 2767 2211 2829 propter
2236 2755 2586 2830 altitudinem
2613 2753 2922 2808 divinitatis
2949 2767 3169 2806 carnem
3191 2760 3436 2806 contem-

1859 2829 2076 2905 nentes.
2106 2847 2249 2913 Quin
2277 2829 2464 2916 potius
2484 2845 2748 2909 Verbum,
2777 2845 3064 2909 utDeum;
3096 2839 3340 2909 carnem,
3375 2853 3435 2899 ut

1862 2942 2124 3011 templum
2157 2940 2252 2994 Dei
2284 2939 2642 2992 honoremus.

465 2382 575 2435 Τοῦ
600 2382 789 2436 αὐτοῦ
817 2383 886 2435 ἐκ
919 2383 1024 2436 τοῦ
1060 2383 1248 2437 αὑτοῦ
1271 2385 1482 2454 λόγου.

258 2497 454 2565 Ἡμεῖς
483 2495 538 2547 δὲ
573 2495 652 2564 τῷ
699 2495 829 2565 θείῳ
857 2495 1277 2566 δᾳδουχούμενοι
1314 2497 1494 2567 Λόγῳ,
1536 2498 1759 2567 ἀνύϐρι-

162 2605 302 2642 στον
325 2586 420 2639 τοῦ
449 2586 786 2654 Μονογενοῦς
809 2588 1133 2656 φυλάξωμεν
1155 2591 1254 2657 τὴν
1279 2589 1582 2656 εὐγένειαν,
1618 2591 1754 2660 μήτε

161 2679 266 2732 διὰ
307 2678 370 2730 τὸ
413 2677 669 2730 ταπεινὸν
706 2681 804 2748 τῆς
839 2679 1040 2750 σαρκὸς
1079 2678 1399 2742 ἀθετοῦντες
1445 2680 1535 2733 τὸν
1561 2681 1756 2748 Λόγον,

167 2772 320 2839 μήτε
373 2768 461 2822 διὰ
511 2768 572 2821 τὸ
625 2767 759 2838 ὕψος
816 2769 913 2838 τῆς
969 2767 1224 2838 θεότητος
1273 2769 1624 2841 παρορῶντες
1658 2772 1757 2843 τὴν

168 2863 364 2932 σάρκα
390 2862 404 2892 ³
439 2861 573 2914 ἀλλὰ
601 2861 693 2914 τὸν
742 2861 843 2930 μὲν
872 2862 1046 2930 Λόγον
1081 2861 1156 2926 ὡς
1183 2861 1336 2929 Θεὸν,
1365 2863 1464 2932 τὴν
1489 2863 1545 2917 δὲ
1577 2864 1760 2935 σάρκα

165 2951 254 3014 ὡς
289 2950 415 3002 ναὸν
443 2949 578 3002 Θεοῦ
607 2951 952 3026 τιμήσωμεν.

177 3085 298 3138 Τοῦ
322 3082 592 3151 μεγάλου
621 3082 893 3157 Ἐφραὶμ,
924 3083 1130 3157 ἐκ-ςοῦ
1151 3087 1240 3150 εὶς
1267 3085 1372 3138 τὸν
1386 3089 1754 3157 μαργαρίτην

2008 3072 2190 3127 Sancti
2218 3069 2488 3141 Epliraem,
2514 3085 2577 3122 ea:
2596 3069 2813 3123 homilia
2845 3071 2898 3122 in
2921 3070 3292 3138 margaritam.

779 3154 964 3221 λόγου
997 3153 1108 3223 (55)
1119 3193 1131 3206 .

252 3263 377 3315 Τῶν
407 3263 500 3316 δύο
534 3261 749 3330 φύσεων
781 3262 1000 3332 μετέχει
1031 3265 1059 3316 ὁ
1095 3263 1443 3334 μαργαρίτης
1475 3268 1504 3319 ὁ
1539 3268 1760 3321 πολύτιο

178 3375 307 3428 μος,
338 3357 426 3408 ἵνα
497 3355 643 3426 δείξῃ
705 3356 984 3428 Χριστόν·
1026 3356 1109 3408 ὅτι
1153 3356 1310 3422 λόγος
1353 3356 1428 3408 ὢν
1494 3359 1666 3423 Θεοῦ,
1697 3363 1761 3414 ἐκ

175 3449 403 3518 Μαρίας
441 3447 728 3516 ἄνθρωπος
753 3448 1077 3518 γεγέννηται
1105 3465 1118 3480 ’
1149 3449 1210 3501 οὐ
1247 3451 1477 3520 μερικὴν
1510 3450 1635 3520 ἔσχε
1661 3453 1760 3522 τὴν

178 3541 371 3609 φύσιν,
411 3539 534 3591 ἐπεὶ
572 3539 682 3592 οὐδ’
717 3539 906 3608 ἕτερον
939 3539 1004 3591 ἃν
1033 3539 1174 3602 ζῶον
1210 3541 1499 3610 ἐτύγχανε.
1535 3542 1760 3596 Τελείαν

1931 3249 2176 3303 Duarum
2197 3254 2519 3301 naturarum
2563 3252 2650 3300 est
2688 3246 2962 3315 particeps
3003 3245 3294 3316 margarita
3321 3263 3436 3301 ma-

1860 3355 1978 3410 gna:
2005 3337 2413 3401 aestimationis,
2437 3346 2497 3390 ut
2525 3336 2778 3391 ostendat
2798 3335 3100 3401 Christum,
3134 3338 3279 3406 quod
3307 3353 3432 3392 eum

1859 3438 2006 3485 esset
2033 3429 2276 3485 Verbum
2309 3428 2428 3494 Dei,
2456 3444 2523 3482 ex
2550 3427 2717 3481 Maria
2745 3435 2926 3482 ortum
2948 3437 3052 3482 est.
3088 3428 3207 3481 Non
3236 3428 3435 3482 habuit

1814 3561 1822 3568 .
1859 3527 2114 3574 naturam
2152 3535 2222 3574 ex
2260 3528 2457 3588 parte;
2492 3520 2625 3588 quia
2673 3535 2775 3573 nec
2825 3519 2974 3573 aliud
3031 3520 3233 3574 animal
3290 3530 3431 3575 erat.

1859 3611 2162 3666 Perfectam
2185 3611 2351 3666 habet
2369 3611 2641 3680 duplicem
2665 3620 2937 3670 naturam,
2954 3627 3022 3666 ne
3044 3613 3259 3666 amittat
3275 3612 3431 3666 duas.

1858 3704 2048 3772 Neque
2094 3703 2370 3758 semideus
2426 3705 2578 3758 visus
2627 3712 2712 3756 est
2761 3703 2816 3756 in
2851 3711 3234 3772 terra;neque
3264 3705 3431 3758 semi-

1860 3795 2026 3849 homo
2055 3794 2304 3850 ascendit
2324 3794 2391 3848 ad
2431 3795 2616 3848 emlos.
2637 3795 2715 3848 Ex
2745 3794 2990 3863 perfecto
3010 3795 3322 3862 perfectus;
3365 3811 3434 3850 ex

1860 3887 2083 3942 homine
2115 3888 2312 3952 homo;
2341 3903 2409 3942 ex
2441 3887 2553 3941 Deo
2583 3887 2728 3940 Deus
2754 3903 2767 3950 ;
2802 3902 2869 3940 ex
2901 3887 3121 3956 Virgine
3153 3887 3429 3942 Christus.

180 3631 300 3701 ἔχει
323 3632 420 3699 τὴν
442 3631 636 3699 διπλῆν
665 3633 846 3700 φύσιν,
868 3631 955 3682 ἵνα
983 3633 1056 3700 μὴ
1076 3631 1312 3702 ἀπολέσῃ
1344 3633 1442 3694 τὰς
1467 3633 1583 3686 δύο.
1621 3632 1759 3686 Οὔτε

178 3720 410 3789 ἡμίθεος
439 3719 594 3790 ὤφθη
621 3721 713 3773 ἐπὶ
743 3721 842 3789 τῆς
862 3721 986 3788 γῆς,
1011 3721 1134 3774 οὔτε
1164 3722 1562 3792 ἡμιάνθρωπος
1591 3725 1759 3796 ἀνέϐη

182 3811 266 3870 εἰς
297 3811 423 3872 τοὺς
465 3810 728 3880 οὐρανούς
753 3827 765 3840 °
796 3813 860 3863 ὲκ
892 3811 1099 3864 τελείου
1124 3812 1348 3878 τέλειος,
1380 3814 1439 3878 ἐξ
1471 3814 1758 3885 ἀνθρώπου

181 3900 493 3970 ἄνθρωπος,
525 3903 589 3954 ὲκ
619 3903 757 3955 Θεοῦ
787 3903 939 3968 Θεὸς,
978 3904 1042 3956 ὲκ
1073 3903 1352 3972 Παρθένου
1378 3905 1633 3974 Χριστός.

1875 4000 2060 4056 Sancti
2095 4000 2361 4067 Flaviani,
2387 4000 2612 4069 episcopi
2639 4001 2949 4065 Antiochiae-,-
2978 4001 3031 4053 in
3063 3998 3412 4069 Evangelium

189 4014 304 4068 Τοῦ
357 4014 532 4081 ἁγίου
559 4015 923 4079 Φλαόιαγοῦ,
973 4016 1315 4068 ἐπισκόπου
1367 4009 1754 4082 Ἀντιοὴείας,
1875 4009 2060 4056 δαηείῖ
2095 4009 2756 4082 ι’ἰαυίαηίνερῖδεορίΑηξτ

257 4084 324 4124 ἐκ
395 4084 500 4124 τηῦ
570 4087 658 4124 ἓΐιι
708 4084 776 4124 τὴ
839 4085 990 4124 νην),
1062 4083 1352 4124 ’Ῐωιίννιην
1391 4087 1620 4124 παιιτιηυκι
1637 4089 1760 4124 11m
2531 4071 2756 4124 Joannis

257 4084 330 4156 ιζξκΔ
395 4084 500 4137 τοῦ
570 4087 658 4150 εἷς
708 4084 776 4136 τὸ
839 4085 990 4139 κατὰ
1062 4083 1352 4152 Ἰωάννην
1386 4087 1760 4156 Εὑατγέλιον

256 4153 461 4221 λόγου.

261 4265 503 4331 Ἔδειξεν
534 4266 642 4336 γὰρ
673 4266 866 4319 ἑαυτὸν
885 4266 972 4320 διὰ
997 4266 1092 4320 τοῦ
1125 4267 1441 4338 σωματικοῦ
1482 4270 1703 4338 νέφους,
1729 4269 1754 4321 ὁ

1931 4271 2345 4328 Demonstravit
2399 4270 2640 4339 seipsum
2673 4285 2772 4338 per
2809 4269 3010 4323 nubem
3040 4269 3304 4337 corporis,
3333 4270 3429 4337 qui

184 4357 286 4423 τὴν
312 4355 591 4426 ἡμετέραν
624 4355 786 4425 φύσιν
815 4357 1064 4411 ὑπελθὼν
1089 4397 1103 4418 .
1127 4359 1216 4411 ἵνα
1249 4359 1566 4428 ἀμφοτέρας
1592 4359 1754 4413 αὐτοῦ

1876 4372 2112 4417 laturam
2151 4368 2394 4415 nostram
2437 4359 2651 4421 induit,
2694 4367 2754 4413 ut
2810 4359 2998 4413 ambas
3042 4365 3268 4412 naturas
3311 4359 3432 4426 ejus

185 4446 520 4516 διὼχθῶμεν
547 4447 649 4508 τὰς
678 4447 889 4516 φύσεις,
914 4451 1007 4502 καὶ
1035 4451 1126 4503 τὸν
1155 4450 1434 4522 ὁρώμενον
1449 4451 1754 4520 ἄνθρωπον,

1876 4456 2160 4516 Iiseamus,
2188 4461 2244 4507 et
2275 4453 2552 4506 hominem
2586 4450 2678 4519 qui
2710 4450 3058 4514 cernebatur,
3090 4457 3146 4504 et
3172 4449 3429 4503 divinita-

186 4538 280 4593 καὶ
328 4540 427 4610 τὴν
460 4540 546 4592 διὰ
577 4540 670 4594 τοῦ
705 4539 954 4610 σώματος
985 4541 1318 4613 ἐνεργοῦσαν
1353 4541 1583 4613 θεότητα
1621 4543 1754 4613 (56).

1876 4552 1998 4607 tem,
2029 4557 2150 4610 qua:
2177 4556 2276 4610 per
2312 4553 2512 4607 corpus
2542 4539 2893 4607 operabatur.

306 4725 351 4757 “
373 4722 608 4795 Philipp.
642 4740 708 4788 ιι,
731 4723 794 4778 6.
831 4717 861 4770 Ἰ

190 4876 606 4933 Mediolanensis
661 4876 907 4940 nomine,
938 4877 1159 4930 laudato
1195 4891 1360 4944 opere
1407 4893 1437 4929 a
1480 4877 1739 4937 Leontio,

189 4947 387 5001 \‘idesis
409 4946 684 5000 Maurinos
695 4946 970 5000 Ambrosii
986 4946 1228 5000 editores
1245 4947 1299 4999 in
1319 4945 1466 5000 calce
1482 4945 1760 4999 Praefatio-

192 5018 277 5071 nis
319 5015 449 5068 tomi
489 5013 750 5084 secundi.
778 5014 944 5068 Valde
989 5025 1170 5084 tamen
1199 5014 1464 5084 Basnagio
1486 5015 1759 5068 assentior

191 5083 602 5154 intelligendum
627 5097 750 5136 esse
791 5085 975 5154 potius
998 5083 1348 5137 Ambrosium
1383 5083 1756 5154 ‘Alex.,__c_ujus

194 5149 476 5208 tractatum
511 5149 1184 5221 adversus—Apollinarem
1234 5159 1504 5206 memorat
1565 5149 1755 5208 Iliei'o-

194 5237 385 5292 nymus
405 5219 750 5292 in_Ca_talogo
778 5219 1011 5292 virljll”
1034 5237 1152 5290 cap.
1177 5222 1294 5275 126.

263 5291 377 5356 (55)
399 5289 585 5342 Sabini
603 5289 844 5357 episcopi
860 5289 1113 5344 Graecam
1127 5289 1496 5344 narrationem
1513 5290 1581 5344 de
1601 5290 1755 5345 obitu

193 5373 254 5412 ac
282 5358 469 5429 funere
499 5357 585 5429 κδ..
629 5359 921 5429 Epiphanii
951 5375 1073 5429 gnos
1101 5361 1376 5412 edidimus
1399 5359 1589 5429 Script.
1625 5369 1751 5422 vet.,

195 5439 232 5481 t.
259 5427 365 5488 VII,
398 5441 450 5493 p.
490 5426 746 5480 178-180.
775 5427 962 5480 Sabini
997 5429 1250 5481 monachi
1279 5430 1488 5495 (postea
1515 5426 1754 5483 fortasse

192 5496 448 5565 episcopi)
497 5496 707 5549 exstitit
733 5497 972 5564 epitome
1025 5498 1381 5566 synodorum,
1429 5508 1566 5551 teste
1614 5499 1754 5551 anti-

193 5581 297 5632 quo
331 5568 578 5633 catalogo
602 5580 692 5633 op.
715 5566 809 5618 eit.
849 5574 886 5619 t.
910 5566 978 5629 X,
1004 5566 1159 5619 Praef.
1193 5583 1248 5634 p.
1291 5567 1376 5618 12.
1405 5566 1463 5619 In
1502 5567 1607 5620 hoc
1647 5567 1748 5619 Sa-

195 5634 315 5688 bino
335 5634 479 5705 haud
525 5635 638 5705 seio
671 5651 740 5688 an
769 5635 1150 5702 agnoscendus
1203 5636 1272 5688 sit
1305 5645 1496 5688 auctor
1539 5652 1745 5705 anony-

196 5718 307 5773 mus
333 5704 592 5757 breviata:
617 5704 862 5773 historiae
884 5705 1221 5773 synodorum
1257 5705 1399 5773 apud
1422 5704 1740 5769 Justellum,

194 5770 259 5829 de
285 5787 390 5842 qua
414 5773 528 5830 dixi
550 5773 606 5829 in
633 5771 818 5845 Spicil.
841 5781 883 5828 t.
912 5770 1025 5842 VII,
1057 5773 1218 5829 Praef.
1260 5770 1316 5844 pl
1346 5774 1458 5828 7-8.

1933 4875 2071 4943 (54)
2103 4873 2310 4929 Prioris
2332 4870 2636 4943 hujusloci
2661 4868 2934 4943 Gelasiani
2963 4877 3172 4943 partem
3199 4870 3425 4943 nosjam

1866 4937 2143 4999 edidimus
2165 4946 2219 4996 in
2253 4937 2527 4996 Anastasii
2566 4940 2873 5008 presbyteri
2901 4953 3066 5008 opere
3092 4937 3424 5008 dogmatico,

1864 5011 2292 5083 Script.ivet.,‘t.
2317 5010 2431 5071 VII,
2455 5025 2508 5083 p_.
2540 5009 2629 5062 25.
2667 5007 2840 5083 Porro
2892 5007 3094 5083 ibidem
3129 5023 3183 5074 p.
3235 5007 3315 5066 10,
3369 5007 3423 5060 in

1865 5075 2027 5136 titqu
2056 5080 2348 5137 Gelasiano
2373 5075 2586 5131 mallem
2616 5078 2862 5130 scribere
2897 5075 3222 5144 μαθήματος
3259 5090 3423 5144 quam

1866 5149 2275 5225 μαθηματικοῦ.
2301 5149 2516 5225 Etenim
2545 5147 2776 5225 μάθημα
2792 5147 2997 5198 dictum
3019 5145 3189 5197 fuisse
3237 5145 3303 5196 ab
3330 5159 3426 5197 an-

1863 5217 2032 5288 tiquis
2064 5235 2163 5288 pro
2185 5217 2452 5288 σύμϐολον
2481 5217 2705 5288 scimus.
2867 5241 2870 5245 -

1936 5283 2142 5356 (35)Ex
2176 5283 2280 5342 hoc
2300 5285 2596 5356 Ephraemii
2645 5283 3046 5356 sermoneﬂduo
3077 5283 3188 5356 jam
3229 5291 3425 5356 protu-

1856 5352 2038 5416 Ieram'
2053 5352 2376 5428 fragmenta,
2395 5355 2592 5428 script;
2637 5364 2739 5407 eet.
2774 5365 2813 5408 t.
2848 5353 2970 5428 VII._
2998 5369 3088 5422 pp.
3113 5353 3194 5428 _18
3222 5352 3422 5428 e_t_151.

1859 5429 2106 5484 Tertium
2130 5423 2280 5481 nunc
2302 5423 2532 5479 accedit.
2553 5424 2649 5476 Est
2666 5431 2852 5477 autem‘
2881 5423 3086 5492 ubique
3113 5423 3420 5492 intelligen-

1857 5501 1958 5552 dus
2009 5497 2353 5566 Ephraemius
2398 5494 2690 5563 cpiscopus
2737 5493 3138 5556 Antiochenus,
3167 5507 3277 5544 non
3329 5491 3424 5547 ille

1855 5568 2027 5639 Syrus
2052 5566 2369 5639 monachus.
2426 5635 2458 5639 __
2577 5633 2634 5639 __
2712 5631 2723 5639 _
2805 5631 2855 5639 __
3136 5628 3147 5639 _

1921 5638 2032 5705 ('56)
2055 5636 2368 5690 Consonum
2394 5635 2557 5688 alium
2577 5631 2820 5701 Flaviani
2843 5631 3022 5684 locum
3040 5627 3420 5684 recitat'l‘heoa

1851 5707 2079 5765 doretus
2111 5705 2314 5774 dialog.
2345 5705 2409 5758 ll.
