3912 6298
180 264 212 328 Ῑ
226 262 333 327 31⁵1

1247 268 1540 330 CONTRA
1580 272 1898 337 NESTOR.
1940 279 2034 337 ET
2073 281 2391 341 EUTYCII.

3289 288 3423 355 1318

170 368 293 419 καὶ
325 364 573 437 ἀλήθεια,
620 365 872 435 ἐμπνέων
921 371 1051 437 ἡμῖν
1093 369 1310 424 σύνεσιν
1368 375 1452 436 είς
1496 375 1558 427 τὸ
1620 394 1737 447 μετέ

1863 396 2339 452 expromerecum
2369 388 2540 459 gratia
2572 397 2627 444 et
2655 392 2921 462 sapientia
2948 395 3179 457 caelesti,
3207 412 3327 467 qua:
3355 401 3424 455 ad

169 457 416 528 χάριτος
446 468 539 510 και
572 458 762 523 σοφίας
788 458 886 526 τῆς
910 458 1137 523 ἀνωθεν,
1180 460 1247 514 τὰ
1290 464 1646 520 συντελοῦντα
1679 470 1760 532 εἰς

167 545 294 615 τὴν
317 545 589 608 ὑπόθεσιν,
629 546 724 597 καὶ
759 547 1188 615 νοῆσαικαλῶς,
1222 550 1318 604 καὶ
1360 552 1569 624 φράσαι
1603 554 1758 624 δυνη-

172 635 375 707 θῆναι.

259 747 326 799 Et
365 746 464 816 μὲν
502 745 596 799 οῦν
642 746 826 815 ἐώρων
859 747 957 819 τὴν
1015 749 1110 804 νῦν
1159 754 1218 806 ἐν
1265 756 1380 816 τοῖς
1419 754 1759 820 ὑπεναντίοις

167 835 577 896 ἐπαναστᾶσαν
595 835 717 888 κατ’
741 836 986 906 ἀλλήλων
1010 840 1346 912 ζυγομαχίαν
1369 844 1560 915 μέχρις
1576 848 1757 900 αὑτῶν

166 926 417 978 ἐκείνων
469 927 753 994 μείνασαν,
794 927 934 981 ἀλλά
981 929 1054 999 μὴ
1084 934 1177 984 καὶ
1216 936 1294 997 εἰς
1330 936 1475 1004 ἡμᾶς
1504 937 1755 1008 διαδῆναι

165 1016 629 1084 φιλονεικοῦσαν,
662 1018 805 1087 τάχα
840 1034 941 1070 που
995 1022 1089 1072 καὶ
1133 1024 1326 1092 κέρδος
1374 1026 1756 1098 ὑπελάμϐανον

162 1106 286 1177 τὴν
341 1108 451 1159 τῶν
507 1108 765 1160 ἐναντίων
825 1109 1005 1179 μάχην
1040 1128 1112 1182 ,τε
1156 1115 1248 1166 καὶ
1282 1117 1712 1187 ἀντιπαράταξιν
1738 1136 1751 1149 ·

162 1199 340 1252 αὐτοὶ
362 1200 471 1268 γὰρ
509 1200 612 1252 ὑπὸ
637 1198 790 1268 σφῶν
826 1197 1146 1272 βαλλόμενοι
1177 1206 1273 1258 καὶ
1295 1208 1751 1278 ἀνατρεπόμενοι,

163 1290 340 1343 οὐδὲν
371 1293 501 1360 ήμῖν
526 1294 779 1361 πρᾶγμα,
808 1293 889 1344 ὅτι
921 1291 995 1361 μὴ
1026 1294 1259 1366 Θεωρίαν
1283 1296 1443 1368 ψιλὴν
1470 1298 1563 1351 τοῦ
1595 1300 1755 1354 πολέ-

166 1399 314 1452 μου,
348 1383 699 1453 προὺξένουν.
744 1386 854 1440 Ἑνὶ
894 1388 1100 1441 τούτων
1148 1389 1307 1458 μόνον
1337 1390 1494 1460 ήμῶν
1531 1391 1754 1460 ἀλγυνο-

167 1472 399 1541 μένων,
453 1475 519 1544 τῇ
577 1474 823 1547 ἀπωλείᾳ
870 1475 993 1530 ’τῶν
1040 1475 1329 1547 ἀθετῆσαις
1367 1479 1466 1547 μὲν
1529 1482 1611 1543 είς
1661 1480 1752 1532 τὸν

160 1558 333 1614 οἵκον
359 1563 571 1625 Δαὸὶδ,’
598 1565 738 1617 κατά
774 1567 833 1618 τὸ
874 1566 1076 1634 λόγιον,
1117 1567 1525 1637 τολμησάντων,
1585 1569 1753 1638 ὑπερ-

166 1650 400 1705 ιδόντων
457 1653 512 1705 δὲ
553 1654 646 1707 καὶ
684 1656 782 1726 τὴν
850 1657 986 1728 πρὸς
1022 1657 1112 1711 τὸν
1145 1654 1292 1711 οἷκον
1328 1658 1610 1730 Ἰεροὸοάμ
1632 1660 1752 1729 ὁμό-

157 1758 350 1806 νοιαν,
371 1742 466 1796 καῖ
505 1745 642 1816 μηδέ
674 1746 894 1817 ἐκείνην
954 1750 1429 1818 συντηρηοάντων,
1463 1749 1600 1802 ἀλλά
1630 1767 1748 1821 σχι-

162 1831 420 1886 σθέντων
441 1851 498 1886 τε
553 1837 649 1889 καὶ
700 1838 1082 1906 διαιρεθέντων
1141 1838 1236 1891 ἀπ’
1270 1839 1514 1909 ἀλλήλων
1563 1857 1622 1892 τε
1656 1842 1749 1894 καὶ

155 1922 319 1992 πρὸς
395 1908 662 1992 ἀλλήλους
711 1943 725 1958 ο
780 1927 855 1989 ώς
925 1928 1127 1995 ἐξεῖναι
1188 1930 1301 1991 τοϊς
1364 1908 1747 1999 συνετωτέροις

154 2012 237 2066 ἐκ
289 2010 387 2063 τοῦ
421 2013 635 2081 καρποῦ
672 2013 736 2066 τὸ
777 2015 1003 2086 δένδρον
1037 2015 1439 2083 ἐπιγινώσκειν,
1467 2017 1609 2071 κατά
1653 2018 1745 2070 τὸν

156 2100 453 2170 Σωτήριον
487 2102 663 2169 λόγον,
691 2103 778 2157 διὰ
816 2105 925 2158 τῶν
974 2106 1312 2174 πολυσχιδῶν
1371 2106 1615 2160 στάσεων
1646 2106 1744 2161 τοῦ

153 2192 227 2244 ἐν
284 2192 470 2254 αὐτοῖς
524 2193 876 2261 ἐνεργοῦντος
916 2194 1265 2265 ταραχώδους
1322 2197 1631 2267 πνεύματος
1677 2198 1746 2252 τὰ

158 2282 419 2352 μάλιστα
446 2284 826 2353 δεικνυμένου.
854 2287 1195 2356 ηΣυμπὲφυκε
1220 2287 1327 2359 γάρ
1358 2306 1474 2351 πως
1501 2291 1567 2359 τῇ
1614 2289 1744 2342 ἀσε-

155 2372 298 2444 ϐείᾳ
350 2374 412 2425 τὸ
455 2375 743 2447 φίλεχθρόν
783 2394 847 2428 τε
879 2378 972 2430 καὶ
1029 2378 1420 2449 πολεμοχαρές.
1452 2379 1566 2432 Νῦν
1595 2379 1744 2455 δὲνδή

154 2464 401 2531 γέγονεν
447 2467 580 2535 ἡμῖν
619 2466 755 2537 πρὸς
783 2468 955 2521 κακοῦ
986 2471 1018 2538 ή
1044 2468 1155 2521 τῶν
1179 2468 1387 2539 ἐχθρῶν
1412 2470 1548 2538 πρὸς
1577 2470 1742 2541 ἀλλή-

153 2554 300 2618 λους
340 2557 651 2625 δυσμένεια.
686 2559 750 2609 Ὢ
800 2559 898 2627 τῆς
960 2558 1318 2623 ἀπαιδευσίας
1348 2562 1360 2613 l
1390 2562 1482 2614 καὶ
1524 2561 1638 2614 τῶν
1685 2564 1741 2615 ἐν

154 2647 344 2717 κακίᾳ
387 2648 518 2718 παρ’
538 2649 721 2711 αὐτοῖς
755 2649 1022 2720 δευτέρων
1047 2651 1351 2721 γεγόναμεν
1374 2651 1692 2722 ἀθλιώτεροι
1722 2668 1736 2684 ⁸

157 2738 309 2809 μηδὲ
344 2737 470 2791 ὅσον
496 2739 544 2791 οἱ
583 2738 770 2809 ἐχθροὶ
801 2738 870 2791 τὰ
896 2741 1139 2811 ἡμέτερα
1184 2740 1517 2797 ἐποπτεῦσαί
1547 2759 1607 2794 τε
1645 2743 1740 2796 καὶ

156 2828 405 2897 φυλάξαι
433 2829 740 2898 δυνάμενοι.
775 2828 947 2900 Εἴπερ
970 2833 997 2883 ό
1031 2831 1129 2900 μὲν
1158 2825 1385 2902 θατέρου
1413 2832 1610 2904 μέρους
1630 2834 1738 2886 τῶν

156 2919 488 2988 σχισμάτων
516 2919 697 2989 πατὴρ
724 2921 783 2971 τὸ
806 2920 923 2972 δέον
960 2921 1119 2988 ἔγνω,
1137 2922 1231 2975 καὶ
1258 2922 1458 2993 ᾐδέσθη
1486 2923 1577 2976 τὸν
1600 2924 1738 2978 κατά

153 3010 269 3076 τῆς
313 3009 576 3078 ἀληθείας
627 3010 872 3081 προφανῆ
915 3009 1180 3079 πόλεμον,
1209 3014 1365 3081 ἡμεῖς
1397 3013 1452 3066 δὲ
1477 3013 1576 3082 τὴν
1598 3015 1739 3067 ὲκεί-

154 3119 276 3156 νων
331 3100 626 3166 ἐπίγνωσιν
651 3138 667 3163 ,
716 3100 937 3167 ἀγνοίας
995 3101 1205 3175 ἐφόδιον
1234 3103 1598 3173 πεποιήμεθα,
1640 3105 1736 3159 καὶ
1761 3125 1803 3183 ρ

154 3190 475 3259 γεγόναμεν
530 3187 756 3241 καὶτῶν
789 3186 999 3258 ἐχθρῶν
1029 3188 1446 3259 ἀσυνετώτεροι.

231 3304 480 3384 Σευήρου
543 3315 651 3385 γὰρ
688 3316 782 3369 καὶ
817 3317 1126 3382 Ἰουλιανοῦ,
1160 3318 1269 3371 τῶν
1315 3319 1408 3372 δύο
1458 3322 1553 3389 τῆς
1606 3325 1735 3392 μιᾶς

156 3405 425 3467 ἀσεϐείας
453 3406 634 3475 ἀρχῶν
654 3405 789 3475 πρὸς
820 3406 1044 3468 ἐαυτοὺς
1069 3405 1468 3475 διενεχθέντων,
1495 3408 1735 3478 ἀνοήτως
1767 3442 1770 3449 η

158 3499 267 3568 μὲν
316 3496 392 3556 ὡς
446 3497 580 3568 πρὸς
626 3496 724 3559 τὰς
765 3497 971 3559 οίκείας
1014 3496 1212 3567 ἀρχὰς,
1247 3498 1534 3568 ἐμφρόνως
1561 3497 1615 3551 δὲ
1658 3499 1733 3562 ὡς

156 3587 306 3658 πρὸς
350 3585 520 3656 αὑτήν
567 3586 667 3656 τὴν
724 3584 1007 3656 ἀλήθειαν,
1054 3588 1148 3639 καὶ
1187 3587 1316 3656 περὶ
1361 3586 1454 3639 τοῦ
1491 3588 1730 3659 φθαρτοῦ

153 3676 640 3746 ζυγομαχοῦντων,
677 3678 727 3728 οί
761 3676 859 3746 μὲν
896 3676 995 3745 τῆς
1026 3677 1266 3746 Σευήρου
1306 3677 1537 3747 μερίδος,
1572 3680 1730 3747 φιλα-

151 3769 342 3840 λήθως
377 3771 570 3833 εἰπεῖν,
601 3769 699 3837 τῆς
728 3769 837 3821 τῶν
864 3767 1071 3838 ἐχθρῶν
1112 3768 1540 3838 παρεκέρδαινον
1565 3786 1733 3841 πονη-

157 3862 288 3931 ρίας
309 3875 324 3890 '
355 3860 391 3914 ἃ
433 3861 541 3930 γὰρ
583 3861 684 3914 οὑκ
737 3859 803 3914 ἀν
851 3876 935 3921 τις
968 3859 1167 3923 αὐτοὺς
1191 3860 1300 3929 πρὸ
1332 3861 1523 3915 τούτου
1556 3864 1729 3917 εἰπεῖν

152 3951 345 4005 ἔπεισε
368 3995 382 4017 ,
418 3951 593 4005 ταῦτα
639 3952 673 4020 ή
714 3951 808 4003 νῦν
851 3952 987 4020 πρὸς
1017 3952 1144 4013 τοὺς
1172 3950 1408 4013 οίκείους
1435 3951 1731 4021 δυσμένεια

149 4043 498 4111 ὁμολογῆσαι
544 4043 885 4112 ἠνάγκασεν·
918 4043 1087 4111 ήνίκα
1119 4041 1176 4094 δὲ
1221 4040 1359 4112 πρὸς
1409 4040 1506 4104 τὰς
1557 4041 1730 4109 αὐγὰς

149 4133 257 4201 τῆς
323 4130 585 4200 ἀληθείας
657 4128 935 4193 ἀνανεύειν
994 4128 1228 4200 ἤρξαντο
1262 4167 1278 4191 ,
1346 4128 1445 4198 τὴν
1507 4129 1727 4181 ἐκείνων

151 4222 449 4276 ἀνάνευσιν
480 4218 742 4287 ἀϐλεψίας
765 4218 1018 4271 ὑπόθεσίν
1061 4235 1208 4281 τινες
1232 4218 1389 4287 ἔσχον
1437 4218 1547 4271 τῶν
1591 4219 1727 4288 ήμεο

149 4313 354 4383 τέρων,
385 4314 452 4380 τῇ
499 4309 702 4380 χείρονι
754 4308 920 4379 μοίρᾳ
966 4307 1349 4377 προσθέμενοι,
1373 4310 1467 4361 καὶ
1513 4309 1580 4362 δι’
1610 4309 1726 4373 ἐνὸς

153 4404 403 4473 ῥήματος
456 4402 536 4463 είς
597 4398 795 4452 ταυτὸν
841 4393 1006 4468 ἦλθον
1039 4399 1151 4460 τοῖς
1181 4398 1446 4459 ἐναντίοις
1469 4413 1482 4426 ·
1519 4397 1612 4452 καὶ
1655 4398 1723 4451 δι’

150 4491 491 4561 εὐπρέπειαν
519 4489 802 4557 ὀνόματος,
833 4488 1013 4540 πᾶσαν
1040 4486 1140 4540 σὺν
1163 4485 1394 4549 ἐκείνοις
1412 4486 1721 4540 ἀπεσκευά-

153 4598 322 4635 σαντο
347 4581 445 4651 τὴν
473 4577 810 4649 οἰκονομίαν.

235 4691 495 4743 Ἐκείνων
558 4689 690 4758 γὰρ,
767 4688 843 4770 (in;
906 4687 1076 4757 ἔφην,
1151 4688 1392 4757 ἀνοήτως
1468 4688 1568 4757 μὲν
1643 4688 1718 4751 ὡς

155 4780 292 4852 πρὸς
310 4780 429 4862 ’τὰς
468 4780 570 4848 τῆς
615 4777 876 4850 ἀληθείας
907 4778 1161 4847 ἀφορμὰς
1192 4778 1524 4847 ζητούντων,
1558 4778 1721 4831 πότε-

155 4888 250 4940 ρον
278 4871 362 4923 δεῖ
390 4870 629 4939 φθαρτὸν
652 4871 749 4923 ικαὶ
790 4868 1033 4939 παθητὸν
1061 4868 1121 4921 τὸ
1155 4868 1314 4938 σῶμα
1347 4867 1546 4936 λέγειν,
1582 4870 1717 4938 ὅπερ

153 4960 213 5025 ἐξ
256 4958 416 5030 ήμῶν
464 4958 602 5027 ὑπὲρ
633 4958 791 5027 ήμῶν
834 4959 1072 5027 φορέσας
1094 4959 1122 5010 ὁ
1148 4957 1351 5028 Κύριος
1378 4958 1536 5028 ἡμῶν
1587 4975 1719 5010 κατα

152 5051 394 5113 ἐδέξατο,
428 5050 671 5118 Σευῆρος
713 5048 810 5117 ὀψὲ
846 5048 967 5117 μὲν,
991 5050 1140 5119 ὅμως
1171 5048 1214 5100 δ’
1238 5047 1331 5102 οὖν
1370 5048 1570 5119 ᾔσθετο
1598 5049 1721 5102 ἐαυ-

153 5140 270 5203 τοῦ,
312 5140 408 5192 καὶ
438 5138 533 5191 τοῦ
574 5138 718 5191 κατὰ
746 5137 853 5190 τῶν
891 5138 1111 5191 οἰκείων
1151 5139 1527 5210 παρεκέρδανε
1558 5140 1717 5193 πολέ-

155 5246 285 5296 μου,
319 5227 689 5296 ἀναγκασθεὶς
720 5228 990 5299 διαφοράν
1014 5246 1075 5281 τε
1106 5229 1201 5284 καὶ
1229 5229 1502 5300 ἰδιότητας
1529 5232 1721 5300 ὁμολο-

154 5316 327 5386 γῆσαί
358 5333 417 5368 τε
449 5317 544 5369 καὶ
577 5317 839 5388 κηρύξαι.
877 5319 991 5388 Τῆς
1019 5319 1186 5373 αὖτοῦ
1216 5319 1262 5372 δ’
1293 5320 1360 5373 ἂν
1391 5319 1476 5393 εἴη
1503 5323 1718 5391 σοφίας»

154 5406 251 5461 καὶ
280 5406 391 5460 τῶν
420 5406 773 5479 ἐζηλωκότων
807 5411 992 5476 αὐτὸν,
1023 5410 1287 5483 διαφορὰν
1327 5415 1421 5467 καὶ
1454 5414 1719 5485 ίδιότητας

157 5502 504 5570 κατηγορεῖν,
544 5501 605 5553 οὐ
649 5502 772 5555 καθ’
819 5502 1196 5574 ὑποκειμένων
1252 5505 1627 5575 πραγμάτων·
1686 5508 1718 5578 ἢ

158 5587 252 5641 δύο
306 5590 740 5662 παραιτούμενον
811 5592 1001 5663 φύσεις
1047 5595 1353 5664 ὁμολογεῖν,
1396 5595 1488 5649 δύο
1544 5596 1719 5666 λέγειν

1864 478 2147 531 materiam
2178 481 2446 548 propositi
2477 486 2783 552 argumenti
2816 487 3109 553 pertinent.

1931 759 1985 813 Si
2012 759 2178 829 igitur
2198 775 2437 832 pugnam
2468 778 2615 818 nunc
2634 764 3075 821 adversariorum
3101 767 3248 822 inter
3275 768 3422 838 ipsos

1857 849 2169 916 excitatam,
2199 852 2444 908 viderem
2482 853 2537 907 in
2573 853 2706 923 ipsis
2745 855 2854 909 illis
2892 858 3179 922 mansisse,
3212 867 3269 913 ct
3308 874 3420 915 non

1857 940 1925 994 ad
1968 955 2071 998 nos
2122 958 2296 1013 usque
2355 945 2612 1013 progredi
2678 946 3136 1008 contendentem,
3188 946 3419 1004 fortasse

1859 1031 2068 1086 lucrum
2101 1032 2358 1088 ducerem
2391 1051 2625 1104 pugnam
2652 1044 2708 1089 et
2734 1039 3196 1092 concertationem
3229 1039 3422 1094 adver-

1856 1123 2161 1176 sariorum:
2214 1125 2319 1192 ipsi
2353 1125 2499 1179 enim
2534 1141 2563 1179 a
2616 1127 2811 1195 seipsis
2852 1128 3100 1196 percussi
3149 1135 3205 1181 et
3238 1130 3417 1184 eversi

1854 1213 2064 1267 nullum
2114 1214 2395 1283 negotium
2440 1216 2621 1278 nobis,
2664 1216 2768 1270 nisi
2819 1217 2996 1270 solum
3043 1220 3418 1286 spectaculum

1852 1304 1980 1358 belli
2007 1303 2352 1358 adhiberent.
2378 1305 2499 1360 Uno
2529 1313 2737 1359 tantum
2770 1305 2966 1360 horum
3000 1308 3223 1362 interitu
3262 1310 3416 1365 dole-

1852 1407 2070 1457 remus;
2108 1392 2201 1461 qui
2229 1392 2450 1446 domum
2497 1394 2718 1461 quidem
2750 1395 2944 1458 David,
2984 1397 3127 1450 sicut
3155 1399 3233 1453 ait
3271 1385 3419 1453 86τί-

1851 1491 2033 1552 ptura,
2082 1498 2340 1552 respuere
2375 1485 2492 1538 ausi
2525 1494 2673 1549 sunt,
2720 1485 3069 1539 concordiam
3115 1502 3248 1541 vero
3290 1504 3416 1542 cum

1851 1570 2025 1624 domo,
2048 1571 2341 1625 Jeroboam
2370 1572 2753 1641 neglexerunt.
2782 1588 2885 1626 nec
2925 1573 3071 1626 illam
3102 1586 3413 1642 servarunt,

1851 1661 1947 1716 sed
1982 1661 2239 1731 disrupti,
2276 1670 2331 1715 et
2361 1662 2576 1721 discissi
2605 1680 2636 1715 a
2674 1679 2733 1718 se
2778 1672 2833 1716 et
2865 1665 3128 1721 adversus
3157 1682 3214 1721 se
3251 1680 3412 1732 sunt;

1852 1759 1915 1805 ut
1940 1751 2106 1805 liceat
2137 1752 2302 1820 paulo
2334 1752 2677 1805 acutioribus
2707 1768 2773 1806 ex
2805 1754 2983 1808 fructu
3034 1756 3286 1810 arborem
3318 1774 3415 1813 co-

1852 1855 2134 1911 gnoscere,
2186 1842 2329 1896 sicut
2378 1842 2628 1896 Salvator
2666 1842 2836 1905 dixit,
2885 1860 3009 1899 cum
3064 1847 3414 1903 turbulentus

1846 1929 2076 1998 spiritus
2123 1931 2217 1999 qui
2264 1931 2320 1984 in
2369 1932 2451 1985 eis
2502 1912 2790 2001 operatur,
2846 1950 2912 1989 cx
2962 1945 3068 1989 tam
3124 1939 3410 2009 multiplici

1844 2017 2107 2071 scissione
2132 2032 2322 2071 eorum
2352 2019 2584 2073 maxime
2609 2021 3037 2077 demonstretur.
3068 2024 3295 2080 lnsitum
3328 2037 3412 2083 est

1843 2106 1993 2159 enim
2024 2106 2290 2174 impietati
2324 2108 2568 2162 studium
2600 2109 2907 2165 inimicitiae
2954 2122 3009 2167 et
3052 2114 3202 2168 belli.
3252 2116 3412 2171 Nunc

1845 2204 2026 2250 autem
2042 2196 2550 2252 inimicoruminter
2566 2215 2622 2253 se
2645 2199 3024 2256 malevolentia
3048 2211 3103 2257 et
3119 2204 3407 2262 dissidium

1843 2288 2005 2342 nobis
2039 2297 2220 2343 nocet.
2253 2274 2680 2358 Oimperitiaml
2732 2302 2789 2348 et
2821 2293 2950 2347 facti
3000 2311 3191 2352 sumus
3238 2300 3408 2356 mise-

1843 2377 2169 2443 rabiliores,
2229 2395 2392 2447 quam
2454 2380 2546 2448 qui
2603 2381 2747 2449 apud
2795 2398 2890 2437 eos
2940 2385 2992 2439 in
3048 2388 3254 2443 malitia
3318 2405 3408 2445 se-

1841 2469 2048 2523 cundas
2113 2476 2337 2533 tenent;
2403 2471 2497 2537 qui
2561 2487 2742 2540 neque
2813 2484 3078 2542 quantum
3153 2478 3404 2545 inimici,

1840 2567 2028 2611 nostra
2062 2557 2252 2612 videre
2289 2568 2345 2613 et
2391 2561 2667 2615 custodire
2714 2578 3024 2631 possumus.
3078 2566 3132 2621 Si
3182 2570 3404 2638 quidem

1841 2646 2070 2701 alterius
2110 2648 2282 2717 partis
2332 2649 2686 2705 schismatum
2738 2663 2893 2722 pater
2958 2660 3215 2727 cognovit
3272 2660 3402 2730 quid

1840 2752 1978 2806 opus
2009 2746 2193 2803 esset;
2231 2749 2288 2794 et
2329 2741 2541 2795 veritus
2587 2751 2671 2797 est
2727 2744 2928 2799 bellum
2979 2748 3164 2817 aperte
3214 2760 3402 2809 contra

1839 2827 2129 2885 veritatem
2164 2829 2440 2893 suscipere
2467 2847 2482 2895 ;
2513 2845 2614 2885 nos
2635 2848 2765 2888 vero
2791 2837 3158 2906 cognitionem
3181 2840 3398 2900 illorum

1839 2913 2046 2968 aditum
2093 2915 2159 2968 ad
2214 2915 2577 2985 ignorantiam
2626 2920 2885 2987 fecimus,
2934 2925 3168 2996 factique
3213 2944 3398 2989 sumus

1840 3005 2304 3074 imprudentiores
2333 3023 2496 3075 quam
2531 3008 2762 3065 inimici.

1904 3327 2042 3384 Cum
2071 3331 2219 3386 enim
2258 3331 2494 3389 Severus
2523 3341 2581 3389 et
2607 3335 2874 3405 Julianus,
2904 3341 3017 3396 duo
3049 3344 3202 3403 initia
3237 3353 3402 3407 unius

1835 3417 2167 3488 impietatis,
2222 3419 2368 3474 inter
2413 3436 2471 3476 se
2518 3423 2883 3493 dissiderent,
2933 3432 3103 3488 stulte
3143 3436 3399 3507 quidem,

1832 3507 2014 3575 quoad
2041 3508 2262 3576 propria
2285 3510 2574 3580 principia,
2609 3516 2831 3571 cordate
2859 3533 2990 3574 vero
3013 3526 3192 3591 quoad
3225 3528 3400 3598 ipsam

1832 3596 2155 3684 veritatem,
2233 3606 2288 3653 et
2337 3600 2405 3653 de
2461 3606 2805 3672 corruptibili
2871 3618 2928 3663 et
2991 3596 3398 3688 incorruptibili

1832 3695 2250 3753 concertarent;
2290 3690 2385 3758 qui
2431 3702 2590 3746 erant
2635 3699 2806 3763 partis
2853 3699 3064 3767 Severi,
3107 3716 3166 3760 ut
3201 3725 3397 3771 verum

1830 3777 2030 3842 dicam,
2067 3776 2414 3833 inimicorum
2445 3783 2768 3850 pravitatem
2806 3788 2863 3842 in
2886 3790 3042 3846 lucro
3077 3768 3393 3863 ponebant:

1830 3872 1951 3936 quia;
2004 3868 2152 3931 enim
2205 3871 2391 3924 nullus
2428 3873 2511 3926 eis
2566 3885 2692 3929 ante
2754 3878 2903 3935 hunc
2952 3882 3137 3941 dicere
3180 3893 3392 3950 suasit.

1830 3958 1947 4013 haec
1996 3974 2148 4014 nunc
2179 3960 2565 4016 malevolentia
2598 3965 2653 4018 in
2701 3982 2850 4034 suos,
2896 3975 3145 4031 conﬁteri
3179 3983 3389 4054 coegit:

1827 4055 2116 4121 pcatquam
2162 4062 2298 4101 vero
2332 4048 2388 4127 in
2430 4051 2776 4133 splendorem
2827 4061 3076 4118 veritatis
3121 4048 3392 4140 conjicere

1827 4138 2017 4191 oculos
2048 4146 2356 4207 coeperunt,
2389 4142 2671 4211 conjectus
2705 4147 2923 4204 illorum
2953 4153 3060 4208 fuit
3093 4138 3256 4214 causa
3288 4179 3392 4219 ca:-

1827 4227 2009 4285 citatis
2042 4228 2392 4297 quibusdam,
2422 4231 2516 4301 qui
2544 4248 2609 4288 ex
2644 4239 2866 4305 nostris,
2899 4242 2967 4295 ad
2998 4247 3237 4315 pejorem
3263 4267 3390 4320 par-

1826 4326 1935 4371 tem
1969 4333 2027 4373 se
2056 4319 2427 4390 adiunxerunt
2458 4329 2515 4376 et
2546 4339 2645 4392 per
2680 4343 2848 4382 unum
2874 4333 3102 4389 verbum
3129 4353 3196 4394 eo
3224 4319 3390 4399 deve-

1823 4411 2048 4467 nerunt,
2097 4413 2157 4458 ut
2206 4404 2353 4491 idem
2405 4417 2570 4477 atque
2618 4411 2917 4472 adversarii
2969 4425 3280 4495 sentirent,
3329 4443 3388 4489 et

1825 4502 2053 4561 propter
2082 4478 2347 4551 decorem'
2374 4499 2623 4557 nominis
2643 4511 2816 4560 totum
2851 4507 3249 4576 incarnationis
3265 4478 3390 4596 τηγ-

1825 4583 2053 4636 sterium
2085 4585 2449 4642 sustulerunt.

1895 4695 2264 4796 .Cum-enim,
2302 4709 2366 4796 ut
2398 4701 2542 4768 dixi,
2602 4708 2766 4764 stulte
2822 4711 2901 4766 illi
2933 4719 3110 4784 quoad
3167 4730 3384 4796 propria

1826 4787 2131 4858 principia,
2177 4791 2482 4860 prudenter
2516 4810 2651 4851 vero
2679 4802 2859 4869 quoad
2898 4819 3091 4864 causas
3140 4787 3388 4876 veritatis

1827 4889 2152 4947 quaererent,
2208 4891 2392 4937 utrum
2439 4891 2797 4957 corruptibile
2860 4910 2926 4949 an
2976 4884 3386 4974 incorruptibile

1823 4970 2120 5069 dicendum
2151 4981 2301 5069 esset
2330 4990 2533 5045 corpus
2564 4980 2802 5049 Domini,
2830 4991 2977 5055 quod
3011 5008 3077 5045 ex
3105 4970 3264 5053 nobis
3286 5015 3386 5069 pro

1821 5061 1984 5117 nobis
2026 5061 2292 5117 Dominus
2337 5064 2517 5120 induit
2553 5078 2610 5123 et
2656 5077 2927 5143 suscepit;
2980 5080 3214 5139 Severus
3262 5061 3387 5144 sero

1827 5151 2071 5221 quidem,
2101 5160 2281 5207 tamen
2307 5156 2479 5209 sensit
2510 5157 2729 5216 demum
2791 5166 3063 5236 seipsum;
3097 5181 3153 5228 et
3181 5174 3383 5234 bellum

1828 5250 2016 5297 contra
2047 5257 2179 5298 suos
2211 5243 2455 5301 lucratus
2482 5257 2588 5311 est,
2618 5259 2841 5310 coactus
2872 5261 3123 5317 conﬁteri
3157 5273 3213 5320 et
3243 5283 3384 5338 prae-

1828 5332 2014 5388 dicare
2046 5332 2410 5389 diﬂ‘erentiam
2444 5344 2502 5391 et
2531 5341 2914 5409 proprietates.
2958 5348 3040 5405 Sit
3073 5332 3260 5411 autem
3297 5374 3382 5413 sa-

1794 5486 1799 5491 ,
1826 5421 2048 5489 pientiae
2078 5421 2215 5492 ejus,
2240 5431 2295 5477 et
2323 5439 2513 5478 eorum
2542 5428 2635 5496 qui
2662 5431 2885 5486 student
2915 5437 2985 5499 ei,
3022 5439 3382 5504 differentiam

1829 5518 1888 5565 et
1918 5511 2283 5579 proprietates
2311 5515 2613 5582 praedicare
2647 5534 2756 5574 non
2792 5521 2860 5577 de
2890 5524 3153 5595 subiectis
3184 5532 3383 5599 rebus;

1828 5601 1915 5654 vel
1951 5599 2087 5655 duas
2114 5611 2337 5658 naturas
2369 5606 2619 5663 conﬁteri
2664 5622 3027 5685 recusantem,
3058 5633 3166 5675 non
3209 5626 3387 5680 vereri
