3912 6298
539 266 671 332 1⁸19

1772 248 2098 312 LEONTII
2135 245 2544 310 BYZANTINI
2619 313 2627 316 _

3705 245 3822 311 113

535 388 679 428 nunc
709 373 894 427 dicere
930 365 1066 423 duas
1099 363 1469 437 proprietates
1513 357 1890 430 corruptibilis
1918 365 1978 414 et
2018 355 2098 412 in-

2215 355 2492 426 ίδιότητας
2521 349 2764 426 φθαρτοῦ
2794 353 2889 408 καὶ
2917 342 3222 426 ἀφθάρτου,
3253 354 3358 408 καὶ
3401 353 3525 424 τὴν
3555 350 3814 424 ancipes-5

535 461 930 532 corruptibilis,
963 468 1020 513 et
1049 457 1369 512 divisionem
1403 453 1618 509 numeri
1649 451 1909 514 duorum,
1939 463 2104 518 quam

535 567 754 609 sursum
783 551 1043 605 deorsum
1072 562 1300 603 versans
1324 554 1382 600 et
1418 542 1872 598 omnia'miscens
1913 539 1968 594 in
2010 555 2106 594 su-

519 625 848 713 perioribus
876 639 1195 703 accusabat;
1224 645 1318 691 aut
1343 635 1618 710 quomodo
1643 648 1752 687 non
1770 632 2106 686 admiremur

531 729 903 786 eruditionem
929 729 1070 798 ejus,
1092 728 1186 796 qui
1214 718 1686 796 participationem
1709 720 1931 790 quidem
1960 721 2106 776 clara

531 828 666 868 voce
701 811 993 880 praedicat;
1032 809 1088 863 id
1126 817 1308 863 autem
1344 822 1412 861 ex
1441 820 1553 874 quo
1590 804 1756 859 ducta
1805 811 1890 857 est
1929 803 2105 872 parti-

532 905 756 973 cipatio,
814 917 926 956 non
978 901 1158 956 solum
1206 915 1317 958 non
1369 907 1586 962 servat,
1643 895 1740 950 sed
1789 910 2104 966 oppugnare

495 1033 500 1038 -
532 975 766 1048 nititur?
799 991 854 1046 Si
879 992 1026 1046 enim
1054 1005 1254 1060 corpus
1278 989 1414 1044 dicit
1439 987 1719 1059 passibile,
1744 995 1800 1042 et
1824 986 2106 1056 passiones

532 1085 814 1138 naturales
840 1083 892 1137 ei
928 1082 1142 1148 tribuit,
1176 1081 1342 1151 idque
1369 1087 1495 1150 post
1533 1079 1830 1144 unionem;
1879 1092 2107 1147 respon-

532 1173 666 1227 deat
707 1171 874 1241 igitur
926 1160 1089 1225 nobis
1131 1171 1235 1225 iste
1282 1170 1532 1238 sapiens,
1574 1183 1643 1222 an
1690 1183 1802 1221 non
1839 1182 1872 1221 a
1910 1175 2106 1221 natura

533 1262 806 1317 naturalia
839 1259 1284 1329 proﬁciscantur,
1315 1267 1378 1312 ut
1411 1259 1481 1312 ab
1513 1269 1634 1311 arte
1663 1255 2000 1310 artiﬁciosa?

601 1351 809 1427 Verum
846 1365 968 1418 quae
1002 1351 1150 1404 illius
1179 1357 1330 1414 sunt,
1364 1361 1713 1402 reservemus
1762 1345 2105 1414 longioribus

535 1442 712 1506 libris,
741 1443 826 1496 vel
854 1441 922 1496 iis
943 1442 1040 1510 qui
1073 1442 1279 1510 majore
1308 1439 1443 1506 otio,
1477 1453 1642 1508 quam
1672 1453 1774 1492 nos
1801 1436 2101 1505 abundant.

533 1531 677 1598 Quid
708 1539 893 1586 autem
921 1532 1076 1587 dices
1119 1531 1187 1587 de
1227 1529 1317 1594 iis,
1349 1531 1443 1598 qui
1489 1529 1608 1583 haec
1635 1543 1852 1596 semper
1878 1527 2024 1582 clara
2049 1537 2107 1583 et

535 1623 790 1678 omnibus
820 1623 1110 1678 manifesta
1137 1635 1274 1676 voce
1302 1620 1722 1682 denuntiabant,
1753 1633 1817 1672 ac
1841 1627 2105 1686 praeterea

2204 448 2306 517 τῆς
2335 447 2551 512 δυάδος,
2585 447 2654 516 ἢν
2680 445 2791 499 ἄνω
2824 446 2920 499 καὶ
2938 447 3090 500 κάτω
3121 445 3404 518 στρέφων,
3443 445 3562 498 καὶ
3588 446 3670 498 τὰ
3698 447 3812 500 πάτ-

2205 555 2274 591 τα
2308 537 2514 598 κυκῶν,
2551 539 2610 589 ὲν
2633 537 2747 610 τοῖς
2784 535 3120 606 προλαϐοῦσι
3155 535 3483 601 διέϐαλλεν,
3519 537 3810 606 ﬁxisti}:

2204 629 2273 682 τὰ
2307 628 2402 682 νῦν
2436 629 2816 682 εὐλαϐεῖσθαι·
2851 628 2884 699 ἢ
2921 629 3036 692 πῶς
3065 643 3129 696 γε
3162 627 3238 697 μὴ
3279 627 3594 696 ἀγάσαιτὸ
3621 644 3711 688 τις
3737 629 3810 679 αῦ-

2205 719 2298 772 τὸν
2327 721 2426 789 τῆς
2457 719 2818 783 παιδεύσεως,
2846 719 2948 789 τὴν
2992 718 3230 788 μετοχὴν
3277 718 3385 786 μὲν
3422 717 3690 789 λαμπρᾷ
3727 737 3805 789 ιη-

2208 808 2475 880 ρύττοντα
2509 811 2577 880 τῇ
2618 811 2796 878 φωνῇ,
2827 807 2886 872 ἐξ
2916 801 3070 873 ούδὲ
3098 807 3239 875 αὑτὴ
3267 805 3592 876 παρῆκται
3627 807 3692 858 οὗ
3725 825 3806 873 φυ-

2205 899 2532 969 λαττόμενον
2590 899 2776 967 μόνον,
2823 897 2962 950 ἀλλά
3003 897 3096 950 καὶ
3141 896 3414 966 πολεμεῖν
3472 896 3800 953 σπεύδοντα

2208 988 2272 1044 Εί
2305 991 2413 1060 γὰρ
2467 989 2625 1058 φύσει
2674 991 2773 1060 μὲν
2809 989 3052 1057 παθητὸν
3077 987 3230 1056 λέγει
3260 987 3328 1040 τὸ
3361 988 3572 1057 σῶμα,
3601 990 3699 1041 καὶ
3725 1007 3802 1054 φτ-

2210 1081 2340 1134 σικὰ
2367 1081 2517 1149 πάθη
2552 1079 2769 1133 δίδωσιν
2803 1078 2974 1150 αὐτῷ.
3002 1079 3097 1130 καὶ
3133 1077 3315 1131 ταῦτα
3355 1079 3516 1148 μετά
3557 1080 3664 1148 τὴν
3689 1080 3797 1131 ’ἐξεφ

2207 1189 2316 1238 σιν,
2363 1171 2754 1238 ἀποκρινάσθω
2803 1171 2868 1238 δὴ
2913 1165 3005 1224 οὖν
3045 1172 3176 1240 ἡμῖν
3219 1173 3248 1223 ὁ
3300 1171 3518 1239 σοφὸς,
3552 1173 3608 1222 εἱ
3637 1172 3708 1237 μὴ
3747 1173 3796 1222 ἐι

2207 1262 2424 1332 φύσεως
2450 1265 2518 1315 τὰ
2545 1263 2778 1330 φυσικὰ,
2808 1262 3002 1333 ῶσπερ
3029 1262 3094 1314 ὲκ
3121 1262 3328 1331 τέχνης
3359 1262 3436 1332 τὰ
3477 1263 3739 1331 τεχνητὶη

2291 1351 2448 1404 Άλλά
2466 1352 2532 1404 τὰ
2555 1353 2653 1422 μὲν
2677 1355 2797 1405 κατ’
2817 1353 2978 1404 αὐτὸν
3000 1352 3368 1423 μακροτέροις
3386 1352 3790 1422 ταμιευσᾲμεθι

2205 1441 2458 1510 λόγοις,ἢ
2486 1445 2596 1506 τοῖς
2614 1441 2772 1512 ἡμῶν
2792 1441 3029 1510 μάλιστα
3064 1443 3262 1513 σχολὴν
3291 1427 3570 1511 ἄγουσιν.
3605 1443 3672 1496 Ti
3694 1443 3790 1496 ε’Ξιι

2198 1533 2380 1594 εἴποις
2425 1533 2552 1602 περὶ
2593 1531 2704 1584 τῶν
2751 1531 2928 1586 ταῦτα
2966 1533 3196 1602 λαμπρᾷ
3256 1535 3681 1603 κηρυττόντων
3714 1536 3789 1586 καὶ

2207 1623 2512 1693 διαπρυσίῳ
2543 1623 2632 1675 ἀεὶ
2658 1625 2725 1693 τῇ
2757 1625 2943 1692 φωνῇ;
2983 1623 3265 1692 ὲνέργειάν
3299 1639 3363 1675 τε
3400 1626 3555 1694 πρὸς
3581 1623 3787 1686 τούτοις,

535 1711 914 1780 operationem
945 1712 1110 1765 aliam
1145 1709 1366 1779 quidem
1400 1723 1521 1764 esse
1550 1707 1754 1775 carnis,
1790 1707 1951 1761 aliam
1973 1722 2098 1762 vero

2207 1691 2373 1786 ἄλλην
2423 1691 2524 1785 μέν
2572 1691 2796 1785 σαρκὸς,
2837 1691 3030 1784 ἑτέραν
3080 1691 3144 1767 δὲ
3196 1691 3500 1783 θεότητος,
3545 1717 3716 1777 πάθος
3741 1729 3786 1765 τι

537 1801 881 1867 divinitatis;
925 1809 982 1856 et
1006 1800 1316 1872 passionem
1345 1800 1490 1856 circa
1524 1813 1744 1868 corpus,
1770 1808 1827 1853 et
1857 1798 2110 1869 impassi-

537 1891 804 1946 bilitatem
833 1890 981 1946 circa
1007 1892 1247 1948 Verbum
1277 1890 1721 1955 conﬁtebantur;
1755 1888 1804 1943 si
1825 1896 1882 1944 et
1913 1888 2107 1944 unioni

537 1997 725 2037 rerum
753 1983 1310 2040 communicationem
1343 1982 1540 2036 harum
1568 1979 1950 2050 operationum
1975 1996 2109 2036 con-

537 2079 867 2136 cesserunt,
923 2079 980 2126 et
1030 2079 1092 2126 ut
1145 2071 1213 2127 de
1264 2073 1529 2126 alterutra
1580 2079 1777 2126 natura
1827 2071 2108 2141 reciprece

535 2171 762 2233 propter
776 2163 1168 2234 proprietatem
1187 2163 1514 2218 alterutrius
1525 2165 1581 2218 in
1596 2163 1790 2219 eodem
1805 2163 2106 2219 variantem

535 2254 994 2323 praedicarentur;
1017 2271 1168 2310 nunc
1187 2263 1370 2311 autem
1397 2265 1657 2326 tanquam
1692 2271 1759 2311 ex
1781 2255 2108 2313 necessitate

537 2345 644 2399 sibi
699 2345 1108 2410 contradicunt,
1161 2350 1219 2400 et
1254 2345 1669 2416 incorruptibili
1706 2347 2106 2404 assentiuntur.

536 2435 614 2490 De
659 2437 860 2506 quibus
891 2435 1080 2492 nescio
1113 2435 1247 2505 quid
1281 2437 1467 2492 dicere
1495 2437 1758 2503 debeam,
1799 2439 2108 2495 admireme

536 2524 851 2581 ﬁrmitatem
889 2541 1108 2588 eorum,
1142 2541 1213 2579 an
1257 2525 1479 2580 laudem
1518 2525 1830 2591 levitatem;
1867 2528 1960 2597 qui
1997 2543 2110 2583 uno

535 2615 706 2670 verbo
736 2615 939 2670 decoro
971 2615 1154 2670 anima
1205 2615 1366 2670 avide
1398 2617 1648 2680 invitata,
1689 2617 1758 2672 ad
1803 2618 2107 2688 speciosam

535 2705 805 2762 fallaciam
839 2705 1064 2760 abducti
1115 2713 1172 2760 et
1233 2705 1438 2761 detorti
1491 2715 1638 2762 sunt.
1687 2705 1747 2762 ld
1786 2709 1934 2780 quod
1985 2710 2108 2765 aliis

536 2794 668 2849 olim
696 2802 753 2849 et
784 2809 933 2850 nunc
969 2793 1236 2849 accidisse
1276 2795 1503 2851 scimus.
1530 2797 1649 2851 Jam
1681 2797 1830 2852 enim
1857 2797 2106 2868 nonnulli

536 2885 920 2955 superioribus
947 2885 1287 2954 temporibus
1307 2885 1375 2939 ad
1399 2885 1666 2941 fallaciam
1689 2887 2106 2943 Encratetarum

2207 1808 2338 1878 περὶ
2366 1809 2426 1860 τὸ
2475 1805 2658 1877 σῶμα,
2703 1806 2795 1858 καὶ
2826 1805 3092 1860 ἀπάθειαν
3127 1805 3262 1876 περὶ
3291 1805 3392 1859 τὸν
3425 1804 3600 1874 λόγον
3629 1805 3789 1876 ὁμολο-

2208 1897 2450 1968 γούντων
2478 1936 2493 1958 ,
2556 1897 3018 1967 ἀντιπεριχωρεῖν
3090 1897 3300 1959 ταύτας
3359 1895 3669 1960 δεδώκασι,
3709 1898 3786 1950 καὶ

2206 1989 2757 2060 ἀντικατηγορεῖσθαι
2783 1989 3039 2060 θατέρου,
3075 1988 3164 2043 διὰ
3191 1989 3296 2057 τὴν
3323 1989 3394 2042 ὲν
3431 1989 3659 2060 θατέρῳ
3677 2007 3784 2042 τεε-

2205 2079 2303 2133 τοῦ
2362 2079 2810 2133 ἐπαλλάττουσαν
2843 2069 3112 2150 ἰδιότητα)
3141 2081 3226 2158 τάι
3247 2079 3308 2132 δὲ
3348 2079 3461 2132 νῦν
3487 2077 3686 2150 ὥσπερ
3712 2078 3782 2142 ἰξ-

2207 2172 2464 2242 επίτηδες
2483 2175 2598 2234 τοῖς
2619 2170 2848 2234 οἰκείοις
2868 2187 2935 2223 πε
2945 2170 3340 2242 ριπιπτόντων.
3358 2171 3470 2224 καὶ
3496 2169 3584 2239 τῷ
3601 2171 3784 2238 ἀφθάρ-

2206 2279 2284 2334 τῳ
2319 2261 2730 2333 προσθεμένων.
2763 2252 2867 2322 Ὧν
2893 2259 2994 2314 οὐκ
3022 2255 3141 2312 οἶδα
3161 2259 3214 2312 τί
3242 2260 3344 2312 καὶ
3377 2259 3578 2327 λέγειν
3605 2256 3790 2328 χρεὼν.

2208 2351 2479 2420 θαυμάσω
2523 2350 2624 2418 τὴν
2669 2349 3028 2422 στερρότητα,
3064 2349 3098 2420 ἢ
3129 2347 3420 2402 ἐπαινέσω
3464 2349 3574 2417 τὴν
3607 2347 3782 2415 sowi-

2206 2425 2366 2511 me,
2417 2440 2499 2492 ἐνὶ
2559 2441 2764 2510 ῥήματι
2821 2440 3091 2510 εὐπρεπεῖ
3124 2442 3189 2509 τῇ
3236 2437 3418 2507 λίχνῳ
3475 2437 3586 2509 τῆς
3624 2437 3778 2508 ψυχῆς

2207 2531 2564 2602 προσκλήσει,
2600 2529 2740 2600 πρὸς
2793 2531 2856 2586 τὸ
2889 2529 3115 2584 πιθανὸν
3146 2527 3246 2598 τῆς
3276 2528 3516 2598 ἀπάτης
3551 2544 3777 2598 rugas-a-

2209 2623 2434 2694 ρέντων.
2479 2623 2544 2674 Ὃ
2578 2621 2644 2692 δὴ
2680 2621 2774 2674 καὶ
2821 2621 3043 2692 ἐτέρους
3097 2620 3265 2674 πάλαι
3321 2635 3387 2673 τε
3439 2619 3545 2675 καὶ
3569 2618 3664 2673 νῦν
3697 2636 3777 2671 περ

2207 2709 2471 2771 πονθότας
2511 2708 2872 2779 γινώσκομεν,
2919 2709 3056 2778 Ἤδη
3081 2707 3192 2778 γάρ
3218 2725 3370 2772 τινες
3421 2709 3488 2760 ὲν
3543 2712 3661 2771 τοῖς
3697 2707 3778 2775 Ep-

2208 2799 2446 2870 προσθεν
2489 2802 2554 2868 τῇ
2579 2797 2714 2851 ’τῶν
2751 2798 3144 2869 Ἐγκρατητῶν
3190 2799 3379 2869 ἀπάτῃ
3438 2799 3774 2870 προσέθεντο.

2204 2891 2283 2960 τῷ
2312 2889 2509 2960 κομψῷ
2537 2890 2637 2958 τῆς
2665 2891 2852 2960 φωνῆς
2881 2891 2961 2952 εἰς
2981 2889 3041 2941 τὸ
3069 2888 3164 2942 τοῦ
3196 2887 3490 2953 Μάνεντος

535 2991 596 3031 se
623 2975 1011 3044 adjunxerunt,
1043 2975 1316 3044 elegantia
1353 2977 1506 3030 vocis
1546 2977 1604 3031 in
1630 2977 1951 3032 barathrum
1992 2977 2098 3032 Ma-

2207 2979 2632 3048 κατασυρέντες.
2677 2978 2864 3032 Ἀλλοι
2910 2979 2968 3031 δὲ
3021 2981 3088 3050 τῇ
3147 2979 3256 3032 τῶν
3319 2979 3618 3050 Καθαρῶν
3656 2977 3775 3030 οὕτω

535 3064 730 3118 nichsei
757 3063 1099 3133 praecipitati.
1120 3063 1226 3117 Alii
1249 3072 1434 3118 autem
1460 3065 1731 3133 inquinati
1760 3065 2105 3120 immunditie

534 3171 752 3216 eorum.
791 3154 1038 3216 Cathari,
1069 3153 1124 3206 id
1165 3163 1270 3217 est,
1304 3153 1497 3206 mundi
1546 3155 1906 3216 vocabantur,
1956 3155 2105 3210 nulla

535 3247 642 3300 alia
687 3261 747 3298 re
792 3244 897 3298 nisi
930 3243 1180 3314 specioso
1207 3243 1430 3295 nomine
1461 3243 1742 3310 depravati
1789 3252 1937 3298 sunt.
1983 3245 2106 3300 Ple-

536 3337 694 3404 rique
723 3333 889 3386 etiam
917 3329 1222 3405 recentium
1265 3339 1323 3384 et
1343 3338 1613 3394 veterum,
1641 3345 1874 3400 quorum
1913 3349 2106 3388 nume-

535 3438 656 3478 rare
686 3421 910 3474 nomina
938 3419 1158 3473 difﬁcile
1179 3428 1349 3484 esset,
1381 3433 1482 3474 suo
1506 3430 1768 3490 corrupto
1799 3425 2103 3492 patrocinio

534 3511 993 3582 impassibilitatis
1041 3509 1229 3574 Verbi,
1284 3510 1340 3564 in
1380 3509 1621 3565 Nestorii
1669 3511 2104 3568 haeresim'inci-

532 3601 755 3656 derunt.
1309 3583 1317 3589 ’

601 3689 661 3744 ln
696 3704 940 3754 summa,
975 3695 1121 3744 totas
1162 3688 1366 3745 classes
1411 3689 1721 3746 animarum
1765 3699 2022 3764 tan-quam
2068 3711 2101 3751 a

515 3781 767 3852 quadam
797 3780 998 3852 Scylla,
1031 3789 1128 3836 aut
1193 3781 1246 3836 ei
1295 3781 1512 3852 objecta
1557 3781 1845 3856 Cbarybde
1891 3785 2096 3856 raptas,

529 3881 587 3928 et
617 3873 934 3928 submersas
959 3887 1082 3927 esse
1119 3873 1326 3928 scimus
1370 3873 1567 3928 inscite
1621 3875 1858 3932 oﬁ’ensas
1913 3858 2100 3934 humi-

529 3965 677 4020 libus
720 3963 904 4018 verbis
945 3972 1002 4018 et
1050 3963 1220 4019 rebus
1266 3963 1470 4020 Christi
1517 3964 1615 4019 Dei
1645 3969 1840 4031 nostri,
1874 3979 2098 4038 propter

528 4056 650 4125 ejus
699 4069 837 4125 erga
884 4069 988 4109 nos
1041 4055 1498 4110 condescensum.
1551 4055 1691 4122 Quid
1743 4059 1892 4112 enim
1947 4060 2096 4115 aliud

524 4142 772 4199 inﬁnitas
803 4143 1056 4198 nationes
1111 4144 1394 4214 gentium,
1451 4152 1546 4198 aut
1594 4145 1852 4202 Judaicas
1911 4148 2096 4218 cupias

532 4234 588 4288 in
615 4249 716 4290 nos
743 4235 992 4296 armavit,
1026 4243 1084 4288 et
1108 4235 1293 4289 furore
1339 4235 1613 4298 accendit,
1649 4237 1779 4300 nisi,
1809 4247 1868 4293 ut
1892 4239 2094 4296 Paulus

2206 3071 2560 3140 καλουμένων
2607 3071 3040 3142 ὲμμολυνθέντες
3086 3071 3436 3143 ἀκαθαρσίᾳ,
3499 3072 3680 3125 οὗδενξ
3722 3084 3775 3134 γε

2205 3160 2379 3230 ἑτέρῳ
2411 3162 2444 3233 ἢ
2487 3160 2564 3230 τῷ
2619 3157 2874 3232 χαρίεντι
2922 3161 3096 3231 τούτῳ
3121 3162 3354 3232 ὀνόματι
3385 3163 3774 3234 προσετθάρηο

2205 3267 2326 3304 σαν.
2371 3251 2564 3304 Πολλοί
2611 3268 2672 3304 τε
2711 3251 2822 3304 τῶν
2855 3269 2916 3304 τε
2951 3251 3084 3305 νέων
3117 3252 3211 3305 καὶ
3246 3251 3361 3305 τῶν
3409 3244 3772 3317 animianimi

2203 3341 2297 3394 καὶ
2341 3341 2441 3405 τὰς
2489 3341 2868 3414 προσηγορίας
2923 3342 3182 3412 ἀριθμεῖν
3227 3343 3680 3412 ἐργωδέστατον,
3719 3343 3772 3409 τῇ

2203 3433 2324 3486 κατ’
2355 3435 2554 3498 αὐτοὺς
2599 3433 2840 3504 ὲμπαθεῖ
2883 3435 3183 3504 συνηγορίᾳ
3230 3436 3332 3505 τῆς
3373 3437 3660 3500 ἀπαθείας
3697 3431 3774 3486 τεῦ

2200 3525 2402 3593 Λόγου,
2429 3527 2510 3588 εἰς
2543 3525 2604 3578 τὸ
2631 3527 2932 3598 Νεπορίου
2967 3526 3241 3598 βάραθρον
3267 3527 3704 3596 ὲμπεπτώκασι.

2271 3698 2380 3752 Καὶ
2431 3697 2736 3768 συλλήϐδην
2811 3699 3006 3763 εἰπεῖν,
3059 3696 3215 3760 ὅλους
3285 3697 3520 3760 στόλους
3577 3697 3769 3768 ψυχῶν.

2199 3786 2388 3858 ῶσπερ
2419 3787 2527 3840 ὑπὸ
2576 3786 2820 3857 Σκύλλης
2855 3785 3078 3856 rwqu
3109 3786 3210 3854 τῆς
3244 3785 3544 3839 ἀντιθέτου
3600 3785 3770 3856 Χαρύο

2198 3875 2367 3938 ϐδεως
2402 3876 2790 3946 ήρπασμένους
2822 3890 2882 3926 τε
2923 3874 3018 3926 καὶ
3067 3873 3436 3943 ὑποϐρυχίους
3489 3876 3771 3944 γεγονότας

2199 3963 2469 4032 ἔγνωμεν,
2535 3965 2650 4026 τοῖς
2719 3963 3128 4034 ταπεινοτέροις
3181 3963 3422 4034 Χριστοῦ
3487 3965 3588 4018 τοῦ
3649 3962 3768 4018 Θεοῦ

2197 4054 2374 4128 ἡμῶν,
2405 4054 2494 4107 διὰ
2525 4055 2626 4124 τὴν
2655 4053 2796 4126 πρὸς
2825 4046 3180 4124 τδήμέτερον
3213 4055 3384 4108 αὑτοῦ
3420 4056 3767 4123 συγκατάϐα-

2198 4163 2302 4211 σιν,
2359 4145 2565 4216 ῥήμασί
2606 4161 2669 4198 τε
2719 4147 2814 4200 καὶ
2867 4147 3189 4217 πράγμασιν
3220 4146 3577 4208 ἀπαιδεύτως
3605 4163 3762 4218 προσ·

2195 4233 2545 4296 πταίσαντας.
2596 4233 2661 4286 Τί
2715 4233 2827 4304 γὰρ
2888 4234 3016 4287 ἄλλο
3069 4235 3140 4288 τὰ
3202 4235 3374 4306 μυρία
3459 4237 3614 4303 φῦλα
3669 4235 3763 4287 τῶν

527 4327 915 4391 nominavit",
949 4327 1177 4380 stultitia
1211 4326 1651 4395 praedicationis?
1680 4328 1882 4398 Ecquis
1917 4345 2091 4385 novo-

2204 4323 2384 4388 ἐθνῶν,
2419 4323 2455 4394 ἦ
2479 4323 2578 4386 τὰς
2619 4322 2916 4388 Ἰουδαῖκάς
2943 4324 3078 4396 ἡμῖν
3097 4325 3386 4394 φάλαγγας
3411 4325 3688 4391 ἐξώπλισε
3711 4343 3760 4379 τε

527 4431 649 4470 rum
683 4415 1130 4484 dogmatistarum
1163 4415 1531 4472 eruditionem
1561 4433 1670 4476 non
1701 4418 2084 4488 admiraretur,

527 4509 572 4562 si
615 4506 915 4561 secundum
961 4521 1151 4560 eorum
1199 4523 1368 4577 nugas
1401 4523 1594 4562 omnes
1639 4520 1903 4582 martyres
1945 4513 2110 4568 cele-‘

523 4597 654 4652 hres
675 4603 730 4649 et
757 4609 951 4649 omnes
977 4595 1340 4658 confessores,
1382 4597 1826 4653 sine'tormentis
1853 4617 2084 4658 coronas

523 4703 626 4758 pro
649 4686 854 4756 pietate
881 4702 981 4755 per
1005 4687 1104 4742 has
1129 4687 1265 4742 duas
1286 4703 1451 4744 voces
1471 4687 1724 4743 obtinere
1754 4693 2080 4759 potuissent,

524 4775 571 4829 si
605 4788 700 4828 eas
725 4773 946 4842 quidem
969 4775 1328 4830 didicissent?
1352 4776 1456 4842 Qui
1488 4785 1670 4830 autem
1695 4777 1854 4833 istius
1880 4795 2088 4850 magna).

522 4865 805 4934 sapientiae
839 4871 1092 4935 expertes
1141 4874 1346 4930 essent,
1396 4867 1754 4922 recessissent
1784 4884 1884 4938 per
1915 4872 2086 4942 negli-

520 4959 760 5028 gentiam
819 4958 1059 5028 decepti,
1093 4973 1202 5012 non
1236 4958 1363 5014 facti
1398 4959 1454 5013 in
1490 4961 1601 5016 vita
1627 4961 1898 5018 columnae
1925 4963 2085 5018 forti-

439 5085 448 5108 ι
521 5049 758 5114 tudinis;
777 5048 982 5112 nullus,
1012 5047 1230 5117 opinor,
1253 5063 1321 5103 ex
1350 5048 1747 5106 crudelissimis
1775 5060 1832 5106 et
1851 5053 2086 5128 maxime

518 5141 799 5196 malevolis
829 5141 1276 5210 persecutoribus
1317 5157 1509 5211 pmnas
1535 5144 1605 5198 ab
1632 5143 1744 5198 ullo
1771 5144 2085 5199 Christiano

517 5232 830 5303 repetisset,
875 5231 921 5286 si
970 5233 1026 5285 in
1078 5231 1342 5286 tribunali
1385 5243 1574 5289 natum
1629 5250 1696 5288 ex
1741 5235 1982 5306 Virgine,
2029 5243 2086 5289 et

517 5321 863 5387 cruciﬁxum,
891 5329 948 5376 et
970 5321 1271 5392 sepultum,
1320 5339 1384 5378 ac
1427 5325 1749 5379 suscitatum
1787 5339 1818 5378 a
1848 5325 2082 5380 mortuis

517 5411 794 5466 nominem
825 5421 1039 5466 tantum
1077 5412 1249 5469 fuisse
1283 5414 1518 5471 confessi
1545 5423 1748 5472 essent.
1775 5415 1906 5483 Quae
1931 5417 2078 5474 enim

590 5578 635 5612 “
665 5583 682 5636 Ι
715 5580 844 5637 Cor.
879 5599 924 5650 ι,
961 5583 1048 5648 18,
1078 5583 1170 5639 23.

2193 4417 2288 4469 καὶ
2316 4415 2602 4485 ὲξέμηνεν,
2633 4415 2751 4468 ἀλλ’
2781 4416 2837 4484 ἢ,
2863 4416 2935 4478 ῶς
2957 4419 2986 4469 ὁ
3015 4416 3227 4478 Παῦλος
3255 4416 3574 4485 ὠνόμακεν,
3601 4420 3634 4486 ἠ
3665 4435 3763 4486 μειο-

2195 4509 2285 4578 ρία
2313 4494 2414 4560 τού
2430 4507 2822 4578 κηρύγματοςς
2857 4505 2967 4561 Καὶ
2994 4508 3077 4571 τίς
3109 4507 3176 4561 ἀν
3203 4507 3278 4578 μὴ
3308 4507 3616 4577 θαυμάσειε
3673 4509 3760 4576 τῆς

2190 4599 2526 4662 παιδεύσεως
2557 4601 2685 4662 τοὺς
2723 4599 2877 4662 νέους
2923 4599 3310 4670 δογματιστάς.
3343 4601 3510 4667 είπερ
3555 4595 3668 4652 οἷόν
3707 4615 3758 4650 τε

2189 4688 2279 4764 ἦν,
2337 4691 2480 4746 κατά
2520 4692 2648 4754 τοὺς
2701 4691 2884 4744 αὐτῶν
2941 4691 3168 4758 λήρους,
3224 4692 3434 4752 πάντας
3483 4692 3591 4759 μὲν
3645 4692 3760 4751 τοὺς

2197 4783 2476 4853 ἀοιδίμους
2525 4785 2829 4854 μάρτυρας,
2881 4783 3090 4846 πάντας
3131 4782 3190 4836 δὲ
3240 4783 3370 4845 τοὺς
3404 4785 3758 4854 «Speluncae,

2190 4874 2287 4928 καὶ
2327 4873 2580 4944 βασάνων
2612 4872 2767 4936 ἐκτὸς
2811 4875 2935 4937 τοὺς
2967 4872 3112 4943 ὑπὲρ
3143 4873 3432 4936 εὐσεϐείας
3461 4876 3762 4943 στεφάνους

2190 4965 2510 5032 ἀπολαϐεῖν,
2548 4965 2638 5019 διὰ
2671 4964 2766 5019 δύο
2803 4965 3035 5018 τουτωνὶ
3082 4964 3303 5030 λέξεων,
3337 4964 3397 5018 ετ
3420 4981 3488 5032 γε
3525 4965 3764 5035 μεμαθη-

2196 5055 2352 5118 κότες
2377 5054 2550 5118 αὐτὰς
2577 5054 2806 5126 Eru‘xov;
2829 5057 2892 5108 Oi
2918 5054 2974 5108 δὲ
2999 5055 3100 5126 τῆς
3129 5054 3274 5108 οὕτω
3303 5055 3560 5126 μεγάλης
3588 5056 3764 5108 αὐτῶν

2192 5147 2384 5215 σοφίας
2407 5147 2664 5217 ἀμέτοχοι
2689 5145 3086 5216 διαμείναντες,
3107 5146 3354 5216 ἀπῆλθον
3378 5147 3604 5219 ἀπάτης
3627 5149 3765 5216 stip-

2183 5251 2366 5305 εργον,
2392 5237 2494 5290 οὐκ
2533 5237 2784 5308 ἀνδρείας
2817 5236 3009 5306 στῆλαι
3067 5236 3149 5307 τῷ
3179 5236 3282 5306 βίῳ
3315 5237 3638 5306 γενόμενοι·
3672 5238 3764 5290 οὐο

2185 5327 2295 5392 δεὶς
2315 5327 2424 5400 γὰρ
2445 5327 2534 5393 ἀν,
2553 5331 2629 5392 ὡς
2643 5328 2820 5400 οῑμαι,
2843 5329 2952 5381 τῶν
2981 5344 3041 5382 τε
3064 5330 3417 5400 πικροτάτων
3441 5331 3542 5383 καὶ
3566 5330 3766 5398 δυσμε-

2185 5419 2292 5474 νῶν
2321 5417 2587 5486 διωκτῶν,
2618 5420 2774 5492 δίκην
2816 5420 2938 5475 τινὰ
2985 5419 3332 5492 Χριστιανῶν
3372 5421 3761 5492 εἰσεπράξατο,

2526 5751 2550 5786 Ι
