  <div class='ocr_page' id='page_1' title='image "/cluster/home/n/w/nwhite01/storage/ocr_20150623/86 pars.1/pst.000005712878/702.png"; bbox 0 0 3912 6298; ppageno 0'>
   <div class='ocr_carea' id='block_1_1' title="bbox 133 360 3391 436">
    <p class='ocr_par' dir='ltr' id='par_1_1' title="bbox 133 360 3391 436">
     <span class='ocr_line' id='line_1_1' title="bbox 133 360 3391 436; baseline -0.003 -1"><span class='ocrx_word' id='word_1_1' title='bbox 133 364 271 436; x_wconf 78' lang='lat'><strong>1321</strong></span> <span class='ocrx_word' id='word_1_2' title='bbox 870 392 873 397; x_wconf 55' lang='grc' dir='ltr'><strong>ν</strong></span> <span class='ocrx_word' id='word_1_3' title='bbox 1202 365 1498 427; x_wconf 78' lang='lat' dir='ltr'><strong>CONTRA</strong></span> <span class='ocrx_word' id='word_1_4' title='bbox 1538 364 1859 426; x_wconf 58' lang='lat' dir='ltr'><strong>NESTOIL</strong></span> <span class='ocrx_word' id='word_1_5' title='bbox 1902 364 1996 425; x_wconf 88' lang='lat' dir='ltr'><strong>ET</strong></span> <span class='ocrx_word' id='word_1_6' title='bbox 2036 360 2354 425; x_wconf 78' lang='lat' dir='ltr'><strong>EUT’YCH.</strong></span> <span class='ocrx_word' id='word_1_7' title='bbox 3235 360 3391 424; x_wconf 61' lang='lat'><strong>1322</strong></span> 
     </span>
    </p>
   </div>
   <div class='ocr_carea' id='block_1_2' title="bbox 127 456 1724 548">
    <p class='ocr_par' dir='ltr' id='par_1_2' title="bbox 127 456 1715 548">
     <span class='ocr_line' id='line_1_2' title="bbox 127 456 1715 548; baseline -0.009 -13"><span class='ocrx_word' id='word_1_8' title='bbox 127 484 177 535; x_wconf 78' lang='lat' dir='ltr'><strong>ei</strong></span> <span class='ocrx_word' id='word_1_9' title='bbox 230 480 326 535; x_wconf 69' lang='grc' dir='ltr'><strong>ἐπὶ</strong></span> <span class='ocrx_word' id='word_1_10' title='bbox 372 475 468 532; x_wconf 85' lang='grc' dir='ltr'><strong>τοῦ</strong></span> <span class='ocrx_word' id='word_1_11' title='bbox 516 476 764 548; x_wconf 75' lang='grc' dir='ltr'><strong>βήματος</strong></span> <span class='ocrx_word' id='word_1_12' title='bbox 808 471 1147 544; x_wconf 84' lang='grc' dir='ltr'>ὡμολόγουν,</span> <span class='ocrx_word' id='word_1_13' title='bbox 1206 472 1494 543; x_wconf 75' lang='grc' dir='ltr'>ἄνθρωπον</span> <span class='ocrx_word' id='word_1_14' title='bbox 1552 456 1715 524; x_wconf 60' lang='grc' dir='ltr'>αὑτὸν</span> 
     </span>
    </p>
   </div>
   <div class='ocr_carea' id='block_1_3' title="bbox 1829 456 3393 548">
    <p class='ocr_par' dir='ltr' id='par_1_3' title="bbox 1829 471 3393 545">
     <span class='ocr_line' id='line_1_3' title="bbox 1829 471 3393 545; baseline 0.002 -18"><span class='ocrx_word' id='word_1_15' title='bbox 1829 487 1913 527; x_wconf 67' lang='lat' dir='ltr'><strong>eos</strong></span> <span class='ocrx_word' id='word_1_16' title='bbox 1953 472 2158 527; x_wconf 83' lang='lat' dir='ltr'><strong>invidia</strong></span> <span class='ocrx_word' id='word_1_17' title='bbox 2191 473 2429 542; x_wconf 86' lang='lat' dir='ltr'><strong>cepisset</strong></span> <span class='ocrx_word' id='word_1_18' title='bbox 2460 471 2868 531; x_wconf 72' lang='lat' dir='ltr'><strong>resurrectione</strong></span> <span class='ocrx_word' id='word_1_19' title='bbox 2901 471 3142 528; x_wconf 82' lang='lat' dir='ltr'><strong>hominis</strong></span> <span class='ocrx_word' id='word_1_20' title='bbox 3191 476 3393 545; x_wconf 72' lang='lat' dir='ltr'><strong>prtedi-</strong></span> 
     </span>
    </p>
   </div>
   <div class='ocr_carea' id='block_1_4' title="bbox 130 562 1724 644">
    <p class='ocr_par' dir='ltr' id='par_1_4' title="bbox 130 562 1708 644">
     <span class='ocr_line' id='line_1_4' title="bbox 130 562 1708 644; baseline -0.01 -16"><span class='ocrx_word' id='word_1_21' title='bbox 130 573 295 644; x_wconf 87' lang='grc' dir='ltr'>μόνον</span> <span class='ocrx_word' id='word_1_22' title='bbox 330 569 472 625; x_wconf 78' lang='grc' dir='ltr'>εἶναι</span> <span class='ocrx_word' id='word_1_23' title='bbox 504 570 593 622; x_wconf 78' lang='grc' dir='ltr'>τὸν</span> <span class='ocrx_word' id='word_1_24' title='bbox 620 566 1020 638; x_wconf 77' lang='grc' dir='ltr'><strong>γεγεννημένον</strong></span> <span class='ocrx_word' id='word_1_25' title='bbox 1049 567 1114 618; x_wconf 80' lang='grc' dir='ltr'>ἐκ</span> <span class='ocrx_word' id='word_1_26' title='bbox 1144 564 1241 634; x_wconf 79' lang='grc' dir='ltr'>τῆς</span> <span class='ocrx_word' id='word_1_27' title='bbox 1272 562 1574 635; x_wconf 79' lang='grc' dir='ltr'>Παρθένου,</span> <span class='ocrx_word' id='word_1_28' title='bbox 1613 563 1708 615; x_wconf 75' lang='grc' dir='ltr'>καὶ</span> 
     </span>
    </p>
   </div>
   <div class='ocr_carea' id='block_1_5' title="bbox 1829 562 3390 644">
    <p class='ocr_par' dir='ltr' id='par_1_5' title="bbox 1829 563 3390 637">
     <span class='ocr_line' id='line_1_5' title="bbox 1829 563 3390 637; baseline 0.001 -17"><span class='ocrx_word' id='word_1_29' title='bbox 1829 566 1973 620; x_wconf 70' lang='lat' dir='ltr'><strong>rata?</strong></span> <span class='ocrx_word' id='word_1_30' title='bbox 2007 563 2110 631; x_wconf 91' lang='lat' dir='ltr'><strong>Qui</strong></span> <span class='ocrx_word' id='word_1_31' title='bbox 2157 563 2382 634; x_wconf 83' lang='lat' dir='ltr'><strong>quidem</strong></span> <span class='ocrx_word' id='word_1_32' title='bbox 2431 565 2488 618; x_wconf 91' lang='lat' dir='ltr'><strong>in</strong></span> <span class='ocrx_word' id='word_1_33' title='bbox 2532 564 2689 620; x_wconf 91' lang='lat' dir='ltr'><strong>nullo</strong></span> <span class='ocrx_word' id='word_1_34' title='bbox 2737 564 2846 619; x_wconf 92' lang='lat' dir='ltr'><strong>alio</strong></span> <span class='ocrx_word' id='word_1_35' title='bbox 2889 579 3106 632; x_wconf 88' lang='lat' dir='ltr'><strong>eorum,</strong></span> <span class='ocrx_word' id='word_1_36' title='bbox 3139 567 3256 622; x_wconf 89' lang='lat' dir='ltr'><strong>sive</strong></span> <span class='ocrx_word' id='word_1_37' title='bbox 3296 568 3390 637; x_wconf 87' lang='lat' dir='ltr'><strong>qui</strong></span> 
     </span>
    </p>
   </div>
   <div class='ocr_carea' id='block_1_6' title="bbox 126 653 1724 734">
    <p class='ocr_par' dir='ltr' id='par_1_6' title="bbox 126 653 1705 734">
     <span class='ocr_line' id='line_1_6' title="bbox 126 653 1705 734; baseline -0.006 -18"><span class='ocrx_word' id='word_1_38' title='bbox 126 659 570 734; x_wconf 72' lang='grc' dir='ltr'>ἐσταυρωμένον,</span> <span class='ocrx_word' id='word_1_39' title='bbox 620 658 716 710; x_wconf 74' lang='grc' dir='ltr'>καὶ</span> <span class='ocrx_word' id='word_1_40' title='bbox 761 654 1128 726; x_wconf 83' lang='grc' dir='ltr'>τεθαμμένον,</span> <span class='ocrx_word' id='word_1_41' title='bbox 1156 654 1254 707; x_wconf 78' lang='grc' dir='ltr'>καὶ</span> <span class='ocrx_word' id='word_1_42' title='bbox 1307 653 1705 725; x_wconf 77' lang='grc' dir='ltr'><strong>ἐγηγερμένον.</strong></span> 
     </span>
    </p>
   </div>
   <div class='ocr_carea' id='block_1_7' title="bbox 1829 653 3394 734">
    <p class='ocr_par' dir='ltr' id='par_1_7' title="bbox 1829 661 3394 731">
     <span class='ocr_line' id='line_1_7' title="bbox 1829 661 3394 731; baseline 0.001 -15"><span class='ocrx_word' id='word_1_43' title='bbox 1829 661 1972 725; x_wconf 71' lang='lat' dir='ltr'><strong>“also,</strong></span> <span class='ocrx_word' id='word_1_44' title='bbox 2014 662 2131 716; x_wconf 88' lang='lat' dir='ltr'><strong>sive</strong></span> <span class='ocrx_word' id='word_1_45' title='bbox 2182 663 2279 731; x_wconf 89' lang='lat' dir='ltr'><strong>qui</strong></span> <span class='ocrx_word' id='word_1_46' title='bbox 2324 675 2455 716; x_wconf 86' lang='lat' dir='ltr'><strong>vere</strong></span> <span class='ocrx_word' id='word_1_47' title='bbox 2489 661 2558 716; x_wconf 86' lang='lat' dir='ltr'><strong>ad</strong></span> <span class='ocrx_word' id='word_1_48' title='bbox 2594 661 2765 717; x_wconf 84' lang='lat' dir='ltr'><strong>vitam</strong></span> <span class='ocrx_word' id='word_1_49' title='bbox 2815 662 3060 717; x_wconf 89' lang='lat' dir='ltr'><strong>revocati</strong></span> <span class='ocrx_word' id='word_1_50' title='bbox 3093 677 3216 717; x_wconf 87' lang='lat' dir='ltr'><strong>esse</strong></span> <span class='ocrx_word' id='word_1_51' title='bbox 3264 678 3394 717; x_wconf 89' lang='lat' dir='ltr'><strong>nar-</strong></span> 
     </span>
    </p>
   </div>
   <div class='ocr_carea' id='block_1_8' title="bbox 127 743 1724 825">
    <p class='ocr_par' dir='ltr' id='par_1_8' title="bbox 127 743 1712 823">
     <span class='ocr_line' id='line_1_8' title="bbox 127 743 1712 823; baseline -0.009 -15"><span class='ocrx_word' id='word_1_52' title='bbox 127 756 292 818; x_wconf 85' lang='grc' dir='ltr'>Ποῖος</span> <span class='ocrx_word' id='word_1_53' title='bbox 323 753 434 823; x_wconf 80' lang='grc' dir='ltr'><strong>γὰρ</strong></span> <span class='ocrx_word' id='word_1_54' title='bbox 468 750 534 804; x_wconf 81' lang='grc' dir='ltr'>ἂν</span> <span class='ocrx_word' id='word_1_55' title='bbox 576 748 773 819; x_wconf 90' lang='grc' dir='ltr'>φθόνος</span> <span class='ocrx_word' id='word_1_56' title='bbox 823 746 1023 807; x_wconf 74' lang='grc' dir='ltr'>αὐτοὺς</span> <span class='ocrx_word' id='word_1_57' title='bbox 1062 743 1412 814; x_wconf 81' lang='grc' dir='ltr'>ὑπεισῆλθεν,</span> <span class='ocrx_word' id='word_1_58' title='bbox 1451 743 1551 812; x_wconf 79' lang='grc' dir='ltr'>τῆς</span> <span class='ocrx_word' id='word_1_59' title='bbox 1580 743 1712 796; x_wconf 88' lang='grc' dir='ltr'>ἀνα-</span> 
     </span>
    </p>
   </div>
   <div class='ocr_carea' id='block_1_9' title="bbox 1829 743 3393 825">
    <p class='ocr_par' dir='ltr' id='par_1_9' title="bbox 1829 751 3393 825">
     <span class='ocr_line' id='line_1_9' title="bbox 1829 751 3393 825; baseline 0.001 -19"><span class='ocrx_word' id='word_1_60' title='bbox 1829 760 2026 817; x_wconf 69' lang='lat' dir='ltr'><strong>~antur,</strong></span> <span class='ocrx_word' id='word_1_61' title='bbox 2063 751 2268 807; x_wconf 82' lang='lat' dir='ltr'><strong>invidia</strong></span> <span class='ocrx_word' id='word_1_62' title='bbox 2316 753 2576 807; x_wconf 76' lang='lat' dir='ltr'><strong>commoti</strong></span> <span class='ocrx_word' id='word_1_63' title='bbox 2610 764 2762 818; x_wconf 87' lang='lat' dir='ltr'><strong>sunt,</strong></span> <span class='ocrx_word' id='word_1_64' title='bbox 2813 769 2939 809; x_wconf 89' lang='lat' dir='ltr'><strong>cum</strong></span> <span class='ocrx_word' id='word_1_65' title='bbox 2980 753 3142 809; x_wconf 88' lang='lat' dir='ltr'><strong>multi</strong></span> <span class='ocrx_word' id='word_1_66' title='bbox 3186 754 3393 825; x_wconf 88' lang='lat' dir='ltr'><strong>alioqui</strong></span> 
     </span>
    </p>
   </div>
   <div class='ocr_carea' id='block_1_10' title="bbox 129 832 1724 914">
    <p class='ocr_par' dir='ltr' id='par_1_10' title="bbox 129 832 1712 912">
     <span class='ocr_line' id='line_1_10' title="bbox 129 832 1712 912; baseline -0.008 -13"><span class='ocrx_word' id='word_1_67' title='bbox 129 846 373 905; x_wconf 85' lang='grc' dir='ltr'>στάσεως</span> <span class='ocrx_word' id='word_1_68' title='bbox 428 839 721 912; x_wconf 82' lang='grc' dir='ltr'>ἀνθρώπου</span> <span class='ocrx_word' id='word_1_69' title='bbox 779 834 1337 905; x_wconf 86' lang='grc' dir='ltr'>καταγγελλομένης;</span> <span class='ocrx_word' id='word_1_70' title='bbox 1373 834 1441 887; x_wconf 76' lang='lat' dir='ltr'><strong>Ui.’</strong></span> <span class='ocrx_word' id='word_1_71' title='bbox 1487 851 1552 901; x_wconf 90' lang='grc' dir='ltr'><strong>γε</strong></span> <span class='ocrx_word' id='word_1_72' title='bbox 1589 832 1712 887; x_wconf 70' lang='grc' dir='ltr'>οὐδὲ</span> 
     </span>
    </p>
   </div>
   <div class='ocr_carea' id='block_1_11' title="bbox 1829 832 3392 914">
    <p class='ocr_par' dir='ltr' id='par_1_11' title="bbox 1829 844 3392 914">
     <span class='ocr_line' id='line_1_11' title="bbox 1829 844 3392 914; baseline 0.001 -16"><span class='ocrx_word' id='word_1_73' title='bbox 1829 844 2056 899; x_wconf 89' lang='lat' dir='ltr'><strong>&#39;uerint:</strong></span> <span class='ocrx_word' id='word_1_74' title='bbox 2095 859 2276 914; x_wconf 90' lang='lat' dir='ltr'><strong>neque</strong></span> <span class='ocrx_word' id='word_1_75' title='bbox 2319 860 2451 899; x_wconf 89' lang='lat' dir='ltr'><strong>vero</strong></span> <span class='ocrx_word' id='word_1_76' title='bbox 2491 846 2535 898; x_wconf 90' lang='lat' dir='ltr'><strong>si</strong></span> <span class='ocrx_word' id='word_1_77' title='bbox 2575 845 2880 901; x_wconf 83' lang='lat' dir='ltr'><strong>secundum</strong></span> <span class='ocrx_word' id='word_1_78' title='bbox 2925 860 3124 900; x_wconf 88' lang='lat' dir='ltr'><strong>novam</strong></span> <span class='ocrx_word' id='word_1_79' title='bbox 3161 845 3392 901; x_wconf 88' lang='lat' dir='ltr'><strong>istorum</strong></span> 
     </span>
    </p>
   </div>
   <div class='ocr_carea' id='block_1_12' title="bbox 129 926 1724 1007">
    <p class='ocr_par' dir='ltr' id='par_1_12' title="bbox 129 926 1714 1007">
     <span class='ocr_line' id='line_1_12' title="bbox 129 926 1714 1007; baseline -0.009 -15"><span class='ocrx_word' id='word_1_80' title='bbox 129 940 217 992; x_wconf 74' lang='grc' dir='ltr'><strong>ἐπ’</strong></span> <span class='ocrx_word' id='word_1_81' title='bbox 247 936 392 1007; x_wconf 84' lang='grc' dir='ltr'>ἄλλῳ</span> <span class='ocrx_word' id='word_1_82' title='bbox 420 936 530 988; x_wconf 71' lang='grc' dir='ltr'>τινὶ</span> <span class='ocrx_word' id='word_1_83' title='bbox 553 932 665 986; x_wconf 89' lang='grc' dir='ltr'><strong>τῶν</strong></span> <span class='ocrx_word' id='word_1_84' title='bbox 713 932 826 985; x_wconf 68' lang='grc' dir='ltr'>εἴτε</span> <span class='ocrx_word' id='word_1_85' title='bbox 863 930 1315 1003; x_wconf 79' lang='grc' dir='ltr'>μεμυθευμένων,</span> <span class='ocrx_word' id='word_1_86' title='bbox 1351 928 1462 981; x_wconf 77' lang='grc' dir='ltr'>εἴτε</span> <span class='ocrx_word' id='word_1_87' title='bbox 1495 926 1714 997; x_wconf 80' lang='grc' dir='ltr'>ἀληθῶς</span> 
     </span>
    </p>
   </div>
   <div class='ocr_carea' id='block_1_13' title="bbox 1829 926 3393 1007">
    <p class='ocr_par' dir='ltr' id='par_1_13' title="bbox 1829 935 3393 1007">
     <span class='ocr_line' id='line_1_13' title="bbox 1829 935 3393 1007; baseline -0.001 -15"><span class='ocrx_word' id='word_1_88' title='bbox 1829 936 2167 1006; x_wconf 77' lang='lat' dir='ltr'><strong>sapientiam,</strong></span> <span class='ocrx_word' id='word_1_89' title='bbox 2223 937 2405 1006; x_wconf 89' lang='lat' dir='ltr'><strong>ipsum</strong></span> <span class='ocrx_word' id='word_1_90' title='bbox 2439 953 2642 1007; x_wconf 91' lang='lat' dir='ltr'><strong>corpus</strong></span> <span class='ocrx_word' id='word_1_91' title='bbox 2689 935 2896 993; x_wconf 91' lang='lat' dir='ltr'><strong>Christi</strong></span> <span class='ocrx_word' id='word_1_92' title='bbox 2938 938 3010 992; x_wconf 89' lang='lat' dir='ltr'><strong>sit</strong></span> <span class='ocrx_word' id='word_1_93' title='bbox 3052 937 3393 1007; x_wconf 88' lang='lat' dir='ltr'><strong>impassibile</strong></span> 
     </span>
    </p>
   </div>
   <div class='ocr_carea' id='block_1_14' title="bbox 127 1018 1724 1100">
    <p class='ocr_par' dir='ltr' id='par_1_14' title="bbox 127 1018 1715 1094">
     <span class='ocr_line' id='line_1_14' title="bbox 127 1018 1715 1094; baseline -0.009 -9"><span class='ocrx_word' id='word_1_94' title='bbox 127 1027 432 1085; x_wconf 78' lang='grc' dir='ltr'>ἀναϐιῶναι</span> <span class='ocrx_word' id='word_1_95' title='bbox 480 1023 902 1094; x_wconf 75' lang='grc' dir='ltr'>ἱστορουμένων,</span> <span class='ocrx_word' id='word_1_96' title='bbox 934 1021 1156 1092; x_wconf 82' lang='grc' dir='ltr'>’ήλωσαν</span> <span class='ocrx_word' id='word_1_97' title='bbox 1191 1020 1465 1091; x_wconf 75' lang='grc' dir='ltr'>βασκανίᾳ</span> <span class='ocrx_word' id='word_1_98' title='bbox 1500 1018 1715 1072; x_wconf 80' lang='grc' dir='ltr'>πολλῶν</span> 
     </span>
    </p>
   </div>
   <div class='ocr_carea' id='block_1_15' title="bbox 1829 1018 3395 1100">
    <p class='ocr_par' dir='ltr' id='par_1_15' title="bbox 1829 1029 3395 1100">
     <span class='ocr_line' id='line_1_15' title="bbox 1829 1029 3395 1100; baseline 0 -16"><span class='ocrx_word' id='word_1_99' title='bbox 1829 1037 1872 1084; x_wconf 73' lang='lat' dir='ltr'><strong>el.</strong></span> <span class='ocrx_word' id='word_1_100' title='bbox 1906 1030 2234 1094; x_wconf 87' lang='lat' dir='ltr'><strong>immortale,</strong></span> <span class='ocrx_word' id='word_1_101' title='bbox 2287 1039 2343 1085; x_wconf 91' lang='lat' dir='ltr'><strong>et</strong></span> <span class='ocrx_word' id='word_1_102' title='bbox 2377 1029 2736 1096; x_wconf 86' lang='lat' dir='ltr'><strong>invariabile;</strong></span> <span class='ocrx_word' id='word_1_103' title='bbox 2777 1046 2845 1085; x_wconf 81' lang='lat' dir='ltr'><strong>ex</strong></span> <span class='ocrx_word' id='word_1_104' title='bbox 2874 1030 3068 1085; x_wconf 91' lang='lat' dir='ltr'><strong>eadem</strong></span> <span class='ocrx_word' id='word_1_105' title='bbox 3122 1037 3395 1100; x_wconf 83' lang='lat' dir='ltr'><strong>potestate</strong></span> 
     </span>
    </p>
   </div>
   <div class='ocr_carea' id='block_1_16' title="bbox 129 1111 1724 1192">
    <p class='ocr_par' dir='ltr' id='par_1_16' title="bbox 129 1111 1716 1192">
     <span class='ocr_line' id='line_1_16' title="bbox 129 1111 1716 1192; baseline -0.007 -17"><span class='ocrx_word' id='word_1_106' title='bbox 129 1139 195 1192; x_wconf 90' lang='grc' dir='ltr'><strong>γε</strong></span> <span class='ocrx_word' id='word_1_107' title='bbox 255 1120 459 1174; x_wconf 75' lang='grc' dir='ltr'><strong>ὄντων⁹</strong></span> <span class='ocrx_word' id='word_1_108' title='bbox 522 1116 645 1170; x_wconf 77' lang='grc' dir='ltr'>οὔτε</span> <span class='ocrx_word' id='word_1_109' title='bbox 697 1116 753 1169; x_wconf 85' lang='grc' dir='ltr'>δὲ</span> <span class='ocrx_word' id='word_1_110' title='bbox 800 1115 849 1167; x_wconf 85' lang='grc' dir='ltr'>εἱ</span> <span class='ocrx_word' id='word_1_111' title='bbox 889 1114 1033 1168; x_wconf 80' lang='grc' dir='ltr'>κατὰ</span> <span class='ocrx_word' id='word_1_112' title='bbox 1073 1114 1198 1177; x_wconf 77' lang='grc' dir='ltr'>τοῦς</span> <span class='ocrx_word' id='word_1_113' title='bbox 1226 1113 1323 1183; x_wconf 84' lang='grc' dir='ltr'>τὴν</span> <span class='ocrx_word' id='word_1_114' title='bbox 1363 1112 1491 1164; x_wconf 88' lang='grc' dir='ltr'>νέαν</span> <span class='ocrx_word' id='word_1_115' title='bbox 1521 1111 1716 1180; x_wconf 79' lang='grc' dir='ltr'>σοφίαν</span> 
     </span>
    </p>
   </div>
   <div class='ocr_carea' id='block_1_17' title="bbox 1829 1111 3398 1192">
    <p class='ocr_par' dir='ltr' id='par_1_17' title="bbox 1829 1121 3398 1192">
     <span class='ocr_line' id='line_1_17' title="bbox 1829 1121 3398 1192; baseline 0 -16"><span class='ocrx_word' id='word_1_116' title='bbox 1829 1122 2076 1190; x_wconf 84' lang='lat' dir='ltr'><strong>pendeat,</strong></span> <span class='ocrx_word' id='word_1_117' title='bbox 2117 1122 2392 1178; x_wconf 84' lang='lat' dir='ltr'><strong>invisibile</strong></span> <span class='ocrx_word' id='word_1_118' title='bbox 2425 1122 2605 1192; x_wconf 90' lang='lat' dir='ltr'><strong>ipsum</strong></span> <span class='ocrx_word' id='word_1_119' title='bbox 2635 1122 2954 1190; x_wconf 85' lang='lat' dir='ltr'><strong>blaspheme</strong></span> <span class='ocrx_word' id='word_1_120' title='bbox 2986 1121 3194 1184; x_wconf 90' lang='lat' dir='ltr'><strong>dicere,</strong></span> <span class='ocrx_word' id='word_1_121' title='bbox 3227 1130 3283 1176; x_wconf 90' lang='lat' dir='ltr'><strong>et</strong></span> <span class='ocrx_word' id='word_1_122' title='bbox 3311 1121 3398 1176; x_wconf 88' lang='lat' dir='ltr'><strong>iu-</strong></span> 
     </span>
    </p>
   </div>
   <div class='ocr_carea' id='block_1_18' title="bbox 132 1202 1719 1281">
    <p class='ocr_par' dir='ltr' id='par_1_18' title="bbox 132 1202 1719 1281">
     <span class='ocr_line' id='line_1_18' title="bbox 132 1202 1719 1281; baseline -0.007 -15"><span class='ocrx_word' id='word_1_123' title='bbox 132 1211 510 1281; x_wconf 78' lang='grc' dir='ltr'>σοφισθέντας,</span> <span class='ocrx_word' id='word_1_124' title='bbox 537 1209 639 1262; x_wconf 74' lang='grc' dir='ltr'>καὶ</span> <span class='ocrx_word' id='word_1_125' title='bbox 662 1206 797 1259; x_wconf 81' lang='grc' dir='ltr'>αὐτὸ</span> <span class='ocrx_word' id='word_1_126' title='bbox 826 1206 887 1258; x_wconf 86' lang='grc' dir='ltr'>τὸ</span> <span class='ocrx_word' id='word_1_127' title='bbox 926 1205 1085 1275; x_wconf 81' lang='grc' dir='ltr'>σῶμα</span> <span class='ocrx_word' id='word_1_128' title='bbox 1113 1204 1206 1258; x_wconf 90' lang='grc' dir='ltr'><strong>τοῦ</strong></span> <span class='ocrx_word' id='word_1_129' title='bbox 1238 1204 1473 1275; x_wconf 79' lang='grc' dir='ltr'>Χριστοῦ</span> <span class='ocrx_word' id='word_1_130' title='bbox 1507 1202 1719 1265; x_wconf 84' lang='grc' dir='ltr'>ἀπαθές</span> 
     </span>
    </p>
   </div>
   <div class='ocr_carea' id='block_1_19' title="bbox 128 1293 1718 1370">
    <p class='ocr_par' dir='ltr' id='par_1_19' title="bbox 128 1293 1718 1370">
     <span class='ocr_line' id='line_1_19' title="bbox 128 1293 1718 1370; baseline -0.007 -14"><span class='ocrx_word' id='word_1_131' title='bbox 128 1320 192 1356; x_wconf 87' lang='grc' dir='ltr'><strong>τε</strong></span> <span class='ocrx_word' id='word_1_132' title='bbox 218 1302 313 1354; x_wconf 71' lang='grc' dir='ltr'>καὶ</span> <span class='ocrx_word' id='word_1_133' title='bbox 338 1300 630 1370; x_wconf 79' lang='grc' dir='ltr'>ἄτρεπτον,</span> <span class='ocrx_word' id='word_1_134' title='bbox 653 1298 748 1350; x_wconf 73' lang='grc' dir='ltr'>καὶ</span> <span class='ocrx_word' id='word_1_135' title='bbox 769 1294 1135 1348; x_wconf 81' lang='grc' dir='ltr'>ἀναλλοίωτον</span> <span class='ocrx_word' id='word_1_136' title='bbox 1166 1294 1328 1363; x_wconf 76' lang='grc' dir='ltr'>τῆσδε</span> <span class='ocrx_word' id='word_1_137' title='bbox 1359 1293 1530 1361; x_wconf 80' lang='grc' dir='ltr'>αὐτῆς</span> <span class='ocrx_word' id='word_1_138' title='bbox 1564 1293 1718 1356; x_wconf 80' lang='grc' dir='ltr'>ἐξου-</span> 
     </span>
    </p>
   </div>
   <div class='ocr_carea' id='block_1_20' title="bbox 133 1383 1720 1462">
    <p class='ocr_par' dir='ltr' id='par_1_20' title="bbox 133 1383 1720 1462">
     <span class='ocr_line' id='line_1_20' title="bbox 133 1383 1720 1462; baseline -0.008 -15"><span class='ocrx_word' id='word_1_139' title='bbox 133 1394 258 1457; x_wconf 93' lang='grc' dir='ltr'>σίας</span> <span class='ocrx_word' id='word_1_140' title='bbox 304 1388 590 1462; x_wconf 78' lang='grc' dir='ltr'>ήρτήσθω,</span> <span class='ocrx_word' id='word_1_141' title='bbox 641 1388 737 1440; x_wconf 73' lang='grc' dir='ltr'><strong>καὶ</strong></span> <span class='ocrx_word' id='word_1_142' title='bbox 790 1385 1023 1456; x_wconf 87' lang='grc' dir='ltr'>ἀόρατον</span> <span class='ocrx_word' id='word_1_143' title='bbox 1054 1385 1186 1438; x_wconf 80' lang='grc' dir='ltr'>αὐτὸ</span> <span class='ocrx_word' id='word_1_144' title='bbox 1220 1384 1584 1455; x_wconf 81' lang='grc' dir='ltr'>βλασφημεῖν,</span> <span class='ocrx_word' id='word_1_145' title='bbox 1625 1383 1720 1435; x_wconf 73' lang='grc' dir='ltr'>καὶ</span> 
     </span>
    </p>
   </div>
   <div class='ocr_carea' id='block_1_21' title="bbox 132 1477 1719 1554">
    <p class='ocr_par' dir='ltr' id='par_1_21' title="bbox 132 1477 1719 1554">
     <span class='ocr_line' id='line_1_21' title="bbox 132 1477 1719 1554; baseline -0.009 -13"><span class='ocrx_word' id='word_1_146' title='bbox 132 1484 362 1554; x_wconf 78' lang='grc' dir='ltr'>ἀναφὲς,</span> <span class='ocrx_word' id='word_1_147' title='bbox 387 1483 485 1538; x_wconf 75' lang='grc' dir='ltr'>καὶ</span> <span class='ocrx_word' id='word_1_148' title='bbox 529 1481 905 1553; x_wconf 81' lang='grc' dir='ltr'>ἀψηλάφητον,</span> <span class='ocrx_word' id='word_1_149' title='bbox 937 1478 1129 1550; x_wconf 76' lang='grc' dir='ltr'>ἄποιόν</span> <span class='ocrx_word' id='word_1_150' title='bbox 1152 1494 1211 1530; x_wconf 90' lang='grc' dir='ltr'><strong>τε</strong></span> <span class='ocrx_word' id='word_1_151' title='bbox 1242 1477 1336 1531; x_wconf 65' lang='grc' dir='ltr'>καὶ</span> <span class='ocrx_word' id='word_1_152' title='bbox 1367 1478 1588 1539; x_wconf 81' lang='grc' dir='ltr'>ἀποσον,</span> <span class='ocrx_word' id='word_1_153' title='bbox 1622 1477 1719 1528; x_wconf 78' lang='grc' dir='ltr'>καὶ</span> 
     </span>
    </p>
   </div>
   <div class='ocr_carea' id='block_1_22' title="bbox 137 1566 1721 1651">
    <p class='ocr_par' dir='ltr' id='par_1_22' title="bbox 137 1566 1721 1651">
     <span class='ocr_line' id='line_1_22' title="bbox 137 1566 1721 1651; baseline -0.009 -17"><span class='ocrx_word' id='word_1_154' title='bbox 137 1577 449 1651; x_wconf 75' lang='grc' dir='ltr'>συλλήϐδην</span> <span class='ocrx_word' id='word_1_155' title='bbox 501 1573 829 1646; x_wconf 81' lang='grc' dir='ltr'>ἀσώματον·</span> <span class='ocrx_word' id='word_1_156' title='bbox 860 1571 1005 1644; x_wconf 81' lang='grc' dir='ltr'>ἆπερ</span> <span class='ocrx_word' id='word_1_157' title='bbox 1062 1570 1242 1625; x_wconf 72' lang='grc' dir='ltr'>πάντα</span> <span class='ocrx_word' id='word_1_158' title='bbox 1287 1570 1365 1644; x_wconf 79' lang='grc' dir='ltr'>τῷ</span> <span class='ocrx_word' id='word_1_159' title='bbox 1419 1566 1721 1640; x_wconf 83' lang='grc' dir='ltr'>θαυμαστῷ</span> 
     </span>
    </p>
   </div>
   <div class='ocr_carea' id='block_1_23' title="bbox 135 1665 1504 1744">
    <p class='ocr_par' dir='ltr' id='par_1_23' title="bbox 135 1665 1504 1744">
     <span class='ocr_line' id='line_1_23' title="bbox 135 1665 1504 1744; baseline -0.007 -17"><span class='ocrx_word' id='word_1_160' title='bbox 135 1671 313 1744; x_wconf 77' lang='grc' dir='ltr'>τούτῳ</span> <span class='ocrx_word' id='word_1_161' title='bbox 340 1670 442 1742; x_wconf 82' lang='grc' dir='ltr'>τῆς</span> <span class='ocrx_word' id='word_1_162' title='bbox 472 1669 785 1741; x_wconf 79' lang='grc' dir='ltr'>ἀφθαρσίας</span> <span class='ocrx_word' id='word_1_163' title='bbox 814 1666 1225 1724; x_wconf 86' lang='grc' dir='ltr'>συνεπινοοῦσιν</span> <span class='ocrx_word' id='word_1_164' title='bbox 1258 1665 1504 1736; x_wconf 88' lang='grc' dir='ltr'>ὀνόματι.</span> 
     </span>
    </p>
   </div>
   <div class='ocr_carea' id='block_1_24' title="bbox 206 1754 1721 1835">
    <p class='ocr_par' dir='ltr' id='par_1_24' title="bbox 206 1754 1721 1835">
     <span class='ocr_line' id='line_1_24' title="bbox 206 1754 1721 1835; baseline -0.004 -17"><span class='ocrx_word' id='word_1_165' title='bbox 206 1765 305 1829; x_wconf 89' lang='grc' dir='ltr'>Τίς</span> <span class='ocrx_word' id='word_1_166' title='bbox 360 1765 469 1835; x_wconf 78' lang='grc' dir='ltr'>γὰρ</span> <span class='ocrx_word' id='word_1_167' title='bbox 518 1765 551 1833; x_wconf 89' lang='grc' dir='ltr'><strong>ή</strong></span> <span class='ocrx_word' id='word_1_168' title='bbox 605 1762 1015 1832; x_wconf 82' lang='grc' dir='ltr'>ἀποκλήρωσις,</span> <span class='ocrx_word' id='word_1_169' title='bbox 1070 1759 1141 1813; x_wconf 90' lang='grc' dir='ltr'><strong>τά</strong></span> <span class='ocrx_word' id='word_1_170' title='bbox 1202 1756 1301 1830; x_wconf 78' lang='grc' dir='ltr'>μὲν</span> <span class='ocrx_word' id='word_1_171' title='bbox 1352 1758 1555 1812; x_wconf 83' lang='grc' dir='ltr'>διδόναι</span> <span class='ocrx_word' id='word_1_172' title='bbox 1615 1754 1721 1812; x_wconf 82' lang='grc' dir='ltr'><strong>τῶν</strong></span> 
     </span>
    </p>
   </div>
   <div class='ocr_carea' id='block_1_25' title="bbox 1818 1212 3398 1283">
    <p class='ocr_par' dir='ltr' id='par_1_25' title="bbox 1818 1212 3398 1283">
     <span class='ocr_line' id='line_1_25' title="bbox 1818 1212 3398 1283; baseline -0.001 -14"><span class='ocrx_word' id='word_1_173' title='bbox 1818 1216 2004 1270; x_wconf 86' lang='lat' dir='ltr'><strong>tactile</strong></span> <span class='ocrx_word' id='word_1_174' title='bbox 2051 1225 2107 1269; x_wconf 89' lang='lat' dir='ltr'><strong>et</strong></span> <span class='ocrx_word' id='word_1_175' title='bbox 2154 1231 2264 1270; x_wconf 85' lang='lat' dir='ltr'><strong>non</strong></span> <span class='ocrx_word' id='word_1_176' title='bbox 2302 1214 2609 1279; x_wconf 86' lang='lat' dir='ltr'><strong>tractabile,</strong></span> <span class='ocrx_word' id='word_1_177' title='bbox 2663 1214 2782 1268; x_wconf 90' lang='lat' dir='ltr'><strong>sine</strong></span> <span class='ocrx_word' id='word_1_178' title='bbox 2813 1212 3121 1283; x_wconf 86' lang='lat' dir='ltr'><strong>quantitate</strong></span> <span class='ocrx_word' id='word_1_179' title='bbox 3169 1220 3226 1267; x_wconf 88' lang='lat' dir='ltr'><strong>et</strong></span> <span class='ocrx_word' id='word_1_180' title='bbox 3278 1213 3398 1268; x_wconf 89' lang='lat' dir='ltr'><strong>sine</strong></span> 
     </span>
    </p>
   </div>
   <div class='ocr_carea' id='block_1_26' title="bbox 1818 1292 3398 1375">
    <p class='ocr_par' dir='ltr' id='par_1_26' title="bbox 1818 1292 3398 1375">
     <span class='ocr_line' id='line_1_26' title="bbox 1818 1292 3398 1375; baseline 0 -16"><span class='ocrx_word' id='word_1_181' title='bbox 1818 1292 2102 1375; x_wconf 81' lang='lat' dir='ltr'><strong>qualitate,</strong></span> <span class='ocrx_word' id='word_1_182' title='bbox 2128 1314 2184 1360; x_wconf 93' lang='lat' dir='ltr'><strong>et</strong></span> <span class='ocrx_word' id='word_1_183' title='bbox 2222 1306 2277 1360; x_wconf 92' lang='lat' dir='ltr'><strong>in</strong></span> <span class='ocrx_word' id='word_1_184' title='bbox 2308 1321 2541 1369; x_wconf 90' lang='lat' dir='ltr'><strong>summa,</strong></span> <span class='ocrx_word' id='word_1_185' title='bbox 2571 1306 2991 1374; x_wconf 89' lang='lat' dir='ltr'><strong>incorporeum:</strong></span> <span class='ocrx_word' id='word_1_186' title='bbox 3027 1320 3149 1374; x_wconf 71' lang='lat' dir='ltr'><strong>quae</strong></span> <span class='ocrx_word' id='word_1_187' title='bbox 3174 1304 3398 1373; x_wconf 90' lang='lat' dir='ltr'><strong>quidem</strong></span> 
     </span>
    </p>
   </div>
   <div class='ocr_carea' id='block_1_27' title="bbox 1820 1392 3397 1464">
    <p class='ocr_par' dir='ltr' id='par_1_27' title="bbox 1820 1392 3397 1464">
     <span class='ocr_line' id='line_1_27' title="bbox 1820 1392 3397 1464; baseline 0.002 -19"><span class='ocrx_word' id='word_1_188' title='bbox 1820 1392 2003 1446; x_wconf 90' lang='lat' dir='ltr'><strong>omnia</strong></span> <span class='ocrx_word' id='word_1_189' title='bbox 2032 1408 2140 1447; x_wconf 92' lang='lat' dir='ltr'><strong>una</strong></span> <span class='ocrx_word' id='word_1_190' title='bbox 2179 1408 2303 1448; x_wconf 92' lang='lat' dir='ltr'><strong>cum</strong></span> <span class='ocrx_word' id='word_1_191' title='bbox 2335 1394 2440 1448; x_wconf 89' lang='lat' dir='ltr'><strong>hoc</strong></span> <span class='ocrx_word' id='word_1_192' title='bbox 2477 1393 2793 1448; x_wconf 86' lang='lat' dir='ltr'><strong>admirabili</strong></span> <span class='ocrx_word' id='word_1_193' title='bbox 2835 1394 3059 1449; x_wconf 88' lang='lat' dir='ltr'><strong>nomine</strong></span> <span class='ocrx_word' id='word_1_194' title='bbox 3093 1393 3397 1464; x_wconf 80' lang='lat' dir='ltr'><strong>incorrupti</strong></span> 
     </span>
    </p>
   </div>
   <div class='ocr_carea' id='block_1_28' title="bbox 1821 1486 2084 1557">
    <p class='ocr_par' dir='ltr' id='par_1_28' title="bbox 1821 1486 2084 1557">
     <span class='ocr_line' id='line_1_28' title="bbox 1821 1486 2084 1557; baseline 0 -17"><span class='ocrx_word' id='word_1_195' title='bbox 1821 1486 2084 1557; x_wconf 79' lang='lat' dir='ltr'><strong>cogitant.</strong></span> 
     </span>
    </p>
   </div>
   <div class='ocr_carea' id='block_1_29' title="bbox 1892 1747 3403 1826">
    <p class='ocr_par' dir='ltr' id='par_1_29' title="bbox 1892 1747 3403 1826">
     <span class='ocr_line' id='line_1_29' title="bbox 1892 1747 3403 1826; baseline 0.003 -20"><span class='ocrx_word' id='word_1_196' title='bbox 1892 1747 2023 1820; x_wconf 56' lang='lat' dir='ltr'><strong>Quae</strong></span> <span class='ocrx_word' id='word_1_197' title='bbox 2071 1750 2218 1808; x_wconf 89' lang='lat' dir='ltr'><strong>enim</strong></span> <span class='ocrx_word' id='word_1_198' title='bbox 2258 1751 2477 1809; x_wconf 76' lang='lat' dir='ltr'><strong>sortitio</strong></span> <span class='ocrx_word' id='word_1_199' title='bbox 2518 1763 2638 1818; x_wconf 87' lang='lat' dir='ltr'><strong>est,</strong></span> <span class='ocrx_word' id='word_1_200' title='bbox 2669 1754 2776 1809; x_wconf 87' lang='lat' dir='ltr'><strong>aha</strong></span> <span class='ocrx_word' id='word_1_201' title='bbox 2813 1755 3037 1826; x_wconf 87' lang='lat' dir='ltr'><strong>quidem</strong></span> <span class='ocrx_word' id='word_1_202' title='bbox 3084 1772 3151 1810; x_wconf 78' lang='lat' dir='ltr'><strong>ex</strong></span> <span class='ocrx_word' id='word_1_203' title='bbox 3198 1754 3403 1812; x_wconf 79' lang='lat' dir='ltr'><strong>divinis</strong></span> 
     </span>
    </p>
   </div>
   <div class='ocr_carea' id='block_1_30' title="bbox 85 1824 1724 1922">
    <p class='ocr_par' dir='ltr' id='par_1_30' title="bbox 85 1824 1722 1922">
     <span class='ocr_line' id='line_1_30' title="bbox 85 1824 1722 1922; baseline -0.005 -14"><span class='ocrx_word' id='word_1_204' title='bbox 85 1861 91 1867; x_wconf 77' lang='lat'><strong><em>‘</em></strong></span> <span class='ocrx_word' id='word_1_205' title='bbox 134 1824 460 1922; x_wconf 74' lang='grc' dir='ltr'>θεοπρεπῶν</span> <span class='ocrx_word' id='word_1_206' title='bbox 515 1824 1100 1920; x_wconf 41' lang='grc' dir='ltr'>ὀνομάτων-αὐτῷ,τά</span> <span class='ocrx_word' id='word_1_207' title='bbox 1125 1824 1583 1919; x_wconf 46' lang='grc' dir='ltr'>δὲ’ἀποστερεῖνς</span> <span class='ocrx_word' id='word_1_208' title='bbox 1627 1848 1722 1901; x_wconf 69' lang='grc' dir='ltr'>καὶ</span> 
     </span>
    </p>
   </div>
   <div class='ocr_carea' id='block_1_31' title="bbox 1829 1824 3401 1922">
    <p class='ocr_par' dir='ltr' id='par_1_31' title="bbox 1829 1824 3401 1918">
     <span class='ocr_line' id='line_1_31' title="bbox 1829 1824 3401 1918; baseline 0.004 -21"><span class='ocrx_word' id='word_1_209' title='bbox 1829 1843 2151 1905; x_wconf 65' lang='lat' dir='ltr'><strong>nominibus,</strong></span> <span class='ocrx_word' id='word_1_210' title='bbox 2173 1844 2420 1900; x_wconf 87' lang='lat' dir='ltr'><strong>tribuere</strong></span> <span class='ocrx_word' id='word_1_211' title='bbox 2450 1844 2523 1909; x_wconf 89' lang='lat' dir='ltr'><strong>ei,</strong></span> <span class='ocrx_word' id='word_1_212' title='bbox 2554 1853 2610 1899; x_wconf 92' lang='lat' dir='ltr'><strong>et</strong></span> <span class='ocrx_word' id='word_1_213' title='bbox 2634 1845 2758 1900; x_wconf 91' lang='lat' dir='ltr'><strong>aliis</strong></span> <span class='ocrx_word' id='word_1_214' title='bbox 2785 1824 3033 1917; x_wconf 80' lang='lat' dir='ltr'><strong>privare;</strong></span> <span class='ocrx_word' id='word_1_215' title='bbox 3062 1854 3119 1900; x_wconf 91' lang='lat' dir='ltr'><strong>et</strong></span> <span class='ocrx_word' id='word_1_216' title='bbox 3150 1862 3401 1918; x_wconf 78' lang='lat' dir='ltr'><strong>magnam</strong></span> 
     </span>
    </p>
   </div>
   <div class='ocr_carea' id='block_1_32' title="bbox 136 1940 1723 2016">
    <p class='ocr_par' dir='ltr' id='par_1_32' title="bbox 136 1940 1723 2016">
     <span class='ocr_line' id='line_1_32' title="bbox 136 1940 1723 2016; baseline -0.005 -15"><span class='ocrx_word' id='word_1_217' title='bbox 136 1946 276 2001; x_wconf 86' lang='grc' dir='ltr'>πολύ</span> <span class='ocrx_word' id='word_1_218' title='bbox 306 1963 359 1999; x_wconf 90' lang='grc' dir='ltr'><strong>τι</strong></span> <span class='ocrx_word' id='word_1_219' title='bbox 396 1945 559 2016; x_wconf 81' lang='grc' dir='ltr'>μέρος</span> <span class='ocrx_word' id='word_1_220' title='bbox 599 1943 700 2012; x_wconf 73' lang='grc' dir='ltr'>τῆς</span> <span class='ocrx_word' id='word_1_221' title='bbox 728 1942 888 2010; x_wconf 87' lang='grc' dir='ltr'>ἀξίας</span> <span class='ocrx_word' id='word_1_222' title='bbox 920 1956 978 1995; x_wconf 83' lang='grc' dir='ltr'><strong>τε</strong></span> <span class='ocrx_word' id='word_1_223' title='bbox 1014 1943 1106 1995; x_wconf 81' lang='grc' dir='ltr'>καὶ</span> <span class='ocrx_word' id='word_1_224' title='bbox 1124 1940 1290 2011; x_wconf 82' lang='grc' dir='ltr'>τιμῆς</span> <span class='ocrx_word' id='word_1_225' title='bbox 1320 1941 1723 2010; x_wconf 80' lang='grc' dir='ltr'>ὑποτέμνεσθαι</span> 
     </span>
    </p>
   </div>
   <div class='ocr_carea' id='block_1_33' title="bbox 134 2032 1722 2106">
    <p class='ocr_par' dir='ltr' id='par_1_33' title="bbox 134 2032 1722 2106">
     <span class='ocr_line' id='line_1_33' title="bbox 134 2032 1722 2106; baseline -0.005 -13"><span class='ocrx_word' id='word_1_226' title='bbox 134 2037 255 2105; x_wconf 82' lang='grc' dir='ltr'>τοῦ,</span> <span class='ocrx_word' id='word_1_227' title='bbox 289 2037 543 2106; x_wconf 68' lang='grc' dir='ltr'>καθάπερ</span> <span class='ocrx_word' id='word_1_228' title='bbox 569 2037 725 2089; x_wconf 75' lang='grc' dir='ltr'>αὐτοὶ</span> <span class='ocrx_word' id='word_1_229' title='bbox 755 2034 972 2106; x_wconf 80' lang='grc' dir='ltr'>ἀτίμως</span> <span class='ocrx_word' id='word_1_230' title='bbox 1027 2032 1363 2099; x_wconf 76' lang='grc' dir='ltr'>δοξάζουσιν,</span> <span class='ocrx_word' id='word_1_231' title='bbox 1398 2034 1722 2104; x_wconf 82' lang='grc' dir='ltr'>ὑπερουσίου</span> 
     </span>
    </p>
   </div>
   <div class='ocr_carea' id='block_1_34' title="bbox 136 2125 1723 2199">
    <p class='ocr_par' dir='ltr' id='par_1_34' title="bbox 136 2125 1723 2199">
     <span class='ocr_line' id='line_1_34' title="bbox 136 2125 1723 2199; baseline -0.004 -15"><span class='ocrx_word' id='word_1_232' title='bbox 136 2132 235 2184; x_wconf 76' lang='grc' dir='ltr'>καὶ</span> <span class='ocrx_word' id='word_1_233' title='bbox 277 2128 593 2199; x_wconf 73' lang='grc' dir='ltr'>ὑπερφυοῦς</span> <span class='ocrx_word' id='word_1_234' title='bbox 644 2127 739 2181; x_wconf 75' lang='grc' dir='ltr'>καὶ</span> <span class='ocrx_word' id='word_1_235' title='bbox 785 2126 1084 2196; x_wconf 82' lang='grc' dir='ltr'>ἀσωμάτου</span> <span class='ocrx_word' id='word_1_236' title='bbox 1133 2125 1421 2196; x_wconf 84' lang='grc' dir='ltr'>σώματος;</span> <span class='ocrx_word' id='word_1_237' title='bbox 1465 2126 1562 2190; x_wconf 82' lang='grc' dir='ltr'>Τίς</span> <span class='ocrx_word' id='word_1_238' title='bbox 1580 2125 1629 2178; x_wconf 79' lang='grc' dir='ltr'>δ’</span> <span class='ocrx_word' id='word_1_239' title='bbox 1658 2125 1723 2179; x_wconf 88' lang='grc' dir='ltr'>ἂν</span> 
     </span>
    </p>
   </div>
   <div class='ocr_carea' id='block_1_35' title="bbox 141 2215 1723 2293">
    <p class='ocr_par' dir='ltr' id='par_1_35' title="bbox 141 2215 1723 2293">
     <span class='ocr_line' id='line_1_35' title="bbox 141 2215 1723 2293; baseline -0.004 -16"><span class='ocrx_word' id='word_1_240' title='bbox 141 2222 235 2277; x_wconf 75' lang='grc' dir='ltr'>καὶ</span> <span class='ocrx_word' id='word_1_241' title='bbox 267 2221 588 2293; x_wconf 84' lang='grc' dir='ltr'>χαλεπαίνοι</span> <span class='ocrx_word' id='word_1_242' title='bbox 622 2218 730 2272; x_wconf 90' lang='grc' dir='ltr'><strong>τῶν</strong></span> <span class='ocrx_word' id='word_1_243' title='bbox 779 2219 1030 2272; x_wconf 86' lang='grc' dir='ltr'>ἀπίστων</span> <span class='ocrx_word' id='word_1_244' title='bbox 1067 2217 1220 2289; x_wconf 78' lang='grc' dir='ltr'>ἡμῖν,</span> <span class='ocrx_word' id='word_1_245' title='bbox 1254 2216 1308 2270; x_wconf 82' lang='grc' dir='ltr'><strong>εί</strong></span> <span class='ocrx_word' id='word_1_246' title='bbox 1332 2235 1394 2284; x_wconf 89' lang='grc' dir='ltr'><strong>γε</strong></span> <span class='ocrx_word' id='word_1_247' title='bbox 1438 2219 1512 2287; x_wconf 83' lang='grc' dir='ltr'>μὴ</span> <span class='ocrx_word' id='word_1_248' title='bbox 1562 2215 1723 2286; x_wconf 85' lang='grc' dir='ltr'>φύσει</span> 
     </span>
    </p>
   </div>
   <div class='ocr_carea' id='block_1_36' title="bbox 114 2307 1724 2384">
    <p class='ocr_par' dir='ltr' id='par_1_36' title="bbox 114 2307 1724 2384">
     <span class='ocr_line' id='line_1_36' title="bbox 114 2307 1724 2384; baseline -0.003 -15"><span class='ocrx_word' id='word_1_249' title='bbox 114 2318 197 2369; x_wconf 58' lang='grc' dir='ltr'>ιτδ</span> <span class='ocrx_word' id='word_1_250' title='bbox 252 2314 414 2384; x_wconf 83' lang='grc' dir='ltr'>σῶμα</span> <span class='ocrx_word' id='word_1_251' title='bbox 456 2310 549 2366; x_wconf 83' lang='grc' dir='ltr'><strong>τοῦ</strong></span> <span class='ocrx_word' id='word_1_252' title='bbox 604 2310 812 2384; x_wconf 80' lang='grc' dir='ltr'>Κυρίου</span> <span class='ocrx_word' id='word_1_253' title='bbox 858 2310 1117 2382; x_wconf 79' lang='grc' dir='ltr'>λέγοιμεν</span> <span class='ocrx_word' id='word_1_254' title='bbox 1151 2351 1166 2376; x_wconf 92' lang='grc'><strong>,</strong></span> <span class='ocrx_word' id='word_1_255' title='bbox 1221 2307 1458 2381; x_wconf 77' lang='grc' dir='ltr'>ὀφθῆναί</span> <span class='ocrx_word' id='word_1_256' title='bbox 1508 2327 1570 2363; x_wconf 89' lang='grc' dir='ltr'><strong>τε</strong></span> <span class='ocrx_word' id='word_1_257' title='bbox 1628 2313 1724 2364; x_wconf 78' lang='grc' dir='ltr'>καὶ</span> 
     </span>
    </p>
   </div>
   <div class='ocr_carea' id='block_1_37' title="bbox 137 2399 1721 2478">
    <p class='ocr_par' dir='ltr' id='par_1_37' title="bbox 137 2399 1721 2478">
     <span class='ocr_line' id='line_1_37' title="bbox 137 2399 1721 2478; baseline -0.004 -18"><span class='ocrx_word' id='word_1_258' title='bbox 137 2405 345 2478; x_wconf 87' lang='grc' dir='ltr'>βρῶσιν</span> <span class='ocrx_word' id='word_1_259' title='bbox 372 2404 468 2458; x_wconf 73' lang='grc' dir='ltr'>καὶ</span> <span class='ocrx_word' id='word_1_260' title='bbox 504 2404 665 2457; x_wconf 73' lang='grc' dir='ltr'>ποτὸν</span> <span class='ocrx_word' id='word_1_261' title='bbox 691 2403 1189 2474; x_wconf 79' lang='grc' dir='ltr'>προσενέγκασθαι,</span> <span class='ocrx_word' id='word_1_262' title='bbox 1223 2402 1316 2455; x_wconf 79' lang='grc' dir='ltr'><strong>καί</strong></span> <span class='ocrx_word' id='word_1_263' title='bbox 1351 2420 1414 2470; x_wconf 87' lang='grc' dir='ltr'><strong>γε</strong></span> <span class='ocrx_word' id='word_1_264' title='bbox 1450 2399 1721 2467; x_wconf 81' lang='grc' dir='ltr'>ὐπνῶσαι,</span> 
     </span>
    </p>
   </div>
   <div class='ocr_carea' id='block_1_38' title="bbox 137 2488 1723 2567">
    <p class='ocr_par' dir='ltr' id='par_1_38' title="bbox 137 2488 1723 2567">
     <span class='ocr_line' id='line_1_38' title="bbox 137 2488 1723 2567; baseline -0.004 -18"><span class='ocrx_word' id='word_1_265' title='bbox 137 2497 171 2567; x_wconf 79' lang='grc' dir='ltr'>ἦ</span> <span class='ocrx_word' id='word_1_266' title='bbox 205 2494 561 2557; x_wconf 88' lang='grc' dir='ltr'>πεπονθέναι,</span> <span class='ocrx_word' id='word_1_267' title='bbox 594 2494 690 2547; x_wconf 74' lang='grc' dir='ltr'>καὶ</span> <span class='ocrx_word' id='word_1_268' title='bbox 732 2494 833 2547; x_wconf 85' lang='grc' dir='ltr'>ὅσα</span> <span class='ocrx_word' id='word_1_269' title='bbox 868 2491 1005 2564; x_wconf 77' lang='grc' dir='ltr'>πρὸς</span> <span class='ocrx_word' id='word_1_270' title='bbox 1051 2488 1264 2555; x_wconf 76' lang='grc' dir='ltr'>τούτοις</span> <span class='ocrx_word' id='word_1_271' title='bbox 1314 2490 1723 2563; x_wconf 81' lang='grc' dir='ltr'>ἀναμαρτήτως</span> 
     </span>
    </p>
   </div>
   <div class='ocr_carea' id='block_1_39' title="bbox 136 2582 1725 2657">
    <p class='ocr_par' dir='ltr' id='par_1_39' title="bbox 136 2582 1725 2657">
     <span class='ocr_line' id='line_1_39' title="bbox 136 2582 1725 2657; baseline -0.003 -17"><span class='ocrx_word' id='word_1_272' title='bbox 136 2588 435 2657; x_wconf 86' lang='grc' dir='ltr'>ὑπομεῖναι</span> <span class='ocrx_word' id='word_1_273' title='bbox 513 2587 612 2655; x_wconf 75' lang='grc' dir='ltr'>τὴν</span> <span class='ocrx_word' id='word_1_274' title='bbox 691 2583 1055 2655; x_wconf 74' lang='grc' dir='ltr'>ἀνθρωπίνην</span> <span class='ocrx_word' id='word_1_275' title='bbox 1136 2582 1236 2635; x_wconf 83' lang='grc' dir='ltr'>οὐκ</span> <span class='ocrx_word' id='word_1_276' title='bbox 1308 2583 1725 2655; x_wconf 86' lang='grc' dir='ltr'>ἀπερυθρίασας</span> 
     </span>
    </p>
   </div>
   <div class='ocr_carea' id='block_1_40' title="bbox 136 2674 1720 2747">
    <p class='ocr_par' dir='ltr' id='par_1_40' title="bbox 136 2674 1720 2747">
     <span class='ocr_line' id='line_1_40' title="bbox 136 2674 1720 2747; baseline -0.003 -14"><span class='ocrx_word' id='word_1_277' title='bbox 136 2679 468 2744; x_wconf 87' lang='grc' dir='ltr'>ἀσθένειαν;</span> <span class='ocrx_word' id='word_1_278' title='bbox 508 2678 664 2731; x_wconf 86' lang='grc' dir='ltr'>Ἔστι</span> <span class='ocrx_word' id='word_1_279' title='bbox 691 2675 799 2745; x_wconf 79' lang='grc' dir='ltr'><strong>γὰρ</strong></span> <span class='ocrx_word' id='word_1_280' title='bbox 831 2674 894 2747; x_wconf 87' lang='grc' dir='ltr'><strong>δή</strong></span> <span class='ocrx_word' id='word_1_281' title='bbox 932 2692 1034 2728; x_wconf 90' lang='grc' dir='ltr'><strong>που</strong></span> <span class='ocrx_word' id='word_1_282' title='bbox 1064 2675 1181 2738; x_wconf 80' lang='grc' dir='ltr'>τοῖς</span> <span class='ocrx_word' id='word_1_283' title='bbox 1212 2676 1346 2728; x_wconf 81' lang='grc' dir='ltr'>πᾶσι</span> <span class='ocrx_word' id='word_1_284' title='bbox 1386 2674 1720 2745; x_wconf 79' lang='grc' dir='ltr'>καταφανὲς,</span> 
     </span>
    </p>
   </div>
   <div class='ocr_carea' id='block_1_41' title="bbox 135 2766 1719 2839">
    <p class='ocr_par' dir='ltr' id='par_1_41' title="bbox 135 2766 1719 2839">
     <span class='ocr_line' id='line_1_41' title="bbox 135 2766 1719 2839; baseline -0.003 -14"><span class='ocrx_word' id='word_1_285' title='bbox 135 2771 219 2825; x_wconf 78' lang='grc' dir='ltr'><strong>ὅτι</strong></span> <span class='ocrx_word' id='word_1_286' title='bbox 254 2768 430 2824; x_wconf 84' lang='grc' dir='ltr'>πολλά</span> <span class='ocrx_word' id='word_1_287' title='bbox 472 2770 696 2823; x_wconf 71' lang='grc' dir='ltr'>τοιαῦτα</span> <span class='ocrx_word' id='word_1_288' title='bbox 726 2768 828 2839; x_wconf 80' lang='grc' dir='ltr'><strong>ήδη</strong></span> <span class='ocrx_word' id='word_1_289' title='bbox 872 2768 1169 2837; x_wconf 83' lang='grc' dir='ltr'>γεγένηται</span> <span class='ocrx_word' id='word_1_290' title='bbox 1216 2768 1366 2839; x_wconf 82' lang='grc' dir='ltr'>νόμῳ</span> <span class='ocrx_word' id='word_1_291' title='bbox 1422 2766 1719 2839; x_wconf 73' lang='grc' dir='ltr'>θαύματος,</span> 
     </span>
    </p>
   </div>
   <div class='ocr_carea' id='block_1_42' title="bbox 136 2854 1724 2929">
    <p class='ocr_par' dir='ltr' id='par_1_42' title="bbox 136 2854 1724 2929">
     <span class='ocr_line' id='line_1_42' title="bbox 136 2854 1724 2929; baseline -0.003 -15"><span class='ocrx_word' id='word_1_292' title='bbox 136 2858 253 2914; x_wconf 84' lang='grc' dir='ltr'>ἀλλ’</span> <span class='ocrx_word' id='word_1_293' title='bbox 291 2858 355 2912; x_wconf 72' lang='grc' dir='ltr'>οὐ</span> <span class='ocrx_word' id='word_1_294' title='bbox 387 2859 534 2929; x_wconf 83' lang='grc' dir='ltr'>λόγῳ</span> <span class='ocrx_word' id='word_1_295' title='bbox 580 2855 816 2927; x_wconf 83' lang='grc' dir='ltr'>φύσεως.</span> <span class='ocrx_word' id='word_1_296' title='bbox 844 2857 918 2909; x_wconf 83' lang='grc' dir='ltr'><strong>Οὐ</strong></span> <span class='ocrx_word' id='word_1_297' title='bbox 960 2857 1071 2926; x_wconf 70' lang='grc' dir='ltr'>γὰρ</span> <span class='ocrx_word' id='word_1_298' title='bbox 1116 2856 1181 2910; x_wconf 83' lang='grc' dir='ltr'>ἂν</span> <span class='ocrx_word' id='word_1_299' title='bbox 1229 2856 1311 2920; x_wconf 82' lang='grc' dir='ltr'><strong>είς</strong></span> <span class='ocrx_word' id='word_1_300' title='bbox 1337 2854 1497 2909; x_wconf 84' lang='grc' dir='ltr'>τοῦτο</span> <span class='ocrx_word' id='word_1_301' title='bbox 1525 2856 1724 2927; x_wconf 87' lang='grc' dir='ltr'>μανίας</span> 
     </span>
    </p>
   </div>
   <div class='ocr_carea' id='block_1_43' title="bbox 138 2943 1720 3019">
    <p class='ocr_par' dir='ltr' id='par_1_43' title="bbox 138 2943 1720 3019">
     <span class='ocr_line' id='line_1_43' title="bbox 138 2943 1720 3019; baseline -0.005 -17"><span class='ocrx_word' id='word_1_302' title='bbox 138 2948 495 3019; x_wconf 79' lang='grc' dir='ltr'>ὲξοίστρησεν</span> <span class='ocrx_word' id='word_1_303' title='bbox 538 2947 566 2999; x_wconf 82' lang='grc' dir='ltr'><strong>ὁ</strong></span> <span class='ocrx_word' id='word_1_304' title='bbox 609 2944 1040 3018; x_wconf 82' lang='grc' dir='ltr'>πολυάνθρωπος</span> <span class='ocrx_word' id='word_1_305' title='bbox 1088 2944 1196 2996; x_wconf 89' lang='grc' dir='ltr'><strong>τῶν</strong></span> <span class='ocrx_word' id='word_1_306' title='bbox 1235 2943 1502 2999; x_wconf 85' lang='grc' dir='ltr'>Ἰουδαίων</span> <span class='ocrx_word' id='word_1_307' title='bbox 1527 2943 1720 3015; x_wconf 78' lang='grc' dir='ltr'>δῆμος,</span> 
     </span>
    </p>
   </div>
   <div class='ocr_carea' id='block_1_44' title="bbox 137 3022 1722 3106">
    <p class='ocr_par' dir='ltr' id='par_1_44' title="bbox 137 3022 1722 3106">
     <span class='ocr_line' id='line_1_44' title="bbox 137 3022 1722 3106; baseline -0.002 -15"><span class='ocrx_word' id='word_1_308' title='bbox 137 3038 193 3091; x_wconf 76' lang='grc' dir='ltr'><strong>ιτ</strong></span> <span class='ocrx_word' id='word_1_309' title='bbox 218 3054 306 3100; x_wconf 88' lang='grc' dir='ltr'><strong>τις</strong></span> <span class='ocrx_word' id='word_1_310' title='bbox 343 3035 495 3105; x_wconf 82' lang='grc' dir='ltr'>αὐτῷ</span> <span class='ocrx_word' id='word_1_311' title='bbox 518 3022 853 3105; x_wconf 53' lang='grc' dir='ltr'>’παρέστησε</span> <span class='ocrx_word' id='word_1_312' title='bbox 888 3033 1068 3102; x_wconf 87' lang='grc' dir='ltr'>λόγος,</span> <span class='ocrx_word' id='word_1_313' title='bbox 1103 3033 1178 3104; x_wconf 81' lang='grc' dir='ltr'>μὴ</span> <span class='ocrx_word' id='word_1_314' title='bbox 1209 3035 1395 3104; x_wconf 83' lang='grc' dir='ltr'>ὅμοιον</span> <span class='ocrx_word' id='word_1_315' title='bbox 1421 3038 1555 3106; x_wconf 79' lang='grc' dir='ltr'>ἡμῖν</span> <span class='ocrx_word' id='word_1_316' title='bbox 1582 3028 1722 3088; x_wconf 82' lang='grc' dir='ltr'>εἷναι</span> 
     </span>
    </p>
   </div>
   <div class='ocr_carea' id='block_1_45' title="bbox 1826 1935 3402 2008">
    <p class='ocr_par' dir='ltr' id='par_1_45' title="bbox 1826 1935 3402 2008">
     <span class='ocr_line' id='line_1_45' title="bbox 1826 1935 3402 2008; baseline 0.003 -20"><span class='ocrx_word' id='word_1_317' title='bbox 1826 1944 2039 2003; x_wconf 89' lang='lat' dir='ltr'><strong>partem</strong></span> <span class='ocrx_word' id='word_1_318' title='bbox 2078 1935 2364 2007; x_wconf 79' lang='lat' dir='ltr'><strong>dignitatis</strong></span> <span class='ocrx_word' id='word_1_319' title='bbox 2401 1945 2458 1992; x_wconf 90' lang='lat' dir='ltr'><strong>et</strong></span> <span class='ocrx_word' id='word_1_320' title='bbox 2487 1937 2717 1991; x_wconf 87' lang='lat' dir='ltr'><strong>honoris</strong></span> <span class='ocrx_word' id='word_1_321' title='bbox 2763 1937 3105 2003; x_wconf 87' lang='lat' dir='ltr'><strong>abscindere,</strong></span> <span class='ocrx_word' id='word_1_322' title='bbox 3158 1954 3189 1993; x_wconf 94' lang='lat' dir='ltr'><strong>a</strong></span> <span class='ocrx_word' id='word_1_323' title='bbox 3235 1954 3402 2008; x_wconf 80' lang='lat' dir='ltr'><strong>supra</strong></span> 
     </span>
    </p>
   </div>
   <div class='ocr_carea' id='block_1_46' title="bbox 1825 2025 3399 2099">
    <p class='ocr_par' dir='ltr' id='par_1_46' title="bbox 1825 2025 3399 2099">
     <span class='ocr_line' id='line_1_46' title="bbox 1825 2025 3399 2099; baseline 0.001 -19"><span class='ocrx_word' id='word_1_324' title='bbox 1825 2025 2213 2090; x_wconf 87' lang='lat' dir='ltr'><strong>substantiam,</strong></span> <span class='ocrx_word' id='word_1_325' title='bbox 2240 2036 2302 2082; x_wconf 93' lang='lat' dir='ltr'><strong>ut</strong></span> <span class='ocrx_word' id='word_1_326' title='bbox 2340 2027 2443 2098; x_wconf 88' lang='lat' dir='ltr'><strong>ipsi</strong></span> <span class='ocrx_word' id='word_1_327' title='bbox 2481 2028 2799 2098; x_wconf 89' lang='lat' dir='ltr'><strong>opinantur.</strong></span> <span class='ocrx_word' id='word_1_328' title='bbox 2828 2038 2885 2083; x_wconf 91' lang='lat' dir='ltr'><strong>et</strong></span> <span class='ocrx_word' id='word_1_329' title='bbox 2913 2044 3078 2099; x_wconf 84' lang='lat' dir='ltr'><strong>supra</strong></span> <span class='ocrx_word' id='word_1_330' title='bbox 3120 2036 3399 2092; x_wconf 88' lang='lat' dir='ltr'><strong>naturam,</strong></span> 
     </span>
    </p>
   </div>
   <div class='ocr_carea' id='block_1_47' title="bbox 1825 2118 3403 2190">
    <p class='ocr_par' dir='ltr' id='par_1_47' title="bbox 1825 2118 3403 2190">
     <span class='ocr_line' id='line_1_47' title="bbox 1825 2118 3403 2190; baseline -0.001 -17"><span class='ocrx_word' id='word_1_331' title='bbox 1825 2126 1882 2173; x_wconf 87' lang='lat' dir='ltr'><strong>et</strong></span> <span class='ocrx_word' id='word_1_332' title='bbox 1914 2119 2242 2190; x_wconf 90' lang='lat' dir='ltr'><strong>incorporeo</strong></span> <span class='ocrx_word' id='word_1_333' title='bbox 2275 2120 2539 2189; x_wconf 86' lang='lat' dir='ltr'><strong>corpore?</strong></span> <span class='ocrx_word' id='word_1_334' title='bbox 2565 2120 2700 2186; x_wconf 86' lang='lat' dir='ltr'><strong>Quis</strong></span> <span class='ocrx_word' id='word_1_335' title='bbox 2747 2129 2931 2174; x_wconf 83' lang='lat' dir='ltr'><strong>autem</strong></span> <span class='ocrx_word' id='word_1_336' title='bbox 2977 2135 3044 2173; x_wconf 82' lang='lat' dir='ltr'><strong>ex</strong></span> <span class='ocrx_word' id='word_1_337' title='bbox 3084 2118 3403 2174; x_wconf 79' lang='lat' dir='ltr'><strong>inﬁdelibus</strong></span> 
     </span>
    </p>
   </div>
   <div class='ocr_carea' id='block_1_48' title="bbox 1823 2208 3404 2281">
    <p class='ocr_par' dir='ltr' id='par_1_48' title="bbox 1823 2208 3404 2281">
     <span class='ocr_line' id='line_1_48' title="bbox 1823 2208 3404 2281; baseline 0.001 -16"><span class='ocrx_word' id='word_1_338' title='bbox 1823 2225 1967 2281; x_wconf 80' lang='lat' dir='ltr'><strong>aegre</strong></span> <span class='ocrx_word' id='word_1_339' title='bbox 2022 2210 2181 2276; x_wconf 80' lang='lat' dir='ltr'><strong>ferat,</strong></span> <span class='ocrx_word' id='word_1_340' title='bbox 2234 2211 2281 2265; x_wconf 91' lang='lat' dir='ltr'><strong>si</strong></span> <span class='ocrx_word' id='word_1_341' title='bbox 2333 2209 2582 2267; x_wconf 90' lang='lat' dir='ltr'><strong>dicamus</strong></span> <span class='ocrx_word' id='word_1_342' title='bbox 2634 2225 2836 2279; x_wconf 90' lang='lat' dir='ltr'><strong>corpus</strong></span> <span class='ocrx_word' id='word_1_343' title='bbox 2864 2208 3070 2265; x_wconf 79' lang='lat' dir='ltr'><strong>ChriSti</strong></span> <span class='ocrx_word' id='word_1_344' title='bbox 3120 2225 3228 2266; x_wconf 90' lang='lat' dir='ltr'><strong>non</strong></span> <span class='ocrx_word' id='word_1_345' title='bbox 3280 2226 3404 2266; x_wconf 90' lang='lat' dir='ltr'><strong>esse</strong></span> 
     </span>
    </p>
   </div>
   <div class='ocr_carea' id='block_1_49' title="bbox 1826 2300 3401 2372">
    <p class='ocr_par' dir='ltr' id='par_1_49' title="bbox 1826 2300 3401 2372">
     <span class='ocr_line' id='line_1_49' title="bbox 1826 2300 3401 2372; baseline 0.001 -17"><span class='ocrx_word' id='word_1_346' title='bbox 1826 2310 2020 2356; x_wconf 88' lang='lat' dir='ltr'><strong>natura</strong></span> <span class='ocrx_word' id='word_1_347' title='bbox 2071 2302 2268 2366; x_wconf 87' lang='lat' dir='ltr'><strong>visum,</strong></span> <span class='ocrx_word' id='word_1_348' title='bbox 2297 2309 2351 2357; x_wconf 89' lang='lat' dir='ltr'><strong>et</strong></span> <span class='ocrx_word' id='word_1_349' title='bbox 2393 2302 2580 2357; x_wconf 87' lang='lat' dir='ltr'><strong>cibum</strong></span> <span class='ocrx_word' id='word_1_350' title='bbox 2633 2310 2688 2357; x_wconf 89' lang='lat' dir='ltr'><strong>et</strong></span> <span class='ocrx_word' id='word_1_351' title='bbox 2725 2302 3009 2372; x_wconf 86' lang='lat' dir='ltr'><strong>potionem</strong></span> <span class='ocrx_word' id='word_1_352' title='bbox 3058 2300 3401 2365; x_wconf 85' lang='lat' dir='ltr'><strong>adhibuisse.</strong></span> 
     </span>
    </p>
   </div>
   <div class='ocr_carea' id='block_1_50' title="bbox 1825 2393 3397 2465">
    <p class='ocr_par' dir='ltr' id='par_1_50' title="bbox 1825 2393 3397 2465">
     <span class='ocr_line' id='line_1_50' title="bbox 1825 2393 3397 2465; baseline 0 -17"><span class='ocrx_word' id='word_1_353' title='bbox 1825 2402 1881 2448; x_wconf 93' lang='lat' dir='ltr'><strong>et</strong></span> <span class='ocrx_word' id='word_1_354' title='bbox 1911 2393 2200 2460; x_wconf 89' lang='lat' dir='ltr'><strong>dormisse,</strong></span> <span class='ocrx_word' id='word_1_355' title='bbox 2239 2410 2315 2452; x_wconf 75' lang='lat' dir='ltr'><strong>ac~</strong></span> <span class='ocrx_word' id='word_1_356' title='bbox 2347 2410 2569 2464; x_wconf 90' lang='lat' dir='ltr'><strong>passum</strong></span> <span class='ocrx_word' id='word_1_357' title='bbox 2617 2410 2761 2460; x_wconf 90' lang='lat' dir='ltr'><strong>esse,</strong></span> <span class='ocrx_word' id='word_1_358' title='bbox 2809 2403 2867 2450; x_wconf 87' lang='lat' dir='ltr'><strong>et</strong></span> <span class='ocrx_word' id='word_1_359' title='bbox 2898 2409 3242 2465; x_wconf 68' lang='lat' dir='ltr'><strong>quaecunque</strong></span> <span class='ocrx_word' id='word_1_360' title='bbox 3292 2393 3397 2448; x_wconf 87' lang='lat' dir='ltr'><strong>alia</strong></span> 
     </span>
    </p>
   </div>
   <div class='ocr_carea' id='block_1_51' title="bbox 1827 2486 3405 2556">
    <p class='ocr_par' dir='ltr' id='par_1_51' title="bbox 1827 2486 3405 2556">
     <span class='ocr_line' id='line_1_51' title="bbox 1827 2486 3405 2556; baseline -0.001 -15"><span class='ocrx_word' id='word_1_361' title='bbox 1827 2494 2024 2556; x_wconf 82' lang='lat' dir='ltr'><strong>praeter</strong></span> <span class='ocrx_word' id='word_1_362' title='bbox 2059 2486 2177 2543; x_wconf 71' lang='lat' dir='ltr'><strong>haec</strong></span> <span class='ocrx_word' id='word_1_363' title='bbox 2230 2486 2527 2541; x_wconf 90' lang='lat' dir='ltr'><strong>humanam</strong></span> <span class='ocrx_word' id='word_1_364' title='bbox 2591 2486 2969 2543; x_wconf 86' lang='lat' dir='ltr'><strong>inﬁrmitatem</strong></span> <span class='ocrx_word' id='word_1_365' title='bbox 3033 2488 3405 2543; x_wconf 74' lang='lat' dir='ltr'><strong>sustinuisse?</strong></span> 
     </span>
    </p>
   </div>
   <div class='ocr_carea' id='block_1_52' title="bbox 1826 2575 3405 2641">
    <p class='ocr_par' dir='ltr' id='par_1_52' title="bbox 1826 2575 3405 2641">
     <span class='ocr_line' id='line_1_52' title="bbox 1826 2575 3405 2641; baseline 0.003 -7"><span class='ocrx_word' id='word_1_366' title='bbox 1826 2576 1923 2634; x_wconf 84' lang='lat' dir='ltr'><strong>Est</strong></span> <span class='ocrx_word' id='word_1_367' title='bbox 1973 2575 2122 2634; x_wconf 89' lang='lat' dir='ltr'><strong>enim</strong></span> <span class='ocrx_word' id='word_1_368' title='bbox 2210 2576 2470 2633; x_wconf 90' lang='lat' dir='ltr'><strong>omnibus</strong></span> <span class='ocrx_word' id='word_1_369' title='bbox 2558 2578 2951 2641; x_wconf 80' lang='lat' dir='ltr'><strong>manifestum.</strong></span> <span class='ocrx_word' id='word_1_370' title='bbox 3040 2582 3212 2637; x_wconf 85' lang='lat' dir='ltr'><strong>multa</strong></span> <span class='ocrx_word' id='word_1_371' title='bbox 3304 2582 3405 2638; x_wconf 89' lang='lat' dir='ltr'><strong>hu-</strong></span> 
     </span>
    </p>
   </div>
   <div class='ocr_carea' id='block_1_53' title="bbox 1824 2667 3403 2740">
    <p class='ocr_par' dir='ltr' id='par_1_53' title="bbox 1824 2667 3403 2740">
     <span class='ocr_line' id='line_1_53' title="bbox 1824 2667 3403 2740; baseline 0.004 -18"><span class='ocrx_word' id='word_1_372' title='bbox 1824 2667 2068 2740; x_wconf 88' lang='lat' dir='ltr'><strong>jusmodi</strong></span> <span class='ocrx_word' id='word_1_373' title='bbox 2123 2667 2235 2739; x_wconf 84' lang='lat' dir='ltr'><strong>jam</strong></span> <span class='ocrx_word' id='word_1_374' title='bbox 2302 2667 2446 2725; x_wconf 79' lang='lat' dir='ltr'><strong>facta</strong></span> <span class='ocrx_word' id='word_1_375' title='bbox 2503 2683 2625 2723; x_wconf 89' lang='lat' dir='ltr'><strong>esse</strong></span> <span class='ocrx_word' id='word_1_376' title='bbox 2668 2668 2791 2739; x_wconf 75' lang='lat' dir='ltr'><strong>lege</strong></span> <span class='ocrx_word' id='word_1_377' title='bbox 2836 2669 3112 2734; x_wconf 85' lang='lat' dir='ltr'><strong>miraculi,</strong></span> <span class='ocrx_word' id='word_1_378' title='bbox 3154 2687 3265 2727; x_wconf 84' lang='lat' dir='ltr'><strong>non</strong></span> <span class='ocrx_word' id='word_1_379' title='bbox 3314 2689 3403 2728; x_wconf 90' lang='lat' dir='ltr'><strong>ra-</strong></span> 
     </span>
    </p>
   </div>
   <div class='ocr_carea' id='block_1_54' title="bbox 1826 2759 3405 2832">
    <p class='ocr_par' dir='ltr' id='par_1_54' title="bbox 1826 2759 3405 2832">
     <span class='ocr_line' id='line_1_54' title="bbox 1826 2759 3405 2832; baseline 0.001 -16"><span class='ocrx_word' id='word_1_380' title='bbox 1826 2760 1975 2817; x_wconf 88' lang='lat' dir='ltr'><strong>tione</strong></span> <span class='ocrx_word' id='word_1_381' title='bbox 2019 2768 2251 2816; x_wconf 72' lang='lat' dir='ltr'><strong>nalurae.</strong></span> <span class='ocrx_word' id='word_1_382' title='bbox 2301 2760 2421 2816; x_wconf 90' lang='lat' dir='ltr'><strong>Non</strong></span> <span class='ocrx_word' id='word_1_383' title='bbox 2479 2759 2626 2815; x_wconf 89' lang='lat' dir='ltr'><strong>enim</strong></span> <span class='ocrx_word' id='word_1_384' title='bbox 2673 2776 2740 2816; x_wconf 89' lang='lat' dir='ltr'><strong>eo</strong></span> <span class='ocrx_word' id='word_1_385' title='bbox 2791 2759 3083 2817; x_wconf 72' lang='lat' dir='ltr'><strong>dementire</strong></span> <span class='ocrx_word' id='word_1_386' title='bbox 3143 2777 3405 2832; x_wconf 88' lang='lat' dir='ltr'><strong>provecta</strong></span> 
     </span>
    </p>
   </div>
   <div class='ocr_carea' id='block_1_55' title="bbox 1823 2851 3403 2927">
    <p class='ocr_par' dir='ltr' id='par_1_55' title="bbox 1823 2851 3403 2927">
     <span class='ocr_line' id='line_1_55' title="bbox 1823 2851 3403 2927; baseline 0.001 -17"><span class='ocrx_word' id='word_1_387' title='bbox 1823 2861 1973 2910; x_wconf 82' lang='lat' dir='ltr'><strong>esset</strong></span> <span class='ocrx_word' id='word_1_388' title='bbox 2001 2851 2302 2908; x_wconf 87' lang='lat' dir='ltr'><strong>multitudo</strong></span> <span class='ocrx_word' id='word_1_389' title='bbox 2328 2852 2665 2915; x_wconf 68' lang='lat' dir='ltr'><strong>Judazorum,</strong></span> <span class='ocrx_word' id='word_1_390' title='bbox 2697 2852 2741 2905; x_wconf 89' lang='lat' dir='ltr'><strong>si</strong></span> <span class='ocrx_word' id='word_1_391' title='bbox 2773 2867 2897 2922; x_wconf 75' lang='lat' dir='ltr'><strong>qua:</strong></span> <span class='ocrx_word' id='word_1_392' title='bbox 2925 2852 3068 2908; x_wconf 90' lang='lat' dir='ltr'><strong>ratio</strong></span> <span class='ocrx_word' id='word_1_393' title='bbox 3108 2852 3243 2925; x_wconf 88' lang='lat' dir='ltr'><strong>ipsis</strong></span> <span class='ocrx_word' id='word_1_394' title='bbox 3271 2872 3403 2927; x_wconf 87' lang='lat' dir='ltr'><strong>pro-</strong></span> 
     </span>
    </p>
   </div>
   <div class='ocr_carea' id='block_1_56' title="bbox 1825 2940 3404 3012">
    <p class='ocr_par' dir='ltr' id='par_1_56' title="bbox 1825 2940 3404 3012">
     <span class='ocr_line' id='line_1_56' title="bbox 1825 2940 3404 3012; baseline 0.002 -14"><span class='ocrx_word' id='word_1_395' title='bbox 1825 2942 2030 3008; x_wconf 89' lang='lat' dir='ltr'><strong>basset,</strong></span> <span class='ocrx_word' id='word_1_396' title='bbox 2055 2958 2165 2997; x_wconf 87' lang='lat' dir='ltr'><strong>non</strong></span> <span class='ocrx_word' id='word_1_397' title='bbox 2194 2942 2363 2996; x_wconf 77' lang='lat' dir='ltr'><strong>fuisse</strong></span> <span class='ocrx_word' id='word_1_398' title='bbox 2387 2940 2566 2996; x_wconf 87' lang='lat' dir='ltr'><strong>simile</strong></span> <span class='ocrx_word' id='word_1_399' title='bbox 2595 2941 2756 2995; x_wconf 88' lang='lat' dir='ltr'><strong>nobis</strong></span> <span class='ocrx_word' id='word_1_400' title='bbox 2782 2957 2882 3012; x_wconf 89' lang='lat' dir='ltr'><strong>per</strong></span> <span class='ocrx_word' id='word_1_401' title='bbox 2909 2943 3111 3001; x_wconf 86' lang='lat' dir='ltr'><strong>omnia.</strong></span> <span class='ocrx_word' id='word_1_402' title='bbox 3133 2952 3191 2999; x_wconf 88' lang='lat' dir='ltr'><strong>et</strong></span> <span class='ocrx_word' id='word_1_403' title='bbox 3214 2960 3404 3002; x_wconf 81' lang='lat' dir='ltr'><strong>revera</strong></span> 
     </span>
    </p>
   </div>
   <div class='ocr_carea' id='block_1_57' title="bbox 1825 3032 3404 3104">
    <p class='ocr_par' dir='ltr' id='par_1_57' title="bbox 1825 3032 3404 3104">
     <span class='ocr_line' id='line_1_57' title="bbox 1825 3032 3404 3104; baseline 0.001 -14"><span class='ocrx_word' id='word_1_404' title='bbox 1825 3032 2082 3090; x_wconf 76' lang='lat' dir='ltr'><strong>humanze</strong></span> <span class='ocrx_word' id='word_1_405' title='bbox 2116 3043 2329 3089; x_wconf 65' lang='lat' dir='ltr'><strong>natura:</strong></span> <span class='ocrx_word' id='word_1_406' title='bbox 2358 3049 2580 3104; x_wconf 90' lang='lat' dir='ltr'><strong>corpus,</strong></span> <span class='ocrx_word' id='word_1_407' title='bbox 2613 3032 2761 3103; x_wconf 87' lang='lat' dir='ltr'><strong>quod</strong></span> <span class='ocrx_word' id='word_1_408' title='bbox 2797 3033 2866 3088; x_wconf 91' lang='lat' dir='ltr'><strong>ab</strong></span> <span class='ocrx_word' id='word_1_409' title='bbox 2914 3033 3048 3104; x_wconf 85' lang='lat' dir='ltr'><strong>ipsis</strong></span> <span class='ocrx_word' id='word_1_410' title='bbox 3074 3036 3404 3091; x_wconf 81' lang='lat' dir='ltr'><strong>cruciﬁxum</strong></span> 
     </span>
    </p>
   </div>
   <div class='ocr_carea' id='block_1_58' title="bbox 138 3123 1724 3214">
    <p class='ocr_par' dir='ltr' id='par_1_58' title="bbox 138 3123 1720 3194">
     <span class='ocr_line' id='line_1_58' title="bbox 138 3123 1720 3194; baseline -0.003 -12"><span class='ocrx_word' id='word_1_411' title='bbox 138 3127 287 3182; x_wconf 79' lang='grc' dir='ltr'>κατὰ</span> <span class='ocrx_word' id='word_1_412' title='bbox 318 3125 521 3186; x_wconf 79' lang='grc' dir='ltr'>πάντα,</span> <span class='ocrx_word' id='word_1_413' title='bbox 569 3125 664 3178; x_wconf 76' lang='grc' dir='ltr'>καὶ</span> <span class='ocrx_word' id='word_1_414' title='bbox 718 3123 886 3186; x_wconf 73' lang='grc' dir='ltr'>ὅντως</span> <span class='ocrx_word' id='word_1_415' title='bbox 936 3123 1285 3194; x_wconf 81' lang='grc' dir='ltr'>ἀνθρωπίνην</span> <span class='ocrx_word' id='word_1_416' title='bbox 1329 3124 1511 3192; x_wconf 83' lang='grc' dir='ltr'>φύσιν,</span> <span class='ocrx_word' id='word_1_417' title='bbox 1534 3126 1592 3178; x_wconf 82' lang='grc' dir='ltr'>τὸ</span> <span class='ocrx_word' id='word_1_418' title='bbox 1629 3127 1720 3178; x_wconf 81' lang='grc' dir='ltr'><strong>ὑπ’</strong></span> 
     </span>
    </p>
   </div>
   <div class='ocr_carea' id='block_1_59' title="bbox 1829 3123 3402 3214">
    <p class='ocr_par' dir='ltr' id='par_1_59' title="bbox 1830 3124 3402 3207">
     <span class='ocr_line' id='line_1_59' title="bbox 1830 3124 3402 3207; baseline 0.001 -25"><span class='ocrx_word' id='word_1_419' title='bbox 1830 3134 1886 3183; x_wconf 88' lang='lat' dir='ltr'><strong>et</strong></span> <span class='ocrx_word' id='word_1_420' title='bbox 1913 3126 2169 3196; x_wconf 87' lang='lat' dir='ltr'><strong>passione</strong></span> <span class='ocrx_word' id='word_1_421' title='bbox 2199 3125 2456 3181; x_wconf 77' lang='lat' dir='ltr'><strong>aﬂ‘ectum</strong></span> <span class='ocrx_word' id='word_1_422' title='bbox 2496 3135 2582 3180; x_wconf 92' lang='lat' dir='ltr'><strong>est</strong></span> <span class='ocrx_word' id='word_1_423' title='bbox 2619 3134 2676 3181; x_wconf 87' lang='lat' dir='ltr'><strong>et</strong></span> <span class='ocrx_word' id='word_1_424' title='bbox 2717 3140 2747 3180; x_wconf 90' lang='lat' dir='ltr'><strong>a</strong></span> <span class='ocrx_word' id='word_1_425' title='bbox 2787 3124 3076 3196; x_wconf 88' lang='lat' dir='ltr'><strong>discipulis</strong></span> <span class='ocrx_word' id='word_1_426' title='bbox 3103 3129 3402 3207; x_wconf 85' lang='lat' dir='ltr'><strong>sepultum.</strong></span> 
     </span>
    </p>
   </div>
   <div class='ocr_carea' id='block_1_60' title="bbox 138 3211 1722 3288">
    <p class='ocr_par' dir='ltr' id='par_1_60' title="bbox 138 3211 1722 3288">
     <span class='ocr_line' id='line_1_60' title="bbox 138 3211 1722 3288; baseline -0.002 -16"><span class='ocrx_word' id='word_1_427' title='bbox 138 3215 328 3272; x_wconf 85' lang='grc' dir='ltr'>αὐτῶν</span> <span class='ocrx_word' id='word_1_428' title='bbox 390 3213 708 3288; x_wconf 83' lang='grc' dir='ltr'>σταυρωθέν</span> <span class='ocrx_word' id='word_1_429' title='bbox 752 3229 810 3266; x_wconf 80' lang='grc' dir='ltr'><strong>τε</strong></span> <span class='ocrx_word' id='word_1_430' title='bbox 861 3213 954 3266; x_wconf 72' lang='grc' dir='ltr'>καὶ</span> <span class='ocrx_word' id='word_1_431' title='bbox 1003 3211 1178 3275; x_wconf 83' lang='grc' dir='ltr'>πάθος</span> <span class='ocrx_word' id='word_1_432' title='bbox 1224 3212 1517 3281; x_wconf 79' lang='grc' dir='ltr'>δεξάμενον</span> <span class='ocrx_word' id='word_1_433' title='bbox 1543 3216 1722 3286; x_wconf 82' lang='grc' dir='ltr'>σῶμα,</span> 
     </span>
    </p>
   </div>
   <div class='ocr_carea' id='block_1_61' title="bbox 141 3303 1726 3378">
    <p class='ocr_par' dir='ltr' id='par_1_61' title="bbox 141 3303 1726 3378">
     <span class='ocr_line' id='line_1_61' title="bbox 141 3303 1726 3378; baseline -0.002 -16"><span class='ocrx_word' id='word_1_434' title='bbox 141 3310 240 3362; x_wconf 81' lang='grc' dir='ltr'>καὶ</span> <span class='ocrx_word' id='word_1_435' title='bbox 293 3305 637 3378; x_wconf 82' lang='grc' dir='ltr'>τεθαμμένον</span> <span class='ocrx_word' id='word_1_436' title='bbox 684 3305 789 3358; x_wconf 74' lang='grc' dir='ltr'>ὑπὸ</span> <span class='ocrx_word' id='word_1_437' title='bbox 841 3305 950 3358; x_wconf 89' lang='grc' dir='ltr'><strong>τῶν</strong></span> <span class='ocrx_word' id='word_1_438' title='bbox 1000 3303 1315 3375; x_wconf 87' lang='grc' dir='ltr'>γνωρίμων.</span> <span class='ocrx_word' id='word_1_439' title='bbox 1360 3305 1577 3358; x_wconf 82' lang='grc' dir='ltr'>Πολλῶν</span> <span class='ocrx_word' id='word_1_440' title='bbox 1617 3308 1726 3378; x_wconf 83' lang='grc' dir='ltr'>γὰρ</span> 
     </span>
    </p>
   </div>
   <div class='ocr_carea' id='block_1_62' title="bbox 142 3396 1723 3470">
    <p class='ocr_par' dir='ltr' id='par_1_62' title="bbox 142 3396 1723 3470">
     <span class='ocr_line' id='line_1_62' title="bbox 142 3396 1723 3470; baseline -0.002 -16"><span class='ocrx_word' id='word_1_441' title='bbox 142 3397 481 3470; x_wconf 80' lang='grc' dir='ltr'>θεοφανειῶν</span> <span class='ocrx_word' id='word_1_442' title='bbox 549 3396 1050 3469; x_wconf 87' lang='grc' dir='ltr'>ἀναπεπλησμένης</span> <span class='ocrx_word' id='word_1_443' title='bbox 1098 3397 1201 3467; x_wconf 82' lang='grc' dir='ltr'>τῆς</span> <span class='ocrx_word' id='word_1_444' title='bbox 1267 3399 1419 3468; x_wconf 77' lang='grc' dir='ltr'>ἱερᾶς</span> <span class='ocrx_word' id='word_1_445' title='bbox 1476 3398 1723 3469; x_wconf 82' lang='grc' dir='ltr'>Γραφῆς,</span> 
     </span>
    </p>
   </div>
   <div class='ocr_carea' id='block_1_63' title="bbox 145 3486 1728 3558">
    <p class='ocr_par' dir='ltr' id='par_1_63' title="bbox 145 3486 1728 3558">
     <span class='ocr_line' id='line_1_63' title="bbox 145 3486 1728 3558; baseline -0.002 -14"><span class='ocrx_word' id='word_1_446' title='bbox 145 3491 381 3544; x_wconf 81' lang='grc' dir='ltr'>συνιδεῖν</span> <span class='ocrx_word' id='word_1_447' title='bbox 407 3489 619 3554; x_wconf 78' lang='grc' dir='ltr'>ἔξεστιν</span> <span class='ocrx_word' id='word_1_448' title='bbox 644 3488 727 3542; x_wconf 80' lang='grc' dir='ltr'>ὅτι</span> <span class='ocrx_word' id='word_1_449' title='bbox 756 3503 820 3555; x_wconf 87' lang='grc' dir='ltr'><strong>γε</strong></span> <span class='ocrx_word' id='word_1_450' title='bbox 850 3487 915 3558; x_wconf 81' lang='grc' dir='ltr'>δὴ</span> <span class='ocrx_word' id='word_1_451' title='bbox 953 3487 1094 3540; x_wconf 82' lang='grc' dir='ltr'><strong>κατά</strong></span> <span class='ocrx_word' id='word_1_452' title='bbox 1113 3488 1174 3539; x_wconf 81' lang='grc' dir='ltr'>τὸ</span> <span class='ocrx_word' id='word_1_453' title='bbox 1199 3490 1314 3551; x_wconf 82' lang='grc' dir='ltr'>τοῖς</span> <span class='ocrx_word' id='word_1_454' title='bbox 1339 3486 1728 3558; x_wconf 62' lang='grc' dir='ltr'>οἱκονομόυμέυ</span> 
     </span>
    </p>
   </div>
   <div class='ocr_carea' id='block_1_64' title="bbox 145 3578 1727 3652">
    <p class='ocr_par' dir='ltr' id='par_1_64' title="bbox 145 3578 1727 3652">
     <span class='ocr_line' id='line_1_64' title="bbox 145 3578 1727 3652; baseline -0.004 -15"><span class='ocrx_word' id='word_1_455' title='bbox 145 3601 259 3647; x_wconf 86' lang='grc' dir='ltr'>νοις</span> <span class='ocrx_word' id='word_1_456' title='bbox 293 3580 593 3652; x_wconf 85' lang='grc' dir='ltr'>συμφέρον,</span> <span class='ocrx_word' id='word_1_457' title='bbox 621 3580 702 3642; x_wconf 87' lang='grc' dir='ltr'><strong>είς</strong></span> <span class='ocrx_word' id='word_1_458' title='bbox 727 3578 1045 3650; x_wconf 85' lang='grc' dir='ltr'>ἀνθρώπινα</span> <span class='ocrx_word' id='word_1_459' title='bbox 1071 3579 1172 3650; x_wconf 88' lang='grc' dir='ltr'><strong>σχή</strong></span> <span class='ocrx_word' id='word_1_460' title='bbox 1183 3579 1329 3648; x_wconf 86' lang='grc' dir='ltr'><strong>ματά</strong></span> <span class='ocrx_word' id='word_1_461' title='bbox 1340 3595 1400 3632; x_wconf 83' lang='grc' dir='ltr'><strong>τε</strong></span> <span class='ocrx_word' id='word_1_462' title='bbox 1427 3580 1522 3631; x_wconf 78' lang='grc' dir='ltr'><strong>καὶ</strong></span> <span class='ocrx_word' id='word_1_463' title='bbox 1548 3579 1727 3648; x_wconf 78' lang='grc' dir='ltr'>πράγ-</span> 
     </span>
    </p>
   </div>
   <div class='ocr_carea' id='block_1_65' title="bbox 147 3664 1724 3746">
    <p class='ocr_par' dir='ltr' id='par_1_65' title="bbox 147 3664 1724 3746">
     <span class='ocr_line' id='line_1_65' title="bbox 147 3664 1724 3746; baseline -0.005 -16"><span class='ocrx_word' id='word_1_464' title='bbox 147 3691 322 3746; x_wconf 82' lang='grc' dir='ltr'>ματα,</span> <span class='ocrx_word' id='word_1_465' title='bbox 345 3671 626 3744; x_wconf 69' lang='grc' dir='ltr'>ἐνεργείας</span> <span class='ocrx_word' id='word_1_466' title='bbox 659 3664 718 3724; x_wconf 76' lang='grc' dir='ltr'><strong>τε</strong></span> <span class='ocrx_word' id='word_1_467' title='bbox 738 3670 836 3724; x_wconf 77' lang='grc' dir='ltr'>καὶ</span> <span class='ocrx_word' id='word_1_468' title='bbox 856 3668 1048 3738; x_wconf 87' lang='grc' dir='ltr'>λόγους</span> <span class='ocrx_word' id='word_1_469' title='bbox 1068 3669 1312 3739; x_wconf 80' lang='grc' dir='ltr'>καθῆκεν</span> <span class='ocrx_word' id='word_1_470' title='bbox 1351 3669 1554 3741; x_wconf 71' lang='grc' dir='ltr'>ἑαυτὴν</span> <span class='ocrx_word' id='word_1_471' title='bbox 1577 3671 1611 3741; x_wconf 91' lang='grc' dir='ltr'><strong>ή</strong></span> <span class='ocrx_word' id='word_1_472' title='bbox 1630 3669 1724 3722; x_wconf 85' lang='grc' dir='ltr'><strong>τοῦ</strong></span> 
     </span>
    </p>
   </div>
   <div class='ocr_carea' id='block_1_66' title="bbox 145 3759 1725 3834">
    <p class='ocr_par' dir='ltr' id='par_1_66' title="bbox 145 3759 1725 3834">
     <span class='ocr_line' id='line_1_66' title="bbox 145 3759 1725 3834; baseline -0.003 -16"><span class='ocrx_word' id='word_1_473' title='bbox 145 3764 287 3818; x_wconf 85' lang='grc' dir='ltr'>Θεοῦ</span> <span class='ocrx_word' id='word_1_474' title='bbox 323 3762 479 3834; x_wconf 76' lang='grc' dir='ltr'>ἡμῶν</span> <span class='ocrx_word' id='word_1_475' title='bbox 510 3763 642 3832; x_wconf 72' lang='grc' dir='ltr'>περὶ</span> <span class='ocrx_word' id='word_1_476' title='bbox 669 3761 819 3832; x_wconf 79' lang='grc' dir='ltr'>ἡμᾶς</span> <span class='ocrx_word' id='word_1_477' title='bbox 860 3759 1040 3830; x_wconf 80' lang='grc' dir='ltr'>ἀγαθὴ</span> <span class='ocrx_word' id='word_1_478' title='bbox 1091 3760 1319 3829; x_wconf 70' lang='grc' dir='ltr'>πρόνοια</span> <span class='ocrx_word' id='word_1_479' title='bbox 1340 3776 1355 3791; x_wconf 74' lang='grc' dir='ltr'><strong>σ</strong></span> <span class='ocrx_word' id='word_1_480' title='bbox 1390 3760 1486 3814; x_wconf 79' lang='grc' dir='ltr'>καὶ</span> <span class='ocrx_word' id='word_1_481' title='bbox 1518 3760 1725 3821; x_wconf 78' lang='grc' dir='ltr'>τούτων</span> 
     </span>
    </p>
   </div>
   <div class='ocr_carea' id='block_1_67' title="bbox 144 3848 1727 3924">
    <p class='ocr_par' dir='ltr' id='par_1_67' title="bbox 144 3848 1727 3924">
     <span class='ocr_line' id='line_1_67' title="bbox 144 3848 1727 3924; baseline -0.003 -15"><span class='ocrx_word' id='word_1_482' title='bbox 144 3856 302 3924; x_wconf 81' lang='grc' dir='ltr'>ὅμως</span> <span class='ocrx_word' id='word_1_483' title='bbox 358 3853 510 3908; x_wconf 69' lang='grc' dir='ltr'>οὐδὲν</span> <span class='ocrx_word' id='word_1_484' title='bbox 565 3848 763 3916; x_wconf 80' lang='grc' dir='ltr'>αὐτοὺς</span> <span class='ocrx_word' id='word_1_485' title='bbox 791 3853 1076 3922; x_wconf 85' lang='grc' dir='ltr'>προήγαγε</span> <span class='ocrx_word' id='word_1_486' title='bbox 1113 3851 1175 3904; x_wconf 86' lang='grc' dir='ltr'><strong>τδ</strong></span> <span class='ocrx_word' id='word_1_487' title='bbox 1212 3851 1562 3923; x_wconf 86' lang='grc' dir='ltr'>ἀνθρωπίνας</span> <span class='ocrx_word' id='word_1_488' title='bbox 1596 3852 1727 3905; x_wconf 84' lang='grc' dir='ltr'>ὑπο-</span> 
     </span>
    </p>
   </div>
   <div class='ocr_carea' id='block_1_68' title="bbox 145 3941 1725 4017">
    <p class='ocr_par' dir='ltr' id='par_1_68' title="bbox 145 3941 1725 4017">
     <span class='ocr_line' id='line_1_68' title="bbox 145 3941 1725 4017; baseline -0.004 -15"><span class='ocrx_word' id='word_1_489' title='bbox 145 3947 341 4017; x_wconf 80' lang='grc' dir='ltr'>λήψεις</span> <span class='ocrx_word' id='word_1_490' title='bbox 370 3945 501 4016; x_wconf 78' lang='grc' dir='ltr'>περὶ</span> <span class='ocrx_word' id='word_1_491' title='bbox 539 3942 635 3997; x_wconf 87' lang='grc' dir='ltr'><strong>τοῦ</strong></span> <span class='ocrx_word' id='word_1_492' title='bbox 678 3943 838 3996; x_wconf 85' lang='grc' dir='ltr'>Θείου</span> <span class='ocrx_word' id='word_1_493' title='bbox 893 3942 1100 4007; x_wconf 78' lang='grc' dir='ltr'>λαϐεῖν,</span> <span class='ocrx_word' id='word_1_494' title='bbox 1128 3945 1177 3995; x_wconf 81' lang='grc' dir='ltr'><strong>εί</strong></span> <span class='ocrx_word' id='word_1_495' title='bbox 1222 3943 1319 3996; x_wconf 76' lang='grc' dir='ltr'>καὶ</span> <span class='ocrx_word' id='word_1_496' title='bbox 1364 3941 1725 4014; x_wconf 85' lang='grc' dir='ltr'>ἀνθρωπίνως</span> 
     </span>
    </p>
   </div>
   <div class='ocr_carea' id='block_1_69' title="bbox 147 4033 1726 4110">
    <p class='ocr_par' dir='ltr' id='par_1_69' title="bbox 147 4033 1726 4110">
     <span class='ocr_line' id='line_1_69' title="bbox 147 4033 1726 4110; baseline -0.002 -17"><span class='ocrx_word' id='word_1_497' title='bbox 147 4038 285 4110; x_wconf 81' lang='grc' dir='ltr'>παρ’</span> <span class='ocrx_word' id='word_1_498' title='bbox 324 4035 488 4091; x_wconf 84' lang='grc' dir='ltr'>αὐτοῦ</span> <span class='ocrx_word' id='word_1_499' title='bbox 536 4033 878 4106; x_wconf 81' lang='grc' dir='ltr'>ᾤκονόμητο.</span> <span class='ocrx_word' id='word_1_500' title='bbox 928 4033 1115 4087; x_wconf 85' lang='grc' dir='ltr'>Πείθει</span> <span class='ocrx_word' id='word_1_501' title='bbox 1170 4034 1228 4087; x_wconf 77' lang='grc' dir='ltr'>δὲ</span> <span class='ocrx_word' id='word_1_502' title='bbox 1279 4034 1480 4099; x_wconf 74' lang='grc' dir='ltr'>αὐτοὺς</span> <span class='ocrx_word' id='word_1_503' title='bbox 1526 4037 1726 4091; x_wconf 76' lang='grc' dir='ltr'>καὶτὰ</span> 
     </span>
    </p>
   </div>
   <div class='ocr_carea' id='block_1_70' title="bbox 144 4126 1726 4200">
    <p class='ocr_par' dir='ltr' id='par_1_70' title="bbox 144 4126 1726 4200">
     <span class='ocr_line' id='line_1_70' title="bbox 144 4126 1726 4200; baseline -0.001 -17"><span class='ocrx_word' id='word_1_504' title='bbox 144 4129 498 4200; x_wconf 84' lang='grc' dir='ltr'>τολμήματα,</span> <span class='ocrx_word' id='word_1_505' title='bbox 537 4128 619 4180; x_wconf 83' lang='grc' dir='ltr'>ὃτι</span> <span class='ocrx_word' id='word_1_506' title='bbox 652 4126 940 4195; x_wconf 80' lang='grc' dir='ltr'>ἄνθρωπός</span> <span class='ocrx_word' id='word_1_507' title='bbox 961 4127 1109 4179; x_wconf 66' lang='grc' dir='ltr'>ἐστιν</span> <span class='ocrx_word' id='word_1_508' title='bbox 1137 4127 1304 4180; x_wconf 81' lang='grc' dir='ltr'>πᾶσιν</span> <span class='ocrx_word' id='word_1_509' title='bbox 1334 4127 1675 4199; x_wconf 74' lang='grc' dir='ltr'>ὁμοιοπαθὴς</span> <span class='ocrx_word' id='word_1_510' title='bbox 1697 4131 1726 4181; x_wconf 84' lang='grc' dir='ltr'><strong>ό</strong></span> 
     </span>
    </p>
   </div>
   <div class='ocr_carea' id='block_1_71' title="bbox 147 4216 1767 4290">
    <p class='ocr_par' dir='ltr' id='par_1_71' title="bbox 147 4216 1767 4290">
     <span class='ocr_line' id='line_1_71' title="bbox 147 4216 1767 4290; baseline -0.001 -16"><span class='ocrx_word' id='word_1_511' title='bbox 147 4217 442 4290; x_wconf 81' lang='grc' dir='ltr'>Κύριος,εί</span> <span class='ocrx_word' id='word_1_512' title='bbox 474 4218 569 4271; x_wconf 75' lang='grc' dir='ltr'>καὶ</span> <span class='ocrx_word' id='word_1_513' title='bbox 594 4219 670 4288; x_wconf 84' lang='grc' dir='ltr'><strong>μή</strong></span> <span class='ocrx_word' id='word_1_514' title='bbox 699 4216 929 4271; x_wconf 79' lang='grc' dir='ltr'>πέπεικε</span> <span class='ocrx_word' id='word_1_515' title='bbox 961 4217 1029 4271; x_wconf 67' lang='grc' dir='ltr'>τὰ</span> <span class='ocrx_word' id='word_1_516' title='bbox 1055 4217 1331 4288; x_wconf 84' lang='grc' dir='ltr'>θαύματα,</span> <span class='ocrx_word' id='word_1_517' title='bbox 1361 4219 1444 4277; x_wconf 81' lang='grc' dir='ltr'>ὅτι</span> <span class='ocrx_word' id='word_1_518' title='bbox 1469 4220 1565 4274; x_wconf 58' lang='grc' dir='ltr'><strong>καὶ⁵</strong></span> <span class='ocrx_word' id='word_1_519' title='bbox 1591 4220 1726 4284; x_wconf 84' lang='grc' dir='ltr'>Θεὸς</span> <span class='ocrx_word' id='word_1_520' title='bbox 1761 4243 1767 4249; x_wconf 91' lang='grc'>·</span> 
     </span>
    </p>
   </div>
   <div class='ocr_carea' id='block_1_72' title="bbox 146 4308 1426 4382">
    <p class='ocr_par' dir='ltr' id='par_1_72' title="bbox 146 4308 1426 4382">
     <span class='ocr_line' id='line_1_72' title="bbox 146 4308 1426 4382; baseline 0 -19"><span class='ocrx_word' id='word_1_521' title='bbox 146 4311 236 4380; x_wconf 73' lang='grc' dir='ltr'>εἴη</span> <span class='ocrx_word' id='word_1_522' title='bbox 266 4311 508 4381; x_wconf 78' lang='grc' dir='ltr'>ὑπεροχῇ</span> <span class='ocrx_word' id='word_1_523' title='bbox 542 4308 757 4378; x_wconf 74' lang='grc' dir='ltr'>φύσεως</span> <span class='ocrx_word' id='word_1_524' title='bbox 789 4309 1004 4364; x_wconf 82' lang='grc' dir='ltr'>πάντων</span> <span class='ocrx_word' id='word_1_525' title='bbox 1029 4310 1426 4382; x_wconf 82' lang='grc' dir='ltr'>ἀνῳκισμένος.</span> 
     </span>
    </p>
   </div>
   <div class='ocr_carea' id='block_1_73' title="bbox 60 4399 1723 4472">
    <p class='ocr_par' dir='ltr' id='par_1_73' title="bbox 60 4399 1723 4472">
     <span class='ocr_line' id='line_1_73' title="bbox 60 4399 1723 4472; baseline 0.003 -17"><span class='ocrx_word' id='word_1_526' title='bbox 60 4466 61 4471; x_wconf 21' lang='grc' dir='ltr'><strong>η</strong></span> <span class='ocrx_word' id='word_1_527' title='bbox 217 4400 408 4463; x_wconf 78' lang='grc' dir='ltr'>Οὕτως</span> <span class='ocrx_word' id='word_1_528' title='bbox 465 4400 499 4472; x_wconf 85' lang='grc' dir='ltr'><strong>ή</strong></span> <span class='ocrx_word' id='word_1_529' title='bbox 553 4416 617 4453; x_wconf 83' lang='grc' dir='ltr'><strong>τε</strong></span> <span class='ocrx_word' id='word_1_530' title='bbox 664 4399 761 4452; x_wconf 89' lang='grc' dir='ltr'><strong>τοῦ</strong></span> <span class='ocrx_word' id='word_1_531' title='bbox 818 4399 1144 4471; x_wconf 80' lang='grc' dir='ltr'>μονογενοῦς</span> <span class='ocrx_word' id='word_1_532' title='bbox 1185 4401 1383 4471; x_wconf 88' lang='grc' dir='ltr'>Λόγου,</span> <span class='ocrx_word' id='word_1_533' title='bbox 1437 4404 1581 4459; x_wconf 79' lang='grc' dir='ltr'>κατὰ</span> <span class='ocrx_word' id='word_1_534' title='bbox 1624 4403 1723 4460; x_wconf 86' lang='grc' dir='ltr'><strong>τοῦ</strong></span> 
     </span>
    </p>
   </div>
   <div class='ocr_carea' id='block_1_74' title="bbox 60 4490 1724 4570">
    <p class='ocr_par' dir='ltr' id='par_1_74' title="bbox 60 4490 1724 4570">
     <span class='ocr_line' id='line_1_74' title="bbox 60 4490 1724 4570; baseline 0.004 -24"><span class='ocrx_word' id='word_1_535' title='bbox 60 4516 81 4560; x_wconf 55' lang='grc' dir='ltr'><em>ῃ</em></span> <span class='ocrx_word' id='word_1_536' title='bbox 145 4490 410 4566; x_wconf 83' lang='grc' dir='ltr'>Χριστοῦ,</span> <span class='ocrx_word' id='word_1_537' title='bbox 448 4491 556 4545; x_wconf 86' lang='grc' dir='ltr'><strong>τῶν</strong></span> <span class='ocrx_word' id='word_1_538' title='bbox 596 4490 772 4547; x_wconf 83' lang='grc' dir='ltr'>ἀθέων</span> <span class='ocrx_word' id='word_1_539' title='bbox 822 4492 1085 4557; x_wconf 75' lang='grc' dir='ltr'>ἀπάθεια,</span> <span class='ocrx_word' id='word_1_540' title='bbox 1151 4493 1245 4548; x_wconf 76' lang='grc' dir='ltr'>καὶ</span> <span class='ocrx_word' id='word_1_541' title='bbox 1293 4498 1326 4565; x_wconf 89' lang='grc' dir='ltr'><strong>ή</strong></span> <span class='ocrx_word' id='word_1_542' title='bbox 1367 4495 1470 4565; x_wconf 85' lang='grc' dir='ltr'>τῆς</span> <span class='ocrx_word' id='word_1_543' title='bbox 1523 4498 1724 4570; x_wconf 79' lang='grc' dir='ltr'>σαρκὸς</span> 
     </span>
    </p>
   </div>
   <div class='ocr_carea' id='block_1_75' title="bbox 60 4581 1721 4663">
    <p class='ocr_par' dir='ltr' id='par_1_75' title="bbox 60 4581 1721 4663">
     <span class='ocr_line' id='line_1_75' title="bbox 60 4581 1721 4663; baseline 0.005 -29"><span class='ocrx_word' id='word_1_544' title='bbox 143 4586 290 4649; x_wconf 86' lang='grc' dir='ltr'><strong>κατά</strong></span> <span class='ocrx_word' id='word_1_545' title='bbox 326 4583 427 4652; x_wconf 81' lang='grc' dir='ltr'>τῆς</span> <span class='ocrx_word' id='word_1_546' title='bbox 484 4581 765 4655; x_wconf 78' lang='grc' dir='ltr'>ἡμετέρας</span> <span class='ocrx_word' id='word_1_547' title='bbox 817 4585 1097 4654; x_wconf 86' lang='grc' dir='ltr'>σωτηρίας</span> <span class='ocrx_word' id='word_1_548' title='bbox 1144 4584 1251 4638; x_wconf 90' lang='grc' dir='ltr'><strong>τῶν</strong></span> <span class='ocrx_word' id='word_1_549' title='bbox 1302 4585 1399 4641; x_wconf 85' lang='grc' dir='ltr'><strong>νῦν</strong></span> <span class='ocrx_word' id='word_1_550' title='bbox 1436 4588 1721 4659; x_wconf 82' lang='grc' dir='ltr'>σοφιστῶν</span> 
     </span>
    </p>
   </div>
   <div class='ocr_carea' id='block_1_76' title="bbox 60 4666 1719 4749">
    <p class='ocr_par' dir='ltr' id='par_1_76' title="bbox 60 4666 1719 4749">
     <span class='ocr_line' id='line_1_76' title="bbox 60 4666 1719 4749; baseline 0.003 -20"><span class='ocrx_word' id='word_1_551' title='bbox 60 4666 63 4671; x_wconf 68' lang='grc'><em>’</em></span> <span class='ocrx_word' id='word_1_552' title='bbox 142 4675 450 4747; x_wconf 81' lang='grc' dir='ltr'>ὰφθαρσία,</span> <span class='ocrx_word' id='word_1_553' title='bbox 475 4675 732 4747; x_wconf 70' lang='grc' dir='ltr'>ιμπαθὴς</span> <span class='ocrx_word' id='word_1_554' title='bbox 753 4675 924 4738; x_wconf 79' lang='grc' dir='ltr'>ὄντως</span> <span class='ocrx_word' id='word_1_555' title='bbox 944 4676 1042 4729; x_wconf 76' lang='grc' dir='ltr'>καὶ</span> <span class='ocrx_word' id='word_1_556' title='bbox 1054 4675 1271 4749; x_wconf 82' lang='grc' dir='ltr'>φθαρτή</span> <span class='ocrx_word' id='word_1_557' title='bbox 1289 4674 1428 4733; x_wconf 84' lang='grc' dir='ltr'>οὖσα</span> <span class='ocrx_word' id='word_1_558' title='bbox 1447 4679 1719 4748; x_wconf 79' lang='grc' dir='ltr'>γινώσκε-</span> 
     </span>
    </p>
   </div>
   <div class='ocr_carea' id='block_1_77' title="bbox 146 4765 1719 4841">
    <p class='ocr_par' dir='ltr' id='par_1_77' title="bbox 146 4765 1719 4841">
     <span class='ocr_line' id='line_1_77' title="bbox 146 4765 1719 4841; baseline 0.015 -26"><span class='ocrx_word' id='word_1_559' title='bbox 146 4782 236 4819; x_wconf 84' lang='grc' dir='ltr'><strong>ται</strong></span> <span class='ocrx_word' id='word_1_560' title='bbox 259 4781 275 4797; x_wconf 89' lang='grc'><strong>·</strong></span> <span class='ocrx_word' id='word_1_561' title='bbox 301 4768 335 4837; x_wconf 90' lang='grc' dir='ltr'><strong>ή</strong></span> <span class='ocrx_word' id='word_1_562' title='bbox 366 4766 467 4836; x_wconf 79' lang='grc' dir='ltr'>μὲν</span> <span class='ocrx_word' id='word_1_563' title='bbox 494 4768 556 4820; x_wconf 82' lang='grc' dir='ltr'>οὐ</span> <span class='ocrx_word' id='word_1_564' title='bbox 591 4765 821 4820; x_wconf 78' lang='grc' dir='ltr'>ποιοῦσα</span> <span class='ocrx_word' id='word_1_565' title='bbox 865 4766 984 4834; x_wconf 78' lang='grc' dir='ltr'>μεθ’</span> <span class='ocrx_word' id='word_1_566' title='bbox 1015 4766 1172 4837; x_wconf 85' lang='grc' dir='ltr'>ήμῶν</span> <span class='ocrx_word' id='word_1_567' title='bbox 1199 4768 1290 4821; x_wconf 86' lang='grc' dir='ltr'>τὸν</span> <span class='ocrx_word' id='word_1_568' title='bbox 1317 4768 1459 4840; x_wconf 75' lang='grc' dir='ltr'>ὐπὶρ</span> <span class='ocrx_word' id='word_1_569' title='bbox 1483 4772 1652 4840; x_wconf 78' lang='grc' dir='ltr'><strong>ἡμᾶς,</strong></span> <span class='ocrx_word' id='word_1_570' title='bbox 1685 4774 1719 4841; x_wconf 70' lang='grc' dir='ltr'><strong>ἡ</strong></span> 
     </span>
    </p>
   </div>
   <div class='ocr_carea' id='block_1_78' title="bbox 145 4857 1720 4933">
    <p class='ocr_par' dir='ltr' id='par_1_78' title="bbox 145 4857 1720 4933">
     <span class='ocr_line' id='line_1_78' title="bbox 145 4857 1720 4933; baseline 0.003 -23"><span class='ocrx_word' id='word_1_571' title='bbox 145 4857 202 4910; x_wconf 73' lang='grc' dir='ltr'>δὲ</span> <span class='ocrx_word' id='word_1_572' title='bbox 227 4858 329 4910; x_wconf 80' lang='grc' dir='ltr'>οὐκ</span> <span class='ocrx_word' id='word_1_573' title='bbox 348 4857 490 4911; x_wconf 74' lang='grc' dir='ltr'>ἐῶσα</span> <span class='ocrx_word' id='word_1_574' title='bbox 516 4857 696 4927; x_wconf 79' lang='grc' dir='ltr'>μένειν</span> <span class='ocrx_word' id='word_1_575' title='bbox 716 4859 806 4911; x_wconf 83' lang='grc' dir='ltr'>τὸν</span> <span class='ocrx_word' id='word_1_576' title='bbox 833 4858 950 4929; x_wconf 85' lang='grc' dir='ltr'>μεθ’</span> <span class='ocrx_word' id='word_1_577' title='bbox 976 4858 1134 4929; x_wconf 89' lang='grc' dir='ltr'>ήμῶν</span> <span class='ocrx_word' id='word_1_578' title='bbox 1158 4858 1282 4914; x_wconf 85' lang='grc' dir='ltr'>καθ’</span> <span class='ocrx_word' id='word_1_579' title='bbox 1303 4862 1473 4929; x_wconf 79' lang='grc' dir='ltr'>ἡμᾶς,</span> <span class='ocrx_word' id='word_1_580' title='bbox 1497 4861 1600 4926; x_wconf 67' lang='grc' dir='ltr'>ἕως</span> <span class='ocrx_word' id='word_1_581' title='bbox 1621 4866 1720 4933; x_wconf 81' lang='grc' dir='ltr'>τῆς</span> 
     </span>
    </p>
   </div>
   <div class='ocr_carea' id='block_1_79' title="bbox 150 4948 1719 5021">
    <p class='ocr_par' dir='ltr' id='par_1_79' title="bbox 150 4948 1719 5021">
     <span class='ocr_line' id='line_1_79' title="bbox 150 4948 1719 5021; baseline 0.004 -22"><span class='ocrx_word' id='word_1_582' title='bbox 150 4948 394 5018; x_wconf 76' lang='grc' dir='ltr'>ἰατρείας</span> <span class='ocrx_word' id='word_1_583' title='bbox 444 4948 670 5002; x_wconf 83' lang='grc' dir='ltr'>ἀπαιτεῖ</span> <span class='ocrx_word' id='word_1_584' title='bbox 717 4950 933 5020; x_wconf 82' lang='grc' dir='ltr'>χρόνος,</span> <span class='ocrx_word' id='word_1_585' title='bbox 974 4950 1070 5004; x_wconf 78' lang='grc' dir='ltr'>καὶ</span> <span class='ocrx_word' id='word_1_586' title='bbox 1106 4951 1139 5020; x_wconf 87' lang='grc' dir='ltr'><strong>ή</strong></span> <span class='ocrx_word' id='word_1_587' title='bbox 1172 4951 1230 5003; x_wconf 73' lang='grc' dir='ltr'>ἐν</span> <span class='ocrx_word' id='word_1_588' title='bbox 1269 4950 1413 5021; x_wconf 85' lang='grc' dir='ltr'>λόγῳ</span> <span class='ocrx_word' id='word_1_589' title='bbox 1438 4953 1536 5007; x_wconf 74' lang='grc' dir='ltr'>καὶ</span> <span class='ocrx_word' id='word_1_590' title='bbox 1566 4953 1719 5016; x_wconf 78' lang='grc' dir='ltr'>τάξει</span> 
     </span>
    </p>
   </div>
   <div class='ocr_carea' id='block_1_80' title="bbox 144 5037 1718 5114">
    <p class='ocr_par' dir='ltr' id='par_1_80' title="bbox 144 5037 1718 5114">
     <span class='ocr_line' id='line_1_80' title="bbox 144 5037 1718 5114; baseline 0.004 -22"><span class='ocrx_word' id='word_1_591' title='bbox 144 5038 413 5110; x_wconf 83' lang='grc' dir='ltr'>γινομένη</span> <span class='ocrx_word' id='word_1_592' title='bbox 450 5037 544 5093; x_wconf 84' lang='grc' dir='ltr'><strong>τοῦ</strong></span> <span class='ocrx_word' id='word_1_593' title='bbox 575 5040 851 5109; x_wconf 73' lang='grc' dir='ltr'>ἡμετέρου</span> <span class='ocrx_word' id='word_1_594' title='bbox 876 5043 1014 5114; x_wconf 79' lang='grc' dir='ltr'>πρὸς</span> <span class='ocrx_word' id='word_1_595' title='bbox 1043 5041 1103 5095; x_wconf 79' lang='grc' dir='ltr'>τὸ</span> <span class='ocrx_word' id='word_1_596' title='bbox 1128 5042 1271 5112; x_wconf 80' lang='grc' dir='ltr'>ὑπὲρ</span> <span class='ocrx_word' id='word_1_597' title='bbox 1308 5042 1477 5114; x_wconf 76' lang='grc' dir='ltr'>ἡμᾶς,</span> <span class='ocrx_word' id='word_1_598' title='bbox 1509 5045 1718 5099; x_wconf 74' lang='grc' dir='ltr'>ἀνάϐα-</span> 
     </span>
    </p>
   </div>
   <div class='ocr_carea' id='block_1_81' title="bbox 145 5128 1764 5206">
    <p class='ocr_par' dir='ltr' id='par_1_81' title="bbox 145 5128 1764 5206">
     <span class='ocr_line' id='line_1_81' title="bbox 145 5128 1764 5206; baseline 0.004 -25"><span class='ocrx_word' id='word_1_599' title='bbox 145 5128 233 5193; x_wconf 90' lang='grc' dir='ltr'><strong>σίς</strong></span> <span class='ocrx_word' id='word_1_600' title='bbox 274 5147 335 5183; x_wconf 89' lang='grc' dir='ltr'><strong>τε</strong></span> <span class='ocrx_word' id='word_1_601' title='bbox 380 5130 474 5183; x_wconf 81' lang='grc' dir='ltr'>καὶ</span> <span class='ocrx_word' id='word_1_602' title='bbox 523 5130 840 5194; x_wconf 85' lang='grc' dir='ltr'>ἀνάστασις.</span> <span class='ocrx_word' id='word_1_603' title='bbox 890 5131 1012 5195; x_wconf 86' lang='grc' dir='ltr'><strong>Πῶς</strong></span> <span class='ocrx_word' id='word_1_604' title='bbox 1039 5133 1147 5201; x_wconf 85' lang='grc' dir='ltr'>γὰρ</span> <span class='ocrx_word' id='word_1_605' title='bbox 1184 5133 1249 5203; x_wconf 80' lang='grc' dir='ltr'>δὴ</span> <span class='ocrx_word' id='word_1_606' title='bbox 1282 5132 1342 5186; x_wconf 82' lang='grc' dir='ltr'>τὸ</span> <span class='ocrx_word' id='word_1_607' title='bbox 1387 5133 1720 5206; x_wconf 89' lang='grc' dir='ltr'>θεομίμητον</span> <span class='ocrx_word' id='word_1_608' title='bbox 1759 5199 1764 5203; x_wconf 29' lang='grc'>.</span> 
     </span>
    </p>
   </div>
   <div class='ocr_carea' id='block_1_82' title="bbox 135 5216 1718 5293">
    <p class='ocr_par' dir='ltr' id='par_1_82' title="bbox 135 5216 1718 5293">
     <span class='ocr_line' id='line_1_82' title="bbox 135 5216 1718 5293; baseline 0.005 -21"><span class='ocrx_word' id='word_1_609' title='bbox 135 5218 363 5289; x_wconf 58' lang='grc' dir='ltr'>ἕξομεν,</span> <span class='ocrx_word' id='word_1_610' title='bbox 403 5216 479 5288; x_wconf 78' lang='grc' dir='ltr'><strong>μή</strong></span> <span class='ocrx_word' id='word_1_611' title='bbox 508 5218 892 5288; x_wconf 84' lang='grc' dir='ltr'>συμπαθόντες</span> <span class='ocrx_word' id='word_1_612' title='bbox 918 5221 997 5293; x_wconf 84' lang='grc' dir='ltr'>τῷ</span> <span class='ocrx_word' id='word_1_613' title='bbox 1028 5223 1359 5290; x_wconf 85' lang='grc' dir='ltr'>πεπονθότι;</span> <span class='ocrx_word' id='word_1_614' title='bbox 1388 5225 1627 5280; x_wconf 87' lang='grc' dir='ltr'>πέπονθε</span> <span class='ocrx_word' id='word_1_615' title='bbox 1663 5227 1718 5280; x_wconf 76' lang='grc' dir='ltr'>δὲ</span> 
     </span>
    </p>
   </div>
   <div class='ocr_carea' id='block_1_83' title="bbox 144 5307 1719 5387">
    <p class='ocr_par' dir='ltr' id='par_1_83' title="bbox 144 5307 1719 5387">
     <span class='ocr_line' id='line_1_83' title="bbox 144 5307 1719 5387; baseline 0.006 -26"><span class='ocrx_word' id='word_1_616' title='bbox 144 5308 287 5372; x_wconf 84' lang='grc' dir='ltr'>πῶς,</span> <span class='ocrx_word' id='word_1_617' title='bbox 314 5307 388 5379; x_wconf 83' lang='grc' dir='ltr'>μὴ</span> <span class='ocrx_word' id='word_1_618' title='bbox 406 5307 528 5360; x_wconf 79' lang='grc' dir='ltr'>καθ’</span> <span class='ocrx_word' id='word_1_619' title='bbox 545 5308 693 5379; x_wconf 79' lang='grc' dir='ltr'>ἡμᾶς</span> <span class='ocrx_word' id='word_1_620' title='bbox 719 5310 944 5378; x_wconf 86' lang='grc' dir='ltr'>παθὼν;</span> <span class='ocrx_word' id='word_1_621' title='bbox 982 5315 1099 5366; x_wconf 74' lang='grc' dir='ltr'><strong>Οὐκ</strong></span> <span class='ocrx_word' id='word_1_622' title='bbox 1124 5315 1234 5387; x_wconf 84' lang='grc' dir='ltr'>ἄρα</span> <span class='ocrx_word' id='word_1_623' title='bbox 1250 5315 1306 5369; x_wconf 82' lang='grc' dir='ltr'>δὲ</span> <span class='ocrx_word' id='word_1_624' title='bbox 1330 5316 1570 5371; x_wconf 82' lang='grc' dir='ltr'>πέπονθε</span> <span class='ocrx_word' id='word_1_625' title='bbox 1593 5318 1719 5371; x_wconf 78' lang='grc' dir='ltr'>καθ’</span> 
     </span>
    </p>
   </div>
   <div class='ocr_carea' id='block_1_84' title="bbox 143 5399 1721 5475">
    <p class='ocr_par' dir='ltr' id='par_1_84' title="bbox 143 5399 1721 5475">
     <span class='ocr_line' id='line_1_84' title="bbox 143 5399 1721 5475; baseline 0.007 -24"><span class='ocrx_word' id='word_1_626' title='bbox 143 5399 312 5470; x_wconf 77' lang='grc' dir='ltr'>ἡμᾶς,</span> <span class='ocrx_word' id='word_1_627' title='bbox 341 5400 389 5452; x_wconf 85' lang='grc' dir='ltr'><strong>εί</strong></span> <span class='ocrx_word' id='word_1_628' title='bbox 422 5399 497 5469; x_wconf 81' lang='grc' dir='ltr'>μὴ</span> <span class='ocrx_word' id='word_1_629' title='bbox 529 5400 808 5472; x_wconf 86' lang='grc' dir='ltr'>μεμένηκε</span> <span class='ocrx_word' id='word_1_630' title='bbox 838 5403 961 5456; x_wconf 82' lang='grc' dir='ltr'>καθ’</span> <span class='ocrx_word' id='word_1_631' title='bbox 990 5405 1155 5475; x_wconf 74' lang='grc' dir='ltr'>ἡμᾶς.</span> <span class='ocrx_word' id='word_1_632' title='bbox 1181 5406 1510 5473; x_wconf 81' lang='grc' dir='ltr'>Δεδόξασται</span> <span class='ocrx_word' id='word_1_633' title='bbox 1546 5408 1602 5462; x_wconf 74' lang='grc' dir='ltr'>δὲ</span> <span class='ocrx_word' id='word_1_634' title='bbox 1630 5409 1721 5461; x_wconf 66' lang='lat' dir='ltr'><strong>oti-</strong></span> 
     </span>
    </p>
   </div>
   <div class='ocr_carea' id='block_1_85' title="bbox 80 5488 1720 5571">
    <p class='ocr_par' dir='ltr' id='par_1_85' title="bbox 80 5488 1720 5571">
     <span class='ocr_line' id='line_1_85' title="bbox 80 5488 1720 5571; baseline 0.007 -28"><span class='ocrx_word' id='word_1_635' title='bbox 80 5506 87 5513; x_wconf 86' lang='lat'><strong>&#39;</strong></span> <span class='ocrx_word' id='word_1_636' title='bbox 141 5488 354 5561; x_wconf 86' lang='grc' dir='ltr'>δαμῶς,</span> <span class='ocrx_word' id='word_1_637' title='bbox 386 5490 462 5560; x_wconf 82' lang='grc' dir='ltr'>μὴ</span> <span class='ocrx_word' id='word_1_638' title='bbox 495 5491 618 5560; x_wconf 77' lang='grc' dir='ltr'><strong>οὐχὶ</strong></span> <span class='ocrx_word' id='word_1_639' title='bbox 643 5491 802 5546; x_wconf 79' lang='grc' dir='ltr'>τοῦτο</span> <span class='ocrx_word' id='word_1_640' title='bbox 828 5494 1012 5551; x_wconf 78' lang='grc' dir='ltr'>λαϐὼν</span> <span class='ocrx_word' id='word_1_641' title='bbox 1050 5496 1192 5550; x_wconf 75' lang='grc' dir='ltr'>κατὰ</span> <span class='ocrx_word' id='word_1_642' title='bbox 1230 5498 1432 5569; x_wconf 83' lang='grc' dir='ltr'>σάρκα,</span> <span class='ocrx_word' id='word_1_643' title='bbox 1470 5500 1607 5571; x_wconf 78' lang='grc' dir='ltr'>ὅπερ</span> <span class='ocrx_word' id='word_1_644' title='bbox 1632 5502 1720 5555; x_wconf 78' lang='grc' dir='ltr'><strong>ἀεὶ</strong></span> 
     </span>
    </p>
   </div>
   <div class='ocr_carea' id='block_1_86' title="bbox 136 5575 847 5654">
    <p class='ocr_par' dir='ltr' id='par_1_86' title="bbox 136 5575 847 5654">
     <span class='ocr_line' id='line_1_86' title="bbox 136 5575 847 5654; baseline 0.008 -21"><span class='ocrx_word' id='word_1_645' title='bbox 136 5577 284 5654; x_wconf 74' lang='grc' dir='ltr'>Ιχων</span> <span class='ocrx_word' id='word_1_646' title='bbox 314 5575 386 5651; x_wconf 79' lang='grc' dir='ltr'>ἦν</span> <span class='ocrx_word' id='word_1_647' title='bbox 421 5582 566 5636; x_wconf 83' lang='grc' dir='ltr'>κατὰ</span> <span class='ocrx_word' id='word_1_648' title='bbox 606 5581 847 5653; x_wconf 88' lang='grc' dir='ltr'>πνεῦμα.</span> 
     </span>
    </p>
   </div>
   <div class='ocr_carea' id='block_1_87' title="bbox 471 5810 1263 5919">
    <p class='ocr_par' dir='ltr' id='par_1_87' title="bbox 471 5810 1263 5919">
     <span class='ocr_line' id='line_1_87' title="bbox 471 5810 1263 5919; baseline -0.003 -5"><span class='ocrx_word' id='word_1_649' title='bbox 471 5853 737 5914; x_wconf 66' lang='lat' dir='ltr'><strong>Parnm.</strong></span> <span class='ocrx_word' id='word_1_650' title='bbox 771 5855 886 5919; x_wconf 79' lang='lat' dir='ltr'><strong>(in,</strong></span> <span class='ocrx_word' id='word_1_651' title='bbox 924 5810 1263 5915; x_wconf 62' lang='lat' dir='ltr'><strong>LXXXVI.</strong></span> 
     </span>
    </p>
   </div>
   <div class='ocr_carea' id='block_1_88' title="bbox 1830 3218 3407 3289">
    <p class='ocr_par' dir='ltr' id='par_1_88' title="bbox 1830 3218 3407 3289">
     <span class='ocr_line' id='line_1_88' title="bbox 1830 3218 3407 3289; baseline 0.001 -15"><span class='ocrx_word' id='word_1_652' title='bbox 1830 3218 2115 3289; x_wconf 85' lang='lat' dir='ltr'><strong>Siquidem</strong></span> <span class='ocrx_word' id='word_1_653' title='bbox 2159 3233 2282 3273; x_wconf 91' lang='lat' dir='ltr'><strong>cum</strong></span> <span class='ocrx_word' id='word_1_654' title='bbox 2336 3218 2498 3288; x_wconf 87' lang='lat' dir='ltr'><strong>plena</strong></span> <span class='ocrx_word' id='word_1_655' title='bbox 2545 3221 2616 3273; x_wconf 90' lang='lat' dir='ltr'><strong>sit</strong></span> <span class='ocrx_word' id='word_1_656' title='bbox 2644 3218 2950 3289; x_wconf 55' lang='lat' dir='ltr'><strong>“Scriptura</strong></span> <span class='ocrx_word' id='word_1_657' title='bbox 3006 3236 3158 3277; x_wconf 88' lang='lat' dir='ltr'><strong>sacra</strong></span> <span class='ocrx_word' id='word_1_658' title='bbox 3213 3222 3407 3277; x_wconf 83' lang='lat' dir='ltr'><strong>multis</strong></span> 
     </span>
    </p>
   </div>
   <div class='ocr_carea' id='block_1_89' title="bbox 1828 3310 3407 3385">
    <p class='ocr_par' dir='ltr' id='par_1_89' title="bbox 1828 3310 3407 3385">
     <span class='ocr_line' id='line_1_89' title="bbox 1828 3310 3407 3385; baseline 0.002 -20"><span class='ocrx_word' id='word_1_659' title='bbox 1828 3310 1924 3365; x_wconf 89' lang='lat' dir='ltr'><strong>Dei</strong></span> <span class='ocrx_word' id='word_1_660' title='bbox 1970 3310 2430 3382; x_wconf 89' lang='lat' dir='ltr'><strong>apparitionibus.</strong></span> <span class='ocrx_word' id='word_1_661' title='bbox 2474 3310 2663 3366; x_wconf 88' lang='lat' dir='ltr'><strong>videre</strong></span> <span class='ocrx_word' id='word_1_662' title='bbox 2710 3319 2892 3366; x_wconf 88' lang='lat' dir='ltr'><strong>tamen</strong></span> <span class='ocrx_word' id='word_1_663' title='bbox 2935 3311 3083 3377; x_wconf 86' lang='lat' dir='ltr'><strong>licet.</strong></span> <span class='ocrx_word' id='word_1_664' title='bbox 3124 3313 3407 3385; x_wconf 34' lang='lat' dir='ltr'><strong>.quemad-</strong></span> 
     </span>
    </p>
   </div>
   <div class='ocr_carea' id='block_1_90' title="bbox 1828 3394 3404 3473">
    <p class='ocr_par' dir='ltr' id='par_1_90' title="bbox 1828 3394 3404 3473">
     <span class='ocr_line' id='line_1_90' title="bbox 1828 3394 3404 3473; baseline 0.001 -17"><span class='ocrx_word' id='word_1_665' title='bbox 1828 3401 2051 3456; x_wconf 87' lang='lat' dir='ltr'><strong>modum</strong></span> <span class='ocrx_word' id='word_1_666' title='bbox 2094 3403 2235 3458; x_wconf 89' lang='lat' dir='ltr'><strong>bona</strong></span> <span class='ocrx_word' id='word_1_667' title='bbox 2285 3401 2380 3456; x_wconf 83' lang='lat' dir='ltr'><strong>Dei</strong></span> <span class='ocrx_word' id='word_1_668' title='bbox 2408 3416 2537 3473; x_wconf 77' lang='lat' dir='ltr'><strong>erga</strong></span> <span class='ocrx_word' id='word_1_669' title='bbox 2584 3416 2685 3456; x_wconf 91' lang='lat' dir='ltr'><strong>nos</strong></span> <span class='ocrx_word' id='word_1_670' title='bbox 2728 3402 3106 3472; x_wconf 66' lang='lat' dir='ltr'><strong>providentia.</strong></span> <span class='ocrx_word' id='word_1_671' title='bbox 3162 3394 3223 3459; x_wconf 77' lang='lat' dir='ltr'><strong>ut</strong></span> <span class='ocrx_word' id='word_1_672' title='bbox 3261 3406 3404 3460; x_wconf 83' lang='lat' dir='ltr'><strong>ratio</strong></span> 
     </span>
    </p>
   </div>
   <div class='ocr_carea' id='block_1_91' title="bbox 1829 3493 3404 3564">
    <p class='ocr_par' dir='ltr' id='par_1_91' title="bbox 1829 3493 3404 3564">
     <span class='ocr_line' id='line_1_91' title="bbox 1829 3493 3404 3564; baseline 0.002 -18"><span class='ocrx_word' id='word_1_673' title='bbox 1829 3493 2083 3548; x_wconf 88' lang='lat' dir='ltr'><strong>utilitatis</strong></span> <span class='ocrx_word' id='word_1_674' title='bbox 2111 3507 2304 3548; x_wconf 88' lang='lat' dir='ltr'><strong>eorum</strong></span> <span class='ocrx_word' id='word_1_675' title='bbox 2334 3493 2538 3562; x_wconf 87' lang='lat' dir='ltr'><strong>quibus</strong></span> <span class='ocrx_word' id='word_1_676' title='bbox 2570 3493 2916 3559; x_wconf 82' lang='lat' dir='ltr'><strong>consulebat,</strong></span> <span class='ocrx_word' id='word_1_677' title='bbox 2967 3495 3299 3564; x_wconf 82' lang='lat' dir='ltr'><strong>postulabat.</strong></span> <span class='ocrx_word' id='word_1_678' title='bbox 3334 3496 3404 3551; x_wconf 77' lang='lat' dir='ltr'><strong>ad</strong></span> 
     </span>
    </p>
   </div>
   <div class='ocr_carea' id='block_1_92' title="bbox 1828 3580 3406 3653">
    <p class='ocr_par' dir='ltr' id='par_1_92' title="bbox 1828 3580 3406 3653">
     <span class='ocr_line' id='line_1_92' title="bbox 1828 3580 3406 3653; baseline 0.004 -17"><span class='ocrx_word' id='word_1_679' title='bbox 1828 3582 2097 3637; x_wconf 85' lang='lat' dir='ltr'><strong>humanas</strong></span> <span class='ocrx_word' id='word_1_680' title='bbox 2150 3581 2370 3653; x_wconf 76' lang='lat' dir='ltr'><strong>ﬁguras.</strong></span> <span class='ocrx_word' id='word_1_681' title='bbox 2414 3591 2473 3637; x_wconf 88' lang='lat' dir='ltr'><strong>et</strong></span> <span class='ocrx_word' id='word_1_682' title='bbox 2514 3598 2622 3647; x_wconf 87' lang='lat' dir='ltr'><strong>res,</strong></span> <span class='ocrx_word' id='word_1_683' title='bbox 2669 3591 2726 3638; x_wconf 91' lang='lat' dir='ltr'><strong>et</strong></span> <span class='ocrx_word' id='word_1_684' title='bbox 2764 3580 3245 3653; x_wconf 83' lang='lat' dir='ltr'><strong>operationes,-ae</strong></span> <span class='ocrx_word' id='word_1_685' title='bbox 3282 3602 3406 3642; x_wconf 83' lang='lat' dir='ltr'><strong>ser-</strong></span> 
     </span>
    </p>
   </div>
   <div class='ocr_carea' id='block_1_93' title="bbox 1828 3671 3406 3735">
    <p class='ocr_par' dir='ltr' id='par_1_93' title="bbox 1828 3671 3406 3735">
     <span class='ocr_line' id='line_1_93' title="bbox 1828 3671 3406 3735; baseline 0.004 -9"><span class='ocrx_word' id='word_1_686' title='bbox 1828 3687 2021 3727; x_wconf 88' lang='lat' dir='ltr'><strong>mones</strong></span> <span class='ocrx_word' id='word_1_687' title='bbox 2051 3687 2111 3727; x_wconf 89' lang='lat' dir='ltr'><strong>se</strong></span> <span class='ocrx_word' id='word_1_688' title='bbox 2138 3671 2668 3735; x_wconf 85' lang='lat' dir='ltr'><strong>accommodaverit;</strong></span> <span class='ocrx_word' id='word_1_689' title='bbox 2701 3674 2840 3728; x_wconf 87' lang='lat' dir='ltr'><strong>nihil</strong></span> <span class='ocrx_word' id='word_1_690' title='bbox 2866 3684 3050 3731; x_wconf 83' lang='lat' dir='ltr'><strong>tamen</strong></span> <span class='ocrx_word' id='word_1_691' title='bbox 3081 3676 3280 3732; x_wconf 81' lang='lat' dir='ltr'><strong>borum</strong></span> <span class='ocrx_word' id='word_1_692' title='bbox 3307 3693 3406 3733; x_wconf 81' lang='lat' dir='ltr'><strong>eos</strong></span> 
     </span>
    </p>
   </div>
   <div class='ocr_carea' id='block_1_94' title="bbox 1826 3760 3404 3831">
    <p class='ocr_par' dir='ltr' id='par_1_94' title="bbox 1826 3760 3404 3831">
     <span class='ocr_line' id='line_1_94' title="bbox 1826 3760 3404 3831; baseline 0.004 -14"><span class='ocrx_word' id='word_1_693' title='bbox 1826 3761 2055 3818; x_wconf 76' lang='lat' dir='ltr'><strong>adduxit</strong></span> <span class='ocrx_word' id='word_1_694' title='bbox 2090 3761 2158 3816; x_wconf 89' lang='lat' dir='ltr'><strong>ad</strong></span> <span class='ocrx_word' id='word_1_695' title='bbox 2189 3760 2583 3831; x_wconf 64' lang='lat' dir='ltr'><strong>suspicandum</strong></span> <span class='ocrx_word' id='word_1_696' title='bbox 2625 3761 2695 3816; x_wconf 89' lang='lat' dir='ltr'><strong>de</strong></span> <span class='ocrx_word' id='word_1_697' title='bbox 2738 3762 2852 3821; x_wconf 82' lang='lat' dir='ltr'><strong>Deo</strong></span> <span class='ocrx_word' id='word_1_698' title='bbox 2894 3762 3158 3830; x_wconf 83' lang='lat' dir='ltr'><strong>humana,</strong></span> <span class='ocrx_word' id='word_1_699' title='bbox 3186 3769 3404 3825; x_wconf 73' lang='lat' dir='ltr'><strong>tantetsi</strong></span> 
     </span>
    </p>
   </div>
   <div class='ocr_carea' id='block_1_95' title="bbox 1827 3851 3405 3929">
    <p class='ocr_par' dir='ltr' id='par_1_95' title="bbox 1827 3851 3405 3929">
     <span class='ocr_line' id='line_1_95' title="bbox 1827 3851 3405 3929; baseline 0.004 -21"><span class='ocrx_word' id='word_1_700' title='bbox 1827 3854 2065 3915; x_wconf 89' lang='lat' dir='ltr'><strong>humane</strong></span> <span class='ocrx_word' id='word_1_701' title='bbox 2103 3852 2171 3908; x_wconf 91' lang='lat' dir='ltr'><strong>ab</strong></span> <span class='ocrx_word' id='word_1_702' title='bbox 2214 3868 2290 3913; x_wconf 76' lang='lat' dir='ltr'><strong>,eo</strong></span> <span class='ocrx_word' id='word_1_703' title='bbox 2335 3852 2687 3923; x_wconf 80' lang='lat' dir='ltr'><strong>gerebantur.</strong></span> <span class='ocrx_word' id='word_1_704' title='bbox 2748 3851 2998 3909; x_wconf 87' lang='lat' dir='ltr'><strong>Suadent</strong></span> <span class='ocrx_word' id='word_1_705' title='bbox 3035 3853 3239 3912; x_wconf 65' lang='lat' dir='ltr'><strong>Iudaeis</strong></span> <span class='ocrx_word' id='word_1_706' title='bbox 3281 3872 3405 3929; x_wconf 77' lang='lat' dir='ltr'><strong>qua:</strong></span> 
     </span>
    </p>
   </div>
   <div class='ocr_carea' id='block_1_96' title="bbox 1824 3942 3404 4019">
    <p class='ocr_par' dir='ltr' id='par_1_96' title="bbox 1824 3942 3404 4019">
     <span class='ocr_line' id='line_1_96' title="bbox 1824 3942 3404 4019; baseline 0.002 -17"><span class='ocrx_word' id='word_1_707' title='bbox 1824 3945 1949 4002; x_wconf 81' lang='lat' dir='ltr'><strong>ausi</strong></span> <span class='ocrx_word' id='word_1_708' title='bbox 1995 3952 2147 4010; x_wconf 86' lang='lat' dir='ltr'><strong>sunt,</strong></span> <span class='ocrx_word' id='word_1_709' title='bbox 2189 3943 2360 4000; x_wconf 76' lang='lat' dir='ltr'><strong>fuisse</strong></span> <span class='ocrx_word' id='word_1_710' title='bbox 2406 3942 2687 3998; x_wconf 85' lang='lat' dir='ltr'><strong>hominem</strong></span> <span class='ocrx_word' id='word_1_711' title='bbox 2737 3943 2978 4001; x_wconf 84' lang='lat' dir='ltr'><strong>similem</strong></span> <span class='ocrx_word' id='word_1_712' title='bbox 3020 3946 3184 4004; x_wconf 86' lang='lat' dir='ltr'><strong>nobis</strong></span> <span class='ocrx_word' id='word_1_713' title='bbox 3225 3950 3404 4019; x_wconf 84' lang='lat' dir='ltr'><strong>passi-</strong></span> 
     </span>
    </p>
   </div>
   <div class='ocr_carea' id='block_1_97' title="bbox 1827 4034 3406 4105">
    <p class='ocr_par' dir='ltr' id='par_1_97' title="bbox 1827 4034 3406 4105">
     <span class='ocr_line' id='line_1_97' title="bbox 1827 4034 3406 4105; baseline -0.001 -10"><span class='ocrx_word' id='word_1_714' title='bbox 1827 4039 1994 4095; x_wconf 89' lang='lat' dir='ltr'><strong>bilem</strong></span> <span class='ocrx_word' id='word_1_715' title='bbox 2026 4037 2346 4099; x_wconf 87' lang='lat' dir='ltr'><strong>Dominum,</strong></span> <span class='ocrx_word' id='word_1_716' title='bbox 2399 4034 2653 4105; x_wconf 83' lang='lat' dir='ltr'><strong>quamvis</strong></span> <span class='ocrx_word' id='word_1_717' title='bbox 2690 4049 2802 4089; x_wconf 90' lang='lat' dir='ltr'><strong>non</strong></span> <span class='ocrx_word' id='word_1_718' title='bbox 2841 4045 3157 4093; x_wconf 77' lang='lat' dir='ltr'><strong>suaserunt</strong></span> <span class='ocrx_word' id='word_1_719' title='bbox 3183 4039 3268 4093; x_wconf 88' lang='lat' dir='ltr'><strong>eis</strong></span> <span class='ocrx_word' id='word_1_720' title='bbox 3304 4040 3406 4094; x_wconf 84' lang='lat' dir='ltr'><strong>mi-</strong></span> 
     </span>
    </p>
   </div>
   <div class='ocr_carea' id='block_1_98' title="bbox 1827 4123 3404 4199">
    <p class='ocr_par' dir='ltr' id='par_1_98' title="bbox 1827 4123 3404 4199">
     <span class='ocr_line' id='line_1_98' title="bbox 1827 4123 3404 4199; baseline -0.002 -15"><span class='ocrx_word' id='word_1_721' title='bbox 1827 4128 2046 4199; x_wconf 84' lang='lat' dir='ltr'><strong>racula,</strong></span> <span class='ocrx_word' id='word_1_722' title='bbox 2099 4141 2220 4182; x_wconf 89' lang='lat' dir='ltr'><strong>esse</strong></span> <span class='ocrx_word' id='word_1_723' title='bbox 2272 4125 2447 4179; x_wconf 90' lang='lat' dir='ltr'><strong>Deum</strong></span> <span class='ocrx_word' id='word_1_724' title='bbox 2495 4123 2813 4193; x_wconf 64' lang='lat' dir='ltr'><strong>praestantia</strong></span> <span class='ocrx_word' id='word_1_725' title='bbox 2864 4132 3076 4179; x_wconf 70' lang='lat' dir='ltr'><strong>natura:</strong></span> <span class='ocrx_word' id='word_1_726' title='bbox 3128 4126 3404 4181; x_wconf 84' lang='lat' dir='ltr'><strong>universis</strong></span> 
     </span>
    </p>
   </div>
   <div class='ocr_carea' id='block_1_99' title="bbox 1827 4222 2185 4291">
    <p class='ocr_par' dir='ltr' id='par_1_99' title="bbox 1827 4222 2185 4291">
     <span class='ocr_line' id='line_1_99' title="bbox 1827 4222 2185 4291; baseline -0.011 -14"><span class='ocrx_word' id='word_1_727' title='bbox 1827 4222 2185 4291; x_wconf 85' lang='lat' dir='ltr'><strong>superiorem.</strong></span> 
     </span>
    </p>
   </div>
   <div class='ocr_carea' id='block_1_100' title="bbox 1897 4354 3405 4471">
    <p class='ocr_par' dir='ltr' id='par_1_100' title="bbox 1897 4354 3405 4471">
     <span class='ocr_line' id='line_1_100' title="bbox 1897 4354 3405 4471; baseline -0.002 -15"><span class='ocrx_word' id='word_1_728' title='bbox 1897 4396 1990 4456; x_wconf 87' lang='lat' dir='ltr'><strong>Sic</strong></span> <span class='ocrx_word' id='word_1_729' title='bbox 2036 4398 2305 4471; x_wconf 76' lang='lat' dir='ltr'><strong>unigeniti</strong></span> <span class='ocrx_word' id='word_1_730' title='bbox 2341 4354 2503 4455; x_wconf 54' lang='lat' dir='ltr'><strong>Verbi</strong></span> <span class='ocrx_word' id='word_1_731' title='bbox 2538 4402 2732 4453; x_wconf 84' lang='lat' dir='ltr'><strong>contra</strong></span> <span class='ocrx_word' id='word_1_732' title='bbox 2769 4394 3056 4455; x_wconf 82' lang='lat' dir='ltr'><strong>Christum</strong></span> <span class='ocrx_word' id='word_1_733' title='bbox 3089 4380 3405 4469; x_wconf 83' lang='lat' dir='ltr'><strong>impassibi-</strong></span> 
     </span>
    </p>
   </div>
   <div class='ocr_carea' id='block_1_101' title="bbox 1756 4485 3401 4563">
    <p class='ocr_par' dir='ltr' id='par_1_101' title="bbox 1756 4485 3401 4563">
     <span class='ocr_line' id='line_1_101' title="bbox 1756 4485 3401 4563; baseline -0.001 -15"><span class='ocrx_word' id='word_1_734' title='bbox 1756 4485 1801 4542; x_wconf 83' lang='grc' dir='ltr'><strong>ἰ)</strong></span> <span class='ocrx_word' id='word_1_735' title='bbox 1828 4493 1958 4549; x_wconf 84' lang='lat' dir='ltr'><strong>litas</strong></span> <span class='ocrx_word' id='word_1_736' title='bbox 2000 4492 2320 4563; x_wconf 88' lang='lat' dir='ltr'><strong>impiorum,</strong></span> <span class='ocrx_word' id='word_1_737' title='bbox 2354 4500 2412 4548; x_wconf 89' lang='lat' dir='ltr'><strong>et</strong></span> <span class='ocrx_word' id='word_1_738' title='bbox 2443 4491 2628 4547; x_wconf 81' lang='lat' dir='ltr'><strong>carnis</strong></span> <span class='ocrx_word' id='word_1_739' title='bbox 2658 4498 2855 4546; x_wconf 89' lang='lat' dir='ltr'><strong>contra</strong></span> <span class='ocrx_word' id='word_1_740' title='bbox 2888 4503 3135 4557; x_wconf 81' lang='lat' dir='ltr'><strong>nostram</strong></span> <span class='ocrx_word' id='word_1_741' title='bbox 3167 4491 3401 4548; x_wconf 89' lang='lat' dir='ltr'><strong>salutem</strong></span> 
     </span>
    </p>
   </div>
   <div class='ocr_carea' id='block_1_102' title="bbox 1826 4582 3405 4655">
    <p class='ocr_par' dir='ltr' id='par_1_102' title="bbox 1826 4582 3405 4655">
     <span class='ocr_line' id='line_1_102' title="bbox 1826 4582 3405 4655; baseline -0.001 -15"><span class='ocrx_word' id='word_1_742' title='bbox 1826 4584 2328 4655; x_wconf 83' lang='lat' dir='ltr'><strong>incorruptibilitas</strong></span> <span class='ocrx_word' id='word_1_743' title='bbox 2364 4597 2513 4639; x_wconf 89' lang='lat' dir='ltr'><strong>nunc</strong></span> <span class='ocrx_word' id='word_1_744' title='bbox 2550 4582 2949 4653; x_wconf 86' lang='lat' dir='ltr'><strong>sophistarum,</strong></span> <span class='ocrx_word' id='word_1_745' title='bbox 2980 4598 3113 4639; x_wconf 87' lang='lat' dir='ltr'><strong>vere</strong></span> <span class='ocrx_word' id='word_1_746' title='bbox 3147 4585 3405 4654; x_wconf 81' lang='lat' dir='ltr'><strong>passione</strong></span> 
     </span>
    </p>
   </div>
   <div class='ocr_carea' id='block_1_103' title="bbox 1823 4674 3402 4747">
    <p class='ocr_par' dir='ltr' id='par_1_103' title="bbox 1823 4674 3402 4747">
     <span class='ocr_line' id='line_1_103' title="bbox 1823 4674 3402 4747; baseline -0.001 -14"><span class='ocrx_word' id='word_1_747' title='bbox 1823 4685 1884 4733; x_wconf 86' lang='lat' dir='ltr'><strong>et</strong></span> <span class='ocrx_word' id='word_1_748' title='bbox 1926 4676 2286 4747; x_wconf 89' lang='lat' dir='ltr'><strong>corruptione</strong></span> <span class='ocrx_word' id='word_1_749' title='bbox 2354 4675 2554 4730; x_wconf 73' lang='lat' dir='ltr'><strong>aﬂecta</strong></span> <span class='ocrx_word' id='word_1_750' title='bbox 2620 4690 2745 4731; x_wconf 84' lang='lat' dir='ltr'><strong>esse</strong></span> <span class='ocrx_word' id='word_1_751' title='bbox 2811 4674 3200 4746; x_wconf 79' lang='lat' dir='ltr'><strong>cognoscitur;</strong></span> <span class='ocrx_word' id='word_1_752' title='bbox 3271 4676 3402 4734; x_wconf 89' lang='lat' dir='ltr'><strong>dum</strong></span> 
     </span>
    </p>
   </div>
   <div class='ocr_carea' id='block_1_104' title="bbox 1828 4764 3407 4837">
    <p class='ocr_par' dir='ltr' id='par_1_104' title="bbox 1828 4764 3407 4837">
     <span class='ocr_line' id='line_1_104' title="bbox 1828 4764 3407 4837; baseline 0.003 -19"><span class='ocrx_word' id='word_1_753' title='bbox 1828 4765 1920 4821; x_wconf 89' lang='lat' dir='ltr'><strong>illa</strong></span> <span class='ocrx_word' id='word_1_754' title='bbox 1956 4765 2179 4836; x_wconf 86' lang='lat' dir='ltr'><strong>quidem</strong></span> <span class='ocrx_word' id='word_1_755' title='bbox 2224 4782 2337 4821; x_wconf 89' lang='lat' dir='ltr'><strong>non</strong></span> <span class='ocrx_word' id='word_1_756' title='bbox 2386 4765 2517 4821; x_wconf 76' lang='lat' dir='ltr'><strong>facit</strong></span> <span class='ocrx_word' id='word_1_757' title='bbox 2560 4764 2852 4823; x_wconf 77' lang='lat' dir='ltr'><strong>nobiscum</strong></span> <span class='ocrx_word' id='word_1_758' title='bbox 2879 4782 3000 4822; x_wconf 83' lang='lat' dir='ltr'><strong>esse</strong></span> <span class='ocrx_word' id='word_1_759' title='bbox 3029 4783 3158 4823; x_wconf 90' lang='lat' dir='ltr'><strong>eum</strong></span> <span class='ocrx_word' id='word_1_760' title='bbox 3200 4769 3295 4837; x_wconf 87' lang='lat' dir='ltr'><strong>qui</strong></span> <span class='ocrx_word' id='word_1_761' title='bbox 3322 4778 3407 4824; x_wconf 81' lang='lat' dir='ltr'><strong>est</strong></span> 
     </span>
    </p>
   </div>
   <div class='ocr_carea' id='block_1_105' title="bbox 1828 4857 3403 4930">
    <p class='ocr_par' dir='ltr' id='par_1_105' title="bbox 1828 4857 3403 4930">
     <span class='ocr_line' id='line_1_105' title="bbox 1828 4857 3403 4930; baseline 0 -16"><span class='ocrx_word' id='word_1_762' title='bbox 1828 4875 1995 4930; x_wconf 89' lang='lat' dir='ltr'><strong>supra</strong></span> <span class='ocrx_word' id='word_1_763' title='bbox 2027 4875 2163 4923; x_wconf 86' lang='lat' dir='ltr'><strong>nos;</strong></span> <span class='ocrx_word' id='word_1_764' title='bbox 2198 4859 2317 4914; x_wconf 80' lang='lat' dir='ltr'><strong>haec</strong></span> <span class='ocrx_word' id='word_1_765' title='bbox 2344 4874 2477 4913; x_wconf 92' lang='lat' dir='ltr'><strong>vero</strong></span> <span class='ocrx_word' id='word_1_766' title='bbox 2510 4873 2620 4912; x_wconf 92' lang='lat' dir='ltr'><strong>non</strong></span> <span class='ocrx_word' id='word_1_767' title='bbox 2652 4857 2786 4913; x_wconf 87' lang='lat' dir='ltr'><strong>sinit</strong></span> <span class='ocrx_word' id='word_1_768' title='bbox 2813 4873 2940 4915; x_wconf 90' lang='lat' dir='ltr'><strong>eum</strong></span> <span class='ocrx_word' id='word_1_769' title='bbox 2984 4860 3080 4929; x_wconf 83' lang='lat' dir='ltr'><strong>qui</strong></span> <span class='ocrx_word' id='word_1_770' title='bbox 3112 4859 3403 4915; x_wconf 86' lang='lat' dir='ltr'><strong>nobiscum</strong></span> 
     </span>
    </p>
   </div>
   <div class='ocr_carea' id='block_1_106' title="bbox 1828 4947 3407 5019">
    <p class='ocr_par' dir='ltr' id='par_1_106' title="bbox 1828 4947 3407 5019">
     <span class='ocr_line' id='line_1_106' title="bbox 1828 4947 3407 5019; baseline 0 -15"><span class='ocrx_word' id='word_1_771' title='bbox 1828 4959 1932 5012; x_wconf 84' lang='lat' dir='ltr'><strong>est.</strong></span> <span class='ocrx_word' id='word_1_772' title='bbox 1963 4963 2188 5004; x_wconf 89' lang='lat' dir='ltr'><strong>manere</strong></span> <span class='ocrx_word' id='word_1_773' title='bbox 2215 4949 2362 5003; x_wconf 87' lang='lat' dir='ltr'><strong>sicut</strong></span> <span class='ocrx_word' id='word_1_774' title='bbox 2403 4962 2525 5007; x_wconf 85' lang='lat' dir='ltr'><strong>nos.</strong></span> <span class='ocrx_word' id='word_1_775' title='bbox 2570 4947 2747 5004; x_wconf 90' lang='lat' dir='ltr'><strong>donec</strong></span> <span class='ocrx_word' id='word_1_776' title='bbox 2786 4948 2932 5005; x_wconf 85' lang='lat' dir='ltr'><strong>adsit</strong></span> <span class='ocrx_word' id='word_1_777' title='bbox 2974 4957 3190 5019; x_wconf 86' lang='lat' dir='ltr'><strong>tempus</strong></span> <span class='ocrx_word' id='word_1_778' title='bbox 3232 4950 3407 5005; x_wconf 85' lang='lat' dir='ltr'><strong>medi-</strong></span> 
     </span>
    </p>
   </div>
   <div class='ocr_carea' id='block_1_107' title="bbox 1827 5039 3404 5104">
    <p class='ocr_par' dir='ltr' id='par_1_107' title="bbox 1827 5039 3404 5104">
     <span class='ocr_line' id='line_1_107' title="bbox 1827 5039 3404 5104; baseline 0.002 -10"><span class='ocrx_word' id='word_1_779' title='bbox 1827 5040 1983 5104; x_wconf 67' lang='lat' dir='ltr'><strong>cinae,</strong></span> <span class='ocrx_word' id='word_1_780' title='bbox 2023 5048 2079 5094; x_wconf 86' lang='lat' dir='ltr'><strong>et</strong></span> <span class='ocrx_word' id='word_1_781' title='bbox 2112 5039 2425 5095; x_wconf 85' lang='lat' dir='ltr'><strong>humanitas</strong></span> <span class='ocrx_word' id='word_1_782' title='bbox 2471 5048 2682 5103; x_wconf 83' lang='lat' dir='ltr'><strong>nostra,</strong></span> <span class='ocrx_word' id='word_1_783' title='bbox 2732 5040 2947 5095; x_wconf 83' lang='lat' dir='ltr'><strong>ratione</strong></span> <span class='ocrx_word' id='word_1_784' title='bbox 2989 5050 3045 5094; x_wconf 90' lang='lat' dir='ltr'><strong>et</strong></span> <span class='ocrx_word' id='word_1_785' title='bbox 3090 5041 3285 5097; x_wconf 86' lang='lat' dir='ltr'><strong>ordine</strong></span> <span class='ocrx_word' id='word_1_786' title='bbox 3335 5043 3404 5097; x_wconf 86' lang='lat' dir='ltr'><strong>ad</strong></span> 
     </span>
    </p>
   </div>
   <div class='ocr_carea' id='block_1_108' title="bbox 1829 5128 3400 5200">
    <p class='ocr_par' dir='ltr' id='par_1_108' title="bbox 1829 5128 3400 5200">
     <span class='ocr_line' id='line_1_108' title="bbox 1829 5128 3400 5200; baseline 0.003 -14"><span class='ocrx_word' id='word_1_787' title='bbox 1829 5128 1881 5186; x_wconf 86' lang='lat' dir='ltr'><strong>id</strong></span> <span class='ocrx_word' id='word_1_788' title='bbox 1917 5130 2083 5200; x_wconf 87' lang='lat' dir='ltr'><strong>&#39;quod</strong></span> <span class='ocrx_word' id='word_1_789' title='bbox 2138 5144 2302 5200; x_wconf 84' lang='lat' dir='ltr'><strong>supra</strong></span> <span class='ocrx_word' id='word_1_790' title='bbox 2350 5144 2453 5184; x_wconf 89' lang='lat' dir='ltr'><strong>nos</strong></span> <span class='ocrx_word' id='word_1_791' title='bbox 2503 5139 2623 5195; x_wconf 85' lang='lat' dir='ltr'><strong>est,</strong></span> <span class='ocrx_word' id='word_1_792' title='bbox 2675 5129 2938 5187; x_wconf 84' lang='lat' dir='ltr'><strong>ascendat</strong></span> <span class='ocrx_word' id='word_1_793' title='bbox 2988 5142 3044 5188; x_wconf 91' lang='lat' dir='ltr'><strong>et</strong></span> <span class='ocrx_word' id='word_1_794' title='bbox 3108 5134 3400 5192; x_wconf 75' lang='lat' dir='ltr'><strong>excitetur.</strong></span> 
     </span>
    </p>
   </div>
   <div class='ocr_carea' id='block_1_109' title="bbox 1826 5219 3403 5296">
    <p class='ocr_par' dir='ltr' id='par_1_109' title="bbox 1826 5219 3403 5296">
     <span class='ocr_line' id='line_1_109' title="bbox 1826 5219 3403 5296; baseline 0.007 -19"><span class='ocrx_word' id='word_1_795' title='bbox 1826 5221 2113 5291; x_wconf 83' lang='lat' dir='ltr'><strong>Quomodo</strong></span> <span class='ocrx_word' id='word_1_796' title='bbox 2144 5222 2292 5277; x_wconf 93' lang='lat' dir='ltr'><strong>enim</strong></span> <span class='ocrx_word' id='word_1_797' title='bbox 2325 5219 2746 5281; x_wconf 88' lang='lat' dir='ltr'><strong>similitudinem</strong></span> <span class='ocrx_word' id='word_1_798' title='bbox 2787 5222 2883 5280; x_wconf 87' lang='lat' dir='ltr'><strong>Dei</strong></span> <span class='ocrx_word' id='word_1_799' title='bbox 2911 5226 3261 5296; x_wconf 75' lang='lat' dir='ltr'><strong>habebimus,</strong></span> <span class='ocrx_word' id='word_1_800' title='bbox 3290 5247 3403 5288; x_wconf 90' lang='lat' dir='ltr'><strong>non</strong></span> 
     </span>
    </p>
   </div>
   <div class='ocr_carea' id='block_1_110' title="bbox 1828 5303 3402 5387">
    <p class='ocr_par' dir='ltr' id='par_1_110' title="bbox 1828 5303 3402 5387">
     <span class='ocr_line' id='line_1_110' title="bbox 1828 5303 3402 5387; baseline 0.005 -17"><span class='ocrx_word' id='word_1_801' title='bbox 1828 5303 2225 5384; x_wconf 85' lang='lat' dir='ltr'><strong>compatientes</strong></span> <span class='ocrx_word' id='word_1_802' title='bbox 2264 5330 2390 5370; x_wconf 89' lang='lat' dir='ltr'><strong>cum</strong></span> <span class='ocrx_word' id='word_1_803' title='bbox 2450 5331 2517 5373; x_wconf 90' lang='lat' dir='ltr'><strong>eo</strong></span> <span class='ocrx_word' id='word_1_804' title='bbox 2572 5316 2667 5386; x_wconf 91' lang='lat' dir='ltr'><strong>qui</strong></span> <span class='ocrx_word' id='word_1_805' title='bbox 2719 5332 2914 5386; x_wconf 88' lang='lat' dir='ltr'><strong>passus</strong></span> <span class='ocrx_word' id='word_1_806' title='bbox 2943 5320 3066 5376; x_wconf 80' lang='lat' dir='ltr'><strong>est?</strong></span> <span class='ocrx_word' id='word_1_807' title='bbox 3115 5319 3402 5387; x_wconf 79' lang='lat' dir='ltr'><strong>Quomodo</strong></span> 
     </span>
    </p>
   </div>
   <div class='ocr_carea' id='block_1_111' title="bbox 1826 5407 3401 5478">
    <p class='ocr_par' dir='ltr' id='par_1_111' title="bbox 1826 5407 3401 5478">
     <span class='ocr_line' id='line_1_111' title="bbox 1826 5407 3401 5478; baseline 0.007 -19"><span class='ocrx_word' id='word_1_808' title='bbox 1826 5420 1960 5460; x_wconf 88' lang='lat' dir='ltr'><strong>vero</strong></span> <span class='ocrx_word' id='word_1_809' title='bbox 1990 5421 2184 5476; x_wconf 84' lang='lat' dir='ltr'><strong>passus</strong></span> <span class='ocrx_word' id='word_1_810' title='bbox 2211 5416 2316 5466; x_wconf 87' lang='lat' dir='ltr'><strong>est.</strong></span> <span class='ocrx_word' id='word_1_811' title='bbox 2350 5407 2396 5462; x_wconf 91' lang='lat' dir='ltr'><strong>si</strong></span> <span class='ocrx_word' id='word_1_812' title='bbox 2432 5422 2543 5462; x_wconf 91' lang='lat' dir='ltr'><strong>non</strong></span> <span class='ocrx_word' id='word_1_813' title='bbox 2577 5415 2664 5462; x_wconf 89' lang='lat' dir='ltr'><strong>est</strong></span> <span class='ocrx_word' id='word_1_814' title='bbox 2700 5407 2845 5463; x_wconf 87' lang='lat' dir='ltr'><strong>sicut</strong></span> <span class='ocrx_word' id='word_1_815' title='bbox 2881 5426 2981 5463; x_wconf 89' lang='lat' dir='ltr'><strong>nos</strong></span> <span class='ocrx_word' id='word_1_816' title='bbox 3017 5413 3249 5478; x_wconf 78' lang='lat' dir='ltr'><strong>passus?</strong></span> <span class='ocrx_word' id='word_1_817' title='bbox 3279 5412 3401 5470; x_wconf 69' lang='lat' dir='ltr'><strong>Non</strong></span> 
     </span>
    </p>
   </div>
   <div class='ocr_carea' id='block_1_112' title="bbox 1828 5492 3403 5568">
    <p class='ocr_par' dir='ltr' id='par_1_112' title="bbox 1828 5492 3403 5568">
     <span class='ocr_line' id='line_1_112' title="bbox 1828 5492 3403 5568; baseline 0.006 -17"><span class='ocrx_word' id='word_1_818' title='bbox 1828 5492 2171 5568; x_wconf 29' lang='lat' dir='ltr'><strong>igitur‘sicut</strong></span> <span class='ocrx_word' id='word_1_819' title='bbox 2217 5512 2318 5551; x_wconf 78' lang='lat' dir='ltr'><strong>nos</strong></span> <span class='ocrx_word' id='word_1_820' title='bbox 2348 5513 2544 5568; x_wconf 84' lang='lat' dir='ltr'><strong>passus</strong></span> <span class='ocrx_word' id='word_1_821' title='bbox 2579 5508 2685 5563; x_wconf 87' lang='lat' dir='ltr'><strong>est,</strong></span> <span class='ocrx_word' id='word_1_822' title='bbox 2722 5500 2766 5554; x_wconf 88' lang='lat' dir='ltr'><strong>si</strong></span> <span class='ocrx_word' id='word_1_823' title='bbox 2815 5515 2924 5555; x_wconf 91' lang='lat' dir='ltr'><strong>non</strong></span> <span class='ocrx_word' id='word_1_824' title='bbox 2974 5504 3171 5557; x_wconf 88' lang='lat' dir='ltr'><strong>mansit</strong></span> <span class='ocrx_word' id='word_1_825' title='bbox 3207 5505 3403 5560; x_wconf 85' lang='lat' dir='ltr'><strong>similis</strong></span> 
     </span>
    </p>
   </div>
   <div class='ocr_carea' id='block_1_113' title="bbox 1828 5585 3402 5661">
    <p class='ocr_par' dir='ltr' id='par_1_113' title="bbox 1828 5585 3402 5661">
     <span class='ocr_line' id='line_1_113' title="bbox 1828 5585 3402 5661; baseline 0.007 -21"><span class='ocrx_word' id='word_1_826' title='bbox 1828 5586 2008 5640; x_wconf 87' lang='lat' dir='ltr'><strong>nobis.</strong></span> <span class='ocrx_word' id='word_1_827' title='bbox 2038 5585 2389 5642; x_wconf 82' lang='lat' dir='ltr'><strong>Gloriﬁcatus</strong></span> <span class='ocrx_word' id='word_1_828' title='bbox 2449 5604 2581 5643; x_wconf 86' lang='lat' dir='ltr'><strong>vero</strong></span> <span class='ocrx_word' id='word_1_829' title='bbox 2641 5605 2988 5661; x_wconf 85' lang='lat' dir='ltr'><strong>nequaquam</strong></span> <span class='ocrx_word' id='word_1_830' title='bbox 3041 5604 3159 5655; x_wconf 86' lang='lat' dir='ltr'><strong>est,</strong></span> <span class='ocrx_word' id='word_1_831' title='bbox 3197 5594 3240 5648; x_wconf 91' lang='lat' dir='ltr'><strong>si</strong></span> <span class='ocrx_word' id='word_1_832' title='bbox 3291 5594 3402 5651; x_wconf 70' lang='lat' dir='ltr'><strong>non</strong></span> 
     </span>
    </p>
   </div>
   <div class='ocr_carea' id='block_1_114' title="bbox 1833 5677 3404 5753">
    <p class='ocr_par' dir='ltr' id='par_1_114' title="bbox 1833 5677 3404 5753">
     <span class='ocr_line' id='line_1_114' title="bbox 1833 5677 3404 5753; baseline 0.006 -25"><span class='ocrx_word' id='word_1_833' title='bbox 1833 5677 2048 5747; x_wconf 90' lang='lat' dir='ltr'><strong>accepit</strong></span> <span class='ocrx_word' id='word_1_834' title='bbox 2108 5677 2414 5732; x_wconf 81' lang='lat' dir='ltr'><strong>secundum</strong></span> <span class='ocrx_word' id='word_1_835' title='bbox 2482 5694 2729 5746; x_wconf 87' lang='lat' dir='ltr'><strong>carnem,</strong></span> <span class='ocrx_word' id='word_1_836' title='bbox 2769 5679 2917 5750; x_wconf 90' lang='lat' dir='ltr'><strong>quod</strong></span> <span class='ocrx_word' id='word_1_837' title='bbox 2951 5696 3171 5753; x_wconf 85' lang='lat' dir='ltr'><strong>semper</strong></span> <span class='ocrx_word' id='word_1_838' title='bbox 3201 5684 3404 5737; x_wconf 73' lang='lat' dir='ltr'><strong>secun-</strong></span> 
     </span>
    </p>
   </div>
   <div class='ocr_carea' id='block_1_115' title="bbox 1837 5768 2516 5841">
    <p class='ocr_par' dir='ltr' id='par_1_115' title="bbox 1837 5768 2516 5841">
     <span class='ocr_line' id='line_1_115' title="bbox 1837 5768 2516 5841; baseline 0.013 -19"><span class='ocrx_word' id='word_1_839' title='bbox 1837 5768 1966 5823; x_wconf 84' lang='lat' dir='ltr'><strong>dum</strong></span> <span class='ocrx_word' id='word_1_840' title='bbox 2007 5772 2261 5841; x_wconf 88' lang='lat' dir='ltr'><strong>spiritum</strong></span> <span class='ocrx_word' id='word_1_841' title='bbox 2303 5772 2516 5832; x_wconf 86' lang='lat' dir='ltr'><strong>habuit.</strong></span> 
     </span>
    </p>
   </div>
   <div class='ocr_carea' id='block_1_116' title="bbox 2928 5820 3009 5924">
    <p class='ocr_par' dir='ltr' id='par_1_116' title="bbox 2928 5820 3009 5924">
     <span class='ocr_line' id='line_1_116' title="bbox 2928 5820 3009 5924; baseline 0 0"><span class='ocrx_word' id='word_1_842' title='bbox 2928 5820 3009 5924; x_wconf 68' lang='lat' dir='ltr'><strong>ta</strong></span> 
     </span>
    </p>
   </div>
  </div>
