3912 6298
120 338 152 408 Ἰ
170 347 322 410 325

229 459 316 508 Α.
360 453 547 520 Θείως,
574 455 697 526 ἔφη,
732 456 933 524 λέγεις.

232 550 314 600 Ο.
347 546 511 602 Ὀλον
542 544 633 600 οὖν
657 548 1068 619 άνθρωπον,τὸν
1099 557 1162 606 ἐκ
1197 553 1449 623 σώματος
1481 557 1623 624 λέγω
1659 559 1750 609 καὶ

135 638 360 708 ψυχῆς
388 639 612 709 λογικῆς
637 656 694 692 τε
729 641 822 694 καὶ
853 645 1044 713 νοερᾶς
1074 646 1457 715 συγκείμενον,
1481 647 1752 710 οὐσιωδῶς

142 730 526 798 προσλαϐὼν,
557 731 682 785 ὅλου
733 733 1026 804 ἀνθρώπου
1055 736 1153 806 τὴν
1190 740 1466 809 σωτηρίαν
1490 740 1752 807 εἰργάσα-

139 831 247 880 το,
284 819 367 890 τῷ
393 822 565 891 ὁμοίῳ
593 822 653 878 τὸ
679 825 866 891 ὅμοιον
887 825 1293 896 ἀνακαθαίρων.

232 912 311 966 Α.
353 913 630 967 Κάλλιστά
673 931 757 982 γε,
809 915 933 984 ἔφη,
968 919 1143 974 ταῦτα
1179 920 1359 986 λέγεις
1411 921 1505 972 καὶ
1549 919 1736 973 τελεώ-

141 1018 337 1056 τατα.

234 1101 310 1150 0.
357 1099 496 1152 Ἀλλ’
525 1099 697 1168 ἔγωγε
752 1103 889 1172 πρὸς
939 1104 1120 1156 αὐτόν·
1159 1104 1368 1158 Οὐκοῦν
1416 1105 1605 1177 ὥσπερ
1659 1105 1750 1161 οὖν

142 1190 206 1242 εἰ
245 1189 438 1260 ψυχὴν
465 1190 665 1252 λαϐὼν,
697 1193 755 1244 οὐ
790 1192 887 1263 τὴν
922 1194 1060 1264 ἐμὴν
1088 1195 1462 1264 προσειλήφει.
1496 1197 1556 1249 Εἰ
1583 1198 1751 1252 δὲκαὶ

141 1282 274 1350 ’τὴν
311 1282 472 1352 ἐμὴν,
499 1283 548 1334 εἰ
585 1283 660 1352 μὴ
692 1284 834 1335 κατὰ
860 1286 959 1353 τὴν
995 1285 1134 1355 ἐμὴν
1189 1285 1278 1338 διὰ
1309 1287 1527 1340 πάντων
1556 1290 1751 1342 οὐσιω-

144 1373 283 1434 δὼς
337 1374 708 1443 ὑπάρχουσαν,
749 1375 876 1429 ἄλλο
913 1394 964 1430 τι
1025 1378 1175 1449 παρὰ
1194 1377 1293 1447 τὴν
1333 1378 1476 1448 ἐμὴν
1524 1384 1750 1444 πάντως

149 1465 401 1534 ὑπῆρχε
427 1465 604 1536 ψυχὴν
631 1468 692 1520 τὸ
725 1468 1056 1537 σωζόμενον.

239 1559 316 1610 Α.
345 1559 623 1626 Δηλονότι,
668 1559 772 1629 ἔφη
794 1576 808 1590 ⁸
846 1563 1060 1628 ἐκείνης
1093 1561 1201 1629 γὰρ
1229 1561 1294 1632 δὴ
1329 1563 1546 1625 πάντως
1576 1563 1748 1633 ὑπῆρ-

146 1665 266 1715 χεν
301 1649 334 1715 ἡ
371 1649 632 1718 σωτηρία,
668 1652 800 1719 πρὸς
845 1651 912 1720 ῆν
960 1652 1054 1703 καὶ
1092 1653 1528 1719 ἀπαραλλάκτως
1553 1654 1750 1722 ἔχουσα

149 1737 486 1808 εὗρίσκετο.
1107 1743 1117 1753 ’

1229 359 1530 419 CONTRA
1569 360 1865 420 NESTOR
1929 361 2022 425 ET
2060 367 2378 430 EUTYCH.

3287 373 3419 436 1325

1925 470 1988 524 Η.
2024 473 2238 536 Divine,
2275 473 2474 542 inquit.
2505 474 2660 529 dicis.

1923 562 1986 614 Ο.
2023 563 2162 616 Τοιο
2192 564 2357 634 igitur
2388 565 2632 626 homine,
2677 581 2744 620 ex
2789 581 3040 636 corpore,
3086 571 3332 639 inquam,
3367 585 3422 628 et

1852 655 2032 709 anima
2061 655 2292 711 rationis
2330 667 2581 726 compote
2621 667 2676 712 et
2717 659 3056 729 intelligente
3117 666 3421 733 composito

1853 746 2153 800 secundum
2182 748 2544 802 substantiam
2566 760 2868 819 assumpto,
2895 752 3064 806 totius
3078 754 3319 808 hominis
3336 774 3423 809 sa-

1857 836 2022 890 lutem
2057 849 2316 906 operatus
2347 848 2453 902 est,
2491 840 2654 893 simili
2689 841 2866 896 simile
2898 859 3217 913 repurgans.

1924 927 1987 979 H.
2021 926 2346 989 Bellissime,
2390 930 2589 998 inquit,
2635 932 2747 985 hare
2781 934 2987 993 omnia.
3037 944 3092 988 et
3131 937 3422 990 absolutis-

1886 1017 1990 1070 ime
2038 1019 2192 1072 dicis.

1920 1110 1986 1164 Ο.
2036 1111 2104 1164 At
2168 1128 2268 1180 ego
2334 1114 2444 1166 illi:
2503 1114 2670 1182 Igitur
2719 1115 2861 1168 sicut
2913 1115 2957 1167 si
3007 1131 3129 1170 cum
3183 1119 3417 1173 animam

1854 1202 2110 1270 sumpsit.
2149 1218 2260 1255 non
2291 1218 2468 1256 meam
2502 1204 2738 1258 animam
2779 1205 3135 1273 sumpsisset;
3166 1207 3209 1260 si
3236 1217 3418 1262 autem

1852 1299 1901 1344 et
1931 1306 2127 1350 meam,
2155 1307 2262 1344 non
2293 1302 2471 1346 tamen
2505 1310 2601 1362 per
2625 1295 2809 1347 omnia
2834 1295 3136 1349 secundum
3167 1298 3422 1352 substan-

1856 1383 2006 1442 tiam,
2041 1383 2190 1436 sicut
2215 1399 2336 1437 mea
2367 1383 2593 1447 fuisset;
2630 1384 2780 1438 aliud
2813 1385 2976 1454 plane
3009 1395 3211 1453 praeter
3242 1403 3418 1441 meam

1853 1473 2105 1549 animam‘
2126 1482 2294 1537 esset,
2330 1474 2476 1543 quod
2511 1474 2714 1528 factum
2749 1483 2835 1529 est
2866 1477 3104 1530 salvum.

1923 1561 1990 1614 Η.
2020 1561 2185 1622 Sane.
2217 1562 2421 1630 inquit:
2447 1563 2592 1616 illius
2615 1563 2762 1617 enim
2791 1578 3020 1632 prorsus
3045 1566 3243 1621 animat
3271 1568 3420 1620 salus

1855 1650 2072 1713 fuisset,
2103 1667 2131 1704 a
2162 1667 2269 1720 qua
2304 1668 2411 1706 non
2444 1653 2670 1706 diﬂerre
2699 1663 2915 1722 reperta
2942 1663 3109 1708 esset.

236 1831 312 1880 Ο.
347 1829 500 1880 Κατὰ
535 1828 626 1880 τὸν
666 1829 880 1898 ἴσονδὴ
911 1830 1136 1898 τρόπον,
1173 1830 1332 1903 ἔφην.
1369 1837 1418 1886 εἰ
1449 1835 1541 1886 καὶ
1573 1836 1746 1905 σάρκα

1925 1829 1985 1878 0.
2020 1827 2098 1880 Ad
2134 1829 2388 1881 eumdem
2418 1826 2662 1889 modum,
2695 1828 2916 1895 inquam
2951 1843 3074 1897 ego,
3117 1829 3161 1882 si
3198 1844 3418 1883 carnem

149 1915 360 1968 λαϐὼν
415 1919 490 1986 μὴ
537 1918 635 1986 τὴν
682 1919 842 1987 ἐμήν.
913 1921 974 1972 Εἰ
1023 1919 1082 1973 δὲ
1143 1924 1236 1976 καὶ
1280 1924 1380 1993 τὴν
1425 1926 1586 1993 ἐμὴν,
1617 1925 1754 1978 ἀλλὰ

153 2017 326 2068 κατά
365 2034 416 2068 τι
460 2015 949 2087 παρηλλαγμένην,
990 2018 1104 2088 ἔχοι
1152 2019 1196 2070 δ’
1245 2020 1311 2072 ἂν
1351 2021 1412 2072 τὸ
1461 2022 1750 2092 διάφορον·

153 2109 213 2159 εἰ
271 2106 351 2175 μὴ
401 2109 498 2159 καὶ
535 2107 870 2176 ὁμοιοπαθὴς
925 2109 1034 2176 εἴη,
1083 2111 1176 2162 καὶ
1223 2111 1365 2164 κατὰ
1417 2113 1592 2165 πάντα
1640 2116 1754 2175 τοῖς

155 2198 476 2268 ἡμετέροις
514 2198 908 2268 συμϐαίνουσα,
948 2201 1166 2263 πάντως
1197 2202 1263 2255 ἂν
1296 2205 1328 2272 ἠ
1371 2205 1614 2273 σωτηρία
1657 2208 1752 2275 τῆς

157 2289 383 2360 σαρκὸς
415 2289 630 2357 ἐκείνης
666 2288 965 2356 ἐτύγχανεν
1015 2287 1174 2353 οὖσα,
1205 2293 1341 2362 πρὸς
1373 2294 1440 2364 ἦν
1470 2294 1752 2362 ἀφομοιῶν

157 2397 263 2434 σαι
297 2379 399 2448 τὴν
436 2381 613 2450 σάρκα
643 2380 740 2449 τὴν
762 2382 1056 2436 ἐνωθεῖσαν
1087 2383 1237 2452 αὐτῷ
1267 2385 1622 2454 κατηξίωσεν.

239 2471 285 2522 Α
351 2471 462 2522 Καὶ
487 2472 588 2532 τίς,
622 2471 748 2541 ἔφη,
786 2473 919 2542 πρὸς
948 2475 1204 2527 τοσοῦτον
1233 2475 1432 2543 μανίας
1464 2476 1747 2544 ἐλήλακεν,

155 2561 327 2624 ὅστις
360 2562 482 2630 οὐχὶ
530 2562 704 2614 ταῦτα
737 2563 916 2632 άληθῆ
948 2581 1004 2616 τε
1024 2560 1162 2616 εἶναι
1199 2564 1474 2632 ὁμολογεῖ,
1505 2566 1595 2618 καὶ
1625 2569 1750 2629 τοὺς

159 2653 245 2723 μὴ
301 2651 475 2714 οὕτως
529 2653 772 2722 ἔχοντας,
824 2657 937 2713 τοῖς
992 2656 1346 2724 κατακρίτοις
1390 2655 1746 2726 συναριθμείς

236 2745 306 2794 Ο.
354 2743 583 2796 Ἐκεῖνοι
631 2743 872 2809 πάντως,
921 2739 1094 2810 εἷπον,
1125 2747 1174 2798 οἱ
1227 2745 1437 2808 ἀπαθὲς
1487 2747 1749 2817 ὑπάρχειν

157 2851 188 2884 ιι
206 2833 305 2886 ὒτδ
336 2835 428 2886 καὶ
457 2835 730 2904 ἄφθαρτον
753 2837 1078 2906 ὁριζόμενοι.

239 2929 310 2978 Α.
338 2926 410 2976 Οὐ
435 2925 572 2977 κατὰ
599 2925 756 2993 φύσιν
778 2927 1004 2987 ἀπαθὲς,
1029 2928 1154 2995 ἔφη,
1174 2928 1235 2981 τὸ
1254 2929 1410 2998 σῶμα
1431 2931 1524 2982 καὶ
1540 2931 1747 2998 ἄφθαρ-

161 3037 260 3070 τον
291 3017 558 3085 λέγομεν,
612 3017 724 3069 ἀλλ’
765 3017 957 3070 ἐνώσει
998 3021 1062 3088 τῇ
1115 3020 1250 3086 πρδς
1279 3021 1367 3073 τὸν
1400 3021 1532 3073 θεὸν
1575 3022 1746 3087 Λόγον

164 3109 487 3178 γενόμενον.

1853 1919 2176 1986 sumpsisset
2204 1935 2312 1972 non
2338 1933 2548 1982 meam;
2593 1919 2639 1972 si
2681 1934 2811 1971 vero
2843 1934 3040 1982 meam,
3079 1930 3260 1995 tamen
3315 1924 3420 1976 ali-

1852 2017 2058 2076 quanto
2108 2008 2476 2072 dill‘erentem,
2543 2017 2797 2077 essetque
2832 2008 3167 2073 differentia,
3211 2011 3258 2063 si
3310 2021 3421 2066 nOn

1853 2107 1998 2152 esset
2023 2098 2278 2152 similiter
2311 2098 2606 2167 passibilis,
2634 2108 2688 2152 et
2713 2114 2810 2159 per
2845 2097 3026 2152 omnia
3063 2115 3184 2152 eum
3213 2100 3421 2169 iisquae.

1853 2191 2034 2244 carnis
2057 2199 2261 2245 nostra
2312 2199 2460 2251 sunt,
2491 2191 2857 2253 conveniens;
2918 2191 3232 2244 necessario
3274 2191 3420 2244 illius

1853 2282 2037 2336 carnis
2066 2281 2212 2335 salus
2247 2289 2410 2344 esset,
2444 2282 2533 2334 cui
2557 2295 2780 2336 carnem
2817 2281 2920 2335 sibi
2959 2283 3168 2336 unitam
3200 2284 3419 2338 assimi-

1852 2372 1967 2426 larc
1995 2372 2275 2426 voluisset.

1924 2464 1988 2516 Η.
2027 2463 2095 2515 Ει
2141 2463 2284 2532 quis,
2335 2465 2532 2532 inquit,
2590 2480 2655 2517 eo
2695 2463 2921 2520 insanire
2970 2469 3324 2535 processerit,
3357 2478 3420 2521 ut

1851 2570 1978 2608 vera
1996 2569 2114 2608 esse
2147 2554 2262 2609 hate
2296 2570 2408 2609 non
2431 2554 2791 2618 conﬁteatur;
2836 2563 2891 2610 et
2929 2572 3026 2612 eos
3052 2558 3145 2626 qui
3201 2575 3312 2614 non
3339 2561 3420 2613 sic

1851 2643 2115 2704 sentiunt,
2170 2643 2225 2696 in
2251 2642 2523 2697 damnatis
2555 2657 2667 2697 non
2695 2644 2991 2698 numeret?

1919 2733 1982 2788 0.
2016 2732 2122 2795 llli,
2151 2734 2590 2803 inquam,certe,
2611 2735 2706 2803 qui
2728 2734 3000 2789 deﬁniunt
3027 2752 3225 2808 corpus
3248 2738 3418 2794 fuisse

1849 2824 2182 2886 impassibile
2214 2832 2269 2879 et
2312 2825 2751 2896 incorruptibile.
3262 2837 3265 2844 ‘

1917 2914 1982 2968 Η.
2021 2915 2162 2980 Non,
2181 2915 2378 2983 inquit,
2403 2915 2738 2982 impassibile
2764 2926 2960 2972 natura
2988 2933 3190 2988 corpus
3213 2918 3414 2974 factum

1847 3021 1968 3061 esse
1994 3005 2250 3067 dicimus,
2279 3005 2374 3058 sed
2407 3006 2610 3060 unione
2639 3021 2764 3060 cum
2798 3007 2997 3060 Verbo.

247 3158 373 3178 --ρ

243 3207 312 3252 υ.
369 3198 531 3251 Οὐδὲν
587 3197 829 3268 διαφέρει
862 3237 878 3263 ,
911 3194 976 3269 ἦν
1008 3198 1050 3251 δ’
1087 3197 1196 3266 ἐγὼ
1217 3237 1231 3262 ,
1259 3201 1350 3252 τοῦ
1399 3203 1659 3271 προτέρου
1688 3201 1746 3254 τὸ

1917 3196 1979 3252 Ο.
2037 3197 2150 3266 Ego
2196 3212 2326 3250 vero
2383 3195 2519 3250 nihil
2561 3194 2836 3265 posterius
2888 3211 2917 3249 a
2963 3197 3150 3265 priore
3191 3197 3414 3252 diﬂ‘et'm

165 3291 450 3360 δεύτερον,
474 3289 607 3342 ἀλλὰ
644 3287 741 3359 τὴν
778 3292 896 3357 ἴσην
923 3290 1057 3360 πρὸς
1081 3291 1141 3344 τὸ
1166 3291 1335 3344 κακὸν
1364 3289 1592 3362 δύναμιν
1613 3292 1742 3362 ἔχει,

167 3381 338 3453 εῐπερ
369 3397 432 3450 γε
465 3381 601 3442 ὅλως
627 3381 726 3449 τὴν
757 3380 892 3450 πρὸς
921 3380 980 3432 τὸ
1000 3382 1326 3451 ὁμοιοπαθὲς
1356 3381 1450 3434 τοῦ
1480 3382 1744 3453 ἡμετέρου

172 3471 430 3543 σώματος
462 3471 800 3538 συγγένειαν,
836 3473 1198 3544 παρῄτηταιή
1231 3472 1324 3526 τοῦ
1356 3473 1558 3542 Κυρίου
1587 3473 1740 3543 σάρξ.

245 3563 313 3614 Δ.
347 3561 470 3624 Πῶς
504 3560 681 3624 τοῦτο,
712 3561 838 3630 ἔφη,
869 3560 1050 3628 λέγεις
1076 3579 1091 3625 ;

243 3656 310 3708 0.
357 3653 480 3706 ’Ότι
531 3652 605 3723 μὴ
635 3651 816 3716 τοῦτο,
863 3649 1034 3716 εἷπον,
1095 3652 1214 3706 ἔστι
1256 3653 1316 3706 τὶ
1353 3653 1742 3723 σκοπούμενον,

173 3745 408 3814 πότερον
437 3743 626 3798 ἐνὼσει
658 3743 690 3813 ἦ
723 3747 1034 3815 κατασκευῇ
1071 3744 1283 3813 φύσεως
1321 3744 1596 3815 ἄφθαρτον
1652 3747 1744 3812 γέ-

172 3854 335 3906 γονεν
362 3855 374 3866 ·
415 3838 529 3890 ἀλλ’
563 3839 609 3889 ει
635 3836 710 3906 μὴ
733 3836 832 3905 τῆς
865 3837 1139 3906 ἡμετέρας
1169 3835 1382 3903 φύσεως
1423 3835 1746 3904 ἀπαραλλά-

173 3943 321 3990 κτως
350 3925 418 3980 τὰ
443 3927 822 3997 γνωρίσματα,
856 3925 996 3996 πλὴν
1032 3927 1130 3996 τῆς
1170 3926 1445 3996 ἁμαρτίας
1473 3925 1748 3994 διέσωζεν,

176 4017 305 4088 ἔφη.

234 4110 316 4162 Α.
351 4109 516 4162 Ὅσον
547 4126 610 4176 γε
635 4109 728 4160 ἐπὶ
751 4111 816 4178 τῇ
847 4108 1034 4180 πρώτῃ
1063 4107 1230 4178 αὐτῆς
1261 4107 1539 4170 συστάσει,
1571 4108 1748 4162 καὶτὸ

177 4200 277 4262 τὰς
300 4199 472 4270 ἀρχάς
503 4199 645 4268 ἔχειν
675 4203 739 4252 ἐκ
777 4200 877 4268 τῆς
911 4201 1198 4266 Θεοτόκου,
1237 4201 1470 4270 ἀδελφῆς
1489 4215 1562 4263 ,τε
1591 4200 1746 4268 ἡμῶν

177 4287 343 4360 οὔσης
379 4288 521 4342 κατὰ
543 4290 639 4360 τὴν
664 4289 827 4357 φύσιν
859 4331 874 4354 ,
907 4293 1000 4345 καὶ
1030 4293 1209 4362 πάσης
1241 4291 1602 4358 κοινωνούσης
1649 4294 1746 4363 τῆς

183 4382 441 4451 ἰδιότητος
469 4381 562 4434 τοῦ
594 4382 930 4450 ἀνθρωπείου
965 4386 1358 4455 συγκρίματος.

1848 3293 1981 3355 dixi,
2021 3292 2117 3348 sed
2171 3291 2420 3347 eamdem
2467 3292 2575 3344 vim
2622 3291 2686 3344 ad
2746 3292 3057 3346 nocendum
3113 3292 3337 3356 habere,
3366 3293 3412 3345 si

1847 3400 1976 3439 caro
1997 3384 2214 3440 Domini
2245 3385 2470 3454 penitus
2499 3383 2818 3437 uﬂinitatem
2868 3398 2991 3438 cum
3047 3384 3412 3452 passibilitate

1848 3473 2022 3528 nostri
2049 3473 2297 3543 corporis
2337 3482 2577 3529 recusat.

1921 3565 1982 3620 Η.
2017 3563 2326 3630 Quomodo,
2356 3562 2555 3632 inquit,
2588 3562 2692 3617 hoc
2718 3562 2802 3617 ais
2817 3563 2848 3628 τ,

1915 3657 1980 3711 0.
2002 3657 2270 3723 Quoniam
2290 3671 2398 3710 non
2426 3664 2529 3716 est,
2548 3657 2790 3725 inquam,
2821 3655 2928 3710 hoc
2955 3656 3101 3726 quod
3125 3657 3412 3726 queritur,

1847 3756 2029 3801 utrum
2064 3748 2288 3809 unione,
2345 3762 2413 3800 an
2453 3755 2661 3799 natura;
2693 3745 3051 3800 fabricatione
3087 3746 3290 3801 factum
3330 3759 3415 3802 est

1848 3836 2299 3904 incorruptibile;
2357 3835 2451 3888 sed
2511 3849 2580 3888 an
2640 3842 2848 3888 naturae
2900 3843 3102 3888 nostrae
3161 3844 3316 3890 notas
3359 3847 3416 3890 et

1847 3929 2000 4000 signa
2055 3930 2172 3982 sine
2229 3927 2338 3980 ulla
2400 3926 2819 3991 immutatione,
2877 3934 3107 3995 excepto
3163 3936 3411 3995 peccto,

1847 4018 2118 4072 servabat.

1917 4107 1982 4161 Η.
2010 4103 2196 4172 Quoad
2245 4101 2499 4174 primam,
2531 4101 2730 4172 inquit,
2779 4100 2950 4170 ipsius
2976 4109 3187 4156 naturae
3212 4105 3416 4167 consti-

1847 4199 2113 4253 tutionem
2142 4205 2197 4250 et
2233 4194 2503 4266 principia
2532 4208 2599 4247 ex
2619 4193 2789 4248 Matre
2813 4192 2907 4247 Dei
2923 4203 2992 4270 ,ει
3019 4208 3207 4250 sorore
3229 4203 3415 4248 nostra

1847 4289 2148 4346 secundum
2208 4296 2459 4343 naturam
2491 4327 2504 4349 ,
2570 4301 2689 4354 qua:
2750 4299 2968 4339 omnem
3023 4276 3413 4354 proprietatem

1849 4380 2073 4436 humani
2107 4378 2354 4449 corporis
2381 4376 2747 4449 participavit.

251 4473 312 4525 0.
347 4470 690 4542 Σαφεστέρας
731 4471 934 4525 δεῖσθαι
963 4473 1060 4542 τὴν
1089 4475 1378 4545 ἀπόκρισιν
1414 4474 1744 4544 ἐξηγήσεως,

1919 4473 1984 4528 0.
2014 4472 2314 4528 Clariorem
2349 4468 2748 4538 expositionem
2769 4467 3056 4538 responsio
3080 4467 3414 4537 postulabat,

181 4569 304 4633 ἔφη,
352 4564 703 4634 παριστώσης
755 4565 886 4634 ἡμῖν
916 4564 1346 4635 τηλαυγέστερον
1382 4565 1744 4634 τδ.ζητούμε-

181 4674 289 4708 νον.
321 4657 392 4708 Οὐ
421 4656 529 4724 γὰρ
560 4655 742 4717 ἁπλῶς
781 4655 953 4716 οὕτως
987 4655 1044 4720 ἐξ
1078 4649 1153 4706 ὧν
1178 4654 1424 4723 εἴρηκας,
1457 4653 1744 4720 γινώσκειν

183 4749 308 4814 ἔχω.

256 4837 314 4889 Α.
345 4836 410 4895 Τί
441 4837 566 4906 μὴν,
597 4836 723 4904 ἔφη,
756 4837 1128 4906 ἀσαφέστερον
1157 4837 1389 4907 εἴρηκας

255 4931 313 4980 0.
345 4927 600 4998 Πότερον,
629 4927 784 4995 ἔφην,
817 4924 924 4996 ἄρα
949 4928 1040 4980 τοῦ
1071 4927 1323 4996 σώματος
1345 4929 1443 4997 τῆς
1466 4930 1741 4999 Παρθένου

191 5016 781 5085 μεταστοιχειωθέντος,
803 5017 898 5068 καὶ
916 5016 1014 5086 τῆς
1046 5016 1182 5078 ἰδίας
1200 5017 1490 5080 ἐκστάντος
1508 5019 1741 5086 φύσεως,

188 5108 288 5159 ὑπὸ
317 5107 415 5175 τῆς
459 5107 551 5159 τοῦ
586 5107 761 5173 Λόγου
791 5106 1075 5177 δυνάμεως
1124 5105 1294 5170 οὕτως
1343 5106 1400 5172 ἐξ
1437 5109 1606 5178 αὐτῆς
1647 5110 1744 5179 τῆς

193 5198 416 5266 μήτρας,
463 5196 637 5258 άλλως
687 5195 914 5265 ἔχουσαν
955 5197 1053 5267 τὴν
1091 5198 1368 5267 ἡμετέραν
1407 5198 1554 5266 αὐτῷ
1583 5199 1745 5266 φύσιν

189 5285 420 5355 ἡνῶσθαι
451 5285 668 5352 λέγειςς
704 5285 736 5353 ἢ
781 5285 878 5352 τῆς
908 5286 1182 5356 Παρθένου
1220 5290 1316 5356 μὲν
1352 5289 1408 5338 ἐν
1440 5291 1550 5350 τοῖς
1599 5288 1743 5341 ἰδιώ-

192 5389 317 5443 {Lact
342 5374 450 5442 τῆς·
488 5371 704 5440 φύσεως
736 5374 1016 5443 μεινάσης,
1065 5374 1230 5428 τῶνδε
1278 5375 1508 5446 πρώτων
1537 5379 1742 5448 ἀρχῶν,

188 5464 290 5516 τῶν
354 5464 698 5535 παρθενικῶν
757 5466 1007 5534 αἱμάτων
1060 5466 1222 5532 λέγω,
1252 5468 1742 5538 μεταποιηθέντων,

189 5554 448 5629 ἄφθαρτον
480 5553 808 5624 γέγενῆσθαι
836 5558 935 5624 τὴν
967 5560 1182 5628 σάρκας

259 5647 314 5702 Λ.
371 5647 532 5710 Τινὲς
594 5647 692 5716 μὲν
720 5687 734 5708 ,
767 5648 905 5716 ἔφη,
947 5648 1039 5700 καὶ
1069 5651 1133 5718 τῇ
1182 5649 1421 5720 προτέρᾳ
1464 5649 1592 5720 δόξῃ
1637 5649 1744 5702 τῶν

193 5735 559 5804 ἁπλουστέρων
607 5733 757 5806 οἶμαι
792 5735 1191 5806 προστίθενται,
1250 5736 1408 5788 πλέον
1440 5736 1472 5806 ἢ
1503 5737 1742 5805 προσῆκε

1852 4577 1973 4631 quae
2007 4559 2169 4614 nobis
2194 4557 2494 4613 dilucidius
2541 4556 2904 4625 quaestionem
2933 4555 3274 4625 explicaret;
3305 4573 3416 4611 non

1848 4649 1996 4702 enim
2034 4647 2112 4701 sic
2136 4644 2460 4714 simpliciter
2493 4655 2564 4696 ex
2604 4641 2672 4695 iis
2701 4657 2821 4710 quze
2867 4641 3077 4705 dixisti,
3109 4643 3443 4720 intelligere

1845 4751 2064 4804 possum
2075 4775 2086 4786 .

1917 4834 1982 4888 Η.
2011 4832 2175 4900 Quid,
2202 4831 2402 4901 inquit,
2444 4831 2732 4885 obscurius
2766 4830 2919 4884 dixi?

1915 4925 1977 4979 Ο.
2004 4924 2222 4988 Utrum,
2254 4921 2498 4991 inquam,
2521 4936 2752 4990 corpore
2773 4921 3011 4991 Virginis
3046 4929 3276 4981 mutato,
3309 4929 3364 4972 et
3385 4936 3416 4974 a

1846 5015 2067 5086 propria
2106 5021 2305 5068 natura
2355 5011 2558 5065 virtute
2616 5011 2782 5066 Verbi
2845 5012 3104 5075 alienato,
3149 5020 3404 5064 naturam

1847 5113 2088 5160 nostram
2115 5103 2194 5158 sic
2219 5118 2285 5157 ex
2315 5103 2434 5171 ipso
2456 5108 2614 5154 utero
2639 5101 2800 5155 aliter
2846 5102 3141 5156 habentem
3203 5103 3412 5156 unitam

1846 5211 1965 5250 esse
1985 5196 2036 5247 ei
2073 5193 2243 5258 dicis;
2273 5209 2339 5246 an
2368 5207 2500 5246 vero
2535 5202 2788 5245 manente
2806 5193 3026 5262 Virgine
3071 5193 3124 5246 in
3159 5179 3411 5265 proprie-

1848 5285 2053 5340 tatibus
2081 5291 2310 5345 naturae,
2361 5282 2649 5351 principiis
2697 5298 2828 5336 vero
2878 5284 3092 5352 primis,
3128 5287 3412 5356 sanguinis

1847 5377 2060 5433 scilicet
2089 5375 2392 5444 virginalis,
2423 5373 2800 5428 transmutatis
2827 5389 3046 5428 carnem
3068 5376 3409 5447 incorrupti-

1846 5468 2010 5522 bilem
2048 5473 2362 5537 generatam
2393 5463 2558 5518 esse?

1917 5643 2276 5708 ll.Nonnulli,
2293 5643 2492 5712 inquit,
2515 5643 2689 5711 priori
2714 5642 2961 5712 opinioni
2993 5646 3411 5716 simpliciorum.

1847 5737 2060 5806 opinor,
2084 5737 2484 5800 adhau'escunt,
2518 5735 2807 5806 plusquam
2841 5739 3117 5803 convenit,
3139 5740 3410 5798 honoran-
