3912 6298
109 298 270 368 1329

1085 316 1087 319 ’
1168 304 1466 366 CONTRA
1507 299 1823 360 NESTOR.
1859 297 1950 354 ET
1991 295 2309 355 EU'I‘YCH.

3250 286 3383 352 1330

105 419 220 468 καὶ
279 418 340 470 τὸ
399 416 749 489 προσληφθέν
785 415 863 478 είς
893 414 1203 485 ἀφθαρσίαν
1247 409 1710 483 μετεσκευάζετο·

1833 417 1970 475 ptum
2013 413 2117 470 est,
2171 405 2226 458 in
2283 402 2868 472 incorruptibilitatem
2927 408 3197 456 mutatum
3259 407 3382 454 est:

107 508 250 571 πῶς
280 507 388 579 γὰρ
434 504 547 562 οἶόν
573 527 630 561 τε
659 503 727 578 ἦν
761 506 932 576 αὐτῷ,
979 507 1052 577 μὴ
1091 506 1192 575 τὴν
1242 505 1488 575 φθαρτὴν
1514 503 1707 556 ἀποτί-

106 598 321 652 Οεσθαι
357 599 540 668 φύσιν,
571 598 649 669 τῷ
685 598 949 670 ἀφθάρτῳ
975 597 1119 669 λόγῳ
1143 595 1490 668 προσενωθέν
1516 613 1530 661 ;

194 773 265 825 Ο.
291 773 509 825 Μᾶλλον
555 773 739 836 ἔοικάς
769 790 881 843 μοι,
930 768 974 826 ῶ
1011 773 1276 842 βέλτιστε,
1311 773 1421 826 τῶν
1467 772 1708 838 οἰκείων,

107 863 292 932 ἔφην,
323 863 498 929 λόγων
525 865 671 932 ἁμνη
683 866 887 932 μονεϊν.
915 864 1028 934 Τὴν
1069 864 1178 934 γὰρ
1206 863 1466 916 Θεοτόκον
1494 861 1709 932 Παρθέο

106 971 216 1007 νον
244 958 302 1007 ὲν
327 957 437 1017 τοῖς
461 955 726 1026 πρότερον
753 955 1021 1026 ἄτρεπτον
1035 956 1312 1022 διαμεῖναι
1337 955 1712 1024 συνωμολόγη-

108 1063 253 1110 σας,
291 1048 386 1100 καὶ
425 1049 505 1100 ὅτι
543 1048 636 1100 τὸν
667 1048 976 1118 ὡρισμένον
1003 1049 1101 1118 τῆς
1129 1047 1483 1118 ἀνθρωπίνης
1511 1047 1710 1117 συλλή-

105 1142 278 1208 ψεως
307 1142 518 1209 χρόνον,
553 1142 610 1194 ἐν
659 1143 724 1212 τῇ
760 1142 1062 1211 παρθενικῇ
1103 1143 1288 1212 μήτρᾳ
1337 1139 1712 1210 μορφούμενος

105 1234 141 1284 ό
172 1233 295 1286 τῶν
319 1233 529 1302 χρόνων
572 1235 934 1303 Δημιουργδς,
977 1234 1200 1303 οἰκῆσαι
1233 1235 1335 1286 οὐκ
1369 1235 1708 1302 ἀπηνήνατο.

109 1325 258 1387 Πῶς
277 1326 457 1378 τοίνυν
482 1327 510 1378 ὁ
536 1326 862 1395 σπλάγχνοις
886 1327 1091 1396 μητρὸς
1121 1325 1402 1394 ἐνοικῆσαι
1419 1325 1713 1388 καταδεξά-

112 1434 315 1484 μενος,
353 1417 448 1470 καὶ
483 1419 610 1480 τοὺς
643 1418 744 1486 τῆς
771 1419 1018 1487 κυήσεως
1045 1419 1271 1488 χρόνους
1307 1419 1708 1487 ὲκτετελεκὼς,

110 1511 254 1561 κατ’
292 1509 446 1561 οὐδὲν
469 1513 570 1579 τῆς
596 1508 872 1579 Παρθένου
899 1509 1244 1578 προύχούσης
1276 1509 1455 1579 ἡμῶν,
1481 1511 1618 1582 πλήν
1647 1529 1711 1579 γε

110 1597 304 1664 μόνης
336 1598 432 1666 τῆς
468 1599 755 1668 ἁγιότητος
777 1638 791 1659 ,
820 1598 1009 1669 ὥσπερ
1042 1601 1105 1652 ὲκ
1138 1599 1500 1670 μεταμελείας
1525 1601 1669 1662 τινὸς
1693 1640 1708 1665 ,

1811 497 2090 568 quomodo
2122 496 2269 551 enim
2331 494 2450 549 ﬁeri
2480 501 2715 563 poterat,
2766 501 2827 548 ut
2889 501 3145 547 naturam
3192 506 3383 545 corru-

1809 590 2061 660 ptibilem
2103 604 2214 642 non
2275 587 2597 656 deponeret,
2648 585 2794 655 quod
2846 585 3027 640 Verbo
3087 580 3385 636 immortali

1811 684 2025 737 unitum
2049 682 2202 737 erat?
3441 738 3448 748 ,

1881 776 1945 831 0.
1987 776 2130 842 Quin
2170 776 2301 840 imo,
2327 776 2574 845 inquam,
2606 757 2810 828 videris
2835 771 2967 825 mihi
3018 778 3236 823 tuorum
3255 783 3376 822 vcr-
3427 753 3455 802 λέ

1810 870 2009 924 borum
2062 870 2367 925 immemor.
2431 868 2698 937 Superius
2749 865 2897 920 enim
2953 862 3232 932 Virginem
3286 858 3383 912 Dei

1811 962 2037 1016 Matrem
2081 961 2479 1015 immutabilem
2529 960 2792 1012 mansisse
2850 955 3136 1011 confessus
3179 967 3276 1018 es;
3327 958 3385 1004 et

1813 1053 1958 1122 quod
1989 1053 2195 1107 Auctor
2241 1062 2551 1119 temporum
2611 1065 2721 1104 non
2776 1047 3072 1108 recusavit,
3120 1059 3245 1098 cum
3273 1041 3386 1096 l'or-

1813 1152 1992 1197 matus
2025 1150 2129 1206 est,
2164 1142 2414 1196 habitare
2441 1141 2496 1194 in
2546 1149 2704 1194 utero
2729 1147 2944 1206 tempus
2995 1135 3220 1188 humani
3249 1147 3382 1187 con-

1814 1243 2025 1304 ceptus.
2049 1233 2339 1300 Quomodo
2374 1233 2541 1302 igitur
2579 1231 2673 1300 qui
2723 1219 2898 1283 voluit
2942 1225 3192 1280 habitare
3223 1225 3278 1278 in
3305 1224 3387 1277 vi-

1815 1323 2064 1378 sceribus
2102 1322 2318 1383 matris,
2381 1327 2436 1374 et
2484 1329 2728 1388 tempora
2781 1324 2972 1386 partus
3013 1313 3280 1382 explevit,
3329 1320 3388 1366 et

1814 1430 1938 1468 cum
1963 1430 2071 1468 non
2100 1421 2246 1468 esset
2271 1411 2618 1482 praestantior
2661 1423 2825 1478 quam
2858 1422 2960 1460 nos
2989 1405 3177 1475 Virgo,
3220 1417 3383 1458 exce-

1814 1516 1906 1576 pta
1945 1507 2258 1569 sanctitate,
2289 1514 2546 1573 tanquam
2563 1499 2886 1573 paenitentia
2917 1496 3154 1568 quadam
3183 1495 3384 1551 ductus

1814 1608 2068 1654 naturam
2096 1599 2344 1668 corporis
2377 1597 2461 1652 sui
2496 1595 2735 1664 respuit,
2779 1593 2944 1662 idque
2990 1607 3020 1645 a
3054 1599 3228 1645 matre
3263 1575 3412 1658 quur;

108 1690 224 1759 τὴν
266 1689 360 1741 τοῦ
393 1690 596 1742 οίκείου
633 1689 884 1760 σώματος
922 1691 1086 1756 φύσιν
1134 1690 1377 1754 ἀπαξιοῖ,
1415 1690 1711 1744 καὶταῦτα

1833 1707 1951 1747 aum
1983 1691 2193 1762 genuit,
2222 1705 2320 1759 per
2354 1687 2535 1742 omnia
2576 1702 2684 1740 non
2711 1683 3000 1741 diﬂ'erret?

105 1757 186 1853 τῇ
229 1782 612 1853 γεννησαμένη
635 1757 727 1835 mai
755 1782 969 1836 πάντων
999 1783 1434 1853 ἀπαραλλάκτως
1476 1783 1708 1854 συμϐαί-
1744 1757 1786 1810 Β

110 1891 313 1936 νοντος
343 1891 360 1938 ;

195 1965 266 2019 Δ.
300 1966 527 2029 Τούτοις
560 1967 660 2034 μὲν
707 1962 839 2030 οὖν’,
875 1968 1080 2031 ἐκεῖνος
1109 1968 1238 2038 ἔφη.
1277 1970 1478 2033 πάντες
1509 1973 1706 2036 κοινῶς

113 2056 508 2126 συνθήσονται.
538 2057 610 2108 Τὸ
644 2056 723 2122 δὲ,
751 2059 833 2109 ὅτι
864 2056 1099 2126 φθαρτὸν
1123 2059 1185 2110 ἐκ
1205 2060 1418 2128 μήτρας
1439 2059 1618 2113 λαϐὼν
1646 2061 1707 2114 τὸ

107 2151 184 2200 ὲκ
241 2148 340 2216 τῆς
370 2147 646 2216 Παρθένου
691 2146 871 2218 σῶμα,
925 2149 1126 2211 εὐθέως
1166 2151 1298 2202 αὐτὸ
1332 2151 1468 2220 πρὸς
1493 2153 1706 2222 ἀφθαρ-

110 2242 252 2294 σίαν
317 2240 765 2310 μετεκεράσατο,
833 2240 940 2293 τῶν
991 2242 1168 2310 ὀρθῶς
1219 2244 1352 2311 ήμῖν
1405 2242 1706 2296 δοκούντων

108 2347 295 2383 εστιν.

184 2420 257 2476 0.
294 2420 406 2472 Καὶ
437 2419 536 2473 ποῦ
576 2420 604 2472 ό
628 2421 726 2490 τῆς
767 2420 1247 2491 συμπολιτεύσεως
1281 2424 1406 2493 ὅρος
1447 2426 1544 2476 καὶ
1573 2424 1702 2493 χρό-

105 2530 233 2576 νος,
274 2510 433 2580 ἐφην,
462 2503 524 2564 οὗ
557 2512 796 2581 μάλιστα
835 2513 893 2564 ἐν
925 2513 1086 2584 χρείᾳ
1115 2513 1612 2584 καθειστήκειμεν,
1647 2518 1705 2569 έν

105 2603 316 2672 ἀτόμῳ
338 2603 432 2656 καὶ
459 2605 590 2675 ῥιπῇ
619 2601 921 2672 ὀφθαλμοῦ,
939 2603 1036 2674 τὴν
1061 2604 1194 2674 πρὸς
1213 2606 1366 2675 ήμᾶς
1387 2605 1702 2676 ὁμοιότητα,

107 2694 192 2756 ὡς
230 2695 340 2764 φὴς
364 2736 378 2759 ,
409 2694 829 2765 ἐπιδειξαμένου
853 2735 868 2760 ,
900 2697 994 2748 καὶ
1037 2697 1230 2748 θᾶττον
1284 2696 1661 2767 μεταθεμένου
1687 2739 1703 2761 ,

108 2787 289 2839 ὁπότε
325 2786 385 2838 οὐ
411 2786 600 2840 τούτου
648 2787 812 2856 μόνου
833 2787 1257 2858 προσεδεόμεθα
1277 2831 1291 2853 ,
1325 2789 1462 2842 ἀλλά
1489 2790 1583 2843 καὶ
1611 2787 1705 2843 τοῦ

114 2879 648 2949 συναναστραφῆναι
689 2881 824 2948 ήμῖν
855 2879 944 2932 τὸν
977 2879 1202 2948 Κύριον,
1247 2881 1344 2934 καὶ
1370 2881 1459 2934 διὰ
1488 2884 1706 2935 πάντων

109 2969 388 3033 ὁδεῦσαι,
411 2968 478 3021 δι’
508 2962 582 3022 ὦν
627 2970 661 3039 ἡ
701 2969 1016 3039 ἀνθρωπεία
1061 2969 1224 3038 φύσις
1262 2971 1564 3041 ἀρχομένη,
1613 2973 1708 3026 καὶ

1885 2000 1953 2055 Η.
1984 2000 2100 2063 liis,
2125 1999 2305 2069 inquit
2329 1997 2440 2062 ille,
2476 2008 2667 2049 omnes
2687 1989 3056 2047 communiter
3082 1987 3380 2041 assentien-

1816 2101 1932 2145 tur.
1969 2092 2172 2145 Verum
2223 2103 2422 2157 corpus
2449 2101 2515 2141 ex
2547 2093 2705 2139 utero
2732 2078 3088 2150 corruptibile
3126 2074 3273 2146 quod
3316 2091 3385 2131 ex

1816 2181 2042 2250 Virgine
2071 2179 2325 2248 sumpsit,
2361 2175 2509 2246 quod
2541 2175 2739 2241 istatim
2794 2171 2862 2226 ad
2917 2167 3384 2224 immortalitatem

1817 2271 2122 2337 transtulit,
2175 2286 2368 2326 eorum
2411 2278 2494 2324 est
2546 2267 2642 2336 qui
2694 2265 2856 2319 nobis
2883 2271 3031 2318 recte
3067 2261 3273 2316 sentire
3298 2259 3384 2312 vi-

1813 2362 2034 2419 dentur.

1883 2450 1947 2504 0.
1979 2451 2048 2505 Et
2077 2451 2194 2512 ubi,
2226 2449 2450 2518 inquam
2471 2463 2594 2518 ego,
2625 2456 2707 2502 est
2740 2446 2899 2508 ratio,
2933 2452 2989 2498 et
3026 2452 3241 2513 tempus
3261 2442 3388 2496 vita:

1813 2544 2124 2597 communis
2158 2558 2222 2596 ac
2273 2541 2728 2604 conversationis,
2764 2555 2886 2611 qua:
2945 2537 3180 2592 maxime
3226 2534 3389 2590 nobis

1815 2631 1967 2687 utilis
2013 2640 2070 2687 et
2107 2627 2416 2687 neceSsaria
2468 2631 2594 2696 fuit,
2650 2631 2696 2685 si
2749 2637 2955 2699 puncto
3002 2635 3060 2682 et
3107 2633 3388 2681 momento

1815 2723 2079 2792 temporis
2141 2723 2484 2787 similitudo,
2550 2730 2610 2777 ut
2671 2722 2783 2783 ais,
2846 2721 3138 2775 nobiscum
3193 2717 3262 2771 ab
3321 2731 3389 2771 eo

1814 2809 2206 2876 demonstrata,
2259 2812 2512 2867 celeriter
2561 2818 2774 2865 mutata
2825 2819 2948 2874 est;
3007 2806 3228 2877 quando
3278 2821 3390 2859 non

1816 2903 1925 2959 hoc
1956 2905 2134 2960 solum
2157 2904 2560 2974 indigebamus,
2611 2903 2706 2956 sed
2739 2911 2801 2955 ut
2831 2907 3256 2955 convcrsaretur
3285 2911 3388 2951 no-

1816 2995 2032 3050 biscum
2055 2995 2355 3058 Dominus;
2395 3002 2452 3048 et
2481 3009 2579 3062 per
2626 2992 2810 3046 omnia
2843 2997 3100 3060 pergeret
3143 3004 3244 3058 per
3268 3001 3392 3056 quae

112 3060 213 3172 διά
245 3059 354 3113 τῶν
376 3063 433 3113 ὲν
462 3060 612 3131 μέσῳ
640 3061 945 3131 χωρήσασα
967 3101 982 3126 ,
1016 3062 1153 3132 πρὸς
1179 3061 1238 3115 τὸ
1259 3063 1456 3116 οίκεῖον
1486 3062 1706 3135 ἔρχεται

1833 3097 2016 3144 natura
2048 3088 2287 3141 humana
2313 3059 2645 3156 principium
2669 3059 2916 3152 capiens,
2959 3059 3022 3134 et
3066 3094 3165 3148 per
3211 3077 3390 3132 media

114 3151 307 3218 τέλος;

194 3245 265 3298 Δ.
298 3243 364 3295 Τί
391 3243 520 3314 γὰρ,
553 3242 762 3313 ἐφη,τδ
789 3242 998 3298 κωλῦον
1031 3239 1120 3316 ἦν,
1146 3245 1350 3317 καίπερ
1375 3247 1584 3313 ἀπαθὲς
1612 3252 1711 3320 τῆς

120 3334 379 3396 ινὼσεως
407 3339 715 3408 ποιησάσης
743 3338 804 3391 τὸ
835 3335 994 3408 σῶμα
1019 3354 1034 3403 ;

199 3431 263 3481 Ο.
285 3430 395 3482 Καὶ
421 3429 559 3492 πῶς,
583 3429 758 3498 ἔγωγε
776 3428 913 3500 ἔφην
939 3430 1078 3501 πρὸς
1105 3429 1342 3501 αὑτὸν,ἢ
1365 3433 1476 3494 τοῖς
1499 3431 1712 3502 ἀνθρώ·

121 3538 256 3586 ποις
284 3521 636 3592 συνδιαιτῷτο
655 3523 756 3592 τὴν
780 3522 980 3592 ἀρχὴν,
1003 3523 1037 3592 ἢ
1055 3523 1124 3577 τά
1150 3522 1291 3594 ὑπὲρ
1313 3523 1471 3594 ήμῶν
1492 3523 1716 3583 κατεδέ-

126 3614 264 3681 ξατο
294 3615 464 3683 πάθη,
500 3617 638 3685 ήρνη
649 3614 804 3683 μένος
833 3615 898 3666 ὲκ
926 3613 1149 3688 πρώτης
1177 3614 1422 3678 ένὼσεως
1450 3615 1510 3668 τὸ
1534 3618 1717 3685 ὁμοιο-

127 3707 306 3769 παθὲς
334 3708 468 3774 ήμῖν
506 3706 601 3759 καὶ
633 3705 941 3775 έπίκηρονς

207 3801 271 3852 Α.
317 3799 566 3868 Ἐπασχε
598 3797 698 3866 μὲν
721 3837 736 3863 ,
772 3799 983 3860 ἐκεῖνος
1009 3796 1376 3868 ἀπεκρίνατο,
1406 3797 1522 3851 ἀλλ’
1555 3798 1614 3850 οὐ
1648 3797 1714 3868 δή

128 3909 242 3945 που
269 3891 484 3961 ἀνάγκη
527 3891 764 3958 φύσεως,
801 3889 940 3942 ἀλλά
981 3887 1125 3959 λόγῳ
1157 3887 1472 3957 οἰκονομίας
1490 3887 1586 3941 τοῦ
1614 3887 1718 3941 A6-

127 3999 235 4049 γου
267 3980 510 4048 ἐφιέντος
534 3979 596 4032 τὸ
629 3979 850 4034 παθεῖν.

205 4079 270 4128 0.
295 4075 631 4144 Αίνίγματος
670 4073 824 4126 οὐδὲν
857 4073 1089 4144 ἀπᾴδειν
1120 4072 1258 4143 ἔφην
1301 4073 1412 4142 ἐγὼ
1435 4073 1497 4128 τὺ
1527 4072 1716 4146 ῥηθέν.

132 4168 263 4230 Πῶς
323 4168 433 4238 γὰρ
485 4167 578 4220 καὶ
625 4166 786 4236 φύσιν
838 4167 992 4236 έσχεν
1043 4166 1320 4236 ἀνωτέραν
1367 4167 1580 4233 παθῶν,
1625 4169 1720 4222 καὶ

135 4259 375 4327 πάσχειν
426 4257 590 4310 πάλιν
625 4257 694 4310 τὰ.
727 4257 828 4326 τῆς
864 4257 1079 4325 φύσεως
1110 4257 1313 4327 σαρκὸς
1345 4259 1536 4327 ήφίετο
1567 4257 1719 4330 παρά

129 4346 240 4416 τὴν
264 4345 424 4414 φύσιν
455 4361 470 4410 ;
500 4346 560 4398 El
585 4345 683 4415 μὲν
713 4344 820 4416 γάρ
847 4347 880 4414 ή
907 4345 1102 4408 ἓνωσις
1127 4345 1222 4398 τοῦ
1254 4346 1430 4414 Λόγου
1451 4387 1466 4412 ,
1492 4347 1554 4399 τὸ
1577 4349 1720 4400 ἀπα-

1818 3177 2200 3248 progrediens,
2228 3175 2297 3230 ad
2328 3176 2490 3230 tinem
2519 3188 2679 3229 suum
2705 3171 2935 3227 evadit?

1890 3266 1956 3320 Η.
1989 3265 2132 3332 Quid
2161 3265 2332 3329 enim,
2363 3263 2564 3332 inquit,
2600 3262 2705 3316 ista
2740 3257 3089 3330 prohibebat,
3141 3254 3392 3326 quamvis

1822 3356 1956 3414 unio
1987 3371 2192 3426 corpus
2225 3354 2561 3424 impassihile
2588 3351 2851 3407 fecisset?

1891 3445 1957 3500 Ο.
1992 3446 2060 3500 Ει
2085 3445 2383 3515 quomodo,
2445 3444 2691 3513 inquam,
2753 3439 2840 3496 vel
2891 3453 3014 3494 cum
3072 3434 3394 3492 hominibus

1821 3537 2096 3608 principio
2121 3536 2370 3599 vixisset,
2407 3535 2491 3589 vel
2527 3535 2814 3603 passiones
2857 3545 2958 3601 pro
2994 3529 3158 3585 nobis
3207 3541 3396 3582 susce-

1822 3628 2016 3698 pisset.
2045 3627 2091 3682 si
2119 3643 2186 3682 ex
2216 3627 2334 3696 ipso
2368 3625 2639 3695 principio
2669 3621 2890 3677 unionis
2924 3629 3182 3690 negatum
3230 3625 3394 3680 esset,

1825 3732 1948 3771 esse
1974 3715 2211 3770 similem
2235 3713 2398 3768 nobis
2426 3711 2765 3781 passibilem,
2807 3719 2863 3763 et
2896 3707 3224 3762 mortalem?

1896 3806 1963 3862 Η.
1991 3793 2191 3860 Passus
2226 3812 2332 3868 est,
2361 3801 2645 3871 respondit
2675 3801 2787 3863 ille,
2814 3799 2909 3854 sed
2934 3815 3042 3854 non
3072 3797 3399 3852 necessitate

1825 3906 2060 3959 naturas,
2115 3911 2310 3952 verum
2361 3893 2574 3948 ratione
2633 3891 2990 3958 meonomiaa,
3043 3889 3399 3960 permittente

1826 3989 2008 4045 Verbo
2033 3997 2094 4042 ut
2119 3995 2420 4058 pateretur.

1895 4079 1960 4135 Ο.
2010 4080 2176 4150 Ergo,
2234 4079 2479 4147 inquam,
2537 4074 2687 4145 quod
2723 4073 2936 4130 dictum
2991 4081 3096 4137 est,
3147 4070 3286 4125 nihil
3331 4069 3401 4124 ah

1829 4173 2117 4242 aenigmate
2152 4169 2359 4224 diﬂ‘ert.
2392 4167 2679 4234 Quomodo
2702 4168 2850 4222 enim
2879 4173 3132 4220 naturam
3164 4162 3400 4217 habebat

1828 4263 2170 4332 superiorem
2187 4275 2352 4331 quam
2379 4268 2439 4314 ut
2466 4259 2577 4330 pati
2601 4266 2809 4328 posset,
2859 4267 2917 4312 et
2968 4271 3162 4310 rursus
3185 4251 3401 4307 sineba-

1828 4361 1942 4418 tur,
1975 4361 2173 4423 prteter
2200 4359 2477 4417 naturam,
2496 4365 2618 4420 quae
2651 4349 2835 4405 carnis
2854 4357 2984 4404 sunt
3003 4347 3154 4418 pati?
3177 4345 3234 4400 Si
3255 4343 3401 4399 enim

138 4435 230 4496 θὲς
260 4437 325 4506 τῇ
357 4435 519 4505 σαρκὶ
542 4435 889 4504 ἐδωρήσατο,
922 4435 1022 4487 οὐκ
1045 4434 1110 4487 ἂν
1144 4434 1312 4506 αὐτὴν
1345 4437 1715 4508 ἀπεστέρησεν

1833 4443 1960 4498 unio
2003 4442 2168 4497 Verbi
2195 4442 2348 4496 carni
2389 4440 2890 4511 impassibilitatem
2947 4437 3212 4500 dedisset,
3259 4449 3402 4490 nun-

137 4525 236 4578 τοῦ
269 4543 329 4594 γε
355 4526 737 4596 δεδιυρήμένου
766 4526 860 4579 καὶ
881 4525 1030 4590 ἅπαξ
1051 4526 1526 4597 προσνεμηθέντος
1555 4529 1720 4599 αὐτῇ.

140 4619 288 4688 Πρὸς
321 4617 378 4671 δέ
416 4634 479 4685 γε
528 4617 624 4669 καὶ
665 4619 712 4670 εἰ
740 4619 805 4670 ὲκ
828 4617 928 4686 τῆς
953 4617 1202 4680 ένώσεως
1245 4615 1342 4668 τοῦ
1375 4618 1552 4685 Λόγου
1575 4657 1590 4682 ,
1622 4619 1727 4686 τῆς

141 4709 451 4781 ἀφθαρσίας
478 4707 819 4779 μετειλήφει,
845 4708 964 4780 ὥρα
987 4726 1070 4763 σοι
1097 4711 1192 4762 καὶ
1217 4708 1539 4780 ἀποσχίζειν
1598 4711 1728 4764 ἀθέ-

147 4818 299 4869 σμως
321 4801 526 4872 τολμᾷν
543 4801 642 4871 τὴν
671 4801 932 4872 ὑπερφυᾶ
955 4801 1046 4854 καὶ
1075 4800 1388 4872 θαυμασίαν
1414 4801 1629 4856 ἕνωσιν.
1649 4802 1723 4855 Οὐ

144 4894 256 4962 γὰρ
303 4885 416 4944 οἷόν
449 4909 507 4944 τε
548 4887 617 4962 ἦν
648 4892 880 4961 πάσχειν
910 4892 970 4945 τὸ
995 4892 1060 4945 ὲκ
1087 4892 1185 4962 τῆς
1231 4892 1476 4957 ένώσεως
1497 4892 1727 4959 ἀπαθὲς,

148 4985 226 5054 μὴ
279 4983 378 5054 τῆς
436 4982 682 5048 ἐνώσεως
734 4984 1000 5055 πρότερον
1051 4983 1479 5055 ἀναιρεθείσης·
1531 4984 1723 5056 ὥσπερ

147 5076 267 5128 οὐδὲ
298 5076 488 5138 σκότος
524 5073 589 5128 ἂν
619 5075 886 5144 ὑποσταίη
922 5074 1040 5127 ποτ’
1072 5072 1159 5137 ἂν,
1195 5071 1272 5143 μὴ
1301 5073 1395 5127 τοῦ
1426 5075 1601 5128 αἰτίου
1631 5075 1728 5128 καὶ

150 5167 478 5234 φωτίζοντος
521 5166 977 5244 ὑποχωροῦντοςς
1029 5166 1123 5219 καὶ
1168 5165 1357 5228 ἀπλῶς
1386 5166 1496 5236 γὰρ
1528 5167 1726 5233 εἰπεῖν,

149 5260 302 5312 οὐδὲν
334 5259 444 5311 τῶν
485 5261 550 5311 ἐκ
575 5257 668 5310 τοῦ
718 5257 1040 5311 συνεκτικοῦ
1083 5257 1258 5311 αίτίου
1304 5259 1416 5319 τοῖς
1462 5258 1728 5321 αἰτιατοῖς

153 5352 496 5422 παραμένειν
527 5350 798 5420 πέφυκεν,
834 5349 910 5420 μὴ
944 5333 1240 5402 τοῦάίτ-ίου
1274 5347 1561 5420 παρόντος.
1596 5349 1732 5401 Σκό-

155 5462 246 5498 πει
277 5445 334 5498 δὲ
357 5443 424 5514 δὴ
453 5442 551 5496 καὶ
581 5441 741 5494 τοῦτο
769 5441 898 5506 ’ὼς,
919 5440 973 5492 εί
998 5457 1062 5508 γε
1089 5441 1353 5510 πάσχοντι
1377 5439 1528 5510 αύτῷ
1557 5442 1733 5493 συνεῖ-

157 5553 245 5588 ναι
265 5533 580 5601 ὑπέμεινεν,
606 5529 900 5600 ὑπομείναι
917 5531 982 5582 ἂν
1004 5530 1097 5584 καὶ
1117 5529 1345 5601 παθητῷ
1374 5547 1438 5599 γε
1457 5530 1572 5584 ὄντι
1590 5531 1732 5601 ήνῶ-

161 5625 280 5679 σθαι
311 5625 386 5696 τῷ
423 5623 655 5695 σώματι.

231 5720 294 5770 Α.
339 5713 463 5788 'Ap‘
497 5712 624 5786 οὖν,
668 5713 771 5786 ἔφη
819 5712 955 5785 πρὸς
994 5713 1141 5786 ἡμᾶς
1171 5754 1186 5782 ,
1233 5712 1352 5785 οὐχὶ
1403 5713 1731 5784 βουλομένου

1833 4549 1999 4604 quam
2035 4547 2156 4586 eam
2207 4531 2352 4586 dono
2386 4530 2537 4601 quod
2571 4529 2740 4584 semel
2773 4527 3078 4591 tribuisset,
3107 4525 3399 4596 privassct.

1831 4623 2124 4688 Praeterea,
2157 4621 2202 4676 si
2237 4637 2304 4676 ex
2347 4621 2552 4674 unione
2574 4618 2740 4675 Verbi
2770 4618 3076 4688 accepisset
3105 4631 3215 4671 non
3241 4629 3402 4686 posse

1831 4715 2130 4784 corrumpi,
2165 4722 2382 4784 tempus
2407 4721 2494 4767 est
2537 4719 2599 4765 ut
2647 4697 2850 4766 audeas
2897 4709 3110 4766 nefarie
3164 4707 3404 4762 avellere

1830 4805 2232 4871 admirandam,
2254 4812 2311 4859 et
2341 4818 2508 4874 supra
2538 4811 2792 4858 naturam
2815 4802 3098 4856 unionem.
3118 4797 3404 4868 Siquidem

1829 4913 1940 4952 non
1962 4906 2180 4968 poterat
2211 4896 2344 4966 pati,
2391 4894 2542 4964 quod
2567 4909 2636 4948 ex
2671 4893 2876 4948 unione
2929 4899 3051 4947 erat
3093 4905 3123 4942 a
3150 4890 3405 4959 passione

1828 4987 2224 5051 liberum,nisi
2247 4987 2453 5040 unione
2496 4985 2652 5054 prius
2715 4984 2966 5049 sublata;
3011 4981 3174 5037 sicuti
3225 4992 3406 5047 neque
3444 4961 3459 4982 I

1833 5077 2077 5133 tenebrae
2102 5090 2344 5145 unquam
2375 5081 2560 5137 erunt,
2593 5073 2704 5128 nisi
2733 5087 2896 5128 causa
2926 5079 2981 5126 et
3010 5070 3218 5124 lumine
3254 5081 3408 5122 rece-
3434 5113 3441 5140 ,

1831 5168 2034 5223 dente:
2087 5174 2146 5221 et
2185 5165 2242 5219 in
2275 5179 2512 5229 summa,
2557 5163 2700 5218 nihil
2751 5178 2818 5217 ex
2866 5177 3031 5218 causa
3081 5159 3442 5215 continente-

1829 5257 2187 5330 proﬁciseens
2210 5265 2398 5326 aptum
2421 5263 2612 5311 natum
2639 5262 2745 5319 est,
2778 5262 2840 5308 ut
2864 5255 2920 5308 in
2955 5252 3166 5308 effectis
3188 5263 3407 5320 perma-

1831 5358 1984 5415 neat,
2033 5349 2142 5405 nisi
2192 5364 2360 5404 causa
2409 5347 2573 5402 adsit.
2629 5345 2930 5402 Considera
2971 5352 3154 5399 autem
3192 5341 3404 5399 ethoc.

1833 5443 1982 5512 quod
2013 5441 2058 5497 si
2085 5441 2355 5496 sustinuit
2395 5439 2638 5496 Verbum
2670 5447 2731 5493 ut
2751 5453 2877 5492 cum
2905 5435 3150 5506 patiente
3175 5423 3406 5504 congre-

1832 5535 2081 5598 deretur,
2106 5532 2406 5602 sustineret
2451 5533 2641 5597 etiam,
2682 5539 2744 5585 ut
2763 5529 2990 5598 corpori
3015 5527 3260 5598 passibili
3286 5525 3412 5582 uni-

1833 5633 2004 5681 retur.
2499 5627 2506 5632 '

1906 5718 1972 5773 Η.
2002 5717 2142 5775 Num
2175 5717 2366 5781 icitur.
2421 5716 2618 5784 inquit,
2657 5731 2770 5770 non
2804 5713 3116 5783 patiebatur
3155 5727 3282 5768 caro
3307 5724 3405 5768 vo-
