3912 6298
471 181 598 247 133!
633 189 639 196 ”

1707 184 2010 245 LEONTII
2057 183 2462 244 BYZANT‘lNI
3627 176 3756 240 131:}

471 297 618 352 lente
643 296 846 362 Verbo,
903 295 1000 352 sed
1048 303 1259 349 natura:
1317 294 1532 364 legibus
1571 293 1817 362 subjecta
1882 292 2038 346 erat?

2151 293 2232 346 τοῦ
2283 293 2458 362 Λόγου
2499 293 2742 362 ἔπασχεν
2783 293 2818 364 ἡ
2867 292 3026 364 σὰρξ,
3067 293 3432 364 ἀλλὰ-δόμοις
3493 293 3754 346 ὑπέκειτιι

539 478 607 533 0.
641 475 868 545 Ecquis,
893 470 1159 542 respondi
1187 487 1310 542 ego,
1350 471 1456 526 hoc
1485 470 1731 534 diceret,
1763 467 1910 536 quod
1929 481 2041 520 non

472 567 692 622 volente
725 565 932 628 Verbo,
973 561 1275 632 quidquam
1305 567 1500 616 ecrum
1548 574 1672 630 qua:
1713 557 2044 612 naturaliter

473 657 750 723 accidunt,
775 656 928 713 carni
957 654 1234 720 eveniret;
1265 668 1330 708 ac
1373 669 1486 708 non
1525 651 1700 722 magis
1748 650 1869 720 ipso
1915 663 2042 719 per-

472 751 750 814 mittente,
809 757 870 803 ut
904 763 1028 818 quae
1079 746 1355 802 naturalia
1409 750 1571 799 erant
1617 741 1739 797 sine
1791 747 2040 810 peccato,

471 857 599 897 caro
618 847 923 907 pateretur,
944 854 1067 909 qua:
1095 837 1163 892 ad
1196 834 1515 906 patiendum
1547 841 1747 888 natura
1768 839 1896 901 apta
1916 837 2042 884 nata

470 932 635 987 erat?
668 931 792 985 Non
827 931 976 986 enim
1013 929 1062 984 si
1095 925 1402 984 secundum
1431 935 1688 980 naturam
1726 929 1848 977 erat
1876 936 2046 990 supra

472 1036 638 1092 quam
673 1028 736 1075 ut
765 1020 878 1090 pati
899 1025 1113 1089 posset,
1149 1025 1277 1088 apta
1320 1017 1390 1070 ad
1417 1013 1738 1086 patiendum
1780 1027 1878 1082 per
1910 1011 2046 1066 Ver-

475 1115 605 1170 bum
633 1113 776 1169 l‘acta
802 1120 967 1168 esset.
998 1111 1203 1167 Contra
1248 1109 1456 1180 potius,
1492 1104 1794 1176 aliquando
1836 1103 2046 1172 passio-

473 1215 574 1262 nes
601 1216 730 1260 caro
751 1203 1067 1274 superabat,
1099 1202 1380 1256 tribuente
1437 1199 1490 1253 ei
1538 1197 1743 1260 Verbo,
1779 1203 1841 1249 ut
1870 1191 2046 1263 pluri-

473 1311 648 1358 mum,
677 1294 1020 1350 dominatum
1057 1294 1114 1346 in
1168 1289 1456 1361 passiones
1479 1327 1495 1346 .
1543 1295 1605 1341 ut
1634 1284 1900 1340 naturalis
1951 1298 2048 1337 co-

474 1386 806 1456 agmentatio
829 1393 1040 1439 natura:
1082 1381 1251 1438 Verbi
1302 1393 1429 1436 eum
1461 1392 1626 1435 carne
1662 1373 2046 1444 inseparabilis

473 1485 640 1542 esset,
667 1485 728 1532 et
748 1489 966 1544 semper
1001 1470 1430 1536 indissolubilis;
1465 1467 1750 1538 passiones
1777 1479 1910 1518 vero
1934 1479 2048 1518 non

475 1569 806 1640 participare
841 1583 952 1624 non
979 1580 1198 1636 semper
1249 1563 1470 1634 corpori
1493 1562 1709 1617 liceret.
1754 1559 1876 1614 Non
1897 1557 2048 1613 enim

2144 405 2356 456 φυσεως
2375 407 2390 452 ;

2214 479 2278 532 0.
2311 479 2424 532 Καὶ
2454 479 2541 542 τίς
2581 479 2694 550 7&9
2721 478 2790 534 ἂν
2809 519 2825 542 ,
2869 478 3194 550 ἀποκριθεὶς
3219 475 3386 534 εἷπον
3415 480 3574 548 ἐγὼ,
3603 481 3752 534 τοίτε.

2143 569 2368 640 φῇσειεν
2393 609 2408 634 ,
2436 571 2518 624 ὅτι
2539 586 2604 639 γε
2637 570 2712 641 μὴ
2750 569 3080 640 βουλομένου
3108 570 3220 629 ,τοῦ
3250 571 3475 638 Λόγου,
3510 572 3630 623 τῶν
3660 591 3749 639 es-

2145 661 2312 716 πικῶν
2357 679 2411 716 τι
2466 663 2890 732 συμπτωμάτων
2932 663 3218 716 συνέϐαινε
3258 665 3333 732 τῇ
3395 664 3583 732 σαρκὶ
3609 707 3624 725 ,

2142 751 2263 820 οὐχὶ
2316 751 2517 820 μᾶλλον
2549 751 2796 820 ἐφιέντος
2832 749 2996 805 αὑτοῦ
3019 792 3036 818 ,
3059 755 3128 822 τῇ
3169 751 3421 822 πάσχειν
3461 757 3742 822 πει-,εντσῆ

2141 841 2211 894 τὰ
2244 843 2387 896 κατὰ
2423 843 2588 911 φύσιν
2629 843 3038 912 ἀναμαρτήτως
3082 842 3435 912 ὑφίστασθαι
3465 861 3488 908 ;
3519 846 3605 898 οὑ
3645 848 3744 914 γὰρ

2144 929 2393 1000 άνωτέρα
2430 931 2571 984 κατὰ
2604 931 2768 999 φύσιν
2801 931 2990 986 παθῶν
3050 927 3211 994 οὖσα,
3242 933 3490 1003 παθητὴ
3521 934 3619 990 διὰ
3663 934 3741 986 τὶν

2144 1021 2319 1088 Λόγον
2363 1021 2598 1089 ἐγίνετο.
2656 1021 2985 1076 Τούναντίον
3035 1023 3136 1092 μὲν
3165 1017 3260 1076 οὖν
3309 1023 3480 1076 ἐστιν
3525 1025 3628 1077 ὅτε
3659 1027 3736 1078 nl

2143 1111 2250 1164 τῶν
2279 1113 2422 1166 κατὰ
2464 1113 2628 1180 φύσιν
2659 1113 2948 1183 ὑπερεῖχεν
2985 1113 3196 1180 παθῶν,
3220 1113 3324 1168 τοῦ
3359 1117 3563 1184 Λόγου
3593 1117 3736 1186 αὐτῇ,

2143 1200 2220 1265 ὡς
2245 1201 2314 1254 τὰ
2341 1203 2530 1266 πολλὰ,
2555 1204 2656 1273 τὴν
2694 1205 2837 1257 κατὰ
2865 1205 3056 1259 παθῶν
3100 1209 3485 1276 ἐπικράτειαν
3528 1208 3734 1279 χαριζο-

2149 1291 2311 1359 μένου
2325 1309 2340 1324 ο
2357 1292 2498 1346 ὥστε
2517 1294 2617 1364 τὴν
2633 1294 2770 1364 πρὸς
2787 1295 2888 1365 τὴν
2905 1295 3086 1366 σάρκα
3107 1297 3202 1350 τοῦ
3220 1299 3413 1366 Λόγου
3432 1304 3732 1370 copy-stas.

2145 1380 2446 1452 ἀχώριστον
2495 1377 2636 1436 εἶναι
2699 1385 2795 1438 καὶ
2845 1385 3012 1456 μέχρι
3061 1387 3266 1450 παντὸς
3313 1388 3730 1444 ἀδιάσπαστον·

2145 1471 2242 1540 τὴν
2265 1471 2320 1526 δὲ
2343 1469 2450 1526 τῶν
2475 1473 2667 1527 παθῶν
2695 1473 3012 1544 ἁμεθεξίαν,
3037 1477 3098 1530 οὔ
3121 1477 3366 1532 πάντοτε
3397 1482 3738 1549 παραμένειν

2146 1562 2224 1632 τῷ
2257 1562 2490 1633 σώματι.
2541 1566 2656 1618 Καὶ
2691 1565 2802 1636 7&9
2843 1567 2945 1619 οὐκ
2987 1569 3051 1620 ὲκ
3076 1568 3174 1637 τῆς
3223 1569 3501 1634 tudio-eu;
3533 1571 3658 1641 ἔσχε
3681 1573 3732 1622 τὲ

3665 667 3745 717 καὶ

473 1677 542 1716 ex
562 1659 769 1715 unione
798 1659 994 1714 habuit
1022 1673 1134 1713 non
1157 1657 1296 1726 pati,
1347 1655 1447 1710 sed
1491 1670 1562 1711 ex
1592 1653 1878 1707 voluntate
1905 1649 2042 1704 uniti

2151 1651 2379 1718 ἀπαθὲς,
2404 1653 2518 1706 ἀλλ’
2549 1656 2615 1708 ὲκ
2645 1657 2744 1724 τῆς
2775 1655 3081 1726 βουλήσεως
3115 1657 3209 1710 τοῦ
3238 1657 3586 1724 suam
3609 1663 3730 1714 ma

474 1751 583 1806 hoc
620 1759 952 1820 opportune,
982 1757 1038 1804 et
1085 1747 1155 1802 ad
1218 1747 1459 1816 aliquam
1503 1744 1796 1799 utilitatem
1843 1740 2047 1810 guber—-

475 1841 657 1896 nantis
688 1855 753 1896 ac
783 1839 1152 1910 disponentis.
1183 1837 1301 1892 Nisi
1331 1836 1478 1890 enim
1513 1835 1620 1890 hoc
1657 1847 1849 1888 verum
1873 1838 2042 1894 esset,

474 1931 712 1986 alterum
749 1930 986 1986 duorum
1035 1929 1288 1984 conﬁteri
1319 1939 1544 1981 necesse
1597 1931 1764 1986 esset,
1797 1929 1894 1976 aut
1933 1933 2044 1975 non

474 2039 690 2095 passam
722 2038 844 2078 esse
875 2021 1172 2092 quidquam
1214 2020 1458 2090 penitus,
1497 2031 1620 2087 quae
1668 2023 1791 2071 erat
1820 2022 2044 2084 promer

474 2115 734 2182 unionem
765 2122 962 2168 natura
996 2111 1381 2182 impassibilis;
1429 2117 1522 2162 aut
1551 2108 1597 2162 si
1637 2119 1800 2179 passa
1833 2112 1936 2167 est,
1977 2103 2052 2158 ab.

475 2208 679 2261 unione
707 2205 929 2274 penitus
951 2203 1222 2260 divulsam
1256 2217 1399 2256 esse.

507 2353 514 2358 ,
547 2293 614 2348 Η.
641 2291 698 2347 Si
724 2292 912 2364 igitur,
939 2291 1017 2345 ait
1042 2290 1156 2356 ille,
1194 2299 1256 2342 ut
1281 2296 1336 2341 tu
1368 2286 1528 2350 dicis,
1561 2300 1691 2340 caro
1725 2299 1850 2339 eum
1881 2293 2044 2340 natu—

477 2400 594 2439 ram
640 2385 868 2439 haberet
896 2389 1079 2452 aptam
1133 2378 1202 2434 ad
1239 2376 1580 2447 patiendum,
1608 2383 1726 2428 tum
1753 2375 1860 2428 alia
1918 2389 2046 2443 pro-

478 2463 598 2542 pter
619 2487 698 2538 se,
739 2479 852 2526 tum
889 2475 1121 2523 mortem
1148 2465 1432 2528 sustinuit,
1456 2461 1784 2518 exciderunt
1811 2461 1972 2516 nobis
1990 2471 2046 2516 et

479 2563 764 2632 perierunt
799 2559 1172 2633 gloriationes,
1226 2547 1870 2630 quibusﬁloriabamur,
1921 2562 2040 2610 tan~

479 2666 644 2721 quam
679 2651 794 2720 ipsa
825 2655 1054 2718 propter
1072 2661 1175 2702 nos
1196 2659 1357 2716 passa
1393 2644 1608 2698 fuisset.

549 2740 612 2797 0.
661 2741 892 2810 Propter
942 2754 1047 2794 nos
1103 2737 1212 2816 pati
1265 2751 1486 2790 carnem
1525 2733 1765 2798 Domi-ni,
1823 2733 2045 2802 inquam

479 2847 602 2902 ego,
630 2830 774 2885 bone
803 2829 907 2894 vir,
941 2826 1238 2897 dupliciter
1259 2823 1486 2888 dicitur,
1518 2829 1575 2877 et
1609 2821 1759 2892 quod
1812 2821 2044 2891 permit-

2143 1743 2336 1814 καιρὸν
2375 1743 2536 1798 τοῦτο
2564 1746 2660 1798 καὶ
2705 1746 2844 1816 πρός
2875 1763 2930 1799 τι
2975 1749 3252 1818 χρήσιμον
3283 1749 3726 1820 οἰκονομοῦντες.

2143 1833 2208 1886 El
2248 1833 2358 1906 7&9
2404 1835 2478 1906 μὴ
2518 1834 2678 1890 τοῦτο
2704 1832 2772 1906 ἦν
2801 1835 2999 1907 ἀληθὲς
3023 1880 3039 1903 ,
3064 1837 3212 1890 δυοῖν
3239 1839 3478 1910 ἀνάγκη
3516 1840 3724 1910 θάτερον

2142 1923 2447 1994 ὁμολογεῖν,
2493 1925 2527 1994 ἢ
2563 1925 2698 1996 μηδὲ
2730 1925 3057 1979 πεπονθέναι
3093 1944 3148 1979 τι
3181 1929 3511 1995 παντελῶς,
3555 1930 3723 1998 ἀπαθῆ

2143 2015 2209 2086 τῇ
2239 2013 2396 2081 φύσει
2420 2015 2791 2084 τυγχάνουσαν
2821 2015 2910 2068 διὰ
2941 2016 3046 2085 τὴν
3081 2016 3310 2084 ἕνωσιν,
3343 2019 3382 2088 ἦ
3419 2020 3728 2092 πάσχουσαν

2143 2105 2281 2168 ὅλως
2313 2108 2408 2176 τῆς
2434 2107 2677 2170 ἐνὼσεως
2705 2106 3120 2178 ἀποσχίζεσθαιη

2215 2285 2279 2336 Δ.
2307 2282 2370 2335 Εἰ
2396 2281 2580 2335 τοίνυν
2603 2325 2618 2348 ,
2659 2283 2868 2346 ἐκεῖνος
2893 2283 3025 2354 ἔφη,
3053 2286 3202 2338 κατά
3234 2301 3304 2353 γε
3333 2288 3476 2350 τοὺς
3506 2288 3633 2350 σοὺς
3653 2287 3726 2339 λέ-

2144 2388 2296 2440 γους,
2333 2369 2493 2439 φύσιν
2528 2373 2562 2440 ἡ
2603 2369 2740 2442 σὰρξ
2772 2370 2970 2442 ἔχουσα
2983 2372 3252 2443 παθητὴν
3301 2375 3382 2426 τά
3412 2391 3480 2428 τε
3509 2373 3644 2429 ἄλλα
3665 2374 3726 2426 £:‘

2145 2460 2313 2531 αὐτὴν
2336 2499 2352 2522 ,
2390 2460 2488 2513 καὶ
2515 2459 2578 2531 δὴ
2607 2460 2706 2514 καὶ
2735 2461 2828 2514 τὸν
2865 2460 3096 2516 θάνατον
3134 2463 3378 2533 ἐπέσχεν
3397 2505 3417 2528 ,
3452 2467 3722 2534 οἰχήσεται

2145 2551 2277 2622 ἡμῖν
2307 2551 2377 2604 τὰ
2407 2551 2700 2622 αὐχήματα
2731 2551 2826 2605 καὶ
2850 2551 3104 2606 διόλωλεν
3125 2597 3141 2620 ,
3171 2553 3319 2624 άπερ
3351 2553 3422 2620 ὲξ
3460 2557 3634 2626 αὐτῆς
3659 2557 3726 2618 ἇς

2145 2639 2212 2694 δι’
2241 2641 2391 2710 ἡμᾶς
2420 2639 2700 2710 παθούσης
2723 2639 3058 2712 ἐσχήκαμεν.

2219 2732 2281 2786 Ο.
2307 2731 2384 2784 Τὸ
2408 2731 2476 2786 δι’
2504 2731 2671 2802 ἡμᾶς,
2705 2731 2866 2802 ἔφην,
2896 2726 2942 2786 ὦ
2967 2732 3208 2802 βέλτιστε
3227 2775 3244 2798 ,
3272 2733 3488 2790 παθεῖν
3514 2737 3618 2806 τὴν
3642 2732 3724 2788 τοῦ

2148 2822 2357 2894 Κυρίου
2387 2823 2564 2892 σάρκα
2596 2821 2788 2886 διττῶς
2817 2822 3056 2890 λέγεται,
3080 2825 3164 2877 ὅτι
3191 2840 3258 2878 τε
3311 2826 3726 2898 συγχωροῦντος

483 2932 632 2976 tente
657 2921 841 2978 Verbo
868 2919 1051 2991 passio
1073 2919 1221 2974 circa
1249 2917 1424 2986 ipsam
1474 2913 1694 2979 accidit,
1721 2913 1850 2982 quia
1891 2911 2046 2966 scili-

2151 2913 2243 2968 τοῦ
2265 2913 2438 2982 Λόγου
2461 2913 2522 2966 τὺ
2543 2913 2668 2985 περὶ
2690 2914 2862 2980 αὐτὴν
2887 2913 3060 2977 πάθος
3088 2913 3390 2970 συνέϐαινε
3417 2917 3722 2988 (δννάμενες

482 3017 570 3066 εει
595 3025 720 3066 cum
739 3009 1035 3080 prohibere
1049 3016 1260 3078 posset,
1283 3021 1392 3061 non
1407 3005 1714 3076 prohibuit,
1737 3010 1800 3056 ut
1821 3015 2049 3070 magnus

481 3102 815 3158 Athanasius
851 3102 964 3166 ait;
1013 3112 1070 3154 et
1096 3164 1103 3169 _
1127 3097 1274 3168 quod
1331 3095 1582 3164 superior
1626 3092 1776 3148 omni
1823 3099 2051 3161 peccato

481 3211 608 3250 cum
635 3202 802 3258 esset,
831 3207 944 3246 non
965 3189 1202 3244 debebat
1229 3193 1455 3256 propter
1483 3199 1542 3238 se
1576 3191 1832 3246 mortem,
1873 3183 2050 3251 siqui-

481 3287 608 3340 dem
666 3281 937 3353 principio
985 3293 1136 3334 mors
1198 3285 1426 3346 propter
1487 3281 1774 3344 peccatum
1827 3273 2048 3341 irrupit,

482 3383 540 3429 et
575 3373 632 3426 in
668 3380 837 3425 totam
863 3377 1116 3424 naturam
1167 3369 1462 3420 humanam
1505 3361 1772 3432 pervasit,
1825 3364 1885 3416 in
1924 3377 2047 3432 quo,

483 3463 662 3534 inquit
689 3460 914 3525 Paulus,
943 3474 1120 3513 omnes
1143 3464 1486 3529 peccaverunt
1523 3456 1596 3508 ίδε
1636 3469 1748 3512 non
1765 3455 1911 3509 enim
1941 3461 2046 3519 est,

483 3551 580 3610 aut
613 3553 716 3609 fuit
738 3553 808 3608 ab
837 3551 986 3607 omni
1015 3549 1214 3606 saeculo
1235 3549 1416 3604 anima
1449 3547 1691 3603 heminis
1727 3545 2046 3608 voluntarii,

483 3654 539 3700 et
562 3659 670 3698 non
695 3640 994 3698 voluntarii
1042 3637 1256 3710 peccati
1292 3654 1451 3708 pura.
1478 3639 1594 3694 lmo
1641 3638 1806 3692 etiam
1835 3635 2048 3690 animas

487 3745 798 3791 sanctorum
837 3731 1060 3786 Patrum
1115 3729 1326 3800 aliquid
1351 3729 1596 3784 sordium
1634 3735 1692 3782 et
1728 3722 1876 3792 vitii,
1909 3733 1966 3780 et
2002 3725 2049 3780 si

486 3841 598 3881 non
628 3821 930 3904 secundum
979 3829 1185 3885 actum,
1209 3820 1401 3874 saltem
1433 3818 1824 3890 cogitationem
1876 3815 2050 3871 admi-

485 3917 622 3986 sisse
651 3915 852 3970 dicam.
878 3912 946 3968 Et
1007 3911 1115 3966 hoc
1150 3918 1338 3980 aperte
1387 3910 1520 3964 licet
1547 3924 1616 3964 ex
1671 3909 1906 3963 Domino
1952 3907 2050 3962 do-

485 4015 644 4062 cente
669 4005 882 4067 audire,
905 4015 1031 4059 cum
1055 4001 1168 4057 ait:
1199 3999 1350 4056 Venit
1373 4003 1615 4072 princeps
1648 3999 1807 4070 hujus
1841 3999 2046 4064 mundi,

485 4107 532 4153 et
563 4100 618 4152 in
641 4113 722 4152 me
741 4095 870 4150 nihil
894 4095 1090 4149 invenit
1121 4095 1186 4146 ³⁸.
1211 4091 1352 4147 Cum
1395 4089 1532 4146 dixit
1565 4093 1621 4144 in
1641 4107 1728 4144 me
1762 4101 1820 4144 et
1873 4088 2046 4154 nihil,

479 4178 644 4265 plane
665 4187 1010 4260 signiﬁcavit,
1043 4201 1104 4242 se
1129 4184 1308 4240 solum
1331 4183 1401 4238 ab
1447 4183 1602 4238 omni
1630 4191 1859 4252 peccato
1879 4182 2046 4234 etiam

2147 3003 2258 3076 7&9
2295 3003 2522 3057 κωλύειν
2552 3003 2654 3058 οὒκ
2686 3004 2949 3068 ἐκώλυσε,
2985 3001 3127 3058 κατὰ
3153 3006 3250 3058 τὸν
3275 3005 3467 3076 μέγαν
3513 3007 3728 3062 Ἀθανά-

2149 3095 2307 3163 σιον),
2328 3093 2418 3148 καὶ
2436 3093 2519 3146 ὅτι
2552 3094 2735 3172 πάσης
2757 3094 3033 3166 ἁμαρτίας
3060 3093 3326 3166 κρείττων
3351 3099 3619 3164 φανεῖσα,
3640 3098 3724 3150 οὐκ

2148 3183 2444 3254 ἔχρεὼστει
2474 3182 2543 3236 δι’
2575 3182 2772 3253 ἑαυτὴν
2807 3183 3038 3237 θάνατον
3057 3199 3074 3214 ·
3107 3183 3272 3255 εἴπερ
3301 3185 3410 3238 καί.
3441 3186 3547 3256 τὴν
3569 3185 3726 3256 ἀρχὴν

2147 3277 2177 3330 ὸ
2202 3275 2430 3338 θάνατος
2467 3274 2556 3327 διὰ
2582 3273 2682 3345 τὴν
2713 3275 2990 3346 ἁμαρτίαν
3017 3274 3320 3346 εἰσέφρησε
3345 3317 3364 3342 ,
3397 3279 3501 3331 καὶ
3521 3279 3612 3332 διὰ
3637 3276 3727 3329 πά-

2149 3385 2250 3438 σης
2330 3367 2616 3438 κεχώρηκε
2665 3367 2768 3436 τῆς
2817 3367 3171 3440 ἀνθρωπίνης
3231 3370 3488 3439 φύσεως,
3537 3367 3728 3442 ἐφ’ᾧ,

2148 3457 2290 3511 κατὰ
2321 3457 2413 3510 τὸν
2452 3455 2685 3520 Παῦλον,
2735 3455 2960 3522 πάντες
2989 3457 3258 3526 ἥμαρτον
3279 3477 3296 3490 ·
3326 3463 3396 3514 οὐ
3427 3463 3545 3534 γάρ
3593 3464 3724 3515 ἐστιν

2147 3549 2181 3621 ἦ
2237 3551 2458 3618 γέγονεν
2507 3551 2571 3604 ἐκ
2613 3549 2707 3604 τοῦ
2761 3551 2961 3615 παντὸς
3004 3553 3203 3617 αἲῶνος
3225 3554 3532 3622 ἀνθρώπου
3572 3557 3722 3626 ψυχὴ,

2147 3641 2396 3695 ἑκουσίου
2419 3658 2478 3694 τε
2509 3641 2544 3712 ἢ
2571 3640 2826 3696 ἀκουσίου
2850 3641 3127 3713 ἁμαρτίας
3152 3643 3402 3714 καθαρά.
3453 3645 3622 3700 um
3643 3647 3724 3700 καὶ

2147 3732 2248 3796 τὰς
2279 3729 2388 3785 τῶν
2417 3730 2590 3800 ἁγίων
2613 3729 2794 3802 ψυχὰς
2836 3731 3045 3802 εἴποιμ’
3070 3735 3139 3788 ἂν
3173 3735 3411 3804 μικρὸν,
3447 3739 3501 3788 εί
3536 3739 3632 3790 καὶ
3659 3739 3730 3807 μὴ

2148 3823 2270 3876 κατ’
2291 3821 2612 3896 ἐνέργειαν,
2649 3821 2766 3876 ἀλλ’
2811 3819 2904 3876 οὖν
2933 3837 2998 3891 γε
3034 3823 3182 3878 κατὰ
3217 3825 3478 3881 διάνοιαν
3519 3829 3727 3888 πάντως

2150 3914 2326 3984 ῥύπου
2385 3913 2585 3978 κακίας
2641 3912 2982 3979 εἰσδέξασθαι
3040 3931 3116 3970 τι.
3177 3916 3288 3968 Καὶ
3336 3917 3514 3972 τοῦτο
3553 3919 3725 3988 caeli;

2149 4005 2298 4059 ἐστιν
2327 4003 2556 4058 ἀκοῦσαι
2587 4003 2682 4057 τοῦ
2712 4003 2925 4075 Κυρίου
2952 4001 3317 4072 διδάσκοντος,
3338 4007 3403 4062 ἓν
3427 4003 3520 4074 οἷς
3547 4026 3720 4082 φησιν·

2154 4097 2433 4164 Ἔρχεται
2454 4098 2488 4148 ό
2505 4094 2706 4163 ἄρχων
2725 4093 2832 4148 τοῦ
2853 4095 3090 4164 κόσμου
3113 4099 3350 4164 τούτου,
3381 4103 3488 4155 καί
3514 4103 3587 4156 ἐν
3606 4098 3728 4170 ἐμοὶ

2149 4187 2418 4254 εὑρίσκει
2448 4183 2648 4239 οὐδέν.
2693 4179 2767 4237 Τὸ
2796 4185 2906 4257 γὰρ
2943 4187 3013 4240 ἐν
3043 4183 3172 4256 ἐμοὶ
3225 4189 3324 4242 καὶ
3352 4189 3420 4243 τὺ
3447 4191 3720 4245 01‘;ch-

445 4319 459 4335 .
481 4279 833 4363 cogitationis
857 4279 1090 4334 liberum
1117 4276 1312 4330 fuisse.
1351 4273 1720 4341 Quamobrem
1770 4271 2046 4327 damnatio

2155 4275 2274 4330 πὼν
2310 4273 2604 4363 διαρρήδην
2633 4275 2938 4343 ὑπέδειξεν,
2969 4279 3050 4331 ὅτι
3076 4294 3140 4346 γε
3171 4279 3334 4348 μόνος
3367 4281 3597 4349 ἁπάσης
3631 4296 3723 4350 ius

485 4362 696 4444 peccati
725 4388 850 4428 cum
885 4371 1098 4425 nullum
1129 4369 1312 4424 locum
1363 4367 1425 4421 in
1449 4381 1517 4422 eo
1571 4365 1888 4436 reperissct.
1921 4362 2052 4419 sub-

476 4463 646 4537 _stitit,
700 4473 758 4518 et
812 4461 1230 4529 circumscripta
1277 4467 1384 4524 est,
1431 4467 1488 4512 et
1525 4471 1558 4511 a
1619 4457 1729 4512 reis
1791 4456 2050 4525 deinceps

475 4551 733 4628 _recessit.
761 4549 972 4608 Mortua
997 4548 1154 4604 enim.
1202 4559 1349 4600 mors
1379 4555 1483 4611 est,
1507 4559 1631 4599 cum
1656 4559 1877 4600 carnem
1929 4559 2051 4614 qua:

488 4656 599 4694 non
657 4647 1008 4710 peccaverat,
1056 4637 1384 4709 deguStavit.
1439 4635 1768 4690 Existimare
1825 4645 2047 4700 autem,

471 4731 638 4810 [quod
663 4744 790 4786 caro
818 4737 1015 4784 natura
1055 4724 1325 4796 passionis
1353 4739 1570 4796 expers,
1605 4731 1662 4779 et
1704 4723 2050 4791 immortalis,

469 4820 639 4902 quod
693 4825 919 4901 natura;
953 4819 1076 4890 ejus
1139 4829 1254 4871 non
1311 4816 1490 4871 inerat
1534 4823 1734 4885 sponte
1793 4815 2048 4880 admisit,

493 4913 730 4982 primum
779 4895 992 4982 pridem
1041 4908 1150 4964 hoc
1195 4913 1282 4963 est
1313 4907 1584 4978 ignorare,
1640 4905 1783 4962 velle
1837 4915 1894 4962 et
1940 4921 2051 4962 non

469 5001 632 5082 velle
673 5017 785 5056 non
827 5013 948 5057 esse
991 4997 1175 5056 carnis
1225 4997 1530 5068 proprium,
1581 4994 1677 5051 sed
1737 4995 1934 5051 animae
1964 5011 2050 5050 ra~

493 5091 736 5156 tionalis,
769 5091 824 5146 in
847 5104 955 5160 qua
983 5098 1228 5160 potestas
1251 5087 1414 5142 liberi
1449 5087 1686 5154 arbitrii,
1715 5095 1772 5143 et
1802 5088 2056 5141 volunta-

2158 4369 2362 4439 μένηκε
2399 4367 2496 4420 καὶ
2523 4360 2626 4436 τῆς
2655 4363 2781 4420 κατ’
2818 4367 3067 4422 ’ἐπίνοιαν
3103 4369 3382 4440 ἁμαρτίας
3426 4370 3720 4440 ἐλεύθερος.

2153 4462 2246 4514 Διὸ
2276 4462 2370 4515 καὶ
2411 4459 2473 4514 τὸ
2514 4457 2616 4530 τῆς
2641 4461 2923 4532 ἁμαρτίας
2965 4462 3280 4533 κατάκριμα
3319 4464 3601 4535 μηδεμίαν
3641 4463 3722 4516 ἐτ’

2154 4551 2302 4622 αὑτῷ
2331 4552 2514 4622 χώραν
2555 4552 2716 4622 εὑρέιν
2734 4593 2760 4618 ,,
2782 4553 2914 4622 ἔστη
2957 4553 3052 4608 καὶ
3083 4555 3443 4625 περιεγράφη
3463 4597 3480 4621 ,
3509 4559 3606 4610 καὶ
3627 4555 3722 4608 ὧν

2155 4643 2420 4698 ὑπαιτίων
2460 4646 2540 4708 είς
2569 4644 2630 4696 τὸ
2659 4641 2787 4712 ἑξῆς
2811 4643 3226 4716 ἀνακεχωρηκε.
3271 4645 3528 4716 Τέθνηκε
3566 4647 3674 4718 7&9
3697 4645 3724 4694 ὁ

2151 4731 2414 4796 θάνατος,
2460 4735 2845 4804 άναμαρτήτου
2899 4733 3101 4804 σαρκὸς
3141 4735 3623 4807 ἀπογευσάμενος.
3657 4732 3724 4788 τὶ

2147 4821 2205 4874 δέ
2244 4839 2308 4891 γε
2363 4821 2571 4876 οἴεσθαι
2613 4821 2690 4886 ὡς
2736 4821 2951 4892 ἀπαθὴς
2995 4825 3062 4894 τῇ
3101 4822 3262 4892 φύσει
3313 4823 3414 4878 καὶ
3464 4825 3724 4879 ἀθάνατος

2149 4907 2316 4978 οὖσα,
2355 4913 2416 4966 τὸ
2449 4912 2524 4984 μὴ
2563 4915 2632 4986 τῇ
2670 4911 2831 4982 φύσει
2867 4913 3005 4984 πρὸς
3048 4913 3108 4967 δν
3167 4909 3501 4978 ἐθελουσίως
3559 4932 3724 4986 προσ.

2151 5003 2344 5075 ήκατο,
2373 5005 2588 5074 πρῶτον
2628 5003 2854 5074 μὲνοῦκ
2882 5003 3101 5059 είδότων
3136 5005 3302 5068 ἐστὶν,
3324 5005 3407 5060 δτι
3441 5007 3508 5060 τδ
3545 5005 3727 5075 podis-

2151 5095 2278 5148 σθαι
2305 5096 2397 5149 καὶ
2432 5095 2506 5166 μὴ
2541 5095 2850 5166 βούλεσθαι,
2884 5096 2984 5150 οὐκ
3021 5095 3135 5150 ἔστι
3170 5097 3374 5168 σαρκὸς
3414 5097 3577 5163 ἴδιον,
3601 5097 3730 5152 ἁ).ὶεὶ

467 5172 568 5236 ἰῑε
607 5181 663 5235 in
715 5189 1008 5249 utramque
1055 5187 1266 5248 partem
1320 5177 1620 5247 propensio
1672 5185 1730 5232 et
1774 5177 2046 5232 inclinatio

2151 5177 2378 5252 λογικῆς
2413 5183 2592 5253 ψυχῆς
2618 5197 2633 5214 ο
2663 5183 2792 5253 περὶ
2820 5185 2888 5256 ἢν
2925 5187 2960 5255 ἡ
2997 5182 3414 5257 αὖτεξουσιότης
3458 5203 3524 5242 τε
3585 5190 3726 5249 καὶῆ

473 5271 761 5326 'cernitur.
797 5269 1006 5326 Deinde
1057 5269 1268 5324 faciunt
1319 5281 1440 5324 eam
1485 5279 1660 5333 ream,
1705 5281 1828 5336 quae
1879 5267 2046 5322 voluil

2151 5273 2241 5344 ἐφ’
2263 5273 2502 5344 ἑκάτερα
2557 5271 2651 5328 τοῦ
2701 5264 2897 5330 θέλειιῖ
2929 5275 3068 5346 ῥοπὴ
3118 5275 3432 5346 θεωρείται.
3497 5279 3730 5332 Ἔπειτα

498 5360 645 5433 quod
685 5370 881 5431 praeter
909 5373 1157 5416 naturam
1210 5367 1360 5424 erat;
1409 5369 1464 5414 et
1504 5359 1557 5414 id
1594 5358 1780 5430 elegit,
1817 5360 1889 5416 ad
1915 5360 2046 5433 quod

2151 5363 2248 5417 ’καὶ
2326 5363 2571 5418 ὑπαίτιον
2629 5362 2796 5434 αὐτὴν
2845 5361 2986 5419 εἶναι
3055 5368 3574 5434 κατασκευάζουσιν
3593 5413 3612 5437 ,
3675 5370 3732 5422 τι

579 5536 622 5568 ⁸⁸
666 5535 820 5593 Rom.
849 5553 901 5600 v,
937 5537 1024 5593 12.
1101 5537 1140 5570 ¹⁹
1167 5537 1323 5597 Joan.
1366 5553 1478 5600 xw,
1507 5537 1598 5592 30.
