3912 6298
142 257 300 326 1333

1206 267 1503 329 CONTRA
1543 271 1857 332 NESTOR.
1893 274 1987 332 ET
2027 276 2348 337 EUTYCH.

3271 271 3404 340 1324

137 371 311 439 παρά
340 371 440 443 τὴν
476 369 637 438 φύσιν
678 369 958 439 θελοᾶσςς,
985 373 1076 425 καὶ
1100 372 1128 424 ὃ
1163 374 1238 443 μὴ
1278 377 1520 443 πέφυκεν
1548 378 1730 446 αἱρου-

1839 388 1964 432 nata
1999 395 2110 434 non
2151 391 2291 435 erat.
2323 382 2422 435 Hic
2471 389 2655 436 autem
2697 382 2924 436 ultimus
2963 381 3176 450 peccati
3223 382 3398 440 limes.

140 465 354 534 μένης.
379 455 549 525 Οὗτος
577 463 633 516 δὲ
664 464 774 531 ἅμα
787 463 937 532 ρτίας
965 464 1088 533 ὄρος
1117 467 1144 516 ὁ
1168 465 1412 534 ἔσχατος.
1446 468 1555 520 Καὶ
1579 467 1735 519 τοῦτο

137 555 204 606 δὲ
245 555 323 623 μὴ
348 553 769 622 καταλείψωμεν
795 554 1295 623 ἀπαρασήμαντον,
1335 556 1419 610 ὅτι
1451 557 1620 626 τριῶν
1649 558 1735 610 ai-

139 647 290 698 τιῶν
317 646 740 716 θεωρουμένων,
791 646 852 710 ἐξ
885 641 960 698 ὧν
1005 649 1154 700 πᾶσα
1191 649 1536 727 ἀποτελεῖται
1577 650 1732 718 ἐνέρ-

139 754 302 804 γεια·
333 740 365 807 ὴ
403 739 500 807 μὲν
529 739 638 806 γάρ
665 740 812 790 ἐστιν
845 741 918 792 ἐκ·
933 739 1169 808 φυσικῆς
1197 741 1500 810 δυνάμεως,
1531 744 1563 812 ἡ
1589 743 1645 794 δὲ
1670 745 1735 795 ὲκ

140 829 525 899 παρατροπῆς
553 831 653 898 τῆς
685 829 825 882 κατά
858 830 1018 898 φύσιν
1047 831 1234 895 ἕξεως,
1259 834 1291 902 ἡ
1317 832 1374 884 δὲ
1407 833 1571 902 ἑτέρα
1599 835 1734 885 θεωο

142 921 336 988 ρείται
377 919 519 972 κατά
546 919 656 987 τὴν.
698 920 841 984 πρὸς.
865 919 926 971 τὸ
951 923 1198 988 κρεῖττον
1231 921 1495 975 ἀνάϐασίν
1527 939 1586 974 τε
1642 923 1735 974 καὶ

140 1009 418 1078 πρόοδονο
447 1009 705 1078 τούτωνὴ
745 1009 846 1076 μὲν
879 1010 1106 1079 φυσικὴ,
1134 1011 1166 1079 ἡ
1198 1011 1255 1062 δὲ
1292 1011 1442 1078 παρὰ
1475 1010 1659 1076 φύσιν,
1698 1011 1731 1080 ή

137 1099 204 1154 δὲ
241 1101 387 1169 ὑπὲρ
413 1100 576 1167 φύσιν
607 1101 722 1152 ἐστὶ
747 1101 840 1152 καὶ
867 1099 1215 1168 ὀνομάζεται.
1259 1101 1324 1152 Ἥ
1351 1101 1448 1169 μὲν
1463 1097 1555 1154 οὖν
1584 1101 1734 1167 παρά

139 1191 344 1261 φύσιν,
373 1192 493 1246 κατ’
523 1191 656 1244 αὑτό
695 1207 756 1258 γε
790 1191 850 1243 τὺ
899 1190 1090 1259 ὄνομα,
1132 1193 1453 1253 ἁπόπτωσίς
1485 1209 1566 1254 τις
1599 1187 1733 1244 οὖσα

139 1285 266 1338 τῶν
297 1283 541 1351 φυσικῶν
567 1283 732 1346 ἕξεων
761 1286 854 1336 καὶ
893 1283 1197 1352 δυνάμεων,
1228 1284 1548 1353 λυμαίνεται
1577 1288 1642 1354 τῇ
1675 1301 1733 1336 τε

140 1376 318 1446 οὐσίᾳ
346 1377 505 1446 αὐτῇ,
534 1375 628 1427 καὶ
659 1377 780 1435 ταῖς
805 1377 1008 1442 ταύτης
1043 1377 1296 1440 φυσικαῖς
1329 1376 1743 1444 ὲνεργείαις.⁹Ην

139 1467 206 1521 δὲ
265 1469 469 1536 φυσικὴ
512 1469 574 1520 ἐκ
602 1467 702 1535 τῆς
743 1465 1194 1536 ἁπαραποδίστου
1248 1466 1342 1518 καὶ
1398 1469 1538 1519 κατὰ
1572 1467 1734 1534 φύσιν

140 1559 560 1630 ὲρηρεισμένης
595 1559 934 1610 ἀποτελεῖται
973 1557 1172 1620 αἰτίας,
1226 1557 1294 1610 'H
1321 1558 1378 1610 δὲ
1408 1558 1545 1627 ὑπὲρ
1576 1558 1735 1624 φύσιν

140 1651 352 1717 ἀνάγει
379 1669 438 1702 τε
471 1651 564 1704 καὶ
589 1651 733 1715 sed,
758 1652 854 1703 καὶ
878 1652 1013 1718 πρὸς
1036 1650 1106 1702 τὰ
1135 1650 1452 1721 τελειότερα
1483 1651 1730 1719 δυναμοῖ,

141 1743 250 1796 καὶ
286 1742 429 1812 ἅπερ
460 1743 559 1795 οὐκ
609 1743 674 1796 ἂν
708 1742 928 1812 ἴσχυσεν
957 1746 1198 1811 ενεργείν
1237 1745 1348 1804 τοῖς
1395 1743 1536 1794 κατὰ
1570 1743 1732 1810 φύσιν

138 1835 586 1903 ἑναπομείνασα.
643 1835 758 1888 Οὐκ
805 1834 953 1887 ἐστιν
992 1830 1083 1886 οὖν
1121 1833 1192 1886 τὰ
1238 1834 1378 1904 ὑπὲρ
1425 1834 1586 1902 φύσιν
1625 1834 1732 1886 τῶν

128 1927 300 1982 ’κατὰ
331 1926 495 1995 φύσιν
523 1926 866 1996 ἀναιρετικά,
893 1925 1032 1978 ἀλλὰ
1056 1926 1362 1994 παράγωγα
1400 1926 1496 1977 καὶ
1527 1942 1734 1995 παρορ-

141 2003 386 2087 mnis,
418 2019 497 2078 εἰς
535 2016 596 2068 τὸ
627 2017 856 2070 κάκεῖνά
885 2033 946 2068 τε
983 2015 1276 2084 δυνηθῆναι
1302 2055 1316 2076 ,
1352 2016 1444 2068 καὶ
1473 2015 1572 2083 τὴν
1597 2015 1733 2084 πρὸς

138 2110 216 2163 τὰ
250 2107 396 2178 ὑπὲρ
418 2106 593 2160 ταῦτα
621 2106 851 2177 δύναμιν
885 2106 1235 2176 προσλαϐεῖν.

223 2377 286 2424 Α.
327 2370 740 2440 Παραδέίγματι
777 2368 1092 2439 οἰκειοτέρῳ
1145 2368 1443 2436 σαφήνισον
1478 2367 1540 2418 τὸ
1570 2366 1739 2433 λεγό-·

144 2483 320 2538 μενον
351 2483 365 2496 ·
396 2465 458 2518 οὐ
493 2466 601 2535 γάρ
636 2481 736 2533 μου
766 2465 794 2514 ὁ
827 2463 950 2524 νοῦς
987 2479 1072 2514 πω
1106 2455 1250 2513 εἷλεν
1275 2460 1426 2513 αὑτό.
1484 2490 1486 2492 -

216 2560 287 2612 Ο.
327 2557 526 2627 Σκόπει
548 2556 627 2619 δὲ,
659 2555 816 2625 ἔφην,
845 2548 889 2621 ᾧ
921 2552 1011 2622 δὴ,
1040 2551 1292 2622 καθάπερ
1313 2551 1400 2603 ἐπὶ
1431 2551 1541 2602 τῶν
1555 2565 1732 2618 τεχνι-

141 2652 265 2712 κῶς
314 2647 844 2716 κατεσκευασμένων
887 2645 1034 2698 ἐστιν
1089 2645 1238 2708 ἰδεῖν,
1277 2639 1730 2712 μετακοσμοῦσαν

139 2743 249 2810 τὴν
304 2740 498 2809 τέχνην
547 2737 625 2807 τῷ
665 2736 1171 2806 κατασκευάσματι,
1215 2733 1306 2787 καὶ
1345 2733 1443 2802 τὴν
1494 2731 1729 2802 φυσικὴν

141 2834 248 2900 τῆς
275 2829 645 2898 ὑποκειμένης
680 2826 810 2896 ὕλης
841 2827 1119 2896 ἀμορφίαν
1148 2825 1242 2876 ἐπὶ
1269 2824 1330 2878 τὺ
1364 2821 1728 2893 εὐπρεπέστε-

145 2938 247 2992 ρον
302 2919 489 2988 σχῆμά
535 2935 596 2970 τε
649 2919 746 2971 καὶ
795 2913 934 2979 εἶδος
987 2916 1344 2984 μετάγουσαν.
1377 2916 1471 2966 καὶ
1508 2913 1642 2982 πρὸς
1671 2912 1730 2965 τὸ

1837 468 1948 523 Nec
1975 469 2079 524 hoc
2131 481 2215 526 est
2253 473 2372 527 sine
2420 473 2898 528 animadversione
2941 474 3404 542 pmtereundum,

1837 560 1984 628 quod
2015 577 2140 616 cum
2183 573 2296 618 tres
2317 579 2496 619 causa:
2548 575 2844 620 cernantur
2873 581 2941 621 ex
2984 566 3188 635 quibus
3226 569 3407 621 omnis

1835 661 1990 708 actus
2023 655 2410 723 proﬁciscitur,
2455 675 2597 712 unus
2655 659 2876 728 quidem
2918 667 3003 713 est
3051 674 3117 714 ex
3168 659 3400 714 naturali

1835 753 1999 812 poten
2009 746 2080 800 tia
2097 764 2111 812 ;
2141 749 2284 802 alius
2300 765 2431 806 vero
2447 765 2529 804 ex
2544 749 2938 819 depravatione
2961 750 3182 804 habitus
3209 765 3404 804 secun-

1834 835 1964 888 dum
1982 847 2110 890 natu
2119 854 2231 892 ram
2249 857 2264 905 ;
2292 839 2488 894 tertius
2504 840 2886 895 consideratur
2901 839 3404 904 secuiidumfascen-

1834 941 1954 980 sum
1988 937 2044 981 et
2087 945 2434 999 progressum
2473 931 2542 986 ad
2591 932 2814 986 melius:
2850 948 2913 986 ex
2945 931 3032 986 his
3077 932 3290 999 primus
3319 939 3405 987 est

1835 1021 2137 1086 naturalis;
2171 1023 2449 1077 secundus
2479 1032 2678 1092 praeter
2704 1035 2992 1087 naturam;
3027 1021 3222 1076 tertius
3239 1038 3403 1090 supra

1834 1119 2084 1164 naturam
2137 1123 2239 1177 est,
2284 1125 2340 1168 et
2394 1116 2732 1169 nominatur.
2777 1115 2872 1168 [lle
2923 1129 3057 1184 ergo
3103 1121 3258 1168 actus
3307 1115 3400 1182 qui

1833 1212 2060 1254 vocatur
2093 1211 2292 1270 praeter
2329 1215 2604 1270 naturam,
2627 1207 2720 1274 qui
2745 1215 2826 1260 est
2847 1205 3126 1259 aberratio
3155 1203 3403 1274 quaedam

1834 1304 1876 1341 a.
1899 1291 2242 1346 naturalibus
2290 1294 2574 1349 habitibus
2627 1307 2684 1351 et
2729 1297 3012 1366 potentiis,
3069 1297 3233 1351 laedit.
3266 1297 3419 1351 sub--

1833 1380 2091 1434 stantiam
2157 1383 2330 1450 ipsam
2377 1393 2434 1438 et
2485 1386 2837 1454 operationes
2887 1389 3011 1456 ejus
3076 1389 3400 1442 naturales:

1834 1471 2104 1525 naturalis
2137 1483 2320 1527 autem
2352 1485 2508 1529 actus
2558 1491 2628 1529 cx
2663 1492 2825 1531 causa
2872 1493 2981 1530 non
3036 1478 3319 1545 impedita,
3351 1487 3406 1531 et

1835 1560 2136 1612 secundum
2172 1574 2420 1615 naturain
2452 1565 3036 1632 nixusproficiscitur:
3086 1574 3242 1618 actus
3273 1580 3408 1619 vero

1836 1666 2000 1718 supra
2036 1661 2312 1716 naturam,
2342 1655 2548 1716 evehit.
2575 1663 2630 1708 et
2662 1657 2863 1720 elevat,
2896 1665 2960 1710 et
2976 1657 3043 1709 ad
3075 1657 3404 1726 perfectiora

1837 1743 2082 1809 roborat,
2134 1754 2192 1799 et
2230 1745 2296 1799 ad
2343 1761 2406 1799 ea
2461 1762 2582 1815 qua:
2611 1763 2721 1800 non
2771 1748 3041 1816 potuisset
3079 1747 3318 1810 elliccre,
3359 1749 3403 1801 si

1836 1833 1896 1886 in
1942 1833 2010 1887 iis
2067 1850 2190 1903 qua:
2247 1844 2372 1889 sunt
2431 1837 2734 1890 Secundum
2785 1847 3040 1891 naturam
3093 1839 3402 1894 mansisset.
3487 1886 3492 1890 .

1833 1923 1964 1990 Qua:
1995 1925 2164 1994 igitur
2195 1942 2362 1994 supra
2417 1939 2670 1981 naturam
2723 1939 2872 1990 sunt,
2929 1944 3038 1980 non
3081 1928 3427 1986 interimunt.

1834 2031 1954 2083 quae
1985 2024 2115 2070 sunt
2146 2018 2446 2072 secundum
2477 2027 2749 2082 naturam,
2785 2019 2878 2072 sed
2921 2018 3104 2087 potius
3127 2018 3407 2072 deducunt

1834 2116 1890 2159 et
1911 2107 2218 2175 impellunt,
2254 2117 2315 2161 ut
2358 2124 2566 2176 eaquae
2596 2109 2902 2162 secundum
2946 2118 3197 2162 naturam
3251 2117 3401 2170 sunt,

1836 2197 2128 2265 possimus,
2171 2209 2228 2253 et
2257 2199 2520 2263 virtutem
2556 2198 2623 2252 ad
2655 2214 2719 2252 ea
2741 2214 2862 2267 quae
2906 2213 3071 2267 supra
3101 2198 3217 2252 hate
3254 2207 3412 2261 sunt,

1833 2288 2189 2356 accipiamus.

1902 2379 1966 2433 H.
2000 2381 2282 2450 Exemplo,
2308 2382 2506 2451 inquit,
2531 2382 2785 2436 familiari
2815 2383 3034 2437 declara
3059 2381 3208 2452 quod
3230 2381 3401 2446 dicis;

1831 2471 2075 2526 nondum
2111 2473 2258 2525 enim
2300 2488 2454 2527 mens
2480 2489 2599 2527 mea
2637 2474 2769 2528 illud
2799 2475 3054 2544 percipit.

1899 2560 1963 2615 Ο.
1997 2563 2320 2626 Considera,
2350 2567 2594 2634 inquam,
2623 2568 2704 2621 sic
2732 2584 2746 2619 :
2781 2567 2938 2622 Sicut
2963 2568 3018 2623 in
3044 2569 3112 2622 iis
3137 2584 3258 2637 quae
3287 2575 3404 2622 arte

1833 2652 1988 2717 fiunt,
2051 2655 2241 2710 videre
2295 2656 2446 2721 licet,
2506 2657 2971 2727 quemadmodum
3035 2675 3126 2713 ars
3173 2659 3406 2712 artiﬁcio

1831 2761 2007 2806 mutat
2055 2753 2111 2806 in
2167 2755 2328 2808 aliam
2373 2755 2643 2819 formam,
2695 2765 2752 2810 et
2797 2758 3103 2811 naturalem
3165 2757 3406 2810 materia:

1831 2839 2093 2910 subjectae
2120 2841 2542 2898 deformitatem
2578 2845 2644 2898 ad
2669 2846 3045 2914 pulchriorem
3069 2846 3323 2901 habitum
3351 2857 3406 2900 et

1831 2930 2070 3000 speciem
2108 2931 2383 2996 transfert,
2436 2942 2493 2987 et
2523 2934 2695 3003 magis
2724 2935 2794 2989 ad
2847 2936 3144 2990 utilitatem
3170 2945 3402 2999 evocat;

142 3009 414 3083 χρειῶδες
471 3006 668 3078 μᾶλλον
713 3005 1158 3076 ἐπικαλουμένην·
1215 3003 1500 3074 χαρίζεται
1545 3002 1652 3074 γὰρ
1695 3005 1726 3072 ἡ

1839 3021 2061 3091 largitur
2109 3022 2257 3076 enim
2293 3038 2404 3088 ars,
2446 3024 2595 3093 quod
2622 3002 2848 3080 inatura
2907 3042 3018 3081 non
3064 3027 3298 3081 habuit:
3337 3028 3404 3081 ad

143 3103 320 3172 τέχνη
354 3102 489 3171 ὅπερ
521 3101 619 3153 οὑκ
644 3098 801 3166 ἔσχεν
828 3099 861 3166 ὴ
895 3095 1056 3164 φύσις
1076 3111 1089 3124 ·
1121 3093 1264 3147 οὕτω
1289 3097 1398 3166 γὰρ
1439 3095 1592 3148 αὐλοὶ
1636 3097 1730 3148 καὶ

145 3194 400 3262 κιθάραι,
427 3192 522 3245 καὶ
547 3191 614 3244 τὰ
643 3189 853 3250 τούτοις
873 3188 987 3240 τῶν
1028 3188 1276 3258 ὁργάνων
1300 3189 1461 3256 ὃμοια
1494 3187 1728 3254 φθέγγε-

147 3286 283 3340 σθαι
315 3284 466 3354 παρὰ
491 3283 591 3352 τῆς
619 3283 816 3351 τέχνης
845 3279 1270 3349 ἐξεϐιάσθησανο
1299 3277 1443 3331 οὕτω
1473 3283 1566 3331 καὶ
1589 3281 1728 3332 πλα-

149 3377 319 3446 στικὴ
353 3378 421 3430 τά
452 3393 511 3428 τε
551 3375 686 3428 ἄλλα
714 3375 808 3426 καὶ
839 3373 929 3426 τὸν
966 3371 1166 3441 χρυσὸν
1189 3368 1268 3432 εἷς
1293 3387 1353 3422 τε
1390 3369 1560 3438 μυρία
1584 3371 1728 3438 γένη

145 3471 264 3524 τῶν
317 3469 524 3534 ἀλόγων
579 3464 754 3529 ζώων,
795 3464 886 3517 καί
931 3479 995 3531 γε
1053 3462 1189 3531 πρὸς
1239 3461 1336 3524 τὰς
1379 3460 1728 3530 ἀνθρωπικὰς

150 3557 480 3630 μεταμείϐει
516 3554 761 3624 μορψὰςο
798 3555 1071 3623 μηχανική
1113 3570 1172 3604 τε
1215 3551 1283 3605 αὖ
1323 3551 1484 3604 πάλιν
1534 3553 1730 3620 ἀστρο-

143 3648 384 3719 ωμικάς
442 3646 676 3715 σφαίρας
730 3645 824 3695 καὶ
874 3641 1223 3713 ὼροσκόπια,
1257 3641 1350 3694 καὶ
1397 3640 1731 3694 τὰτοιαῦτα

149 3736 509 3804 ὲπινενόηκεο
539 3732 747 3804 μακρὸν
779 3732 825 3784 δ’
871 3731 936 3784 ἂν
975 3731 1062 3799 εἴη
1111 3730 1178 3782 τὰ
1233 3732 1352 3783 κατ’
1402 3727 1539 3791 εἶδος
1595 3747 1730 3782 κατ-

149 3827 440 3899 αριθμεῖν,
471 3820 552 3887 οἷς
589 3826 617 3877 ὁ
644 3823 886 3892 τεχνικὸς
925 3822 1080 3890 λόγος
1110 3823 1200 3874 ἐπὶ
1227 3821 1331 3873 τῶν
1358 3821 1570 3872 οἰκείων
1591 3822 1730 3888 ὅρων

147 3919 327 3986 αὐτῆς
359 3916 619 3985 μεινάσης
650 3913 749 3982 τῆς
784 3913 998 3982 φύσεως
1018 3954 1032 3976 ,
1063 3913 1156 3964 καὶ
1185 3912 1335 3964 οὐδὲν
1374 3911 1510 3972 ὅλως
1551 3929 1728 3984 παρα-

150 4009 473 4076 ϐλαϐείσης,
502 4009 601 4076 τὴν
647 4007 754 4059 ἀπὸ
807 4006 907 4074 τῆς
955 4004 1147 4072 τέχνης
1195 4003 1496 4069 εὐκοσμίαν
1539 4019 1600 4056 τε
1639 4007 1732 4058 καὶ

151 4101 488 4170 εὐχρηστίαν
519 4100 846 4168 προστίθησι
867 4114 880 4127 ο
916 4096 1007 4149 τὸν
1031 4097 1194 4149 αὐτόν
1219 4095 1370 4163 γε.δὲ
1399 4095 1619 4164 τρόπον,
1646 4096 1732 4150 ἵνα

149 4198 271 4256 τοῖς
311 4194 479 4254 θείοις
528 4209 585 4243 τε
653 4191 748 4243 καὶ
796 4189 1124 4259 ὑπερτέροις
1167 4188 1236 4241 τὰ
1270 4187 1584 4257 χαμαίζηλα
1638 4191 1730 4242 καὶ

152 4283 451 4338 πολλοστὸν
510 4281 612 4348 τῆς
671 4278 930 4347 ἀληθείας
985 4277 1258 4347 ἁπήχημα
1303 4277 1556 4345 φέροντα,
1591 4277 1728 4346 πρὸς

153 4374 510 4446 παράδειγμα
538 4371 810 4438 λάϐωμεν,
839 4370 934 4422 καὶ
959 4369 1056 4438 τὴν
1098 4367 1193 4420 τοῦ
1239 4367 1441 4437 Κυρίου
1477 4368 1586 4420 νόει
1638 4385 1728 4436 μοι
1762 4356 1808 4414 ι)

151 4467 336 4537 σάρκα
364 4465 473 4517 τῶν
499 4465 596 4532 τῆς
631 4462 846 4530 φύσεως
884 4460 1085 4527 νόμων,
1121 4460 1215 4512 καὶ
1247 4458 1386 4528 μετὰ
1418 4458 1516 4529 τὴν
1557 4459 1728 4529 ὑπερ-

155 4559 271 4626 ιρυά
311 4557 408 4610 καὶ
447 4553 754 4616 θαυμασίαν
795 4551 1010 4615 ἕνωσιν,
1044 4550 1340 4619 ἀλωϐἡτων
1388 4551 1558 4619 αὐτῆς
1601 4567 1727 4604 συν-

152 4649 523 4719 τηρηθὲντων,
540 4646 635 4699 καὶ
649 4645 716 4699 τά
738 4645 880 4712 ὑπὲρ
896 4643 994 4713 τὴν
1019 4641 1179 4710 φύσιν
1209 4641 1478 4710 δεδέχθαι,
1500 4641 1576 4703 ὡς
1602 4643 1726 4711 μηδ’

152 4741 414 4810 ὁπότερον
453 4741 516 4791 ὲκ
562 4737 658 4791 τοῦ
709 4737 939 4806 θατέρου
988 4733 1320 4804 χωρίζεσθαι
1352 4733 1390 4803 ἦ·
1437 4734 1724 4802 ἐμποδίζε-

157 4832 306 4887 σθαι.
355 4833 490 4885 Οὐδὲ
517 4831 626 4900 γὰρ
651 4831 719 4883 τὰ
748 4829 888 4900 ὑπὲρ
919 4828 1080 4897 φύσιν
1119 4828 1232 4896 ἔχει
1271 4826 1489 4897 χώραν,
1523 4827 1599 4898 μὴ
1629 4829 1726 4898 τῆς

1832 3111 1980 3166 hunc
2027 3113 2255 3167 modum
2303 3113 2470 3175 tibiaa,
2520 3124 2575 3168 et
2614 3114 2858 3179 citharae,
2891 3123 2948 3170 et
3004 3116 3110 3170 alia
3135 3116 3405 3186 ejusmodi

1831 3203 2197 3258 instrumenta
2247 3203 2302 3256 vi
2348 3204 2484 3258 artis
2520 3219 2684 3258 sonos
2732 3205 2994 3260 emittunt
3025 3223 3038 3258 :
3080 3206 3160 3260 sic
3188 3222 3278 3261 ars
3306 3206 3407 3260 fin-

1831 3295 1992 3364 gendi
2037 3309 2164 3349 cum
2217 3295 2362 3361 alia,
2412 3304 2528 3349 tum
2584 3312 2780 3350 aurum
2827 3297 2884 3352 in
2945 3297 3160 3351 inﬁnita
3206 3311 3406 3367 genera

1831 3384 2150 3439 animalium
2199 3387 2412 3440 ratione
2435 3388 2763 3448 carentium,
2789 3395 2845 3442 et
2881 3387 2939 3441 in
2977 3386 3180 3442 formas
3211 3389 3404 3442 humu—

1831 3489 1930 3528 nas
1958 3467 2150 3530 mutat.
2175 3475 2251 3529 Ac
2287 3492 2476 3530 rursus
2496 3491 2586 3530 ars
2622 3476 2940 3533 mechanica
2969 3478 3210 3546 sphaeras
3233 3487 3408 3532 astro-

1833 3565 2097 3627 nomiras,
2119 3574 2176 3620 et
2208 3566 2516 3640 horologia,
2543 3577 2598 3623 et
2627 3569 2734 3622 alia
2768 3568 3085 3640 hujusmodi
3127 3570 3406 3639 excogita-

1831 3657 1930 3710 vit.
1959 3657 2207 3726 Longum
2234 3668 2402 3719 esset,
2432 3675 2730 3714 numerare
2777 3660 2984 3715 formas
3021 3661 3224 3728 quibus
3266 3663 3407 3716 ratio

1833 3746 2126 3801 artiﬁciosa
2149 3754 2406 3801 manente
2438 3757 2635 3803 natura
2661 3750 2804 3804 intra
2836 3750 2974 3804 ﬁnes
3012 3765 3162 3813 suos,
3186 3759 3243 3805 et
3268 3752 3405 3806 nihil
3450 3794 3460 3804 .

1832 3835 1979 3900 laesa,
2019 3836 2494 3905 pulchritudinem
2565 3846 2623 3894 et
2675 3840 3128 3894 commoditatem
3179 3857 3248 3896 ex
3287 3851 3406 3897 arte

1832 3926 2077 3981 adhibet.
2140 3926 2222 3981 Ad
2265 3928 2522 3982 eumdem
2591 3928 2840 3995 modum,
2893 3937 2953 3984 ut
3008 3945 3130 3999 quae
3178 3931 3409 3986 humilia

1831 4023 1984 4080 sunt,
2013 4022 2069 4070 et
2088 4015 2512 4071 similitudinem
2545 4018 2706 4088 longe
2756 4033 2786 4072 a
2814 4019 3048 4074 veritate
3098 4021 3407 4076 remotissi-

1833 4121 1976 4159 mam
2008 4106 2213 4170 ferunt,
2239 4122 2366 4161 cum
2401 4107 2605 4162 divinls
2657 4109 2892 4177 exempli
2942 4123 3111 4164 causa
3158 4103 3404 4165 conl'erav

1831 4197 2305 4253 muszconsidera
2358 4197 2494 4252 mihi
2556 4213 2781 4253 carnem
2825 4199 3046 4254 Domini
3085 4199 3252 4254 salvis
3305 4216 3408 4254 na-

1834 4297 1970 4342 turae
2005 4289 2221 4358 legibus
2253 4299 2382 4358 post
2418 4289 2682 4344 unionem
2749 4305 2914 4358 supra
2939 4299 3196 4344 naturam
3227 4299 3283 4345 et
3312 4291 3398 4345 atl-

1835 4377 2174 4443 mirabilem;
2215 4379 2380 4432 etiam
2431 4394 2494 4433 ea
2558 4394 2680 4448 quae
2731 4394 2897 4448 supra
2943 4387 3200 4434 naturam
3255 4389 3403 4444 sunt,

1833 4469 2014 4523 locum
2040 4469 2266 4535 habent,
2294 4486 2406 4525 non
2438 4471 2678 4526 habente
2706 4481 2901 4527 natura
2923 4471 3070 4539 quod
3099 4469 3403 4525 secundum

1837 4568 2089 4614 naturam
2120 4568 2224 4615 est.
2265 4561 2587 4632 Desinitque
2626 4561 2958 4617 miraculum
3009 4577 3157 4626 esse,
3199 4575 3325 4616 cum
3350 4560 3402 4614 id

1835 4652 1982 4720 quod
2012 4661 2097 4706 est
2127 4667 2290 4722 supra
2333 4662 2609 4718 naturam,
2653 4661 2907 4708 naturam
2938 4660 3135 4714 mutat,
3179 4669 3245 4708 ac
3288 4667 3389 4707 ina-

1833 4742 2146 4812 gnificentia
2200 4759 2322 4814 quae
2393 4755 2607 4801 naturas
2654 4745 2972 4800 violentiam
3023 4743 3286 4808 adhibet,
3349 4743 3402 4797 in

1833 4836 2221 4890 contumeliam
2255 4837 2512 4891 vertitur.

156 4924 655 4994 φύσεω;”ὲχούσης
703 4923 842 4976 κατὰ
884 4921 1065 4990 φύσιν.
1109 4919 1417 4990 Ἀφῄρηται
1455 4918 1511 4970 δὲ
1582 4920 1674 4972 καὶ
1703 4922 1760 4975 τὸ
1800 4921 1934 4978 εἶναι
1960 4927 2166 4998 θαῦμα,
2231 4928 2310 4997 τῷ
2343 4928 2482 4998 ὑπὲρ
2529 4927 2689 4996 φύσιν
2723 4930 2821 5001 τῆς
2865 4927 3078 4996 φύσεως
3132 4927 3401 4994 μεταστά-
3445 4901 3451 4910 Ι

157 5032 282 5086 σης,
307 5016 400 5067 καὶ
423 5015 632 5084 γίνεται
656 5013 813 5084 ὕϐρις
842 5016 874 5083 ἡ
905 5012 1183 5082 φιλοτιμία
1207 5013 1592 5081 τυραννήσας-α
1619 5013 1718 5082 τὴν
1756 5017 2034 5088 ἀλήθειαν,

228 5106 292 5158 Δ.
324 5104 510 5173 Κὰμοὶ
539 5102 622 5172 δὴ,
660 5101 788 5170 ἔφη,
818 5100 990 5154 ταῦτα
1015 5101 1184 5156 δοκεῖ.
1215 5098 1371 5153 Οὕτω
1403 5099 1501 5170 μέν
1531 5117 1613 5153 τοι
1659 5101 1733 5164 ὡς

155 5197 227 5251 τὰ
286 5197 381 5264 μὲν
425 5193 569 5263 πάθη
599 5193 880 5261 Θαύματος
911 5192 1054 5261 λόγῳ
1085 5195 1152 5262 τῇ
1192 5192 1358 5261 σαρκὶ
1398 5189 1492 5244 τοῦ
1521 5193 1727 5263 Κυρίου

159 5283 484 5351 συμϐαίνειν
507 5299 523 5316 ο
568 5282 629 5334 τὸ
656 5282 713 5334 δέ
741 5298 806 5349 γε
833 5282 1043 5346 ἀπαθὲς
1078 5283 1215 5353 αὐτῇ
1256 5281 1351 5335 καὶ
1403 5281 1726 5354 ἀνώλεθρον,

159 5375 378 5444 φύσεως
408 5373 595 5442 νόμοις
629 5371 993 5434 ἀδιαπτώτοις
1023 5374 1360 5444 ἐρηρετσθαι.

234 5470 294 5521 0.
331 5466 438 5519 Καὶ
488 5465 670 5526 πόθεν,
714 5460 865 5517 εἶπον
912 5465 1043 5532 ἐγὼ,
1072 5464 1230 5517 τοῦτο
1272 5464 1450 5519 λαϐὼν
1497 5462 1731 5537 εχεις,ὧ

163 5562 440 5632 βέλτιστε;
483 5559 581 5616 Τίς
619 5558 674 5611 δέ
724 5575 805 5611 σοι
853 5559 1144 5628 γεγένηται
1184 5560 1282 5630 τῆς
1328 5561 1487 5633 ξένης
1526 5561 1729 5631 ταύτης

164 5652 351 5722 Gorgia;
387 5649 669 5720 ὑποφήτης
700 5667 712 5716 ;
765 5652 832 5704 Ἣ
860 5652 1071 5720 ἀγνοεῖς
1097 5653 1177 5706 ὅτι
1213 5654 1376 5720 νόμος
1422 5654 1636 5720 φύσεως
1666 5655 1726 5706 ού

1909 5109 1973 5162 ll.
2003 5109 2068 5162 Et
2124 5108 2282 5174 mihi,
2319 5109 2517 5179 inquit,
2572 5110 2690 5166 haec
2729 5111 2992 5166 videntur
3024 5128 3036 5164 :
3077 5109 3157 5164 sic
3195 5115 3395 5168 tamen,

1839 5209 1897 5251 ut
1918 5197 2201 5266 passiones
2227 5200 2441 5254 ratione
2474 5199 2729 5254 miraculi
2751 5201 2903 5254 carni
2925 5197 3272 5260 acciderent;
3294 5210 3399 5249 non

1838 5304 1999 5357 posse
2026 5298 2210 5344 autem
2253 5290 2389 5360 pati,
2418 5302 2474 5346 et
2506 5290 2900 5346 immortalitas
2930 5291 3049 5364 ejus
3087 5288 3143 5342 in
3193 5295 3403 5343 natura:

1839 5381 2050 5451 legibus
2071 5376 2550 5437 indissolubilibus
2577 5382 2869 5436 niteretur.

1889 5467 1972 5524 '0.
2001 5469 2071 5525 Et
2122 5469 2287 5535 unde,
2342 5471 2561 5540 inquam
2614 5485 2736 5541 ego,
2798 5471 2904 5524 hoc
2937 5468 3219 5539 accepisti,
3257 5466 3402 5523 bone

1839 5561 1959 5613 vir?
2011 5559 2145 5626 Quis
2201 5559 2306 5614 fuit
2333 5560 2430 5616 tibi
2460 5561 2624 5630 hujus
2669 5576 2823 5614 novre
2868 5569 2924 5615 et
2954 5561 3258 5631 peregrinae
3308 5575 3398 5615 sa—

1837 5651 2050 5722 pientia:
2092 5651 2387 5719 magister?
2438 5650 2520 5706 An
2576 5651 2809 5724 ignoras,
2870 5651 3014 5723 quod
3080 5651 3398 5709 lennaturac
