3912 6298
511 205 647 267 1335

1750 205 2059 268 LEONTII
2100 203 2469 267 BYZANTIN
2476 199 2504 264 Ι

511 323 624 364 non
652 319 759 378 est,
800 282 948 382 quod
973 327 1154 369 rarum
1189 326 1294 382 est,
1331 317 1429 372 sed
1461 316 1610 388 quod
1633 331 1871 386 semper,
1905 316 1991 371 vel
2026 325 2086 370 ut

2190 316 2249 367 τὸ
2280 316 2529 378 σπάνιον,
2561 312 2698 366 ἀλλά
2744 310 2805 366 τὸ
2849 310 2923 374 ὡς
2958 310 3067 375 ἀεὶ,
3089 309 3125 380 ἢ
3157 307 3305 362 κατά
3336 321 3409 375 γε
3442 304 3511 357 τὸ
3538 302 3799 356 πλεῖστον

511 403 811 471 plurimum
850 406 1102 461 cernitur
1157 418 1215 463 et
1248 410 1569 479 permanet?
1602 408 1868 463 Dominus
1920 406 2087 476 igitur

509 507 702 552 noster
741 498 871 553 totis
894 500 1122 569 triginta
1168 502 1349 558 tribus
1374 505 1535 558 annis
1558 502 1850 558 nobiscum
1891 514 2089 555 secun-

509 587 640 641 dum
671 604 892 644 carnem
915 600 1187 660 versatus,
1228 611 1339 649 non
1378 594 1731 650 abhorreudo
1756 592 1868 647 ullo
1919 591 2088 645 modo

510 695 539 730 a
573 690 760 735 nostra
803 684 1241 750 consuetudine,
1297 686 1698 740 humanitatem
1753 681 2084 744 honoravit,

510 774 636 827 cibo
658 784 716 828 et
744 784 872 845 potu
918 784 975 831 et
1018 792 1216 832 somno
1250 788 1435 841 utens,
1462 776 1527 833 ἐι
1550 777 1657 831 alia
1687 775 1873 830 omnia
1929 782 2089 828 natu-

510 866 699 919 raliter
756 867 1030 923 adhibens
1073 885 1197 939 qua:
1251 871 1544 925 veritatem
1581 868 1787 938 sumpti
1838 864 2089 936 corporis

512 957 987 1027 demonstrabant,
1031 973 1088 1018 et
1140 963 1404 1018 miracula
1463 978 1574 1018 non
1625 962 1944 1031 priusquam
1991 957 2089 1010 tri-

512 1049 661 1116 ginta
704 1065 881 1104 annos
925 1061 1111 1116 natus,
1174 1054 1359 1108 facere
1390 1053 1577 1122 carpit.
1623 1052 1704 1105 Ne
1747 1049 1897 1105 enim
1951 1044 2088 1100 mihi

515 1140 660 1194 ullus
707 1141 971 1216 miracula
1003 1144 1223 1198 Domini
1274 1144 1509 1214 puerilia
1555 1159 1622 1199 ex
1679 1141 1880 1219 puerili
1920 1155 2087 1195 sensu

513 1235 790 1303 proferat;
844 1239 960 1291 haec
1007 1248 1139 1293 artas
1196 1239 1499 1309 perfectam
1526 1238 1748 1291 virtutis
1805 1236 2088 1306 periclita-

513 1324 742 1387 tionem,
808 1334 865 1379 ct
910 1327 1178 1381 doctrinae
1229 1337 1506 1380 maturum
1557 1335 1775 1394 tempus
1825 1324 2124 1388 habebat,.

510 1414 734 1480 quando
756 1430 885 1469 vera
903 1416 1199 1486 Evangelia
1225 1418 1385 1471 nobis
1397 1417 1749 1486 praedicavit;
1778 1425 1834 1470 et
1861 1416 1927 1469 ad
1949 1431 2086 1470 con-

515 1503 876 1557 ﬁrmationem
910 1505 1288 1560 doctrinarum
1313 1506 1624 1559 divinarum
1653 1506 2085 1561 admirabilitate

513 1594 905 1649 miraculorum
949 1613 1013 1651 ea
1043 1613 1166 1666 qua:
1202 1597 1552 1660 dicebantur,
1603 1597 1872 1651 munivit:
1905 1606 1962 1652 et
1986 1614 2083 1653 us-

2189 406 2632 476 ὲνθεωρούμενον
2693 402 2792 457 καὶ
2838 400 3203 473 παραμένονς
3244 399 3310 450 '0
3374 394 3530 462 γοῦν
3596 390 3800 461 Κύριος

2188 496 2349 567 ὴμῶν
2400 496 2700 567 τριάκοντα
2729 495 2826 549 καὶ
2855 492 3037 564 τρισὶν
3064 492 3210 556 ὅλοις
3242 488 3400 543 11-Ξτεσι
3423 529 3443 552 ,
3480 485 3620 557 μεθ’
3651 482 3799 553 ἡμῶν

2188 586 2329 641 κατά
2378 589 2559 666 σάρκα
2601 585 3105 653 πολιτευσάμενος,
3135 584 3201 653 τῇ
3235 581 3340 651 μὲν
3388 575 3799 647 ἀπαραλλαξία

2188 679 2299 733 τῶν
2330 679 2641 751 ἡμετέρων,
2674 679 2736 732 τὸ
2762 677 3106 749 ἀνθρώπινον
3134 672 3577 744 ἀπεσὲμνυνεν,
3613 669 3796 720 ἐσθίω

2187 789 2249 825 τε
2278 773 2374 826 καὶ
2409 772 2579 825 πίνων
2609 772 2704 824 καὶ
2746 768 2952 835 ὑπνῶν,
2982 769 3078 821 καὶ
3106 767 3154 821 τ’
3184 765 3329 819 ἄλλα
3360 763 3439 833 δὴ
3467 761 3684 830 επάντα
3712 777 3794 826 ςυ-

2191 864 2361 927 σικῶς
2420 863 2806 934 προσιέμενος,
2834 863 2978 931 άπερ
3024 861 3125 930 τὴν
3175 859 3465 929 ἀλήθειαν
3518 854 3791 919 συνίστηπ

2190 958 2284 1012 τοῦ
2330 957 2667 1027 εἰλημμένου
2718 955 2979 1025 σώματος
3006 971 3021 984 ·
3070 952 3167 1005 καὶ
3214 948 3704 1018 θαυματουργείν
3742 944 3789 996 δὲ

2190 1048 2622 1118 τριακονταέτης
2688 1045 2947 1116 γεγονὼς,
2982 1045 3042 1098 οὐ
3099 1043 3381 1114 πρότερον
3439 1039 3684 1111 ἧρξατο.
3714 1038 3787 1105 Μὴ

2192 1141 2299 1210 γάρ
2353 1154 2443 1210 μοι
2490 1138 2562 1193 τά
2598 1138 2827 1192 παιδικά
2866 1152 2953 1199 τις
2990 1133 3086 1187 τοῦ
3136 1131 3381 1202 Κυρίου,
3415 1132 3495 1185 ὲκ
3549 1128 3785 1195 παιδικῆς

2192 1231 2383 1301 φρενὸς
2419 1229 2812 1302 προϐαλλέσθω
2839 1225 3433 1297 θαυματουργήματα,
3460 1221 3690 1274 τελείαν
3706 1217 3781 1287 βάε

2191 1338 2352 1374 σανον
2381 1323 2584 1392 ἀρετῆς
2604 1322 2700 1376 καὶ
2723 1317 3074 1381 διδασκαλίας
3100 1315 3297 1386 καιρὸν
3324 1313 3564 1383 ταύτης
3583 1312 3779 1381 exui-11;;

2187 1414 2290 1484 τῆς
2347 1413 2590 1484 ἡλικίας,
2623 1414 2793 1482 ἡνίκα
2850 1413 2946 1466 καὶ
2990 1410 3060 1465 τὰ
3115 1409 3290 1472 ὅντως
3323 1409 3479 1477 ἡμῖν
3541 1402 3781 1474 ἐκήρυξεν

2188 1504 2523 1573 Εὑαγγέλια,
2552 1506 2648 1558 καὶ
2675 1505 2737 1557 τὸ
2767 1504 2958 1558 πιστὸν
2987 1502 3214 1570 ἐπάγων
3244 1500 3372 1561 τοῖς
3400 1494 3778 1552 eeo-rarefacta;

2187 1595 2515 1664 διδάγμασι,
2543 1594 2621 1665 τῷ
2650 1593 2945 1665 παραδόξῳ
2987 1591 3099 1645 τῶν
3142 1590 3473 1660 θαυμάτων
3522 1582 3777 1651 ἐπες-,τρά-

509 1700 618 1753 que
648 1684 788 1740 adeo
832 1686 922 1741 hic
947 1689 1198 1743 cernitur
1229 1689 1598 1750 naturalibus,
1625 1698 1683 1743 et
1711 1688 1849 1743 citra
1895 1704 2086 1758 repre-

2194 1704 2316 1755 γισε
2347 1688 2419 1740 τὰ
2445 1686 2716 1758 λεγόμενα
2738 1704 2752 1719 ’
2786 1685 3045 1740 τοσοῦτον
3078 1684 3136 1737 δὲ
3167 1683 3487 1737 κάνταῦθα
3552 1681 3775 1751 φαίνεται

509 1777 835 1831 Ιιεηείοηειη
853 1780 1106 1848 corporis
1129 1781 1627 1837 consuetudinibus
1646 1796 1800 1846 usus,
1819 1790 1881 1835 ut
1904 1781 2087 1836 existi-

505 1868 807 1921 mationem
837 1870 1055 1924 voracis
1075 1878 1130 1923 et
1149 1871 1264 1925 vini
1290 1871 1502 1940 potoris
1518 1871 1899 1932 sustineret”,
1928 1870 2082 1936 dum,

510 1955 765 2010 similiter
837 1967 898 2011 ut
952 1975 1075 2024 nos,
1124 1960 1349 2014 modum
1410 1960 1760 2015 necessitatis
1816 1961 2083 2029 expleret.

509 2045 648 2110 Quid
690 2056 955 2115 przeterea
977 2048 1149 2114 dices,
1188 2066 1298 2118 quo
1354 2059 1514 2119 pacto
1561 2065 1781 2118 semper
1809 2049 1865 2103 in
1894 2056 2086 2104 nostra

510 2136 683 2192 forma
717 2139 1031 2204 videbatur,
1090 2151 1147 2196 et
1190 2158 1315 2196 cum
1343 2142 1702 2196 multitudine
1739 2156 1991 2204 versans,
2029 2150 2086 2195 et

511 2227 648 2281 nihil
683 2244 713 2283 a
739 2231 928 2285 multis
963 2231 1155 2286 habitu
1199 2232 1497 2288 differens?
1546 2232 1830 2301 Siquidem
1863 2247 2085 2302 preme-

510 2323 643 2379 bant
672 2342 800 2381 eum
822 2327 1018 2391 turbzr,
1043 2335 1103 2381 ut
1132 2327 1329 2382 Petrus
1350 2327 1428 2382 ait
1464 2330 1541 2392 ἰς
1567 2336 1626 2382 et
1663 2328 1760 2397 qui
1794 2341 1922 2381 eum
1954 2341 2084 2396 pro-

510 2416 650 2470 didit
670 2417 821 2488 signa
853 2417 1008 2472 dedit
1035 2433 1099 2473 ex
1130 2417 1335 2485 quibus
1375 2417 1607 2472 deicidas
1665 2432 1793 2471 eum
1822 2431 2087 2486 agnosce-

510 2517 654 2571 rent,
706 2519 937 2578 propter
961 2508 1406 2573 similitudinem,
1431 2518 1493 2561 ut
1518 2508 1743 2578 quidam
1787 2523 1857 2563 ex
1877 2510 2085 2564 nostris

509 2599 668 2659 dixit,
710 2599 931 2653 habitus
966 2598 1183 2652 Domini
1237 2614 1362 2653 cum
1417 2598 1610 2653 habitu
1640 2598 2080 2669 discipulorum.

509 2686 637 2740 llaec
662 2701 795 2739 vero
852 2687 923 2740 ab
956 2695 1086 2740 ortu
1125 2687 1248 2757 ejus
1317 2703 1492 2757 usque
1553 2687 1622 2743 ad
1677 2704 1969 2744 ascensum
2027 2691 2083 2746 in

509 2792 752 2841 erucem,
801 2785 860 2832 et
902 2793 1078 2848 usque
1113 2779 1181 2833 ad
1236 2780 1579 2850 sepulturam
1624 2780 1789 2835 tridui
1844 2781 2083 2850 quadam

509 2869 654 2923 serie
686 2876 743 2922 et
771 2868 966 2924 ordine
1002 2870 1239 2924 naturali
1265 2854 1684 2939 processerunt:
1714 2871 1783 2925 ad
1812 2872 2085 2927 ostensio-

509 2974 637 3015 nem
663 2975 799 3016 vero
818 2960 1147 3026 divinitatis,
1178 2977 1301 3031 quae
1353 2961 1602 3033 nondum
1638 2962 1913 3017 declarata
1942 2974 2080 3023 erat.

509 3062 639 3107 raro
657 3054 836 3123 quoad
862 3062 1031 3109 totam
1055 3055 1181 3109 vitm
1207 3055 1405 3109 seriem
1424 3054 1685 3108 miracula
1711 3056 1859 3110 circa
1882 3070 2085 3125 corpus

507 3142 659 3205 fecit,
692 3143 760 3196 ad
792 3146 1190 3209 ostensionem,
1249 3152 1310 3199 ut
1341 3145 1476 3209 dixi,
1513 3144 1841 3211 divinitatis,
1867 3161 1980 3200 non
2014 3147 2084 3202 ad

508 3235 859 3303 negationem
894 3236 1145 3289 veritatis
1173 3235 1443 3304 corporis.
1479 3234 1690 3289 Idcirco
1722 3249 1890 3304 super
1931 3251 2085 3294 mare

507 3323 798 3379 ambulans
818 3339 930 3378 non
958 3324 1325 3393 deprimitur;
1361 3333 1419 3380 et
1465 3325 1523 3379 in
1576 3333 1764 3381 monte
1793 3328 2087 3400 transﬁgu-

507 3424 692 3478 ratur;
748 3416 880 3469 totis
909 3417 1273 3487 quadraginta
1304 3417 1501 3472 diebus
1539 3402 2086 3487 jejunusfnaturalis

508 3503 857 3558 necessitatis
876 3504 1085 3560 oblitus
1106 3513 1225 3570 est;
1279 3520 1348 3560 ex
1376 3504 1687 3561 visceribus
1724 3507 2087 3577 virginalibus

507 3599 665 3645 ortus
684 3600 770 3646 est
792 3593 946 3647 salvo
963 3603 1022 3647 et
1043 3593 1259 3663 integro
1299 3592 1436 3649 ﬂore
1459 3593 1830 3665 virginitatis:
1870 3596 1988 3651 haec
2016 3596 2083 3651 ad

507 3680 901 3736 declarandum
932 3684 1254 3738 thesaurum
1284 3684 1611 3749 divinitatis,
1644 3701 1754 3740 non
1788 3686 1855 3741 ad
1909 3689 2084 3742 inter-

506 3770 784 3826 imendam
806 3781 863 3827 et
913 3774 1232 3829 mutandam
1284 3786 1625 3846 assumptam
1679 3777 2084 3835 humanitatem

505 3863 839 3920 mirabiliter
889 3875 1151 3936 operatus
1194 3877 1298 3923 est.
1326 3868 1396 3923 Et
1429 3878 1490 3923 ut
1534 3868 1778 3924 breviter
1808 3870 2081 3939 dicamus,

509 3954 779 4019 miracula
806 3955 993 4010 divina
1018 3965 1074 4010 et
1121 3972 1321 4012 arcana
1354 3972 1478 4027 qua:
1526 3956 1807 4023 faciebat,
1860 3968 2006 4015 notae
2028 3970 2087 4016 et

510 4044 716 4100 indicia
744 4045 1055 4101 divinitatis
1086 4055 1276 4108 erant;
1326 4045 1619 4116 passiones
1649 4061 1806 4111 vero,
1852 4054 1910 4102 et
1957 4055 2086 4103 ante

507 4149 602 4189 eas
659 4144 985 4206 conceptus,
1038 4146 1095 4190 et
1127 4144 1339 4206 partus,
1384 4144 1443 4191 et
1491 4135 1696 4202 fasciae,
1733 4144 1792 4191 et
1841 4138 2087 4193 aecretio

508 4225 706 4293 aetatis,
737 4237 796 4283 et
820 4235 1020 4283 catera
1042 4228 1228 4282 omnia
1247 4242 1371 4298 quae
1395 4228 1515 4298 lege
1539 4237 1752 4283 naturae
1785 4227 1934 4283 circa
1957 4243 2085 4283 cor-

2188 1776 2304 1837 τοῖς
2332 1773 2428 1828 τοῦ
2456 1773 2712 1844 σώματος
2742 1777 2994 1843 φυσικοῖς
3014 1791 3076 1827 τε
3105 1773 3203 1827 καὶ
3232 1772 3623 1841 ἀδιαϐλήτοις
3641 1784 3777 1838 τροσο

2188 1866 2558 1937 χρησάμενος,
2587 1865 2733 1918 ὥστε
2791 1867 2966 1934 φάγου
3013 1882 3076 1918 τε
3124 1865 3221 1918 καὶ
3274 1864 3595 1916 civerit-:09
3647 1860 3773 1923 δόξαν

2186 1959 2484 2027 ἠνέγκατο,
2517 1958 2920 2028 παραπλησίως
2948 1959 3081 2028 ἡμῖν
3112 1956 3173 2009 τὸ
3201 1956 3307 2023 τῆς
3346 1956 3567 2025 χρείας
3603 1953 3774 2023 μέτρον

2186 2049 2543 2119 ἀποπληρῶν.
2577 2050 2642 2102 Τί
2669 2050 2716 2102 δ’
2737 2050 2805 2103 ἂν
2829 2048 2975 2119 ἔχοις
2996 2050 3196 2109 εἰπεῖν.
3231 2048 3375 2118 περὶ
3404 2046 3516 2100 τοῦ
3541 2046 3635 2099 διά
3662 2062 3772 2096 ςεν-

2184 2138 2277 2199 τὸς
2308 2139 2474 2193 αὑτὸν
2496 2141 2553 2191 ὲν
2572 2141 2639 2210 τῇ
2661 2138 2785 2193 καθ’
2811 2140 2957 2208 ἡμᾶς
2985 2138 3222 2209 ὁρᾶσθαι
3257 2140 3492 2207 μορφῇ,
3534 2136 3673 2204 μετά
3692 2132 3771 2186 τοῦ

2186 2229 2423 2301 πλήθους
2456 2227 2530 2284 τε
2564 2231 3064 2302 ἀναστρεφόμενον,
3098 2230 3194 2282 καὶ
3254 2228 3423 2281 οὐδὲν
3490 2228 3608 2280 τῶν

2183 2319 2292 2373 λῶν
2349 2319 2428 2389 τῷ
2488 2321 2728 2390 σχήματι
2777 2321 3202 2385 διαλλάττοντας
3239 2319 3360 2371 Καὶ
3393 2319 3523 2387 γάρ
3559 2317 3767 2371 autalt:-

2185 2410 2280 2464 ϐον
2311 2411 2472 2464 αὑτὸν
2503 2415 2552 2466 oi
2581 2413 2753 2482 ὅχλοι,
2786 2415 2862 2477 ὡς
2890 2416 2920 2466 ό
2955 2414 3162 2484 Πέτρος
3196 2411 3341 2482 φησί
3362 2429 3377 2442 ο
3416 2414 3525 2466 καὶ
3557 2415 3588 2464 ὁ
3617 2427 3768 2479 παρει-

2183 2502 2362 2565 διδοὺς
2411 2503 2576 2557 αὐτὸν
2625 2507 2828 2575 σημεῖα
2872 2504 3070 2581 ἐδίδου,
3102 2495 3276 2556 δι’ὧν
3325 2502 3629 2582 γνωσθείη
3674 2504 3769 2560 τοῖς

2184 2594 2510 2659 θεοκτόνοις,
2548 2594 2639 2647 διὰ
2658 2595 2778 2667 τὴν,
2803 2595 2881 2660 ὡς
2904 2580 3010 2668 ἔφη
3039 2612 3125 2658 τις
3147 2593 3261 2648 τῶν
3290 2580 3625 2665 ἡμετέρων,
3649 2590 3771 2645 κατὰ

2182 2687 2245 2740 τὸ
2271 2688 2460 2757 σχῆμα
2491 2686 2588 2740 τοῦ
2612 2688 2827 2759 Κυρίου
2845 2688 2983 2758 πρὸς
3009 2687 3141 2748 τοὺς
3165 2685 3431 2757 μαθητὰς
3454 2685 3767 2754 ὁμοιότητα.

2183 2778 2372 2832 ταῦτα
2411 2778 2469 2831 δὲ
2507 2777 2615 2832 ἀπὸ
2653 2778 2755 2847 τῆς
2782 2777 3008 2849 πρώτης
3039 2778 3360 2848 γεννήσεως
3388 2778 3571 2847 μέχρι
3600 2776 3698 2843 τῆς
3722 2777 3771 2826 ἐν

3666 184 3809 247 13$

3880 1222 3883 1277 l

3878 1308 3883 1355 l

2183 2868 2262 2939 τῷ
2297 2868 2519 2940 σταυρῷ
2551 2868 2897 2935 ἀναϐάσεως,
2923 2870 3018 2922 καί
3061 2885 3126 2937 γε
3158 2871 3263 2939 τῆς
3288 2868 3767 2941 τριημερονύκτονδ
3882 2904 3883 2941 ἦ

2185 2961 2385 3032 ταφῆς,
2422 2962 2603 3033 είρμῷ
2640 2980 2747 3015 τινι
2799 2963 2894 3016 καὶ
2938 2960 3093 3026 τάξει
3143 2964 3354 3032 φυσικῇ
3398 2960 3767 3033 προῦϐαινεν

2186 3055 2267 3117 είς
2296 3054 2604 3126 φανέρωσιν
2625 3054 2681 3108 δὲ
2700 3057 2803 3126 τῆς
2829 3053 2986 3108 οὔπω
3006 3056 3120 3117 τοῖς
3146 3053 3371 3117 πολλοῖς
3393 3053 3771 3124 δεδηλωμένης

2186 3143 2467 3215 θεότητος,
2492 3146 2793 3210 σπανιάκις
2838 3146 2914 3209 ὡς
2961 3146 3098 3217 πρός
3128 3162 3195 3214 γε
3231 3146 3334 3214 τὴν
3372 3146 3512 3214 ὅλην
3556 3146 3771 3200 ἀκολουο

2186 3236 2328 3308 θίαν,
2359 3238 2703 3307 ἐκαινοτόμει
2728 3238 2828 3300 τὰς
2857 3238 2988 3309 περὶ
3015 3238 3077 3292 τὺ
3110 3238 3273 3307 σῶμα
3301 3238 3674 3308 θεοσημείας,
3702 3241 3769 3300 εἱς

2185 3325 2441 3396 δήλωσιν,
2465 3327 2542 3390 ὡς
2573 3328 2731 3400 ἔφην,
2755 3328 2857 3392 τῆς
2883 3330 3095 3394 οἰκείας
3118 3328 3403 3401 θεότητος,
3431 3331 3546 3383 οὐκ
3567 3330 3765 3400 ἀναίρε·

2189 3433 2273 3473 σιν
2304 3417 2405 3487 τῆς
2436 3418 2701 3490 ἀληθείας
2742 3419 2841 3473 τοῦ
2877 3418 3153 3490 σώματος.
3192 3421 3293 3473 Διά
3327 3420 3505 3474 τοῦτο
3546 3423 3644 3475 ἐπὶ
3682 3438 3765 3474 εει

2185 3508 2387 3577 λάγους
2441 3510 2795 3579 κουφίζεται,
2849 3513 2945 3566 καὶ
3010 3512 3479 3583 μεταμορφοῦται
3543 3517 3643 3570 ἐπὶ
3693 3511 3767 3569 ταῦ

2184 3598 2369 3671 ὅρους,
2405 3596 2501 3654 καὶ
2535 3603 2646 3672 πρό
2667 3620 2730 3670 γε
2757 3602 2984 3667 τούτων,
3014 3603 3289 3672 ἄγευστος
3333 3605 3440 3657 ἐπὶ
3476 3605 3621 3668 ὅλας
3660 3622 3775 3658 τεσ-

2187 3690 2506 3761 σαράκοντα
2531 3692 2629 3755 τὰς
2657 3693 2842 3757 πάσας
2866 3693 3081 3764 ἡμέρας
3127 3694 3493 3763 μεμενηκὼς,
3527 3696 3635 3765 τῆς
3680 3714 3767 3763 ξ’)-

2188 3781 2349 3850 σικῆς
2374 3782 2568 3851 χρείας
2605 3782 2909 3853 ἐκλέληστο
2929 3800 2944 3815 ο
2973 3784 3326 3855 παρθενικῶν
3351 3803 3418 3839 τε
3450 3787 3772 3858 salinum

2187 3869 2442 3940 ἀνέθηλε,
2496 3871 2593 3925 τοῦ
2649 3872 2751 3944 τῆς
2806 3871 3110 3945 παρθενίας
3173 3874 3373 3939 ἄνθους
3443 3876 3770 3945 ἀδιαφθόρου

2188 3962 2641 4035 συντηρηθέντος,
2673 3965 2755 4029 εἰς
2782 3964 3018 4035 δήλωσιν
3058 3965 3157 4019 τοῦ
3187 3966 3653 4038 θησαυρίσματος
3686 3972 3771 4038 τῆς

2187 4050 2461 4123 θεότητος,
2493 4053 2611 4107 ἀλλ’
2639 4055 2740 4108 οὐκ
2800 4056 3084 4127 ἀναίρεσιν
3131 4057 3228 4111 καὶ
3280 4061 3769 4131 μεταστοιχείυσιν
3814 4116 3831 4135 1

2185 4143 2281 4196 τοῦ
2309 4145 2749 4218 προσλήμματος
2782 4147 3359 4219 πθαυματούργηκεν.
3394 4150 3509 4203 Καὶ
3542 4152 3639 4205 ἵνα
3662 4168 3766 4204 συν-

2187 4234 2434 4299 ελθόντες
2465 4237 2732 4309 εἴπωμεν,
2759 4238 2861 4302 τὰς
2894 4239 2996 4310 μὲν
3016 4239 3292 4311 ἀρρήτους
3321 4239 3653 4311 θεσυργίας,
3678 4240 3766 4309 τῆς

510 4334 615 4388 pus
669 4320 789 4389 ejus
837 4319 980 4375 facta
1032 4328 1185 4383 sunt,
1236 4334 1435 4374 verum
1484 4319 1766 4374 hominem
1794 4327 1853 4374 et
1882 4328 2086 4376 nostra:

2190 4326 2601 4401 ὑπερκειμένης
2652 4331 2910 4404 θεότητος
2955 4330 3336 4402 προύϐάλλετο
3371 4336 3765 4406 γνωρίσματα·

508 4410 833 4464 substantiae
891 4424 1016 4465 esse
1066 4410 1543 4465 demonstrabant.
1593 4410 1700 4466 Sed
1755 4410 1905 4480 quod
1946 4426 2089 4480 pene

511 4511 758 4556 mentem
781 4502 1069 4572 effugerat,
1094 4504 1227 4558 illud
1256 4502 1476 4558 addam.

2195 4416 2264 4470 τὰ
2301 4418 2359 4472 δὲ
2396 4420 2566 4492 πάθη,
2595 4422 2691 4476 καὶ
2723 4423 2833 4493 πρὸ
2873 4422 3081 4478 τούτων
3113 4422 3217 4492 τὴν
3262 4421 3542 4495 σύλληψιν
3586 4427 3681 4480 καὶ
3706 4426 3766 4477 τὰ

2199 4511 2515 4580 σπάργανα,
2554 4514 2656 4585 τήν
2711 4531 2771 4568 τε
2829 4515 2930 4585 τῆς
2979 4513 3202 4584 ἡλικίας
3237 4511 3499 4583 αὔξησιν,
3528 4519 3628 4569 καὶ
3669 4514 3767 4569 si»

509 4593 687 4647 ἄλλων
713 4594 965 4659 ἕκαστον,
996 4597 1096 4650 ὅσα
1124 4597 1189 4668 δὴ
1219 4597 1372 4667 νόμῳ
1397 4597 1614 4666 φύσεως
1647 4600 1778 4668 περὶ
1805 4600 1868 4652 τὸ
1900 4602 2214 4671 σωματικὸν
2235 4605 2401 4659 αὐτοῦ
2424 4608 2655 4677 ἐγίνετο,
2698 4609 2876 4681 ἀληθῆ
2935 4608 3102 4663 αὐτὴν
3163 4608 3261 4663 καὶ
3326 4609 3467 4678 ἡμῖν
3493 4612 3767 4681 dum

509 4687 814 4756 ἀπέφαινεν
840 4688 1144 4760 ἄνθρωπον.
1193 4689 1332 4743 Ἀλλ’
1364 4690 1394 4743 δ
1427 4692 1527 4762 τὴν
1560 4691 1700 4762 ἐμὴν
1728 4694 1926 4764 μικροῦ
1960 4696 2169 4768 ἀπέδρα
2191 4696 2457 4765 διάνοιαν,
2498 4704 2722 4758 κάκεῖνο
2757 4705 3075 4777 προσθήσω.

581 4804 648 4858 Η.
682 4804 799 4873 Dic,
833 4806 1031 4875 inquit,
1063 4806 1140 4862 id.

579 4915 635 4972 Ο.
666 4915 939 4988 Cogitavi,
974 4918 1196 4987 inquam
1235 4934 1357 4989 ego,
1398 4920 1534 4975 illud
1571 4928 1723 4976 recte
1757 4920 1988 4988 habere,
2032 4930 2090 4976 et

515 5013 667 5081 pium
687 5009 949 5065 omnibus
969 5010 1169 5076 videri,
1204 5010 1353 5081 quod
1386 5011 1534 5067 sicut
1589 5012 1861 5068 Dominus
1904 5012 2089 5068 omnia

512 5118 611 5158 sua
661 5117 785 5159 cum
835 5118 1005 5158 carne
1037 5104 1452 5159 communicans
1478 5144 1492 5170 ,
1540 5119 1652 5160 non
1687 5103 1918 5159 recessit
1945 5119 1976 5159 a
2002 5119 2085 5169 se,

512 5200 809 5265 manetque
843 5191 984 5248 fixus
1029 5208 1095 5249 ac
1122 5193 1338 5249 stabilis
1372 5194 1430 5249 in
1477 5203 1624 5249 statu
1674 5208 1776 5251 suo
1806 5193 2083 5260 naturali;

513 5284 594 5339 sic
623 5284 789 5339 etiam
826 5284 1142 5340 humanitas
1169 5286 1289 5356 ejus
1320 5301 1686 5355 perseverans
1743 5285 1799 5340 in
1846 5284 1915 5340 iis
1966 5300 2088 5355 qua:

514 5382 724 5430 natum
755 5376 876 5446 ejus
901 5385 1052 5442 sunt,
1076 5384 1132 5431 et
1154 5376 1366 5432 habens
1393 5376 1678 5432 naturales
1700 5374 2011 5442 facultates,
2032 5382 2089 5430 et

579 5589 624 5630 '9
646 5589 839 5650 Matth.
865 5612 938 5662 xi,
966 5597 1051 5652 l9.
1159 5598 1197 5628 ²¹
1238 5597 1373 5653 an.
1399 5611 1517 5662 vm,
1541 5597 1629 5651 £5.

2261 4824 2327 4876 Α.
2356 4820 2491 4876 Φάθι
2525 4838 2589 4891 γε
2611 4821 2749 4892 δῆτα
2776 4822 2930 4887 αὐτὸ,
2962 4819 3137 4877 εἶπεν.

2261 4938 2324 4990 0.
2368 4936 2717 5006 Ἐννενόηκα,
2763 4931 2834 5007 ἦν
2876 4936 2922 4990 δ’
2971 4936 3114 5005 ἐγὼ,
3147 4938 3324 4993 ἐκεῖνό
3364 4954 3437 5007 τε
3488 4938 3550 4990 τὸ
3601 4936 3771 4995 κιὶῦς

2194 5025 2338 5096 ἔχειν
2368 5025 2467 5081 καὶ
2491 5026 2734 5090 εὐσεϐῶς
2761 5029 2897 5080 πᾶσι
2917 5027 3129 5093 δοκοῦν,
3160 5028 3266 5095 ὅτι,
3300 5028 3499 5101 ὥσπερ
3517 5032 3549 5082 ὀ
3574 5030 3774 5099 K593;

2195 5117 2419 5171 πάντων
2442 5117 2551 5171 τῶν
2578 5118 2776 5172 ἑαυτοῦ
2810 5119 3125 5189 μεταδιδοὺς
3167 5123 3235 5191 τῇ
3277 5122 3474 5191 σαρκὶ,
3517 5119 3774 5190 ἀνεκῳοίο

2191 5226 2356 5278 τητος
2373 5209 2689 5279 μεμένηκεν
2709 5208 2931 5276 ἑαυτοῦ,
2956 5212 3053 5264 καὶ
3072 5211 3173 5281 τὴν
3198 5211 3345 5265 κατά
3367 5210 3537 5279 φύσιν
3556 5213 3774 5281 ἑδραίαν

2193 5300 2311 5371 ἔχει
2353 5300 2543 5372 μονὴν,
2574 5300 2718 5355 οὕτω
2755 5299 2848 5354 καὶ
2880 5303 2916 5372 ἡ
2944 5303 3065 5356 κατ’
3102 5301 3270 5357 αὑτὸν
3305 5303 3702 5374 άνθρωπότης,
3728 5304 3775 5353 ἐν

2194 5393 2309 5456 τοῖς
2335 5392 2477 5445 κατά
2491 5390 2656 5461 φύσιν
2680 5391 2915 5461 ἑστῶσα,
2931 5392 3146 5456 καὶτὰς
3167 5394 3265 5447 τοῦ
3288 5391 3554 5472 σώματος
3586 5392 3780 5464 [leues
