  <div class='ocr_page' id='page_1' title='image "/cluster/home/n/w/nwhite01/storage/ocr_20150623/86 pars.1/pst.000005712878/710.png"; bbox 0 0 3912 6298; ppageno 0'>
   <div class='ocr_carea' id='block_1_1' title="bbox 83 259 3424 330">
    <p class='ocr_par' dir='ltr' id='par_1_1' title="bbox 83 259 3424 330">
     <span class='ocr_line' id='line_1_1' title="bbox 83 259 3424 330; baseline 0.003 -10"><span class='ocrx_word' id='word_1_1' title='bbox 83 259 274 320; x_wconf 64' lang='grc'><strong>1327</strong></span> <span class='ocrx_word' id='word_1_2' title='bbox 1215 262 1514 322; x_wconf 72' lang='lat' dir='ltr'><strong>CONTRA</strong></span> <span class='ocrx_word' id='word_1_3' title='bbox 1555 262 1874 322; x_wconf 79' lang='lat' dir='ltr'><strong>NESTOR.</strong></span> <span class='ocrx_word' id='word_1_4' title='bbox 1912 262 2008 322; x_wconf 80' lang='grc' dir='ltr'><strong>ΕΤ</strong></span> <span class='ocrx_word' id='word_1_5' title='bbox 2048 263 2368 325; x_wconf 72' lang='lat' dir='ltr'><strong>EU&#39;I‘YCH.</strong></span> <span class='ocrx_word' id='word_1_6' title='bbox 3288 265 3424 330; x_wconf 82' lang='lat'><strong>1338</strong></span> 
     </span>
    </p>
   </div>
   <div class='ocr_carea' id='block_1_2' title="bbox 85 365 1754 440">
    <p class='ocr_par' dir='ltr' id='par_1_2' title="bbox 85 365 1743 438">
     <span class='ocr_line' id='line_1_2' title="bbox 85 365 1743 438; baseline 0.001 -18"><span class='ocrx_word' id='word_1_7' title='bbox 85 370 390 435; x_wconf 78' lang='grc' dir='ltr'>φυσικὰς</span> <span class='ocrx_word' id='word_1_8' title='bbox 424 368 682 438; x_wconf 76' lang='grc' dir='ltr'>δυνάμεις</span> <span class='ocrx_word' id='word_1_9' title='bbox 714 384 772 420; x_wconf 86' lang='grc' dir='ltr'><strong>τε</strong></span> <span class='ocrx_word' id='word_1_10' title='bbox 798 366 894 420; x_wconf 76' lang='grc' dir='ltr'>καὶ</span> <span class='ocrx_word' id='word_1_11' title='bbox 931 365 1234 436; x_wconf 71' lang='grc' dir='ltr'>ἐνεργείας,</span> <span class='ocrx_word' id='word_1_12' title='bbox 1266 367 1356 422; x_wconf 73' lang='grc' dir='ltr'><strong>καὶ</strong></span> <span class='ocrx_word' id='word_1_13' title='bbox 1394 369 1462 421; x_wconf 77' lang='grc' dir='ltr'>τὰ</span> <span class='ocrx_word' id='word_1_14' title='bbox 1498 367 1643 438; x_wconf 84' lang='grc' dir='ltr'>πάθη</span> <span class='ocrx_word' id='word_1_15' title='bbox 1673 367 1743 421; x_wconf 84' lang='grc' dir='ltr'>τὰ</span> 
     </span>
    </p>
   </div>
   <div class='ocr_carea' id='block_1_3' title="bbox 1864 365 3420 440">
    <p class='ocr_par' dir='ltr' id='par_1_3' title="bbox 1864 370 3420 440">
     <span class='ocr_line' id='line_1_3' title="bbox 1864 370 3420 440; baseline 0.003 -19"><span class='ocrx_word' id='word_1_16' title='bbox 1864 370 2091 423; x_wconf 74' lang='lat' dir='ltr'><strong>ictiones</strong></span> <span class='ocrx_word' id='word_1_17' title='bbox 2126 371 2373 440; x_wconf 89' lang='lat' dir='ltr'><strong>corporis</strong></span> <span class='ocrx_word' id='word_1_18' title='bbox 2395 411 2408 434; x_wconf 90' lang='lat'><strong>,</strong></span> <span class='ocrx_word' id='word_1_19' title='bbox 2457 386 2520 424; x_wconf 89' lang='lat' dir='ltr'><strong>ac</strong></span> <span class='ocrx_word' id='word_1_20' title='bbox 2545 370 2830 439; x_wconf 87' lang='lat' dir='ltr'><strong>passiones</strong></span> <span class='ocrx_word' id='word_1_21' title='bbox 2866 383 3188 428; x_wconf 85' lang='lat' dir='ltr'><strong>communes</strong></span> <span class='ocrx_word' id='word_1_22' title='bbox 3211 411 3225 436; x_wconf 89' lang='lat'><strong>,</strong></span> <span class='ocrx_word' id='word_1_23' title='bbox 3277 382 3334 427; x_wconf 90' lang='lat' dir='ltr'><strong>et</strong></span> <span class='ocrx_word' id='word_1_24' title='bbox 3389 389 3420 426; x_wconf 71' lang='grc' dir='ltr'><strong>ε</strong></span> 
     </span>
    </p>
   </div>
   <div class='ocr_carea' id='block_1_4' title="bbox 86 455 1754 530">
    <p class='ocr_par' dir='ltr' id='par_1_4' title="bbox 86 455 1738 528">
     <span class='ocr_line' id='line_1_4' title="bbox 86 455 1738 528; baseline -0.001 -16"><span class='ocrx_word' id='word_1_25' title='bbox 86 459 304 512; x_wconf 73' lang='grc' dir='ltr'>κοινὰ</span> <span class='ocrx_word' id='word_1_26' title='bbox 348 461 440 511; x_wconf 78' lang='grc' dir='ltr'><strong>καὶ</strong></span> <span class='ocrx_word' id='word_1_27' title='bbox 471 458 772 527; x_wconf 78' lang='grc' dir='ltr'>ἀδιάϐλητα</span> <span class='ocrx_word' id='word_1_28' title='bbox 808 455 867 509; x_wconf 75' lang='grc' dir='ltr'><strong>οὗ</strong></span> <span class='ocrx_word' id='word_1_29' title='bbox 914 474 1044 510; x_wconf 87' lang='grc' dir='ltr'>ποτε</span> <span class='ocrx_word' id='word_1_30' title='bbox 1071 457 1362 524; x_wconf 87' lang='grc' dir='ltr'>λείπουσα,</span> <span class='ocrx_word' id='word_1_31' title='bbox 1394 460 1484 511; x_wconf 89' lang='grc' dir='ltr'>τόν</span> <span class='ocrx_word' id='word_1_32' title='bbox 1519 477 1579 512; x_wconf 88' lang='grc' dir='ltr'><strong>τε</strong></span> <span class='ocrx_word' id='word_1_33' title='bbox 1614 461 1738 528; x_wconf 82' lang='grc' dir='ltr'>ὅρον</span> 
     </span>
    </p>
   </div>
   <div class='ocr_carea' id='block_1_5' title="bbox 1864 455 3423 530">
    <p class='ocr_par' dir='ltr' id='par_1_5' title="bbox 1864 459 3423 530">
     <span class='ocr_line' id='line_1_5' title="bbox 1864 459 3423 530; baseline 0.003 -17"><span class='ocrx_word' id='word_1_34' title='bbox 1864 459 2075 513; x_wconf 86' lang='lat' dir='ltr'><strong>:rimine</strong></span> <span class='ocrx_word' id='word_1_35' title='bbox 2109 460 2316 514; x_wconf 89' lang='lat' dir='ltr'><strong>alienas</strong></span> <span class='ocrx_word' id='word_1_36' title='bbox 2345 476 2409 515; x_wconf 89' lang='lat' dir='ltr'><strong>ac</strong></span> <span class='ocrx_word' id='word_1_37' title='bbox 2439 461 2641 515; x_wconf 89' lang='lat' dir='ltr'><strong>liberas</strong></span> <span class='ocrx_word' id='word_1_38' title='bbox 2681 477 2966 530; x_wconf 84' lang='lat' dir='ltr'><strong>nunquam</strong></span> <span class='ocrx_word' id='word_1_39' title='bbox 3011 462 3276 519; x_wconf 84' lang='lat' dir='ltr'><strong>deserens</strong></span> <span class='ocrx_word' id='word_1_40' title='bbox 3301 504 3316 527; x_wconf 92' lang='lat'><strong>,</strong></span> <span class='ocrx_word' id='word_1_41' title='bbox 3365 473 3423 518; x_wconf 81' lang='lat' dir='ltr'><strong>et</strong></span> 
     </span>
    </p>
   </div>
   <div class='ocr_carea' id='block_1_6' title="bbox 89 547 1754 620">
    <p class='ocr_par' dir='ltr' id='par_1_6' title="bbox 89 547 1740 620">
     <span class='ocr_line' id='line_1_6' title="bbox 89 547 1740 620; baseline -0.003 -14"><span class='ocrx_word' id='word_1_42' title='bbox 89 551 230 619; x_wconf 74' lang='grc' dir='ltr'><strong>τῆς</strong></span> <span class='ocrx_word' id='word_1_43' title='bbox 304 550 432 603; x_wconf 74' lang='grc' dir='ltr'>καθ’</span> <span class='ocrx_word' id='word_1_44' title='bbox 473 550 625 620; x_wconf 80' lang='grc' dir='ltr'>ἡμᾶς</span> <span class='ocrx_word' id='word_1_45' title='bbox 675 547 1017 617; x_wconf 82' lang='grc' dir='ltr'><strong>τελειότητος</strong></span> <span class='ocrx_word' id='word_1_46' title='bbox 1061 549 1342 613; x_wconf 81' lang='grc' dir='ltr'>οὐσιωδῶς</span> <span class='ocrx_word' id='word_1_47' title='bbox 1387 551 1740 620; x_wconf 79' lang='grc' dir='ltr'><strong>κεκτημένη,</strong></span> 
     </span>
    </p>
   </div>
   <div class='ocr_carea' id='block_1_7' title="bbox 1864 547 3422 620">
    <p class='ocr_par' dir='ltr' id='par_1_7' title="bbox 1864 551 3422 620">
     <span class='ocr_line' id='line_1_7' title="bbox 1864 551 3422 620; baseline 0.004 -16"><span class='ocrx_word' id='word_1_48' title='bbox 1864 551 2226 605; x_wconf 75' lang='lat' dir='ltr'><strong>:ieﬁnitionem</strong></span> <span class='ocrx_word' id='word_1_49' title='bbox 2245 552 2598 620; x_wconf 78' lang='lat' dir='ltr'><strong>perfectionis</strong></span> <span class='ocrx_word' id='word_1_50' title='bbox 2619 563 2816 607; x_wconf 68' lang='lat' dir='ltr'><strong>nostra:</strong></span> <span class='ocrx_word' id='word_1_51' title='bbox 2837 552 3141 607; x_wconf 88' lang='lat' dir='ltr'><strong>secundum</strong></span> <span class='ocrx_word' id='word_1_52' title='bbox 3163 555 3422 609; x_wconf 86' lang='lat' dir='ltr'><strong>substan-</strong></span> 
     </span>
    </p>
   </div>
   <div class='ocr_carea' id='block_1_8' title="bbox 97 638 1754 716">
    <p class='ocr_par' dir='ltr' id='par_1_8' title="bbox 97 638 1748 709">
     <span class='ocr_line' id='line_1_8' title="bbox 97 638 1748 709; baseline -0.002 -12"><span class='ocrx_word' id='word_1_53' title='bbox 97 643 379 697; x_wconf 78' lang='grc' dir='ltr'>πάντων</span> <span class='ocrx_word' id='word_1_54' title='bbox 437 638 810 706; x_wconf 84' lang='grc' dir='ltr'><strong>κεκοινώνηκε</strong></span> <span class='ocrx_word' id='word_1_55' title='bbox 888 639 997 692; x_wconf 83' lang='grc' dir='ltr'><strong>τῶν</strong></span> <span class='ocrx_word' id='word_1_56' title='bbox 1045 641 1114 692; x_wconf 81' lang='grc' dir='ltr'>ὲκ</span> <span class='ocrx_word' id='word_1_57' title='bbox 1161 641 1256 694; x_wconf 83' lang='grc' dir='ltr'><strong>-τοῦ</strong></span> <span class='ocrx_word' id='word_1_58' title='bbox 1307 643 1486 709; x_wconf 83' lang='grc' dir='ltr'><strong>Λόγου</strong></span> <span class='ocrx_word' id='word_1_59' title='bbox 1543 641 1748 704; x_wconf 81' lang='grc' dir='ltr'>καλῶν,</span> 
     </span>
    </p>
   </div>
   <div class='ocr_carea' id='block_1_9' title="bbox 1864 638 3421 716">
    <p class='ocr_par' dir='ltr' id='par_1_9' title="bbox 1864 643 3421 716">
     <span class='ocr_line' id='line_1_9' title="bbox 1864 643 3421 716; baseline 0.002 -19"><span class='ocrx_word' id='word_1_60' title='bbox 1864 645 1983 698; x_wconf 64' lang='lat' dir='ltr'><strong>tiam</strong></span> <span class='ocrx_word' id='word_1_61' title='bbox 2012 643 2300 713; x_wconf 90' lang='lat' dir='ltr'><strong>possidens</strong></span> <span class='ocrx_word' id='word_1_62' title='bbox 2320 684 2334 702; x_wconf 85' lang='lat'><strong>,</strong></span> <span class='ocrx_word' id='word_1_63' title='bbox 2367 644 2552 698; x_wconf 83' lang='lat' dir='ltr'><strong>omnia</strong></span> <span class='ocrx_word' id='word_1_64' title='bbox 2589 644 2730 698; x_wconf 93' lang='lat' dir='ltr'><strong>bona</strong></span> <span class='ocrx_word' id='word_1_65' title='bbox 2751 659 2817 698; x_wconf 74' lang='lat' dir='ltr'><strong>ex</strong></span> <span class='ocrx_word' id='word_1_66' title='bbox 2836 644 3016 699; x_wconf 89' lang='lat' dir='ltr'><strong>Verbo</strong></span> <span class='ocrx_word' id='word_1_67' title='bbox 3047 647 3421 716; x_wconf 84' lang='lat' dir='ltr'><strong>partieipavit,</strong></span> 
     </span>
    </p>
   </div>
   <div class='ocr_carea' id='block_1_10' title="bbox 107 731 1754 806">
    <p class='ocr_par' dir='ltr' id='par_1_10' title="bbox 107 731 1748 805">
     <span class='ocr_line' id='line_1_10' title="bbox 107 731 1748 805; baseline -0.002 -17"><span class='ocrx_word' id='word_1_68' title='bbox 107 736 362 805; x_wconf 80' lang='grc' dir='ltr'>μᾶλλον</span> <span class='ocrx_word' id='word_1_69' title='bbox 391 734 447 786; x_wconf 86' lang='grc' dir='ltr'>δὲ</span> <span class='ocrx_word' id='word_1_70' title='bbox 480 733 652 802; x_wconf 76' lang='grc' dir='ltr'>αὐτὴν</span> <span class='ocrx_word' id='word_1_71' title='bbox 687 731 873 801; x_wconf 80' lang='grc' dir='ltr'>πηγὴν</span> <span class='ocrx_word' id='word_1_72' title='bbox 907 731 1016 783; x_wconf 84' lang='grc' dir='ltr'><strong>τῶν</strong></span> <span class='ocrx_word' id='word_1_73' title='bbox 1052 732 1238 786; x_wconf 82' lang='grc' dir='ltr'>καλῶν</span> <span class='ocrx_word' id='word_1_74' title='bbox 1271 733 1361 786; x_wconf 75' lang='grc' dir='ltr'>τὸν</span> <span class='ocrx_word' id='word_1_75' title='bbox 1392 734 1565 800; x_wconf 86' lang='grc' dir='ltr'>Λόγον</span> <span class='ocrx_word' id='word_1_76' title='bbox 1593 734 1748 802; x_wconf 76' lang='grc' dir='ltr'>ἔχου-</span> 
     </span>
    </p>
   </div>
   <div class='ocr_carea' id='block_1_11' title="bbox 1864 731 3424 806">
    <p class='ocr_par' dir='ltr' id='par_1_11' title="bbox 1864 736 3424 806">
     <span class='ocr_line' id='line_1_11' title="bbox 1864 736 3424 806; baseline 0.001 -16"><span class='ocrx_word' id='word_1_77' title='bbox 1864 738 1986 806; x_wconf 68' lang='grc' dir='ltr'><strong>]ιιίη</strong></span> <span class='ocrx_word' id='word_1_78' title='bbox 2023 737 2205 806; x_wconf 91' lang='lat' dir='ltr'><strong>potius</strong></span> <span class='ocrx_word' id='word_1_79' title='bbox 2239 737 2416 805; x_wconf 89' lang='lat' dir='ltr'><strong>ipsum</strong></span> <span class='ocrx_word' id='word_1_80' title='bbox 2451 736 2656 790; x_wconf 84' lang='lat' dir='ltr'><strong>lontem</strong></span> <span class='ocrx_word' id='word_1_81' title='bbox 2693 736 3000 801; x_wconf 88' lang='lat' dir='ltr'><strong>bonorum,</strong></span> <span class='ocrx_word' id='word_1_82' title='bbox 3038 738 3277 792; x_wconf 88' lang='lat' dir='ltr'><strong>Verbum</strong></span> <span class='ocrx_word' id='word_1_83' title='bbox 3313 739 3424 792; x_wconf 87' lang='lat' dir='ltr'><strong>sci-</strong></span> 
     </span>
    </p>
   </div>
   <div class='ocr_carea' id='block_1_12' title="bbox 106 823 1754 897">
    <p class='ocr_par' dir='ltr' id='par_1_12' title="bbox 106 823 1749 897">
     <span class='ocr_line' id='line_1_12' title="bbox 106 823 1749 897; baseline -0.001 -18"><span class='ocrx_word' id='word_1_84' title='bbox 106 845 226 886; x_wconf 87' lang='grc' dir='ltr'>σα.</span> <span class='ocrx_word' id='word_1_85' title='bbox 277 826 527 897; x_wconf 80' lang='grc' dir='ltr'>πηγάζει</span> <span class='ocrx_word' id='word_1_86' title='bbox 565 825 624 890; x_wconf 75' lang='grc' dir='ltr'>ἐξ</span> <span class='ocrx_word' id='word_1_87' title='bbox 657 824 859 891; x_wconf 75' lang='grc' dir='ltr'>ἑαυτῆς</span> <span class='ocrx_word' id='word_1_88' title='bbox 891 823 1075 877; x_wconf 88' lang='grc' dir='ltr'>πάντα</span> <span class='ocrx_word' id='word_1_89' title='bbox 1109 825 1174 877; x_wconf 84' lang='grc' dir='ltr'><strong>τὰ</strong></span> <span class='ocrx_word' id='word_1_90' title='bbox 1202 825 1298 877; x_wconf 83' lang='grc' dir='ltr'>τοῦ</span> <span class='ocrx_word' id='word_1_91' title='bbox 1327 824 1502 892; x_wconf 81' lang='grc' dir='ltr'>Λόγου</span> <span class='ocrx_word' id='word_1_92' title='bbox 1537 825 1625 877; x_wconf 82' lang='grc' dir='ltr'>διὰ</span> <span class='ocrx_word' id='word_1_93' title='bbox 1659 825 1749 878; x_wconf 83' lang='grc' dir='ltr'><strong>τὸν</strong></span> 
     </span>
    </p>
   </div>
   <div class='ocr_carea' id='block_1_13' title="bbox 1864 823 3422 897">
    <p class='ocr_par' dir='ltr' id='par_1_13' title="bbox 1871 827 3422 896">
     <span class='ocr_line' id='line_1_13' title="bbox 1871 827 3422 896; baseline 0.001 -15"><span class='ocrx_word' id='word_1_94' title='bbox 1871 829 1978 882; x_wconf 90' lang='lat' dir='ltr'><strong>icet</strong></span> <span class='ocrx_word' id='word_1_95' title='bbox 2029 827 2256 890; x_wconf 87' lang='lat' dir='ltr'><strong>habens,</strong></span> <span class='ocrx_word' id='word_1_96' title='bbox 2289 827 2494 880; x_wconf 90' lang='lat' dir='ltr'><strong>emittit</strong></span> <span class='ocrx_word' id='word_1_97' title='bbox 2525 841 2556 880; x_wconf 88' lang='lat' dir='ltr'><strong>e</strong></span> <span class='ocrx_word' id='word_1_98' title='bbox 2584 842 2642 880; x_wconf 90' lang='lat' dir='ltr'><strong>se</strong></span> <span class='ocrx_word' id='word_1_99' title='bbox 2674 827 2860 880; x_wconf 92' lang='lat' dir='ltr'><strong>omnia</strong></span> <span class='ocrx_word' id='word_1_100' title='bbox 2903 843 3025 896; x_wconf 72' lang='lat' dir='ltr'><strong>quae.</strong></span> <span class='ocrx_word' id='word_1_101' title='bbox 3059 829 3222 883; x_wconf 85' lang='lat' dir='ltr'><strong>Verbi</strong></span> <span class='ocrx_word' id='word_1_102' title='bbox 3273 837 3422 889; x_wconf 89' lang='lat' dir='ltr'><strong>sunt.</strong></span> 
     </span>
    </p>
   </div>
   <div class='ocr_carea' id='block_1_14' title="bbox 109 912 1754 994">
    <p class='ocr_par' dir='ltr' id='par_1_14' title="bbox 109 912 1749 994">
     <span class='ocr_line' id='line_1_14' title="bbox 109 912 1749 994; baseline -0.002 -25"><span class='ocrx_word' id='word_1_103' title='bbox 109 917 358 984; x_wconf 79' lang='grc' dir='ltr'>Λόγον.</span> <span class='ocrx_word' id='word_1_104' title='bbox 374 915 465 986; x_wconf 77' lang='grc' dir='ltr'><strong>Μὴ</strong></span> <span class='ocrx_word' id='word_1_105' title='bbox 495 915 604 985; x_wconf 84' lang='grc' dir='ltr'>γὰρ</span> <span class='ocrx_word' id='word_1_106' title='bbox 629 913 694 984; x_wconf 84' lang='grc' dir='ltr'>δὴ</span> <span class='ocrx_word' id='word_1_107' title='bbox 721 912 968 983; x_wconf 78' lang='grc' dir='ltr'><strong>οἰώμεθα</strong></span> <span class='ocrx_word' id='word_1_108' title='bbox 1003 915 1154 994; x_wconf 21' lang='grc' dir='ltr'>μέγα,</span> <span class='ocrx_word' id='word_1_109' title='bbox 1180 932 1234 967; x_wconf 91' lang='grc' dir='ltr'><strong>τι</strong></span> <span class='ocrx_word' id='word_1_110' title='bbox 1268 914 1453 982; x_wconf 87' lang='grc' dir='ltr'>λέγειν</span> <span class='ocrx_word' id='word_1_111' title='bbox 1483 915 1613 982; x_wconf 85' lang='grc' dir='ltr'>περὶ</span> <span class='ocrx_word' id='word_1_112' title='bbox 1650 915 1749 982; x_wconf 78' lang='grc' dir='ltr'>τῆς</span> 
     </span>
    </p>
   </div>
   <div class='ocr_carea' id='block_1_15' title="bbox 1864 912 3423 994">
    <p class='ocr_par' dir='ltr' id='par_1_15' title="bbox 1864 918 3423 990">
     <span class='ocr_line' id='line_1_15' title="bbox 1864 918 3423 990; baseline 0.001 -18"><span class='ocrx_word' id='word_1_113' title='bbox 1864 928 2076 987; x_wconf 56' lang='lat' dir='ltr'><strong>propter</strong></span> <span class='ocrx_word' id='word_1_114' title='bbox 2110 918 2373 972; x_wconf 77' lang='lat' dir='ltr'><strong>Verbum.</strong></span> <span class='ocrx_word' id='word_1_115' title='bbox 2422 919 2499 972; x_wconf 77' lang='lat' dir='ltr'><strong>Ne</strong></span> <span class='ocrx_word' id='word_1_116' title='bbox 2529 919 2678 972; x_wconf 93' lang='lat' dir='ltr'><strong>enim</strong></span> <span class='ocrx_word' id='word_1_117' title='bbox 2725 919 3140 985; x_wconf 77' lang='lat' dir='ltr'><strong>existimemus,</strong></span> <span class='ocrx_word' id='word_1_118' title='bbox 3165 936 3423 990; x_wconf 84' lang='lat' dir='ltr'><strong>magnum</strong></span> 
     </span>
    </p>
   </div>
   <div class='ocr_carea' id='block_1_16' title="bbox 115 1002 1754 1080">
    <p class='ocr_par' dir='ltr' id='par_1_16' title="bbox 115 1002 1749 1076">
     <span class='ocr_line' id='line_1_16' title="bbox 115 1002 1749 1076; baseline -0.002 -18"><span class='ocrx_word' id='word_1_119' title='bbox 115 1007 368 1076; x_wconf 80' lang='grc' dir='ltr'>σαρκὸς</span> <span class='ocrx_word' id='word_1_120' title='bbox 413 1006 506 1058; x_wconf 73' lang='grc' dir='ltr'>τοῦ</span> <span class='ocrx_word' id='word_1_121' title='bbox 553 1004 787 1074; x_wconf 84' lang='grc' dir='ltr'>Κυρίου,</span> <span class='ocrx_word' id='word_1_122' title='bbox 833 1005 1014 1057; x_wconf 88' lang='grc' dir='ltr'>ὲκεῖνο</span> <span class='ocrx_word' id='word_1_123' title='bbox 1062 1005 1201 1075; x_wconf 83' lang='grc' dir='ltr'>αὐτῇ</span> <span class='ocrx_word' id='word_1_124' title='bbox 1251 1004 1487 1067; x_wconf 87' lang='grc' dir='ltr'>διδόντες</span> <span class='ocrx_word' id='word_1_125' title='bbox 1535 1003 1563 1056; x_wconf 83' lang='grc' dir='ltr'><strong>ὃ</strong></span> <span class='ocrx_word' id='word_1_126' title='bbox 1612 1002 1749 1073; x_wconf 80' lang='grc' dir='ltr'>μηδὲ</span> 
     </span>
    </p>
   </div>
   <div class='ocr_carea' id='block_1_17' title="bbox 1864 1002 3424 1080">
    <p class='ocr_par' dir='ltr' id='par_1_17' title="bbox 1864 1010 3424 1080">
     <span class='ocr_line' id='line_1_17' title="bbox 1864 1010 3424 1080; baseline 0.001 -15"><span class='ocrx_word' id='word_1_127' title='bbox 1864 1011 2058 1080; x_wconf 75' lang='grc' dir='ltr'><strong>ιὶὶψιὶιι</strong></span> <span class='ocrx_word' id='word_1_128' title='bbox 2094 1011 2161 1064; x_wconf 90' lang='lat' dir='ltr'><strong>de</strong></span> <span class='ocrx_word' id='word_1_129' title='bbox 2200 1026 2366 1064; x_wconf 87' lang='lat' dir='ltr'><strong>carne</strong></span> <span class='ocrx_word' id='word_1_130' title='bbox 2399 1010 2615 1064; x_wconf 89' lang='lat' dir='ltr'><strong>Domini</strong></span> <span class='ocrx_word' id='word_1_131' title='bbox 2649 1010 2871 1073; x_wconf 90' lang='lat' dir='ltr'><strong>dicere,</strong></span> <span class='ocrx_word' id='word_1_132' title='bbox 2921 1013 2965 1066; x_wconf 90' lang='lat' dir='ltr'><strong>si</strong></span> <span class='ocrx_word' id='word_1_133' title='bbox 3003 1013 3054 1065; x_wconf 91' lang='lat' dir='ltr'><strong>ei</strong></span> <span class='ocrx_word' id='word_1_134' title='bbox 3090 1012 3424 1076; x_wconf 85' lang='lat' dir='ltr'><strong>tribuamus,</strong></span> 
     </span>
    </p>
   </div>
   <div class='ocr_carea' id='block_1_18' title="bbox 114 1095 1754 1173">
    <p class='ocr_par' dir='ltr' id='par_1_18' title="bbox 114 1095 1745 1169">
     <span class='ocr_line' id='line_1_18' title="bbox 114 1095 1745 1169; baseline -0.005 -15"><span class='ocrx_word' id='word_1_135' title='bbox 114 1099 332 1169; x_wconf 79' lang='grc' dir='ltr'>αὐτὴν</span> <span class='ocrx_word' id='word_1_136' title='bbox 361 1097 662 1166; x_wconf 85' lang='grc' dir='ltr'>τετίμηκε,</span> <span class='ocrx_word' id='word_1_137' title='bbox 717 1097 811 1148; x_wconf 73' lang='grc' dir='ltr'><strong>καὶ</strong></span> <span class='ocrx_word' id='word_1_138' title='bbox 851 1096 952 1166; x_wconf 79' lang='grc' dir='ltr'>τὴν</span> <span class='ocrx_word' id='word_1_139' title='bbox 998 1096 1154 1166; x_wconf 81' lang='grc' dir='ltr'>ἡμῶν</span> <span class='ocrx_word' id='word_1_140' title='bbox 1216 1095 1498 1166; x_wconf 81' lang='grc' dir='ltr'>ἀφῄρηται</span> <span class='ocrx_word' id='word_1_141' title='bbox 1548 1095 1745 1163; x_wconf 87' lang='grc' dir='ltr'>τιμήν·</span> 
     </span>
    </p>
   </div>
   <div class='ocr_carea' id='block_1_19' title="bbox 1864 1095 3425 1173">
    <p class='ocr_par' dir='ltr' id='par_1_19' title="bbox 1864 1102 3425 1173">
     <span class='ocr_line' id='line_1_19' title="bbox 1864 1102 3425 1173; baseline 0 -17"><span class='ocrx_word' id='word_1_142' title='bbox 1864 1103 1996 1173; x_wconf 49' lang='lat' dir='ltr'><strong>quod</strong></span> <span class='ocrx_word' id='word_1_143' title='bbox 2029 1118 2131 1156; x_wconf 90' lang='lat' dir='ltr'><strong>nec</strong></span> <span class='ocrx_word' id='word_1_144' title='bbox 2164 1103 2336 1170; x_wconf 78' lang='lat' dir='ltr'><strong>ipsam</strong></span> <span class='ocrx_word' id='word_1_145' title='bbox 2368 1102 2693 1165; x_wconf 89' lang='lat' dir='ltr'><strong>honoravit,</strong></span> <span class='ocrx_word' id='word_1_146' title='bbox 2736 1110 2794 1156; x_wconf 89' lang='lat' dir='ltr'><strong>et</strong></span> <span class='ocrx_word' id='word_1_147' title='bbox 2822 1103 2968 1171; x_wconf 90' lang='lat' dir='ltr'><strong>quod</strong></span> <span class='ocrx_word' id='word_1_148' title='bbox 3011 1103 3275 1157; x_wconf 90' lang='lat' dir='ltr'><strong>honorem</strong></span> <span class='ocrx_word' id='word_1_149' title='bbox 3323 1119 3425 1156; x_wconf 92' lang='lat' dir='ltr'><strong>no-</strong></span> 
     </span>
    </p>
   </div>
   <div class='ocr_carea' id='block_1_20' title="bbox 116 1179 1754 1261">
    <p class='ocr_par' dir='ltr' id='par_1_20' title="bbox 116 1179 1750 1258">
     <span class='ocr_line' id='line_1_20' title="bbox 116 1179 1750 1258; baseline -0.004 -16"><span class='ocrx_word' id='word_1_150' title='bbox 116 1189 275 1242; x_wconf 77' lang='grc' dir='ltr'>οὖδὲ</span> <span class='ocrx_word' id='word_1_151' title='bbox 317 1189 427 1258; x_wconf 82' lang='grc' dir='ltr'>γὰρ</span> <span class='ocrx_word' id='word_1_152' title='bbox 465 1184 559 1238; x_wconf 83' lang='grc' dir='ltr'>τοῦ</span> <span class='ocrx_word' id='word_1_153' title='bbox 590 1185 767 1252; x_wconf 75' lang='grc' dir='ltr'>Λόγου</span> <span class='ocrx_word' id='word_1_154' title='bbox 809 1179 899 1256; x_wconf 78' lang='grc' dir='ltr'>ἦν,</span> <span class='ocrx_word' id='word_1_155' title='bbox 943 1186 1054 1237; x_wconf 81' lang='grc' dir='ltr'><strong>τῶν</strong></span> <span class='ocrx_word' id='word_1_156' title='bbox 1104 1187 1391 1255; x_wconf 77' lang='grc' dir='ltr'><strong>ἡμετέρων</strong></span> <span class='ocrx_word' id='word_1_157' title='bbox 1421 1185 1593 1252; x_wconf 79' lang='grc' dir='ltr'>αὐτὴν</span> <span class='ocrx_word' id='word_1_158' title='bbox 1629 1200 1750 1236; x_wconf 89' lang='grc' dir='ltr'>στε-</span> 
     </span>
    </p>
   </div>
   <div class='ocr_carea' id='block_1_21' title="bbox 1864 1179 3433 1261">
    <p class='ocr_par' dir='ltr' id='par_1_21' title="bbox 1864 1193 3433 1261">
     <span class='ocr_line' id='line_1_21' title="bbox 1864 1193 3433 1261; baseline -0.001 -13"><span class='ocrx_word' id='word_1_159' title='bbox 1864 1204 2024 1248; x_wconf 73' lang='lat' dir='ltr'><strong>strum</strong></span> <span class='ocrx_word' id='word_1_160' title='bbox 2056 1193 2314 1256; x_wconf 86' lang='lat' dir='ltr'><strong>abstulit;</strong></span> <span class='ocrx_word' id='word_1_161' title='bbox 2348 1207 2451 1245; x_wconf 91' lang='lat' dir='ltr'><strong>nec</strong></span> <span class='ocrx_word' id='word_1_162' title='bbox 2486 1193 2630 1247; x_wconf 89' lang='lat' dir='ltr'><strong>enim</strong></span> <span class='ocrx_word' id='word_1_163' title='bbox 2663 1193 2828 1247; x_wconf 90' lang='lat' dir='ltr'><strong>Verbi</strong></span> <span class='ocrx_word' id='word_1_164' title='bbox 2858 1201 2999 1256; x_wconf 88' lang='lat' dir='ltr'><strong>erat,</strong></span> <span class='ocrx_word' id='word_1_165' title='bbox 3033 1193 3251 1261; x_wconf 89' lang='lat' dir='ltr'><strong>privare</strong></span> <span class='ocrx_word' id='word_1_166' title='bbox 3304 1208 3433 1246; x_wconf 38' lang='lat' dir='ltr'><strong>eam.</strong></span> 
     </span>
    </p>
   </div>
   <div class='ocr_carea' id='block_1_22' title="bbox 124 1273 1754 1352">
    <p class='ocr_par' dir='ltr' id='par_1_22' title="bbox 124 1273 1752 1352">
     <span class='ocr_line' id='line_1_22' title="bbox 124 1273 1752 1352; baseline -0.005 -19"><span class='ocrx_word' id='word_1_167' title='bbox 124 1280 357 1352; x_wconf 77' lang='grc' dir='ltr'>ρῆσαι,</span> <span class='ocrx_word' id='word_1_168' title='bbox 393 1279 661 1348; x_wconf 77' lang='grc' dir='ltr'>μένουσαν</span> <span class='ocrx_word' id='word_1_169' title='bbox 708 1275 829 1345; x_wconf 81' lang='grc' dir='ltr'>μεθ’</span> <span class='ocrx_word' id='word_1_170' title='bbox 855 1275 1034 1346; x_wconf 76' lang='grc' dir='ltr'>ἡμῶν·</span> <span class='ocrx_word' id='word_1_171' title='bbox 1070 1274 1194 1328; x_wconf 73' lang='grc' dir='ltr'>οὔτε</span> <span class='ocrx_word' id='word_1_172' title='bbox 1243 1275 1344 1344; x_wconf 77' lang='grc' dir='ltr'>τῆς</span> <span class='ocrx_word' id='word_1_173' title='bbox 1393 1273 1752 1344; x_wconf 64' lang='grc' dir='ltr'>άνθρωπότηυ</span> 
     </span>
    </p>
   </div>
   <div class='ocr_carea' id='block_1_23' title="bbox 1864 1273 3423 1352">
    <p class='ocr_par' dir='ltr' id='par_1_23' title="bbox 1864 1283 3423 1352">
     <span class='ocr_line' id='line_1_23' title="bbox 1864 1283 3423 1352; baseline -0.003 -12"><span class='ocrx_word' id='word_1_174' title='bbox 1864 1285 2054 1340; x_wconf 70' lang='lat' dir='ltr'><strong>aostris</strong></span> <span class='ocrx_word' id='word_1_175' title='bbox 2074 1283 2506 1352; x_wconf 87' lang='lat' dir='ltr'><strong>proprietatibus</strong></span> <span class='ocrx_word' id='word_1_176' title='bbox 2530 1293 2839 1336; x_wconf 90' lang='lat' dir='ltr'><strong>manentem</strong></span> <span class='ocrx_word' id='word_1_177' title='bbox 2872 1285 3078 1352; x_wconf 84' lang='lat' dir='ltr'><strong>alioqui</strong></span> <span class='ocrx_word' id='word_1_178' title='bbox 3100 1285 3423 1338; x_wconf 89' lang='lat' dir='ltr'><strong>nobiscum:</strong></span> 
     </span>
    </p>
   </div>
   <div class='ocr_carea' id='block_1_24' title="bbox 123 1365 1754 1441">
    <p class='ocr_par' dir='ltr' id='par_1_24' title="bbox 123 1365 1750 1441">
     <span class='ocr_line' id='line_1_24' title="bbox 123 1365 1750 1441; baseline -0.007 -17"><span class='ocrx_word' id='word_1_179' title='bbox 123 1388 270 1434; x_wconf 85' lang='grc' dir='ltr'>τος,</span> <span class='ocrx_word' id='word_1_180' title='bbox 313 1368 409 1441; x_wconf 82' lang='grc' dir='ltr'>τὴν</span> <span class='ocrx_word' id='word_1_181' title='bbox 461 1368 521 1435; x_wconf 77' lang='grc' dir='ltr'>ἐξ</span> <span class='ocrx_word' id='word_1_182' title='bbox 553 1367 706 1440; x_wconf 81' lang='grc' dir='ltr'>ἡμῶν</span> <span class='ocrx_word' id='word_1_183' title='bbox 743 1368 973 1439; x_wconf 76' lang='grc' dir='ltr'>ἐχούσης</span> <span class='ocrx_word' id='word_1_184' title='bbox 1007 1367 1348 1435; x_wconf 79' lang='grc' dir='ltr'>συγγένειαν,</span> <span class='ocrx_word' id='word_1_185' title='bbox 1391 1365 1750 1434; x_wconf 63' lang='grc' dir='ltr'>ὑπερηφανῆ-</span> 
     </span>
    </p>
   </div>
   <div class='ocr_carea' id='block_1_25' title="bbox 1864 1365 3426 1441">
    <p class='ocr_par' dir='ltr' id='par_1_25' title="bbox 1864 1374 3426 1436">
     <span class='ocr_line' id='line_1_25' title="bbox 1864 1374 3426 1436; baseline -0.002 -4"><span class='ocrx_word' id='word_1_186' title='bbox 1864 1393 1954 1432; x_wconf 78' lang='lat' dir='ltr'><strong>nec</strong></span> <span class='ocrx_word' id='word_1_187' title='bbox 1981 1387 2100 1431; x_wconf 88' lang='lat' dir='ltr'><strong>erat</strong></span> <span class='ocrx_word' id='word_1_188' title='bbox 2132 1375 2511 1436; x_wconf 85' lang='lat' dir='ltr'><strong>humanitatis,</strong></span> <span class='ocrx_word' id='word_1_189' title='bbox 2545 1374 2863 1428; x_wconf 77' lang='lat' dir='ltr'><strong>aﬂiuitatem</strong></span> <span class='ocrx_word' id='word_1_190' title='bbox 2892 1376 3181 1430; x_wconf 90' lang='lat' dir='ltr'><strong>nobiscum</strong></span> <span class='ocrx_word' id='word_1_191' title='bbox 3215 1376 3426 1429; x_wconf 82' lang='lat' dir='ltr'><strong>haben-</strong></span> 
     </span>
    </p>
   </div>
   <div class='ocr_carea' id='block_1_26' title="bbox 129 1455 1754 1533">
    <p class='ocr_par' dir='ltr' id='par_1_26' title="bbox 129 1455 1748 1533">
     <span class='ocr_line' id='line_1_26' title="bbox 129 1455 1748 1533; baseline -0.004 -19"><span class='ocrx_word' id='word_1_192' title='bbox 129 1479 242 1515; x_wconf 75' lang='grc' dir='ltr'><strong>σαι</strong></span> <span class='ocrx_word' id='word_1_193' title='bbox 283 1463 389 1531; x_wconf 77' lang='grc' dir='ltr'><strong>τὴν</strong></span> <span class='ocrx_word' id='word_1_194' title='bbox 418 1462 831 1533; x_wconf 77' lang='grc' dir='ltr'>ὁμοιοπάθειαν·</span> <span class='ocrx_word' id='word_1_195' title='bbox 869 1461 920 1516; x_wconf 81' lang='grc' dir='ltr'>εἴ</span> <span class='ocrx_word' id='word_1_196' title='bbox 949 1477 1013 1530; x_wconf 88' lang='grc' dir='ltr'><strong>γε</strong></span> <span class='ocrx_word' id='word_1_197' title='bbox 1049 1460 1124 1531; x_wconf 80' lang='grc' dir='ltr'>μὴ</span> <span class='ocrx_word' id='word_1_198' title='bbox 1164 1460 1454 1530; x_wconf 81' lang='grc' dir='ltr'>μέλλοιμεν</span> <span class='ocrx_word' id='word_1_199' title='bbox 1499 1458 1598 1526; x_wconf 81' lang='grc' dir='ltr'>τῆς</span> <span class='ocrx_word' id='word_1_200' title='bbox 1631 1455 1748 1508; x_wconf 86' lang='grc' dir='ltr'>θεο-</span> 
     </span>
    </p>
   </div>
   <div class='ocr_carea' id='block_1_27' title="bbox 1864 1455 3428 1533">
    <p class='ocr_par' dir='ltr' id='par_1_27' title="bbox 1864 1465 3428 1533">
     <span class='ocr_line' id='line_1_27' title="bbox 1864 1465 3428 1533; baseline -0.003 -9"><span class='ocrx_word' id='word_1_201' title='bbox 1864 1470 1965 1533; x_wconf 85' lang='lat' dir='ltr'><strong>Lis,</strong></span> <span class='ocrx_word' id='word_1_202' title='bbox 2018 1467 2202 1522; x_wconf 80' lang='lat' dir='ltr'><strong>delere</strong></span> <span class='ocrx_word' id='word_1_203' title='bbox 2253 1465 2673 1520; x_wconf 86' lang='lat' dir='ltr'><strong>similitudinem</strong></span> <span class='ocrx_word' id='word_1_204' title='bbox 2714 1465 2996 1533; x_wconf 90' lang='lat' dir='ltr'><strong>patiendi,</strong></span> <span class='ocrx_word' id='word_1_205' title='bbox 3052 1467 3156 1519; x_wconf 89' lang='lat' dir='ltr'><strong>nisi</strong></span> <span class='ocrx_word' id='word_1_206' title='bbox 3194 1467 3428 1520; x_wconf 89' lang='lat' dir='ltr'><strong>velimus</strong></span> 
     </span>
    </p>
   </div>
   <div class='ocr_carea' id='block_1_28' title="bbox 40 1547 1754 1626">
    <p class='ocr_par' dir='ltr' id='par_1_28' title="bbox 40 1547 1752 1625">
     <span class='ocr_line' id='line_1_28' title="bbox 40 1547 1752 1625; baseline -0.002 -20"><span class='ocrx_word' id='word_1_207' title='bbox 40 1569 42 1576; x_wconf 60' lang='grc' dir='ltr'><strong><em>τ</em></strong></span> <span class='ocrx_word' id='word_1_208' title='bbox 135 1554 445 1625; x_wconf 83' lang='grc' dir='ltr'>μιμησίας</span> <span class='ocrx_word' id='word_1_209' title='bbox 473 1555 644 1622; x_wconf 81' lang='grc' dir='ltr'>αὐτῆς</span> <span class='ocrx_word' id='word_1_210' title='bbox 706 1555 1060 1609; x_wconf 81' lang='grc' dir='ltr'><strong>ἀποπίπτειν.</strong></span> <span class='ocrx_word' id='word_1_211' title='bbox 1117 1553 1257 1608; x_wconf 76' lang='grc' dir='ltr'>Οὔτε</span> <span class='ocrx_word' id='word_1_212' title='bbox 1318 1553 1376 1606; x_wconf 77' lang='grc' dir='ltr'>δὲ</span> <span class='ocrx_word' id='word_1_213' title='bbox 1431 1551 1502 1604; x_wconf 79' lang='grc' dir='ltr'>τὰ</span> <span class='ocrx_word' id='word_1_214' title='bbox 1555 1547 1752 1613; x_wconf 81' lang='grc' dir='ltr'>κοινῶς</span> 
     </span>
    </p>
   </div>
   <div class='ocr_carea' id='block_1_29' title="bbox 1864 1547 3428 1626">
    <p class='ocr_par' dir='ltr' id='par_1_29' title="bbox 1864 1555 3428 1626">
     <span class='ocr_line' id='line_1_29' title="bbox 1864 1555 3428 1626; baseline -0.003 -13"><span class='ocrx_word' id='word_1_215' title='bbox 1864 1559 2106 1614; x_wconf 65' lang='lat' dir='ltr'><strong>excidere</strong></span> <span class='ocrx_word' id='word_1_216' title='bbox 2152 1557 2220 1610; x_wconf 91' lang='lat' dir='ltr'><strong>ab</strong></span> <span class='ocrx_word' id='word_1_217' title='bbox 2263 1558 2384 1626; x_wconf 84' lang='lat' dir='ltr'><strong>ejus</strong></span> <span class='ocrx_word' id='word_1_218' title='bbox 2436 1555 2743 1609; x_wconf 85' lang='lat' dir='ltr'><strong>imitatione</strong></span> <span class='ocrx_word' id='word_1_219' title='bbox 2789 1565 2844 1610; x_wconf 89' lang='lat' dir='ltr'><strong>et</strong></span> <span class='ocrx_word' id='word_1_220' title='bbox 2894 1555 3278 1610; x_wconf 88' lang='lat' dir='ltr'><strong>similitudine.</strong></span> <span class='ocrx_word' id='word_1_221' title='bbox 3317 1555 3428 1609; x_wconf 87' lang='lat' dir='ltr'><strong>Nec</strong></span> 
     </span>
    </p>
   </div>
   <div class='ocr_carea' id='block_1_30' title="bbox 129 1643 1754 1718">
    <p class='ocr_par' dir='ltr' id='par_1_30' title="bbox 129 1643 1751 1718">
     <span class='ocr_line' id='line_1_30' title="bbox 129 1643 1751 1718; baseline -0.003 -20"><span class='ocrx_word' id='word_1_222' title='bbox 129 1646 512 1718; x_wconf 77' lang='grc' dir='ltr'>ὑπάρξαντα,</span> <span class='ocrx_word' id='word_1_223' title='bbox 544 1648 776 1710; x_wconf 75' lang='grc' dir='ltr'>δικαίοις</span> <span class='ocrx_word' id='word_1_224' title='bbox 829 1665 888 1700; x_wconf 87' lang='grc' dir='ltr'><strong>τε</strong></span> <span class='ocrx_word' id='word_1_225' title='bbox 923 1649 1017 1700; x_wconf 68' lang='grc' dir='ltr'><strong>καὶ</strong></span> <span class='ocrx_word' id='word_1_226' title='bbox 1046 1647 1258 1709; x_wconf 73' lang='grc' dir='ltr'>ἀδίκοις</span> <span class='ocrx_word' id='word_1_227' title='bbox 1291 1645 1432 1716; x_wconf 83' lang='grc' dir='ltr'>μετὰ</span> <span class='ocrx_word' id='word_1_228' title='bbox 1481 1645 1580 1713; x_wconf 78' lang='grc' dir='ltr'><strong>τὴν</strong></span> <span class='ocrx_word' id='word_1_229' title='bbox 1619 1643 1751 1695; x_wconf 84' lang='grc' dir='ltr'>ἀνά-</span> 
     </span>
    </p>
   </div>
   <div class='ocr_carea' id='block_1_31' title="bbox 1864 1643 3428 1718">
    <p class='ocr_par' dir='ltr' id='par_1_31' title="bbox 1864 1644 3428 1716">
     <span class='ocr_line' id='line_1_31' title="bbox 1864 1644 3428 1716; baseline -0.004 -14"><span class='ocrx_word' id='word_1_230' title='bbox 1864 1664 1985 1704; x_wconf 81' lang='lat' dir='ltr'><strong>rero</strong></span> <span class='ocrx_word' id='word_1_231' title='bbox 2011 1663 2076 1703; x_wconf 90' lang='lat' dir='ltr'><strong>ea</strong></span> <span class='ocrx_word' id='word_1_232' title='bbox 2105 1663 2226 1716; x_wconf 87' lang='lat' dir='ltr'><strong>quae</strong></span> <span class='ocrx_word' id='word_1_233' title='bbox 2253 1644 2626 1700; x_wconf 87' lang='lat' dir='ltr'><strong>communiter</strong></span> <span class='ocrx_word' id='word_1_234' title='bbox 2646 1644 2779 1713; x_wconf 85' lang='lat' dir='ltr'><strong>justi</strong></span> <span class='ocrx_word' id='word_1_235' title='bbox 2811 1653 2866 1698; x_wconf 89' lang='lat' dir='ltr'><strong>et</strong></span> <span class='ocrx_word' id='word_1_236' title='bbox 2894 1645 3082 1713; x_wconf 83' lang='lat' dir='ltr'><strong>injusti</strong></span> <span class='ocrx_word' id='word_1_237' title='bbox 3105 1654 3226 1714; x_wconf 93' lang='lat' dir='ltr'><strong>post</strong></span> <span class='ocrx_word' id='word_1_238' title='bbox 3243 1659 3428 1698; x_wconf 85' lang='lat' dir='ltr'><strong>resur-</strong></span> 
     </span>
    </p>
   </div>
   <div class='ocr_carea' id='block_1_32' title="bbox 133 1734 1754 1810">
    <p class='ocr_par' dir='ltr' id='par_1_32' title="bbox 133 1735 1750 1810">
     <span class='ocr_line' id='line_1_32' title="bbox 133 1735 1750 1810; baseline -0.002 -18"><span class='ocrx_word' id='word_1_239' title='bbox 133 1756 210 1792; x_wconf 89' lang='grc' dir='ltr'><strong>στ</strong></span> <span class='ocrx_word' id='word_1_240' title='bbox 224 1756 386 1797; x_wconf 86' lang='grc' dir='ltr'>ασιν,</span> <span class='ocrx_word' id='word_1_241' title='bbox 414 1741 558 1808; x_wconf 72' lang='grc' dir='ltr'>φημὶ</span> <span class='ocrx_word' id='word_1_242' title='bbox 592 1740 656 1810; x_wconf 83' lang='grc' dir='ltr'>δὴ</span> <span class='ocrx_word' id='word_1_243' title='bbox 686 1741 785 1808; x_wconf 72' lang='grc' dir='ltr'>τὴν</span> <span class='ocrx_word' id='word_1_244' title='bbox 814 1739 1118 1792; x_wconf 75' lang='grc' dir='ltr'>ἀθανασίαν</span> <span class='ocrx_word' id='word_1_245' title='bbox 1159 1739 1254 1791; x_wconf 75' lang='grc' dir='ltr'><strong>καὶ</strong></span> <span class='ocrx_word' id='word_1_246' title='bbox 1283 1737 1618 1808; x_wconf 73' lang='grc' dir='ltr'>ἀφθαρσίαν,</span> <span class='ocrx_word' id='word_1_247' title='bbox 1654 1735 1750 1788; x_wconf 71' lang='grc' dir='ltr'><strong>καὶ</strong></span> 
     </span>
    </p>
   </div>
   <div class='ocr_carea' id='block_1_33' title="bbox 1864 1734 3426 1810">
    <p class='ocr_par' dir='ltr' id='par_1_33' title="bbox 1864 1734 3426 1799">
     <span class='ocr_line' id='line_1_33' title="bbox 1864 1734 3426 1799; baseline -0.007 -3"><span class='ocrx_word' id='word_1_248' title='bbox 1864 1740 2155 1796; x_wconf 84' lang='lat' dir='ltr'><strong>rectionem</strong></span> <span class='ocrx_word' id='word_1_249' title='bbox 2187 1736 2473 1791; x_wconf 87' lang='lat' dir='ltr'><strong>habebunt</strong></span> <span class='ocrx_word' id='word_1_250' title='bbox 2499 1775 2512 1799; x_wconf 95' lang='lat'><strong>,</strong></span> <span class='ocrx_word' id='word_1_251' title='bbox 2550 1734 3020 1788; x_wconf 88' lang='lat' dir='ltr'><strong>innnortalitatem</strong></span> <span class='ocrx_word' id='word_1_252' title='bbox 3053 1734 3201 1797; x_wconf 89' lang='lat' dir='ltr'><strong>dico,</strong></span> <span class='ocrx_word' id='word_1_253' title='bbox 3231 1742 3286 1788; x_wconf 92' lang='lat' dir='ltr'><strong>et</strong></span> <span class='ocrx_word' id='word_1_254' title='bbox 3316 1748 3426 1786; x_wconf 92' lang='lat' dir='ltr'><strong>non</strong></span> 
     </span>
    </p>
   </div>
   <div class='ocr_carea' id='block_1_34' title="bbox 130 1809 1754 1902">
    <p class='ocr_par' dir='ltr' id='par_1_34' title="bbox 130 1828 1748 1902">
     <span class='ocr_line' id='line_1_34' title="bbox 130 1828 1748 1902; baseline -0.002 -18"><span class='ocrx_word' id='word_1_255' title='bbox 130 1831 264 1902; x_wconf 81' lang='grc' dir='ltr'><strong>πρὸ</strong></span> <span class='ocrx_word' id='word_1_256' title='bbox 298 1831 507 1884; x_wconf 82' lang='grc' dir='ltr'>τούτων</span> <span class='ocrx_word' id='word_1_257' title='bbox 541 1833 601 1884; x_wconf 78' lang='grc' dir='ltr'><strong>τὸ</strong></span> <span class='ocrx_word' id='word_1_258' title='bbox 633 1833 709 1901; x_wconf 87' lang='grc' dir='ltr'>μὴ</span> <span class='ocrx_word' id='word_1_259' title='bbox 751 1833 958 1884; x_wconf 86' lang='grc' dir='ltr'>πεινεῖν</span> <span class='ocrx_word' id='word_1_260' title='bbox 986 1833 1081 1884; x_wconf 80' lang='grc' dir='ltr'>καὶ</span> <span class='ocrx_word' id='word_1_261' title='bbox 1111 1830 1284 1894; x_wconf 79' lang='grc' dir='ltr'>διψεῖν</span> <span class='ocrx_word' id='word_1_262' title='bbox 1311 1829 1407 1899; x_wconf 87' lang='lat' dir='ltr'><strong>[ita</strong></span> <span class='ocrx_word' id='word_1_263' title='bbox 1448 1829 1622 1901; x_wconf 86' lang='lat' dir='ltr'><strong>cod.].</strong></span> <span class='ocrx_word' id='word_1_264' title='bbox 1653 1828 1748 1882; x_wconf 66' lang='lat' dir='ltr'><strong>ml.</strong></span> 
     </span>
    </p>
   </div>
   <div class='ocr_carea' id='block_1_35' title="bbox 1864 1809 3425 1902">
    <p class='ocr_par' dir='ltr' id='par_1_35' title="bbox 1864 1824 3425 1902">
     <span class='ocr_line' id='line_1_35' title="bbox 1864 1824 3425 1902; baseline -0.005 -16"><span class='ocrx_word' id='word_1_265' title='bbox 1864 1848 2017 1902; x_wconf 84' lang='lat' dir='ltr'><strong>posse</strong></span> <span class='ocrx_word' id='word_1_266' title='bbox 2043 1829 2324 1887; x_wconf 91' lang='lat' dir='ltr'><strong>interitum</strong></span> <span class='ocrx_word' id='word_1_267' title='bbox 2371 1842 2567 1898; x_wconf 89' lang='lat' dir='ltr'><strong>capere</strong></span> <span class='ocrx_word' id='word_1_268' title='bbox 2589 1867 2602 1891; x_wconf 94' lang='lat'><strong>,</strong></span> <span class='ocrx_word' id='word_1_269' title='bbox 2635 1835 2687 1881; x_wconf 89' lang='lat' dir='ltr'><strong>et</strong></span> <span class='ocrx_word' id='word_1_270' title='bbox 2729 1826 2784 1879; x_wconf 94' lang='lat' dir='ltr'><strong>in</strong></span> <span class='ocrx_word' id='word_1_271' title='bbox 2816 1825 3011 1895; x_wconf 90' lang='lat' dir='ltr'><strong>primis</strong></span> <span class='ocrx_word' id='word_1_272' title='bbox 3051 1841 3162 1879; x_wconf 89' lang='lat' dir='ltr'><strong>non</strong></span> <span class='ocrx_word' id='word_1_273' title='bbox 3193 1824 3425 1887; x_wconf 86' lang='lat' dir='ltr'><strong>esurire.</strong></span> 
     </span>
    </p>
   </div>
   <div class='ocr_carea' id='block_1_36' title="bbox 134 1917 1748 1990">
    <p class='ocr_par' dir='ltr' id='par_1_36' title="bbox 134 1917 1748 1990">
     <span class='ocr_line' id='line_1_36' title="bbox 134 1917 1748 1990; baseline -0.002 -18"><span class='ocrx_word' id='word_1_274' title='bbox 134 1920 336 1974; x_wconf 72' lang='grc' dir='ltr'>ὕπνου</span> <span class='ocrx_word' id='word_1_275' title='bbox 367 1920 682 1990; x_wconf 83' lang='grc' dir='ltr'>ὀρέγεσθαι,</span> <span class='ocrx_word' id='word_1_276' title='bbox 714 1921 789 1983; x_wconf 82' lang='grc' dir='ltr'>ὡς</span> <span class='ocrx_word' id='word_1_277' title='bbox 826 1920 966 1988; x_wconf 86' lang='grc' dir='ltr'>μέγα</span> <span class='ocrx_word' id='word_1_278' title='bbox 999 1938 1054 1972; x_wconf 83' lang='grc' dir='ltr'><strong>τι</strong></span> <span class='ocrx_word' id='word_1_279' title='bbox 1086 1921 1448 1989; x_wconf 81' lang='grc' dir='ltr'>προσρίπτειν</span> <span class='ocrx_word' id='word_1_280' title='bbox 1483 1921 1550 1988; x_wconf 82' lang='grc' dir='ltr'>τῇ</span> <span class='ocrx_word' id='word_1_281' title='bbox 1582 1917 1748 1986; x_wconf 74' lang='grc' dir='ltr'>σαρκὶ</span> 
     </span>
    </p>
   </div>
   <div class='ocr_carea' id='block_1_37' title="bbox 130 2005 1748 2081">
    <p class='ocr_par' dir='ltr' id='par_1_37' title="bbox 130 2005 1748 2081">
     <span class='ocr_line' id='line_1_37' title="bbox 130 2005 1748 2081; baseline -0.003 -17"><span class='ocrx_word' id='word_1_282' title='bbox 130 2012 248 2064; x_wconf 81' lang='grc' dir='ltr'>τοῦ</span> <span class='ocrx_word' id='word_1_283' title='bbox 302 2012 532 2081; x_wconf 84' lang='grc' dir='ltr'>Κυρίου.</span> <span class='ocrx_word' id='word_1_284' title='bbox 564 2005 691 2062; x_wconf 84' lang='grc' dir='ltr'>Ὧδε</span> <span class='ocrx_word' id='word_1_285' title='bbox 740 2011 851 2080; x_wconf 77' lang='grc' dir='ltr'><strong>γάρ</strong></span> <span class='ocrx_word' id='word_1_286' title='bbox 884 2011 1032 2062; x_wconf 74' lang='grc' dir='ltr'>ἐστιν</span> <span class='ocrx_word' id='word_1_287' title='bbox 1081 2010 1296 2079; x_wconf 83' lang='grc' dir='ltr'>άληθῶς</span> <span class='ocrx_word' id='word_1_288' title='bbox 1344 2012 1539 2072; x_wconf 75' lang='grc' dir='ltr'>εἰπεῖν,</span> <span class='ocrx_word' id='word_1_289' title='bbox 1584 2011 1667 2062; x_wconf 78' lang='grc' dir='ltr'><strong>ὅτι</strong></span> <span class='ocrx_word' id='word_1_290' title='bbox 1715 2009 1748 2077; x_wconf 81' lang='grc' dir='ltr'><strong>ἡ</strong></span> 
     </span>
    </p>
   </div>
   <div class='ocr_carea' id='block_1_38' title="bbox 132 2099 1750 2170">
    <p class='ocr_par' dir='ltr' id='par_1_38' title="bbox 132 2099 1750 2170">
     <span class='ocr_line' id='line_1_38' title="bbox 132 2099 1750 2170; baseline -0.002 -15"><span class='ocrx_word' id='word_1_291' title='bbox 132 2099 292 2164; x_wconf 75' lang='grc' dir='ltr'>δόξα</span> <span class='ocrx_word' id='word_1_292' title='bbox 326 2102 383 2152; x_wconf 82' lang='grc' dir='ltr'><strong>ἐν</strong></span> <span class='ocrx_word' id='word_1_293' title='bbox 415 2103 475 2170; x_wconf 80' lang='grc' dir='ltr'>τῇ</span> <span class='ocrx_word' id='word_1_294' title='bbox 513 2101 746 2169; x_wconf 77' lang='grc' dir='ltr'>αἰσχύνῃ</span> <span class='ocrx_word' id='word_1_295' title='bbox 782 2107 890 2152; x_wconf 83' lang='grc' dir='ltr'>τῶν</span> <span class='ocrx_word' id='word_1_296' title='bbox 924 2100 1016 2156; x_wconf 77' lang='grc' dir='ltr'>διὰ</span> <span class='ocrx_word' id='word_1_297' title='bbox 1048 2103 1212 2170; x_wconf 85' lang='grc' dir='ltr'>τιμῆς</span> <span class='ocrx_word' id='word_1_298' title='bbox 1247 2102 1624 2169; x_wconf 80' lang='grc' dir='ltr'>άτιμαζὸντων</span> <span class='ocrx_word' id='word_1_299' title='bbox 1655 2101 1750 2152; x_wconf 75' lang='grc' dir='ltr'><strong>καὶ</strong></span> 
     </span>
    </p>
   </div>
   <div class='ocr_carea' id='block_1_39' title="bbox 137 2193 1750 2264">
    <p class='ocr_par' dir='ltr' id='par_1_39' title="bbox 137 2193 1750 2264">
     <span class='ocr_line' id='line_1_39' title="bbox 137 2193 1750 2264; baseline -0.001 -18"><span class='ocrx_word' id='word_1_300' title='bbox 137 2195 317 2264; x_wconf 71' lang='grc' dir='ltr'>ἡμᾶς</span> <span class='ocrx_word' id='word_1_301' title='bbox 367 2193 460 2246; x_wconf 74' lang='grc' dir='ltr'>καὶ</span> <span class='ocrx_word' id='word_1_302' title='bbox 499 2193 598 2262; x_wconf 79' lang='grc' dir='ltr'>τὴν</span> <span class='ocrx_word' id='word_1_303' title='bbox 643 2193 739 2245; x_wconf 79' lang='grc' dir='ltr'><strong>τοῦ</strong></span> <span class='ocrx_word' id='word_1_304' title='bbox 773 2195 983 2263; x_wconf 80' lang='grc' dir='ltr'>Κυρίου</span> <span class='ocrx_word' id='word_1_305' title='bbox 1024 2196 1224 2264; x_wconf 85' lang='grc' dir='ltr'>σάρκα,</span> <span class='ocrx_word' id='word_1_306' title='bbox 1255 2194 1354 2263; x_wconf 80' lang='grc' dir='ltr'>τὴν</span> <span class='ocrx_word' id='word_1_307' title='bbox 1389 2194 1487 2263; x_wconf 81' lang='grc' dir='ltr'>μὲν</span> <span class='ocrx_word' id='word_1_308' title='bbox 1519 2197 1588 2264; x_wconf 82' lang='grc' dir='ltr'>τῇ</span> <span class='ocrx_word' id='word_1_309' title='bbox 1625 2211 1750 2246; x_wconf 88' lang='grc' dir='ltr'>στε-</span> 
     </span>
    </p>
   </div>
   <div class='ocr_carea' id='block_1_40' title="bbox 145 2281 1747 2354">
    <p class='ocr_par' dir='ltr' id='par_1_40' title="bbox 145 2281 1747 2354">
     <span class='ocr_line' id='line_1_40' title="bbox 145 2281 1747 2354; baseline 0.001 -20"><span class='ocrx_word' id='word_1_310' title='bbox 145 2283 328 2351; x_wconf 78' lang='grc' dir='ltr'>ρήσει</span> <span class='ocrx_word' id='word_1_311' title='bbox 371 2281 477 2332; x_wconf 85' lang='grc' dir='ltr'>τῶν</span> <span class='ocrx_word' id='word_1_312' title='bbox 509 2281 816 2351; x_wconf 78' lang='grc' dir='ltr'>ἡμετέρων,</span> <span class='ocrx_word' id='word_1_313' title='bbox 852 2284 999 2352; x_wconf 79' lang='grc' dir='ltr'>ἡμᾶς</span> <span class='ocrx_word' id='word_1_314' title='bbox 1045 2283 1102 2336; x_wconf 81' lang='grc' dir='ltr'>δὲ</span> <span class='ocrx_word' id='word_1_315' title='bbox 1149 2287 1216 2354; x_wconf 81' lang='grc' dir='ltr'>τῇ</span> <span class='ocrx_word' id='word_1_316' title='bbox 1269 2284 1589 2336; x_wconf 83' lang='grc' dir='ltr'>ἁποπτώσει</span> <span class='ocrx_word' id='word_1_317' title='bbox 1638 2283 1747 2337; x_wconf 85' lang='grc' dir='ltr'><strong>τῶν</strong></span> 
     </span>
    </p>
   </div>
   <div class='ocr_carea' id='block_1_41' title="bbox 142 2373 1751 2446">
    <p class='ocr_par' dir='ltr' id='par_1_41' title="bbox 142 2373 1751 2446">
     <span class='ocr_line' id='line_1_41' title="bbox 142 2373 1751 2446; baseline 0.002 -19"><span class='ocrx_word' id='word_1_318' title='bbox 142 2373 256 2427; x_wconf 81' lang='grc' dir='ltr'><strong>ἀπ’</strong></span> <span class='ocrx_word' id='word_1_319' title='bbox 297 2373 533 2441; x_wconf 76' lang='grc' dir='ltr'>ἐκείνης·</span> <span class='ocrx_word' id='word_1_320' title='bbox 567 2374 629 2426; x_wconf 82' lang='grc' dir='ltr'><strong>οὐ</strong></span> <span class='ocrx_word' id='word_1_321' title='bbox 674 2376 780 2444; x_wconf 88' lang='grc' dir='ltr'>γὰρ</span> <span class='ocrx_word' id='word_1_322' title='bbox 814 2376 1033 2442; x_wconf 76' lang='grc' dir='ltr'>δοξάσει</span> <span class='ocrx_word' id='word_1_323' title='bbox 1064 2375 1140 2446; x_wconf 82' lang='grc' dir='ltr'>μὴ</span> <span class='ocrx_word' id='word_1_324' title='bbox 1173 2375 1563 2446; x_wconf 83' lang='grc' dir='ltr'>συμπαθοῡσα,</span> <span class='ocrx_word' id='word_1_325' title='bbox 1601 2379 1634 2446; x_wconf 81' lang='grc' dir='ltr'>ἡ</span> <span class='ocrx_word' id='word_1_326' title='bbox 1665 2377 1751 2430; x_wconf 83' lang='grc' dir='ltr'>διὰ</span> 
     </span>
    </p>
   </div>
   <div class='ocr_carea' id='block_1_42' title="bbox 139 2463 851 2530">
    <p class='ocr_par' dir='ltr' id='par_1_42' title="bbox 139 2463 851 2530">
     <span class='ocr_line' id='line_1_42' title="bbox 139 2463 851 2530; baseline 0.004 -11"><span class='ocrx_word' id='word_1_327' title='bbox 139 2463 254 2519; x_wconf 76' lang='grc' dir='ltr'>τοῦ</span> <span class='ocrx_word' id='word_1_328' title='bbox 295 2464 488 2519; x_wconf 86' lang='grc' dir='ltr'>παθεῖν</span> <span class='ocrx_word' id='word_1_329' title='bbox 532 2464 851 2530; x_wconf 81' lang='grc' dir='ltr'>δοξάζουσα.</span> 
     </span>
    </p>
   </div>
   <div class='ocr_carea' id='block_1_43' title="bbox 234 2775 1754 2846">
    <p class='ocr_par' dir='ltr' id='par_1_43' title="bbox 234 2775 1754 2846">
     <span class='ocr_line' id='line_1_43' title="bbox 234 2775 1754 2846; baseline -0.003 -14"><span class='ocrx_word' id='word_1_330' title='bbox 234 2782 306 2833; x_wconf 76' lang='grc' dir='ltr'>Α.</span> <span class='ocrx_word' id='word_1_331' title='bbox 356 2777 486 2830; x_wconf 76' lang='grc' dir='ltr'>Ἰδοὺ</span> <span class='ocrx_word' id='word_1_332' title='bbox 510 2777 574 2846; x_wconf 81' lang='grc' dir='ltr'>δὴ</span> <span class='ocrx_word' id='word_1_333' title='bbox 601 2775 717 2840; x_wconf 81' lang='grc' dir='ltr'>νῦν,</span> <span class='ocrx_word' id='word_1_334' title='bbox 755 2775 861 2844; x_wconf 80' lang='grc' dir='ltr'><strong>ἔφη</strong></span> <span class='ocrx_word' id='word_1_335' title='bbox 889 2817 902 2840; x_wconf 95' lang='grc'><strong>,</strong></span> <span class='ocrx_word' id='word_1_336' title='bbox 935 2777 1030 2828; x_wconf 70' lang='grc' dir='ltr'><strong>καὶ</strong></span> <span class='ocrx_word' id='word_1_337' title='bbox 1066 2775 1139 2846; x_wconf 84' lang='grc' dir='ltr'><strong>μὴ</strong></span> <span class='ocrx_word' id='word_1_338' title='bbox 1178 2775 1497 2846; x_wconf 86' lang='grc' dir='ltr'>βουλόμενος</span> <span class='ocrx_word' id='word_1_339' title='bbox 1519 2815 1532 2838; x_wconf 89' lang='grc'><strong>,</strong></span> <span class='ocrx_word' id='word_1_340' title='bbox 1567 2777 1754 2829; x_wconf 69' lang='grc' dir='ltr'>ἁπεδιυ</span> 
     </span>
    </p>
   </div>
   <div class='ocr_carea' id='block_1_44' title="bbox 153 2867 1750 2939">
    <p class='ocr_par' dir='ltr' id='par_1_44' title="bbox 153 2867 1750 2939">
     <span class='ocr_line' id='line_1_44' title="bbox 153 2867 1750 2939; baseline -0.003 -14"><span class='ocrx_word' id='word_1_341' title='bbox 153 2870 396 2924; x_wconf 81' lang='grc' dir='ltr'>εστείλω</span> <span class='ocrx_word' id='word_1_342' title='bbox 416 2870 510 2922; x_wconf 84' lang='grc' dir='ltr'>τοῦ</span> <span class='ocrx_word' id='word_1_343' title='bbox 545 2867 791 2939; x_wconf 78' lang='grc' dir='ltr'>παθητοῦ</span> <span class='ocrx_word' id='word_1_344' title='bbox 834 2869 894 2921; x_wconf 89' lang='grc' dir='ltr'><strong>τδ</strong></span> <span class='ocrx_word' id='word_1_345' title='bbox 929 2868 1191 2938; x_wconf 77' lang='grc' dir='ltr'>φθαρτὸνο</span> <span class='ocrx_word' id='word_1_346' title='bbox 1232 2868 1431 2936; x_wconf 81' lang='grc' dir='ltr'>πάσχει</span> <span class='ocrx_word' id='word_1_347' title='bbox 1461 2867 1571 2938; x_wconf 78' lang='grc' dir='ltr'>γὰρ</span> <span class='ocrx_word' id='word_1_348' title='bbox 1601 2870 1658 2921; x_wconf 84' lang='grc' dir='ltr'>ἐν</span> <span class='ocrx_word' id='word_1_349' title='bbox 1688 2871 1750 2939; x_wconf 80' lang='grc' dir='ltr'>τῇ</span> 
     </span>
    </p>
   </div>
   <div class='ocr_carea' id='block_1_45' title="bbox 157 2959 1751 3029">
    <p class='ocr_par' dir='ltr' id='par_1_45' title="bbox 157 2959 1751 3029">
     <span class='ocr_line' id='line_1_45' title="bbox 157 2959 1751 3029; baseline -0.004 -13"><span class='ocrx_word' id='word_1_350' title='bbox 157 2962 396 3016; x_wconf 80' lang='grc' dir='ltr'>κολάσει</span> <span class='ocrx_word' id='word_1_351' title='bbox 425 2960 494 3012; x_wconf 84' lang='grc' dir='ltr'>τὰ</span> <span class='ocrx_word' id='word_1_352' title='bbox 523 2959 752 3029; x_wconf 89' lang='grc' dir='ltr'>σώματα</span> <span class='ocrx_word' id='word_1_353' title='bbox 785 2959 894 3012; x_wconf 83' lang='grc' dir='ltr'>τῶν</span> <span class='ocrx_word' id='word_1_354' title='bbox 933 2959 1274 3029; x_wconf 82' lang='grc' dir='ltr'>ἁμαρτωλῶν</span> <span class='ocrx_word' id='word_1_355' title='bbox 1309 2960 1406 3011; x_wconf 69' lang='grc' dir='ltr'><strong>σὺν</strong></span> <span class='ocrx_word' id='word_1_356' title='bbox 1430 2959 1621 3022; x_wconf 87' lang='grc' dir='ltr'>αὐταῖς</span> <span class='ocrx_word' id='word_1_357' title='bbox 1647 2959 1751 3028; x_wconf 72' lang='grc' dir='ltr'><strong>ψυ-</strong></span> 
     </span>
    </p>
   </div>
   <div class='ocr_carea' id='block_1_46' title="bbox 157 3051 1755 3124">
    <p class='ocr_par' dir='ltr' id='par_1_46' title="bbox 157 3051 1755 3124">
     <span class='ocr_line' id='line_1_46' title="bbox 157 3051 1755 3124; baseline -0.001 -18"><span class='ocrx_word' id='word_1_358' title='bbox 157 3071 321 3124; x_wconf 86' lang='grc' dir='ltr'>χαις,</span> <span class='ocrx_word' id='word_1_359' title='bbox 353 3054 415 3106; x_wconf 80' lang='grc' dir='ltr'><strong>οὐ</strong></span> <span class='ocrx_word' id='word_1_360' title='bbox 447 3053 512 3123; x_wconf 79' lang='grc' dir='ltr'>δή</span> <span class='ocrx_word' id='word_1_361' title='bbox 555 3069 660 3105; x_wconf 90' lang='grc' dir='ltr'><strong>που</strong></span> <span class='ocrx_word' id='word_1_362' title='bbox 705 3052 763 3104; x_wconf 77' lang='grc' dir='ltr'><strong>δὲ</strong></span> <span class='ocrx_word' id='word_1_363' title='bbox 799 3053 893 3103; x_wconf 69' lang='grc' dir='ltr'><strong>καὶ</strong></span> <span class='ocrx_word' id='word_1_364' title='bbox 937 3053 1218 3121; x_wconf 89' lang='grc' dir='ltr'>πάσχοντα</span> <span class='ocrx_word' id='word_1_365' title='bbox 1251 3051 1530 3122; x_wconf 86' lang='grc' dir='ltr'>θανάτῳῆ</span> <span class='ocrx_word' id='word_1_366' title='bbox 1576 3051 1755 3123; x_wconf 79' lang='grc' dir='ltr'>φθορᾷ</span> 
     </span>
    </p>
   </div>
   <div class='ocr_carea' id='block_1_47' title="bbox 1851 1915 3429 1988">
    <p class='ocr_par' dir='ltr' id='par_1_47' title="bbox 1851 1915 3429 1988">
     <span class='ocr_line' id='line_1_47' title="bbox 1851 1915 3429 1988; baseline -0.006 -8"><span class='ocrx_word' id='word_1_367' title='bbox 1851 1940 1963 1980; x_wconf 90' lang='lat' dir='ltr'><strong>non</strong></span> <span class='ocrx_word' id='word_1_368' title='bbox 1991 1924 2167 1984; x_wconf 90' lang='lat' dir='ltr'><strong>sitire,</strong></span> <span class='ocrx_word' id='word_1_369' title='bbox 2195 1937 2308 1976; x_wconf 92' lang='lat' dir='ltr'><strong>non</strong></span> <span class='ocrx_word' id='word_1_370' title='bbox 2344 1928 2602 1988; x_wconf 82' lang='lat' dir='ltr'><strong>expetere</strong></span> <span class='ocrx_word' id='word_1_371' title='bbox 2625 1933 2902 1980; x_wconf 88' lang='lat' dir='ltr'><strong>somnum,</strong></span> <span class='ocrx_word' id='word_1_372' title='bbox 2925 1926 3183 1985; x_wconf 87' lang='lat' dir='ltr'><strong>tanquam</strong></span> <span class='ocrx_word' id='word_1_373' title='bbox 3221 1915 3429 1986; x_wconf 80' lang='lat' dir='ltr'><strong>grande</strong></span> 
     </span>
    </p>
   </div>
   <div class='ocr_carea' id='block_1_48' title="bbox 1850 2008 3427 2084">
    <p class='ocr_par' dir='ltr' id='par_1_48' title="bbox 1850 2008 3427 2084">
     <span class='ocr_line' id='line_1_48' title="bbox 1850 2008 3427 2084; baseline -0.006 -15"><span class='ocrx_word' id='word_1_374' title='bbox 1850 2015 2057 2084; x_wconf 90' lang='lat' dir='ltr'><strong>aliquid</strong></span> <span class='ocrx_word' id='word_1_375' title='bbox 2089 2012 2240 2067; x_wconf 91' lang='lat' dir='ltr'><strong>carni</strong></span> <span class='ocrx_word' id='word_1_376' title='bbox 2287 2010 2494 2065; x_wconf 88' lang='lat' dir='ltr'><strong>Christi</strong></span> <span class='ocrx_word' id='word_1_377' title='bbox 2546 2010 2921 2079; x_wconf 84' lang='lat' dir='ltr'><strong>projiciamus.</strong></span> <span class='ocrx_word' id='word_1_378' title='bbox 2961 2008 3057 2062; x_wconf 87' lang='lat' dir='ltr'><strong>llic</strong></span> <span class='ocrx_word' id='word_1_379' title='bbox 3104 2008 3252 2061; x_wconf 88' lang='lat' dir='ltr'><strong>enim</strong></span> <span class='ocrx_word' id='word_1_380' title='bbox 3300 2022 3427 2060; x_wconf 84' lang='lat' dir='ltr'><strong>vere</strong></span> 
     </span>
    </p>
   </div>
   <div class='ocr_carea' id='block_1_49' title="bbox 1851 2099 3429 2176">
    <p class='ocr_par' dir='ltr' id='par_1_49' title="bbox 1851 2099 3429 2176">
     <span class='ocr_line' id='line_1_49' title="bbox 1851 2099 3429 2176; baseline -0.006 -16"><span class='ocrx_word' id='word_1_381' title='bbox 1851 2107 1956 2161; x_wconf 90' lang='lat' dir='ltr'><strong>dici</strong></span> <span class='ocrx_word' id='word_1_382' title='bbox 1992 2113 2194 2174; x_wconf 87' lang='lat' dir='ltr'><strong>potest,</strong></span> <span class='ocrx_word' id='word_1_383' title='bbox 2226 2102 2397 2173; x_wconf 83' lang='lat' dir='ltr'><strong>gloria</strong></span> <span class='ocrx_word' id='word_1_384' title='bbox 2451 2103 2505 2155; x_wconf 91' lang='lat' dir='ltr'><strong>in</strong></span> <span class='ocrx_word' id='word_1_385' title='bbox 2559 2100 2884 2155; x_wconf 82' lang='lat' dir='ltr'><strong>confusione</strong></span> <span class='ocrx_word' id='word_1_386' title='bbox 2911 2115 3141 2176; x_wconf 71' lang='lat' dir='ltr'><strong>eorum,</strong></span> <span class='ocrx_word' id='word_1_387' title='bbox 3192 2099 3287 2168; x_wconf 86' lang='lat' dir='ltr'><strong>qui</strong></span> <span class='ocrx_word' id='word_1_388' title='bbox 3329 2112 3429 2166; x_wconf 89' lang='lat' dir='ltr'><strong>per</strong></span> 
     </span>
    </p>
   </div>
   <div class='ocr_carea' id='block_1_50' title="bbox 1853 2192 3424 2253">
    <p class='ocr_par' dir='ltr' id='par_1_50' title="bbox 1853 2192 3424 2253">
     <span class='ocr_line' id='line_1_50' title="bbox 1853 2192 3424 2253; baseline -0.008 0"><span class='ocrx_word' id='word_1_389' title='bbox 1853 2199 2121 2253; x_wconf 90' lang='lat' dir='ltr'><strong>honorem</strong></span> <span class='ocrx_word' id='word_1_390' title='bbox 2167 2205 2223 2250; x_wconf 90' lang='lat' dir='ltr'><strong>et</strong></span> <span class='ocrx_word' id='word_1_391' title='bbox 2277 2210 2378 2249; x_wconf 92' lang='lat' dir='ltr'><strong>nos</strong></span> <span class='ocrx_word' id='word_1_392' title='bbox 2437 2203 2494 2248; x_wconf 90' lang='lat' dir='ltr'><strong>et</strong></span> <span class='ocrx_word' id='word_1_393' title='bbox 2539 2209 2761 2249; x_wconf 89' lang='lat' dir='ltr'><strong>carnem</strong></span> <span class='ocrx_word' id='word_1_394' title='bbox 2796 2192 3015 2247; x_wconf 86' lang='lat' dir='ltr'><strong>Domini</strong></span> <span class='ocrx_word' id='word_1_395' title='bbox 3050 2192 3424 2245; x_wconf 90' lang='lat' dir='ltr'><strong>inhonorant:</strong></span> 
     </span>
    </p>
   </div>
   <div class='ocr_carea' id='block_1_51' title="bbox 1851 2283 3426 2357">
    <p class='ocr_par' dir='ltr' id='par_1_51' title="bbox 1851 2283 3426 2357">
     <span class='ocr_line' id='line_1_51' title="bbox 1851 2283 3426 2357; baseline -0.008 -12"><span class='ocrx_word' id='word_1_396' title='bbox 1851 2304 2076 2346; x_wconf 89' lang='lat' dir='ltr'><strong>carnem</strong></span> <span class='ocrx_word' id='word_1_397' title='bbox 2104 2288 2214 2357; x_wconf 79' lang='lat'><strong>(55)</strong></span> <span class='ocrx_word' id='word_1_398' title='bbox 2254 2285 2480 2354; x_wconf 86' lang='lat' dir='ltr'><strong>quidem</strong></span> <span class='ocrx_word' id='word_1_399' title='bbox 2504 2285 2743 2346; x_wconf 86' lang='lat' dir='ltr'><strong>Domini,</strong></span> <span class='ocrx_word' id='word_1_400' title='bbox 2769 2299 2891 2339; x_wconf 90' lang='lat' dir='ltr'><strong>eum</strong></span> <span class='ocrx_word' id='word_1_401' title='bbox 2931 2299 3049 2337; x_wconf 91' lang='lat' dir='ltr'><strong>eam</strong></span> <span class='ocrx_word' id='word_1_402' title='bbox 3090 2283 3158 2336; x_wconf 89' lang='lat' dir='ltr'><strong>tis</strong></span> <span class='ocrx_word' id='word_1_403' title='bbox 3183 2297 3302 2350; x_wconf 84' lang='lat' dir='ltr'><strong>quae</strong></span> <span class='ocrx_word' id='word_1_404' title='bbox 3325 2295 3426 2334; x_wconf 86' lang='lat' dir='ltr'><strong>no-</strong></span> 
     </span>
    </p>
   </div>
   <div class='ocr_carea' id='block_1_52' title="bbox 1853 2372 3428 2447">
    <p class='ocr_par' dir='ltr' id='par_1_52' title="bbox 1853 2372 3428 2447">
     <span class='ocr_line' id='line_1_52' title="bbox 1853 2372 3428 2447; baseline -0.007 -11"><span class='ocrx_word' id='word_1_405' title='bbox 1853 2391 1965 2436; x_wconf 85' lang='lat' dir='ltr'><strong>stra</strong></span> <span class='ocrx_word' id='word_1_406' title='bbox 2003 2388 2153 2442; x_wconf 91' lang='lat' dir='ltr'><strong>sunt,</strong></span> <span class='ocrx_word' id='word_1_407' title='bbox 2187 2377 2441 2447; x_wconf 84' lang='lat' dir='ltr'><strong>privant:</strong></span> <span class='ocrx_word' id='word_1_408' title='bbox 2481 2391 2583 2429; x_wconf 91' lang='lat' dir='ltr'><strong>nos</strong></span> <span class='ocrx_word' id='word_1_409' title='bbox 2611 2391 2765 2440; x_wconf 87' lang='lat' dir='ltr'><strong>vero,</strong></span> <span class='ocrx_word' id='word_1_410' title='bbox 2818 2390 2942 2428; x_wconf 86' lang='lat' dir='ltr'><strong>eum</strong></span> <span class='ocrx_word' id='word_1_411' title='bbox 2991 2373 3218 2437; x_wconf 86' lang='lat' dir='ltr'><strong>faciunt,</strong></span> <span class='ocrx_word' id='word_1_412' title='bbox 3264 2381 3325 2426; x_wconf 92' lang='lat' dir='ltr'><strong>ut</strong></span> <span class='ocrx_word' id='word_1_413' title='bbox 3359 2372 3428 2426; x_wconf 90' lang='lat' dir='ltr'><strong>ab</strong></span> 
     </span>
    </p>
   </div>
   <div class='ocr_carea' id='block_1_53' title="bbox 1853 2449 3428 2540">
    <p class='ocr_par' dir='ltr' id='par_1_53' title="bbox 1853 2449 3428 2540">
     <span class='ocr_line' id='line_1_53' title="bbox 1853 2449 3428 2540; baseline -0.007 -14"><span class='ocrx_word' id='word_1_414' title='bbox 1853 2473 1917 2526; x_wconf 86' lang='lat' dir='ltr'><strong>iis</strong></span> <span class='ocrx_word' id='word_1_415' title='bbox 1953 2487 2074 2540; x_wconf 66' lang='lat' dir='ltr'><strong>qua:</strong></span> <span class='ocrx_word' id='word_1_416' title='bbox 2102 2469 2284 2523; x_wconf 89' lang='lat' dir='ltr'><strong>carnis</strong></span> <span class='ocrx_word' id='word_1_417' title='bbox 2306 2467 2523 2520; x_wconf 90' lang='lat' dir='ltr'><strong>Domini</strong></span> <span class='ocrx_word' id='word_1_418' title='bbox 2559 2449 2708 2528; x_wconf 75' lang='lat' dir='ltr'><strong>sunt,</strong></span> <span class='ocrx_word' id='word_1_419' title='bbox 2735 2465 3056 2520; x_wconf 84' lang='lat' dir='ltr'><strong>excidamus</strong></span> <span class='ocrx_word' id='word_1_420' title='bbox 3083 2481 3096 2517; x_wconf 89' lang='lat'>:</span> <span class='ocrx_word' id='word_1_421' title='bbox 3129 2479 3236 2516; x_wconf 93' lang='lat' dir='ltr'><strong>non</strong></span> <span class='ocrx_word' id='word_1_422' title='bbox 3279 2462 3428 2516; x_wconf 87' lang='lat' dir='ltr'><strong>enim</strong></span> 
     </span>
    </p>
   </div>
   <div class='ocr_carea' id='block_1_54' title="bbox 1852 2559 3430 2636">
    <p class='ocr_par' dir='ltr' id='par_1_54' title="bbox 1852 2559 3430 2636">
     <span class='ocr_line' id='line_1_54' title="bbox 1852 2559 3430 2636; baseline -0.005 -17"><span class='ocrx_word' id='word_1_423' title='bbox 1852 2565 2182 2636; x_wconf 83' lang='lat' dir='ltr'><strong>gloriﬁcabit</strong></span> <span class='ocrx_word' id='word_1_424' title='bbox 2223 2579 2335 2616; x_wconf 93' lang='lat' dir='ltr'><strong>non</strong></span> <span class='ocrx_word' id='word_1_425' title='bbox 2379 2563 2722 2634; x_wconf 89' lang='lat' dir='ltr'><strong>compatiens</strong></span> <span class='ocrx_word' id='word_1_426' title='bbox 2748 2603 2762 2626; x_wconf 86' lang='lat'><strong>,</strong></span> <span class='ocrx_word' id='word_1_427' title='bbox 2799 2577 2919 2631; x_wconf 72' lang='lat' dir='ltr'><strong>qua:</strong></span> <span class='ocrx_word' id='word_1_428' title='bbox 2976 2576 3072 2630; x_wconf 89' lang='lat' dir='ltr'><strong>per</strong></span> <span class='ocrx_word' id='word_1_429' title='bbox 3115 2559 3430 2630; x_wconf 85' lang='lat' dir='ltr'><strong>passionem</strong></span> 
     </span>
    </p>
   </div>
   <div class='ocr_carea' id='block_1_55' title="bbox 1853 2657 2142 2729">
    <p class='ocr_par' dir='ltr' id='par_1_55' title="bbox 1853 2657 2142 2729">
     <span class='ocr_line' id='line_1_55' title="bbox 1853 2657 2142 2729; baseline -0.007 -19"><span class='ocrx_word' id='word_1_430' title='bbox 1853 2657 2142 2729; x_wconf 81' lang='lat' dir='ltr'><strong>gloriticat.</strong></span> 
     </span>
    </p>
   </div>
   <div class='ocr_carea' id='block_1_56' title="bbox 1925 2784 3430 2861">
    <p class='ocr_par' dir='ltr' id='par_1_56' title="bbox 1925 2784 3430 2861">
     <span class='ocr_line' id='line_1_56' title="bbox 1925 2784 3430 2861; baseline -0.006 -14"><span class='ocrx_word' id='word_1_431' title='bbox 1925 2793 1990 2849; x_wconf 78' lang='lat' dir='ltr'><strong>ll.</strong></span> <span class='ocrx_word' id='word_1_432' title='bbox 2025 2793 2103 2848; x_wconf 81' lang='lat' dir='ltr'><strong>En</strong></span> <span class='ocrx_word' id='word_1_433' title='bbox 2136 2809 2302 2856; x_wconf 91' lang='lat' dir='ltr'><strong>nunc,</strong></span> <span class='ocrx_word' id='word_1_434' title='bbox 2354 2791 2554 2861; x_wconf 87' lang='lat' dir='ltr'><strong>inquit,</strong></span> <span class='ocrx_word' id='word_1_435' title='bbox 2605 2791 2802 2845; x_wconf 81' lang='lat' dir='ltr'><strong>nolens</strong></span> <span class='ocrx_word' id='word_1_436' title='bbox 2827 2787 3128 2843; x_wconf 78' lang='lat' dir='ltr'><strong>distinxisti</strong></span> <span class='ocrx_word' id='word_1_437' title='bbox 3158 2784 3430 2855; x_wconf 88' lang='lat' dir='ltr'><strong>corrupti-</strong></span> 
     </span>
    </p>
   </div>
   <div class='ocr_carea' id='block_1_57' title="bbox 1856 2880 3434 2954">
    <p class='ocr_par' dir='ltr' id='par_1_57' title="bbox 1856 2880 3434 2954">
     <span class='ocr_line' id='line_1_57' title="bbox 1856 2880 3434 2954; baseline -0.006 -15"><span class='ocrx_word' id='word_1_438' title='bbox 1856 2885 1966 2940; x_wconf 90' lang='lat' dir='ltr'><strong>bile</strong></span> <span class='ocrx_word' id='word_1_439' title='bbox 1997 2901 2026 2939; x_wconf 93' lang='lat' dir='ltr'><strong>a</strong></span> <span class='ocrx_word' id='word_1_440' title='bbox 2054 2883 2300 2954; x_wconf 85' lang='lat' dir='ltr'><strong>passibili</strong></span> <span class='ocrx_word' id='word_1_441' title='bbox 2337 2903 2350 2936; x_wconf 86' lang='lat'><strong>:</strong></span> <span class='ocrx_word' id='word_1_442' title='bbox 2381 2883 2668 2952; x_wconf 90' lang='lat' dir='ltr'><strong>patiuntur</strong></span> <span class='ocrx_word' id='word_1_443' title='bbox 2697 2882 2842 2936; x_wconf 91' lang='lat' dir='ltr'><strong>enim</strong></span> <span class='ocrx_word' id='word_1_444' title='bbox 2871 2881 2924 2935; x_wconf 91' lang='lat' dir='ltr'><strong>in</strong></span> <span class='ocrx_word' id='word_1_445' title='bbox 2957 2880 3206 2935; x_wconf 88' lang='lat' dir='ltr'><strong>cruciatu</strong></span> <span class='ocrx_word' id='word_1_446' title='bbox 3235 2891 3434 2946; x_wconf 86' lang='lat' dir='ltr'><strong>corpo-</strong></span> 
     </span>
    </p>
   </div>
   <div class='ocr_carea' id='block_1_58' title="bbox 1856 2971 3432 3044">
    <p class='ocr_par' dir='ltr' id='par_1_58' title="bbox 1856 2971 3432 3044">
     <span class='ocr_line' id='line_1_58' title="bbox 1856 2971 3432 3044; baseline -0.007 -14"><span class='ocrx_word' id='word_1_447' title='bbox 1856 2992 1915 3030; x_wconf 91' lang='lat' dir='ltr'><strong>ra</strong></span> <span class='ocrx_word' id='word_1_448' title='bbox 1950 2984 2299 3044; x_wconf 87' lang='lat' dir='ltr'><strong>peccatorum</strong></span> <span class='ocrx_word' id='word_1_449' title='bbox 2344 2988 2468 3026; x_wconf 91' lang='lat' dir='ltr'><strong>cum</strong></span> <span class='ocrx_word' id='word_1_450' title='bbox 2499 2972 2634 3040; x_wconf 90' lang='lat' dir='ltr'><strong>ipsis</strong></span> <span class='ocrx_word' id='word_1_451' title='bbox 2668 2971 2901 3036; x_wconf 89' lang='lat' dir='ltr'><strong>animis;</strong></span> <span class='ocrx_word' id='word_1_452' title='bbox 2954 2986 3064 3023; x_wconf 90' lang='lat' dir='ltr'><strong>non</strong></span> <span class='ocrx_word' id='word_1_453' title='bbox 3109 2977 3288 3021; x_wconf 87' lang='lat' dir='ltr'><strong>tamen</strong></span> <span class='ocrx_word' id='word_1_454' title='bbox 3335 2981 3432 3034; x_wconf 64' lang='lat' dir='ltr'><strong>pa-</strong></span> 
     </span>
    </p>
   </div>
   <div class='ocr_carea' id='block_1_59' title="bbox 1857 3057 3435 3128">
    <p class='ocr_par' dir='ltr' id='par_1_59' title="bbox 1857 3057 3435 3128">
     <span class='ocr_line' id='line_1_59' title="bbox 1857 3057 3435 3128; baseline -0.004 -10"><span class='ocrx_word' id='word_1_455' title='bbox 1857 3065 2084 3125; x_wconf 86' lang='lat' dir='ltr'><strong>tiendo,</strong></span> <span class='ocrx_word' id='word_1_456' title='bbox 2135 3073 2366 3118; x_wconf 89' lang='lat' dir='ltr'><strong>mortem</strong></span> <span class='ocrx_word' id='word_1_457' title='bbox 2419 3062 2504 3116; x_wconf 86' lang='lat' dir='ltr'><strong>vel</strong></span> <span class='ocrx_word' id='word_1_458' title='bbox 2555 3061 2838 3114; x_wconf 87' lang='lat' dir='ltr'><strong>interitum</strong></span> <span class='ocrx_word' id='word_1_459' title='bbox 2904 3060 3168 3128; x_wconf 84' lang='lat' dir='ltr'><strong>capient:</strong></span> <span class='ocrx_word' id='word_1_460' title='bbox 3208 3066 3269 3111; x_wconf 92' lang='lat' dir='ltr'><strong>ut</strong></span> <span class='ocrx_word' id='word_1_461' title='bbox 3301 3057 3435 3111; x_wconf 85' lang='lat' dir='ltr'><strong>hinc</strong></span> 
     </span>
    </p>
   </div>
   <div class='ocr_carea' id='block_1_60' title="bbox 160 3139 1754 3227">
    <p class='ocr_par' dir='ltr' id='par_1_60' title="bbox 160 3139 1752 3212">
     <span class='ocr_line' id='line_1_60' title="bbox 160 3139 1752 3212; baseline -0.003 -12"><span class='ocrx_word' id='word_1_462' title='bbox 160 3147 570 3200; x_wconf 80' lang='grc' dir='ltr'>ὕποπεσεῖται·</span> <span class='ocrx_word' id='word_1_463' title='bbox 623 3143 699 3207; x_wconf 85' lang='grc' dir='ltr'><strong>ώς</strong></span> <span class='ocrx_word' id='word_1_464' title='bbox 747 3141 996 3195; x_wconf 71' lang='grc' dir='ltr'>ἐντεῦθεν</span> <span class='ocrx_word' id='word_1_465' title='bbox 1046 3141 1320 3212; x_wconf 82' lang='grc' dir='ltr'>γνώριμον</span> <span class='ocrx_word' id='word_1_466' title='bbox 1356 3139 1519 3208; x_wconf 74' lang='grc' dir='ltr'>εἶναι,</span> <span class='ocrx_word' id='word_1_467' title='bbox 1567 3144 1649 3196; x_wconf 83' lang='grc' dir='ltr'><strong>ὅτι</strong></span> <span class='ocrx_word' id='word_1_468' title='bbox 1693 3143 1752 3195; x_wconf 79' lang='grc' dir='ltr'><strong>οὐ</strong></span> 
     </span>
    </p>
   </div>
   <div class='ocr_carea' id='block_1_61' title="bbox 1864 3139 3430 3227">
    <p class='ocr_par' dir='ltr' id='par_1_61' title="bbox 1864 3149 3430 3227">
     <span class='ocr_line' id='line_1_61' title="bbox 1864 3149 3430 3227; baseline -0.007 -16"><span class='ocrx_word' id='word_1_469' title='bbox 1864 3164 2061 3227; x_wconf 86' lang='lat' dir='ltr'><strong>pateat,</strong></span> <span class='ocrx_word' id='word_1_470' title='bbox 2095 3172 2202 3209; x_wconf 92' lang='lat' dir='ltr'><strong>non</strong></span> <span class='ocrx_word' id='word_1_471' title='bbox 2237 3171 2358 3210; x_wconf 91' lang='lat' dir='ltr'><strong>esse</strong></span> <span class='ocrx_word' id='word_1_472' title='bbox 2384 3155 2528 3209; x_wconf 88' lang='lat' dir='ltr'><strong>idem</strong></span> <span class='ocrx_word' id='word_1_473' title='bbox 2565 3153 2928 3221; x_wconf 88' lang='lat' dir='ltr'><strong>corruptibile</strong></span> <span class='ocrx_word' id='word_1_474' title='bbox 2959 3161 3123 3219; x_wconf 84' lang='lat' dir='ltr'><strong>atque</strong></span> <span class='ocrx_word' id='word_1_475' title='bbox 3142 3149 3430 3219; x_wconf 80' lang='lat' dir='ltr'><strong>passibile;</strong></span> 
     </span>
    </p>
   </div>
   <div class='ocr_carea' id='block_1_62' title="bbox 162 3233 1752 3306">
    <p class='ocr_par' dir='ltr' id='par_1_62' title="bbox 162 3233 1752 3306">
     <span class='ocr_line' id='line_1_62' title="bbox 162 3233 1752 3306; baseline -0.002 -16"><span class='ocrx_word' id='word_1_476' title='bbox 162 3237 378 3290; x_wconf 78' lang='grc' dir='ltr'>ταυτόν</span> <span class='ocrx_word' id='word_1_477' title='bbox 417 3237 636 3306; x_wconf 77' lang='grc' dir='ltr'>ἐστιτῷ</span> <span class='ocrx_word' id='word_1_478' title='bbox 675 3234 903 3304; x_wconf 85' lang='grc' dir='ltr'>παθητῷ</span> <span class='ocrx_word' id='word_1_479' title='bbox 945 3233 1006 3287; x_wconf 80' lang='grc' dir='ltr'>τὸ</span> <span class='ocrx_word' id='word_1_480' title='bbox 1040 3233 1304 3304; x_wconf 83' lang='grc' dir='ltr'>φθαρτὸν,</span> <span class='ocrx_word' id='word_1_481' title='bbox 1338 3235 1496 3306; x_wconf 71' lang='grc' dir='ltr'>εἴπερ</span> <span class='ocrx_word' id='word_1_482' title='bbox 1527 3237 1752 3289; x_wconf 88' lang='grc' dir='ltr'>κάκεῖνα</span> 
     </span>
    </p>
   </div>
   <div class='ocr_carea' id='block_1_63' title="bbox 163 3325 1137 3399">
    <p class='ocr_par' dir='ltr' id='par_1_63' title="bbox 163 3325 1137 3399">
     <span class='ocr_line' id='line_1_63' title="bbox 163 3325 1137 3399; baseline -0.012 -15"><span class='ocrx_word' id='word_1_483' title='bbox 163 3330 376 3399; x_wconf 83' lang='grc' dir='ltr'>πάσχει</span> <span class='ocrx_word' id='word_1_484' title='bbox 409 3330 528 3398; x_wconf 85' lang='grc' dir='ltr'>μὲν,</span> <span class='ocrx_word' id='word_1_485' title='bbox 561 3329 623 3381; x_wconf 74' lang='grc' dir='ltr'><strong>οὐ</strong></span> <span class='ocrx_word' id='word_1_486' title='bbox 655 3327 938 3398; x_wconf 75' lang='grc' dir='ltr'>φθείρεται</span> <span class='ocrx_word' id='word_1_487' title='bbox 967 3325 1046 3381; x_wconf 87' lang='grc' dir='ltr'><strong>δέ.</strong></span> <span class='ocrx_word' id='word_1_488' title='bbox 1132 3367 1137 3372; x_wconf 93' lang='grc'><strong>.</strong></span> 
     </span>
    </p>
   </div>
   <div class='ocr_carea' id='block_1_64' title="bbox 244 3454 1750 3531">
    <p class='ocr_par' dir='ltr' id='par_1_64' title="bbox 244 3454 1750 3531">
     <span class='ocr_line' id='line_1_64' title="bbox 244 3454 1750 3531; baseline -0.001 -15"><span class='ocrx_word' id='word_1_489' title='bbox 244 3465 310 3516; x_wconf 92' lang='grc' dir='ltr'>Ο.</span> <span class='ocrx_word' id='word_1_490' title='bbox 350 3461 514 3524; x_wconf 78' lang='grc' dir='ltr'>Ἀλλ’,</span> <span class='ocrx_word' id='word_1_491' title='bbox 549 3454 594 3512; x_wconf 77' lang='grc' dir='ltr'><strong>ὦ</strong></span> <span class='ocrx_word' id='word_1_492' title='bbox 636 3460 903 3529; x_wconf 82' lang='grc' dir='ltr'>βέλτιστε,</span> <span class='ocrx_word' id='word_1_493' title='bbox 936 3457 1003 3531; x_wconf 74' lang='grc' dir='ltr'>ἦν</span> <span class='ocrx_word' id='word_1_494' title='bbox 1051 3463 1096 3514; x_wconf 89' lang='grc' dir='ltr'>δ’</span> <span class='ocrx_word' id='word_1_495' title='bbox 1130 3460 1264 3528; x_wconf 80' lang='grc' dir='ltr'>ἐγὼ,</span> <span class='ocrx_word' id='word_1_496' title='bbox 1294 3464 1356 3514; x_wconf 78' lang='grc' dir='ltr'>οὒ</span> <span class='ocrx_word' id='word_1_497' title='bbox 1392 3461 1552 3514; x_wconf 84' lang='grc' dir='ltr'>τοῦτό</span> <span class='ocrx_word' id='word_1_498' title='bbox 1586 3480 1750 3531; x_wconf 75' lang='grc' dir='ltr'>φημι,</span> 
     </span>
    </p>
   </div>
   <div class='ocr_carea' id='block_1_65' title="bbox 165 3551 1754 3622">
    <p class='ocr_par' dir='ltr' id='par_1_65' title="bbox 165 3551 1754 3622">
     <span class='ocr_line' id='line_1_65' title="bbox 165 3551 1754 3622; baseline -0.001 -14"><span class='ocrx_word' id='word_1_499' title='bbox 165 3557 258 3608; x_wconf 79' lang='grc' dir='ltr'><strong>ὅτι</strong></span> <span class='ocrx_word' id='word_1_500' title='bbox 293 3553 424 3604; x_wconf 82' lang='grc' dir='ltr'>ποτὲ</span> <span class='ocrx_word' id='word_1_501' title='bbox 457 3551 628 3614; x_wconf 85' lang='grc' dir='ltr'>πάθος</span> <span class='ocrx_word' id='word_1_502' title='bbox 659 3552 961 3621; x_wconf 79' lang='grc' dir='ltr'>φθαρτικόν</span> <span class='ocrx_word' id='word_1_503' title='bbox 989 3555 1106 3606; x_wconf 80' lang='grc' dir='ltr'>ἐστι</span> <span class='ocrx_word' id='word_1_504' title='bbox 1132 3553 1228 3606; x_wconf 81' lang='grc' dir='ltr'>τοῦ</span> <span class='ocrx_word' id='word_1_505' title='bbox 1258 3553 1584 3622; x_wconf 86' lang='grc' dir='ltr'>πάσχοντος,</span> <span class='ocrx_word' id='word_1_506' title='bbox 1620 3553 1754 3607; x_wconf 82' lang='grc' dir='ltr'>ἀλλὰ</span> 
     </span>
    </p>
   </div>
   <div class='ocr_carea' id='block_1_66' title="bbox 169 3641 1756 3714">
    <p class='ocr_par' dir='ltr' id='par_1_66' title="bbox 169 3641 1756 3714">
     <span class='ocr_line' id='line_1_66' title="bbox 169 3641 1756 3714; baseline -0.002 -15"><span class='ocrx_word' id='word_1_507' title='bbox 169 3647 245 3699; x_wconf 79' lang='grc' dir='ltr'>τὰ</span> <span class='ocrx_word' id='word_1_508' title='bbox 291 3643 471 3697; x_wconf 87' lang='grc' dir='ltr'>τοιάδε</span> <span class='ocrx_word' id='word_1_509' title='bbox 523 3643 620 3696; x_wconf 74' lang='grc' dir='ltr'><strong>καὶ</strong></span> <span class='ocrx_word' id='word_1_510' title='bbox 665 3643 760 3696; x_wconf 83' lang='grc' dir='ltr'>τοῦ</span> <span class='ocrx_word' id='word_1_511' title='bbox 793 3641 1024 3696; x_wconf 86' lang='grc' dir='ltr'>τοιοῦδε.</span> <span class='ocrx_word' id='word_1_512' title='bbox 1055 3643 1176 3696; x_wconf 74' lang='grc' dir='ltr'><strong>Τῶν</strong></span> <span class='ocrx_word' id='word_1_513' title='bbox 1209 3646 1267 3696; x_wconf 82' lang='grc' dir='ltr'>ὲν</span> <span class='ocrx_word' id='word_1_514' title='bbox 1295 3643 1420 3714; x_wconf 70' lang='grc' dir='ltr'>ᾅδου</span> <span class='ocrx_word' id='word_1_515' title='bbox 1449 3643 1632 3697; x_wconf 82' lang='grc' dir='ltr'>τοίνυν</span> <span class='ocrx_word' id='word_1_516' title='bbox 1661 3660 1756 3696; x_wconf 86' lang='grc' dir='ltr'>κο-</span> 
     </span>
    </p>
   </div>
   <div class='ocr_carea' id='block_1_67' title="bbox 169 3732 1759 3805">
    <p class='ocr_par' dir='ltr' id='par_1_67' title="bbox 169 3732 1759 3805">
     <span class='ocr_line' id='line_1_67' title="bbox 169 3732 1759 3805; baseline 0 -17"><span class='ocrx_word' id='word_1_517' title='bbox 169 3736 410 3798; x_wconf 88' lang='grc' dir='ltr'>λάσεων,</span> <span class='ocrx_word' id='word_1_518' title='bbox 460 3734 687 3802; x_wconf 75' lang='grc' dir='ltr'>καὶτῆς</span> <span class='ocrx_word' id='word_1_519' title='bbox 727 3732 787 3798; x_wconf 80' lang='grc' dir='ltr'>ἐξ</span> <span class='ocrx_word' id='word_1_520' title='bbox 838 3734 1018 3786; x_wconf 83' lang='grc' dir='ltr'>αὐτῶν</span> <span class='ocrx_word' id='word_1_521' title='bbox 1043 3735 1334 3804; x_wconf 83' lang='grc' dir='ltr'>γινομένης</span> <span class='ocrx_word' id='word_1_522' title='bbox 1383 3737 1587 3805; x_wconf 83' lang='grc' dir='ltr'>πικρᾶς</span> <span class='ocrx_word' id='word_1_523' title='bbox 1637 3751 1759 3788; x_wconf 86' lang='grc' dir='ltr'>συν-</span> 
     </span>
    </p>
   </div>
   <div class='ocr_carea' id='block_1_68' title="bbox 174 3824 1759 3896">
    <p class='ocr_par' dir='ltr' id='par_1_68' title="bbox 174 3824 1759 3896">
     <span class='ocr_line' id='line_1_68' title="bbox 174 3824 1759 3896; baseline -0.001 -15"><span class='ocrx_word' id='word_1_524' title='bbox 174 3826 487 3894; x_wconf 78' lang='grc' dir='ltr'>αισθήσεως</span> <span class='ocrx_word' id='word_1_525' title='bbox 515 3866 529 3889; x_wconf 94' lang='grc'><strong>,</strong></span> <span class='ocrx_word' id='word_1_526' title='bbox 563 3826 666 3877; x_wconf 82' lang='grc' dir='ltr'><strong>οὐκ</strong></span> <span class='ocrx_word' id='word_1_527' title='bbox 717 3824 782 3877; x_wconf 85' lang='grc' dir='ltr'>ἂν</span> <span class='ocrx_word' id='word_1_528' title='bbox 830 3825 1083 3894; x_wconf 82' lang='grc' dir='ltr'>εἴποιμεν</span> <span class='ocrx_word' id='word_1_529' title='bbox 1132 3825 1264 3878; x_wconf 74' lang='grc' dir='ltr'>ἴδιον</span> <span class='ocrx_word' id='word_1_530' title='bbox 1295 3825 1357 3878; x_wconf 80' lang='grc' dir='ltr'><strong>τὸ</strong></span> <span class='ocrx_word' id='word_1_531' title='bbox 1388 3825 1632 3894; x_wconf 85' lang='grc' dir='ltr'>φθείρειν</span> <span class='ocrx_word' id='word_1_532' title='bbox 1660 3825 1759 3896; x_wconf 80' lang='grc' dir='ltr'>τὴν</span> 
     </span>
    </p>
   </div>
   <div class='ocr_carea' id='block_1_69' title="bbox 177 3915 1758 3987">
    <p class='ocr_par' dir='ltr' id='par_1_69' title="bbox 177 3915 1758 3987">
     <span class='ocr_line' id='line_1_69' title="bbox 177 3915 1758 3987; baseline -0.002 -16"><span class='ocrx_word' id='word_1_533' title='bbox 177 3917 554 3987; x_wconf 84' lang='grc' dir='ltr'>ὑποκειμένην</span> <span class='ocrx_word' id='word_1_534' title='bbox 596 3916 781 3984; x_wconf 83' lang='grc' dir='ltr'>φύσιν·</span> <span class='ocrx_word' id='word_1_535' title='bbox 824 3918 873 3969; x_wconf 89' lang='grc' dir='ltr'><strong>εί</strong></span> <span class='ocrx_word' id='word_1_536' title='bbox 899 3916 1008 3986; x_wconf 85' lang='grc' dir='ltr'>γὰρ</span> <span class='ocrx_word' id='word_1_537' title='bbox 1040 3915 1156 3968; x_wconf 75' lang='grc' dir='ltr'>ἔστι</span> <span class='ocrx_word' id='word_1_538' title='bbox 1190 3915 1542 3984; x_wconf 85' lang='grc' dir='ltr'>τολμήσαντα</span> <span class='ocrx_word' id='word_1_539' title='bbox 1561 3918 1758 3980; x_wconf 82' lang='grc' dir='ltr'>εἰπεῖν,</span> 
     </span>
    </p>
   </div>
   <div class='ocr_carea' id='block_1_70' title="bbox 176 4007 1762 4077">
    <p class='ocr_par' dir='ltr' id='par_1_70' title="bbox 176 4007 1762 4077">
     <span class='ocr_line' id='line_1_70' title="bbox 176 4007 1762 4077; baseline -0.002 -13"><span class='ocrx_word' id='word_1_540' title='bbox 176 4011 276 4064; x_wconf 69' lang='grc' dir='ltr'><strong>καὶ</strong></span> <span class='ocrx_word' id='word_1_541' title='bbox 305 4009 552 4062; x_wconf 84' lang='grc' dir='ltr'>συντελεῖ</span> <span class='ocrx_word' id='word_1_542' title='bbox 573 4025 625 4060; x_wconf 87' lang='grc' dir='ltr'><strong>τι</strong></span> <span class='ocrx_word' id='word_1_543' title='bbox 656 4007 792 4077; x_wconf 82' lang='grc' dir='ltr'>πρὸς</span> <span class='ocrx_word' id='word_1_544' title='bbox 822 4007 924 4077; x_wconf 81' lang='grc' dir='ltr'><strong>τὴν</strong></span> <span class='ocrx_word' id='word_1_545' title='bbox 948 4007 1144 4077; x_wconf 79' lang='grc' dir='ltr'>διαρκῆ</span> <span class='ocrx_word' id='word_1_546' title='bbox 1167 4008 1440 4077; x_wconf 73' lang='grc' dir='ltr'>ἐπιμονὴν</span> <span class='ocrx_word' id='word_1_547' title='bbox 1467 4007 1578 4062; x_wconf 85' lang='grc' dir='ltr'>τῶν</span> <span class='ocrx_word' id='word_1_548' title='bbox 1603 4008 1762 4061; x_wconf 87' lang='grc' dir='ltr'>κολα-</span> 
     </span>
    </p>
   </div>
   <div class='ocr_carea' id='block_1_71' title="bbox 177 4096 1760 4170">
    <p class='ocr_par' dir='ltr' id='par_1_71' title="bbox 177 4096 1760 4170">
     <span class='ocr_line' id='line_1_71' title="bbox 177 4096 1760 4170; baseline -0.001 -17"><span class='ocrx_word' id='word_1_549' title='bbox 177 4099 459 4170; x_wconf 70' lang='grc' dir='ltr'>ζομένων·</span> <span class='ocrx_word' id='word_1_550' title='bbox 496 4096 596 4150; x_wconf 72' lang='grc' dir='ltr'>ἴδοι</span> <span class='ocrx_word' id='word_1_551' title='bbox 629 4099 674 4151; x_wconf 78' lang='grc' dir='ltr'>δ’</span> <span class='ocrx_word' id='word_1_552' title='bbox 707 4097 771 4151; x_wconf 75' lang='grc' dir='ltr'>ἂν</span> <span class='ocrx_word' id='word_1_553' title='bbox 822 4115 904 4159; x_wconf 88' lang='grc' dir='ltr'><strong>τις</strong></span> <span class='ocrx_word' id='word_1_554' title='bbox 943 4097 1077 4150; x_wconf 72' lang='grc' dir='ltr'>αὐτὸ</span> <span class='ocrx_word' id='word_1_555' title='bbox 1128 4097 1290 4151; x_wconf 83' lang='grc' dir='ltr'>τοῦτο</span> <span class='ocrx_word' id='word_1_556' title='bbox 1325 4099 1621 4168; x_wconf 78' lang='grc' dir='ltr'>συμϐαῖνον</span> <span class='ocrx_word' id='word_1_557' title='bbox 1666 4101 1760 4152; x_wconf 70' lang='grc' dir='ltr'><strong>καὶ</strong></span> 
     </span>
    </p>
   </div>
   <div class='ocr_carea' id='block_1_72' title="bbox 177 4191 1761 4263">
    <p class='ocr_par' dir='ltr' id='par_1_72' title="bbox 177 4191 1761 4263">
     <span class='ocr_line' id='line_1_72' title="bbox 177 4191 1761 4263; baseline -0.004 -13"><span class='ocrx_word' id='word_1_558' title='bbox 177 4198 241 4250; x_wconf 73' lang='grc' dir='ltr'><strong>έν</strong></span> <span class='ocrx_word' id='word_1_559' title='bbox 270 4197 384 4256; x_wconf 85' lang='grc' dir='ltr'>τοῖς</span> <span class='ocrx_word' id='word_1_560' title='bbox 417 4195 688 4263; x_wconf 85' lang='grc' dir='ltr'>ίατρικοῖς</span> <span class='ocrx_word' id='word_1_561' title='bbox 741 4192 1079 4262; x_wconf 75' lang='grc' dir='ltr'><strong>φαρμάκοις⁹</strong></span> <span class='ocrx_word' id='word_1_562' title='bbox 1123 4191 1296 4262; x_wconf 78' lang='grc' dir='ltr'>άναζῇ</span> <span class='ocrx_word' id='word_1_563' title='bbox 1347 4208 1408 4244; x_wconf 89' lang='grc' dir='ltr'><strong>τε</strong></span> <span class='ocrx_word' id='word_1_564' title='bbox 1439 4191 1548 4258; x_wconf 83' lang='grc' dir='ltr'>γὰρ</span> <span class='ocrx_word' id='word_1_565' title='bbox 1577 4192 1761 4244; x_wconf 78' lang='grc' dir='ltr'>ἐκεῖνα</span> 
     </span>
    </p>
   </div>
   <div class='ocr_carea' id='block_1_73' title="bbox 182 4280 1762 4353">
    <p class='ocr_par' dir='ltr' id='par_1_73' title="bbox 182 4280 1762 4353">
     <span class='ocr_line' id='line_1_73' title="bbox 182 4280 1762 4353; baseline -0.003 -13"><span class='ocrx_word' id='word_1_566' title='bbox 182 4285 280 4340; x_wconf 75' lang='grc' dir='ltr'>καὶ</span> <span class='ocrx_word' id='word_1_567' title='bbox 309 4284 608 4337; x_wconf 85' lang='grc' dir='ltr'>άναθάλπει</span> <span class='ocrx_word' id='word_1_568' title='bbox 632 4282 731 4352; x_wconf 82' lang='grc' dir='ltr'><strong>τὴν</strong></span> <span class='ocrx_word' id='word_1_569' title='bbox 763 4281 948 4350; x_wconf 83' lang='grc' dir='ltr'>φύσιν,</span> <span class='ocrx_word' id='word_1_570' title='bbox 970 4283 1030 4335; x_wconf 83' lang='grc' dir='ltr'><strong>τὸ</strong></span> <span class='ocrx_word' id='word_1_571' title='bbox 1059 4281 1224 4352; x_wconf 81' lang='grc' dir='ltr'>βάθος</span> <span class='ocrx_word' id='word_1_572' title='bbox 1256 4280 1630 4353; x_wconf 78' lang='grc' dir='ltr'>κεντρίζοντα,</span> <span class='ocrx_word' id='word_1_573' title='bbox 1667 4283 1762 4335; x_wconf 71' lang='grc' dir='ltr'><strong>καὶ</strong></span> 
     </span>
    </p>
   </div>
   <div class='ocr_carea' id='block_1_74' title="bbox 180 4374 1760 4447">
    <p class='ocr_par' dir='ltr' id='par_1_74' title="bbox 180 4374 1760 4447">
     <span class='ocr_line' id='line_1_74' title="bbox 180 4374 1760 4447; baseline -0.003 -15"><span class='ocrx_word' id='word_1_574' title='bbox 180 4379 282 4432; x_wconf 83' lang='grc' dir='ltr'><strong>οὐκ</strong></span> <span class='ocrx_word' id='word_1_575' title='bbox 315 4379 378 4447; x_wconf 79' lang='grc' dir='ltr'><strong>ἐᾷ</strong></span> <span class='ocrx_word' id='word_1_576' title='bbox 406 4379 474 4447; x_wconf 82' lang='grc' dir='ltr'>τῇ</span> <span class='ocrx_word' id='word_1_577' title='bbox 505 4375 839 4445; x_wconf 66' lang='grc' dir='ltr'>ἀναισθησίᾳ</span> <span class='ocrx_word' id='word_1_578' title='bbox 875 4374 1256 4446; x_wconf 88' lang='grc' dir='ltr'>μαραίνεσθαι,</span> <span class='ocrx_word' id='word_1_579' title='bbox 1306 4374 1444 4428; x_wconf 84' lang='grc' dir='ltr'>ἀλλὰ</span> <span class='ocrx_word' id='word_1_580' title='bbox 1491 4377 1555 4444; x_wconf 79' lang='grc' dir='ltr'>τῇ</span> <span class='ocrx_word' id='word_1_581' title='bbox 1601 4374 1760 4445; x_wconf 82' lang='grc' dir='ltr'>ὀδύνῃ</span> 
     </span>
    </p>
   </div>
   <div class='ocr_carea' id='block_1_75' title="bbox 1861 3242 3358 3316">
    <p class='ocr_par' dir='ltr' id='par_1_75' title="bbox 1861 3242 3358 3316">
     <span class='ocr_line' id='line_1_75' title="bbox 1861 3242 3358 3316; baseline -0.005 -17"><span class='ocrx_word' id='word_1_582' title='bbox 1861 3246 2134 3316; x_wconf 82' lang='lat' dir='ltr'><strong>siquidem</strong></span> <span class='ocrx_word' id='word_1_583' title='bbox 2164 3245 2254 3299; x_wconf 89' lang='lat' dir='ltr'><strong>illa</strong></span> <span class='ocrx_word' id='word_1_584' title='bbox 2285 3245 2595 3316; x_wconf 89' lang='lat' dir='ltr'><strong>patiuntur,</strong></span> <span class='ocrx_word' id='word_1_585' title='bbox 2633 3242 2727 3296; x_wconf 92' lang='lat' dir='ltr'><strong>sed</strong></span> <span class='ocrx_word' id='word_1_586' title='bbox 2760 3257 2870 3296; x_wconf 90' lang='lat' dir='ltr'><strong>non</strong></span> <span class='ocrx_word' id='word_1_587' title='bbox 2905 3249 3358 3310; x_wconf 88' lang='lat' dir='ltr'><strong>corrumpuntur.</strong></span> 
     </span>
    </p>
   </div>
   <div class='ocr_carea' id='block_1_76' title="bbox 1931 3458 3434 3537">
    <p class='ocr_par' dir='ltr' id='par_1_76' title="bbox 1931 3458 3434 3537">
     <span class='ocr_line' id='line_1_76' title="bbox 1931 3458 3434 3537; baseline -0.007 -12"><span class='ocrx_word' id='word_1_588' title='bbox 1931 3471 1997 3525; x_wconf 87' lang='lat'><strong>0.</strong></span> <span class='ocrx_word' id='word_1_589' title='bbox 2031 3473 2120 3532; x_wconf 82' lang='lat' dir='ltr'><strong>At,</strong></span> <span class='ocrx_word' id='word_1_590' title='bbox 2149 3469 2369 3537; x_wconf 87' lang='lat' dir='ltr'><strong>inquam</strong></span> <span class='ocrx_word' id='word_1_591' title='bbox 2395 3481 2517 3536; x_wconf 88' lang='lat' dir='ltr'><strong>ego,</strong></span> <span class='ocrx_word' id='word_1_592' title='bbox 2551 3466 2696 3519; x_wconf 91' lang='lat' dir='ltr'><strong>bone</strong></span> <span class='ocrx_word' id='word_1_593' title='bbox 2722 3464 2826 3528; x_wconf 88' lang='lat' dir='ltr'><strong>vir,</strong></span> <span class='ocrx_word' id='word_1_594' title='bbox 2861 3479 2968 3517; x_wconf 91' lang='lat' dir='ltr'><strong>non</strong></span> <span class='ocrx_word' id='word_1_595' title='bbox 2993 3462 3098 3516; x_wconf 90' lang='lat' dir='ltr'><strong>hoc</strong></span> <span class='ocrx_word' id='word_1_596' title='bbox 3119 3461 3262 3523; x_wconf 90' lang='lat' dir='ltr'><strong>dico,</strong></span> <span class='ocrx_word' id='word_1_597' title='bbox 3289 3458 3434 3528; x_wconf 89' lang='lat' dir='ltr'><strong>quod</strong></span> 
     </span>
    </p>
   </div>
   <div class='ocr_carea' id='block_1_77' title="bbox 1859 3550 3442 3626">
    <p class='ocr_par' dir='ltr' id='par_1_77' title="bbox 1859 3550 3442 3626">
     <span class='ocr_line' id='line_1_77' title="bbox 1859 3550 3442 3626; baseline -0.004 -16"><span class='ocrx_word' id='word_1_598' title='bbox 1859 3557 2043 3611; x_wconf 92' lang='lat' dir='ltr'><strong>omnis</strong></span> <span class='ocrx_word' id='word_1_599' title='bbox 2086 3557 2269 3626; x_wconf 90' lang='lat' dir='ltr'><strong>passio</strong></span> <span class='ocrx_word' id='word_1_600' title='bbox 2319 3556 2548 3610; x_wconf 89' lang='lat' dir='ltr'><strong>interire</strong></span> <span class='ocrx_word' id='word_1_601' title='bbox 2596 3555 2724 3609; x_wconf 84' lang='lat' dir='ltr'><strong>facit</strong></span> <span class='ocrx_word' id='word_1_602' title='bbox 2767 3553 3106 3622; x_wconf 87' lang='lat' dir='ltr'><strong>patientem;</strong></span> <span class='ocrx_word' id='word_1_603' title='bbox 3155 3551 3250 3605; x_wconf 90' lang='lat' dir='ltr'><strong>sed</strong></span> <span class='ocrx_word' id='word_1_604' title='bbox 3303 3550 3442 3606; x_wconf 83' lang='lat' dir='ltr'><strong>tales</strong></span> 
     </span>
    </p>
   </div>
   <div class='ocr_carea' id='block_1_78' title="bbox 1861 3641 3438 3717">
    <p class='ocr_par' dir='ltr' id='par_1_78' title="bbox 1861 3641 3438 3717">
     <span class='ocr_line' id='line_1_78' title="bbox 1861 3641 3438 3717; baseline -0.004 -15"><span class='ocrx_word' id='word_1_605' title='bbox 1861 3649 2146 3717; x_wconf 89' lang='lat' dir='ltr'><strong>passiones</strong></span> <span class='ocrx_word' id='word_1_606' title='bbox 2189 3657 2246 3702; x_wconf 90' lang='lat' dir='ltr'><strong>et</strong></span> <span class='ocrx_word' id='word_1_607' title='bbox 2285 3648 2470 3701; x_wconf 83' lang='lat' dir='ltr'><strong>talem.</strong></span> <span class='ocrx_word' id='word_1_608' title='bbox 2525 3645 2931 3716; x_wconf 90' lang='lat' dir='ltr'><strong>Suppliciorum</strong></span> <span class='ocrx_word' id='word_1_609' title='bbox 2987 3644 3153 3714; x_wconf 81' lang='lat' dir='ltr'><strong>igitur</strong></span> <span class='ocrx_word' id='word_1_610' title='bbox 3208 3657 3328 3712; x_wconf 72' lang='lat' dir='ltr'><strong>qua:</strong></span> <span class='ocrx_word' id='word_1_611' title='bbox 3382 3641 3438 3694; x_wconf 91' lang='lat' dir='ltr'><strong>in</strong></span> 
     </span>
    </p>
   </div>
   <div class='ocr_carea' id='block_1_79' title="bbox 1863 3737 3438 3802">
    <p class='ocr_par' dir='ltr' id='par_1_79' title="bbox 1863 3737 3438 3802">
     <span class='ocr_line' id='line_1_79' title="bbox 1863 3737 3438 3802; baseline -0.006 -9"><span class='ocrx_word' id='word_1_612' title='bbox 1863 3739 2059 3793; x_wconf 81' lang='lat' dir='ltr'><strong>inferis</strong></span> <span class='ocrx_word' id='word_1_613' title='bbox 2091 3748 2239 3801; x_wconf 90' lang='lat' dir='ltr'><strong>sunt,</strong></span> <span class='ocrx_word' id='word_1_614' title='bbox 2264 3747 2320 3792; x_wconf 90' lang='lat' dir='ltr'><strong>et</strong></span> <span class='ocrx_word' id='word_1_615' title='bbox 2347 3737 2526 3791; x_wconf 89' lang='lat' dir='ltr'><strong>acerbi</strong></span> <span class='ocrx_word' id='word_1_616' title='bbox 2555 3751 2750 3790; x_wconf 87' lang='lat' dir='ltr'><strong>sensus</strong></span> <span class='ocrx_word' id='word_1_617' title='bbox 2783 3751 2974 3788; x_wconf 91' lang='lat' dir='ltr'><strong>eorum</strong></span> <span class='ocrx_word' id='word_1_618' title='bbox 3025 3751 3132 3786; x_wconf 91' lang='lat' dir='ltr'><strong>non</strong></span> <span class='ocrx_word' id='word_1_619' title='bbox 3179 3741 3264 3788; x_wconf 90' lang='lat' dir='ltr'><strong>est</strong></span> <span class='ocrx_word' id='word_1_620' title='bbox 3308 3747 3438 3802; x_wconf 90' lang='lat' dir='ltr'><strong>pro-</strong></span> 
     </span>
    </p>
   </div>
   <div class='ocr_carea' id='block_1_80' title="bbox 1861 3824 3435 3900">
    <p class='ocr_par' dir='ltr' id='par_1_80' title="bbox 1861 3824 3435 3900">
     <span class='ocr_line' id='line_1_80' title="bbox 1861 3824 3435 3900; baseline -0.004 -18"><span class='ocrx_word' id='word_1_621' title='bbox 1861 3830 2043 3900; x_wconf 92' lang='lat' dir='ltr'><strong>prium</strong></span> <span class='ocrx_word' id='word_1_622' title='bbox 2085 3837 2336 3882; x_wconf 88' lang='lat' dir='ltr'><strong>naturam</strong></span> <span class='ocrx_word' id='word_1_623' title='bbox 2393 3827 2700 3896; x_wconf 84' lang='lat' dir='ltr'><strong>subjectam</strong></span> <span class='ocrx_word' id='word_1_624' title='bbox 2752 3840 3155 3894; x_wconf 88' lang='lat' dir='ltr'><strong>corrumpere:</strong></span> <span class='ocrx_word' id='word_1_625' title='bbox 3189 3825 3234 3878; x_wconf 91' lang='lat' dir='ltr'><strong>si</strong></span> <span class='ocrx_word' id='word_1_626' title='bbox 3287 3824 3435 3877; x_wconf 91' lang='lat' dir='ltr'><strong>enim</strong></span> 
     </span>
    </p>
   </div>
   <div class='ocr_carea' id='block_1_81' title="bbox 1862 3915 3438 3989">
    <p class='ocr_par' dir='ltr' id='par_1_81' title="bbox 1862 3915 3438 3989">
     <span class='ocr_line' id='line_1_81' title="bbox 1862 3915 3438 3989; baseline -0.003 -14"><span class='ocrx_word' id='word_1_627' title='bbox 1862 3921 2124 3976; x_wconf 84' lang='lat' dir='ltr'><strong>audacter</strong></span> <span class='ocrx_word' id='word_1_628' title='bbox 2151 3919 2446 3974; x_wconf 88' lang='lat' dir='ltr'><strong>dicendum</strong></span> <span class='ocrx_word' id='word_1_629' title='bbox 2486 3927 2610 3981; x_wconf 90' lang='lat' dir='ltr'><strong>est,</strong></span> <span class='ocrx_word' id='word_1_630' title='bbox 2665 3918 2959 3989; x_wconf 77' lang='lat' dir='ltr'><strong>conferunt</strong></span> <span class='ocrx_word' id='word_1_631' title='bbox 3006 3917 3172 3971; x_wconf 87' lang='lat' dir='ltr'><strong>etiam</strong></span> <span class='ocrx_word' id='word_1_632' title='bbox 3232 3915 3438 3984; x_wconf 88' lang='lat' dir='ltr'><strong>aliquid</strong></span> 
     </span>
    </p>
   </div>
   <div class='ocr_carea' id='block_1_82' title="bbox 1865 4005 3438 4078">
    <p class='ocr_par' dir='ltr' id='par_1_82' title="bbox 1865 4005 3438 4078">
     <span class='ocr_line' id='line_1_82' title="bbox 1865 4005 3438 4078; baseline -0.005 -11"><span class='ocrx_word' id='word_1_633' title='bbox 1865 4013 2026 4067; x_wconf 90' lang='lat' dir='ltr'><strong>tortis</strong></span> <span class='ocrx_word' id='word_1_634' title='bbox 2051 4022 2108 4067; x_wconf 90' lang='lat' dir='ltr'><strong>et</strong></span> <span class='ocrx_word' id='word_1_635' title='bbox 2140 4010 2405 4066; x_wconf 89' lang='lat' dir='ltr'><strong>cruciatis</strong></span> <span class='ocrx_word' id='word_1_636' title='bbox 2437 4009 2504 4064; x_wconf 90' lang='lat' dir='ltr'><strong>ad</strong></span> <span class='ocrx_word' id='word_1_637' title='bbox 2537 4008 2974 4078; x_wconf 90' lang='lat' dir='ltr'><strong>permanendum</strong></span> <span class='ocrx_word' id='word_1_638' title='bbox 3023 4015 3079 4062; x_wconf 90' lang='lat' dir='ltr'><strong>et</strong></span> <span class='ocrx_word' id='word_1_639' title='bbox 3131 4005 3438 4076; x_wconf 89' lang='lat' dir='ltr'><strong>perduran-</strong></span> 
     </span>
    </p>
   </div>
   <div class='ocr_carea' id='block_1_83' title="bbox 1863 4098 3436 4170">
    <p class='ocr_par' dir='ltr' id='par_1_83' title="bbox 1863 4098 3436 4170">
     <span class='ocr_line' id='line_1_83' title="bbox 1863 4098 3436 4170; baseline -0.005 -11"><span class='ocrx_word' id='word_1_640' title='bbox 1863 4105 1994 4159; x_wconf 91' lang='lat' dir='ltr'><strong>dum</strong></span> <span class='ocrx_word' id='word_1_641' title='bbox 2023 4120 2037 4156; x_wconf 89' lang='lat'>:</span> <span class='ocrx_word' id='word_1_642' title='bbox 2068 4103 2258 4157; x_wconf 87' lang='lat' dir='ltr'><strong>videre</strong></span> <span class='ocrx_word' id='word_1_643' title='bbox 2285 4102 2450 4154; x_wconf 90' lang='lat' dir='ltr'><strong>etiam</strong></span> <span class='ocrx_word' id='word_1_644' title='bbox 2477 4101 2605 4155; x_wconf 91' lang='lat' dir='ltr'><strong>licet</strong></span> <span class='ocrx_word' id='word_1_645' title='bbox 2632 4098 3097 4170; x_wconf 85' lang='lat' dir='ltr'><strong>quemadmodum</strong></span> <span class='ocrx_word' id='word_1_646' title='bbox 3124 4099 3230 4152; x_wconf 90' lang='lat' dir='ltr'><strong>hoc</strong></span> <span class='ocrx_word' id='word_1_647' title='bbox 3259 4099 3436 4166; x_wconf 91' lang='lat' dir='ltr'><strong>ipsum</strong></span> 
     </span>
    </p>
   </div>
   <div class='ocr_carea' id='block_1_84' title="bbox 1864 4187 3440 4250">
    <p class='ocr_par' dir='ltr' id='par_1_84' title="bbox 1864 4187 3440 4250">
     <span class='ocr_line' id='line_1_84' title="bbox 1864 4187 3440 4250; baseline -0.005 -1"><span class='ocrx_word' id='word_1_648' title='bbox 1864 4194 2087 4250; x_wconf 81' lang='lat' dir='ltr'><strong>eveniat</strong></span> <span class='ocrx_word' id='word_1_649' title='bbox 2114 4194 2168 4248; x_wconf 88' lang='lat' dir='ltr'><strong>in</strong></span> <span class='ocrx_word' id='word_1_650' title='bbox 2205 4191 2626 4246; x_wconf 86' lang='lat' dir='ltr'><strong>medicamentis</strong></span> <span class='ocrx_word' id='word_1_651' title='bbox 2655 4208 2667 4244; x_wconf 69' lang='grc' dir='ltr'><strong>ι</strong></span> <span class='ocrx_word' id='word_1_652' title='bbox 2700 4190 2907 4244; x_wconf 81' lang='lat' dir='ltr'><strong>iaciunt</strong></span> <span class='ocrx_word' id='word_1_653' title='bbox 2930 4189 3076 4242; x_wconf 90' lang='lat' dir='ltr'><strong>enim</strong></span> <span class='ocrx_word' id='word_1_654' title='bbox 3103 4188 3194 4242; x_wconf 90' lang='lat' dir='ltr'><strong>illa</strong></span> <span class='ocrx_word' id='word_1_655' title='bbox 3235 4187 3440 4241; x_wconf 86' lang='lat' dir='ltr'><strong>revivi-</strong></span> 
     </span>
    </p>
   </div>
   <div class='ocr_carea' id='block_1_85' title="bbox 1865 4279 3442 4350">
    <p class='ocr_par' dir='ltr' id='par_1_85' title="bbox 1865 4279 3442 4350">
     <span class='ocr_line' id='line_1_85' title="bbox 1865 4279 3442 4350; baseline -0.006 -9"><span class='ocrx_word' id='word_1_656' title='bbox 1865 4301 2018 4341; x_wconf 85' lang='lat' dir='ltr'><strong>scere</strong></span> <span class='ocrx_word' id='word_1_657' title='bbox 2047 4327 2060 4350; x_wconf 92' lang='lat'><strong>,</strong></span> <span class='ocrx_word' id='word_1_658' title='bbox 2118 4294 2175 4340; x_wconf 90' lang='lat' dir='ltr'><strong>et</strong></span> <span class='ocrx_word' id='word_1_659' title='bbox 2247 4291 2502 4336; x_wconf 90' lang='lat' dir='ltr'><strong>naturam</strong></span> <span class='ocrx_word' id='word_1_660' title='bbox 2545 4283 2768 4346; x_wconf 80' lang='lat' dir='ltr'><strong>fovent,</strong></span> <span class='ocrx_word' id='word_1_661' title='bbox 2797 4296 2924 4334; x_wconf 90' lang='lat' dir='ltr'><strong>cum</strong></span> <span class='ocrx_word' id='word_1_662' title='bbox 2979 4280 3148 4349; x_wconf 88' lang='lat' dir='ltr'><strong>aliqui</strong></span> <span class='ocrx_word' id='word_1_663' title='bbox 3200 4279 3306 4333; x_wconf 89' lang='lat' dir='ltr'><strong>alte</strong></span> <span class='ocrx_word' id='word_1_664' title='bbox 3342 4279 3442 4332; x_wconf 92' lang='lat' dir='ltr'><strong>sti-</strong></span> 
     </span>
    </p>
   </div>
   <div class='ocr_carea' id='block_1_86' title="bbox 1865 4371 3441 4446">
    <p class='ocr_par' dir='ltr' id='par_1_86' title="bbox 1865 4371 3441 4446">
     <span class='ocr_line' id='line_1_86' title="bbox 1865 4371 3441 4446; baseline -0.004 -14"><span class='ocrx_word' id='word_1_665' title='bbox 1865 4379 2076 4432; x_wconf 87' lang='lat' dir='ltr'><strong>mulent</strong></span> <span class='ocrx_word' id='word_1_666' title='bbox 2139 4387 2196 4432; x_wconf 87' lang='lat' dir='ltr'><strong>et</strong></span> <span class='ocrx_word' id='word_1_667' title='bbox 2248 4383 2535 4446; x_wconf 87' lang='lat' dir='ltr'><strong>pungant,</strong></span> <span class='ocrx_word' id='word_1_668' title='bbox 2592 4391 2696 4429; x_wconf 88' lang='lat' dir='ltr'><strong>nec</strong></span> <span class='ocrx_word' id='word_1_669' title='bbox 2755 4374 2941 4429; x_wconf 88' lang='lat' dir='ltr'><strong>sinant</strong></span> <span class='ocrx_word' id='word_1_670' title='bbox 2985 4389 3086 4428; x_wconf 92' lang='lat' dir='ltr'><strong>nos</strong></span> <span class='ocrx_word' id='word_1_671' title='bbox 3151 4371 3441 4426; x_wconf 88' lang='lat' dir='ltr'><strong>sentiendo</strong></span> 
     </span>
    </p>
   </div>
   <div class='ocr_carea' id='block_1_87' title="bbox 182 4462 1754 4544">
    <p class='ocr_par' dir='ltr' id='par_1_87' title="bbox 182 4465 1754 4539">
     <span class='ocr_line' id='line_1_87' title="bbox 182 4465 1754 4539; baseline -0.003 -17"><span class='ocrx_word' id='word_1_672' title='bbox 182 4470 460 4539; x_wconf 86' lang='grc' dir='ltr'>συντηρεῖ,</span> <span class='ocrx_word' id='word_1_673' title='bbox 492 4467 588 4521; x_wconf 73' lang='grc' dir='ltr'><strong>καὶ</strong></span> <span class='ocrx_word' id='word_1_674' title='bbox 613 4468 693 4535; x_wconf 80' lang='grc' dir='ltr'><strong>τῷ</strong></span> <span class='ocrx_word' id='word_1_675' title='bbox 717 4467 934 4519; x_wconf 88' lang='grc' dir='ltr'>διακαεῖ</span> <span class='ocrx_word' id='word_1_676' title='bbox 965 4465 1244 4518; x_wconf 86' lang='grc' dir='ltr'>συντονίαν</span> <span class='ocrx_word' id='word_1_677' title='bbox 1272 4465 1395 4533; x_wconf 79' lang='grc' dir='ltr'>ἄγει</span> <span class='ocrx_word' id='word_1_678' title='bbox 1419 4466 1512 4519; x_wconf 76' lang='grc' dir='ltr'>καὶ</span> <span class='ocrx_word' id='word_1_679' title='bbox 1538 4465 1754 4518; x_wconf 78' lang='grc' dir='ltr'>πύκνω-</span> 
     </span>
    </p>
   </div>
   <div class='ocr_carea' id='block_1_88' title="bbox 1864 4462 3442 4544">
    <p class='ocr_par' dir='ltr' id='par_1_88' title="bbox 1865 4462 3442 4536">
     <span class='ocr_line' id='line_1_88' title="bbox 1865 4462 3442 4536; baseline -0.004 -12"><span class='ocrx_word' id='word_1_680' title='bbox 1865 4485 2230 4534; x_wconf 87' lang='lat' dir='ltr'><strong>marcescere,</strong></span> <span class='ocrx_word' id='word_1_681' title='bbox 2255 4468 2349 4524; x_wconf 92' lang='lat' dir='ltr'><strong>sed</strong></span> <span class='ocrx_word' id='word_1_682' title='bbox 2374 4467 2560 4536; x_wconf 90' lang='lat' dir='ltr'><strong>potius</strong></span> <span class='ocrx_word' id='word_1_683' title='bbox 2579 4467 2768 4521; x_wconf 92' lang='lat' dir='ltr'><strong>dolore</strong></span> <span class='ocrx_word' id='word_1_684' title='bbox 2791 4474 3140 4527; x_wconf 85' lang='lat' dir='ltr'><strong>conservent,</strong></span> <span class='ocrx_word' id='word_1_685' title='bbox 3159 4472 3214 4518; x_wconf 90' lang='lat' dir='ltr'><strong>et</strong></span> <span class='ocrx_word' id='word_1_686' title='bbox 3233 4462 3442 4517; x_wconf 84' lang='lat' dir='ltr'><strong>urendo</strong></span> 
     </span>
    </p>
   </div>
   <div class='ocr_carea' id='block_1_89' title="bbox 184 4556 1758 4629">
    <p class='ocr_par' dir='ltr' id='par_1_89' title="bbox 184 4556 1758 4629">
     <span class='ocr_line' id='line_1_89' title="bbox 184 4556 1758 4629; baseline -0.004 -15"><span class='ocrx_word' id='word_1_687' title='bbox 184 4577 290 4614; x_wconf 86' lang='grc' dir='ltr'>σιν.</span> <span class='ocrx_word' id='word_1_688' title='bbox 318 4560 398 4613; x_wconf 81' lang='grc' dir='ltr'>Τά</span> <span class='ocrx_word' id='word_1_689' title='bbox 433 4560 493 4612; x_wconf 82' lang='grc' dir='ltr'>δὲ</span> <span class='ocrx_word' id='word_1_690' title='bbox 524 4559 844 4629; x_wconf 80' lang='grc' dir='ltr'>ἀνθρώπινα</span> <span class='ocrx_word' id='word_1_691' title='bbox 867 4556 1013 4627; x_wconf 88' lang='grc' dir='ltr'>πάθη</span> <span class='ocrx_word' id='word_1_692' title='bbox 1043 4557 1136 4610; x_wconf 68' lang='grc' dir='ltr'>καὶ</span> <span class='ocrx_word' id='word_1_693' title='bbox 1166 4556 1374 4626; x_wconf 80' lang='grc' dir='ltr'>φυσικά</span> <span class='ocrx_word' id='word_1_694' title='bbox 1405 4557 1505 4626; x_wconf 78' lang='grc' dir='ltr'>τῆς</span> <span class='ocrx_word' id='word_1_695' title='bbox 1535 4559 1758 4627; x_wconf 77' lang='grc' dir='ltr'>σαρκὸς,</span> 
     </span>
    </p>
   </div>
   <div class='ocr_carea' id='block_1_90' title="bbox 185 4647 1760 4723">
    <p class='ocr_par' dir='ltr' id='par_1_90' title="bbox 185 4647 1760 4723">
     <span class='ocr_line' id='line_1_90' title="bbox 185 4647 1760 4723; baseline -0.003 -16"><span class='ocrx_word' id='word_1_696' title='bbox 185 4655 328 4723; x_wconf 78' lang='grc' dir='ltr'>άπερ</span> <span class='ocrx_word' id='word_1_697' title='bbox 361 4655 390 4706; x_wconf 84' lang='grc' dir='ltr'>ὁ</span> <span class='ocrx_word' id='word_1_698' title='bbox 427 4652 633 4722; x_wconf 85' lang='grc' dir='ltr'>Κύριος</span> <span class='ocrx_word' id='word_1_699' title='bbox 683 4647 1033 4715; x_wconf 79' lang='grc' dir='ltr'>κατεδέξατο,</span> <span class='ocrx_word' id='word_1_700' title='bbox 1093 4650 1304 4717; x_wconf 83' lang='grc' dir='ltr'>πέφυκέ</span> <span class='ocrx_word' id='word_1_701' title='bbox 1352 4667 1469 4712; x_wconf 88' lang='grc' dir='ltr'><strong>πως</strong></span> <span class='ocrx_word' id='word_1_702' title='bbox 1518 4650 1610 4710; x_wconf 75' lang='grc' dir='ltr'>καὶ</span> <span class='ocrx_word' id='word_1_703' title='bbox 1659 4649 1760 4719; x_wconf 80' lang='grc' dir='ltr'>τὴν</span> 
     </span>
    </p>
   </div>
   <div class='ocr_carea' id='block_1_91' title="bbox 186 4741 1758 4815">
    <p class='ocr_par' dir='ltr' id='par_1_91' title="bbox 186 4741 1758 4815">
     <span class='ocr_line' id='line_1_91' title="bbox 186 4741 1758 4815; baseline -0.001 -18"><span class='ocrx_word' id='word_1_704' title='bbox 186 4745 364 4814; x_wconf 87' lang='grc' dir='ltr'>σάρκα</span> <span class='ocrx_word' id='word_1_705' title='bbox 409 4743 848 4815; x_wconf 84' lang='grc' dir='ltr'>καταμαραίνειν</span> <span class='ocrx_word' id='word_1_706' title='bbox 869 4781 886 4806; x_wconf 88' lang='grc'><strong>,</strong></span> <span class='ocrx_word' id='word_1_707' title='bbox 920 4741 1125 4795; x_wconf 80' lang='grc' dir='ltr'>κοποῦν</span> <span class='ocrx_word' id='word_1_708' title='bbox 1166 4758 1224 4794; x_wconf 89' lang='grc' dir='ltr'><strong>τε</strong></span> <span class='ocrx_word' id='word_1_709' title='bbox 1259 4741 1431 4812; x_wconf 79' lang='grc' dir='ltr'>αὐτὴν</span> <span class='ocrx_word' id='word_1_710' title='bbox 1461 4743 1553 4794; x_wconf 74' lang='grc' dir='ltr'>καὶ</span> <span class='ocrx_word' id='word_1_711' title='bbox 1579 4742 1758 4812; x_wconf 80' lang='grc' dir='ltr'>άνιᾷν,</span> 
     </span>
    </p>
   </div>
   <div class='ocr_carea' id='block_1_92' title="bbox 185 4833 1762 4906">
    <p class='ocr_par' dir='ltr' id='par_1_92' title="bbox 185 4833 1762 4906">
     <span class='ocr_line' id='line_1_92' title="bbox 185 4833 1762 4906; baseline -0.001 -18"><span class='ocrx_word' id='word_1_712' title='bbox 185 4837 278 4889; x_wconf 84' lang='grc' dir='ltr'>καὶ</span> <span class='ocrx_word' id='word_1_713' title='bbox 309 4835 463 4898; x_wconf 83' lang='grc' dir='ltr'>τέλος</span> <span class='ocrx_word' id='word_1_714' title='bbox 498 4835 758 4899; x_wconf 81' lang='grc' dir='ltr'>διαλύειν,</span> <span class='ocrx_word' id='word_1_715' title='bbox 783 4835 812 4888; x_wconf 78' lang='grc' dir='ltr'><strong>ὃ</strong></span> <span class='ocrx_word' id='word_1_716' title='bbox 839 4835 902 4906; x_wconf 85' lang='grc' dir='ltr'>δὴ</span> <span class='ocrx_word' id='word_1_717' title='bbox 932 4835 1155 4903; x_wconf 80' lang='grc' dir='ltr'>γεγονὸς</span> <span class='ocrx_word' id='word_1_718' title='bbox 1190 4833 1284 4888; x_wconf 75' lang='grc' dir='ltr'><strong>καὶ</strong></span> <span class='ocrx_word' id='word_1_719' title='bbox 1320 4833 1460 4887; x_wconf 78' lang='grc' dir='ltr'>κατὰ</span> <span class='ocrx_word' id='word_1_720' title='bbox 1479 4834 1570 4887; x_wconf 79' lang='grc' dir='ltr'><strong>τὸν</strong></span> <span class='ocrx_word' id='word_1_721' title='bbox 1597 4851 1762 4887; x_wconf 88' lang='grc' dir='ltr'>σταυ-</span> 
     </span>
    </p>
   </div>
   <div class='ocr_carea' id='block_1_93' title="bbox 188 4922 1756 4994">
    <p class='ocr_par' dir='ltr' id='par_1_93' title="bbox 188 4922 1756 4994">
     <span class='ocr_line' id='line_1_93' title="bbox 188 4922 1756 4994; baseline 0.001 -20"><span class='ocrx_word' id='word_1_722' title='bbox 188 4922 279 4992; x_wconf 78' lang='grc' dir='ltr'>ρὸν</span> <span class='ocrx_word' id='word_1_723' title='bbox 307 4923 572 4992; x_wconf 76' lang='grc' dir='ltr'>ἔγνωμεν.</span> <span class='ocrx_word' id='word_1_724' title='bbox 597 4925 675 4994; x_wconf 78' lang='grc' dir='ltr'><strong>Τῇ</strong></span> <span class='ocrx_word' id='word_1_725' title='bbox 705 4925 762 4977; x_wconf 79' lang='grc' dir='ltr'>δὲ</span> <span class='ocrx_word' id='word_1_726' title='bbox 805 4923 1050 4976; x_wconf 72' lang='grc' dir='ltr'>διαλύσει</span> <span class='ocrx_word' id='word_1_727' title='bbox 1083 4924 1206 4976; x_wconf 84' lang='grc' dir='ltr'>ὅσον</span> <span class='ocrx_word' id='word_1_728' title='bbox 1246 4941 1310 4991; x_wconf 85' lang='grc' dir='ltr'><strong>γε</strong></span> <span class='ocrx_word' id='word_1_729' title='bbox 1351 4923 1442 4975; x_wconf 79' lang='grc' dir='ltr'><strong>ἐπὶ</strong></span> <span class='ocrx_word' id='word_1_730' title='bbox 1473 4925 1538 4994; x_wconf 79' lang='grc' dir='ltr'>τῇ</span> <span class='ocrx_word' id='word_1_731' title='bbox 1577 4923 1756 4991; x_wconf 83' lang='grc' dir='ltr'>φύσει,</span> 
     </span>
    </p>
   </div>
   <div class='ocr_carea' id='block_1_94' title="bbox 187 5012 1754 5084">
    <p class='ocr_par' dir='ltr' id='par_1_94' title="bbox 187 5012 1754 5084">
     <span class='ocr_line' id='line_1_94' title="bbox 187 5012 1754 5084; baseline 0.002 -20"><span class='ocrx_word' id='word_1_732' title='bbox 187 5015 276 5067; x_wconf 68' lang='grc' dir='ltr'><strong>καὶ</strong></span> <span class='ocrx_word' id='word_1_733' title='bbox 299 5014 358 5065; x_wconf 79' lang='grc' dir='ltr'><strong>τὸ</strong></span> <span class='ocrx_word' id='word_1_734' title='bbox 392 5013 669 5083; x_wconf 82' lang='grc' dir='ltr'>φθαρῆναι</span> <span class='ocrx_word' id='word_1_735' title='bbox 700 5014 912 5068; x_wconf 69' lang='grc' dir='ltr'>ἕπεται.</span> <span class='ocrx_word' id='word_1_736' title='bbox 943 5014 1023 5067; x_wconf 87' lang='grc' dir='ltr'><strong>Τὰ</strong></span> <span class='ocrx_word' id='word_1_737' title='bbox 1052 5014 1233 5067; x_wconf 86' lang='grc' dir='ltr'>τοίνυν</span> <span class='ocrx_word' id='word_1_738' title='bbox 1259 5012 1580 5083; x_wconf 82' lang='grc' dir='ltr'>ἀνθρώπινα</span> <span class='ocrx_word' id='word_1_739' title='bbox 1607 5014 1754 5084; x_wconf 86' lang='grc' dir='ltr'>πάθη</span> 
     </span>
    </p>
   </div>
   <div class='ocr_carea' id='block_1_95' title="bbox 187 5099 1755 5174">
    <p class='ocr_par' dir='ltr' id='par_1_95' title="bbox 187 5099 1755 5174">
     <span class='ocr_line' id='line_1_95' title="bbox 187 5099 1755 5174; baseline -0.001 -19"><span class='ocrx_word' id='word_1_740' title='bbox 187 5102 368 5155; x_wconf 81' lang='grc' dir='ltr'>λυπεῖν</span> <span class='ocrx_word' id='word_1_741' title='bbox 413 5099 555 5156; x_wconf 83' lang='grc' dir='ltr'>οἶδεν</span> <span class='ocrx_word' id='word_1_742' title='bbox 586 5103 686 5172; x_wconf 81' lang='grc' dir='ltr'>τὴν</span> <span class='ocrx_word' id='word_1_743' title='bbox 718 5103 904 5171; x_wconf 85' lang='grc' dir='ltr'>φύσιν,</span> <span class='ocrx_word' id='word_1_744' title='bbox 960 5104 1055 5156; x_wconf 72' lang='grc' dir='ltr'><strong>καὶ</strong></span> <span class='ocrx_word' id='word_1_745' title='bbox 1087 5105 1152 5174; x_wconf 75' lang='grc' dir='ltr'>τῇ</span> <span class='ocrx_word' id='word_1_746' title='bbox 1211 5101 1456 5156; x_wconf 80' lang='grc' dir='ltr'>συνθέσει</span> <span class='ocrx_word' id='word_1_747' title='bbox 1487 5103 1755 5172; x_wconf 88' lang='grc' dir='ltr'>λυμαίνε-</span> 
     </span>
    </p>
   </div>
   <div class='ocr_carea' id='block_1_96' title="bbox 190 5193 1762 5265">
    <p class='ocr_par' dir='ltr' id='par_1_96' title="bbox 190 5193 1762 5265">
     <span class='ocr_line' id='line_1_96' title="bbox 190 5193 1762 5265; baseline 0.001 -20"><span class='ocrx_word' id='word_1_748' title='bbox 190 5193 328 5256; x_wconf 87' lang='grc' dir='ltr'>σθαι,</span> <span class='ocrx_word' id='word_1_749' title='bbox 373 5194 465 5246; x_wconf 78' lang='grc' dir='ltr'>καὶ</span> <span class='ocrx_word' id='word_1_750' title='bbox 511 5193 666 5256; x_wconf 83' lang='grc' dir='ltr'>τέλος</span> <span class='ocrx_word' id='word_1_751' title='bbox 698 5197 796 5247; x_wconf 78' lang='grc' dir='ltr'>καὶ</span> <span class='ocrx_word' id='word_1_752' title='bbox 842 5195 1122 5264; x_wconf 73' lang='grc' dir='ltr'>χωρισμὸν</span> <span class='ocrx_word' id='word_1_753' title='bbox 1151 5195 1415 5262; x_wconf 81' lang='grc' dir='ltr'>εἰσάγειν,</span> <span class='ocrx_word' id='word_1_754' title='bbox 1457 5196 1550 5248; x_wconf 79' lang='grc' dir='ltr'><strong>καὶ</strong></span> <span class='ocrx_word' id='word_1_755' title='bbox 1582 5195 1762 5265; x_wconf 69' lang='grc' dir='ltr'>φθορᾷ</span> 
     </span>
    </p>
   </div>
   <div class='ocr_carea' id='block_1_97' title="bbox 190 5279 1760 5358">
    <p class='ocr_par' dir='ltr' id='par_1_97' title="bbox 190 5279 1760 5358">
     <span class='ocr_line' id='line_1_97' title="bbox 190 5279 1760 5358; baseline 0.002 -20"><span class='ocrx_word' id='word_1_756' title='bbox 190 5282 547 5351; x_wconf 72' lang='grc' dir='ltr'>ὑποϐάλλειν,</span> <span class='ocrx_word' id='word_1_757' title='bbox 589 5279 776 5355; x_wconf 81' lang='grc' dir='ltr'>ὦνπερ</span> <span class='ocrx_word' id='word_1_758' title='bbox 825 5288 852 5338; x_wconf 85' lang='grc' dir='ltr'>ὁ</span> <span class='ocrx_word' id='word_1_759' title='bbox 905 5284 1114 5354; x_wconf 80' lang='grc' dir='ltr'>Κύριος</span> <span class='ocrx_word' id='word_1_760' title='bbox 1167 5285 1568 5358; x_wconf 80' lang='grc' dir='ltr'>παραπλησίως</span> <span class='ocrx_word' id='word_1_761' title='bbox 1628 5289 1760 5357; x_wconf 88' lang='grc' dir='ltr'>ἡμῖν</span> 
     </span>
    </p>
   </div>
   <div class='ocr_carea' id='block_1_98' title="bbox 264 5543 1743 5617">
    <p class='ocr_par' dir='ltr' id='par_1_98' title="bbox 264 5543 1743 5617">
     <span class='ocr_line' id='line_1_98' title="bbox 264 5543 1743 5617; baseline -0.001 -18"><span class='ocrx_word' id='word_1_762' title='bbox 264 5543 368 5617; x_wconf 65' lang='lat'><strong>(55)</strong></span> <span class='ocrx_word' id='word_1_763' title='bbox 401 5543 543 5617; x_wconf 87' lang='lat' dir='ltr'><strong>Car_o</strong></span> <span class='ocrx_word' id='word_1_764' title='bbox 574 5543 788 5598; x_wconf 92' lang='lat' dir='ltr'><strong>Domini</strong></span> <span class='ocrx_word' id='word_1_765' title='bbox 824 5559 924 5614; x_wconf 87' lang='lat' dir='ltr'><strong>per</strong></span> <span class='ocrx_word' id='word_1_766' title='bbox 948 5544 1259 5617; x_wconf 88' lang='lat' dir='ltr'><strong>passionem</strong></span> <span class='ocrx_word' id='word_1_767' title='bbox 1298 5544 1567 5617; x_wconf 80' lang='lat' dir='ltr'><strong>gloriﬁcat</strong></span> <span class='ocrx_word' id='word_1_768' title='bbox 1597 5560 1743 5602; x_wconf 83' lang='lat' dir='ltr'><strong>cum-</strong></span> 
     </span>
    </p>
   </div>
   <div class='ocr_carea' id='block_1_99' title="bbox 195 5613 1744 5687">
    <p class='ocr_par' dir='ltr' id='par_1_99' title="bbox 195 5613 1744 5687">
     <span class='ocr_line' id='line_1_99' title="bbox 195 5613 1744 5687; baseline -0.001 -18"><span class='ocrx_word' id='word_1_769' title='bbox 195 5613 470 5683; x_wconf 82' lang='lat' dir='ltr'><strong>patlcntes,</strong></span> <span class='ocrx_word' id='word_1_770' title='bbox 494 5615 653 5670; x_wconf 80' lang='lat' dir='ltr'><strong>Rom.</strong></span> <span class='ocrx_word' id='word_1_771' title='bbox 695 5629 809 5681; x_wconf 82' lang='lat' dir='ltr'><strong>VIII;</strong></span> <span class='ocrx_word' id='word_1_772' title='bbox 827 5613 1064 5686; x_wconf 82' lang='lat' dir='ltr'><strong>compati</strong></span> <span class='ocrx_word' id='word_1_773' title='bbox 1096 5625 1278 5671; x_wconf 86' lang='lat' dir='ltr'><strong>autem</strong></span> <span class='ocrx_word' id='word_1_774' title='bbox 1297 5613 1405 5672; x_wconf 77' lang='lat' dir='ltr'><strong>non</strong></span> <span class='ocrx_word' id='word_1_775' title='bbox 1433 5629 1744 5687; x_wconf 83' lang='lat' dir='ltr'><strong>possumus,</strong></span> 
     </span>
    </p>
   </div>
   <div class='ocr_carea' id='block_1_100' title="bbox 1867 4558 3442 4616">
    <p class='ocr_par' dir='ltr' id='par_1_100' title="bbox 1867 4558 3442 4616">
     <span class='ocr_line' id='line_1_100' title="bbox 1867 4558 3442 4616; baseline -0.005 -1"><span class='ocrx_word' id='word_1_776' title='bbox 1867 4561 2234 4616; x_wconf 89' lang='lat' dir='ltr'><strong>eorroborent</strong></span> <span class='ocrx_word' id='word_1_777' title='bbox 2287 4569 2345 4615; x_wconf 91' lang='lat' dir='ltr'><strong>et</strong></span> <span class='ocrx_word' id='word_1_778' title='bbox 2377 4559 2631 4614; x_wconf 90' lang='lat' dir='ltr'><strong>densent.</strong></span> <span class='ocrx_word' id='word_1_779' title='bbox 2674 4558 2938 4612; x_wconf 57' lang='lat' dir='ltr'><strong>Humana;</strong></span> <span class='ocrx_word' id='word_1_780' title='bbox 2965 4573 3096 4612; x_wconf 69' lang='grc' dir='ltr'>γετί)</span> <span class='ocrx_word' id='word_1_781' title='bbox 3131 4565 3185 4610; x_wconf 64' lang='grc' dir='ltr'><strong>(τι</strong></span> <span class='ocrx_word' id='word_1_782' title='bbox 3215 4563 3442 4609; x_wconf 85' lang='lat' dir='ltr'><strong>natura-</strong></span> 
     </span>
    </p>
   </div>
   <div class='ocr_carea' id='block_1_101' title="bbox 1867 4645 3440 4718">
    <p class='ocr_par' dir='ltr' id='par_1_101' title="bbox 1867 4645 3440 4718">
     <span class='ocr_line' id='line_1_101' title="bbox 1867 4645 3440 4718; baseline -0.003 -15"><span class='ocrx_word' id='word_1_783' title='bbox 1867 4650 1947 4704; x_wconf 93' lang='lat' dir='ltr'><strong>les</strong></span> <span class='ocrx_word' id='word_1_784' title='bbox 1978 4649 2260 4718; x_wconf 91' lang='lat' dir='ltr'><strong>passiones</strong></span> <span class='ocrx_word' id='word_1_785' title='bbox 2308 4648 2492 4704; x_wconf 88' lang='lat' dir='ltr'><strong>carnis</strong></span> <span class='ocrx_word' id='word_1_786' title='bbox 2539 4663 2678 4718; x_wconf 87' lang='lat' dir='ltr'><strong>quas</strong></span> <span class='ocrx_word' id='word_1_787' title='bbox 2707 4647 2976 4700; x_wconf 91' lang='lat' dir='ltr'><strong>Dominus</strong></span> <span class='ocrx_word' id='word_1_788' title='bbox 3006 4645 3270 4715; x_wconf 85' lang='lat' dir='ltr'><strong>suscepit,</strong></span> <span class='ocrx_word' id='word_1_789' title='bbox 3301 4660 3440 4714; x_wconf 91' lang='lat' dir='ltr'><strong>quo-</strong></span> 
     </span>
    </p>
   </div>
   <div class='ocr_carea' id='block_1_102' title="bbox 1867 4735 3444 4808">
    <p class='ocr_par' dir='ltr' id='par_1_102' title="bbox 1867 4735 3444 4808">
     <span class='ocr_line' id='line_1_102' title="bbox 1867 4735 3444 4808; baseline -0.006 -12"><span class='ocrx_word' id='word_1_790' title='bbox 1867 4741 2164 4796; x_wconf 91' lang='lat' dir='ltr'><strong>dammodo</strong></span> <span class='ocrx_word' id='word_1_791' title='bbox 2189 4750 2351 4796; x_wconf 86' lang='lat' dir='ltr'><strong>erant</strong></span> <span class='ocrx_word' id='word_1_792' title='bbox 2375 4749 2570 4795; x_wconf 86' lang='lat' dir='ltr'><strong>natura</strong></span> <span class='ocrx_word' id='word_1_793' title='bbox 2607 4747 2747 4808; x_wconf 72' lang='lat' dir='ltr'><strong>apta:</strong></span> <span class='ocrx_word' id='word_1_794' title='bbox 2790 4735 2858 4791; x_wconf 90' lang='lat' dir='ltr'><strong>ad</strong></span> <span class='ocrx_word' id='word_1_795' title='bbox 2891 4735 3291 4790; x_wconf 87' lang='lat' dir='ltr'><strong>debilitandum</strong></span> <span class='ocrx_word' id='word_1_796' title='bbox 3323 4748 3444 4788; x_wconf 86' lang='lat' dir='ltr'><strong>car-</strong></span> 
     </span>
    </p>
   </div>
   <div class='ocr_carea' id='block_1_103' title="bbox 1865 4829 3443 4904">
    <p class='ocr_par' dir='ltr' id='par_1_103' title="bbox 1865 4829 3443 4904">
     <span class='ocr_line' id='line_1_103' title="bbox 1865 4829 3443 4904; baseline -0.003 -15"><span class='ocrx_word' id='word_1_797' title='bbox 1865 4851 1992 4889; x_wconf 92' lang='lat' dir='ltr'><strong>nem</strong></span> <span class='ocrx_word' id='word_1_798' title='bbox 2019 4875 2032 4897; x_wconf 94' lang='lat'><strong>,</strong></span> <span class='ocrx_word' id='word_1_799' title='bbox 2062 4843 2118 4889; x_wconf 86' lang='lat' dir='ltr'><strong>et</strong></span> <span class='ocrx_word' id='word_1_800' title='bbox 2147 4834 2556 4904; x_wconf 79' lang='lat' dir='ltr'><strong>defatigandum</strong></span> <span class='ocrx_word' id='word_1_801' title='bbox 2577 4873 2592 4897; x_wconf 90' lang='lat'><strong>,</strong></span> <span class='ocrx_word' id='word_1_802' title='bbox 2649 4847 2714 4886; x_wconf 91' lang='lat' dir='ltr'><strong>ac</strong></span> <span class='ocrx_word' id='word_1_803' title='bbox 2741 4832 2931 4886; x_wconf 91' lang='lat' dir='ltr'><strong>dolore</strong></span> <span class='ocrx_word' id='word_1_804' title='bbox 2957 4829 3333 4891; x_wconf 80' lang='lat' dir='ltr'><strong>afﬁciendum,</strong></span> <span class='ocrx_word' id='word_1_805' title='bbox 3384 4836 3443 4884; x_wconf 82' lang='lat' dir='ltr'><strong>et</strong></span> 
     </span>
    </p>
   </div>
   <div class='ocr_carea' id='block_1_104' title="bbox 1869 4922 3441 4994">
    <p class='ocr_par' dir='ltr' id='par_1_104' title="bbox 1869 4922 3441 4994">
     <span class='ocr_line' id='line_1_104' title="bbox 1869 4922 3441 4994; baseline -0.003 -15"><span class='ocrx_word' id='word_1_806' title='bbox 1869 4926 2107 4994; x_wconf 90' lang='lat' dir='ltr'><strong>denique</strong></span> <span class='ocrx_word' id='word_1_807' title='bbox 2138 4925 2205 4978; x_wconf 90' lang='lat' dir='ltr'><strong>ad</strong></span> <span class='ocrx_word' id='word_1_808' title='bbox 2240 4925 2688 4988; x_wconf 87' lang='lat' dir='ltr'><strong>dissolvendum;</strong></span> <span class='ocrx_word' id='word_1_809' title='bbox 2746 4923 2894 4992; x_wconf 92' lang='lat' dir='ltr'><strong>quod</strong></span> <span class='ocrx_word' id='word_1_810' title='bbox 2929 4922 3150 4992; x_wconf 88' lang='lat' dir='ltr'><strong>quidem</strong></span> <span class='ocrx_word' id='word_1_811' title='bbox 3185 4922 3238 4974; x_wconf 91' lang='lat' dir='ltr'><strong>in</strong></span> <span class='ocrx_word' id='word_1_812' title='bbox 3275 4935 3441 4976; x_wconf 92' lang='lat' dir='ltr'><strong>cruce</strong></span> 
     </span>
    </p>
   </div>
   <div class='ocr_carea' id='block_1_105' title="bbox 1862 5015 3440 5084">
    <p class='ocr_par' dir='ltr' id='par_1_105' title="bbox 1862 5015 3440 5084">
     <span class='ocr_line' id='line_1_105' title="bbox 1862 5015 3440 5084; baseline -0.003 -13"><span class='ocrx_word' id='word_1_813' title='bbox 1862 5015 2067 5071; x_wconf 81' lang='lat' dir='ltr'><strong>factum</strong></span> <span class='ocrx_word' id='word_1_814' title='bbox 2091 5031 2213 5070; x_wconf 89' lang='lat' dir='ltr'><strong>esse</strong></span> <span class='ocrx_word' id='word_1_815' title='bbox 2233 5016 2614 5084; x_wconf 87' lang='lat' dir='ltr'><strong>cognovimus.</strong></span> <span class='ocrx_word' id='word_1_816' title='bbox 2641 5015 3065 5068; x_wconf 90' lang='lat' dir='ltr'><strong>Dissolutiouem</strong></span> <span class='ocrx_word' id='word_1_817' title='bbox 3097 5027 3228 5066; x_wconf 88' lang='lat' dir='ltr'><strong>vero</strong></span> <span class='ocrx_word' id='word_1_818' title='bbox 3262 5027 3440 5081; x_wconf 87' lang='lat' dir='ltr'><strong>quan-</strong></span> 
     </span>
    </p>
   </div>
   <div class='ocr_carea' id='block_1_106' title="bbox 1867 5101 3441 5172">
    <p class='ocr_par' dir='ltr' id='par_1_106' title="bbox 1867 5101 3441 5172">
     <span class='ocr_line' id='line_1_106' title="bbox 1867 5101 3441 5172; baseline -0.004 -12"><span class='ocrx_word' id='word_1_819' title='bbox 1867 5114 1981 5160; x_wconf 92' lang='lat' dir='ltr'><strong>tum</strong></span> <span class='ocrx_word' id='word_1_820' title='bbox 2052 5105 2107 5158; x_wconf 90' lang='lat' dir='ltr'><strong>in</strong></span> <span class='ocrx_word' id='word_1_821' title='bbox 2157 5112 2351 5158; x_wconf 90' lang='lat' dir='ltr'><strong>natura</strong></span> <span class='ocrx_word' id='word_1_822' title='bbox 2400 5112 2521 5168; x_wconf 91' lang='lat' dir='ltr'><strong>est,</strong></span> <span class='ocrx_word' id='word_1_823' title='bbox 2569 5103 2851 5172; x_wconf 89' lang='lat' dir='ltr'><strong>corruptio</strong></span> <span class='ocrx_word' id='word_1_824' title='bbox 2903 5103 3174 5172; x_wconf 91' lang='lat' dir='ltr'><strong>sequitur.</strong></span> <span class='ocrx_word' id='word_1_825' title='bbox 3224 5101 3441 5155; x_wconf 85' lang='lat' dir='ltr'><strong>Passio-</strong></span> 
     </span>
    </p>
   </div>
   <div class='ocr_carea' id='block_1_107' title="bbox 1866 5187 3436 5264">
    <p class='ocr_par' dir='ltr' id='par_1_107' title="bbox 1866 5187 3436 5264">
     <span class='ocr_line' id='line_1_107' title="bbox 1866 5187 3436 5264; baseline -0.003 -15"><span class='ocrx_word' id='word_1_826' title='bbox 1866 5211 1966 5250; x_wconf 90' lang='lat' dir='ltr'><strong>nes</strong></span> <span class='ocrx_word' id='word_1_827' title='bbox 2016 5195 2182 5264; x_wconf 89' lang='lat' dir='ltr'><strong>igitur</strong></span> <span class='ocrx_word' id='word_1_828' title='bbox 2240 5193 2495 5246; x_wconf 72' lang='lat' dir='ltr'><strong>humana:</strong></span> <span class='ocrx_word' id='word_1_829' title='bbox 2555 5187 2810 5245; x_wconf 88' lang='lat' dir='ltr'><strong>naturam</strong></span> <span class='ocrx_word' id='word_1_830' title='bbox 2850 5199 3084 5262; x_wconf 87' lang='lat' dir='ltr'><strong>possunt</strong></span> <span class='ocrx_word' id='word_1_831' title='bbox 3131 5188 3436 5254; x_wconf 81' lang='lat' dir='ltr'><strong>oiIendere,</strong></span> 
     </span>
    </p>
   </div>
   <div class='ocr_carea' id='block_1_108' title="bbox 1868 5281 3437 5354">
    <p class='ocr_par' dir='ltr' id='par_1_108' title="bbox 1868 5281 3437 5354">
     <span class='ocr_line' id='line_1_108' title="bbox 1868 5281 3437 5354; baseline -0.004 -12"><span class='ocrx_word' id='word_1_832' title='bbox 1868 5285 2234 5354; x_wconf 88' lang='lat' dir='ltr'><strong>compositum</strong></span> <span class='ocrx_word' id='word_1_833' title='bbox 2284 5284 2483 5339; x_wconf 72' lang='lat' dir='ltr'><strong>laedere</strong></span> <span class='ocrx_word' id='word_1_834' title='bbox 2505 5324 2520 5349; x_wconf 87' lang='lat'><strong>,</strong></span> <span class='ocrx_word' id='word_1_835' title='bbox 2556 5293 2612 5338; x_wconf 91' lang='lat' dir='ltr'><strong>et</strong></span> <span class='ocrx_word' id='word_1_836' title='bbox 2642 5283 2804 5338; x_wconf 84' lang='lat' dir='ltr'><strong>ﬁnem</strong></span> <span class='ocrx_word' id='word_1_837' title='bbox 2838 5293 3002 5353; x_wconf 90' lang='lat' dir='ltr'><strong>atque</strong></span> <span class='ocrx_word' id='word_1_838' title='bbox 3033 5281 3437 5352; x_wconf 78' lang='lat' dir='ltr'><strong>se&#39;parationem</strong></span> 
     </span>
    </p>
   </div>
   <div class='ocr_carea' id='block_1_109' title="bbox 1857 5541 3429 5613">
    <p class='ocr_par' dir='ltr' id='par_1_109' title="bbox 1857 5541 3429 5613">
     <span class='ocr_line' id='line_1_109' title="bbox 1857 5541 3429 5613; baseline 0 -15"><span class='ocrx_word' id='word_1_839' title='bbox 1857 5545 1961 5598; x_wconf 92' lang='lat' dir='ltr'><strong>nisi</strong></span> <span class='ocrx_word' id='word_1_840' title='bbox 2000 5560 2130 5598; x_wconf 91' lang='lat' dir='ltr'><strong>caro</strong></span> <span class='ocrx_word' id='word_1_841' title='bbox 2157 5541 2371 5613; x_wconf 89' lang='lat' dir='ltr'><strong>Domini</strong></span> <span class='ocrx_word' id='word_1_842' title='bbox 2402 5552 2832 5613; x_wconf 80' lang='lat' dir='ltr'><strong>compateretur,</strong></span> <span class='ocrx_word' id='word_1_843' title='bbox 2875 5542 3022 5613; x_wconf 91' lang='lat' dir='ltr'><strong>quod</strong></span> <span class='ocrx_word' id='word_1_844' title='bbox 3045 5550 3130 5598; x_wconf 87' lang='lat' dir='ltr'><strong>est</strong></span> <span class='ocrx_word' id='word_1_845' title='bbox 3155 5542 3273 5613; x_wconf 84' lang='lat' dir='ltr'><strong>pati</strong></span> <span class='ocrx_word' id='word_1_846' title='bbox 3327 5558 3429 5598; x_wconf 85' lang='lat' dir='ltr'><strong>no-</strong></span> 
     </span>
    </p>
   </div>
   <div class='ocr_carea' id='block_1_110' title="bbox 1855 5612 2761 5683">
    <p class='ocr_par' dir='ltr' id='par_1_110' title="bbox 1855 5612 2761 5683">
     <span class='ocr_line' id='line_1_110' title="bbox 1855 5612 2761 5683; baseline -0.002 -15"><span class='ocrx_word' id='word_1_847' title='bbox 1855 5613 2092 5680; x_wconf 88' lang='lat' dir='ltr'><strong>biscum,</strong></span> <span class='ocrx_word' id='word_1_848' title='bbox 2120 5623 2175 5670; x_wconf 91' lang='lat' dir='ltr'><strong>et</strong></span> <span class='ocrx_word' id='word_1_849' title='bbox 2193 5612 2292 5669; x_wconf 80' lang='lat' dir='ltr'><strong>n0s</strong></span> <span class='ocrx_word' id='word_1_850' title='bbox 2317 5629 2440 5669; x_wconf 90' lang='lat' dir='ltr'><strong>cum</strong></span> <span class='ocrx_word' id='word_1_851' title='bbox 2461 5612 2599 5683; x_wconf 72' lang='lat' dir='ltr'><strong>ipSo.</strong></span> <span class='ocrx_word' id='word_1_852' title='bbox 2630 5612 2761 5670; x_wconf 72' lang='lat' dir='ltr'><strong>CAN.</strong></span> 
     </span>
    </p>
   </div>
  </div>
