3912 6298
189 264 320 330 1341

1234 258 1528 321 CONTRA
1568 252 1883 315 NESTOR.
1923 251 2017 309 ΕΤ
2050 248 2368 308 EUTYCH.

3290 231 3427 294 1342

189 381 331 450 φῆς,
371 381 454 433 ὃτι
488 380 588 432 οὐκ
623 374 1018 446 ἐγκατελείφθη
1068 375 1100 442 ἠ
1151 371 1294 441 ψυχὴ
1338 364 1500 423 αὒτόὗ
1543 369 1621 428 εἰς
1657 364 1748 417 τδν

1894 370 1936 415 st
1956 359 2215 415 derelicta
2232 359 2413 412 anima
2441 356 2562 425 ejus
2590 352 2646 406 in
2668 349 2904 411 inferno,
2928 333 3268 412 neque‘taro
3296 337 3415 407 ejus

188 471 344 542 ᾅδην,
385 468 507 524 οὐδὲ
532 471 566 541 ἡ
604 468 737 538 σὰρξ
767 466 933 521 αὐτοῦ
964 464 1074 518 ῐδεν
1102 463 1419 531 διαφθοράν.

261 564 317 616 0.
370 562 458 625 Ὦς
499 563 778 629 πεφυκυῖα
820 558 914 610 τοῦ
971 554 1335 627 φθείρεσθαι,
1402 550 1539 621 πρὸς
1593 546 1754 601 αὐτὸν

189 647 365 717 εἶπον,
396 653 495 705 οὐκ
526 652 634 704 ῐδεν
664 647 995 717 διαφθοράνς
1028 647 1062 718 ἢ
1111 649 1157 700 εί
1207 646 1282 716 μὴ
1312 643 1491 708 τοῦτο,
1521 642 1751 710 ἀπόκρι-

190 761 300 800 ναι,

264 835 326 886 Α.
369 832 456 896 Ὠς
493 832 566 902 μὴ
603 833 901 900 πεφυκυῖα,
932 830 1095 893 εὐθὺς
1139 828 1273 899 μηδὲ
1309 824 1585 886 παντελῶς
1629 823 1760 875 ὑπο-

195 924 539 996 στειλάμενος
560 965 574 989 ,
613 924 739 992 ἔφη.

264 1100 327 1153 0.
360 1099 590 1161 Οὐκοῦν,
623 1099 829 1167 ἔλεγον,
860 1097 1025 1151 ταυτδ
1059 1096 1123 1166 δὴ
1173 1094 1329 1149 τοῦτο
1365 1094 1458 1148 καὶ
1504 1094 1629 1164 περὶ
1661 1091 1761 1159 τῆς

192 1189 372 1261 ψυχῆς
398 1190 609 1259 ἀνάγκη
651 1205 708 1242 σε
749 1189 962 1249 πάντως
989 1185 1272 1256 ὁμολογεῖν
1294 1200 1308 1215 ·
1338 1185 1469 1254 περὶ
1509 1184 1618 1253 γὰρ
1657 1184 1762 1250 ἀμ-

195 1283 318 1347 φοῖν
345 1281 704 1351 συνημμένως
729 1280 757 1332 ὁ
786 1280 1077 1349 προφήτης
1106 1279 1169 1331 ἐκ
1202 1273 1495 1347 προσώπου
1528 1274 1623 1326 τοῦ
1656 1274 1764 1325 Σω·

193 1372 362 1442 τῆρος
399 1370 759 1440 εὐχαριστῶν,
786 1370 846 1424 τὸ
889 1370 962 1440 μὴ
1008 1367 1504 1438 ἐγκαταλειφθῆναι
1532 1366 1632 1435 τὴν
1658 1365 1763 1434 ψυ-

194 1462 306 1534 χὴν
334 1460 499 1516 αὐτοῦ
524 1463 601 1522 είς
627 1460 720 1514 τὸν
743 1459 894 1532 ᾂδην,
932 1460 1067 1530 μηδὲ
1092 1459 1193 1530 τὴν
1227 1460 1402 1529 σάρκα
1432 1456 1596 1510 αὐτοῦ
1635 1456 1764 1508 ἰδεῖν

192 1549 491 1620 διαφθορὰν
515 1551 887 1620 ἀνεφώνησεν.

267 1665 332 1716 Δ.
366 1662 612 1753 Ιςαί-γὰρ
648 1662 713 1753 ei;
747 1664 840 1715 καὶ
872 1661 999 1753 περὶ
1021 1661 1118 1729 τῆς
1138 1656 1339 1729 ψυχῆς,
1370 1655 1496 1727 ἔφη,
1528 1656 1618 1709 τοῦ
1653 1659 1761 1710 Κυ-
1793 1695 1833 1753 Β

1857 453 1992 506 vidit
2019 451 2452 518 corruptionem.

1922 542 1986 598 0.
2019 542 2300 610 Tanquam
2330 549 2456 608 apta
2479 544 2608 591 nata
2638 533 2706 587 ad
2725 527 3158 597 corruptionem,
3191 520 3415 587 inquam

1854 652 1974 704 ego,
2009 650 2119 688 non
2156 608 2294 686 vidit
2337 621 2783 697 corruptionem?
2816 620 2925 673 Aut
2968 614 3014 669 si
3062 627 3173 666 non
3202 618 3287 663 cst
3320 608 3417 669 ita,

1857 726 2146 796 responde.

1926 818 1992 872 li.
2027 817 2306 885 Tanquam
2344 829 2450 867 non
2492 819 2617 879 apta
2655 813 2849 861 natura
2888 815 2995 854 von
3036 796 3177 850 vidit
3225 806 3414 846 corru-

1857 881 2379 980 ptionemxstatim
2448 900 2628 971 inquit
2671 898 2796 960 ille,
2850 890 2987 947 nihil
3034 900 3263 959 prorsus
3313 881 3419 935 du-

1858 1003 2060 1056 bitans.

1927 1093 1991 1147 0.
2029 1091 2218 1161 igitur,
2243 1088 2462 1156 inquam
2495 1099 2617 1153 ego,
2648 1081 2755 1134 hoc
2785 1078 2961 1146 ipsum
2993 1072 3419 1127 etiannnccesse

1858 1193 1941 1239 est
1963 1192 2014 1236 te
2037 1181 2106 1235 de
2129 1179 2309 1233 anima
2327 1189 2557 1246 prorsus
2582 1168 2832 1227 conﬁteri
2858 1184 2871 1219 :
2896 1165 2965 1219 de
2998 1162 3243 1228 utrisque
3273 1154 3419 1210 enim

1860 1274 2153 1342 coniuncte
2180 1268 2454 1336 Pmpheta
2481 1276 2551 1319 ex
2577 1275 2814 1333 persona
2849 1253 3151 1311 Salvatoris
3179 1262 3424 1318 pronun-

1863 1364 2020 1421 tiavit
2068 1361 2272 1433 gratias
2302 1373 2469 1428 agens
2492 1397 2506 1419 ,
2539 1352 2685 1424 quod
2739 1350 2920 1405 anima
2951 1347 3073 1413 ejus
3116 1357 3225 1396 non
3278 1349 3424 1394 esset

1861 1456 2050 1511 relicta
2080 1454 2136 1506 in
2171 1450 2406 1512 inferno,
2438 1460 2618 1515 neque
2651 1457 2779 1497 caro
2805 1441 2925 1508 ejus
2970 1435 3194 1489 vidisset
3235 1443 3423 1482 eorru-

1861 1547 2127 1617 ptionem.

1931 1659 1996 1713 H.
2026 1657 2212 1727 Atqui,
2242 1653 2441 1723 inquit,
2476 1650 2621 1703 idem
2652 1647 2719 1701 de
2754 1643 2935 1699 anima
2963 1635 3174 1693 Domini
3223 1631 3423 1687 dicam.

198 1752 316 1820 ρίου
375 1751 435 1803 τὸ
467 1751 581 1805 ἴσον
623 1750 833 1822 εἴποιμ’
868 1750 954 1815 ἂν,
998 1751 1081 1803 ὅτι
1116 1749 1278 1817 φύσιν
1329 1747 1428 1799 οὒκ
1482 1742 1625 1816 εἶχεν
1679 1749 1760 1810 εἰς

1894 1750 2009 1821 ,ιιοὰ
2037 1763 2146 1803 non
2182 1720 2423 1800 habebat
2465 1750 2715 1795 naturam
2744 1777 2759 1800 ,
2813 1742 2873 1787 ut
2915 1730 3322 1797 relinqueretur
3368 1720 3424 1773 in

191 1842 326 1912 ᾅδου
357 1841 803 1914 καταλιμπάνεσο
813 1860 892 1896 αι.

268 1956 330 2007 0.
370 1948 497 2023 'Ap.‘
542 1953 659 2016 οὖν,
708 1951 867 2022 ἔφην,
904 1950 1023 2004 οὐδὲ
1055 1953 1135 2013 εἰς
1167 1950 1258 2003 τδιν
1299 1949 1431 2020 ᾅδην
1466 1947 1632 2018 αὐτὴν
1664 1965 1762 2001 κα-

194 2043 659 2113 ταπεφοιτηκέναι
694 2042 957 2113 δώσομεν.

270 2157 334 2208 Δ.
355 2154 411 2205 ’0
431 2154 507 2218 δὲ,
533 2152 704 2206 Τοῦτο
732 2154 829 2221 μὲν
848 2155 947 2206 οὐκ
970 2152 1033 2206 ἂν
1063 2151 1375 2223 ἀρνηθείην,
1394 2132 1596 2219 ἔλεγεν,
1624 2168 1762 2221 κρασ-

196 2244 411 2300 τεῖσθαί
439 2261 502 2312 γε
540 2243 647 2313 μὴν
677 2243 739 2295 οὐ
769 2242 981 2312 πέφυκε
1016 2244 1382 2319 gratissimam

273 2362 334 2411 0.
373 2356 746 2426 Παραλλάττει
776 2353 927 2423 γοῦν,
954 2353 1113 2423 ἔφην,
1142 2352 1252 2406 τῶν
1276 2353 1558 2423 ἡμετέρων
1579 2351 1768 2421 ψυχῶν

201 2448 344 2504 κατὰ
377 2448 476 2517 τὴν
510 2445 675 2514 φύσιν
703 2449 737 2516 ἡ
766 2445 858 2498 τοῦ
886 2445 1095 2515 Κυρίου
1123 2444 1307 2515 ψυχῆς

271 2560 336 2613 Δ.
367 2561 483 2627 Οὐχ
522 2558 603 2611 ὅτι
634 2555 1019 2626 παραλλάττει,
1055 2557 1183 2626 ἔφη,
1213 2557 1329 2610 ἀλλ’
1361 2558 1441 2610 ὅτι
1469 2556 1546 2625 τῷ
1574 2556 1766 2625 Κυρίῳ

203 2649 649 2720 συγκεκραμένη,
678 2649 775 2717 τῆς
799 2647 890 2701 τοῦ
913 2647 1039 2718 ᾆδον
1065 2647 1305 2718 κατοχῆς
1339 2647 1644 2717 ὑψηλοτέρα
1672 2647 1766 2699 καὶ

204 2740 472 2814 κρείττων
507 2736 829 2808 ἐτύγχανεν.

275 2856 339 2909 0.
385 2851 616 2914 Οὐκοῦν,
653 2850 813 2920 ἔφην,
841 2849 901 2902 οὐ
935 2846 1022 2902 διὰ
1045 2846 1142 2917 τὴν
1176 2846 1377 2916 ἑαυτῆς
1419 2842 1579 2913 φύσιν
1612 2841 1770 2909 (ταύ-

202 2958 306 3012 την
328 2939 437 3013 γὰρ
465 2941 655 3011 ὁμοίαν
693 2937 839 3008 εἶχεν
884 2941 1001 3001 ταῖς
1029 2938 1213 3000 ἄλλαις
1256 2936 1490 2996 ἁπάσαις
1521 2931 1765 3004 ψυχαῖς),

1746 1892 1758 1903 .
1864 1843 2104 1898 inferno.

1930 1956 1997 2011 0.
2027 1954 2196 2024 igitur
2221 1992 2235 2015 ,
2271 1951 2492 2017 inquam
2528 1945 2644 2014 ipse
2669 1982 2683 2005 ,
2735 1953 2835 1993 nec
2881 1935 2944 1990 ad
2996 1931 3270 1985 infernum
3304 1940 3425 1978 eam

1865 2044 2215 2103 descendisse
2256 2037 2639 2096 conccdcmus.

1935 2158 2001 2212 H.
2029 2154 2143 2208 Hoc
2171 2166 2322 2215 vero,
2357 2147 2535 2217 inquit
2565 2145 2673 2200 iiie.
2724 2156 2832 2194 non
2869 2131 3203 2205 negaverim,
3236 2140 3427 2180 verum

1867 2258 1928 2305 ut
1956 2254 2240 2303 teneretur
2261 2242 2360 2305 ibi,
2385 2257 2497 2295 non
2532 2238 2637 2291 fuit
2658 2244 2783 2303 apta
2816 2229 3056 2300 penitus.

1935 2360 1998 2416 0.
2027 2358 2223 2413 Diﬂ'ert
2243 2354 2428 2424 igitur,
2457 2352 2565 2412 aio,
2587 2348 2655 2401 ab
2681 2342 2878 2399 animis
2900 2338 3104 2394 nostris
3126 2328 3429 2389 secundum

1866 2460 2117 2505 naturam
2143 2446 2323 2501 anima
2351 2441 2579 2497 Christi.

1938 2560 2003 2614 li.
2052 2558 2172 2613 Non
2202 2555 2331 2624 quia
2369 2552 2551 2605 diﬂert
2574 2590 2587 2609 ,
2646 2545 2825 2614 inquit
2864 2543 2956 2596 ille
2979 2581 2994 2603 ,
3028 2538 3119 2593 sed
3154 2537 3281 2605 quia
3315 2541 3441 2586 erat

1868 2652 2020 2707 unita
2045 2648 2298 2711 Domino,
2327 2659 2436 2699 non
2471 2651 2685 2712 poterat
2714 2638 2769 2691 in
2810 2633 3004 2689 inieris
3029 2628 3287 2685 detineri.

1937 2849 2001 2904 0.
2038 2848 2157 2902 Non
2192 2845 2378 2914 igitur,
2413 2840 2526 2895 dixi
2553 2855 2674 2909 ego,
2719 2844 2948 2906 propter
2976 2841 3226 2885 naturam
3256 2842 3432 2882 suam.

1869 2943 2013 2995 hanc
2035 2938 2183 2992 enim
2211 2935 2443 2990 similem
2476 2931 2690 2986 caeteris
2727 2927 2986 2982 omnibus
3029 2921 3227 2976 animis
3264 2918 3440 2972 habe-

207 3006 460 3089 enisis
624 3029 718 3084 τοῦ
746 3006 931 3098 λόγου
969 3029 1219 3099 θεότητα,
1276 3027 1396 3098 μεθ’
1429 3021 1495 3098 ἧς
1543 3028 1637 3079 καὶ
1687 3027 1765 3087 εἰς

1894 3039 2002 3096 tat;
2053 3027 2149 3085 sed
2192 3031 2413 3095 propter
2450 3020 2793 3075 divinitatem
2818 3015 3025 3078 Verbi,
3073 3026 3197 3067 cum
3232 3023 3337 3077 qua
3368 3006 3439 3060 ad

206 3129 337 3198 ᾅδου
402 3125 810 3195 καταϐέϐηκεν,
858 3122 940 3178 οὗ,
967 3120 1068 3198 τοῦΔ
1112 3119 1428 3190 κρατεῖσθαι
1483 3118 1640 3187 μόνον
1684 3116 1771 3180 ἐξ·

204 3196 398 3289 ⁵ᾕρητο,
426 3216 561 3269 ἀλλὰ
588 3215 682 3267 καὶ
707 3213 815 3266 τῶν
844 3213 1024 3265 ἐκεῖσε
1062 3196 1513 3279 κεκρατημένων,
1544 3208 1639 3261 καὶ
1676 3226 1773 3261 m-

212 3309 552 3361 στευσάντων
589 3303 758 3374 αὐτῷ,
794 3302 862 3356 τὰ
900 3302 1075 3373 δεσμὰ
1111 3301 1352 3354 λέλυκεν.

278 3400 345 3453 Δ.
382 3396 567 3459 Οὕτως
601 3390 752 3448 εἶπεν
783 3393 950 3463 ἔχειν.

283 3513 347 3566 0.
378 3511 457 3564 Τὰ
505 3507 862 3578 παραπλήσια
909 3506 987 3567 δὲ,
1022 3503 1131 3572 ἐγὼ
1160 3499 1315 3556 εἷπον
1339 3545 1353 3567 ,
1383 3502 1479 3555 καὶ
1523 3501 1648 3571 περὶ
1677 3502 1781 3570 τῆς

216 3602 416 3672 σαρκὸς
443 3600 536 3653 τοῦ
578 3599 786 3669 Κυρίου
828 3600 968 3650 νοεῖν
1002 3596 1239 3662 ἔξεστιν·
1271 3596 1355 3648 ὅτι
1388 3596 1514 3648 ὅσον
1551 3593 1651 3663 μὲν
1684 3592 1777 3645 ἐπὶ

213 3693 291 3765 τῷ
314 3695 544 3763 ὁμοφυεί
568 3664 680 3757 τῆς.
705 3688 907 3759 σαρκὸς
943 3687 1140 3744 αὑτοῦ.
1173 3685 1310 3756 πρὸς
1334 3685 1401 3738 τὰ
1430 3686 1541 3738 τῶν
1574 3664 1776 3737 λοιττῶν

216 3785 516 3856 ἀνθρώπων
547 3782 792 3852 σώματα,
821 3779 1009 3850 ὥσπερ
1038 3776 1319 3847 τέθνηκεν,
1350 3774 1495 3828 οὕτω
1519 3767 1613 3829 καὶ
1635 3774 1775 3842 φθα-

214 3880 375 3949 ρῆναι
404 3875 650 3947 ⁴ἠδύνατο·
679 3874 740 3926 τὸ
768 3873 824 3925 δὲ
861 3871 938 3941 μὴ
968 3867 1243 3940 ἐφθάρθαι
1272 3868 1426 3930 αὐτὸ,
1455 3868 1517 3920 οὐ
1547 3869 1648 3935 τῆς
1675 3866 1779 3935 φύ-

220 3984 355 4029 σεως
402 3965 502 4035 τὴν
555 3961 911 4033 παραλλαγὴν
956 3959 1249 4023 δείκνυσιν,
1301 3956 1435 4010 ἀλλὰ
1481 3957 1580 4025 τῆς
1631 3956 1780 4020 θείας

220 4057 392 4126 ῥοπῆς
437 4056 535 4124 τὴν
569 4053 840 4119 πανσθενῆ
870 4068 930 4104 τε
985 4050 1080 4103 καὶ
1125 4049 1453 4119 δραστήριον
1509 4047 1776 4116 δύναμιν·

218 4149 404 4216 ὥσπερ
430 4145 499 4199 αὖ
522 4144 616 4197 καὶ
646 4143 708 4195 τὸ
734 4143 827 4195 ἐπὶ
864 4140 1133 4208 πελάγους
1161 4138 1432 4202 πεζεύειν,
1464 4139 1524 4192 οὐ
1550 4138 1781 4208 δήλωσις

217 4236 286 4307 ἦν
327 4238 429 4306 τῆς
463 4234 677 4305 φύσεως
707 4232 800 4285 τοῦ
845 4230 1117 4301 σώματος,
1172 4230 1307 4283 ἀλλὰ
1361 4231 1648 4300 γνώρισμα
1679 4228 1781 4299 τῆς

1871 3120 2076 3187 inferos
2106 3115 2413 3177 descendit,
2440 3128 2550 3166 non
2583 3110 2760 3164 solum
2808 3122 2877 3160 ne
2921 3103 3093 3178 teneri
3123 3109 3327 3170 posset,
3372 3096 3449 3150 lis

1870 3215 2001 3269 bera
2034 3209 2157 3276 fuit,
2187 3206 2284 3262 sed
2307 3220 2498 3259 eorum
2530 3202 2624 3271 qui
2658 3200 2770 3254 illic
2808 3195 3136 3252 tenebantur
3167 3200 3223 3246 et
3254 3188 3444 3244 credis

1872 3306 2074 3360 derunt
2106 3303 2181 3365 ei,
2210 3298 2425 3358 vincula
2458 3293 2656 3349 solvit.

1945 3397 2010 3451 H.
2048 3395 2160 3457 Sic,
2194 3391 2394 3461 inquit,
2428 3386 2621 3442 habet.

1946 3508 2009 3565 0.
2052 3506 2285 3569 Similia,
2318 3487 2536 3571 inquam
2559 3514 2680 3570 ego,
2714 3496 2780 3550 de
2801 3508 2967 3551 carne
2993 3490 3209 3547 Domini
3237 3487 3444 3541 intelli-

1875 3615 2004 3671 gere
2036 3600 2203 3663 licet;
2230 3595 2380 3665 quod
2400 3593 2638 3655 scilicet,
2670 3595 2939 3659 quantum
2968 3584 3164 3637 attinet
3188 3580 3252 3634 ad
3290 3578 3444 3633 simi-

1875 3691 2167 3746 litudinem
2221 3685 2404 3741 carnis
2451 3684 2572 3752 ejus
2604 3696 2731 3734 cum
2770 3678 3107 3746 reliquorum
3161 3671 3450 3724 hominum

1877 3779 2224 3850 corporibus,
2252 3775 2394 3831 sicut
2431 3780 2686 3827 mortuus
2718 3760 2824 3832 est,
2859 3769 2941 3821 sic
2974 3766 3138 3819 etiam
3166 3759 3445 3826 corrumpi

1875 3849 2075 3943 potuit.
2121 3867 2242 3921 Non
2286 3864 2455 3919 fuisse
2493 3871 2673 3916 tamen
2700 3864 3027 3924 corruptum
3073 3866 3183 3905 non
3220 3849 3453 3902 demon-

1879 3970 2015 4018 strat
2057 3959 2417 4015 mutationem
2468 3963 2715 4013 naturae,
2767 3949 2866 4004 sed
2918 3945 3351 4012 omnipotentem
3392 3947 3449 3993 et

1878 4053 2150 4111 elﬁca'cem
2180 4050 2443 4104 virtutem
2466 4044 2638 4100 divini
2676 4049 2845 4095 nutus
2866 4045 2924 4092 et
2964 4032 3265 4088 voluntatis
3298 4048 3312 4083 :
3344 4028 3451 4083 sic-

1880 4145 1962 4199 uti
2024 4140 2238 4213 ingredi
2264 4137 2499 4208 pedibus
2529 4146 2697 4202 super
2724 4144 2874 4184 mare
2900 4142 3013 4181 non
3031 4123 3134 4177 fuit
3152 4117 3457 4175 declaratio

1880 4246 2110 4299 naturae,
2143 4232 2239 4288 sed
2267 4228 2533 4285 indicium
2583 4219 2914 4279 divinitatis.
2959 4218 3138 4282 Quare
3168 4219 3453 4267 mortuum

219 4303 504 4396 θεότητος)
537 4323 677 4377 ὥστε
704 4326 765 4376 τὸ
799 4323 898 4393 μὲν
935 4320 1278 4390 τεθνηκέναι.
1313 4322 1410 4391 τῆς
1441 4321 1654 4388 φύσεως
1681 4320 1774 4373 τοῦ

275 4417 288 4434 .
553 4418 601 4434 η
703 4433 712 4434 ,
768 4414 817 4434 -λ
872 4413 920 4434 ει
985 4411 1054 4434 --.1.
1117 4411 1380 4434 1--n.'_-n_-
1456 4412 1577 4434 -Lx
1684 4415 1774 4434 -2-

1894 4327 2107 4398 quidem
2139 4338 2263 4379 esse
2303 4317 2584 4390 proprium
2623 4314 2728 4368 fuit
2752 4318 2967 4366 natura:
3000 4303 3284 4375 corporis;
3331 4315 3457 4354 cor.

1994 4427 2101 4434 ἠ’
2153 4427 2280 4434 “““
2332 4424 2442 4434 “¹““
2511 4406 2679 4434 θηῖιυυι
2785 4398 3088 4434 ηηὶοηιῖτιηὶ
3148 4391 3457 4434 Αἰνίιιίιηιίς

222 4391 513 4487 σώματος,
553 4418 715 4470 ἴδιον⁸
764 4391 825 4466 τό
868 4413 924 4465 δὲ
978 4411 1057 4482 μὴ
1114 4411 1384 4482 ἐφθάρθαι
1450 4412 1617 4478 αὐτὸ,
1683 4415 1774 4479 τῆς

1894 4427 2109 4487 ruptum
2153 4427 2285 4467 vero
2332 4424 2445 4465 non
2510 4406 2718 4471 fuisse,
2785 4398 3088 4473 potentiam
3148 4391 3461 4449 divinitatis.

223 4509 477 4578 θεότητος
531 4506 628 4577 τὴν
676 4505 910 4573 δύναμιν
939 4502 1247 4572 σημαίνειν.

290 4625 355 4673 Δ.
387 4619 575 4682 Οὕτως
618 4617 762 4687 ἔχειν
790 4616 886 4670 καὶ
913 4612 1075 4677 αὐτὸς
1099 4610 1275 4683 οἶμαι.

293 4712 356 4764 0.
387 4708 499 4761 Καὶ
545 4707 599 4760 τί
641 4707 706 4775 δή
736 4723 867 4758 ποτε
891 4745 907 4768 ,
941 4704 1078 4773 πρὸς
1121 4701 1284 4757 αὑτὸν
1324 4697 1477 4754 εἷπον
1501 4740 1517 4764 ,
1569 4702 1786 4769 Ὀρθῶς

1885 4503 2250 4578 signiﬁcabat.

1960 4621 2025 4676 Η.
2066 4618 2178 4682 Sic,
2214 4614 2412 4684 inquit,
2453 4620 2509 4667 et
2555 4610 2686 4679 ipse'
2711 4604 2927 4673 opinor.

1954 4713 2018 4767 0.
2049 4708 2190 4777 Quid
2218 4722 2372 4775 ergo,
2405 4707 2627 4773 inquam
2657 4713 2757 4767 ego
2798 4694 2900 4760 illi,
2947 4692 3078 4748 Cum
3119 4699 3256 4744 recte
3278 4688 3457 4757 oﬁ’ers.

222 4799 601 4869 προσφέρων,
640 4773 725 4867 μὴ
757 4795 942 4864 ὀρθῶς
972 4793 1071 4848 καὶ
1097 4790 1380 4861 ὃιαφεῖς;
1414 4790 1558 4845 κατὰ
1596 4792 1658 4850 τὸ
1697 4792 1774 4845 λό-

1894 4818 1991 4855 non
2026 4773 2161 4852 recte
2202 4773 2386 4850 dividis
2413 4793 2438 4845 Ξ)
2468 4799 2530 4845 ut
2571 4789 2650 4843 ait
2674 4787 2956 4854 Scriptura
2981 4782 3026 4814 ³⁷
3057 4797 3070 4832 :
3107 4777 3304 4832 tribuis
3332 4773 3458 4843 qui-

225 4908 363 4957 γιον,
397 4889 680 4953 ἀποδιδοὺς
728 4891 793 4958 τῇ
834 4886 996 4958 σαρκὶ
1046 4885 1146 4957 μὶν
1195 4884 1266 4938 τὰ
1291 4885 1390 4955 τῆς
1437 4884 1673 4952 φύσεως,
1720 4884 1774 4937 τό

1894 4892 2015 4946 dem
2043 4887 2195 4943 carni
2226 4895 2348 4950 qua:
2390 4890 2605 4936 natura:
2647 4884 2815 4938 sunt;
2842 4887 2965 4942 qua:
2992 4882 3125 4923 vero
3158 4878 3325 4933 supra
3351 4876 3454 4916 na-

223 4982 279 5035 δὲ
311 4980 450 5050 ὑπὲρ
478 4980 647 5051 αὐτὴν
676 4981 742 5049 τῇ
774 4981 1070 5050 ἀπορρήτῳ
1105 4976 1200 5031 τοῦ
1231 4977 1404 5043 Λόγου
1435 4975 1529 5029 καὶ
1551 4976 1787 5046 ὕπερον-

228 5075 329 5143 σίῳ
356 5073 609 5143 δυνάμει.
641 5070 829 5143 Ταύτῃ
863 5072 973 5141 γὰρ
1008 5072 1109 5141 ἔσῃ
1134 5073 1228 5122 καὶ
1268 5069 1368 5138 τὴν
1392 5068 1502 5122 τῶν
1526 5069 1786 5140 ἀνωτέρω

227 5162 408 5233 ῥητῶν
432 5162 736 5232 διαφωνίαν
777 5161 1209 5229 ἑπιλυσάμενος,
1252 5161 1348 5212 καὶ
1382 5159 1484 5227 τῆς
1527 5160 1787 5229 ἀληθείας

225 5252 607 5324 καταστοχάσῃ
628 5268 644 5282 ο
677 5249 1033 5318 συνειλῆφθαι
1082 5250 1181 5319 μὲν
1215 5250 1377 5324 αὐτόν
1416 5251 1474 5302 ὲν
1512 5253 1631 5312 ταῖς
1667 5249 1787 5302 δια·-

228 5317 649 5411 φθοραῖςγημῶν
687 5341 749 5393 τὸ
789 5317 1092 5410 πεφυκέναι
1118 5317 1328 5406 λέγων,
1362 5341 1454 5394 καὶ
1485 5340 1787 5410 κατεληλυ-

233 5429 382 5485 θέναι
411 5435 491 5497 εἰς
514 5431 832 5502 διαφθορὰν,
859 5434 916 5483 ὲν
942 5434 1055 5496 τοῖς
1101 5434 1448 5504 φθοροποιοίς
1497 5433 1788 5502 γενόμενον

299 5603 345 5639 ³⁷
373 5603 509 5660 Gen.
556 5621 627 5670 iv,
657 5606 687 5658 7
713 5620 822 5661 sec.
858 5606 1014 5660 LXX.

1894 4991 2072 5035 turam
2099 4985 2248 5037 sunt,
2278 4972 2534 5044 potentia:
2558 4967 2722 5024 Verbi
2753 4980 2874 5035 qua:
2899 4976 3062 5030 supra
3091 4953 3454 5013 substantiam

1892 5072 2023 5128 est?
2045 5069 2161 5123 Hoc
2183 5067 2331 5122 enim
2366 5062 2529 5117 modo
2563 5057 2912 5128 superiorum
2936 5051 3320 5125 auctoritatum
3345 5045 3458 5099 dis-

1891 5155 2230 5228 crepantiam
2271 5153 2451 5207 solves
2472 5190 2486 5215 ,
2530 5157 2586 5204 et
2618 5147 2904 5202 veritatem
2930 5139 3244 5209 assequeris
3270 5153 3281 5188 :
3308 5150 3458 5189 com-

1894 5250 2229 5321 prehensum
2268 5242 2491 5313 quidem
2525 5254 2646 5293 esse
2680 5239 2737 5292 in
2766 5230 3219 5303 corruptionibus
3252 5225 3457 5280 nostris

1893 5319 2232 5411 significabat
2274 5332 2421 5403 quod
2449 5339 2658 5386 natura:
2682 5329 2897 5383 inerat:
2930 5319 3284 5381 descendisse
3326 5331 3456 5368 vero

1894 5435 1950 5489 in
1980 5426 2432 5498 corruptionem,
2494 5418 2833 5493 significabat
2880 5414 3098 5471 venisse
3137 5409 3206 5465 ad
3235 5408 3355 5462 loca
3398 5415 3456 5460 et
