3912 6298
135 351 308 415 13ίῦ

1235 344 1534 410 CONTRA
1566 348 1888 409 NESTOR.
1927 352 2022 412 ET
2059 352 2378 415 EUTYCH.
2481 377 2499 388 ο

3303 364 3437 431 1346

128 460 448 527 λοιώσεως
480 463 668 532 σαφῶς
717 462 783 515 ὲκ
820 459 930 514 τῶν
956 443 1137 513 ίθείων
1181 458 1414 529 Γραφῶν
1446 456 1726 527 δεδομένης

1859 459 2096 527 ratione,
2119 464 2432 541 accretione
2457 473 2511 520 et
2530 465 2934 532 immutatione,
2965 485 3276 538 quaeramus
3307 477 3433 529 reli-

129 554 450 625 ζητοῦμεν
484 555 579 609 καὶ
607 554 705 615 τὰς
729 554 926 617 λοιπὰς
957 551 1241 621 συζυγίας,
1269 553 1323 605 εἴ
1344 569 1407 620 γε
1438 553 1531 605 καὶ
1553 552 1757 614 ταύτας

133 643 321 698 εστιν
351 647 409 697 ὲν
441 648 553 708 τοῖς
589 645 755 707 θείοις
781 643 985 712 λογίοις
1019 645 1224 715 εὑρεῖν.

219 737 303 789 Α.
340 736 448 788 Τοῦ
496 735 771 799 ἐντεῦθεν,
809 735 939 806 ἔφη,
974 733 1534 804 κατασκευαζομένου
1581 734 1759 803 συνίη-

120 841 245 895 ,μιο
287 828 393 895 τὴν
431 826 540 896 γὰρ
575 829 952 896 μεταϐατικὴν
986 825 1433 896 ὁμολογουμένην
1463 825 1627 894 ἔχων,
1660 824 1757 895 τὴν

122 917 273 971 ,ἀπὸ
305 917 490 970 τόπων
517 920 599 980 εἰς
628 917 828 980 τόπους
867 917 962 969 τοῦ
1007 917 1215 988 Κυρίου
1251 917 1488 987 κίνησιν,
1522 918 1592 970 τὰ
1627 919 1756 987 περὶ

125 1007 457 1078 ’μειώσεως
487 1010 584 1079 καὶ
620 1009 829 1080 φθορᾶς
861 1009 1241 1062 ἀποδεικνύειν
1265 1006 1592 1080 ἐπιχειρεῖς,
1620 1010 1756 1079 ὅπερ

138 1098 263 1151 οῦκ
291 1097 386 1163 ἂν,
410 1097 486 1161 ῶς
518 1100 583 1166 γέ
619 1116 711 1169 μοι
739 1099 910 1164 δοκεῖ,
934 1102 1328 1177 συμπερανεῖς.

224 1190 307 1243 Ο.
354 1188 565 1258 Ὀρθῶς
614 1190 717 1259 μὲν
749 1190 948 1257 λέγεις,
981 1178 1049 1259 ἦν
1077 1191 1122 1242 δ’
1155 1190 1286 1258 ἐγὼ,
1316 1189 1454 1260 πρὸς
1482 1189 1581 1261 τὴν
1613 1191 1754 1260 ἡμε-

140 1278 340 1349 τέραν
371 1278 657 1332 ἀσθένειαν
707 1278 950 1349 ἀφορῶν,
989 1280 1020 1349 ή
1062 1278 1120 1331 δέ
1163 1295 1227 1347 γε
1263 1279 1493 1349 ἀλήθεια
1529 1296 1753 1349 συμμα-

142 1370 415 1441 χουμένη
447 1372 728 1440 συμμαχεῖ
744 1373 860 1433 τοῖς
898 1370 1331 1440 ,ύπερμαχοῦσιν
1373 1370 1562 1441 αὐτῆς.
1597 1375 1754 1424 Δοκεῖ

146 1475 246 1512 σοι
282 1455 382 1512 οὖν
424 1459 485 1512 τὸ
523 1462 717 1529 πεινῇν
756 1476 816 1511 τε
869 1457 966 1512 καὶ
1009 1458 1205 1528 διψῇν,
1241 1456 1498 1528 βρώσεώς
1542 1473 1603 1509 τε
1654 1457 1751 1510 καὶ

144 1553 386 1615 πόσεως
425 1551 611 1620 ἔφεσις
642 1547 780 1605 εἶναι
805 1567 821 1617 ;

229 1646 280 1696 Α
293 1682 308 1697 .
336 1645 515 1707 Δοκεῖ,
553 1643 681 1713 ἔφη.

226 1736 303 1790 Ο.
332 1735 658 1805 Συμὸαίνειν
685 1734 742 1788 δὲ
768 1734 869 1798 τὰς
890 1734 1129 1804 ἐφέσεις,
1152 1735 1213 1788 οὐ
1244 1734 1372 1805 περὶ
1388 1734 1487 1798 τὰς
1517 1734 1744 1800 ἐνδείας,

143 1828 326 1895 ἔφην,
359 1825 675 1896 ὑπείληφας
698 1844 713 1892 ;

224 1921 302 1973 Δ.
339 1917 485 1969 Ναί·
517 1917 570 1970 τί
610 1919 718 1989 γάρ
748 1921 894 1972 ἐστιν
936 1919 1122 1989 ἕτερον
1167 1917 1368 1989 ὄρεξις,
1410 1918 1443 1987 ἢ
1480 1918 1744 1988 ἐπιθυμία

142 1994 255 2064 τοῦ
312 2008 682 2078 ἐλλείποντος,
732 2011 870 2082 πρὸς
920 2010 1309 2081 ἀναπλήρωσιν
1349 2009 1445 2062 τοῦ
1474 2009 1744 2080 ύπεκρεύ-

144 2121 360 2166 σαντος
378 2120 393 2168 ;

226 2195 299 2248 Ο.
335 2193 613 2248 Κάλλιστά
649 2208 711 2260 γε
762 2190 852 2244 τὸν
898 2190 996 2261 τῆς
1030 2186 1434 2261 όρέξεωςόρον
1470 2189 1741 2243 ἀποδέδω-

139 2301 288 2348 κας·
315 2288 409 2337 καὶ
437 2285 549 2355 γὰρ
572 2283 667 2336 καὶ
695 2284 724 2335 ό
754 2281 926 2353 μέγας
956 2279 1256 2342 Βασίλειος,
1293 2281 1548 2350 πεινῆσαι
1588 2280 1741 2347 λέγει

138 2377 246 2433 τὸν
277 2376 504 2446 Κύριον,
538 2375 642 2445 τῆς
676 2376 901 2443 στερεᾶς
928 2372 1078 2444 αὐτῷ
1111 2373 1324 2443 τροφῆς
1354 2371 1741 2425 διαπνευσθεξ-

137 2484 260 2537 9ης
297 2466 356 2518 ἐν
392 2466 470 2536 τῷ
501 2465 747 2534 σώματι*
781 2465 877 2518 καὶ
905 2464 972 2518 τὰ
1018 2463 1112 2516 ἐπὶ
1140 2465 1352 2525 τούτοις
1398 2462 1587 2530 σαφῶς
1618 2460 1740 2513 ἐπί-

141 2575 380 2612 στασαι.
408 2557 618 2609 ’Ύπνου
648 2556 703 2608 δὲ
735 2555 999 2625 συστολὴν
1020 2556 1118 2625 οὐχ
1141 2556 1327 2627 ἕτερον
1355 2554 1620 2623 ὑπάρχειν
1640 2569 1742 2621 φα-

70 2640 75 2644 ’
146 2649 283 2720 μὲν,
338 2647 371 2719 ἢ
421 2647 515 2700 τοῦ
555 2646 875 2715 αἰσθητικοῦ
912 2643 1222 2714 πνεύματος
1262 2644 1512 2698 ἀτονίανο
1542 2646 1600 2695 ὲν
1630 2644 1740 2714 γὰρ

141 2741 372 2802 τούτοις
401 2738 540 2791 ἐνδεῖ
567 2738 662 2790 καὶ
697 2734 943 2807 μειοῦται
966 2735 1033 2789 τὰ
1061 2737 1161 2805 τῆς
1190 2735 1427 2804 φύσεως,
1453 2735 1547 2787 καὶ⁴
1568 2735 1738 2788 δεῖται

142 2833 335 2893 ὕπνου
368 2831 466 2901 μὲν
506 2831 584 2891 είς
613 2827 674 2880 τὸ
711 2826 1121 2897 ἀνακτήσασθαι
1149 2827 1250 2895 τὴν
1282 2826 1521 2896 ζωτικὴν
1554 2844 1611 2879 τε
1646 2828 1739 2881 καὶ

145 2920 492 2989 αἰσθητικὴν
523 2919 755 2986 δύναμιν
775 2931 790 2947 °
834 2918 1072 2980 ἀνέσεως
1099 2916 1176 2982 δὲ,
1203 2917 1292 2970 ἵνα
1319 2917 1666 2986 χαλασϐῶσιν
1688 2919 1736 2970 οἱ

141 3017 304 3071 τόνοι
334 3011 441 3063 τῶν
465 3013 574 3062 εῐτε
601 3009 797 3073 ποδῶν,
829 3010 939 3061 εἴτε
971 3011 1188 3079 χειρῶν,
1212 3009 1322 3061 εἴτε
1357 3011 1451 3062 καὶ
1487 3010 1608 3062 ὅλου
1642 3008 1736 3063 τοῦ

1860 568 2000 622 quas
2024 556 2461 627 coniugationes,
2489 565 2671 612 utrum
2703 573 2796 613 eas
2823 557 2965 613 forte
2985 560 3041 614 in
3058 560 3264 618 divinis
3284 567 3374 620 Scr
3392 584 3436 620 ι-

1834 648 2043 715 ‘pturis
2067 648 2314 717 reperire
2347 648 2642 717 possimus.

1928 737 1997 791 Η.
2031 737 2223 793 Sentio
2241 725 2403 810 ‘quid
2448 740 2578 795 hinc
2625 741 2842 796 eilicere
2889 743 3047 797 velis.
3099 742 3237 799 Cum
3283 747 3430 801 enim

1858 829 2066 885 habeas
2087 846 2411 887 concessum
2449 842 2660 887 motum
2689 833 2905 887 Domini
2945 850 2976 888 a
3009 834 3151 890 locis
3193 836 3248 890 in
3288 838 3430 903 loca,

1857 924 2074 978 conaris
2110 925 2495 981 demonstrare
2517 925 2584 981 de
2612 927 3005 981 extenuatione
3039 935 3095 980 et
3120 931 3433 999 corruptio-

1856 1032 1926 1071 ne
1955 1034 1969 1071 :
2008 1018 2157 1086 quod
2187 1035 2492 1089 nunquam,
2530 1028 2590 1074 ut
2618 1021 2755 1074 mihi
2780 1021 3002 1091 quidem
3027 1022 3270 1090 videtur,
3294 1040 3431 1081 con--

1856 1107 2064 1160 eludes.

1924 1197 1987 1252 Ο.
2024 1199 2192 1253 Recte
2216 1199 2460 1268 quidem,
2492 1201 2714 1270 inquam
2742 1218 2877 1274 ego,
2929 1204 3067 1259 dicis
3098 1205 3320 1261 intuens
3375 1211 3429 1262 ln

1854 1303 2032 1343 meam
2060 1289 2459 1345 inﬁrmitatem.
2503 1294 2573 1346 At
2614 1295 2819 1349 veritas
2850 1297 3035 1366 adjuta
3077 1297 3301 1368 adjuvat
3332 1314 3431 1353 eos

1853 1380 1949 1449 qui
2001 1395 2121 1434 eam
2176 1380 2503 1436 defendunt.
2540 1382 2713 1454 Igitur
2747 1386 3040 1441 videturne
3069 1389 3170 1442 tibi
3216 1391 3429 1444 esurire

1853 1478 1909 1524 et
1931 1470 2106 1536 sitire,
2137 1486 2258 1526 esse
2283 1472 2393 1527 cibi
2423 1483 2479 1528 et
2508 1474 2754 1543 potionis
2780 1477 3097 1546 appetitus?

1923 1646 1988 1700 Η.
2024 1647 2277 1712 Videtur,
2329 1650 2531 1720 inquit.

1920 1736 1984 1791 Ο.
2020 1737 2209 1794 Solere
2239 1750 2422 1796 autem
2443 1757 2565 1797 esse
2586 1745 2864 1814 appetitus
2884 1762 3075 1802 earum
3100 1765 3285 1805 rerum
3303 1741 3426 1822 qua)

1848 1825 2068 1891 desunt,
2096 1844 2278 1883 annon
2309 1842 2492 1900 putas,
2534 1831 2758 1902 inquam
2780 1837 2805 1889 ?

1919 1918 1982 1971 H.
2009 1920 2265 1976 Maxime.
2286 1922 2431 1989 Quid
2458 1925 2606 1978 enim
2633 1926 2785 1981 aliud
2813 1934 2899 1982 est
2934 1930 3234 1998 appetitus,
3256 1948 3420 2001 quam

1845 2007 2123 2076 cupiditas
2144 2012 2269 2080 ejus
2295 2012 2442 2081 quod
2484 2012 2678 2079 deest,
2730 2016 2798 2070 ad
2852 2018 3220 2086 supplendum
3272 2023 3420 2090 quod

1830 2098 2174 2156 .eﬂluxerat?

1897 2177 1977 2244 Ὀ.
2014 2190 2272 2257 Pulchre,
2319 2193 2564 2264 inquam,
2592 2197 2896 2266 appetitum
2937 2198 3198 2255 definisti.
3235 2202 3421 2272 Siqui-

1843 2281 1968 2336 dem
1994 2298 2223 2354 magnus
2241 2284 2479 2342 Basilius
2505 2287 2742 2345 esurisse
2762 2288 2896 2345 dicit
2912 2290 3223 2353 Dominum,
3245 2295 3422 2349 solido

1842 2373 1969 2429 cibo
2011 2365 2116 2443 ipsi
2167 2375 2419 2431 exhalato
2451 2378 2507 2431 in
2539 2394 2805 2448 corpore;
2859 2392 2915 2435 et
2943 2397 3065 2451 quas
3112 2395 3422 2453 sequuntur

1842 2464 2135 2533 perspicue
2166 2467 2335 2521 nosti.
2369 2467 2576 2523 Somno
2619 2480 2806 2525 autem
2849 2473 3055 2543 corripi
3096 2473 3233 2527 nihil
3270 2476 3419 2531 aliud

1842 2571 1963 2611 esse
2011 2557 2271 2621 dicimus,
2302 2576 2467 2630 quam
2502 2562 2825 2633 languidum
2855 2576 2911 2621 et
2956 2567 3244 2621 remissum
3297 2563 3422 2623 esse

1842 2644 2098 2714 spiritum
2150 2649 2503 2714 sentientem,
2533 2650 2677 2704 sicut
2723 2661 2779 2706 et
2809 2652 3257 2724 defatigationem
3298 2672 3420 2711 esse

1842 2737 2221 2791 musculorum
2252 2749 2307 2793 et
2334 2755 2633 2796 nervorum
2663 2742 2888 2797 nimiam
2921 2746 3299 2801 extensionem
3322 2748 3421 2807 :,in

1842 2828 1930 2883 his
1963 2830 2110 2883 enim
2146 2846 2209 2885 ea
2249 2848 2371 2901 qua:
2396 2842 2607 2889 natura:
2636 2845 2803 2900 sunt,
2836 2837 3104 2893 deﬁciunt
3135 2848 3191 2893 et
3235 2839 3420 2895 immio

1841 2929 2127 2987 nuuntur;
2161 2930 2217 2976 et
2237 2923 2485 2992 indigent
2503 2940 2697 2979 somno
2724 2927 2946 2995 quidem
2964 2931 3032 2983 ad
3062 2933 3418 2987 recreandum

1839 3012 2063 3067 vitalem
2100 3022 2155 3068 et
2185 3015 2518 3070 sentientem
2558 3019 2866 3087 virtutem;
2917 3023 3241 3079 remissione
3262 3041 3418 3091 vero,

144 3102 414 3171 σώματος
448 3100 506 3166 ἐξ
545 3098 855 3167 ὁδοιπορίας
902 3097 1067 3162 τινὸς,
1116 3098 1149 3168 ἢ
1189 3100 1289 3165 τῆς
1322 3101 1544 3169 περὶτὰ
1571 3100 1726 3153 λοιπᾶ

1858 3115 1901 3159 ιι
1944 3104 2298 3160 remittantur
2329 3109 2717 3167 contentiones
2744 3113 2859 3168 sive
2890 3114 3116 3183 pedum,
3157 3117 3271 3171 sive
3301 3133 3419 3171 ma-

143 3192 263 3249 τῶν
297 3190 476 3263 ἔργων
528 3189 808 3250 συντονίας
841 3187 1232 3258 ἀπειρηκότος.
1265 3188 1487 3259 Τροφὴν
1534 3190 1591 3243 δὲ
1638 3191 1734 3245 καὶ

147 3285 323 3339 ποτὸν
382 3285 415 3353 ή
467 3282 627 3349 φύσις
677 3282 946 3351 ἐπιζητεῖ,
981 3279 1092 3332 τῶν
1146 3279 1383 3350 στερεῶν
1433 3282 1590 3351 ἡμῶν
1639 3286 1734 3337 καὶ

146 3372 365 3443 ὑγρῶν,
397 3371 456 3434 ἐξ
504 3365 580 3424 ὧν
625 3371 1060 3439 συνεστήκαμεν,
1110 3368 1602 3439 διαπεφορημένων
1643 3375 1736 3425 καὶ

143 3464 253 3533 τῆς
308 3461 720 3532 ἀντεισαγωγῆς
773 3459 1209 3530 προσδεομένων,
1257 3459 1353 3513 τοῦ
1405 3459 1736 3526 κενωθέντος

144 3554 257 3626 ήδη
287 3553 383 3606 καὶ
410 3552 724 3625 ρεύσαντος.

222 3649 293 3699 A.
349 3644 539 3717 Ταύτῃ
581 3644 682 3714 μὲν
727 3641 957 3697 ἐπὶτῶν
986 3643 1275 3713 ἡμετέρων
1297 3685 1312 3710 ,
1364 3646 1574 3710 ἐκεῖνος
1602 3647 1730 3716 ἔφη,

146 3735 450 3806 σωμάτων,
477 3728 523 3786 ὧ
550 3734 793 3805 βέλτιστε
811 3748 824 3763 ’
856 3734 917 3786 οὐ
948 3734 1056 3804 μὴν
1078 3733 1136 3787 δὲ
1161 3736 1252 3788 ἐπὶ
1276 3736 1377 3806 τῆς
1403 3735 1498 3790 τοῦ
1522 3739 1730 3809 Κυρίου

150 3828 360 3898 σαρκὸς
391 3826 533 3880 οὕτω
562 3824 760 3880 ταῦτα.

222 3920 282 3972 O.
340 3918 484 3970 Ἀλλ’
524 3919 573 3970 εί
616 3919 694 3988 μὴ
735 3916 881 3970 οὕτω
924 3915 1140 3982 ταῦτα,
1194 3915 1332 3987 πρὸς
1366 3916 1529 3970 αὐτὸν
1567 3917 1727 3988 ἔφην,

149 4012 249 4064 καὶ
279 4010 372 4062 ἐπὶ
399 4009 501 4079 τῆς
528 4008 623 4062 τοῦ
655 4009 864 4080 Κυρίου
897 4003 1103 4080 σαρκὸς
1123 4046 1138 4071 ,
1192 4009 1288 4061 καὶ
1318 4009 1461 4062 κατὰ
1489 4008 1584 4062 τὸν
1613 4009 1728 4064 ἴσον

148 4099 437 4154 συνέϐαινε
467 4100 692 4170 τρόπον,
718 4099 922 4169 εἴποιμ’
950 4099 1017 4153 ἂν
1048 4099 1398 4171 θαρρούντως
1426 4101 1501 4165 ὡς
1529 4102 1641 4157 οὐδ’
1667 4103 1727 4156 ὄ-

141 4192 259 4257 λως
286 4191 634 4262 γεγέννηται.
673 4191 829 4245 Ἐπεὶ
864 4192 957 4244 τδν
987 4191 1072 4245 ἒτε
1083 4209 1174 4264 ρον
1203 4195 1340 4262 ἡμῖν
1368 4195 1728 4266 παράστησον

144 4277 369 4349 τρόπον.
400 4275 475 4335 Οὐ
500 4278 611 4348 γαρ
635 4277 701 4350 δὴ
725 4279 826 4349 τὴν
853 4279 1155 4348 φαντασίαν
1183 4281 1359 4346 εἴποις
1387 4283 1454 4336 ἂν
1478 4282 1722 4341 πώποτε.

217 4357 310 4421 Α.
338 4367 492 4439 Μηδὲ
526 4369 638 4440 γάρ
681 4386 813 4422 ποτε
857 4370 1002 4424 οὕτω
1036 4372 1297 4444 μανείηνν
1346 4374 1554 4440 ἐκεῖνος
1584 4376 1686 4447 ἔφη
1708 4395 1721 4409 ⁸

144 4458 245 4511 καὶ
273 4459 386 4529 γὰρ
421 4458 641 4529 ἀληθῶς
675 4458 848 4514 ταῦτα
879 4460 1198 4516 συνέϐαινεν
1219 4481 1233 4493 ο
1282 4463 1420 4518 ἀλλὰ
1454 4444 1718 4537 βουλομέ-
1755 4444 1800 4500 D

145 4564 238 4604 νου
267 4550 365 4603 τοῦ
395 4550 595 4618 Λόγου,
614 4552 710 4606 καὶ
741 4551 987 4620 ἐφιέντος
1013 4556 1080 4625 τῇ
1109 4557 1294 4626 σαρκί.

164 4643 277 4705 φο.
315 4639 389 4697 Εὖ
420 4641 556 4711 ἔφης
577 4684 592 4708 ,
645 4643 783 4714 πρὸς
814 4645 980 4698 αὐτὸν
1011 4639 1201 4712 εἶπον,
1252 4649 1389 4720 μηδὲ
1422 4650 1531 4721 γὰρ
1565 4650 1720 4724 τύχοι

141 4736 242 4805 τῆς
275 4736 587 4806 κρείττονος
620 4736 993 4802 ἀλλοιώσεως,
1045 4740 1074 4790 ὁ
1118 4740 1194 4810 μὴ
1227 4743 1289 4810 τῇ
1321 4745 1720 4815 παραχωρήσει

141 4824 238 4879 τοῦ
280 4825 454 4896 Λόγου
500 4829 570 4882 τὰ
603 4830 810 4898 φυσικὰ
843 4833 908 4901 τῇ
930 4831 1107 4905 ,σαρκὶ⁵
1141 4833 1418 4905 συμϐῆναι
1449 4837 1595 4907 πάθη
1632 4835 1719 4889 λέ.

142 4931 255 4983 γων
279 4932 338 4968 τε
370 4917 464 4971 καὶ
495 4920 729 4990 φρονῶν.

212 5012 276 5064 Α.
315 5011 474 5066 Οὕτω
501 5012 566 5085 δὴ
599 5015 693 5067 καὶ
721 5019 907 5086 ἡμεῖς,
940 5017 1152 5081 ἐκεῖνος
1183 5017 1311 5089 ἔφη,
1347 5019 1713 5092 πιστεύομεν*

141 5101 272 5164 Θεὸς
299 5106 405 5174 γὰρ
437 5105 680 5173 ἄληπτός
708 5108 858 5161 ἐστιν
889 5109 1220 5180 ἀνθρώποις,
1240 5109 1307 5180 ἦν
1333 5128 1392 5165 τε
1419 5109 1641 5184 θελήσῃ.

212 5276 272 5328 0.
326 5275 632 5347 Δεδομένης
671 5280 855 5333 τοίνυν
877 5322 891 5342 ,
926 5280 1101 5349 εἶπον,
1136 5279 1180 5338 ὦ
1208 5286 1515 5356 θαυμάσιε,
1560 5291 1715 5357 γενέ·

90 5390 94 5395 ο
145 5382 305 5428 σεως,
360 5367 731 5433 ἀλλοιώσεως,
780 5373 1096 5444 αὐξήσεως,
1152 5379 1525 5450 μεταϐατικῆς
1555 5384 1705 5452 κινή-

1842 3213 2012 3252 nuum
2034 3239 2048 3261 ,
2097 3201 2212 3256 sive
2255 3202 2423 3257 totius
2470 3205 2718 3274 corporis
2744 3221 2811 3259 ex
2843 3205 3063 3271 itinere,
3095 3216 3192 3261 aut
3218 3225 3284 3263 ex
3313 3211 3418 3265 alia

1842 3292 1898 3343 in
1923 3290 2048 3344 aliis
2080 3292 2345 3361 Operibus
2388 3296 2746 3350 contentione
2779 3296 3002 3352 defessi.
3053 3297 3251 3353 Cibum
3286 3317 3418 3355 vero

1839 3390 1896 3435 et
1945 3382 2226 3451 potionem
2272 3397 2467 3442 natura
2507 3387 2742 3456 requirit
2792 3389 2991 3461 solidis
3033 3391 3415 3460 et,humidis,

1839 3489 1907 3527 ex
1933 3474 2137 3544 quibus
2177 3477 2466 3531 constituti
2502 3494 2715 3543 sumus,
2754 3478 2985 3550 digestis
3010 3524 3025 3548 ,
3067 3490 3125 3537 et
3162 3483 3418 3554 indigen-

1841 3564 1989 3619 tibus
2021 3566 2325 3635 repletione
2356 3569 2476 3637 ejus
2495 3571 2643 3638 quod
2671 3572 3014 3626 exinanitum
3042 3584 3125 3629 est
3153 3584 3208 3629 et
3234 3574 3411 3631 Duxit.

1910 3652 1978 3707 Η.
2015 3653 2107 3708 Sic
2135 3655 2384 3723 quidem,
2412 3657 2724 3727 inquitille,
2756 3658 2811 3713 in
2841 3662 3046 3717 nostris
3082 3666 3415 3733 corporibus

1841 3742 1918 3811 fit,
1955 3744 2100 3800 bone
2131 3747 2234 3810 vir,
2264 3764 2376 3803 non
2407 3759 2588 3805 tamen
2614 3751 2694 3807 sic
2724 3752 2780 3806 in
2817 3770 2983 3811 carne
3024 3756 3266 3812 Domini.

1904 3934 1968 3990 Ο.
1997 3935 2065 3990 At
2120 3936 2167 3991 si
2209 3953 2317 3991 non
2365 3938 2444 3994 sie
2509 3939 2646 4003 haec,
2702 3943 2925 4011 inquam
2972 3959 3095 4015 ego,
3142 3946 3308 4002 etiam
3354 3949 3413 4003 in.

1833 4039 1998 4079 carne
2022 4026 2341 4111 Dominipet
2385 4029 2452 4084 ad
2479 4030 2737 4086 eumdem
2778 4032 3002 4086 modum
3047 4036 3408 4105 eveniebant;

1833 4116 2179 4172 confidenter
2210 4118 2415 4184 dicam,
2450 4135 2555 4175 nec
2576 4136 2806 4191 prorsus
2835 4123 3055 4193 genitus
3088 4134 3193 4179 est.
3230 4127 3410 4183 Proba

1831 4205 1979 4260 enim
2003 4206 2163 4260 nobis
2195 4206 2364 4261 alium
2393 4208 2636 4263 modum.
2663 4210 2783 4267 Non
2806 4213 2952 4267 enim
2971 4210 3123 4270 dices
3145 4233 3407 4287 unquam,

1831 4296 2176 4366 phantasiam
2203 4298 2395 4362 fuisse,
2431 4300 2485 4355 id
2512 4313 2617 4368 est,
2651 4304 2814 4360 inane
2849 4306 3048 4362 visum.

1904 4386 1970 4442 Η.
2013 4387 2326 4459 Nunquam,
2370 4392 2553 4463 inquit
2575 4395 2688 4461 ille,
2744 4397 2825 4452 sic
2850 4397 3078 4455 insanus
3109 4417 3243 4456 eros
3274 4420 3407 4461 vere

1827 4479 2101 4549 siquidem
2142 4481 2259 4536 haec
2306 4484 2649 4552 accidebant,
2695 4488 2791 4543 sed
2840 4489 3061 4546 volente
3121 4491 3302 4551 Verbo
3349 4506 3407 4550 et

1820 4573 2175 4642 permittente
2201 4591 2386 4632 carne.

1894 4664 1959 4721 Ο.
2015 4666 2207 4735 Bene,
2254 4669 2513 4741 inquam,
2572 4670 2807 4729 dixisti:
2851 4691 2957 4732 nec
2999 4679 3147 4734 enim
3205 4680 3405 4736 melio-

1824 4769 1941 4808 rem
1972 4757 2417 4815 immutationem
2444 4771 2794 4832 assequetur,
2827 4765 2922 4834 qui
2952 4781 3063 4821 non
3110 4767 3318 4824 dixerit
3347 4779 3404 4824 et

1824 4848 2066 4902 senserit
2102 4850 2394 4919 passiones
2438 4854 2723 4909 naturales
2769 4855 2924 4910 carni
2975 4858 3242 4913 accidisse
3277 4875 3405 4929 pcr-

1822 4937 1991 4994 missu
2022 4940 2213 4995 Verbi.

1893 5028 1960 5082 H.
2021 5028 2133 5093 Sic,
2211 5031 2395 5103 inquit
2447 5034 2569 5099 ille,
2635 5036 2955 5093 credimus:
3030 5039 3179 5095 Deus
3247 5040 3397 5098 enim

1819 5118 2102 5172 voluntate
2126 5135 2307 5189 neque.
2332 5129 2537 5192 potest,
2559 5139 2738 5194 neque
2759 5128 3056 5195 poteratab
3078 5128 3399 5188 hominibus

1818 5206 1958 5275 capi.

1887 5294 1952 5349 0.
1981 5294 2254 5353 Concessa
2277 5299 2464 5369 igitur,
2496 5301 2717 5372 inquam
2751 5321 2873 5377 ego,
2904 5307 3048 5364 bone
3081 5310 3184 5375 vir,
3222 5328 3393 5382 gene-

1817 5388 2057 5453 ratione,
2089 5388 2492 5459 immutatione,
2525 5398 2862 5463 accretione,
2899 5408 3052 5454 motu
3084 5403 3390 5459 secundum

1813 5479 2033 5547 locum;
2081 5481 2212 5550 quid
2260 5484 2539 5552 prohibet,
2595 5488 2685 5542 dic
2736 5490 2893 5555 mihi,
2940 5491 3072 5560 quin
3122 5494 3391 5562 reliquam

1812 5572 2259 5643 conjugationem
2287 5576 2336 5631 ei
2367 5577 2718 5634 tribuamus?
2759 5617 2763 5621 ι

1886 5660 1951 5715 li.
2011 5662 2082 5718 Ut
2137 5673 2192 5718 tu
2241 5665 2438 5737 igitur,
2496 5669 2720 5740 inquit,
2763 5671 3047 5743 loqueris,
3084 5686 3380 5750 corruptus

1811 5752 1934 5804 est?

142 5473 276 5518 σεως
305 5456 381 5529 τῷ
411 5458 625 5530 σώματι
655 5463 750 5516 τοῦ
777 5464 1007 5535 Κυρίου,
1034 5468 1088 5521 τί
1114 5469 1173 5521 τὸ
1199 5469 1430 5536 κωλῦον,
1449 5472 1569 5525 εἰπέ
1597 5491 1708 5543 μοι,

145 5549 218 5617 μὴ
259 5551 378 5619 οὐχὶ
428 5552 523 5605 καὶ
587 5554 688 5624 τὴν
744 5557 943 5628 λοιπὴν
974 5560 1124 5630 αὐτῷ
1181 5563 1446 5631 συζυγίαν
1476 5562 1707 5629 διδόναι;

208 5637 267 5690 Α.
324 5641 535 5696 Οὐκοῦν
590 5645 731 5700 κατὰ
780 5648 909 5711 τοὺς
961 5650 1108 5716 σοὺς,
1171 5652 1296 5724 ἔφη,
1328 5652 1556 5723 λόγους,
1614 5658 1709 5709 καὶ

139 5726 427 5802 {ﬂamen
1603 5734 1610 5741 ’
