3912 6298
491 347 512 410 1
528 348 628 414 3ιῖ

559 467 622 516 (.3.
655 461 833 524 Absit,
869 456 1152 528 respondi.

563 577 628 632 ll.
664 570 976 640 Quomodo,
1011 567 1216 639 inquit,
1245 567 1352 622 hoc
1373 564 1547 622 dicis?

559 693 624 744 0.
657 687 794 753 Quia
818 699 996 754 neque
1022 663 1106 737 fas
1132 690 1238 746 est,
1265 681 1512 750 inquam.

564 802 625 856 ll.
655 797 1066 866 Quamobrem?
1091 795 1294 864 inquit.

563 914 626 970 Ο.
685 913 844 979 Quia,
881 913 1128 980 inquam,
1185 909 1480 979 oportebat
1515 906 1805 976 passiones
1851 905 2070 954 nostras

495 1017 720 1078 gustare
747 1019 923 1073 usque
953 1001 1020 1057 ad
1047 998 1452 1071 experientiam
1477 999 1694 1060 mortis,
1729 1009 1840 1049 non
1883 1002 2068 1046 tamen

497 1099 550 1152 in
600 1094 956 1163 corruptione
1011 1107 1236 1146 manere
1285 1097 1440 1155 actu;
1495 1087 1746 1158 quinimo
1815 1084 1961 1139 sicut
2012 1081 2066 1134 iu

493 1188 756 1244 omnibus
779 1183 975 1239 habuit
1007 1183 1156 1252 quod
1194 1191 1442 1238 nostrum
1465 1183 1574 1242 est,
1603 1186 1660 1233 et
1708 1172 1858 1244 quod
1901 1187 2066 1241 supra

495 1295 598 1334 nos
629 1287 733 1342 est,
763 1276 844 1331 sic
873 1275 926 1328 iu
947 1282 1122 1328 morte
1148 1273 1296 1342 ipsa:
1325 1277 1602 1324 mortuum
1631 1265 1778 1320 enim
1813 1277 1936 1320 esse
1969 1277 2070 1316 tto-

495 1381 671 1428 strum
727 1375 834 1432 est,
897 1375 954 1420 et
993 1363 1210 1419 curatio
1261 1369 1467 1416 nostra:
1515 1355 1903 1420 mortalitatis;
1957 1367 2069 1406 non

497 1477 618 1517 esse
649 1467 836 1514 autem
866 1462 1188 1524 corruptum
1229 1450 1558 1506 valentioris
1607 1447 1898 1518 potestatis
1936 1445 2073 1498 νει-ι

499 1551 555 1606 bi
609 1555 727 1604 erat
768 1565 782 1601 :
818 1546 1064 1600 Verbum
1117 1543 1264 1599 enim
1309 1539 1708 1610 experientiam
1761 1534 2066 1606 prohibuit,

497 1639 726 1694 minime
781 1635 1096 1690 concedens
1147 1632 1324 1695 carui,
1373 1639 1435 1686 ut
1485 1633 1966 1697 corrumperetur,
2013 1632 2072 1678 ut

497 1730 756 1800 primitiae
777 1723 1210 1782 immortalitatis
1235 1721 1303 1776 ab
1325 1721 1444 1792 ipsa
1476 1719 1530 1776 in
1575 1734 1676 1774 nos
1695 1719 1860 1774 etiam
1889 1715 2072 1772 trans-

1737 331 2046 399 LEONTII
2093 316 2502 387 BYZANTINI

2101 449 2145 501 Α
2246 434 2309 486 Ο.
2347 430 2441 500 Μὴ
2474 429 2710 498 γένοιτο,
2745 427 2882 510 πρὸς
2915 391 3080 480 σύτο-δ
3113 424 3556 500 ἀπεκρινάμην.

2247 547 2310 596 Α.
2346 543 2470 605 Ιιῶς
2501 541 2684 604 τοῦτο,
2712 539 2842 610 ἔφη.
2863 536 3076 608 λέγεις,

2247 657 2308 705 υ.
2346 653 2471 703 Ὅτι
2505 649 2641 720 μηδὲ
2673 649 2856 720 θέμις,
2890 644 3067 702 εἶπον.

2248 767 2312 816 Λ.
2353 761 2431 816 Δι’
2461 762 2530 832 ἢν
2561 761 2773 828 oti-dav;
2803 757 2980 816 εἶπεν.

2248 882 2310 930 0.
2358 875 2738 947 Ἐπειδήπερ,
2794 875 2974 945 ἔφην,
3025 877 3470 946 ἀπογεύσασθαι
3524 877 3646 932 ἔδει
3689 879 3792 932 τετν

2177 967 2472 1037 ἡμετέρων
2518 967 2746 1030 παθῶν,
2802 967 3002 1038 μέχρις
3044 963 3216 1040 αὐτῆς
3261 967 3369 1039 τῆς
3409 967 3521 1021 τοῦ
3557 969 3784 1024 ﬂavit;

2177 1059 2378 1125 πείρας
2401 1097 2416 1122 ,
2473 1058 2536 1110 ού
2574 1049 2682 1128 μῆν
2703 1058 2812 1121 ⁸καὶ
2841 1059 2900 1112 ὲν
2927 1061 2994 1130 τῇ
3027 1060 3150 1114 κατ’
3175 1059 3494 1131 ἐνέργειαν
3532 1063 3782 1128 γενέσθαι

2178 1152 2388 1224 φθορᾷο
2430 1151 2542 1206 ἀλλ’
2577 1151 2770 1224 ὥσπερ
2801 1155 2860 1207 ὲν
2893 1157 3060 1207 πᾶσιν
3086 1155 3213 1224 ἔσχε
3241 1155 3308 1208 τὸ
3339 1157 3670 1228 ἡμέτερον,
3697 1162 3782 1209 καὶ

2175 1240 2239 1296 τὺ
2269 1245 2414 1316 ὑπὲρ
2443 1247 2614 1316 ἡμᾶς,
2645 1243 2792 1298 οὕτω
2822 1246 2918 1299 καὶ
2947 1247 3068 1302 κατ’
3090 1247 3257 1301 αὐτὸν
3282 1247 3353 1318 δὴ
3381 1248 3496 1302 τὸν
3523 1248 3779 1302 θάνατον

2177 1335 2251 1388 τό
2271 1335 2372 1406 μὲν
2399 1335 2506 1406 γὰρ
2537 1333 2864 1407 τεθνηκέναι
2895 1334 3190 1407 ἡμέτερον,
3227 1338 3330 1390 καὶ
3361 1337 3482 1406 τῆς
3513 1339 3780 1408 ἡμετέρας

2177 1431 2510 1501 νεκρότητος
2561 1429 2701 1499 ἴαμα
2723 1443 2738 1460 ⁸
2799 1427 2862 1480 τὸ
2891 1428 2951 1484 δὲ
2985 1411 3060 1500 μὴ
3091 1429 3378 1498 ἐφθάρθαι
3397 1471 3417 1496 ,
3469 1431 3584 1501 τῆς
3609 1433 3778 1502 κρείτ-

2177 1541 2331 1588 τονος
2363 1522 2458 1576 τοῦ
2485 1524 2666 1590 Λόγου
2700 1519 3011 1593 δυνάμεως,
3044 1523 3106 1586 ὃς
3127 1541 3194 1592 γε
3223 1525 3330 1592 τὴν
3360 1527 3589 1595 πεῖραν
3615 1525 3780 1578 πεώ-

2177 1615 2374 1682 λυκεν,
2432 1616 2640 1686 ἣκιστα
2672 1614 2952 1685 φθαρῆναι
2982 1616 3456 1686 συγκεχωρηκὼς
3488 1620 3570 1689 τῇ
3596 1618 3776 1688 capi.

2176 1706 2257 1772 ὼς
2290 1707 2358 1761 ἆν
2384 1707 2482 1762 ἀπ’
2505 1707 2676 1778 αὐτῆς
2705 1707 2802 1761 καὶ
2826 1707 2910 1770 εἰς
2931 1709 3081 1778 ἡμᾶς
3109 1706 3340 1779 διαϐαίη
3360 1751 3377 1774 ,
3419 1711 3535 1762 καὶ
3563 1710 3774 1780 γένηται

497 1797 644 1876 cant.
677 1822 792 1875 Non
841 1834 965 1874 esse
1013 1817 1180 1888 igitur
1232 1815 1436 1870 factam
1481 1811 1924 1882 corruptionem,
1969 1825 2073 1880 po-

2185 1799 2284 1869 τῆς
2316 1798 2629 1888 ἀφθαρσίας
2663 1797 2823 1888 ἡμῶν
2865 1799 3126 1867 άπαρχή’
3179 1799 3240 1852 τδ
3270 1799 3476 1884 τοξνυν
3527 1801 3607 1870 μὴ
3636 1801 3774 1866 γενέ-

501 1913 686 1968 tentiae
705 1911 907 1966 divinae
927 1917 1032 1973 est,
1057 1923 1178 1977 qua:
1201 1907 1450 1976 superari
1485 1919 1597 1960 non
1647 1909 1862 1974 potest;
1898 1909 1956 1956 et
1982 1915 2075 1955 ra-

501 2005 651 2060 tione
687 2001 960 2066 miraculi,
984 2009 1170 2054 atnon
1199 1999 1317 2068 lege
1351 2004 1581 2050 naturas.

571 2137 636 2192 ll.
662 2136 846 2205 Atqui,
876 2136 1056 2204 inquit
1083 2133 1196 2194 ille,
1223 2141 1278 2186 et
1309 2147 1488 2186 novus
1532 2131 1702 2185 Adam
1734 2137 1964 2184 vocatus
1992 2133 2078 2182 est

503 2230 789 2284 Dominus.
815 2227 1103 2294 Quomodo
1130 2235 1314 2279 autem
1347 2223 1428 2278 sic
1451 2230 1768 2286 vocaretur,
1801 2220 1908 2275 nisi
1957 2234 2080 2274 eor-

505 2337 608 2390 pus
631 2318 958 2390 protoplasti
1003 2318 1254 2372 tulisset?
1276 2315 1720 2385 lncorruptibilis
1744 2325 1924 2368 autem
1959 2317 2080 2366 erat

505 2413 899 2482 protoplastus,
957 2418 1252 2477 antequam
1310 2415 1607 2476 peccaret;
1655 2403 2079 2473 incorruptibile

504 2506 674 2574 igitur
713 2503 819 2556 fuit
870 2503 1036 2556 etiam
1089 2515 1292 2568 corpus
1329 2498 1580 2552 Domini:
1635 2495 1910 2566 siquidem
1960 2497 2080 2549 sine

503 2605 733 2667 peccato
763 2592 1142 2664 perseveravit
1167 2605 1408 2660 semper.

573 2705 638 2760 O.
683 2697 1284 2774 Ego'vero,inquam,
1341 2698 1460 2752 sive
1515 2711 1722 2766 corpus
1754 2691 2080 2766 protoplasti

503 2793 870 2864 corruptibile
890 2803 1028 2854 erat,
1061 2791 1176 2846 sive
1201 2805 1334 2847 non.
1377 2787 1622 2843 nondum
1653 2786 1798 2847 dico,
1833 2785 2081 2854 quandiu

505 2899 614 2939 non
652 2883 822 2953 pudet
869 2883 1016 2952 ipsos
1063 2880 1158 2951 qui
1191 2879 1298 2935 hoc
1345 2878 1559 2939 dicunt,
1616 2876 2079 2930 immortalitatem

506 2973 824 3044 protoplasti
874 2987 986 3026 non
1023 2971 1268 3026 tribuere
1324 2968 1578 3024 Domino.
1610 2966 1884 3020 Mortuum
1933 2965 2081 3020 enim

2181 1888 2308 1944 σθαι
2336 1886 2435 1958 τὴν
2466 1887 2698 1956 φθορὰν,
2738 1886 2840 1956 τῆς
2870 1886 3134 1955 ἀνικήτου
3165 1886 3288 1938 ἐστὶ
3325 1881 3658 1954 δυνάμεως,
3691 1887 3776 1938 καὶ

2177 1977 2324 2049 λόγῳ
2357 1979 2659 2049 θαύματος,
2693 1977 2812 2031 ἀλλ’
2837 1977 2898 2030 οὐ
2941 1977 3094 2048 νόμῳ
3124 1977 3373 2046 φύσεως.

2249 2116 2318 2169 Α.
2354 2113 2519 2168 Ἀλλὰ
2547 2115 2676 2184 μὴν,
2704 2114 2912 2176 ἐκεῖνος
2935 2113 3063 2180 ἔφη.
3091 2111 3188 2165 καὶ
3215 2111 3345 2176 νέος
3369 2111 3568 2184 Ἀδὰμ

2143 2247 2146 2252 -
2185 2205 2286 2276 σθη
2333 2208 2362 2260 ό
2399 2205 2607 2277 Κύριος
2631 2219 2664 2271 Ἰ
2703 2203 2823 2267 πῶς
2858 2199 2904 2256 δ’
2931 2203 3000 2256 ἂν
3027 2197 3188 2257 τοῦτο
3217 2197 3498 2270 ἐλέγετο,
3539 2207 3591 2257 εξ
3625 2204 3694 2274 μὴ
3718 2205 3773 2254 εἴ)

2181 2296 2276 2350 τοῦ
2308 2295 2739 2368 πρωτοπλάστου
2771 2295 3010 2364 φορέσας
3041 2295 3236 2364 σῶμας
3271 2294 3619 2365 ’Δφθαρτος
3642 2292 3770 2364 δὲῆιτ

2180 2387 2209 2440 ό
2249 2385 2680 2458 πρωτόπλαστος
2724 2387 2832 2458 πρὸ
2878 2386 2981 2456 τῆς
3019 2386 3406 2456 παραϐάσεως
3426 2403 3442 2417 ·
3506 2388 3771 2458 avi-5019:“

2180 2481 2291 2552 ἄρα
2322 2479 2418 2533 καὶ
2443 2479 2504 2532 τὸ
2529 2478 2625 2532 τοῦ
2653 2479 2864 2550 Κυρίου
2893 2477 3054 2549 σῶμα
3071 2493 3086 2507 ⁸
3120 2478 3214 2531 καὶ
3240 2476 3360 2549 γὰρ
3386 2479 3770 2550 ἀναμάρτητεν

2183 2573 2362 2642 πάντη
2392 2571 2826 2643 διαμεμένηκεν.

2255 2690 2317 2742 0.
2335 2687 2478 2754 Ἐγὼ
2496 2687 2576 2752 δὲ,
2599 2689 2662 2741 Εἰ
2683 2684 2784 2757 μὲν
2813 2685 3116 2758 ἄφθαρτον,
3140 2685 3300 2755 ἔφην,
3321 2685 3358 2757 ῆ
3390 2687 3498 2757 μὴ,
3519 2685 3620 2739 τοῦ
3644 2703 3772 2756 πριιι

2183 2779 2494 2834 τοπλάστου
2527 2780 2589 2831 τδ
2620 2778 2782 2849 σῶμα
2811 2777 3143 2848 ἐτύγχανεν,
3180 2775 3343 2830 οὔπω
3370 2775 3560 2842 λέγω,
3592 2776 3694 2838 ἕως
3715 2777 3770 2826 iv

2187 2872 2262 2943 μὴ
2296 2871 2358 2925 τὸ
2388 2871 2900 2934 άθάνατον“αὑτοί›ς
2928 2871 3182 2924 καταιδεῖ
3206 2867 3306 2921 τοῦ
3334 2871 3768 2939 πρωτοπλάστω

2187 2965 2264 3036 μὴ
2291 2964 2572 3034 διδόμενον
2600 2961 2679 3033 τῷ
2705 2961 2917 3034 Κυρίῳ.
2951 2961 3292 3032 Τεθνηκέναι
3316 2963 3439 3031 γὰρ
3462 2962 3640 3015 αὖτδν
3663 2962 3771 3013 πάι,-

503 3081 628 3121 csse
670 3081 820 3130 eum,
862 3063 1180 3119 necessario
1235 3062 1584 3125 concedent;
1643 3059 1753 3115 nisi
1807 3058 1915 3114 sibi
1949 3057 2076 3126 ipsis

2185 3075 2294 3120 τως
2335 3055 2638 3120 δώσουσιν,
2698 3056 2747 3108 εἰ
2800 3054 2874 3126 μὴ
2927 3053 3182 3125 μέλλοιεν
3221 3053 3287 3105 τὸ
3325 3053 3441 3122 τῆς
3472 3055 3772 3122 φαντασίας

502 3159 713 3212 crimen
771 3154 1090 3225 phantasia},
1153 3151 1208 3206 id
1261 3163 1366 3216 est,
1425 3151 1605 3204 inanis
1645 3149 1745 3202 visi
1799 3147 1855 3200 in
1909 3145 2076 3199 Adam

2185 3149 2307 3202 ὅλον
2357 3150 2440 3208 εἰς
2479 3149 2708 3210 ἑαυτοὺς
2755 3146 3136 3216 ἀποφέρεσθαι
3174 3145 3443 3216 ἔγκλημα
3467 3162 3484 3176 ο
3545 3147 3613 3198 τό
3639 3146 3692 3199 δέ
3716 3158 3770 3210 τι

505 3265 634 3304 vere
654 3255 896 3308 mortuo,
948 3245 1153 3298 inferre
1184 3243 1356 3296 velint
1385 3259 1400 3294 :
1459 3239 1761 3308 sumpsisse
1810 3251 1944 3290 vero
1974 3236 2082 3289 Do-

504 3341 716 3394 minum
764 3337 870 3391 tale
917 3347 1139 3403 corpus.
1185 3331 1347 3400 quale
1379 3340 1500 3384 erat
1533 3345 1644 3383 non
1667 3329 1846 3382 solum
1877 3343 2080 3397 corpus

505 3429 656 3492 Adae,
686 3429 781 3482 sed
811 3440 1012 3494 corpus
1031 3432 1313 3486 nostrum;
1339 3435 1452 3475 non
1483 3421 1630 3474 enim
1666 3427 1891 3490 propter
1925 3419 2079 3473 illum

507 3530 719 3576 tantum
749 3517 919 3580 venit,
955 3515 1051 3570 sed
1079 3523 1304 3585 propter
1341 3527 1442 3567 nos
1460 3513 1664 3576 etiam;
1698 3511 2078 3565 valde’absur-

505 3612 638 3665 dum
687 3619 744 3664 et
771 3623 802 3662 a
831 3605 1043 3661 ratione
1067 3605 1309 3659 alienum
1336 3612 1474 3668 erat,
1511 3603 1677 3658 unius
1717 3602 1940 3672 quidem
1959 3617 2080 3657 esse

506 3700 764 3762 similem,
793 3704 1118 3752 caeterorum
1147 3709 1278 3748 vero
1315 3693 1562 3748 omnium
1604 3693 1954 3756 dissimilem,
1986 3693 2079 3762 qui

505 3793 729 3862 quidem
776 3789 843 3844 ad
902 3787 1175 3842 rationem
1237 3785 1525 3840 medicina:
1577 3785 1841 3841 faciendae
1885 3785 2076 3839 eadem

505 3881 870 3939 similitudine
906 3878 1249 3949 indigebant.
1275 3876 1454 3941 Unde,
1495 3877 1705 3947 optime
1743 3876 1852 3940 vir,
1877 3891 2080 3945 corpus

507 3973 830 4046 protoplasti
865 3969 1285 4039 incorruptibile
1313 3968 1470 4022 erat?
1488 3968 1606 4023 Non
1649 3967 1798 4023 enim
1845 3967 1900 4021 in
1948 3981 2080 4021 con-

507 4065 794 4120 stitutione
865 4077 964 4118 sua
1041 4060 1303 4123 habebat,
1397 4066 1462 4114 ut
1505 4058 1850 4112 immortalis
1906 4065 2074 4122 esset,

505 4171 570 4211 ac
589 4155 766 4210 multo
793 4153 963 4224 magis
1003 4167 1112 4208 non
1152 4150 1413 4214 habebat,
1449 4157 1512 4204 ut
1553 4158 1704 4204 esset
1738 4148 2074 4218 incorrupti-

503 4244 652 4306 bilis,
687 4243 894 4312 alioqui
929 4253 1233 4308 nunquam,
1259 4239 1476 4307 opinor,
1506 4236 1656 4307 ligno
1679 4234 1806 4290 vita:
1832 4233 1882 4289 ei
1936 4249 2076 4302 opus

503 4335 1004 4401 fulsset,'tanquam
1037 4329 1228 4384 futuro
1254 4328 1577 4392 immortali,
1598 4327 1709 4382 ‘usu
1755 4325 1938 4381 vitalis
1961 4326 2076 4382 fru-

499 4422 624 4511 etus
635 4439 744 4494 quo
759 4437 886 4478 eum
907 4420 1144 4490 privavit
1160 4429 1470 4490 peceatum,
1486 4420 1832 4476 sicutPatres
1850 4418 2072 4473 dicunt:
2109 4456 2153 4511 Β

499 4505 692 4570 εοάόε
742 4513 832 4566 his
861 4527 972 4566 non
1007 4521 1266 4566 estnunc
1293 4509 1612 4580 diSputandi
1661 4518 1896 4581 tempus,
1939 4525 2078 4580 quoe

503 4605 646 4659 niam
665 4617 844 4672 neque
862 4601 1282 4672 dogmaesthoc
1295 4601 1364 4656 de
1383 4600 1742 4666 Adam.Quod
1761 4603 1908 4656 enim
1928 4615 2078 4655 nunc

501 4698 557 4752 in
588 4695 892 4764 quaestione
917 4694 1180 4764 positum,
1203 4691 1334 4746 illud
1356 4701 1462 4756 est,
1491 4691 1640 4761 quod
1665 4693 1828 4748 talem
1851 4707 2077 4748 carnem

503 4786 770 4841 Dominus
796 4785 904 4840 sibi
935 4785 1114 4840 univit
1135 4785 1440 4840 secundum
1471 4784 1834 4856 hypostasim,
1857 4784 2075 4854 qualem

503 4877 880 4934 habuitAdam
904 4885 1029 4948 post
1045 4884 1330 4947 peccatum
1353 4876 1666 4941 damnatus,
1683 4883 1740 4930 et
1758 4889 1860 4929 nos
1883 4888 2077 4928 omnes

499 4985 566 5025 ex
593 4969 784 5025 eadem
809 4985 1009 5024 massa.
1033 4969 1152 5024 Non
1179 4968 1329 5023 enim
1351 4969 1504 5023 venit
1527 4968 1794 5022 Dominus
1817 4975 1878 5022 ut
1899 4965 2077 5020 salva-

503 5070 588 5116 ret
610 5077 640 5115 a
659 5067 886 5130 peccato
907 5075 1164 5121 vacuum,
1189 5068 1248 5114 ut
1267 5061 1387 5130 ejus
1403 5059 1601 5115 similis
1623 5058 1800 5120 ﬁeret,
1827 5057 1922 5113 sed
1949 5071 2078 5127 pec—

501 5162 625 5208 cato
659 5153 935 5210 irretitum
974 5161 1031 5207 et
1074 5154 1188 5224 jam
1213 5153 1448 5223 lapsum,
1495 5161 1559 5206 ut
1605 5167 1731 5208 eum
1781 5151 2078 5205 miseratus

500 5245 930 5300 consuscitaret.
968 5243 1180 5314 Alioqui
1215 5245 1492 5314 quomodo
1514 5243 1759 5298 debitum
1797 5257 1898 5312 pro
1917 5240 2078 5294 nobis

499 5336 784 5391 solvisset?
819 5344 914 5389 aut
947 5336 1163 5389 ruinam
1205 5334 1566 5390 resarcisset?
1603 5345 1698 5388 aut
1736 5348 1928 5387 norma
1963 5331 2075 5384 vir-

501 5426 636 5480 tutis
671 5425 850 5480 l‘aetus
878 5425 1064 5480 esset?
1093 5435 1152 5480 et
1183 5427 1444 5481 omnibus
1486 5425 1709 5494 optimae
1749 5423 1878 5479 vita:
1916 5439 2078 5492 regu-

500 5513 606 5568 lam
639 5515 695 5568 in
730 5529 789 5567 se
819 5512 988 5566 vitam
1020 5514 1480 5583 perfectissimam
1516 5513 1938 5585 proposuisset?

572 5627 637 5679 ll.
676 5627 741 5678 Et
785 5625 1088 5694 quomodo,
1133 5628 1312 5697 inquit
1341 5628 1454 5692 ille,
1489 5627 1692 5698 poterit
1746 5625 1950 5696 aliquis
1997 5625 2076 5680 vi-

505 5747 611 5790 tam
639 5735 853 5789 Domini
885 5736 1127 5790 imitari?

2184 3243 2348 3310 σῶμα
2403 3241 2496 3294 τὸν
2551 3239 2762 3311 Κύριον
2819 3238 3178 3308 ἀνειληφέναι
3229 3237 3535 3304 τοιοῦτον,
3603 3242 3770 3292 ὄποξσιδ

2181 3335 2305 3404 οὐχὶ
2329 3333 2391 3386 τὸ
2417 3331 2512 3386 τοῦ
2541 3330 2982 3404 πρωτοπλάστου
3015 3329 3198 3400 μόνον,
3223 3329 3366 3384 ἀλλὰ
3391 3331 3496 3383 καὶ
3518 3331 3594 3384 δι’
3615 3332 3767 3400 ἡμᾶς.

2182 3427 2278 3481 καὶ
2329 3424 2536 3496 στρῶρα
2582 3423 2934 3496 θαρρούντως
2983 3421 3050 3474 ἂν
3096 3421 3526 3491 διατεινοῐμην·
3595 3422 3770 3490 κοινῆς

2180 3513 2290 3584 γὰρ
2323 3513 2490 3585 οὔσης
2536 3511 2638 3582 τῆς
2681 3514 2841 3565 νόσου
2861 3552 2877 3576 ,
2927 3511 3064 3564 πολὺ
3109 3511 3173 3564 τὸ
3204 3511 3539 3582 παράλογον
3571 3513 3656 3566 ἑνὶ
3683 3513 3768 3582 μὲν

2181 3603 2441 3666 ἐοικέναι,
2474 3603 2584 3656 τῶν
2609 3601 2668 3655 δὲ
2699 3601 2908 3655 λοιπῶν
2933 3602 3155 3656 πάντων
3187 3604 3605 3672 ἀπεμφαῐνειν,
3637 3606 3692 3658 οἱ
3711 3621 3766 3670 τε

2179 3695 2280 3766 τῆς
2296 3691 2462 3746 αὑτοῦ
2481 3692 2570 3746 διὰ
2593 3693 2812 3746 πάντων
2836 3691 3161 3762 ἐμφερείας,
3183 3691 3264 3754 εἰς
3288 3690 3383 3744 τδν
3398 3692 3507 3760 τῆς
3532 3694 3769 3764 ἰατρεξας

2181 3785 2388 3840 ἐδέοντο
2458 3784 2638 3853 λόγον.
2694 3785 2868 3838 Πόθεν
2915 3784 2972 3838 δὲ
3001 3823 3017 3848 ,
3073 3777 3121 3837 ὦ
3195 3783 3488 3853 βέλτιστε,
3534 3788 3626 3840 ὅτι
3675 3803 3769 3853 περ

2180 3876 2462 3948 ἄφθαρτον
2508 3875 2570 3928 τὸ
2594 3876 2690 3928 τοῦ
2729 3874 3164 3944 πρωτοπλάστου
3217 3875 3384 3945 σῶμα
3431 3875 3764 3946 ἐτύγχανενζ

2178 3967 2241 4018 οὐ
2275 3967 2389 4038 γὰρ
2434 3969 2494 4019 ἐν
2532 3969 2598 4034 τῇ
2642 3967 2960 4036 κατασκευῇ
2991 3961 3140 4035 εἶχεν
3171 3966 3234 4018 τὸ
3282 3964 3595 4020 ἀθάνατον
3646 3969 3766 4036 μήτι

2178 4074 2242 4130 γε
2283 4057 2350 4128 δὴ
2398 4056 2462 4109 τὸ
2501 4055 2816 4127 ἄφθαρτον.
2845 4057 2970 4110 ἐπεὶ
2997 4056 3098 4110 οὐκ
3141 4055 3232 4121 ἂν,
3260 4051 3448 4126 οἶμαι,
3479 4057 3584 4112 τοῦ
3613 4058 3762 4125 ξύλου

2176 4149 2276 4220 τῆς
2323 4147 2470 4219 ζωῆς
2518 4146 2669 4217 αὐτῷ
2710 4147 3117 4218 προσεδέηοεν,
3171 4141 3237 4200 οὗ
3267 4146 3368 4218 τῆς
3403 4148 3762 4219 μεταλήψεως

2177 4236 2343 4290 αὐτὸν
2374 4235 2690 4308 παράϐασις
2717 4235 3138 4306 ἀπεστέρησεν,
3193 4233 3382 4297 καθὼς
3431 4237 3488 4290 οἱ
3520 4239 3762 4307 Πατέρες

2178 4328 2380 4398 φασιν,
2431 4327 2508 4392 ὡς
2537 4328 2606 4398 τῇ
2638 4327 2748 4380 τῶν
2778 4327 3030 4390 ζωτικῶν
3054 4328 3287 4399 καρπῶν
3316 4329 3634 4406 paralitica
3663 4331 3758 4382 ὰπ-

2179 4417 2778 4488 αθανατισθησόμενος’
2811 4419 2938 4487 περὶ
2961 4419 3060 4488 μὲν
3079 4415 3176 4473 οὖν
3199 4419 3331 4486 τῶν,
3357 4421 3425 4474 ού
3453 4421 3548 4475 τοῦ
3573 4422 3758 4490 παρόν-

2180 4527 2270 4574 τος
2297 4510 2416 4561 ἐστὶ
2457 4507 2678 4578 καιροῦ,
2714 4508 2798 4560 ὅτι
2832 4507 2968 4578 μηδὲ
2993 4507 3174 4580 δόγμα
3204 4511 3266 4563 τὸ
3293 4511 3439 4564 κατὰ
3471 4511 3567 4564 τὸν
3598 4512 3758 4579 Ἀδάμ

2175 4601 2457 4670 τυγχάνει.
2487 4599 2563 4653 To
2586 4599 2698 4670 γὰρ
2727 4598 2824 4653 νῦν
2849 4601 2910 4653 έν
2935 4599 3166 4671 ζητήσει
3193 4601 3572 4673 προκείμενόν
3594 4607 3753 4657 ἐστιν.

2176 4692 2260 4745 ὅτι
2315 4685 2496 4763 σάρκα
2538 4690 2804 4762 τοιαύτην
2853 4691 2884 4744 ό
2923 4689 3131 4762 Κύριος
3161 4692 3376 4762 ἥνωσεν
3409 4693 3602 4764 ἐαυτῷ
3643 4693 3755 4748 καθ’

2177 4783 2478 4838 ὑπόστασιν
2498 4823 2514 4848 ,
2549 4782 2746 4835 ὁποίαν
2771 4782 2913 4853 έχων
2940 4783 3113 4853 ἐφάνη
3147 4785 3286 4854 μετὰ
3311 4783 3413 4856 τὴν
3439 4786 3754 4856 παράϐασιν

2177 4879 2206 4928 ό
2259 4877 2624 4946 κατάκριτος,
2681 4878 2846 4946 ἡμεῖς
2887 4893 2950 4929 τε
2998 4875 3203 4939 πάντες
3251 4877 3302 4929 οἱ
3350 4879 3417 4929 ὲκ
3454 4877 3556 4930 τοῦ
3593 4872 3754 4930 αὺτοῦ

2178 4970 2526 5040 φυράματος.
2579 4969 2656 5022 ὓὺ
2687 4969 2799 5038 γὰρ
2827 4970 2922 5022 τὸν
2952 4966 3341 5039 ἀναμάρτητον
3387 4969 3568 5038 Ἀδὰμ
3596 4967 3757 5040 ἦλθεν

2179 5061 2376 5125 σῶσαι,
2415 5059 2503 5113 ἵνα
2535 5059 2779 5131 ὁμοιωθῇ
2810 5059 3035 5131 ἐκείνῳ,
3087 5059 3228 5114 ἀλλὰ
3267 5059 3362 5112 τὸν
3390 5061 3762 5132 ἡμαρτηκότα

2177 5152 2274 5206 καὶ
2302 5151 2656 5210 πεπτωκότα.
2691 5151 2778 5204 ἵνα
2803 5151 2868 5222 δὴ
2901 5149 3306 5221 συμπεπονθὼς
3333 5151 3490 5222 αὐτῷ
3518 5155 3618 5205 καὶ
3644 5170 3759 5205 aw-

2177 5245 2481 5316 αναστήσῃ.
2517 5244 2642 5307 Πῶς
2671 5243 2728 5296 δὲ
2757 5244 2854 5297 καὶ
2881 5243 2944 5298 τὸ
2968 5243 3111 5315 ὑπὲρ
3137 5244 3298 5314 ἡμῶν
3328 5243 3544 5308 ἐξέτισε
3572 5249 3756 5314 χρέοε.

2176 5329 2210 5400 ἦ
2242 5332 2341 5397 τὴν
2366 5323 2538 5402 ἧτταν
2562 5329 2956 5395 ἀνεκαλέσατο,
2979 5331 3012 5401 ἢ
3042 5333 3410 5403 ὕπογραμμὸς
3436 5333 3654 5403 ἀρετῆς
3677 5338 3759 5402 τέ-

2177 5437 2302 5488 γονε
2330 5459 2345 5484 ,
2403 5423 2500 5474 καὶ
2547 5423 2662 5485 τοῖς
2709 5423 2846 5476 πᾶσι
2894 5423 2997 5493 τῆς
3037 5424 3269 5492 ἀρίστης
3309 5423 3599 5488 πολιτείας
3639 5427 3760 5496 ὅρον

2178 5513 2235 5563 ὲν
2261 5510 2441 5582 ἑαυτῷ
2472 5512 2564 5566 τὸν
2589 5512 2924 5567 τελεώτατον
2953 5512 3238 5585 προύθηκε
3269 5514 3387 5586 βίον
3397 5532 3417 5582 ;

2249 5645 2314 5696 Λ.
2373 5645 2484 5698 Καὶ
2533 5646 2650 5710 πῶς
2681 5647 2746 5700 ἄν
2780 5664 2886 5710 τις,
2921 5648 3130 5711 ἐκεῖνος
3158 5646 3293 5716 ἔφη,
3327 5647 3636 5718 δυνὴσηται
3667 5665 3760 5718 την

2177 5736 2268 5789 τοῦ
2301 5736 2506 5808 Κυρίου
2536 5737 2824 5808 μιμεῖσθαι
2853 5739 3016 5810 iratist;
