3912 6298
1547 233 1581 251 ο

177 339 314 410 1249

1231 342 1527 406 CONTRA
1564 341 1878 404 NESTOR.
1918 346 2012 404 ET
2046 342 2370 405 EUTYCH.

3268 338 3408 404 1350

245 457 307 506 Ο.
346 451 410 503 'll
443 435 883 518 ἀπαράλλακτος,
916 442 1089 514 εἶπον,
1114 451 1213 517 τῆς
1270 455 1468 519 σαρκὸς
1490 449 1583 503 τοῦ
1633 451 1743 502 Κυ-

1910 452 1974 506 0.
2006 450 2345 515 Similitudo,
2376 451 2620 519 inquam,
2650 447 2831 505 carnis
2870 446 3089 503 Domini
3124 463 3250 502 cum
3302 464 3407 503 no-

177 546 299 615 ρίου
332 540 467 610 πρὸς
486 537 583 609 τὴν
611 537 889 607 ἡμετέραν
915 537 1195 606 ὁμοίωσις,
1217 538 1449 609 δυνατὴν
1481 539 1744 610 πεποίηκε

174 631 277 700 τὴν
331 627 466 695 πρὸς
509 625 672 677 αὑτὸν
717 624 1095 694 ἀφομοξωσιν,
1152 625 1217 679 ἵν’
1257 628 1353 697 ἐξῇ
1408 626 1606 696 Παύλῳ
1652 627 1747 679 καὶ

173 722 293 782 τοῖς
349 717 473 771 κατ’
515 715 679 769 αὐτὸν
725 715 948 799 λέγειν·
1012 718 1273 786 Μιμηταί
1313 736 1434 785 μου
1481 720 1744 787 γίνεσθε,
1782 716 1787 721 ’

174 810 373 873 καθὼς
402 807 566 875 κάγὼ
593 807 853 874 Χριστοῦ
874 824 889 837 ·
942 807 1089 878 αύτῷ
1114 825 1171 860 τε
1202 807 1281 878 τῷ
1305 810 1490 880 Κυρίῳ
1508 852 1523 876 ,
1579 831 1595 860 ι
1620 809 1747 863 Μά-

176 902 310 951 θετε
341 900 444 951 ἀπ’
470 896 640 965 ἐμοῦ,
697 897 784 952 ὅτι
830 898 1020 963 πρᾶός
1057 902 1175 966 ειμι
1220 901 1314 953 καὶ
1358 901 1636 966 ταπεινὸς
1675 901 1748 969 τῇ

175 987 413 1054 καρδίᾳ.
448 986 522 1039 υύ
558 986 665 1056 μὴν
693 988 813 1039 οὐδὲ
842 989 869 1040 ὁ
901 987 1153 1052 θάνατος,
1182 987 1270 1040 διὰ
1298 990 1396 1060 τῆς
1422 989 1516 1042 τοῦ
1544 991 1747 1061 Κυρίου

144 1082 147 1087 ’
174 1077 502 1145 νεκρώσεως
531 1076 839 1144 τεθνηκὼς,
857 1077 966 1130 τῶν
995 1078 1123 1148 ἑξῆς
1150 1079 1454 1150 ἀνθρώπων
1477 1081 1748 1151 ἀπέσχετο

174 1165 241 1218 ἂν
274 1163 497 1217 πώποτε
516 1204 531 1229 ,
572 1166 646 1235 μὴ
678 1166 766 1218 διὰ
799 1167 1015 1220 πάντων
1047 1168 1249 1237 ὁμοίως
1276 1169 1353 1238 τῷ
1379 1170 1547 1223 πάλαι
1576 1187 1747 1224 κατα-

175 1258 406 1309 πεσόντι
439 1257 763 1326 προσϐαλὼν
788 1299 804 1321 ,
858 1250 921 1310 οὗ
970 1259 1157 1328 ἐπειδὴ
1192 1261 1525 1331 γευσάμενος
1557 1261 1746 1331 ἔτυχε,

172 1347 433 1400 τοσοῦτον
480 1348 795 1419 ᾐμωδίασαν
834 1349 986 1420 αὐτῷ
1008 1351 1059 1403 oi
1098 1352 1328 1415 ὀδόντες,
1373 1353 1516 1407 κατὰ
1542 1354 1632 1406 τὸν
1657 1355 1747 1405 λόο

176 1454 297 1504 γον,
330 1438 474 1491 ὥστε
505 1438 707 1509 μηκέτι
736 1440 833 1508 μὲν
859 1440 1102 1510 ἅψασθαι
1132 1443 1338 1512 τολμᾷν
1361 1444 1471 1495 τῶν
1494 1443 1749 1496 ἐοικότων

177 1529 363 1598 αὐτῷ,
420 1529 829 1599 προσεξεμέσαι
852 1529 908 1582 δὲ
950 1532 1044 1583 καὶ
1075 1530 1164 1594 οὒς
1196 1531 1387 1602 πρώην
1416 1531 1748 1585 καταπεπώ-

182 1635 289 1671 κει.
334 1619 398 1671 Ἣ
430 1622 537 1689 γὰρ
572 1620 824 1689 ἐνέργεια
858 1620 1067 1689 σαφῶς,
1098 1616 1277 1691 οἶμαι,
1330 1621 1424 1675 τοῦ
1455 1623 1748 1692 φαρμάκου

177 1708 282 1781 τὴν
306 1709 473 1778 φύσιν
503 1711 872 1763 ἐνδείκνυταιο
904 1710 966 1762 τὸ
990 1713 1097 1782 γὰρ
1126 1712 1367 1781 ὁμοφυὲς
1396 1714 1539 1764 ᾶπαν
1564 1710 1750 1782 ἐξεμέ-

1846 549 1959 594 stra
1987 541 2106 595 sine
2140 538 2464 605 variatione,
2500 539 2633 594 fecit
2688 546 2748 593 ut
2779 546 2967 608 posset
3005 537 3405 598 assimilariei;

1848 641 1908 687 ut
1928 633 2090 687 liceat
2116 632 2305 696 Paulo,
2329 641 2383 687 et
2417 631 2542 685 aliis
2573 631 2824 699 exemplo
2845 630 2987 700 ejus,
3018 628 3239 683 dicere:
3276 628 3408 682 luti--

1847 731 2042 777 tatores
2080 723 2179 775 mei
2208 730 2388 784 estote,
2440 723 2573 774 sicut
2626 728 2675 775 et
2707 737 2799 790 ego
2830 719 3026 775 Christi
3057 721 3140 785 ³¹¹;
3207 729 3263 773 et
3304 720 3407 788 ipsi

1847 813 2080 868 Domino
2113 829 2125 864 :
2158 811 2353 865 Discite
2375 829 2406 865 a
2442 828 2542 875 me,
2575 813 2698 882 quia
2766 812 2906 864 mitis
2953 826 3071 862 sum
3113 817 3161 861 et
3198 809 3410 863 humilis

1847 902 1999 956 corde
2035 902 2100 957 ⁸³.
2164 901 2279 955 lmo
2333 916 2514 969 neque
2558 915 2706 954 mors
2762 915 2860 970 per
2915 906 3147 952 mortem
3203 896 3410 952 Christi

1848 1004 2064 1048 mortua
2091 1008 2121 1047 a
2150 993 2381 1061 reliquis
2430 993 2695 1061 deinceps
2735 991 3055 1047 hominibus
3079 1006 3139 1045 se
3168 1003 3409 1058 unquam

1847 1083 2167 1146 abstineret,
2202 1082 2308 1136 nisi
2334 1097 2433 1150 per
2464 1084 2646 1136 omnia
2670 1082 2926 1137 similiter
2960 1081 3256 1136 invasisset
3278 1095 3409 1135 eum

1848 1174 1943 1243 qui
1963 1182 2092 1227 ante
2122 1173 2411 1238 occubuit;
2436 1189 2599 1242 quem
2632 1182 2921 1242 postquam
2954 1171 3210 1242 gustavit,
3241 1186 3413 1240 usque

1848 1262 1986 1315 adeo
2024 1261 2220 1314 dentes
2241 1262 2360 1329 ejus
2375 1261 2801 1329 obstupuerunt,
2821 1273 2880 1315 ut
2909 1261 3205 1327 Scriptura:
3227 1258 3411 1313 verbis

1849 1358 1996 1411 utar,
2024 1358 2085 1404 ut
2118 1365 2229 1403 non
2253 1350 2492 1419 amplius
2515 1350 2716 1403 audeat
2732 1364 2829 1403 eos
2858 1348 3151 1418 attingere,
3177 1347 3269 1416 qui
3290 1350 3417 1417 ejus

1848 1440 2056 1495 similes
2093 1449 2242 1504 sunt,
2274 1448 2329 1493 et
2376 1449 2438 1494 ut
2466 1448 2685 1494 evomat
2715 1455 2812 1494 eos
2842 1455 2983 1508 quos
3029 1439 3185 1508 prius
3214 1440 3410 1492 absor-

1850 1541 2052 1600 pscrat.
2083 1528 2342 1600 Operatio
2370 1531 2543 1596 enim,
2586 1531 2805 1599 opinor,
2844 1530 2990 1583 clare
3015 1538 3266 1583 naturam
3296 1543 3412 1581 mc-

1850 1621 2141 1675 dicamcnti
2175 1621 2551 1683 demonstrat;
2594 1619 2866 1689 siquidem
2910 1636 3071 1675 omne
3120 1619 3265 1689 quod
3296 1627 3414 1674 erat

1850 1711 2094 1783 ejusdem
2124 1722 2353 1775 naturae,
2377 1711 2557 1782 coegit
2589 1726 2842 1765 evomere
2876 1727 3000 1766 cum
3029 1712 3121 1782 qui
3172 1726 3414 1766 momor-

154 1817 274 1853 ισαι
328 1800 421 1853 τὸν
468 1801 787 1875 λαςιύξαντα
834 1802 1277 1871 κατηνάγκασεν.
1338 1803 1461 1866 Πῶς
1491 1803 1538 1856 δ’
1562 1803 1627 1857 ἂν
1656 1805 1749 1857 καὶ

1856 1805 2021 1858 derat.
2047 1803 2254 1857 Deinde
2304 1802 2582 1872 quomodo
2632 1804 2717 1857 lex
2776 1803 3067 1857 conﬂictus
3114 1804 3167 1857 in
3200 1804 3415 1873 experi-

174 1891 206 1940 ό
240 1890 342 1958 τῆς
376 1890 695 1959 συμπλοκῆς
732 1891 893 1959 νόμος
914 1928 930 1953 ,
989 1894 1046 1943 ὲν
1080 1895 1145 1962 τῇ
1186 1893 1558 1967 προσαχθείσῃ
1583 1895 1748 1965 πείρᾳ

180 1981 554 2047 πεφύλακται,
589 1982 664 2050 μὴ
689 1981 769 2049 τῷ
796 1983 1107 2035 πεπτωκότι
1131 1985 1230 2053 τὴν
1254 1986 1393 2037 κατὰ
1413 1985 1575 2053 φύσιν
1598 1985 1751 2055 ἐχού-

182 2088 286 2140 σης
324 2073 625 2139 ἐμφέρειαν
672 2071 773 2140 τῆς
817 2072 1219 2143 πειραζομένης
1252 2075 1499 2143 φύσεως;
1551 2076 1611 2128 οὐ
1642 2076 1751 2145 γὰρ

180 2164 368 2233 νεκᾷν,
404 2162 519 2215 ἁλλ’
548 2163 882 2231 ἐπηρεάζειν
911 2165 1092 2230 ἐστὶν,
1126 2166 1189 2219 τὸ
1220 2166 1375 2236 παρὰ
1401 2163 1751 2238 τοὺς’νόμους

180 2255 283 2323 τῆς
310 2254 554 2321 ᾁγωνίας
573 2254 1003 2324 συμπλέκεσθαι·
1023 2258 1186 2327 νόμος
1215 2258 1271 2311 δὲ
1296 2260 1553 2325 ἀγωνίας,
1574 2261 1635 2312 τὸ
1663 2260 1750 2312 διὰ

181 2344 279 2396 τοῦ
321 2345 488 2398 πάλαι
529 2346 1063 2409 καταπεπτωκότος.
1097 2349 1496 2403 καταπαλαίειν
1528 2352 1620 2403 τὸν
1648 2351 1749 2422 ἤδη

179 2437 513 2505 νενικηκότα
533 2476 548 2501 ,
608 2437 700 2488 καὶ
733 2437 905 2507 ταύτῃ
933 2454 996 2505 γε
1024 2438 1088 2508 δὴ
1117 2440 1216 2508 τὴν
1244 2439 1553 2509 ἔμπροσθεν
1581 2436 1753 2511 ἧτταν

181 2528 601 2582 ἀνακαλεῖσθαι.
667 2528 791 2591 Πῶς
838 2529 884 2581 δ’
912 2528 978 2581 ἂν
1029 2533 1122 2584 καὶ
1154 2532 1313 2600 ἡμεῖς
1352 2532 1443 2585 τὸν
1473 2533 1626 2604 παρὰ
1654 2534 1753 2602 τὴν

181 2618 277 2669 τοῦ
329 2620 566 2688 ὀργάνου
619 2618 914 2688 διαφορὰν,
973 2620 1033 2672 τὸ
1083 2622 1183 2690 τῆς
1222 2622 1421 2691 ἀρετῆς
1472 2622 1750 2692 ἐξαίρετον

183 2708 381 2780 ἔχοντα
408 2710 815 2782 μιμησαίμεθα,
844 2713 901 2765 ἐν
926 2713 1153 2784 παθητῷ
1178 2714 1271 2767 καὶ
1295 2713 1517 2786 φθαρτῷ
1538 2715 1749 2783 σώματι

184 2798 285 2868 τὴν
321 2801 461 2871 πρὸς
491 2802 552 2854 τὸ
578 2802 859 2873 ἄφθαρτον
888 2803 1151 2873 ὁμοίωσιν
1178 2806 1600 2876 άπαιτούμενοι;
1634 2809 1751 2861 Πα-

188 2892 498 2962 ραπλήσιον
548 2892 657 2963 γὰρ
710 2894 769 2946 τὸ
818 2893 1034 2946 τοιοῦτο
1079 2892 1218 2948 εἶναι
1263 2897 1445 2962 δοκεῖ,
1494 2899 1751 2971 καθάπερ

187 2978 241 3028 εί
287 2995 375 3041 τις
422 2981 481 3031 ὲν
517 2982 852 3043 τεκτονικοῖς
894 2982 1112 3034 σκεύεσι
1140 2985 1237 3054 τὴν
1266 2988 1628 3060 χαλκευτικὴν
1656 2993 1748 3042 ἐικ-

186 3066 436 3138 πληροῦν
469 3067 668 3136 τέχνην
694 3067 1034 3141 νομοθετοίη.
1094 3072 1206 3125 Καὶ
1233 3074 1343 3146 γάρ
1385 3079 1434 3129 εἰ
1474 3077 1633 3131 τοῦτο
1658 3074 1748 3150 ἦν,

1849 1905 2035 1950 mento
2062 1894 2314 1950 adhibito
2348 1905 2563 1950 servata
2602 1906 2769 1959 esset,
2823 1895 2868 1949 si
2909 1904 3256 1964 naturaqure
3291 1906 3410 1949 ten-

1852 1993 2016 2047 tatur,
2050 2000 2156 2039 non
2202 1986 2431 2040 haberet
2480 1986 2894 2040 similitudinem
2941 1986 3245 2039 naturalem
3285 2001 3409 2039 cum

1850 2076 2030 2144 coqui
2077 2075 2376 2132 occubuit?
2411 2076 2529 2130 Non
2562 2077 2710 2129 enim
2762 2084 2849 2130 est
2882 2075 3123 2137 vincere,
3173 2075 3270 2128 sed
3302 2074 3413 2128 vim

1852 2167 2068 2229 ail‘erre,
2105 2169 2361 2237 congredi
2405 2174 2601 2236 praeter
2624 2167 2771 2235 leges
2806 2165 3152 2220 certaminis:
3202 2164 3289 2218 lex
3319 2180 3414 2217 vc-

1853 2272 1914 2310 ro
1956 2259 2274 2312 certaminis
2328 2265 2411 2311 est
2468 2272 2566 2325 per
2617 2270 2744 2309 eum
2805 2255 2897 2324 qui
2940 2262 3095 2308 antea
3132 2253 3411 2310 occubuit.

1853 2365 2111 2419 superare
2154 2366 2278 2404 cum
2323 2350 2417 2419 qui
2445 2350 2555 2419 jam
2602 2348 2834 2409 vicerat,
2880 2355 2935 2401 et
2960 2347 3063 2400 hac
3097 2345 3310 2399 ratione
3358 2354 3416 2397 ct

1852 2440 1940 2494 via
1968 2441 2309 2510 superiorem
2331 2440 2590 2496 amissam
2624 2439 2914 2493 victoriam
2948 2437 3235 2492 resarcire.
3269 2435 3416 2502 Quu—

1852 2529 2015 2583 modo
2037 2544 2137 2584 nos
2161 2529 2327 2583 etiam
2353 2543 2477 2583 eum
2522 2528 2614 2597 qui
2667 2537 2890 2597 propter
2926 2526 3290 2581 dill'erentiam
3333 2525 3415 2578 ἰη-

1852 2620 2145 2675 strumenti
2173 2621 2375 2675 virtute
2400 2628 2702 2690 praestaret,
2745 2618 3108 2681 imitaremur,
3152 2634 3182 2671 a
3213 2617 3415 2686 quibus

1852 2709 2256 2779 requireretur,
2291 2709 2426 2762 utin
2450 2707 2695 2778 passibili
2718 2717 2775 2762 et
2800 2705 3147 2775 corruptibili
3182 2720 3417 2776 corpore

1853 2802 2060 2857 similes
2106 2818 2209 2857 nos
2244 2801 2656 2871 incorruptibili
2700 2800 3096 2856 redderemus?
3139 2802 3242 2857 hoc
3269 2802 3416 2856 enim

1855 2893 2032 2947 simile
2060 2893 2194 2947 mihi
2224 2893 2463 2959 videtur,
2489 2900 2550 2946 ut
2581 2893 2627 2947 si
2658 2893 2785 2962 quis
2808 2893 2926 2962 lege
2959 2893 3181 2961 juheret
3212 2892 3418 2947 instru-

1854 2983 2058 3037 mentis
2084 2983 2372 3037 fabrilibus
2401 2992 2574 3037 artem
2617 2982 2756 3035 l'abri
2793 2981 2974 3035 :crarii
3012 2995 3290 3035 exercere.
3322 2980 3417 3035 Et-

1854 3075 2003 3127 enim
2051 3073 2098 3128 si
2138 3073 2213 3127 ita
2274 3083 2440 3135 esset,
2487 3074 2652 3128 etiam
2699 3071 2962 3125 aberrare
3005 3071 3074 3124 al)
3109 3071 3418 3124 imitatione

188 3156 398 3208 καὶτὸ
445 3155 545 3224 τῆς
593 3155 960 3227 θεομιμησίας
1006 3160 1366 3228 διαμαρτεῖν,
1421 3148 1752 3238 ἀνέγκλητον

1856 3164 1974 3229 Dei,
2003 3164 2234 3219 crimine
2287 3178 2514 3233 prorsus
2559 3169 2798 3216 vacaret.
2821 3160 2941 3214 Non
2969 3160 3115 3214 enim
3143 3174 3315 3228 prope
3335 3168 3415 3212 est

188 3250 370 3323 πάντη
419 3249 736 3321 ἐτύγχανεν.
797 3252 870 3305 Ού
917 3252 1025 3323 γὰρ
1070 3254 1238 3321 ἐγγὺς
1283 3256 1344 3309 τὸ
1382 3260 1751 3330 παράδειγμα,

189 3342 287 3394 καὶ
333 3345 446 3405 τοῖς
490 3341 695 3411 ταύτην
725 3343 1184 3413 ἐκμιμουμένοις,
1225 3345 1288 3397 τὸ
1321 3346 1410 3399 τὸν
1434 3347 1754 3405 διδάσκαλον

192 3431 556 3505 ὑπερϐάλλειν
593 3432 970 3501 περιεγένετο,
1018 3434 1077 3484 ὲν
1105 3433 1471 3507 ἀσθενεστέρα
1498 3441 1564 3509 τῇ
1595 3441 1756 3508 φύσει

191 3520 680 3590 πεπολιτευμένοις
703 3522 798 3574 καὶ¹
812 3522 1184 3592 διηθληκόσιν.
1202 3526 1308 3580 Ἐῶ
1331 3530 1439 3600 γάρ
1464 3529 1645 3600 λέγειν
1674 3534 1756 3586 ὅτι

195 3610 333 3680 μηδὲ
392 3611 708 3679 πρακτικῆς
762 3614 856 3665 καὶ
904 3612 1251 3687 ἀνθρωπίνης
1300 3621 1503 3690 ἀρετῆς
1557 3621 1757 3692 νόμους

192 3703 346 3754 ἐστιν
379 3703 561 3773 εὑρεῖν
595 3704 654 3755 ὲν
683 3703 951 3776 ἀφθάρτῳ
985 3705 1231 3777 σώματι,
1283 3702 1327 3776 ᾧ
1352 3727 1416 3778 γε
1445 3711 1534 3765 διὰ
1561 3711 1622 3764 τὸ
1645 3713 1758 3766 ἀνω

195 3791 414 3844 κεῖσθαι
463 3792 573 3844 τῶν
618 3792 981 3865 άνθρωπῑνων
1024 3796 1244 3861 παθῶν,
1302 3800 1423 3852 οὐδὲ
1475 3804 1633 3855 πεῖνα
1673 3804 1757 3856 ὅτι

198 3883 336 3951 μηδὲ
367 3882 662 3954 ἐγκράτεια
683 3925 697 3950 ,
746 3885 868 3939 οὐδὲ
912 3886 1075 3950 πόνος
1108 3888 1191 3940 ὅτι
1223 3891 1300 3962 μὴ
1331 3891 1603 3963 ὑπομονὴ,
1634 3893 1758 3946 οὐδὲ

196 3972 380 4045 ὕϐρις,
415 3976 500 4028 ὅτι
548 3975 683 4045 μηδὲ
728 3977 1083 4043 ταπείνωσις,
1134 3979 1255 4033 ούδέ
1286 3997 1339 4034 τι
1367 3982 1478 4034 τῶν
1500 3983 1758 4039 τοιούτων

195 4065 519 4134 πρόσεστιν,
556 4065 643 4119 ἵνα
680 4066 755 4136 μὴ
786 4067 855 4119 τά
885 4068 1010 4121 καθ’
1032 4069 1239 4123 ἕκαστα
1267 4069 1556 4138 διεξιόντες
1581 4072 1758 4128 ἐνδια-

194 4154 499 4223 τρίϐοιμεν.
537 4156 612 4207 ού
644 4157 790 4226 μέγα
814 4156 871 4209 δὲ
896 4159 1092 4225 εἰπεῖν,
1129 4163 1211 4214 ὅτι
1245 4163 1379 4233 μηδὲ
1407 4163 1611 4234 ἀρετῆς
1641 4164 1759 4217 ἐπί-

193 4242 364 4308 δειξιν
389 4244 535 4298 ἔστιν
565 4246 659 4299 ἐπὶ
683 4245 783 4315 τῆς
810 4248 1088 4319 ἀφθάρτου
1116 4251 1210 4305 καὶ⁸
1235 4252 1515 4316 άνενδεοῢς
1542 4254 1758 4323 φύσεως

196 4333 423 4386 ἐπιδεῖν.
459 4329 690 4386 Ἀλύπου
720 4334 828 4404 γὰρ
860 4335 1076 4402 φύσεως
1106 4336 1256 4405 ἁγὼν
1286 4340 1384 4391 οὐκ
1411 4339 1592 4392 ἔστιν’
1624 4341 1673 4392 εί
1699 4340 1756 4392 δὲ

199 4420 308 4513 μὴ,
357 4422 481 4513 citet
512 4422 647 4513 alter;
673 4439 686 4453 ·
745 4427 794 4477 εί
820 4424 877 4478 δὲ
909 4424 984 4495 μὴ
1015 4425 1163 4496 νίκη,
1196 4426 1318 4480 οὐδὲ
1346 4427 1623 4498 στέφανοι.
1661 4429 1831 4513 Εἰς-υ

194 4511 357 4566 τοῦτο
383 4511 447 4581 δὴ
474 4511 574 4580 τῆς
602 4514 833 4577 ἀτοπίας
864 4516 924 4567 τὸ
955 4514 1213 4584 μέγεθος,
1264 4516 1325 4569 τὸ
1371 4518 1583 4588 κομψὸν
1611 4519 1758 4590 ὑμᾶς

195 4602 296 4672 τῆς
320 4602 635 4673 ἀφθαρσίας
667 4604 957 4674 ἀπήγαγεν
983 4606 1176 4675 ὄνομα.

265 4804 330 4855 Δ.
367 4802 578 4873 Κομιδῇ
610 4802 765 4871 γοῦν,
809 4805 1018 4868 ἐκεῖνος
1044 4804 1181 4876 ἔφη,
1236 4805 1296 4858 τὸ
1328 4805 1471 4876 μέγα
1498 4800 1757 4875 τῆςὲνὼ-

196 4904 334 4950 ceu);
383 4892 706 4960 ὲκταράττει
758 4894 1093 4964 μυστήριον*
1130 4895 1179 4946 εἰ
1207 4895 1282 4964 μὴ
1313 4895 1384 4946 τὰ
1410 4895 1508 4963 τῆς
1539 4894 1754 4966 ἀφθαρ-

195 4978 568 5048 σίαςὸΛόγος
619 4981 712 5034 ἀπ’
737 4984 912 5052 ἀρχῆς
956 4982 1031 5052 τῷ
1078 4984 1264 5055 οἰκείῳ
1314 4983 1613 5055 δεδώρηται
1660 4985 1758 5037 σώ-

198 5087 333 5137 ματι
356 5111 371 5131 ,
418 5071 556 5123 ἀλλά
601 5072 743 5123 κατὰ
771 5072 861 5123 τὸν
894 5074 1009 5125 ἴσον
1036 5074 1240 5143 τρόπον
1270 5074 1402 5144 ἡμῖν
1427 5075 1633 5140 αὐτοῖς,
1665 5076 1758 5129 καὶ

194 5160 343 5232 αὕτῷ
374 5162 474 5232 τὴν
504 5162 583 5225 είς
615 5161 843 5231 ὕστερον
875 5148 1189 5234 ἀφθαρσίαν
1222 5166 1605 5234 ἐταμιεύσατο.

266 5255 328 5305 0.
365 5252 629 5315 Μείζονος
661 5252 707 5304 δ’
734 5252 800 5306 ἂν
830 5253 917 5322 εἴη
946 5256 1046 5323 τῆς
1073 5256 1362 5320 εὐλαϐείας
1390 5257 1558 5324 ἄξιον,
1580 5254 1756 5323 εἷπον,

193 5338 256 5393 τὸ
290 5341 428 5408 μετά
456 5358 579 5394 τινα
608 5342 791 5409 λέγειν
819 5345 1148 5413 γεγενῆσθαι
1179 5347 1393 5416 καιρὸν,
1422 5347 1515 5400 τοῦ
1545 5348 1751 5420 Κυρίου

192 5427 294 5500 τὴν
322 5430 613 5500 ἀνάληψιν,
650 5430 744 5484 καὶ
776 5430 874 5502 τὴν
905 5434 968 5486 ὲκ
995 5432 1185 5497 δεξιῶν
1216 5435 1423 5506 ἵδρυσιν
1444 5476 1458 5501 ,
1511 5436 1645 5491 ἀλλὰ
1680 5437 1754 5508 μὴ

267 5668 310 5698 ³³
385 5672 401 5725 l
433 5672 561 5727 Cor.
594 5687 670 5738 xl,
718 5673 766 5728 l.
880 5672 924 5703 ³³
951 5671 1141 5726 Matth.
1172 5688 1245 5738 xx,
1279 5673 1368 5729 29.

1855 3256 2190 3324 exemplum.
2206 3253 2272 3308 Et
2296 3253 2647 3308 imitantibus
2673 3251 3129 3320 versantibusque
3147 3249 3200 3303 in
3223 3257 3417 3303 natura

1854 3342 2177 3409 inﬁrmiore,
2201 3353 2258 3399 et
2299 3343 2714 3400 decertantibus
2767 3342 2986 3396 abunde
3032 3341 3244 3405 fuisset,
3270 3341 3415 3420 quod

1856 3434 2120 3517 magister
2143 3445 2353 3489 naturae
2381 3433 2792 3490 excellentioris
2811 3441 2948 3487 erat.
2976 3429 3183 3485 Omitto
3209 3430 3416 3492 dicere,

1856 3525 2003 3594 quod
2029 3541 2208 3595 neque
2227 3526 2376 3594 leges
2393 3526 2618 3580 virtutis
2648 3526 2704 3579 in
2755 3524 2973 3579 actione
3020 3523 3210 3592 positae
3232 3530 3288 3577 et
3312 3521 3427 3574 hu-

1857 3629 2048 3676 mante,
2074 3616 2128 3669 in
2164 3631 2393 3685 corpore
2421 3615 2821 3684 incorrUptibili
2847 3614 3089 3683 reperire
3127 3614 3288 3669 licet:
3330 3612 3418 3673 cui

1856 3704 2100 3772 quidem,
2121 3706 2250 3774 quia
2287 3720 2454 3773 supra
2475 3704 2760 3775 passiones
2785 3705 3052 3757 humanas
3084 3712 3189 3764 est,
3216 3717 3318 3756 nec
3339 3711 3421 3755 est

1858 3792 2051 3857 fames,
2111 3795 2237 3863 quia
2276 3810 2379 3848 nec
2413 3795 2812 3864 temperantia;
2861 3808 3043 3862 neque
3076 3793 3253 3857 labor,
3290 3795 3418 3861 quia

1857 3897 2038 3951 neque
2069 3882 2393 3948 tolerantia;
2443 3898 2622 3952 neque
2667 3882 3021 3945 contumelia,
3067 3881 3195 3951 quia
3243 3896 3420 3950 neque

1858 3971 2167 4038 humilitas;
2202 3986 2303 4026 nec
2333 3972 2540 4041 aliquid
2567 3971 2986 4041 hujusmodi,ne
3026 3971 3255 4042 singulis
3281 3986 3418 4025 enu-

1858 4063 2136 4117 merandis
2159 4062 2551 4117 immoremur:
2596 4077 2773 4131 neque
2795 4078 3053 4132 magnum
3105 4062 3312 4132 aliquid
3340 4064 3419 4116 di-

1858 4169 1999 4215 cam.
2029 4153 2083 4223 si
2105 4152 2318 4215 dixero,
2371 4168 2551 4223 neque
2584 4153 2844 4207 virtutem
2881 4153 3116 4222 spectari
3166 4160 3220 4206 et
3267 4155 3421 4208 cerni

1860 4241 1916 4295 in
1951 4249 2148 4297 natura
2175 4242 2409 4311 alicujus
2434 4241 2870 4312 incorruptibilis
2889 4251 2945 4297 et
2996 4242 3131 4297 nihil
3175 4242 3423 4314 indigen-

1858 4333 1953 4388 tis.
1982 4333 2202 4389 Natura:
2223 4333 2373 4389 enim
2404 4350 2436 4389 α
2472 4334 2664 4390 dolore
2707 4344 2764 4389 et
2786 4333 3011 4389 tristitia
3032 4335 3277 4388 vat-antis
3311 4351 3419 4389 non

1858 4431 1944 4478 est
1968 4431 2282 4488 certamen;
2316 4424 2363 4477 εἰ
2406 4431 2590 4477 autem
2626 4438 2737 4477 non
2780 4432 2864 4477 est
2915 4430 3209 4488 certamen,
3242 4439 3421 4493 neque

1862 4513 2127 4571 victoria:
2165 4513 2209 4567 si
2234 4528 2367 4568 vero
2395 4529 2505 4567 non
2533 4521 2618 4568 cst
2671 4513 2921 4578 victoria,
2968 4528 3148 4582 neque
3180 4528 3418 4569 coronae.

1859 4602 1942 4657 Ad
1968 4602 2074 4656 hoc
2095 4611 2201 4656 tam
2222 4602 2544 4665 absurdum,
2579 4602 2798 4672 elegans
2854 4617 3057 4657 nomen
3084 4603 3414 4672 ἀφθαρσίας,

1862 4691 1915 4746 id
1940 4700 2025 4747 est
2044 4692 2605 4762 incorruptibilitatis,
2637 4708 2736 4748 vos
2763 4691 2968 4763 adegit.

1928 4804 1996 4859 Η.
2029 4805 2409 4868 Vehementer,
2432 4805 2744 4875 inquitille,
2796 4820 3053 4875 magnum
3093 4806 3415 4875 mysterium

1858 4896 2083 4949 uniouis
2111 4897 2319 4958 turbat,
2352 4896 2397 4949 si
2426 4896 2668 4951 Verbum
2721 4912 2832 4950 non
2862 4896 3015 4951 dedit
3061 4898 3278 4964 corpori
3321 4913 3422 4951 suo

1857 5001 1886 5039 a
1912 4986 2206 5055 principio,
2242 4996 2302 5041 ut
2320 4986 2920 5055 essetincorruptibile,
2949 4986 3043 5042 sed
3076 5002 3230 5056 aeque
3258 4997 3421 5057 atque

1859 5077 2021 5132 nobis
2050 5076 2183 5146 ipsis
2216 5076 2318 5146 ipsi
2356 5077 2413 5129 in
2441 5084 2721 5146 posterum
2751 5075 2856 5129 hoc
2890 5075 3209 5132 reservavit.

1930 5254 1994 5311 Ο.
2031 5252 2219 5322 Majori
2254 5252 2585 5317 reverentia,
2622 5252 2846 5321 inquam
2881 5266 3004 5321 ego,
3058 5251 3284 5321 dignum
3312 5259 3420 5315 est,

1861 5348 2047 5403 dicere
2077 5346 2276 5401 factam
2311 5360 2433 5400 esse
2460 5353 2585 5414 post
2604 5342 2825 5413 aliquod
2854 5349 3070 5411 tempus
3089 5340 3423 5409 assumptio-

1860 5454 1983 5493 nem
2008 5436 2248 5503 Domini,
2270 5444 2325 5493 et
2356 5436 2424 5491 ad
2464 5435 2745 5491 dexteram
2787 5433 2841 5486 in
2868 5430 3023 5488 cmlis
3074 5444 3420 5493 consessum,
