3912 6298
487 344 624 411 1351

494 551 605 604 alio
634 549 799 604 modo
830 548 952 620 ejus
980 547 1200 603 laudem
1229 547 1591 618 amplificare.

563 663 629 720 ll.
656 664 763 719 Sed
790 665 835 717 si
868 663 992 728 hoc,
1020 661 1224 732 inquit,
1253 662 1460 718 factum
1482 670 1589 728 est,
1636 662 1776 717 nihil
1814 661 1942 717 inde
1969 677 2071 717 no-

493 756 581 811 bis
608 756 865 825 amplius.

566 874 630 930 0.
658 874 873 942 Quare?
892 874 1116 945 inquam
1151 889 1273 944 ego.

566 982 633 1050 Η.
659 996 817 1063 Quia,
847 996 1044 1065 inquit,
1095 1010 1274 1063 neque
1330 993 1413 1049 sic
1458 993 1868 1064 gubernamur;
1898 1009 2078 1065 neque

498 1088 688 1143 statim
724 1089 875 1157 iuxta
906 1087 1088 1156 ipsum
1110 1087 1350 1155 primum
1379 1094 1564 1139 ortum
1595 1086 1714 1140 sive
1745 1085 2074 1149 naturalem,

497 1182 613 1236 sive
641 1187 824 1234 ortum
847 1193 915 1232 ex
962 1178 1294 1247 baptismate
1319 1191 1553 1246 regnum
1597 1175 1865 1230 caelorum
1915 1175 2078 1230 nobis

497 1276 682 1329 datur.

568 1395 633 1449 Ο.
655 1395 733 1448 Da
760 1392 917 1454 mihi,
947 1390 1173 1459 inquam
1221 1404 1344 1459 ego,
1378 1396 1439 1442 ut
1472 1388 1579 1442 hoc
1623 1386 1787 1441 modo
1843 1385 2077 1440 habeam

500 1486 825 1559 mysterium
868 1481 1455 1551 incorruptibilitatis;
1498 1479 1633 1549 quid
1660 1494 1801 1549 opus
1840 1485 1956 1532 erat
2018 1485 2080 1531 ut

502 1580 618 1649 ipse
645 1586 838 1647 postea
888 1574 1301 1629 institutionem
1328 1573 1457 1626 vitae
1487 1570 1800 1625 communis
1828 1568 2079 1638 suscipe-

501 1679 605 1733 ret,
634 1671 677 1724 si
703 1683 815 1723 non
836 1669 948 1739 jam
975 1668 1031 1721 in
1056 1666 1177 1736 ipso
1204 1663 1510 1720 secundum
1559 1663 1791 1732 primam
1832 1659 2080 1730 corporis

499 1762 618 1831 ejus
646 1759 1025 1814 formationem
1056 1757 1230 1812 totius
1281 1754 1526 1827 mysterii
1556 1753 1953 1824 perfectionem
1990 1752 2082 1805 ha-

500 1852 733 1907 bemus?
765 1850 822 1905 Si
858 1850 1007 1906 enim
1046 1848 1164 1903 haec
1209 1863 1320 1902 non
1359 1848 1440 1901 sic
1494 1854 1644 1912 sunt,
1697 1845 1867 1915 igitur
1898 1859 2078 1913 neque

501 1952 668 1999 totam
703 1952 930 2014 pr0pter
958 1957 1058 1996 nos
1096 1938 1458 1996 meonomiam
1488 1937 1686 1992 factam
1721 1951 1842 1990 esse
1866 1934 2080 2004 reperi-

500 2052 644 2098 mus,
686 2036 784 2091 sed
824 2035 1004 2105 ipsum
1039 2041 1253 2088 tantum
1286 2030 1536 2103 mysterii
1578 2027 1932 2100 prooemium.

571 2160 638 2214 li.
670 2157 979 2225 Quomodo,
1006 2154 1207 2226 inquit,
1237 2151 1342 2207 hoc
1384 2150 1564 2206 dicis?
1594 2149 1715 2204 Non
1758 2148 1905 2204 enim
1928 2144 2076 2217 quod

502 2250 689 2305 dixisti
727 2249 996 2318 intelligo.

571 2372 635 2428 Ο.
673 2371 854 2438 Quod,
891 2379 952 2424 nt
1013 2378 1070 2424 tu
1103 2369 1207 2436 ais,
1252 2369 1477 2439 inquam
1530 2383 1658 2438 ego,
1696 2367 1804 2421 erit
1852 2364 2077 2436 quidem

502 2469 821 2522 incarnatus
856 2473 1082 2534 propter
1138 2476 1259 2524 nos.
1285 2471 1342 2514 et
1385 2467 1615 2529 propter
1672 2466 1919 2512 nostram
1949 2457 2078 2511 inde

504 2555 1119 2626 incorruptibilitatem;
1156 2560 1411 2606 versatus
1452 2565 1586 2604 vero
1620 2549 1677 2603 in
1705 2549 1841 2611 vita,
1873 2557 1931 2602 et
1953 2563 2080 2618 pas-

504 2665 619 2712 sus,
645 2664 707 2702 ac
725 2646 1021 2701 suscitatus
1044 2643 1233 2698 nescio
1255 2657 1446 2712 quare.
1473 2640 1530 2696 Si
1560 2655 1693 2695 vero
1730 2639 2078 2709 propositum

503 2748 623 2794 erat
677 2738 947 2792 suscitare
993 2750 1121 2789 eum
1161 2734 1258 2804 qui
1308 2734 1627 2797 ceciderat,
1684 2740 1741 2787 et
1777 2748 1846 2787 ex
1899 2741 2078 2786 morte

504 2829 778 2884 redimere
839 2835 1003 2895 atque
1048 2824 1118 2879 ad
1179 2824 1347 2879 vitam
1414 2839 1697 2888 revocare,
1757 2831 1815 2877 et
1852 2830 1914 2876 ut
1956 2837 2080 2876 cor-

504 2937 640 2992 pore
695 2917 1103 2989 incorruptibili
1153 2917 1297 2971 facto
1333 2915 1778 2986 splendesceret:
1814 2915 1932 2969 haec
1967 2930 2076 2968 non

504 3014 667 3069 aliter
694 3012 913 3067 abunde
943 3012 1106 3066 nobis
1157 3010 1349 3064 adesse
1379 3017 1653 3079 poterant,
1707 3022 1871 3077 quam
1896 3006 1940 3061 si
1965 3006 2078 3059 Do-

506 3107 690 3162 minus
748 3103 1185 3173 unumquodque
1249 3102 1446 3156 borum
1502 3100 1559 3153 in
1622 3099 1842 3168 propria
1911 3113 2077 3152 carne

505 3198 968 3252 demonstrasset:
1004 3195 1120 3248 haec
1141 3200 1325 3246 autem
1358 3190 1563 3254 omnia,
1592 3199 1653 3242 ut
1677 3204 1775 3241 vos
1797 3187 2021 3256 putatis,
2046 3204 2078 3242 a

506 3287 777 3359 principio
804 3286 1026 3340 unionis
1050 3283 1330 3337 aDomino
1383 3281 1624 3350 perfecta
1655 3287 1806 3343 sunt,
1846 3294 2077 3348 corpore

504 3386 715 3454 ejusex
737 3384 853 3453 ipsa
894 3381 1098 3434 unione
1125 3377 1531 3447 incorruptibili
1586 3376 1750 3431 facto.
1802 3376 2078 3431 Habemus

506 3474 675 3542 igitur
695 3487 759 3524 ex
796 3472 914 3538 ipso
958 3468 1135 3537 primo
1193 3466 1438 3537 mysterii
1480 3465 1640 3520 initio
1679 3473 1854 3519 totum
1878 3477 2080 3536 myste-

507 3565 683 3619 rium:
717 3573 1122 3630 supervacanea
1167 3556 1505 3625 fuitreliqua
1554 3555 1817 3624 deinceps
1850 3569 2077 3609 (nconc-

505 3653 636 3708 mia.
675 3651 828 3707 Sicut
854 3649 999 3704 enim
1020 3648 1063 3701 si
1099 3647 1274 3718 primo
1322 3645 1568 3701 remedio
1622 3645 1834 3715 integra
1871 3645 2078 3698 sanitas

504 3746 665 3817 aegris
713 3743 1059 3805 restituatur,
1114 3755 1457 3811 supervacua
1525 3746 1612 3793 est
1670 3746 1861 3807 postea
1909 3751 2077 3807 opera

506 3838 872 3900 medicorum,
899 3832 1072 3890 semel
1102 3830 1472 3886 invalitudine
1499 3835 1787 3898 superata:
1823 3826 1901 3880 sic
1923 3826 1969 3880 si
2011 3841 2078 3878 ex

508 3930 625 4000 ipsa
669 3929 872 3982 unione
904 3941 1028 3980 cum
1061 3938 1227 3979 carne
1280 3921 1490 3974 bonum
1531 3915 2078 3987 incorruptibilitatis

506 4021 668 4077 nobis
700 4017 950 4077 immisit.
976 4016 1157 4070 omnis
1185 4015 1401 4083 reliqua
1443 4009 1703 4067 circuitio
1724 4018 1780 4065 et
1836 4010 2078 4064 ambitus

505 4111 748 4183 mysterii
786 4107 1098 4179 superﬂuus
1132 4115 1238 4161 est.
1270 4105 1376 4159 Sed
1406 4103 1678 4164 existimo,
1729 4101 1955 4156 evenire
1982 4116 2079 4155 vo-

505 4202 611 4257 bis.
640 4211 701 4257 ut
724 4202 805 4255 sic
829 4200 1056 4269 putetis,
1078 4196 1224 4268 quod
1252 4195 1518 4266 ignoratis
1533 4194 1695 4247 aliam
1714 4192 1938 4263 quidem
1956 4208 2078 4247 esse

506 4292 773 4347 rationem
822 4289 1167 4344 formationis
1225 4286 1511 4353 corporis,
1558 4285 1725 4340 alium
1788 4301 1922 4340 vero
1963 4300 2080 4338 mo-

505 4383 635 4438 dum
665 4383 905 4438 unionis.
939 4382 1115 4449 Atque
1169 4378 1302 4433 illud
1324 4376 1548 4447 quidem
1588 4394 1658 4433 ex
1687 4378 1981 4447 praesentia
2021 4383 2079 4430 et

505 4476 747 4531 adventu
787 4472 1027 4541 Spiritus
1053 4470 1227 4525 sancti
1256 4469 1553 4534 exstitisse,
1600 4468 1697 4539 qui
1738 4459 1874 4523 illud
1899 4476 1960 4522 ut
1994 4467 2078 4521 ef-

505 4565 682 4619 fector
722 4560 1010 4627 formavit;
1064 4558 1326 4613 unionem
1385 4574 1517 4613 vero
1554 4574 1665 4612 non
1712 4574 1779 4613 ex
1812 4555 2074 4627 energia,

1738 342 2050 406 LEONTII
2093 344 2500 406 ΒΥΖᾹΝΤΙΝΙ

491 470 550 517 et
593 475 703 514 non
734 473 763 514 a
798 456 1075 529 principio
1100 457 1343 513 unionis.
1369 457 1489 512 Non
1522 457 1669 511 enim
1706 456 1844 511 mihi
1873 457 1955 511 fas
1985 464 2071 510 est

2187 456 2239 509 ix
2291 453 2517 525 πρώτης
2567 452 2836 517 ἐνώσεως.
2901 454 2976 505 Οὐ
3020 452 3131 524 γὰρ
3175 452 3341 522 θέμις
3390 451 3605 522 ιμοιγι
3662 450 3783 517 dli;

2180 562 2300 608 πως
2333 545 2497 600 αὐτόν
2530 562 2663 598 ποτε
2697 543 3048 615 μεγαλύνειν.

2248 670 2313 719 Δ.
2353 664 2494 717 Ἀλλ’
2521 666 2571 718 εί
2598 665 2695 719 καὶ
2719 665 2882 719 τοῦτο
2906 666 3165 735 γενέσθαι
3190 665 3601 737 συμϐέϐηκεν,
3618 661 3777 728 εἶπεν,

2181 755 2290 809 οὐδ’
2319 756 2386 810 ἂν
2413 753 2483 828 ἧν
2512 774 2566 810 τι
2596 757 2849 811 ἐντεῦθεν
2879 757 3043 811 πλέον
3071 760 3226 829 ἡμῖν.

2250 878 2312 930 0.
2353 875 2460 929 Τοῦ
2487 875 2551 946 δὴ
2577 878 2773 949 χάριν;
2808 874 2965 931 εἷπον
2993 878 3123 946 ἐγώ.

2249 998 2315 1050 Α.
2354 997 2645 1067 Διότιπερ,
2690 996 2825 1068 ἐφη,
2874 997 3013 1069 μηδέ
3072 997 3248 1062 οὓτως
3304 1003 3767 1072 οἱκονομοὺμεθιι,

3663 338 3791 401 135!

2179 1089 2292 1142 εἴτε
2324 1088 2427 1160 τὴν
2455 1088 2715 1159 φυσικὴν,
2746 1089 2859 1142 εἴτε
2885 1091 2981 1143 τοῦ
3012 1090 3439 1161 βαπτίσματος,
3482 1097 3520 1164 ἠ
3557 1096 3670 1146 τῶν
3694 1100 3767 1148 elo-
3866 1096 3871 1164 ᾗ

2184 1180 2364 1251 ρανῶν
2395 1182 2530 1251 ἡμῖν
2557 1181 2761 1234 δίδοται
2791 1180 3064 1251 βασιλεία.

2253 1389 2317 1444 0.
2368 1386 2554 1459 Ταύτῃ
2605 1404 2700 1457 μοι
2743 1387 2888 1441 δίδου
2915 1428 2931 1453 ,
2986 1388 3123 1459 πρὸς
3165 1389 3340 1442 αὑτὸν
3373 1383 3577 1455 εἷπον,
3611 1392 3766 1444 καὶτὶ

2180 1482 2280 1551 τῆς
2323 1481 2637 1553 ἀφθαρσίας
2684 1481 2832 1551 ἔχειν
2884 1482 3226 1551 μυστήριον⁸
3287 1481 3380 1544 τίς
3424 1484 3551 1553 γὰρ
3592 1478 3658 1553 ἦν
3693 1486 3765 1536 n3

2178 1575 2344 1645 χρεία
2399 1572 2500 1644 τὴν
2545 1575 2626 1635 είς
2669 1574 2731 1627 τὸ
2762 1573 2893 1642 ἑξῆς
2924 1572 3089 1625 αὐτὸν
3118 1572 3417 1627 πολιτείαν
3450 1574 3761 1639 ἁναλαδείν,

2181 1666 2416 1736 ἐχόντων
2446 1663 2607 1734 ἡμῶν
2635 1665 2694 1717 ἐν
2717 1662 2871 1734 αὐτῷ
2900 1664 3042 1719 κατὰ
3066 1664 3164 1733 τὴν
3192 1666 3438 1736 πρώτην
3469 1666 3761 1731 διάπλασιν,

2180 1758 2280 1829 τὴν
2346 1756 2440 1810 τοῦ
2504 1756 2708 1820 παντὸς
2767 1756 3077 1828 μυστηρίου
3136 1756 3495 1824 τελείωσιν;
3570 1760 3631 1813 Εἰ
3678 1762 3765 1829 γὰρ

2185 1849 2262 1920 μὴ
2294 1848 2471 1902 ταῦτα
2500 1848 2678 1914 οὕτως
2701 1888 2716 1913 ,
2773 1849 2899 1901 οὐδὲ
2932 1850 3118 1903 πᾶσαν
3146 1850 3515 1919 γεγενῆσθαι
3548 1851 3620 1905 δι’
3644 1854 3765 1922 ἡμᾶς

2183 1940 2280 2011 τὴν
2331 1941 2650 2004 οἰκονομίαν
2700 1939 3065 2011 εὑρίσκομεν,
3126 1940 3249 1994 ἀλλ’
3303 1942 3459 1994 αὐτὸ
3516 1944 3675 2011 μόνον
3719 1946 3764 1995 τι

2181 2030 2277 2085 τοῦ
2309 2030 2613 2103 μυστηρίου
2646 2030 2959 2100 προοίμιον.

2166 2146 2174 2156 ’
2249 2152 2317 2205 Δ.
2354 2151 2501 2217 Πῶς,
2530 2151 2659 2222 ἔφη,
2687 2149 2849 2204 τοῦτο
2877 2150 3089 2219 λέγεις;
3126 2151 3188 2203 οὐ
3217 2152 3338 2224 γὰρ
3367 2152 3441 2224 δὴ
3476 2155 3577 2207 τοῦ
3600 2156 3758 2225 ρηθέν-

2178 2258 2272 2306 τος
2305 2243 2558 2313 συνίημι.

2250 2366 2309 2419 Ο.
2344 2365 2469 2417 Ὀτι
2497 2380 2563 2433 γε
2590 2362 2657 2435 δὴ
2687 2363 2831 2416 κατὰ
2856 2363 2983 2424 τοὺς
3013 2361 3161 2425 σοὺς,
3191 2360 3363 2433 ἔφην,
3394 2363 3627 2433 λόγους,
3653 2382 3759 2435 σιρ-

2182 2456 2382 2520 κωθεὶς
2434 2455 2533 2526 μὲν
2580 2454 2734 2508 ἐσται
2781 2454 2849 2508 δι’
2883 2455 3031 2523 ἡμᾶς
3079 2455 3174 2505 καὶ
3210 2453 3317 2523 τὴν
3348 2455 3624 2508 ἐντεῦθεν
3653 2458 3759 2525 te?»

2181 2545 2492 2618 ἀφθαρσίαν
2513 2586 2528 2610 ,
2586 2545 3051 2614 πεπολιτευμένος
3081 2544 3141 2597 δὲ
3173 2546 3375 2599 παθών
3407 2563 3474 2598 τε
3527 2553 3623 2599 καὶ
3648 2550 3757 2601 ἀνα-

2183 2641 2316 2703 στὰς
2338 2681 2353 2705 ,
2411 2640 2513 2691 οὐκ
2546 2633 2643 2691 οἷδ’
2676 2636 2794 2690 ἀνθ’
2820 2637 2966 2690 ὅτου.
3022 2636 3085 2688 El
3114 2636 3171 2688 δέ
3201 2637 3421 2700 σκοπὸς
3454 2640 3567 2705 μὲν
3595 2636 3659 2709 ἦν
3687 2642 3758 2691 τὶν

2182 2731 2421 2784 πεσόντα
2453 2729 2762 2798 ἀναστῆσαι
2788 2767 2803 2791 ,
2858 2728 2955 2781 καὶ
2988 2729 3054 2779 ἐκ
3080 2727 3318 2780 θανάτου
3359 2728 3758 2800 λυτρώσασθαι.

2181 2824 2277 2876 καὶ
2326 2824 2408 2885 εἰς
2448 2820 2593 2892 ζωὴν
2637 2820 2873 2875 καλέσαι
2908 2822 3003 2873 καὶ
3035 2818 3378 2884 ἀναϐίωσιν,
3416 2823 3758 2894 ἀφθάρτῳτι

2179 2913 2643 2985 καταλαμπρῦναι
2674 2913 2924 2995 σώματι,
2963 2910 3139 2965 ταῦτα
3165 2911 3222 2965 δὲ
3258 2913 3403 2981 ἡμῖν
3435 2916 3545 2986 οὐχ
3579 2919 3757 2986 ἑτέρως

2180 3006 2530 3080 περιεγίνετο
2555 3045 2569 3069 ,
2627 3005 2703 3075 μὴ
2732 3005 2857 3074 οὐχὶ
2885 3003 2979 3056 τοῦ
3009 3005 3219 3074 Κυρίου
3250 3007 3311 3057 ἐν
3342 3009 3417 3076 τῇ
3447 3009 3567 3079 ἰδίᾳ
3597 3012 3759 3079 σαρκὶ,

2178 3100 2385 3154 τούτων
2430 3099 2666 3151 ἕκαστον
2719 3096 3140 3167 ἐπιδειξαμένου
3169 3112 3185 3128 ⁸
3253 3098 3443 3171 ταύτῃ
3497 3101 3560 3154 δὲ
3609 3106 3761 3156 πάγει

2180 3191 2304 3245 καθ’
2352 3192 2496 3259 ὑμᾶς
2546 3192 2612 3243 ἐκ
2662 3187 2888 3258 πρώτης
2936 3190 3183 3253 ἐνὼσεως
3242 3192 3355 3244 ὑπὸ
3409 3193 3517 3246 τοῦ
3572 3195 3760 3265 κυρία»

2195 3283 2536 3342 τετέλεσται,
2574 3283 2633 3334 τὸ
2662 3280 2859 3334 ἐαυτοῦ
2889 3282 3049 3351 σῶμα
3078 3282 3217 3353 πρὸς
3242 3284 3580 3356 ἀφθαρσίαν
3610 3305 3760 3357 μετα-

2182 3375 2550 3446 κεράσαντος,
2606 3373 2803 3444 ἔχομεν
2854 3371 2915 3436 ἐξ
2959 3373 3129 3442 αὐτῆς
3167 3374 3278 3443 ἄρα
3325 3377 3429 3427 τοῦ
3466 3379 3760 3448 μυσττιμοίσ.»

2180 3468 2279 3536 τῆς
2312 3466 2537 3537 πρώτης
2570 3464 2748 3535 ἀρχῆς
2781 3464 2840 3517 τὸ
2872 3466 2981 3517 πᾶν
3013 3465 3109 3517 τοῦ
3141 3470 3498 3535 μυστηρίου,
3551 3475 3647 3522 καὶ
3678 3487 3759 3522 :1-

2185 3557 2339 3626 ριττὴ
2382 3555 2569 3607 λοιπὸν
2613 3557 2647 3625 ὴ
2683 3555 2811 3625 ἐξῆς
2842 3556 3155 3624 οἰκονομία.
3206 3557 3433 3629 Ὥσπερ
3461 3562 3583 3633 γὰρ
3613 3565 3661 3616 εὶ
3686 3562 3760 3615 διὰ

2181 3647 2401 3720 πρώτου
2428 3650 2747 3732 ,φαρμάκου
2799 3647 2985 3702 τελεία
3046 3650 3163 3712 τοῖς
3215 3649 3545 3720 κάμνουσιν
3595 3654 3760 3721 ὑγίεια

2182 3739 2567 3809 προσεγίνετο,
2611 3737 2864 3809 Δπεριττὴ
2919 3738 3108 3792 λοιπὸν
3159 3742 3194 3810 ἡ
3248 3744 3397 3809 μετά
3436 3743 3626 3798 ’ταῦτα
3664 3748 3764 3806 τοῖς

2183 3833 2389 3902 ἰατροῖς
2420 3833 2892 3903 ἐπιτετηδευμένη
2924 3833 3066 3886 κατὰ
3093 3833 3195 3902 τῆς
3223 3833 3379 3898 ἅπαξ
3402 3840 3763 3908 νενικημένης

2180 3924 2491 3997 ἀρρωστίας
2522 3925 2727 3994 σπουδή
2751 3940 2764 3953 ³
2814 3925 2908 3977 τὸν
2940 3924 3107 3978 αὑτὸν
3134 3924 3204 3996 δὴ
3221 3927 3458 3995 τρόπον,
3494 3931 3551 3981 εί
3586 3933 3651 3985 ἐκ
3677 3931 3762 3999 τῆς

2182 4016 2430 4080 ἐνώσεως
2480 4017 2579 4087 τῆς
2629 4017 2767 4087 πρὸς
2813 4016 2913 4088 τὴν
2958 4019 3176 4086 σάρκα,
3223 4019 3288 4071 τὸ
3318 4020 3425 4089 τῆς
3455 4023 3763 4091 ἀφθαρσίας

2181 4107 2376 4178 ἐνῆκεν
2405 4109 2540 4178 ἡμῖν
2568 4108 2797 4176 ἀγαθὸν,
2836 4108 3071 4179 περιττὴ
3099 4110 3252 4163 πᾶσα
3281 4112 3315 4179 ἡ
3345 4111 3519 4183 λοιπὴ
3550 4116 3648 4168 τοῦ
3671 4134 3760 4183 μυ-

2183 4197 2407 4268 στηρίου
2460 4197 2731 4267 περίοδος.
2792 4197 2933 4250 Ἀλλ’
2972 4196 3128 4269 οἶμαι
3161 4199 3327 4254 τοῦτο
3354 4203 3601 4273 πάσχειν

2181 4287 2513 4357 ἀγνοοῦντας
2539 4329 2553 4351 ,
2612 4290 2696 4341 ὅτι
2745 4288 2905 4352 ἄλλος
2940 4289 3041 4359 μὲν
3073 4292 3102 4344 ὁ
3127 4290 3289 4358 λόγος
3319 4293 3426 4362 τῆς
3456 4295 3759 4355 etiam»;

2180 4380 2278 4434 τοῦ
2310 4380 2590 4453 σώματος,
2627 4380 2788 4444 ἄλλος
2816 4380 2873 4435 δὲ
2904 4383 2933 4435 ὁ
2962 4382 3063 4452 τῆς
3093 4384 3343 4449 ἐνώσεως
3366 4389 3605 4455 τρόπος.
3660 4390 3758 4442 Καὶ

2180 4473 2263 4526 ὅτι
2314 4474 2375 4527 τὸ
2417 4473 2518 4544 μὲν
2564 4473 2812 4543 ὑπῆρξεν
2856 4473 3005 4545 αὐτῷ
3053 4475 3120 4528 ἐκ
3165 4475 3267 4545 τῆς
3304 4477 3402 4529 τοῦ
3440 4479 3758 4549 Ilva-Spem;

2182 4563 2484 4637 παρουσίας
2532 4563 2627 4616 καὶ
2674 4562 2974 4633 ἐνδημίας,
3026 4563 3454 4635 δημιουργικῶς
3481 4570 3623 4622 αὐτὸ
3647 4571 3756 4623 δια-

507 4656 621 4712 sive
685 4652 1004 4723 operatione
1052 4649 1241 4715 Verbi,
1291 4650 1387 4705 sed
1431 4666 1498 4704 ex
1552 4659 1662 4704 tnta
1716 4659 1770 4704 et
1825 4649 2077 4704 substan-

2187 4654 2526 4724 πλαττούσης
2544 4672 2556 4684 ·
2590 4654 2652 4706 τδ
2678 4653 2734 4706 δὲ
2760 4655 2861 4707 οὐκ
2894 4657 2959 4708 ἐκ
2986 4655 3088 4727 τῆς
3115 4655 3212 4710 τοῦ
3238 4658 3421 4724 Λόγου
3447 4662 3705 4732 ἐνερῖεει
3736 4704 3750 4723 ,

508 4747 624 4805 tiali
672 4745 895 4800 unione.
940 4743 1129 4799 Virtus
1171 4743 1319 4797 enim
1374 4742 1612 4812 Spiritus
1656 4740 1830 4795 sancti
1886 4739 2078 4794 fecun-

509 4841 734 4897 ditatem
764 4823 973 4907 Virgini
1002 4833 1393 4905 suppeditavit,
1440 4842 1498 4885 ut
1521 4830 1745 4899 quidam
1797 4829 1942 4898 apud
1976 4844 2078 4883 nos

506 4937 666 4993 valde
699 4935 979 5003 eleganter
993 4931 1166 4996 dixit;
1198 4938 1255 4985 et
1291 4927 1545 4984 formatio
1596 4924 1919 4979 substantiae
1949 4940 2075 4978 cor-

507 5029 661 5101 poris
689 5043 756 5082 ex
775 5024 985 5095 Spiritu
1015 5032 1207 5078 sancto
1238 5028 1323 5074 est
1351 5016 1656 5074 secundum
1695 5017 2073 5086 Operationem

507 5119 630 5187 ejus
681 5114 1017 5170 en‘ectricem
1070 5109 1391 5171 constituta,
1469 5108 1698 5162 materia
1775 5115 1959 5161 autem
2009 5118 2075 5159 ex

507 5207 730 5278 Virgine
790 5211 1007 5272 sumpta
1058 5210 1165 5256 est.
1197 5199 1436 5256 Verbum
1467 5210 1648 5253 autem
1703 5198 1964 5267 templum
2009 5196 2079 5251 ab

508 5298 932 5369 Spiritnsancto
959 5292 1065 5346 sibi
1115 5290 1444 5346 fabricatum
1469 5291 1524 5344 in
1581 5289 1699 5356 ipsa
1754 5289 1931 5358 prima
1969 5287 2080 5341 for-

506 5390 749 5446 matione
810 5384 1101 5447 inhabitat,
1176 5398 1287 5437 non
1336 5389 1672 5450 exspectata,
1730 5388 1791 5433 ut
1854 5378 2078 5448 quidam

507 5487 659 5534 recte
680 5475 839 5538 dixit,
869 5476 1343 5529 consummatione
1371 5471 1604 5540 templi,.
1637 5470 1731 5525 sed
1767 5467 1951 5539 primo
1977 5469 2080 5523 ini-

510 5562 591 5617 tio
617 5561 913 5617 ineﬂ'abilis
948 5560 1288 5625 meonomiae,
1339 5559 1395 5613 id
1446 5567 1532 5615 est
1598 5557 2079 5620 incarnationis.in

515 5653 633 5720 ipsa
652 5658 863 5704 natura:
893 5650 1110 5705 oﬂicina
1130 5650 1366 5712 unitum.
1417 5659 1593 5704 totum
1628 5649 1920 5704 aedificium
1976 5648 2081 5702 sibi

522 5739 910 5795 circumdedit.
957 5740 1074 5794 Non
1126 5741 1270 5795 enim
1326 5741 1469 5795 facto
1528 5756 1778 5810 corpore,
1823 5742 1905 5796 sic
1948 5741 2083 5796 foris

2184 4743 2367 4799 ἁλλ’ἐκ
2386 4744 2482 4813 τῆς
2501 4744 2636 4814 πρὸς
2655 4743 2818 4797 αὑτὸν
2838 4744 3030 4815 ὑλικῆς
3051 4747 3147 4800 καὶ
3161 4747 3463 4813 οὑσιώδους
3489 4752 3752 4813 ἐνιὼσεως.

2185 4837 2258 4890 Τδ
2301 4835 2399 4907 μὲν
2433 4836 2543 4906 γὰρ
2582 4836 2807 4907 γόνιμον
2840 4841 2909 4908 τῇ
2941 4838 3209 4909 Παρθένῳ
3247 4840 3280 4908 ή
3312 4839 3410 4894 τοῦ
3441 4844 3761 4914 Πνεῠματος

2183 4925 2410 4995 δύναμις
2438 4928 2798 4996 ἐχορήγησεν,
2833 4926 2911 4991 ὥς
2939 4945 3023 4990 τις
3052 4928 3161 4982 τῶν
3192 4931 3325 4999 παρ’
3349 4932 3493 5000 ἡμῖν
3517 4937 3763 5005 εἴρηκεν,

2183 5016 2276 5068 καὶ
2337 5014 2459 5068 λίαν
2517 5015 2699 5081 καλῶς
2724 5033 2738 5047 ο
2811 5020 2907 5071 καὶ
2962 5020 2996 5089 ἡ
3050 5020 3307 5084 οὑσίωσις
3357 5022 3461 5076 τοῦ
3510 5023 3765 5095 σώματα,

2184 5108 2248 5160 ἐκ
2283 5105 2604 5176 Πνεῦματὸς
2634 5108 2786 5162 ἐστιν
2814 5109 3007 5176 ἁγίου,
3052 5111 3194 5164 κατὰ
3224 5111 3324 5181 τὴν
3351 5112 3769 5186 δημιουργικὴδ

2178 5195 2346 5249 αὑτοῦ
2399 5198 2645 5250 συστᾶσα
2721 5197 3048 5269 ἐνέργειαν,
3108 5201 3173 5253 ἐκ
3219 5203 3277 5256 δὲ
3336 5204 3440 5269 τῆς
3494 5210 3770 5261 ί-εοτδιου

2179 5290 2213 5358 ἡ
2260 5287 2359 5357 ὕλη
2409 5289 2510 5358 τῆς
2554 5289 2742 5353 οὐσίας
2790 5292 3219 5363 προσείληπται.
3256 5295 3315 5347 '0
3360 5296 3418 5348 δὲ
3461 5298 3652 5366 Λόγος
3686 5303 3776 5353 τὸν

2179 5382 2243 5431 ἐκ
2273 5378 2367 5432 τοῦ
2398 5379 2716 5451 Πνεύματος
2747 5382 3072 5451 κτιζόμενον
3098 5386 3247 5455 αὐτῷ
3273 5387 3422 5451 ναὸν,
3450 5389 3577 5441 κατ’
3599 5395 3776 5455 αὐτὴν

2185 5470 2283 5541 τὴν
2332 5448 2561 5540 πρώτην
2606 5474 2807 5526 ἐνοικεῖ
2854 5448 3144 5529 διάπλασιν
3171 5494 3184 5507 ·
3217 5448 3373 5532 ”οὒδὲ
3408 5448 3777 5551 διαμείνας,

2185 5561 2261 5624 ὡς
2285 5557 2407 5614 εἷπέ
2430 5562 2533 5614 πού
2558 5581 2645 5627 τις
2668 5563 2846 5635 ὀρθῶς
2867 5566 3065 5634 λέγων,
3084 5567 3184 5638 τὴν
3206 5570 3500 5624 τελείωσιν
3523 5573 3628 5627 τοῦ
3653 5576 3779 5637 νεὼ,

2187 5653 2325 5725 and;
2353 5656 2419 5723 τῇ
2449 5654 2643 5727 πρώτῃ
2669 5656 2770 5725 τῆς
2796 5658 3040 5728 ἀρρήτου
3068 5661 3386 5729 οἰκονομίας
3413 5664 3586 5735 ἀρχῇ,
3618 5667 3685 5719 ἑν
3707 5666 3783 5732 τῷ

2189 5743 2287 5811 τῆς
2320 5740 2536 5812 φύσεως
2568 5745 2918 5815 ἐργαστηρίῳ
2964 5748 3290 5815 συναφθεὶς,
3339 5752 3443 5824 τὴν
3477 5756 3786 5826 οἰκοδομὴν
