3912 6298
163 285 300 351 Γὲῑι3

1220 280 1520 341 CONTRA
1551 279 1871 340 NESTOR.
1911 281 2007 340 ET
2045 281 2366 343 EUTYCH.

3279 288 3418 356 I354

158 403 342 454 πᾶσαν
391 393 570 466 ἐαυτῷ
613 392 1012 465 περιτέθεικεν.
1071 391 1147 444 0'5
1191 392 1300 463 γὰρ
1341 393 1405 462 δὴ
1431 395 1728 462 γενομένου

1840 392 2081 457 advenit,
2117 393 2212 448 sed
2256 408 2315 447 se
2358 394 2537 463 ipsum
2583 395 3008 464 circuminduit,
3056 406 3113 452 et
3159 408 3414 458 naturam

156 490 254 545 τοῦ
283 489 562 560 σώματος,
596 486 739 538 οὕτω
767 484 1004 554 θύραθεν
1031 483 1194 547 αὐτὸς
1223 483 1581 552 ἐπεισῆλθεν,
1618 481 1734 536 ἀλλ’

158 582 354 637 ἑαυτὸν
385 578 753 649 περιπλάσας,
790 577 1241 647 ἀγαλματοφορεῖ
1268 575 1329 628 τὺ
1354 575 1648 646 ἡμέτερον.

229 674 341 744 Τὴν
391 672 571 725 τοίνυν
624 669 868 737 ἰδιότητα
919 668 1015 732 τοῦ
1069 667 1322 738 σώματος
1376 669 1478 719 οὐκ
1529 670 1592 720 ἐκ
1638 668 1737 735 τῆς

157 766 253 820 τοῦ
302 765 478 831 Λόγου
507 762 798 831 γνωρίζειν
847 760 996 814 ἐστιν
1037 760 1308 822 ὲνώσεως,
1367 759 1483 812 ἀλλ’
1528 761 1594 813 ὲκ
1639 761 1739 828 τῆς

122 858 256 912 ,τοῦ
293 855 615 924 [Ινεύματος
653 853 969 921 δυνάμεως,
1020 851 1455 921 διαπλαττούσης
1482 851 1612 903 αὐτὸ
1646 851 1739 902 καὶ

159 945 578 1017 διαμορφούσης
601 983 615 1005 ,
675 943 800 1012 δίχα
847 942 957 995 τῶν
996 942 1371 1012 πρωτουργῶν
1398 943 1497 1010 τῆς
1524 940 1738 1008 φύσεως

157 1040 411 1109 ὀργάνων
437 1054 450 1067 °
510 1037 607 1105 τὴν
638 1034 694 1115 δὲ
727 1034 1147 1103 ἁναμαρτησίαν
1186 1034 1282 1086 καὶ
1312 1032 1411 1103 τὴν
1435 1031 1562 1101 ὃλην
1588 1031 1740 1099 ἁγιό-

156 1150 329 1201 τητα,
367 1132 468 1199 τήν
495 1147 557 1182 τε
588 1127 777 1199 ὀλικὴν
812 1127 949 1194 πρὸς
980 1126 1102 1180 ὂλον
1136 1127 1226 1179 τὸν
1257 1127 1518 1196 εἰληφότα
1545 1125 1739 1177 ἕνωσιν

157 1226 257 1277 καὶ
284 1224 610 1290 ἀνάκρασιν,
651 1221 747 1272 καὶ
778 1220 837 1271 τὸ
867 1219 965 1270 ἓνα
994 1235 1053 1271 τε
1082 1213 1223 1270 εἶναι
1257 1219 1350 1270 καὶ
1376 1215 1738 1287 χρηματίζειν

159 1315 313 1379 Υίὸν,
351 1315 445 1365 καὶ
476 1313 603 1380 ὅλης
638 1310 735 1379 τῆς
772 1312 960 1376 υίικῆς
995 1310 1261 1379 ἰδιότητος
1294 1310 1424 1371 τοὺς
1455 1300 1755 1378 χαρακτῆέ

162 1422 263 1476 ρας
320 1404 656 1471 φανοτάτους
693 1402 1122 1470 ἐπιφαίνεσθαι,
1182 1403 1215 1471 ὴ
1254 1399 1349 1453 τοῦ
1386 1400 1561 1465 Λόγου
1598 1416 1738 1469 συμ-

157 1499 300 1568 φυὴς
327 1500 524 1561 ἓνωσις
550 1498 985 1567 κατειργάσατο*
1018 1493 1093 1550 ὧν
1121 1496 1488 1567 ἀναφαίρετος
1508 1497 1541 1565 ή
1571 1512 1742 1564 μακα-

162 1590 352 1660 ριότης
372 1629 385 1648 ,
439 1587 626 1657 ἐπειδὴ
661 1589 755 1640 καὶ
789 1591 819 1656 ἡ
851 1587 1043 1648 ἓνωσις
1071 1586 1401 1655 ἀδιαίρετος.
1447 1586 1611 1637 Ὥστε
1641 1585 1740 1654 τὴν

162 1681 262 1751 μὲν
299 1680 555 1733 σύστασιν
587 1682 681 1733 καὶ¹
708 1681 808 1750 τὴν
839 1680 1075 1750 ἰδιότητα
1102 1679 1197 1732 τοῦ
1228 1678 1511 1749 σώματος,
1548 1679 1613 1731 ὲκ
1640 1679 1741 1746 τῆς

1837 493 2081 540 nostram
2106 495 2284 540 ornat.

1908 660 2229 730 Proprietas
2262 658 2710 732 igitur‘corporis
2741 679 2850 718 non
2887 671 3069 733 potest
3115 681 3182 722 ex
3209 668 3418 726 unione

1843 751 2005 806 Verbi
2040 752 2318 822 cognosci,
2342 753 2437 807 sed
2459 767 2524 807 ex
2564 754 2768 808 virtute
2797 755 3039 824 Spiritus
3069 759 3270 824 sancti,
3304 761 3420 816 for-

1841 852 2024 897 mante
2054 843 2229 913 ipsum
2249 860 2452 914 corpus
2478 845 2597 900 sine
2619 848 2815 915 primis
2844 849 3228 907 instrumentis
3254 863 3420 909 natu-

1842 951 1954 1000 rm;
1986 936 2331 989 vacationem
2365 952 2499 990 vero
2537 952 2567 990 a
2605 946 2854 1006 peccato,
2877 950 2932 993 et
2960 949 3128 996 totam
3158 944 3420 1000 sanctita-

1841 1035 1949 1080 tem
1984 1035 2261 1097 totamque
2302 1028 2561 1083 unionem
2614 1046 2739 1084 cum
2792 1040 2905 1086 toto
2957 1033 3137 1089 Verbo
3196 1051 3419 1092 carnem

1840 1127 2114 1181 sumente,
2161 1136 2395 1189 esseque
2425 1130 2480 1175 et
2511 1124 2691 1176 vocari
2723 1139 2890 1178 unum
2948 1125 3170 1192 Filium,
3210 1137 3266 1182 et
3317 1144 3418 1198 ap-

1840 1213 2035 1278 parere
2061 1211 2366 1266 clarissima
2382 1213 2535 1282 signa
2557 1214 2722 1268 totius
2758 1216 3115 1284 proprietatis
3138 1219 3259 1274 Filii
3286 1223 3419 1276 unio

1842 1288 2004 1356 Verbi
2048 1316 2171 1355 cum
2194 1314 2389 1357 natura
2444 1314 2631 1358 nostra
2677 1306 2886 1376 (59-41)
2922 1310 3184 1377 ell‘ecit,_a
3215 1313 3419 1382 quibus

1840 1393 2128 1448 beatitudo
2159 1395 2351 1450 divelli
2371 1412 2479 1451 non
2511 1407 2712 1466 pmest,
2750 1402 2880 1469 quia
2910 1411 2967 1455 et
3003 1403 3135 1456 unio
3157 1414 3242 1459 cst
3273 1407 3421 1461 insc-

1845 1485 2129 1552 parabilis.
2177 1487 2365 1556 Itaque
2428 1489 2885 1545 constitutionem
2920 1501 2976 1547 et
3024 1497 3418 1563 proprietatem

1844 1578 2096 1645 corporis
2132 1593 2198 1632 ex
2229 1578 2556 1647 operatione
2597 1581 2837 1651 Spiritus
2886 1585 3059 1639 sancti
3112 1586 3418 1653 profectam

1844 1682 1966 1721 esse
2002 1667 2388 1736 cognovimus;
2422 1670 2681 1723 unionem
2709 1686 2841 1725 vero
2871 1664 3007 1727 non”
3020 1690 3086 1729 ex
3114 1677 3259 1731 nuda
3287 1694 3419 1748 ope-

158 1772 440 1845 ὲνεργείας
471 1772 729 1841 γενέσθαι
763 1773 857 1825 τοῦ
887 1771 1207 1840 Πνεύματος
1237 1770 1487 1840 ἔγνωμεν
1508 1783 1519 1795 ·
1556 1769 1656 1839 τὴν
1682 1770 1729 1821 δὲ

1842 1759 2056 1814 ratione
2090 1758 2276 1826 Verbi,
2308 1760 2401 1814 sed
2430 1761 2605 1830 ipsius
2628 1762 3162 1821 Verbisubstantiali
3188 1743 3414 1825 unione.

157 1865 354 1918 ἕνωσιν
386 1867 485 1917 οὐκ
517 1867 581 1917 ὲκ
610 1868 708 1936 τῆς
734 1864 831 1916 τοῦ
858 1864 1036 1931 Λόγου
1065 1864 1228 1933 ψιλῆς
1252 1863 1570 1933 ἐνεργείας,
1624 1862 1737 1915 ἀλλ’

154 1957 323 2011 αὑτοῦ
354 1957 448 2009 τοῦ
474 1958 653 2025 Λόγου
678 1956 970 2019 οὐσιὼδους
999 1957 1380 2026 ἀνακράσεως.

227 2047 339 2100 Καὶ
368 2047 542 2100 ταῦτα
584 2051 680 2116 μὲν
714 2049 875 2117 ἡμεῖς
908 2048 1046 2116 πρὸς
1079 2048 1172 2100 τὸν
1206 2049 1496 2118 ἐντυχόντα
1542 2050 1738 2123 πρώην

156 2141 291 2208 ἡμῖν
335 2136 709 2205 διειλέγμεθα,
740 2137 840 2200 τὰς
883 2137 1149 2200 δοκούσας
1201 2138 1350 2208 αὐτῷ
1381 2139 1629 2210 ἀμάχους
1658 2142 1739 2205 είς

153 2232 434 2298 ἡμετέραν
461 2229 692 2298 δύναμιν
722 2228 1011 2290 λελυκότες
1040 2228 1415 2304 διαπορήσεις.
1453 2230 1738 2301 Ἀξιοῦμεν

152 2324 213 2375 δὲ
245 2323 373 2383 τοὺς
415 2321 838 2390 ἐντευξομένους
877 2321 1013 2390 τῷδε
1040 2320 1202 2390 ἡμῶν
1250 2320 1329 2390 τῷ
1379 2321 1586 2392 μετρίῳ
1614 2340 1738 2375 συνο

120 2416 421 2482 τάγματι,
453 2413 588 2481 πρὸς
623 2413 724 2477 τὰς
762 2413 870 2465 τῶν
904 2413 1165 2484 Πατέρων
1208 2411 1362 2483 ίεράς
1402 2413 1734 2485 ἀναδραμεῖν

122 2503 564 2573 ’πραγματείας,
600 2504 655 2570 ἐξ
686 2500 760 2559 ὧν
791 2505 887 2558 καὶ
926 2508 1090 2575 ἡμεῖς
1125 2504 1225 2567 τὰς
1271 2506 1530 2576 ἀφορμὰς
1583 2505 1734 2576 εἰλη-

156 2597 341 2664 φότες.
375 2595 547 2648 ταῦτα
580 2598 1017 2666 γεγραφήκαμεν
1039 2612 1053 2626 ’
1092 2598 1186 2648 καὶ
1223 2595 1321 2658 τὰς
1348 2596 1576 2665 χρήσεις
1598 2594 1735 2664 πρὸς

156 2689 258 2756 τὴν
294 2686 402 2752 τῷν
433 2687 741 2756 εἰρημένων
774 2686 1065 2755 βεϐαίωσιν
1100 2686 1474 2757 παρεθέμεθα.
1505 2687 1630 2758 Δοίη
1676 2688 1735 2741 δὲ

158 2779 365 2850 Κύριος
396 2780 728 2849 ἀμφοτέροις
746 2783 857 2842 τοῖς
891 2781 1106 2851 μέρεσι,
1132 2779 1451 2853 φιλαλήθως
1471 2779 1568 2832 καὶ
1594 2780 1735 2834 κατὰ

152 2871 217 2923 τὸ
282 2872 446 2923 αὐτοῦ
506 2870 754 2941 βούλημα
810 2872 1039 2941 ζητοῦσι
1092 2871 1189 2922 καὶ
1256 2869 1731 2941 διερευνωμένοις,

157 2962 611 3032 ὲμφανιζομὲνην
665 2963 851 3023 αὐτοῖς
910 2962 1091 3032 εὑρεῖν
1156 2960 1255 3029 τὴν
1287 2961 1573 3031 ἀλήθειαν,
1611 2954 1733 3031 ἥτις

154 3055 278 3107 ἐστὶ
308 3053 562 3119 Χριστὸς
602 3056 635 3106 ό
671 3053 770 3105 ἐπὶ
802 3052 1044 3105 πάντων
1079 3052 1245 3117 Θεὸς,
1341 3052 1524 3122 ήδόξα
1552 3053 1648 3107 καὶ
1673 3052 1734 3106 τὸ

155 3144 362 3212 κράτος
392 3146 473 3204 είς
507 3144 632 3208 τοὺς
661 3130 889 3206 αἰῶνας.
930 3143 1130 3212 Ἀμήν.

154 3255 478 3323 Προοίμιον
510 3252 629 3307 τῶν
657 3254 935 3322 χρήσεων
963 3253 1114 3307 κατὰ
1154 3249 1729 3321 Ἀφθαρτοδοκητῶν.

239 3498 578 3567 Ἐπειδήπερ
609 3497 849 3566 Χριστοῦ
880 3498 1064 3567 χάριτι
1098 3499 1198 3560 τὰς
1238 3497 1338 3567 μὲν
1368 3497 1433 3550 ὲκ
1459 3499 1569 3550 τῶν
1599 3510 1732 3568 προπ

154 3591 373 3645 τάσεων
418 3589 787 3658 πιθανότητας
828 3592 908 3651 είς
957 3588 1193 3658 δύναμιν
1242 3588 1570 3660 λελύκαμεν,
1626 3588 1732 3640 ὑπ-

150 3681 424 3750 εσχόμεθα
462 3681 518 3734 δὲ
576 3683 670 3732 καὶ
700 3684 820 3744 ταῖς
849 3680 956 3734 τῶν
1004 3681 1247 3751 ἀρχαίων
1290 3681 1618 3751 μαρτυρίαις
1674 3681 1735 3733 τὸ

154 3772 349 3824 πιστὸν
384 3773 497 3834 τοῖς
546 3771 864 3840 εἰρημένοις
902 3769 1148 3834 ἐπάξειν,
1180 3770 1407 3823 αὐτόθεν
1434 3770 1594 3839 δέχου
1624 3769 1733 3822 τῶν

154 3863 442 3932 ματυριῶν
474 3862 564 3914 τὸν
600 3860 767 3930 ἐσμὸν
818 3862 1111 3930 σύμφωνον
1145 3861 1240 3912 καὶ
1285 3857 1727 3928 μεμουσωμένον,

147 3956 256 4023 τῆς
291 3953 550 4021 ἀληθείας
573 3952 1018 4021 ἀνακρουόμενον
1045 3952 1106 4003 τὸ
1144 3951 1324 4020 μέλος.
1356 3950 1418 4001 Et
1441 3948 1496 4000 δέ
1528 3966 1613 4010 τις
1633 3948 1729 4018 τὴν

148 4045 363 4097 οἰκείαν
400 4043 703 4114 συνείδησιν
735 4044 927 4095 πατεῖν
957 4040 1313 4112 μεμαθηκὼς,
1344 4039 1441 4102 τὰς
1465 4038 1571 4108 μὲν
1602 4039 1730 4108 παρ’

153 4135 308 4205 ἡμῶν
343 4135 661 4196 ὲκτεθείσας
725 4133 1035 4204 μαρτυρίας
1092 4129 1530 4202 παρακρούεται,
1564 4129 1731 4195 ἄλλας

146 4224 206 4277 δέ
236 4242 386 4285 τινας
416 4224 686 4293 προφέρει
713 4223 821 4275 τῶν
849 4222 1031 4275 αὐτῶν
1058 4221 1150 4289 (e),
1186 4222 1259 4284 ὡς
1287 4221 1352 4274 ἂν
1381 4222 1581 4291 οἴηται,
1627 4238 1729 4289 μαι

146 4316 407 4386 χυμένας,
442 4316 618 4366 ἐκεῖνο
668 4313 805 4384 πρὸς
855 4311 1016 4365 αὐτὸν
1048 4310 1263 4382 πρῶτον
1308 4314 1482 4364 εἰπεῖν
1507 4312 1728 4381 ἔχομεν,

1911 2031 2091 2101 Atque
2129 2032 2243 2086 haec
2271 2031 2493 2101 quidem
2522 2046 2621 2087 nos
2645 2047 2769 2086 cum
2794 2049 2861 2088 eo
2904 2034 2999 2103 qui
3027 2048 3205 2105 nuper
3223 2036 3417 2092 nobis-

1838 2136 1962 2175 cum
1995 2123 2211 2176 locutus
2237 2132 2341 2187 est,
2371 2124 2752 2190 disseruimus,
2786 2141 2910 2179 cum
2930 2142 3024 2180 eas
3083 2127 3417 2196 quaestiones

1837 2230 1959 2283 qua:
1989 2215 2067 2268 illi
2096 2215 2552 2284 inCXpugnabiles
2579 2216 2932 2281 videbantur,
2957 2234 3058 2287 pro
3074 2218 3287 2275 viribus
3309 2223 3417 2277 sol-

1836 2307 2038 2360 vimus.
2078 2308 2352 2376 Rogamus
2389 2316 2570 2362 autem
2593 2323 2688 2363 eos
2721 2309 2817 2378 qui
2853 2309 3270 2365 huncnostrum
3296 2328 3416 2367 me-

1840 2402 2087 2456 dicerem
2118 2403 2321 2456 librum
2346 2403 2542 2457 lecturi
2576 2415 2725 2469 sunt,
2770 2411 2833 2458 ut
2850 2390 2921 2463 'ad
2967 2421 3155 2461 sacros
3187 2407 3414 2463 Patrum

1840 2503 2106 2550 tractatus
2132 2504 2421 2549 recurrant
2441 2493 2471 2547 .’
2476 2510 2542 2549 ex
2565 2496 2767 2573 quibus
2786 2513 2888 2551 nos
2912 2498 3077 2552 etiam
3100 2499 3417 2569 adjumenta

1837 2586 2107 2656 cepimus,
2139 2593 2196 2639 et
2246 2585 2361 2639 haec
2415 2584 2763 2654 scripsimus,
2825 2595 2881 2641 et
2934 2590 3298 2643 auctoritates
3345 2590 3417 2644 ad

1835 2677 2316 2732 conﬁrmationem
2370 2693 2562 2732 eorum
2602 2694 2725 2748 qute
2760 2678 2907 2733 dicta
2955 2687 3106 2743 sunt,
3156 2680 3419 2734 adhibui-

1840 2784 1982 2822 mus.
2017 2768 2248 2823 Tribuat
2303 2768 2571 2823 Dominus
2623 2769 2873 2839 utrisque
2923 2770 3177 2840 partibus
3231 2771 3416 2826 studio

1838 2858 2088 2912 veritatis
2114 2868 2169 2912 et
2196 2859 2500 2913 secundum
2525 2860 2865 2914 voluntatem
2899 2862 3019 2931 ejus
3041 2862 3416 2930 quaerentibus

1837 2960 1895 3004 et
1926 2950 2325 3015 scrutantibus,
2359 2961 2420 3004 ut
2461 2952 2750 3006 veritatem
2790 2953 2895 3006 sibi
2946 2962 3224 3008 ostensam
3257 2955 3417 3009 invc~

1759 3079 1804 3137 Ο
1838 3042 2016 3106 niant,
2043 3057 2165 3110 qua:
2195 3050 2280 3095 est
2321 3040 2560 3096 Christus
2600 3059 2762 3111 super
2817 3045 2997 3097 omnia
3030 3044 3172 3098 Deus
3226 3045 3290 3110 ”,
3324 3048 3416 3101 cui

1836 3134 2012 3204 gloria
2039 3132 2405 3202 etimperium
2438 3133 2492 3185 in
2530 3134 2728 3187 saecula
2768 3135 3116 3190 surculorum.
3142 3136 3339 3190 Amen.

1834 3244 2091 3314 Ejusdem
2144 3245 2346 3298 Leontii
2404 3255 2599 3315 contra
2635 3247 3166 3315 Aplzt.’mrtodcretas,
3216 3249 3271 3301 id
3312 3258 3409 3314 est,

1904 3319 2205 3385 opinatores
2235 3314 2748 3386 incorruptibilitatis
2770 3320 3077 3386 memmium
3116 3319 3411 3372 auctorita-

1905 3394 2037 3438 tum.

1860 3550 1871 3553 _
1902 3497 2172 3563 Quoniam
2196 3500 2371 3568 gratia
2394 3498 2596 3553 Christi
2631 3500 2965 3568 quaestiones
3016 3517 3137 3571 quae
3172 3503 3414 3572 speciem

1833 3588 2241 3656 probabilitatis
2280 3589 2581 3654 habebant,
2607 3606 2709 3659 pro
2733 3584 2950 3646 viribus
2979 3594 3266 3659 solvimus,
3290 3596 3414 3664 pol-

1833 3677 1971 3731 liciti
2002 3693 2134 3730 vcro
2159 3677 2351 3732 sumus
2402 3679 2736 3732 testimoniis
2783 3690 3029 3734 veterum
3083 3684 3414 3740 conﬁrmare

1834 3783 1956 3837 quae
1978 3767 2252 3821 diximus:
2287 3768 2474 3835 accipe
2503 3768 2559 3821 in
2591 3767 2753 3821 tidem
2814 3771 3229 3827 multitudinem
3254 3776 3411 3830 testi-

1836 3859 2172 3921 moniorum,
2201 3858 2526 3927 mquahilem
2554 3868 2609 3913 ct
2630 3862 2967 3917 modulatum
2999 3865 3247 3920 veritatis
3280 3882 3414 3922 con-

1836 3958 2056 4002 centum
2082 3947 2359 4001 edentem.
2412 3946 2468 4001 Si
2532 3948 2658 4016 quis
2703 3965 2838 4003 vero
2882 3951 2978 4020 qui
3018 3954 3411 4010 conscientiam

1834 4054 1986 4093 suam
2017 4038 2341 4092 conculcare
2374 4038 2592 4102 didicit,
2618 4040 2929 4098 testimonia
2951 4059 2981 4096 a
3004 4044 3167 4099 nobis
3184 4047 3413 4101 recitata

1835 4128 2046 4198 rejicit,
2107 4129 2213 4182 alia
2247 4139 2430 4183 autem
2479 4131 2800 4185 eorumdem
2859 4134 3081 4188 testium
3131 4136 3408 4204 producit,

1834 4219 2153 4288 pugnantia,
2179 4227 2238 4272 ut
2265 4226 2451 4287 putat:
2491 4219 2622 4272 illud
2654 4220 2893 4289 primum
2934 4222 3066 4278 huic
3112 4224 3410 4280 dicendum

1832 4316 1936 4369 est.
1967 4309 2112 4379 quod
2147 4308 2242 4377 qui
2272 4308 2462 4363 Patres
2487 4310 2614 4362 facit
2649 4324 2869 4364 manum
2883 4327 3070 4367 secum
3095 4329 3409 4382 conserere,

142 4406 223 4467 ὼς
259 4405 366 4475 ἄρα
396 4406 524 4466 τοὺς
558 4404 810 4474 Πατέρας
837 4402 1177 4472 συγκρούων,
1209 4402 1304 4455 καὶ
1332 4404 1410 4475 είς
1441 4403 1728 4470 ἀντίφασιν

1840 4418 2038 4471 eosque
2074 4403 2274 4456 nititur
2305 4402 2359 4456 in
2401 4399 2816 4472 repugnantiam
2851 4405 2996 4461 inter
3019 4422 3077 4461 se
3108 4407 3408 4473 adducere,

146 4497 348 4560 αὐτοὺς
391 4496 604 4550 ἑαυτῶν
657 4497 813 4565 ἄγειν
861 4495 1227 4566 πειρώμενος,
1292 4494 1588 4564 προφανῶς
1636 4493 1727 4547 τὸν

221 4696 264 4727 ⁸⁵
298 4698 456 4752 Rom.
489 4714 562 4761 ix,
601 4696 652 4750 5.

212 4865 288 4939 (ε)
319 4865 578 4939 intelligit
605 4864 865 4939 collectas
896 4878 923 4915 a
958 4860 1357 4939 Monophysitis
1397 4866 1721 4939 corruptas-

143 4932 253 5006 (με
282 4937 368 4990 vel
396 4932 652 5005 perverse
691 4933 1000 4986 intellectas
1048 4932 1274 4986 Patrum
1332 4932 1711 4992 auctoritates,

222 5122 457 5194 (39-41),
498 5120 628 5176 Unio
696 5116 845 5194 Yerbi
876 5134 1023 5194 _cum
1083 5124 1291 5194 natura
1326 5123 1528 5169 nostra.
1585 5115 1721 5169 Pro-

140 5185 299 5251 ducit
375 5185 635 5270 deinceps
697 5188 961 5270 Leontius
1015 5185 1328 5270 testimonia
1406 5193 1719 5270 sanctorum

137 5267 365 5323 Patrum
428 5279 441 5315 :
499 5254 594 5328 qui
644 5257 1258 5328 probandteﬂveritatis
1329 5254 1525 5328 modus
1578 5255 1718 5328 scri-

136 5334 409 5405 ptoribus
462 5324 555 5398 qui
633 5324 898 5405 adversus
955 5325 1346 5405 Nestorianos,
1403 5324 1712 5405 ‘Eutychizy

136 5393 246 5461 fros
297 5411 353 5455 et
392 5393 783 5455 leonemachos
841 5405 1176 5465 pugnarunt,
1222 5393 1712 5465 admodum‘fami-A

135 5472 443 5531 liarisfuit:
479 5479 538 5522 ut
588 5466 895 5534 intelligere
927 5463 1087 5518 'lieet
1121 5481 1185 5517 ex
1239 5465 1499 5533 operibus
1538 5463 1715 5519 sancti

137 5540 488 5599 Damasi-cui,
529 5537 706 5591 sancti
757 5534 1029 5589 Anastasii
1081 5534 1324 5593 Sinaitae.
1374 5544 1431 5589 et
1472 5549 1540 5587 ex
1594 5534 1714 5603 ipso

137 5613 373 5666 concilio
400 5609 710 5677 Ephesino;
743 5606 855 5677 etsi
881 5620 980 5658 nec
1032 5605 1131 5673 ipsi
1168 5604 1491 5677 Eutychiani
1520 5619 1716 5677 segnes

137 5690 298 5737 crant
329 5682 383 5736 in
437 5674 777 5733 adducendis
829 5676 1050 5730 Patrum
1104 5674 1569 5739 auctoritatibus;
1617 5674 1714 5727 sed

436 5774 700 5832 ΡΑτιιοι..
734 5770 851 5831 Gn.
894 5768 1231 5829 LXXXVI.

1832 4495 2039 4549 bellum
2076 4493 2236 4562 plane
2265 4504 2457 4548 contra
2478 4509 2573 4550 eos
2602 4496 2875 4566 suscepit;
2906 4513 3086 4569 neque
3108 4501 3282 4573 magis
3305 4516 3410 4555 no-

1830 4852 2088 4928 immistis
2112 4858 2275 4928 etiam
2323 4855 2616 4922 haereticis,
2670 4857 2738 4912 de
2765 4872 2874 4928 qua
2927 4859 3253 4914 collectione
3301 4875 3402 4915 nos

1821 4926 2066 4997 Spicileg.
2099 4936 2138 4980 t.
2163 4927 2252 4989 Ill,
2280 4942 2335 4994 p.
2369 4928 2489 4982 695.

1823 5128 1979 5168 more
2010 5110 2271 5183 omnium
2306 5107 2688 5183 haereticorum
2745 5110 2827 5164 vrl
2880 5112 3264 5183 supposititiis,
3311 5115 3399 5173 vel

1822 5183 1965 5236 male
2007 5179 2305 5236 intellectis
2334 5193 2614 5247 praveque
2646 5180 2907 5235 detortis:
2945 5179 3179 5237 niaxime
3210 5191 3399 5239 autem

1822 5252 2201 5323 gloriabantur
2236 5246 2586 5323 testimoniis
2623 5246 2894 5323 “Gregorii
2930 5252 3355 5323 A'l‘haumaﬁturgi
3379 5295 3394 5318 ,

1820 5316 2140 5390 Athanasii,
2162 5317 2291 5390 Julii
2314 5316 2597 5390 pontiﬁcis
2623 5316 2876 5390 Romani,
2917 5319 3107 5390 Cyrilli
3157 5316 3398 5376 Alexané

1821 5391 1989 5450 drini.
2015 5398 2073 5443 et
2102 5387 2413 5450 Erechthii,
2451 5387 2691 5442 hominis
2729 5389 2888 5457 plane
2917 5387 3160 5456 obscuri,
3192 5403 3249 5446 et
3283 5392 3398 5446 Eu-

1823 5460 2080 5531 tychiano
2116 5459 2406 5531 termento
2459 5457 2647 5531 iniecti
2671 5467 2780 5531 aut
2818 5460 2961 5531 apud
3010 5462 3268 5515 Photium
3301 5476 3396 5517 os-

1824 5527 1997 5584 tendit
2029 5529 2293 5597 Eulogius
2331 5527 2645 5595 patriarcha
2683 5527 3104 5594 Alexandrinus,
3151 5546 3275 5586 cum
3328 5546 3398 5589 ex

1825 5599 2211 5722 testiﬁcatitline
2239 5598 2472 5652 alierum
2497 5637 2511 5663 ,
2548 5605 2662 5651 tum
2706 5614 2773 5652 ex
2827 5600 3068 5669 propriis
3110 5599 3395 5660 Erechtbii

1825 5670 2061 5722 scrintis.
2098 5669 2108 5686 '
2148 5685 2234 5722 υιι.

1821 5670 2061 5740 scriptis.
2098 5669 2234 5722 Tun.

3033 5762 3108 5822 ι3
