3912 6298
194 279 337 349 1357

1127 283 1294 349 ADV.
1335 285 2043 350 INCORRUPTICOLAS
2082 288 2174 350 ET
2217 291 2532 352 NESTOR.

3314 305 3454 373 1358

187 404 288 451 τον
337 393 722 464 οἰκονομικῶς,
773 395 861 449 ἵνα
899 395 992 448 καὶ
1043 395 1254 463 νεκρῶν
1294 396 1392 449 καὶ
1423 395 1640 459 ζώντων
1672 417 1756 452 κυ-

1871 408 2026 454 retur
2064 401 2424 467 (economice,
2459 411 2521 457 ut
2551 411 2893 463 mortuorum
2917 417 2973 466 et
3003 411 3256 470 vivorum
3279 417 3456 476 domi-

196 487 413 561 ριεύσῃ.
465 485 683 554 Ἐπειδὴ
717 485 773 538 δὲ
813 484 972 555 σῶμα
1002 483 1148 554 ζωῆς
1177 484 1380 537 ἀνεϐίω
1405 487 1770 556 παραχρῆμα,

191 575 486 644 νενικηκὸς
521 575 622 646 τὴν
653 573 880 644 φθορὰν,
911 573 1022 627 τῶν
1042 572 1184 627 οὕτω
1201 573 1416 627 σεπτῶν
1443 575 1542 645 τὴν
1573 576 1773 648 κατόρ-

1879 501 2126 546 naretur.
2184 490 2321 556 Quia
2380 508 2510 548 vero
2564 510 2768 567 corpus
2829 501 2959 556 vita:
3007 505 3196 559 statim
3251 510 3455 567 revixit

1879 592 2138 652 superata
2182 585 2562 654 corruptione,
2611 591 2760 657 quod
2805 592 2922 647 baac
2969 602 3080 648 tam
3137 602 3453 658 veneranda

192 669 363 722 θωσιν
391 668 452 719 οὐ
486 667 646 736 φύσει
693 666 916 737 σαρκὸς,
942 667 1080 741 ἀλλὰ
1125 669 1191 738 τῇ
1221 666 1314 721 τοῦ
1338 667 1513 734 Λόγου
1543 667 1746 739 δυνάμε

1877 673 2208 742 perfecerit,
2266 674 2313 729 si
2358 691 2469 730 non
2519 689 2732 734 naturae.
2787 684 2992 751 carnis,
3040 687 3138 742 sed
3191 693 3454 758 potentia

194 759 623 829 προσνέμοντες,
653 757 1061 828 εὐσεϐὴσωμεν.

266 916 402 970 Cum
440 914 557 968 haec
606 911 675 966 ab
723 911 1034 966 illustribus
1069 911 1330 967 Ecclesiae
1375 915 1630 970 Patribus
1665 933 1776 972 uno
1871 918 2150 972 nullorum
2176 929 2232 972 et
2262 934 2435 988 pauca
2469 922 2523 976 in
2555 925 2795 980 medium
2817 927 3163 999 aﬂ‘erremus,
3193 951 3313 1003 quae
3331 935 3448 992 loro
3553 949 3568 957 ’

1882 762 2046 817 Verbi
2093 764 2422 831 tribuamus,
2458 767 2534 837 pii
2585 771 2816 827 erimus.

191 1020 472 1058 consensu
506 1003 651 1058 dicta
702 1003 834 1066 sint,
886 1004 1242 1072 reperiuntur
1279 1005 1529 1073 profecto
1579 1007 1774 1061 eodem
1872 1023 2016 1062 mam
2053 1016 2110 1064 et
2150 1012 2392 1080 regulam
2441 1016 2692 1070 veritatis
2739 1035 2860 1088 quae
2910 1021 2964 1074 in
3011 1023 3146 1091 ipsis
3194 1028 3450 1084 omnibus

188 1097 398 1165 Spiritu
424 1096 571 1164 pleni
595 1095 788 1157 fuisse,
807 1095 999 1149 eadem
1024 1095 1250 1148 omnino
1269 1095 1306 1148 ii
1331 1096 1431 1162 ipsi
1451 1097 1772 1151 sentientes.

1871 1098 1995 1162 fuit,
2034 1101 2407 1158 continerent.
2444 1103 2735 1163 llominem
2780 1111 3119 1168 laboriosum
3153 1115 3220 1169 ad
3252 1133 3443 1172 eorum

185 1183 461 1241 Volebam
484 1185 766 1254 equidem,
791 1185 836 1240 si
862 1184 980 1240 ﬂeri
1007 1185 1300 1254 potuisset,
1321 1186 1503 1241 omnia
1521 1189 1770 1240 omnium
1877 1190 2122 1259 integros
2157 1192 2330 1247 libros
2361 1199 2808 1266 transm-ittimus,
2836 1204 2893 1256 in
2919 1205 3122 1272 quibus
3149 1208 3294 1276 quod
3322 1220 3448 1279 per-

191 1278 515 1332 testimonia
545 1277 855 1346 subjicere:
890 1276 987 1330 sed
1027 1291 1093 1330 ne
1125 1277 1297 1329 lector
1325 1287 1549 1346 propter
1581 1279 1771 1331 multi-

189 1369 447 1425 tudinem
495 1377 854 1424 cunctaretur
905 1369 1108 1437 legere,
1147 1367 1486 1430 studuimus,
1518 1377 1579 1421 ut
1626 1383 1768 1421 non-

1875 1279 2077 1334 fectum
2102 1293 2158 1335 et
2186 1283 2434 1338 limatum
2457 1296 2560 1352 est,
2594 1293 2765 1360 inagis
2781 1308 2944 1361 quam
2971 1293 3024 1348 in
3051 1298 3256 1352 nostris
3285 1299 3446 1354 libris

1875 1373 2135 1440 reperiet.

1517 1583 3432 1620 ...Μ-,Μ

1531 1759 1900 1848 ΛΟΓΟΣ
1971 1751 2082 1848 Γὀ

262 1956 453 2017 ΚΑΤΑ
508 1956 1156 2017 ΑΦΘΑΡΤΟΔΟΚΗΤΩΝ
1211 1951 1348 2014 THE
1395 1960 1756 2019 ᾹΠΟΡΡΗΤΕ

1877 1967 1998 2021 ΚΑΙ
2059 1962 2661 2024 ᾹΡΧΟΕῘΔΕΣΤΕΡΑΣ
2703 1969 2840 2027 ΤΩΝ
2886 1967 3368 2033 ΝΕΣΤΟΡΙΑΝΩΝ

713 2052 1062 2118 ΔΣΕΒΕΙΑΣ,
1117 2053 1239 2105 ΚΑΙ
1287 2053 1423 2107 ΤΩΝ
1477 2055 1754 2109 ΤΑΥΤΗΣ
1796 2057 2119 2112 ΠΑΤΕΡΩΝ
2163 2059 2337 2111 ΦΩΡΑ
2381 2060 2501 2112 ΚΑΙ
2544 2061 2909 2119 ΘΡῙΛΜΒΟΣ.

1786 2245 1857 2255 -ο

1505 2404 1860 2498 LIBER
1942 2405 2134 2500 IlI.

311 2624 708 2698 ADVERSUS
771 2623 1500 2703 INCORRUPTICOLAS,
1563 2631 1698 2701 QUI
1759 2631 2119 2693 ABCANAM
2173 2621 2269 2690 ET
2328 2624 2853 2692 PRIMIGENIAM
2909 2633 3318 2697 ΝΕεΤοξιιΑο

265 2723 272 2726 ’
1131 2726 1405 2786 NORUM
1452 2723 1926 2784 IMPIETATEM
1976 2724 2457 2798 SECTANTUR,

722 2817 817 2876 ET
854 2816 951 2878 DE
1010 2817 1157 2876 ΗΔΕ
1193 2817 1451 2876 EADEM
1504 2815 1807 2875 H/ERESI
1839 2814 2268 2885 INQUISITIO
2298 2813 2392 2875 ET
2429 2817 2903 2878 TRIUMPHUS.

1175 2970 1177 2972 ’
1229 2973 1384 3043 (Anc.
1417 2971 1538 3036 MAI,
1571 2969 1816 3040 Spicileg.
1851 2968 2002 3022 Rom.
2033 2976 2072 3022 t.
2104 2968 2173 3035 Χ,
2202 2983 2255 3036 p.
2281 2967 2405 3036 661)

257 3288 453 3368 Ὗρῐτον
490 3299 584 3352 ἐπὶ
622 3300 734 3364 τοῖς
778 3299 1114 3370 προλαϐοῦσι
1151 3317 1240 3370 μοι
1275 3294 1395 3353 δυσὶ
1427 3293 1604 3368 λόγοις
1637 3310 1756 3355 του-

1931 3294 2298 3374 Aggressurus
2317 3304 2611 3377 adiungere
2645 3307 2792 3362 hunc
2823 3301 3265 3369 tertiumlibrum
3292 3309 3430 3371 duo-

177 3391 305 3445 τονὶ
359 3392 666 3444 συντάττων
715 3391 775 3444 τό
816 3409 876 3445 τε
930 3391 1050 3462 Θεῷ
1110 3393 1488 3462 χαριστήριον,
1527 3393 1759 3470 καὶτῶν

181 3483 402 3537 ἀσεϐῶν
429 3482 632 3552 στήλην
662 3485 756 3536 καὶ
789 3484 1080 3554 θρίαμϐον,
1115 3485 1385 3552 εὐξαίμην
1420 3484 1488 3538 ἂν
1523 3485 1614 3538 τὸν
1645 3486 1758 3538 Κύ-

183 3587 306 3640 ριον
355 3575 614 3639 παρεῖναι
669 3572 762 3623 καὶ
811 3572 905 3624 νῦν
946 3573 1077 3643 ἡμῖν
1130 3574 1348 3645 ἀρωγὸν
1381 3575 1477 3644 τῆς
1525 3575 1754 3640 ἑννοίας,

180 3659 282 3712 καὶ
318 3659 460 3730 λόγῳ
491 3661 580 3712 τὸν
610 3659 767 3729 λόγον
794 3662 953 3732 ἡμῶν
982 3664 1312 3718 κατευθῦναι
1353 3665 1410 3718 ὲν
1445 3665 1760 3736 Πνευματο-

179 3751 392 3820 κινήτῳ
425 3751 631 3821 χάριτι.
659 3753 721 3804 Ei
745 3753 852 3822 γὰρ
879 3754 945 3806 ὲκ
974 3753 1112 3807 Θεοῦ
1143 3754 1522 3826 βοηθούμενοι,
1554 3755 1664 3808 τῶν
1698 3771 1757 3808 τε

178 3841 362 3894 ἄλλων
412 3843 654 3905 πάντων,
690 3841 913 3912 καὶτῆς
977 3845 1034 3896 έν
1087 3845 1274 3914 χερσὶν
1305 3845 1614 3906 ὑποθέσεως
1660 3845 1757 3914 ἐφ-

180 3933 460 4003 atoma,
491 3937 626 4004 ἡμῖν
644 3953 701 3987 τε
733 3936 885 3988 ἔσται
916 3935 1106 4006 μισθὸς
1123 3935 1417 4006 αὐτοτελὴς
1445 3936 1554 3989 τῶν
1582 3937 1758 3990 πόνων

182 4029 220 4096 ἠ
267 4028 576 4095 συμμαχία,
611 4031 727 4090 τοῖς
759 4045 816 4079 τε
852 4029 991 4097 ὑπὲρ
1024 4019 1098 4081 ὧν
1134 4029 1228 4081 καὶ
1260 4027 1328 4081 δι’
1368 4026 1464 4091 οὓς
1499 4029 1548 4081 οἱ
1588 4028 1755 4095 λόγοι,

179 4118 454 4186 ὡφελείας
491 4119 775 4188 ἐνέχυρον,
804 4121 851 4172 ei
877 4120 973 4172 καὶ
1002 4120 1076 4190 μὴ
1113 4123 1179 4190 τῇ
1220 4117 1370 4189 ἀξίᾳ,
1399 4123 1465 4192 τῇ
1500 4138 1563 4188 γε
1600 4121 1759 4175 δυνά-

185 4225 280 4279 μει
309 4208 864 4279 παραμετρούμενονδ
903 4212 1034 4281 ἡμῖν
1061 4210 1119 4264 δὲ
1157 4211 1253 4263 καὶ
1287 4211 1460 4274 ἄλλως
1499 4213 1755 4281 ἀφοσιοῦ-

179 4315 275 4352 ται
312 4299 381 4352 τὰ
413 4298 530 4350 νῦν.
564 4299 799 4353 Παλαιὸν
831 4301 939 4370 γὰρ
970 4301 1128 4372 χρέος
1157 4302 1502 4372 εἰσφέρομεν,
1540 4303 1756 4356 πάντων

182 4387 363 4459 χρεῶν
396 4391 476 4452 εἰς
507 4388 714 4441 ἔκτισιν
742 4389 1085 4443 δικαιότατον
1105 4432 1121 4456 ,
1155 4392 1324 4446 πάλαι
1358 4392 1456 4461 μὲν
1497 4393 1756 4462 ἀποδοθῆ-

182 4495 272 4532 ναι
303 4480 678 4548 ὀφειλόμενον,
717 4480 806 4533 διὰ
837 4480 894 4532 δὲ
926 4481 1129 4550 πολλὴν
1168 4483 1261 4536 καὶ
1290 4483 1510 4552 μακρὰν
1542 4484 1752 4549 πενίαν,

183 4569 280 4623 νῦν
314 4572 410 4626 καὶ
446 4572 621 4643 μόλις,
653 4573 749 4625 καὶ
773 4571 869 4642 οὐχ
887 4572 1012 4625 ὅσον
1045 4572 1195 4638 ἀξιον
1225 4573 1566 4626 ὲκτίννυσθαι
1591 4573 1757 4644 ἀρχό-

187 4678 367 4731 μενον.

257 4835 390 4890 Καθ’
425 4830 498 4890 ὧν
542 4839 651 4909 γάρ
693 4839 896 4908 στήλην
936 4839 1146 4909 ὲγεϊραι
1178 4837 1255 4906 τῷ
1296 4836 1417 4906 Θεῷ
1452 4836 1578 4906 ἄρτι
1619 4849 1752 4905 προ·

182 4927 418 4997 ᾐρημαι,
451 4927 720 4998 Θρίαμϐόν
751 4945 809 4980 τε
831 4931 1016 4992 αὐτοῖς
1042 4929 1389 4998 περιστῆσαι,
1425 4925 1620 4997 μηκέτι
1649 4927 1749 4994 τὴν

183 5018 438 5071 ἀσέϐειαν
475 5022 532 5072 ὲν
573 5019 803 5090 κρυπτῷ
843 5021 1286 5091 ταμιευομένοις,
1315 5020 1410 5071 καὶ
1445 5018 1524 5088 τῷ
1555 5019 1749 5088 ἀφανεῖ

183 5110 278 5162 καὶ
310 5109 570 5180 ἀγνώστῳ
601 5109 829 5172 πολλοὺς
866 5110 1236 5175 δελεάζοντας,
1283 5109 1419 5162 ἀλλὰ
1464 5107 1748 5180 πόρρωθεν

184 5200 565 5268 φαινομένους,
595 5203 690 5254 καὶ
725 5201 894 5270 ταύτῃ
943 5201 1262 5270 γινομένους
1304 5199 1572 5268 φευκτοὺς
1614 5199 1749 5251 ἀπο-

186 5291 501 5359 τροπαίους,
552 5288 621 5362 ἦν
667 5291 757 5344 ὅτε
812 5291 906 5344 καὶ
952 5292 1113 5354 αὐτὸς
1139 5291 1386 5361 ὑπῆρχον
1422 5289 1516 5342 τοῦ
1562 5289 1748 5342 οιάσου

187 5381 375 5452 μέρος.
404 5383 541 5436 Νέον
575 5382 685 5452 γὰρ
725 5381 856 5450 τότε
905 5381 1036 5435 ὄντα
1087 5397 1174 5450 με,
1211 5383 1300 5434 τόν
1327 5398 1386 5432 τε
1417 5381 1607 5451 χρόνον
1655 5379 1750 5432 καὶ

182 5470 276 5526 τὸν
295 5472 552 5543 λογισμὸν
579 5474 947 5544 ἡρπάκεισαν,
974 5473 1128 5526 οὐδὲν
1149 5473 1176 5526 ὃ
1193 5491 1245 5527 τι
1263 5472 1336 5542 μὴ
1367 5470 1475 5525 τῶν
1501 5471 1602 5540 τῆς
1649 5486 1747 5522 κα-

1861 3393 1964 3446 bus
2002 3396 2138 3449 meis
2173 3397 2554 3467 superioribus
2587 3406 2701 3452 tum
2730 3400 2784 3455 in
2820 3402 3117 3470 gratiarum
3160 3407 3429 3462 actionem

1859 3483 1990 3548 Deo,
2022 3494 2139 3540 tum
2166 3487 2219 3540 in
2255 3489 2593 3558 triumphum
2625 3489 2693 3545 de
2729 3491 2914 3561 impiis
2941 3503 2991 3548 et
3022 3494 3090 3548 ad
3118 3494 3309 3549 eorum
3348 3499 3432 3552 vi.

1861 3577 2300 3643 tuperationem;
2341 3580 2609 3646 precabor
2640 3581 2956 3646 Dominum,
2987 3593 3048 3637 ut
3082 3586 3245 3640 etiam
3284 3603 3433 3642 nunc

1859 3661 2006 3716 adsit
2057 3664 2221 3718 nobis
2274 3666 2495 3734 adjutor
2547 3668 2944 3738 intelligentiae,
3001 3683 3057 3727 et
3111 3676 3282 3730 verbo
3329 3692 3432 3730 suo

1859 3755 2094 3808 verbum
2134 3765 2384 3812 nostrum
2424 3760 2599 3829 gratia
2640 3760 2879 3829 Spiritus
2913 3765 3088 3817 sancti
3120 3762 3302 3820 amata
3349 3768 3432 3822 di-

1861 3841 2019 3910 rigat.
2047 3842 2101 3897 Si
2129 3847 2300 3909 enim,
2319 3847 2616 3916 adjuvante
2645 3864 2747 3903 nos
2779 3849 2912 3915 Dco,
2941 3860 3058 3904 tum
3085 3853 3190 3906 alia
3217 3856 3427 3920 omnia,
3496 3874 3502 3879 ·

1862 3940 1976 3985 tum
2022 3933 2129 3988 hoc
2162 3935 2309 4003 quod
2356 3937 2411 3990 in
2453 3936 2714 3990 manibus
2748 3947 2852 4002 est,
2904 3939 3326 4008 aggrediemur;
3375 3953 3433 3998 et

1858 4023 2022 4077 nobis
2069 4024 2178 4078 erit
2219 4025 2432 4096 integra
2469 4041 2682 4080 merces
2726 4029 2902 4096 ipsum
2934 4030 3311 4100 adiumentum
3355 4035 3432 4088 la-

1857 4115 2044 4180 boris;
2074 4123 2128 4169 et
2162 4117 2230 4171 iis
2264 4129 2491 4187 propter
2524 4133 2665 4187 quos
2695 4119 3009 4186 scribimus,
3038 4121 3150 4176 erit
3233 4125 3430 4195 pignus

1860 4207 2136 4270 utilitatis,
2177 4208 2220 4262 si
2253 4224 2362 4263 non
2415 4224 2516 4278 pro
2563 4210 2830 4279 dignitate
2882 4228 3016 4282 par,
3101 4214 3293 4269 saltem
3329 4231 3428 4286 pro

1856 4295 2067 4351 viribus
2098 4297 2336 4351 nostris:
2375 4314 2475 4352 nos
2498 4307 2676 4352 autem
2698 4299 2860 4353 aliter
2873 4302 3044 4354 etiam
3069 4301 3428 4371 inpraesentia

1859 4395 2206 4441 'cxcusamur.
2243 4383 2412 4441 Vetus
2453 4389 2600 4441 enim
2643 4389 2888 4443 debitum
2941 4390 3248 4456 aﬂerimus,
3274 4393 3424 4462 quod

1858 4487 1986 4532 ante
2014 4486 2212 4532 cratera
2240 4477 2424 4531 omnia
2456 4478 2641 4533 debita
2671 4481 2888 4535 solvere
2916 4482 3297 4551 aequissimum
3316 4493 3423 4538 est.

1855 4565 2010 4631 Quod
2041 4566 2263 4636 quidem
2297 4567 2408 4636 jam
2440 4567 2652 4636 pridem
2685 4569 2820 4621 solvi
2845 4569 3054 4632 debuit,
3079 4571 3174 4624 sed
3201 4579 3426 4640 propter

1779 4649 1820 4705 C
1863 4671 2112 4726 magnam
2142 4657 2382 4726 inopiam
2404 4657 2495 4710 vix
2522 4673 2692 4724 nunc,
2718 4667 2924 4725 etnon,
2952 4669 3012 4714 ut
3032 4661 3259 4731 dignum
3283 4673 3422 4726 erat,

1854 4748 1991 4801 solvi
2024 4748 2209 4817 ccepit.

1922 4834 2193 4902 Quoniam
2221 4845 2412 4891 contra
2430 4849 2568 4906 quos
2594 4839 2759 4906 paulo
2779 4847 2904 4893 ante
2928 4839 3075 4894 volui
3110 4841 3425 4894 columnam

1853 4921 1965 4981 Deo
1993 4941 2220 4995 ponere,
2251 4934 2307 4980 et
2340 4927 2681 4995 triumphum
2713 4928 2781 4982 de
2811 4929 2946 4997 ipsis
2976 4944 3158 4998 agere,
3186 4929 3280 4997 qui
3313 4943 3422 4981 non

1854 5018 2090 5085 amplius
2122 5017 2461 5086 impietatem
2491 5018 2692 5081 celant,
2722 5026 2778 5072 et
2803 5019 2858 5072 in
2890 5019 3077 5073 abdito
3102 5023 3345 5082 servant,
3369 5029 3424 5073 et

1855 5108 2130 5161 multosin
2156 5107 2425 5162 fallaciam
2453 5109 2784 5162 occultando
2811 5109 3101 5173 inducunt,
3133 5110 3228 5164 sed
3259 5110 3425 5164 elon-

1856 5199 2061 5268 ginquo
2095 5207 2381 5268 apparent,
2419 5213 2486 5253 eo
2521 5201 2694 5269 magis
2729 5199 2974 5270 fugiendi
3008 5211 3064 5256 et
3099 5200 3418 5267 avertendi;

1858 5307 1924 5344 ex
1944 5272 2140 5345 horum
2163 5299 2308 5344 cmtu
2337 5299 2395 5344 et
2417 5306 2650 5344 numero
2674 5292 2969 5360 aliquando
2997 5291 3095 5350 lui.
3116 5293 3252 5348 Cum
3275 5293 3422 5348 enim

1857 5390 1989 5437 tunc
2017 5382 2340 5437 adolescens
2367 5397 2572 5446 essem,
2601 5391 2656 5438 et
2683 5392 2900 5452 tempus
2915 5393 2973 5438 ct
2994 5385 3262 5439 rationem
3286 5385 3421 5440 milii

1853 5471 2457 5542 subripuerunt,-nullo
2507 5471 2876 5527 instrumento
2927 5473 3148 5528 malitiae
3197 5474 3265 5529 ad
3317 5473 3424 5529 hoc

185 5566 312 5627 κέας
368 5566 614 5636 ὀργάνων
661 5569 740 5630 εἰς
791 5567 950 5621 τοῦτο
1001 5566 1357 5636 κινήσαντεςο
1415 5562 1752 5634 προθέμενον

1865 5575 1952 5612 non
1989 5561 2255 5615 adhibito.
2294 5561 2690 5626 l’roposueram
2717 5560 2862 5613 enim
2892 5561 3210 5630 dogmatum
3260 5563 3421 5618 abso-

184 5655 292 5724 τάρ
316 5656 415 5727 τὴν
438 5657 544 5711 τῶν
583 5657 868 5728 δογμάτων
900 5657 1210 5730 ἀκρίϐειαν,
1239 5651 1312 5710 ὧν
1335 5652 1526 5723 ἐπειδὴ
1549 5652 1752 5719 γευσά-

1846 5653 2129 5717 lationem,

2223 5668 2340 5722 quan
2433 5662 2760 5723 postquam,
2833 5653 2987 5722 juma
3049 5656 3417 5727 progcrbium,
