3912 6298
483 275 624 366 1359
1760 285 2075 347 LEONTII
2111 281 2526 345 BYZANTINI
3637 241 3644 249 ’
3702 284 3832 350 κω

483 424 749 484 tanquam
823 422 1041 466 summo
1103 404 1278 478 digito
1314 447 1328 472 ,
1381 402 1656 468 delibavi,
1707 401 1886 457 factus
1945 416 2066 457 sum

2190 413 2367 469 μενος,
2393 395 2556 450 τοῦτο
2588 394 2654 467 δὴ
2694 394 2756 450 τὸ
2783 395 2879 450 τοῦ
2904 396 3090 466 λόγου,
3125 397 3284 471 ἄκρῳ
3303 397 3536 454 δακτιὭ
3549 417 3636 471 ῳ,
3653 399 3823 473 lips;

483 506 704 568 avidus,
723 511 780 559 et
803 509 863 556 ut
892 499 1077 555 animo
1107 505 1363 569 prompto
1393 493 1823 560 essem,nihilin
1854 508 1940 547 me
1973 491 2069 547 de-

2190 501 2237 540 τε
2294 485 2588 557 ἐγενόμην,
2645 486 2742 540 καὶ
2770 487 3084 559 προθυμίας
3128 491 3211 552 είς
3253 489 3476 560 μέτρον
3529 491 3820 547 οἱὸἐνότι

485 595 793 653 sideratum
828 601 932 648 est.
980 591 1068 646 Illi
1121 604 1250 645 vero
1279 603 1367 643 me
1415 596 1682 657 tanquam
1730 600 1938 640 cazcum
1969 583 2069 638 ali-

486 687 646 758 cujus
671 685 776 740 vize
800 681 1065 753 cupidum
1091 680 1261 744 nacti,
1293 677 1477 734 conati
1503 685 1636 732 sunt
1663 676 1719 730 in
1740 673 2069 729 barathrum

486 775 790 849 impietatis
819 789 934 830 suae
957 771 1280 829 deturbare.
1307 770 1416 825 Sed
1455 767 1634 824 adfuit
1661 767 1800 822 mihi
1830 781 2070 836 superne

458 871 687 944 gratia,
719 885 844 940 qua:
871 883 959 922 me
990 882 1059 922 ex
1086 863 1286 920 mediis
1317 861 1584 917 dentibus
1613 860 1800 930 rapuit
1825 860 1938 930 jam
1971 873 2070 928 pa-

488 962 832 1018 ratissimum
879 959 1104 1014 illorum
1142 953 1454 1016 venationi,
1507 961 1566 1008 et
1616 950 2071 1006 ardentissimum

487 1053 714 1109 virtutis
741 1059 796 1106 et
817 1046 1281 1120 peregrinationis
1311 1052 1538 1115 propter
1563 1056 1684 1097 eam
1708 1038 2073 1108 suscipiendae

490 1144 837 1201 desiderium
885 1141 1022 1196 mihi
1057 1139 1267 1211 injecit.
1296 1138 1366 1192 Et
1397 1133 1678 1206 quomodo
1705 1131 1803 1203 qui
1839 1131 1945 1186 fuit
1977 1146 2076 1201 po-

488 1238 610 1309 puli
644 1233 938 1292 lsraelitici
971 1233 1027 1286 in
1057 1229 1356 1286 solitudine
1391 1228 1487 1282 illa
1529 1225 1751 1288 ductor,
1794 1239 1907 1278 non
1955 1229 2076 1278 erat

491 1325 961 1401 peregrinationis
996 1337 1132 1378 meae
1157 1323 1382 1376 futurus
1409 1317 1632 1373 comes?
1679 1315 1783 1382 Qui
1833 1330 1923 1370 me
1960 1329 2073 1368 non

491 1415 912 1489 priusdimisit,
939 1413 1117 1468 donec
1152 1411 1208 1465 in
1249 1424 1444 1464 manus
1474 1407 1790 1462 divinorum
1825 1406 2072 1460 virorum

492 1508 743 1573 tradidit,
778 1506 874 1578 qui
925 1519 1036 1558 non
1090 1503 1268 1558 solum
1307 1510 1474 1556 totam
1507 1499 1656 1554 illam
1687 1497 2072 1568 lippitudinem

493 1599 836 1670 depulerunt
879 1605 937 1651 et
993 1600 1396 1665 repurgarunt,
1447 1591 1549 1647 sed
1601 1590 1824 1646 oculum
1875 1589 2075 1643 animae

493 1707 656 1750 sacro
703 1690 912 1746 lumine
968 1688 1345 1758 impleverunt
1395 1683 1470 1739 ex'
1511 1683 1674 1738 libris
1722 1682 1927 1737 divina:
1983 1696 2074 1735 sa-

2171 576 2455 631 ἐνέλιπον.
2487 578 2550 630 Oi
2583 575 2641 630 δὲ
2670 576 2966 648 λαὸόμενοι
3001 576 3192 650 ὥσπερ
3220 579 3445 649 τυφλὸν
3489 581 3644 634 ὁδοῦ
3689 599 3818 646 τινε
3877 581 3879 650 Ι

2171 669 2490 754 ἐφιέμενον,
2520 669 2602 732 είς
2634 667 2697 722 τὸ
2727 671 2830 740 τῆς
2860 670 3134 742 σφετέρας
3172 670 3456 736 ἀσεϐείας
3525 677 3817 728 καταστέ-

2174 777 2266 814 σαι
2321 757 2599 831 βάραθρον
2644 760 3039 832 ἐπεχείρησαν.
3089 763 3237 818 Ἀλλ’
3284 764 3538 818 ἄνωθέν
3597 767 3702 834 μοί
3747 783 3813 826 τις

2173 853 2504 922 ἐπιφανεῖσα
2538 853 2724 924 χάρις,
2761 855 2826 907 ἐκ
2862 855 3030 924 μέσου
3073 857 3182 910 τῶν
3224 857 3483 912 ὀδόντων
3533 859 3805 929 ἣρπασεν..

2171 947 2528 1018 ἑτοιμότατον
2561 947 2661 1018 ⁴ἤδη
2696 947 2992 1018 γενόμενον
3039 949 3292 1020 θήραμα,
3339 951 3538 1004 πόθον
3595 969 3665 1004 τε
3702 957 3805 1020 Its?
3877 947 3879 980 ⁵

2177 1037 2414 1107 μότατον
2465 1039 2672 1108 ἀρετῆς
2735 1011 3235 1110 ἑμέα).οὖσα,“καὶ
3281 1011 3396 1110 τῆς
3443 1042 3562 1096 διΞι
3609 1011 3800 1108 ταὶτέτ

2175 1131 2445 1198 ξενιτείας
2467 1129 2718 1196 ἐπάξιον.
2748 1131 2874 1194 Πῶς
2893 1131 2950 1185 δὲ
2968 1132 3070 1184 οὐκ
3096 1131 3344 1202 ἤμελλεν
3369 1133 3402 1184 ὁ
3435 1133 3550 1186 τὸν
3596 1135 3796 1205 Ἰπραὶνὶ

2176 1227 2236 1278 ἐν
2269 1226 2471 1297 ἐρήμῳ
2523 1225 2932 1294 καθοδηγήσας,
2979 1225 3162 1296 κάμοῦ
3205 1227 3610 1296 συνέμπορος
3665 1233 3796 1296 γεοιέ-

2177 1317 2302 1371 σθαι
2332 1318 2432 1389 τῆς
2458 1317 2770 1388 ἐκδημίας;
2814 1317 2996 1388 φέρων
3035 1335 3096 1370 τε
3133 1317 3295 1370 οὔπω
3329 1319 3642 1389 πρότερον
3719 1323 3789 1372 rit-.-

2175 1411 2324 1479 ήκει,
2355 1407 2462 1471 ἐως
2493 1425 2562 1478 με
2593 1407 2755 1463 θείων
2787 1409 3000 1478 ἀνδρῶν
3033 1407 3444 1480 ἐγχα[τέ]θετο
3483 1411 3790 1479 παλάμας,

2176 1499 2230 1552 οἵ
2257 1515 2320 1566 γε
2353 1497 2415 1551 οὐ
2447 1500 2608 1568 μόνον
2660 1501 2846 1569 πάσης
2877 1499 3098 1570 ἐκείνης
3136 1501 3242 1569 τῆς
3274 1501 3508 1572 λήμης,
3543 1504 3617 1556 τὸ
3656 1505 3790 1574 Epp:

2175 1591 2276 1660 τῆς
2313 1590 2456 1662 ἐμῆς
2487 1591 2669 1662 ψυχῆς
2694 1593 3077 1662 ἀπεκάθηραν,
3108 1592 3248 1644 ἀλλὰ
3287 1595 3395 1646 καὶ
3426 1595 3631 1661 qui-Jb;
3658 1597 3788 1664 ἱερεῖ

2179 1683 2494 1737 ἀπέπλισαν
2525 1687 2651 1748 ταῖς
2693 1683 2802 1737 τῶν
2828 1683 3104 1752 θεοσόφων
3139 1683 3384 1752 βὶὗλοις,
3427 1689 3570 1755 παρ’
3594 1681 3672 1740 ὧν
3705 1690 3788 1739 zi-

493 1784 720 1857 pientiaa
762 1798 831 1838 ex
873 1780 1079 1852 quibus
1108 1778 1186 1832 illi
1218 1777 1506 1831 veritatem
1552 1783 1608 1829 et
1651 1773 1920 1842 reliquam
1963 1771 2078 1825 vir-

2190 1777 2292 1838 εοῖς
2324 1776 2359 1846 ἠ
2408 1773 2640 1843 ἀλήθεια
2686 1775 2781 1828 καὶ
2829 1776 2860 1843 ὴ
2900 1773 3065 1846 λοιπὴ
3113 1775 3317 1845 ἀρετὴ,
3363 1775 3481 1838 τὰς
3529 1777 3677 1846 ἐμὰς
3708 1779 3790 1828 καὶ

495 1885 672 1932 tutem
727 1873 1064 1935 hauserant,
1113 1866 1318 1938 quibus
1367 1881 1520 1921 meas
1571 1863 1818 1919 actiones
1867 1871 1926 1917 et
1979 1876 2076 1918 co-

495 1971 776 2044 gnitiones
837 1973 1019 2022 castas
1081 1961 1409 2017 eﬂecerunt.
1479 1959 1679 2014 Annon
1739 1957 1940 2011 merito
1987 1969 2078 2010 me

495 2064 755 2120 homines
799 2059 940 2132 grati
992 2064 1256 2112 extremae
1305 2051 1609 2124 impietatis
1643 2048 2075 2112 accusavissent,

496 2160 546 2216 si
576 2159 694 2214 htec
727 2153 954 2211 silentio
993 2150 1216 2221 penitus
1262 2145 1548 2218 prmterire
1597 2140 1937 2197 voluissem?

568 2242 725 2311 Quod
739 2251 922 2296 autem
941 2254 970 2294 a
985 2235 1278 2309 principio,
1305 2250 1370 2288 ex
1389 2232 1691 2302 quolucem
1712 2229 1846 2294 vidi,
1861 2237 1916 2284 et
1942 2227 2078 2282 mihi

499 2343 756 2407 aspectus
776 2333 916 2388 lucis
937 2345 1168 2384 munere
1194 2327 1290 2382 Dei
1320 2325 1570 2381 redditus
1593 2337 1698 2390 est,
1722 2337 1833 2378 non
1857 2335 2082 2390 compo-

499 2429 588 2484 sui
623 2425 930 2481 orationem
959 2422 1018 2476 in
1049 2419 1350 2492 gratiarum
1383 2417 1655 2470 actionem
1679 2454 1696 2482 ,
1737 2421 1970 2468 excuset
1993 2427 2080 2467 me

502 2520 730 2590 quidem
783 2515 974 2580 Dens;
1029 2517 1258 2567 excuset
1304 2521 1440 2561 vero
1474 2507 1644 2562 etiam
1696 2503 2081 2574 unusquisque

502 2627 572 2667 ex
599 2611 671 2666 iis
691 2622 833 2678 quos
851 2607 998 2662 Deus
1023 2601 1224 2672 diligit.
1247 2599 1368 2655 Non
1388 2597 1537 2653 enim
1564 2605 1790 2668 propter
1810 2596 2082 2666 ingratam

502 2699 855 2760 memoriam,
876 2695 974 2751 sed
997 2708 1067 2748 ne
1089 2708 1156 2748 ex
1177 2689 1479 2762 gratiarum
1493 2690 1716 2749 actione
1733 2688 2083 2744 occasionem

501 2802 870 2864 praepropera:
883 2794 940 2842 et
954 2783 1257 2856 petulantis
1271 2779 1591 2853 scriptionis
1611 2779 1917 2850 sumpsisse.
1931 2777 2086 2833 vide-

502 2897 622 2948 rer,
655 2877 964 2935 orationem
995 2871 1265 2931 continui.
1300 2871 1460 2926 Nunc
1503 2877 1688 2924 autem
1739 2877 1867 2923 nata
1919 2882 2084 2922 causa

499 2975 842 3048 justa,-quae
899 2967 1164 3024 excitavit
1214 2972 1271 3020 et
1299 2962 1581 3018 conticere
1634 2976 1745 3016 non
1793 2959 2080 3031 permittit,

504 3063 697 3123 studui
730 3075 799 3136 ut.
819 3067 877 3117 et
907 3059 1097 3116 debito
1126 3064 1182 3112 et
1217 3053 1496 3110 desiderio
1540 3051 1938 3106 satisfacerem.
1973 3049 2083 3104 Ero

504 3163 690 3212 autem
721 3150 944 3223 majoris
987 3145 1332 3204 auctoritatis
1387 3159 1497 3212 prae
1543 3140 1800 3196 omnibus
1851 3153 1965 3192 tum
2013 3138 2080 3193 ad

503 3247 818 3305 faciendam
866 3242 1031 3298 tldem
1083 3253 1277 3294 eorum
1327 3250 1450 3305 quae
1497 3232 1730 3288 dicenda
1779 3239 1926 3294 sunt,
1967 3241 2082 3284 tum

506 3339 577 3396 ad
621 3333 998 3394 cohibendum
1047 3327 1260 3398 pudore
1308 3323 1530 3394 impios,
1581 3322 1624 3376 si
1685 3321 1825 3374 forte
1877 3321 2080 3375 velint:

506 3424 852 3498 experientia
904 3421 1088 3484 enim,
1137 3425 1199 3472 ut
1244 3416 1422 3479 aiunt,
1481 3413 1691 3467 tirmior
1737 3420 1822 3466 est
1875 3412 2080 3468 verbis.

507 3519 669 3576 Adsit
697 3515 954 3571 Christus
981 3511 1136 3566 testis
1163 3519 1218 3564 et
1252 3509 1415 3564 Pater
1437 3507 1578 3577 ejus,
1613 3520 1721 3560 non
1746 3519 1865 3559 esse
1904 3520 1990 3559 me
2017 3505 2083 3576 de

508 3610 649 3682 ipsis
673 3607 990 3662 locuturum
1018 3611 1114 3658 aut
1133 3601 1264 3656 odio
1287 3599 1618 3668 aliquorum,
1651 3603 1745 3650 aut
1773 3597 1827 3651 in
1854 3597 2084 3666 gratiam

510 3701 786 3764 aliorum;
825 3696 922 3752 sed
957 3696 1089 3766 quia
1119 3693 1387 3748 misereor
1416 3689 1654 3760 primum
1688 3687 1913 3758 quidem
1962 3687 2086 3741 illo-

509 3807 635 3848 rum
653 3791 939 3860 ipsorum,
972 3785 1172 3841 deinde
1205 3797 1336 3838 vero
1369 3779 1502 3851 quia
1537 3778 1946 3833 multitudinem
1988 3794 2085 3832 eo-

479 3874 637 3939 rum
665 3894 805 3952 quos
838 3879 1202 3947 deceperunt,
1231 3887 1450 3942 semper
1479 3868 1673 3924 deﬂeo.
1711 3869 1902 3923 Tertio
1935 3868 2084 3922 volui

510 3989 674 4045 opem
695 3971 843 4027 ferre
862 3969 929 4024 ad
944 3963 1364 4038 praecavendum
1387 3963 1456 4016 iis
1474 3961 1569 4032 qui
1595 3969 1725 4014 sunt
1749 3961 1804 4013 in
1832 3959 2085 4030 praesenti

511 4065 630 4122 fere
649 4061 902 4134 periculo
930 4055 1396 4126 labendi,quil)us
1417 4053 1565 4106 hunc
1593 4051 1797 4104 librum
1826 4058 2085 4118 tanquam

432 4138 439 4145 ’
511 4155 820 4214 remedium
836 4149 1037 4208 veneni
1055 4147 1412 4204 commiscere
1429 4143 1596 4198 volui.
1617 4142 1884 4210 Prmterea
1901 4142 2086 4198 etiam.

513 4253 645 4324 quia
680 4246 996 4304 metuebam
1029 4241 1327 4316 judicium,
1353 4237 1398 4293 si
1430 4234 1651 4290 miseria
1683 4233 1797 4302 ipsa
1829 4248 1858 4285 a
1889 4245 1994 4300 qua
2027 4230 2090 4282 li-

513 4321 742 4400 beratus
792 4338 1044 4401 fuissem,
1101 4348 1205 4388 nos
1257 4325 1650 4386 misericordes
1695 4339 1806 4398 non
1850 4321 2086 4376 fecisset.

2179 1869 2372 1938 χεῖρας
2416 1865 2514 1920 καὶ
2563 1867 2772 1945 φρένας
2812 1866 3158 1934 ἁγνίσαντες.
3194 1861 3334 1936 'Ap‘
3373 1863 3485 1920 οὖν
3531 1870 3632 1920 οἰκ
3671 1870 3783 1920 ἀσε-

2179 1959 2335 2020 ϐείας
2381 1957 2620 2030 ἐσχάτης
2661 1957 2882 2030 γραφὴν
2928 1958 2994 2012 ἂν
3050 1958 3204 2026 παρὰ
3249 1959 3372 2012 τῶν
3421 1961 3780 2031 εὐγνωμόνων-ι

2179 2048 2406 2112 ἐνδίκως
2456 2049 2888 2120 ἀπηνεγκάμην,
2939 2049 2990 2101 εί
3041 2048 3223 2102 ταῦτα
3276 2054 3485 2123 σιωπῇ
3543 2052 3782 2106 παντελεῖ

2171 2139 2524 2210 παραδοῦναι
2558 2140 2864 2210 ὑπέμεινας

2253 2232 2376 2285 Ὀτι
2405 2231 2461 2284 δὲ
2495 2230 2571 2302 μὴ
2613 2231 2710 2314 ἀπ’
2743 2229 2940 2300 ἀρχῆς,
2983 2229 3117 2300 μηδὲ
3141 2231 3270 2283 κατ’
3322 2231 3521 2302 αὐτὴν
3564 2232 3777 2301 ἐκείνῃ,

2179 2321 2257 2386 ὡς
2311 2322 2510 2387 εἰπεῖν,
2535 2322 2634 2392 τὴν
2685 2320 2856 2392 ὥραν,
2907 2321 3030 2373 καθ’
3061 2323 3129 2390 ῆν
3164 2319 3502 2391 ἀναϐλέψαι
3533 2324 3774 2394 tibing

2180 2415 2274 2472 τὸν
2347 2416 2771 2486 εὐχαριστήριον
2832 2414 3169 2484 συντέταχα,
3231 2418 3640 2488 παραιτείσϐω
3693 2420 3774 2487 ph

2182 2506 2338 2572 Θεὸς,
2389 2505 2774 2574 παραιτεῖσθω
2813 2505 2870 2558 δὲ
2908 2505 3142 2560 καὶτῶν
3193 2506 3497 2578 θεοφιλῶν
3547 2511 3773 2571 ἕκαστος.

2184 2599 2259 2652 Οὐ
2313 2597 2424 2668 γὰρ
2459 2597 2529 2650 δι’
2574 2599 2995 2668 ἀγνωμοσύνην,
3036 2597 3155 2651 ἀλλ’
3196 2598 3352 2668 ὑπὲρ
3401 2600 3515 2654 τοῦ
3547 2601 3773 2672 μὴεὲξιι

2181 2691 2284 2762 τὴν
2324 2691 2684 2762 περὶτούτων
2711 2690 3065 2762 εὐχαριστίαν
3095 2689 3429 2760 προπετοῦς
3469 2691 3773 2764 aufugi;

2184 2783 2457 2836 ποιεῖσθαι
2510 2781 2804 2852 πρόφασιν,
2861 2780 3016 2850 φόϐῳ
3063 2780 3156 2833 τὸν
3227 2779 3402 2848 λόγον
3454 2782 3769 2852 ἐχαλξνωςα.

2183 2874 2298 2929 Νῦν
2325 2875 2370 2928 δ’
2402 2874 2497 2927 ἆτε
2531 2873 2746 2936 δικαίας
2775 2872 2870 2926 καὶ
2912 2872 3035 2926 οὐδὲ
3091 2871 3520 2942 συγχωρούσης
3570 2873 3772 2943 ἠρεμεῆ

2183 2964 2799 3034 ἀνακιησάσης.ήμᾶς
2867 2963 3085 3026 αίτίας,
3121 2962 3574 3032 ἀφοσιώσασθαι
3624 2965 3682 3018 τό
3721 2979 3771 3013 τι

2184 3058 2344 3130 χρέος
2378 3059 2471 3111 καὶ
2500 3057 2592 3110 τὸν
2621 3054 2788 3108 πόθον
2816 3053 3157 3108 ἐσπούδακα.
3210 3053 3702 3127 ’Δξιοπιστὸτερος
3725 3054 3772 3106 δὲ

2185 3151 2408 3212 πάντων
2442 3147 2509 3202 ἃν
2536 3145 2626 3220 ἦν,
2662 3148 2742 3210 εἷς
2767 3163 2825 3198 τε
2857 3145 3040 3198 πίστιν
3063 3144 3174 3198 τῶν
3200 3144 3667 3217 λεχθησομένων,
3692 3146 3776 3199 καὶ

2185 3244 2266 3306 εἰς
2311 3241 2372 3295 τὸ
2415 3241 2736 3294 καταιδέσαι
2767 3239 2898 3302 τοὺς
2941 3238 3161 3301 ἀθέους,
3204 3236 3272 3291 ἂν
3303 3240 3422 3308 ἄρα
3455 3239 3770 3308 βούλωνταιο

2187 3335 2355 3404 πεῖρα
2385 3331 2518 3402 γὰρ,
2611 3346 2767 3399 φασι,
2797 3327 2910 3380 τῶν
2940 3326 3115 3396 λόγων
3150 3327 3526 3399 βεϐαιοτέρα.
3558 3329 3773 3400 Epiri;

2185 3423 2243 3476 δέ
2279 3441 2368 3494 μοι
2394 3424 2628 3494 παρήτω
2663 3421 2897 3492 μάρτυς,
2926 3421 3020 3472 καὶ
3045 3421 3074 3472 ὁ
3107 3419 3305 3472 τούτου
3346 3421 3580 3491 Πατὴρ,
3609 3422 3686 3474 ὅτι
3707 3419 3770 3488 μὴ

2185 3516 2456 3587 ἀπεχθείᾳ
2499 3513 2721 3585 τινῶνῆ
2757 3515 2822 3584 τῇ
2860 3511 2991 3584 πρὸς
3022 3512 3250 3582 ἐτέρους
3296 3513 3528 3584 χάριτι,
3565 3515 3633 3568 τὰ
3667 3514 3770 3568 κατ’

2186 3610 2385 3671 αὐτοὺς
2415 3604 2533 3678 εἶμι
2558 3605 2731 3671 λέξων
2751 3622 2766 3638 ⁸
2801 3604 2940 3660 ἀλλὰ
2979 3604 3232 3676 πρώτους
3269 3604 3378 3675 μὲν
3408 3607 3618 3669 αὐτοὺς
3645 3604 3770 3660 Exsi-

2185 3721 2309 3768 νους
2338 3699 2843 3770 κατοικτιζόμενος,
2872 3699 2973 3752 οὐκ
3005 3698 3156 3752 ἐστιν
3197 3699 3288 3752 ὅτε
3330 3699 3414 3770 μὴ
3443 3700 3774 3770 ὀλοφυρόμε-

2187 3814 2301 3859 νος,
2330 3794 2426 3847 καὶ
2473 3792 2661 3864 τρίτον
2708 3789 3197 3862 προφυλακτήριόν
3245 3807 3301 3844 τι
3364 3791 3630 3863 βοήθημα
3677 3794 3775 3852 τοῖς

2185 3887 2309 3940 ὅσον
2342 3884 2494 3938 οὔπω
2532 3882 2989 3954 ἐμπεσουμένοις,
3035 3881 3231 3936 τοῦτον
3272 3884 3368 3937 τὸν
3401 3883 3570 3952 λόγον
3599 3883 3774 3951 W9

2186 3993 2239 4028 τι
2289 3973 2636 4044 ἀλεξιτήριον
2688 3975 2985 4042 φάρμακον
3031 3974 3386 4044 συγκεράσαι
3447 3975 3770 4027 ἐσπούδασε.

2191 4067 2336 4136 Πρὸς
2367 4066 2450 4118 ἔτι
2472 4065 2528 4118 δὲ
2561 4066 2658 4118 καὶ
2687 4065 2750 4118 τδ
2779 4066 2956 4135 κρῖμα
3014 4063 3236 4128 δεδιὼς,
3261 4067 3310 4118 εί
3334 4069 3482 4136 μήτε
3519 4067 3590 4119 τὸ
3619 4067 3773 4126 πάθος
3876 4051 3877 4114 ἰ

2189 4161 2336 4229 ἡμᾶς
2370 4156 2679 4227 συμπαθεῖς
2711 4155 3150 4220 κατεσκεύασεν.
3188 4157 3288 4209 Ἶν⁹
3319 4159 3376 4210 εἰ
3413 4159 3493 4228 μή
3539 4176 3596 4211 τι
3641 4159 3771 4220 ἄλλο,

2189 4248 2351 4300 τοῦτο
2379 4246 2442 4316 δὴ
2481 4245 2914 4316 καρποφορήσω,
2955 4243 3032 4315 τῷ
3077 4244 3495 4316 λυτρωσαμένῳ
3537 4247 3638 4300 καὶ
3685 4246 3772 4298 εὼ-

2194 4355 2349 4392 σαντι
2378 4335 2476 4407 τὴν
2537 4335 2743 4405 ἐτέρων
2774 4333 3160 4406 προφυλακήν.
3191 4335 3335 4404 Μηδ’
3374 4337 3541 4388 αὐτοὶ
3573 4338 3631 4390 δέ
3657 4340 3772 4407 ἡμῖν

513 4431 588 4489 Ut
635 4430 681 4486 si
732 4445 844 4484 non
893 4424 1068 4488 aliud,
1101 4423 1251 4477 hunc
1299 4419 1492 4474 saltem
1529 4417 1768 4470 fructum
1797 4411 1848 4466 ei
1877 4411 1969 4480 qui
2001 4426 2084 4462 re-

2194 4430 2700 4503 χαλεπαινέτωσαν,
2742 4430 2791 4480 εί
2820 4427 3059 4494 ἐξειπεῖν
3103 4427 3405 4497 ὑπέμεινα,
3455 4431 3604 4499 ἅπερ
3637 4430 3772 4482 αἱστιὶ

516 4521 691 4578 demit
729 4528 786 4575 et
833 4515 1112 4580 servavit,
1162 4512 1422 4574 offeram;
1466 4507 1707 4562 fructum
1733 4504 1856 4558 dico
1887 4515 2088 4572 pucea-

500 4627 646 4688 ‘vere
675 4609 819 4666 aliis.
849 4607 929 4664 Ne
957 4619 1092 4661 vero
1140 4601 1246 4674 ipsi
1294 4599 1526 4654 moleste
1568 4594 1771 4658 ferant,
1809 4591 1855 4646 si
1892 4589 2094 4644 efferre

516 4701 694 4768 volui,
730 4716 854 4771 quae
881 4696 988 4769 ipsi
1017 4710 1130 4750 non
1175 4692 1518 4747 horruerunt
1538 4680 1908 4752 sentire.-Age
1934 4693 2089 4750 ergo,

518 4796 817 4856 efferamus
854 4791 912 4847 in
960 4785 1206 4844 medium
1258 4781 1329 4838 ab
1374 4779 1511 4854 ipsis
1561 4782 1758 4832 contra
1801 4772 2095 4828 veritatem

517 4888 849 4957 excogitata,
870 4878 1077 4959 quibus
1094 4875 1180 4932 usi
1205 4879 1336 4932 sunt
1360 4871 1417 4926 in
1439 4883 1538 4926 eos
1561 4865 1658 4938 qui
1684 4865 1885 4921 misere
1903 4877 2096 4918 eorum

516 4977 732 5050 laqueis
763 4970 972 5029 irretiri
1004 4977 1062 5022 et
1090 4963 1214 5036 capi
1248 4967 1560 5032 cmperunt.

588 5044 629 5122 ί.
662 5064 910 5122 Primum
947 5058 1118 5130 igitur
1155 5052 1450 5110 artiﬁcium
1478 5046 1850 5106 simulationis
1872 5044 2098 5115 dignum
2148 5109 2154 5116 .

520 5157 733 5214 malitia
763 5167 958 5210 eorum
979 5159 1086 5214 est,
1116 5145 1266 5218 quod
1301 5159 1428 5200 cum
1461 5149 1684 5198 sanctos
1710 5137 1973 5193 Ecclesiae
2004 5134 2101 5189 do-

522 5263 706 5308 ctores
752 5256 808 5304 et
853 5262 884 5300 a
924 5245 1038 5299 Deo
1090 5240 1250 5296 datos
1317 5251 1428 5291 non
1493 5231 1789 5302 recipiant,
1840 5226 2103 5283 simulant

522 5343 694 5398 verbo
723 5354 782 5395 se
815 5350 996 5406 neque
1031 5330 1387 5387 Theodorum
1438 5340 1621 5396 neque
1652 5321 1955 5378 Diodorum
1989 5316 2103 5388 pri-

523 5451 644 5491 mos
678 5429 974 5502 impietatis
1001 5442 1113 5482 suae
1143 5424 1327 5478 fontes
1361 5420 1630 5490 recipere.

591 5635 661 5687 ll.
688 5633 828 5700 Quin
861 5643 1024 5688 etiam
1053 5644 1306 5700 magnam
1338 5625 1632 5698 synodum,
1653 5630 1711 5679 et
1738 5619 2102 5692 plurimorum

527 5738 914 5800 episcoporum
947 5721 1456 5800 Chalcedonensem
1497 5733 1599 5789 pro
1629 5715 1738 5772 alio
1784 5710 1984 5796 quovis
2015 5709 2104 5792 inf

2196 4526 2414 4594 φρονεῖν
2433 4523 2492 4574 οὐ
2524 4521 2882 4591 πεφρίκασιν.
2915 4520 3050 4587 ’Ἄγε
3073 4519 3138 4588 δὴ
3161 4513 3277 4584 οὖν,
3297 4521 3379 4582 εἰς
3411 4521 3587 4588 μέσον
3613 4520 3770 4574 cite}:

2197 4613 2766 4686 παρεισκυκλήσωμεν
2825 4611 2924 4673 τὰς
2979 4609 3123 4665 κατὰ
3180 4610 3282 4679 τῆς
3336 4609 3616 4679 ἀληθείας
3666 4613 3769 4664 ἐπι-

2196 4708 2366 4768 νοίας,
2389 4703 2476 4769 αἷς
2501 4707 2802 4774 κέχρηνται
2838 4703 2979 4756 κατὰ
3001 4701 3110 4755 τῶν
3144 4701 3345 4766 ἀθλίως
3375 4705 3504 4766 ταῖς
3542 4704 3770 4772 φονικαῖς

2197 4799 2383 4851 αὐτῶν
2407 4799 2641 4867 ἄρκυσιν
2681 4796 2884 4850 ἁλῶναι
2923 4794 3262 4866 ἀρχομένων.

2271 5069 2351 5123 Αν.
2382 5066 2610 5136 Πρῶτον
2650 5064 2750 5135 μὲν
2776 5063 2870 5117 οὖν
2892 5059 3071 5116 αὐτῶν
3099 5060 3262 5114 τοῦτο
3279 5061 3473 5134 δρᾶμα
3495 5063 3606 5134 τῆς

2145 5199 2151 5205 .
2205 5161 2337 5232 pta:
2361 5158 2605 5223 ἐπάξιον,
2635 5157 2718 5209 ὅτι
2751 5153 2874 5224 μηδ’
2898 5152 3038 5215 ὅλως
3058 5153 3183 5215 τοὺς
3209 5152 3392 5223 ίεροὺς
3421 5154 3526 5222 τῆς
3559 5155 3780 5224 Ὲικὶη-

2204 5253 2328 5314 σίας
2361 5251 2458 5304 aut
2504 5247 2819 5308 θεοσδότους
2874 5243 3155 5314 δεχόμενοι
3218 5243 3612 5311 διδασκάλους,
3659 5248 3780 5313 πλῆν

2179 5345 2286 5398 -δτι
2314 5343 2448 5415 μηδὲ
2471 5341 2748 5409 Θεόδωρον
2775 5337 2869 5390 καὶ
2902 5335 3189 5404 Διόδωρον,
3229 5337 3334 5400 τὰς
3363 5337 3597 5407 πρώτας
3621 5340 3783 5392 αὖτίς

2204 5433 2308 5502 τῆς
2352 5429 2610 5494 ἀσεϐείας
2639 5427 2825 5500 πηγὰς
2867 5425 3122 5495 δέχεσθαι
3157 5426 3238 5497 τῷ
3270 5427 3420 5499 λόγῳ
3466 5430 3781 5500 ὑποκρέκει·

2203 5543 2317 5600 ται.

2279 5616 2354 5670 B'.
2381 5615 2494 5670 Καὶ
2529 5614 2636 5686 μὴν
2677 5615 2763 5668 ὅτι
2793 5613 2894 5682 τὴν
2941 5609 3191 5683 μεγάλην
3231 5609 3331 5664 καὶ
3367 5611 3788 5681 πολυάνθρωπον

2208 5707 2453 5792 σύνοδον,
2498 5708 2594 5787 καὶ
2644 5706 2760 5762 ἀντ’
2807 5705 2968 5760 ἄλλου
3016 5703 3165 5767 τινὶς
3224 5701 3631 5774 δελεασματος,
3687 5703 3786 5775 sa,-
