3912 6298
172 285 307 354 1361

1126 296 1295 358 ADV.
1337 295 2044 359 INCORRUPTICOLAS
2084 301 2179 360 ET
2218 297 2539 362 NESTOR.

3290 294 3428 364 1302

167 402 561 476 ἁπλουστέροις
612 404 1007 477 προτείνουσιν,
1044 406 1104 459 οὗ
1136 409 1463 479 φρονοῦντες
1499 411 1596 479 μὲν
1628 412 1747 463 κατ’

1883 412 2155 468 itamento
2207 411 2639 482 simplicioribus
2686 416 3022 482 proponunt,
3054 423 3162 464 non
3207 410 3431 479 quidem

170 496 365 563 αὐτὴν.
394 496 508 549 Οὐκ
532 490 651 549 οῖδα
676 497 785 567 γὰρ
801 495 856 547 εἴ
881 514 989 550 τινι
1016 497 1160 569 ἄλλῳ
1178 500 1287 553 τῶν
1319 501 1605 570 πρωτείων
1655 500 1748 555 τοῦ

171 592 393 660 φρονεῖν
432 590 551 643 κατ’
598 590 768 661 αὐτῆς
816 592 1263 662 παραχωροῦσιν,
1303 595 1453 663 ὅμως
1503 594 1547 649 δ’
1579 596 1751 665 αὐτὴν

167 682 246 747 ὡς
293 683 493 753 σεμνὸν
542 686 910 753 προσωπεῖον,
943 683 1037 737 τοῦ
1070 684 1192 739 καθ’
1222 686 1450 751 ἑαυτοὺς
1475 687 1753 759 δράματος

171 772 652 843 ὖπεισερχόμενοι,
683 773 1009 828 λανθάνουσι
1034 776 1103 828 τὰ
1137 772 1331 847 πρῶτα
1360 782 1457 848 τῆς
1496 780 1751 849 ἐγχειρή-

171 879 337 927 σεως·
374 864 521 930 ἅπαξ
558 863 617 916 δὲ
663 860 955 928 πείσαντες
986 865 1242 937 δέχεσθαι
1281 866 1443 936 δῆθεν
1493 868 1592 937 τὴν
1625 869 1753 921 σύν-

169 955 307 1022 οδον,
331 952 363 1025 ἢ
391 955 682 1025 δεχομένου
712 954 775 1023 γέ
805 973 952 1020 τινος
969 956 1261 1029 λαϐόμενοι
1281 956 1753 1024 διαπυνθάνονται,

173 1047 361 1101 ὁποῖον
401 1045 552 1117 αύτῷ
606 1046 840 1118 σύνηθές
880 1066 940 1101 τε
996 1048 1091 1102 καὶ
1141 1049 1294 1118 φίλον
1323 1051 1432 1103 τῶν
1490 1052 1756 1123 Πατὲρων

173 1142 364 1196 ἀσκεῖν
386 1157 399 1170 ο
435 1137 556 1195 εἶτα
605 1142 654 1194 εί
708 1140 860 1211 τύχοι
892 1138 1072 1211 φήσας
1116 1143 1144 1194 ὁ
1177 1140 1557 1212 ἐρωτώμενος,
1592 1145 1624 1215 ἦ
1664 1147 1756 1196 τὸν

152 1244 163 1255 ⁸
179 1229 357 1302 μέγαν
385 1228 661 1302 ὀφθαλμὸν
680 1233 779 1301 τῆς
804 1226 1131 1301 Ἐκκλησίας
1162 1230 1439 1304 Ἰωάννην,
1459 1228 1491 1306 ἢ
1513 1236 1640 1298 τοὺς
1663 1235 1758 1288 δύο

180 1325 455 1391 μεγάλους
484 1326 797 1394 φωστῆρας,
826 1319 952 1387 τοὺς
994 1322 1370 1388 Καππαδόκας
1398 1328 1562 1394 φημὶ,
1591 1324 1623 1395 ἦ
1665 1328 1758 1379 τὸν

199 1413 502 1479 φανίτατον
562 1415 840 1485 ἑωσφόρον
890 1414 1228 1479 Ἀθανάσιον,
1280 1418 1330 1468 οἱ
1372 1416 1425 1469 δὲ
1459 1417 1599 1486 (οὐδὲ
1647 1417 1758 1489 γὰρ

178 1504 542 1574 ὑπομένουσιν
572 1507 689 1559 οὐδὲ
722 1506 893 1576 αύτήν
920 1524 983 1575 γε
1005 1507 1103 1579 τὴν
1131 1507 1239 1559 τῶν
1268 1509 1548 1576 ὀνομάτων
1575 1510 1759 1577 ἀπαγ-

177 1595 412 1661 γελίαν,)
442 1595 715 1648 ἀλλοιοῦσι
764 1597 864 1666 μὲν
892 1596 1053 1659 εὐθὺς
1082 1596 1143 1649 τὸ
1175 1598 1486 1663 πράσωπον,
1519 1598 1667 1667 ὅμως
1698 1615 1760 1663 γε

185 1686 295 1756 μὴν
328 1688 466 1755 ὑπὲρ
490 1687 584 1739 τοῦ
624 1689 707 1758 μὴ,
733 1688 875 1741 κατὰ
901 1688 997 1757 τὴν
1027 1689 1249 1759 πρώτην
1280 1689 1531 1758 ἐντυχίαν
1559 1687 1761 1756 πλῆξαι

179 1775 273 1825 τὸν
309 1774 652 1845 θηρώμενον,
686 1778 780 1829 καὶ
807 1777 980 1847 ταύτῃ
1009 1778 1374 1847 ἀποφοιτῆσαι
1399 1820 1412 1843 ,
1448 1778 1612 1831 Καλολ
1644 1779 1764 1846 μὲν,

1853 506 2155 560 senlientes
2182 520 2308 558 cum
2339 519 2437 567 ea;
2473 504 2661 559 nescio
2690 503 2839 558 enim
2874 517 2942 556 an
2975 500 3072 555 ulli
3101 501 3193 555 alii
3225 501 3432 572 primas

1853 603 2040 663 partes
2078 592 2353 648 sentiendi
2408 603 2602 647 contra
2649 606 2770 646 eam
2804 587 3150 656 concedam;
3206 606 3428 661 gravem

1855 693 2036 747 tamen
2070 700 2364 756 personam
2390 685 2511 757 ejus
2556 684 2612 739 in
2658 700 2760 739 suo
2805 692 2928 737 actu
2976 682 3081 738 sibi
3123 698 3220 752 per
3256 684 3432 737 simu-

1853 775 2115 830 lationem
2166 777 2534 847 imponentes,
2566 777 2739 831 latent
2787 774 2846 830 in
2895 774 3029 844 ipsis
3059 773 3266 845 negotii
3306 789 3432 829 sus-

1855 868 2000 937 cepti
2046 867 2260 923 initiis:
2301 884 2426 923 cum
2462 883 2600 949 vero
2631 866 2797 923 semel
2847 864 3125 921 suaserint
3162 864 3432 937 synodum

1856 959 2126 1029 recipere,
2157 966 2252 1014 aut
2297 960 2445 1015 nacti
2478 967 2607 1014 sunt
2638 960 2876 1028 aliquem
2910 958 3003 1027 qui
3034 957 3283 1027 recipiat,
3311 973 3437 1027 per-

1856 1059 2156 1105 contantur
2210 1067 2504 1116 quemnam
2558 1068 2624 1107 ex
2677 1049 2934 1106 Patribus
2997 1049 3191 1103 solitus
3244 1049 3317 1104 sit
3380 1057 3437 1104 et

1858 1138 2072 1210 placeat
2118 1148 2352 1196 tractare
2400 1150 2456 1197 et
2500 1157 2796 1198 exercere:
2846 1139 3067 1204 deinde,
3106 1140 3151 1194 si
3185 1139 3325 1194 forte
3359 1156 3438 1196 rc-

1859 1231 2146 1300 spondeat,
2178 1249 2339 1302 quem
2374 1234 2682 1303 percontati
2715 1241 2865 1295 sunt,
2897 1241 2989 1286 aut
3021 1246 3276 1302 magnum
3303 1247 3438 1287 ocu-

1859 1321 1971 1375 lum
2008 1322 2265 1378 Eeelesize
2307 1323 2575 1378 Joannem
2604 1364 2617 1388 ,
2646 1333 2742 1378 aut
2784 1324 2895 1377 duo
2939 1338 3134 1392 magna
3188 1322 3397 1376 lumina
3421 1364 3436 1389 ,

1860 1414 2020 1475 duos,
2054 1416 2300 1485 inquam,
2348 1416 2469 1470 illos
2512 1415 2891 1485 Cappadoeize,
2940 1422 3035 1468 aut
3068 1415 3437 1469 clarissimum

1860 1506 2152 1561 luciferum
2177 1507 2567 1573 Athanasium;
2599 1508 2678 1561 illi
2700 1507 2964 1562 continuo
2982 1514 3197 1560 mutant
3216 1505 3440 1575 quidem

1862 1614 2183 1668 personam:
2229 1616 2339 1653 non
2374 1601 2521 1654 enim
2557 1599 2845 1669 patiuntur
2888 1614 2957 1653 ne
2990 1597 3263 1652 nominari
3320 1597 3443 1666 qui-

1863 1687 1986 1740 dem
2020 1688 2235 1754 solum;
2288 1704 2356 1743 ne
2412 1697 2595 1743 tamen
2635 1689 2689 1743 in
2745 1689 2864 1757 ipso
2901 1688 3081 1756 primo
3135 1702 3436 1757 congressu

1860 1778 2181 1834 deterreant
2198 1796 2362 1849 quem
2383 1780 2682 1849 illaqueare
2704 1781 2918 1842 volunt,
2944 1789 3111 1848 atque
3143 1780 3215 1835 ita
3239 1780 3441 1834 avolct:

181 1863 339 1929 φασὶ,
376 1866 471 1916 καὶ
497 1866 544 1916 οἱ
578 1866 821 1936 Πατέρες
843 1857 1013 1928 οὗτοι,
1045 1866 1161 1919 ἀλλ’
1188 1866 1340 1919 οὔπω
1370 1868 1629 1935 ἀμείνους
1657 1867 1766 1919 τῶν

1883 1870 2028 1934 Boni,
2053 1870 2331 1939 inquiunt,
2349 1880 2476 1925 sunt
2496 1872 2586 1926 isti
2611 1871 2821 1934 Patres,
2848 1886 2956 1924 non
2982 1880 3159 1924 tamen
3185 1872 3448 1925 meliores

183 1953 519 2022 ἡμεδαπῶν·
551 1959 599 2009 εἰ
647 1956 702 2009 δὲ
760 1958 827 2009 τὰ
869 1958 1111 2027 ὀνόματα
1157 1959 1590 2019 διαπυνθάνοιτο,
1633 1958 1759 2011 ἀνά-

181 2044 357 2112 γνωθι
395 2046 635 2115 πρῶτον,
674 2049 827 2115 φασὶ,
868 2050 963 2102 καὶ
994 2050 1113 2102 τότε
1141 2047 1327 2120 γνώσῃ
1358 2052 1502 2111 τίνες
1554 2067 1616 2103 τε
1673 2052 1767 2105 καὶ

182 2136 368 2205 ἡλίκοι
412 2140 797 2208 τυγχάνουσιν,
840 2134 936 2201 ὧν,
984 2139 1159 2207 ἄθλιε,
1195 2139 1467 2207 λέγοντες,
1521 2142 1642 2194 οὐδὲ
1668 2144 1770 2207 τὰς

185 2229 564 2298 προσηγορίας
600 2228 679 2281 ἔτι
710 2228 1067 2299 μεμάθηκας.

263 2339 334 2392 Γ’.
371 2339 580 2403 Πολλάς
630 2358 690 2393 τε
730 2340 823 2394 καὶ
877 2340 1046 2403 ἄλλας
1091 2341 1511 2412 ὑπισχνούμενοι
1562 2343 1772 2413 δωρεὰς

186 2431 286 2484 καὶ
318 2432 631 2502 συνάρσεις,
669 2434 763 2486 καὶ
799 2432 899 2496 τὰς
926 2435 1018 2487 ἐπὶ
1053 2434 1343 2504 βασιλέως,
1378 2437 1424 2487 εί
1452 2435 1607 2504 τύχοι
1635 2436 1770 2505 χρῄ·

188 2526 322 2588 ζων,
351 2526 611 2589 εἰσόδους,
635 2526 743 2577 τῶν
771 2529 828 2579 ὲν
854 2527 998 2579 τέλει
1021 2544 1079 2579 τε
1107 2528 1204 2597 τὴν
1222 2526 1443 2596 πρώτην
1465 2528 1650 2596 τιμὴν,
1678 2527 1773 2580 καὶ

187 2616 300 2667 τῶν
339 2616 540 2683 λογίων
597 2618 727 2688 παρ’
772 2620 958 2681 αὐτοῖς
1005 2619 1104 2690 τὴν
1154 2620 1547 2689 συνδιαίτησιν,
1590 2618 1634 2671 ῶ
1674 2621 1773 2689 τῆς

187 2709 302 2761 τῶν
336 2709 519 2762 κακῶν
558 2710 861 2781 ἀμετρίαςί
892 2711 951 2763 ού
996 2712 1261 2779 πρότερον
1296 2711 1613 2780 ἀπέχονται,
1644 2712 1774 2782 πρὶν

189 2800 376 2862 αὐτοῖς
411 2802 706 2853 ὑποπεσεῖν
746 2802 837 2854 τὸν
880 2801 993 2855 εἴτε
1036 2801 1267 2872 ἀμαθίᾳ,
1306 2801 1419 2854 εἴτε
1450 2802 1631 2873 χρεία,
1664 2803 1773 2855 εἴτε

192 2893 479 2962 κολακείᾳ,
510 2892 621 2945 εἴτε
678 2893 822 2963 ἄλλῳ
846 2893 955 2945 τινὶ
981 2893 1091 2945 τῶν
1138 2894 1237 2945 ὅσα
1291 2894 1608 2961 παγιδεύειν
1650 2891 1772 2959 ⁵δῖδε,

193 2982 323 3043 τοὺς
361 2980 438 3050 μὴ
468 2982 617 3053 πάσῃ
657 2981 874 3053 φυλακῇ
906 2981 1004 3052 τὴν
1044 2981 1256 3035 ἑαυτῶν
1304 2981 1606 3055 τηροῦντας
1642 3000 1776 3054 καρ-

194 3070 340 3125 δίαν.

271 3190 346 3239 A'.
392 3182 524 3239 Εἶτα
560 3186 730 3240 ἐπειδ’
762 3187 828 3240 ἂν
865 3188 970 3241 ὑπὸ
1003 3190 1164 3260 χεῖρα
1189 3188 1427 3249 λάϐοιεν.
1465 3192 1556 3244 καί
1590 3191 1772 3244 πειθόο
1806 3216 1847 3272 c

204 3296 367 3349 μενον
395 3278 570 3349 ἔχοιεν
602 3281 657 3331 ἐν
688 3272 769 3341 οἷς
817 3279 1122 3349 βούλονται,
1165 3282 1214 3333 εἰ
1263 3280 1365 3350 μὲν
1415 3283 1647 3353 μοναχὸς
1692 3285 1779 3353 εἴη

199 3370 385 3424 αὐτῶν
416 3372 477 3425 τὸ
516 3372 761 3443 θήραμα,
801 3374 894 3426 ἐπί
925 3390 984 3426 τε
1021 3372 1371 3442 Ἑλληνικοὺς
1414 3372 1607 3440 λόγους
1646 3392 1781 3444 προ-

200 3465 519 3534 τρέπονται,
582 3465 636 3516 εἴ
681 3482 744 3533 γε
795 3465 931 3536 πρὸς
976 3464 1201 3529 τούτους
1254 3464 1581 3535 ἐπιτηδείως
1643 3464 1782 3535 ἔχων

203 3556 495 3627 εὑρεθείη·
529 3558 625 3609 καὶ
671 3556 844 3609 πολλὰ
893 3556 993 3626 τὴν
1038 3554 1133 3609 τοῦ
1192 3556 1476 3625 τάγματος
1525 3555 1785 3624 ἀφέλειαν

208 3644 556 3713 σκώψαντες,
583 3647 677 3699 καὶ
707 3646 782 3708 ὼς
817 3646 970 3700 οὐδέν
997 3648 1115 3699 ἐστι
1145 3647 1392 3715 νηστεία,
1421 3647 1452 3712 ἢ
1481 3648 1782 3717 ἀγρυπνία,

206 3735 241 3806 ἢ
280 3737 632 3807 ἀναχώρησις
682 3738 815 3805 (καὶ
860 3738 968 3809 γάρ
1022 3740 1117 3791 καὶ
1168 3738 1265 3809 τὴν
1310 3739 1623 3809 πρακτικὴν
1666 3739 1785 3791 δια-

208 3826 522 3893 ϐάλλουσιν,
556 3829 650 3881 καὶ
702 3828 895 3898 μέχρις
944 3828 1109 3881 αὑτοῦ
1145 3829 1410 3898 ὀνόματος
1450 3829 1585 3899 πρὸς
1618 3827 1788 3898 αὐτὴν

207 3921 713 3992 δυσχεραίνουσιν),
748 3923 841 3974 ἐπὶ
871 3921 932 3974 τὸ
961 3921 1197 3991 ἀμεῖψαι
1236 3920 1297 3975 τὸ
1328 3921 1518 3989 σχῆμα
1551 3920 1787 3990 προτρέ-

210 4027 430 4075 πονται,
459 4011 533 4072 ὼς
559 4012 815 4081 ἐμπόδιον
836 4012 1104 4080 τυγχάνον
1130 4009 1417 4076 πολιτικῆς
1445 4007 1787 4077 φιλοσοφίας*

210 4103 402 4172 κλήρῳ
428 4103 484 4155 δὲ
512 4102 903 4170 ἐγκαταλέγειν
933 4102 1093 4155 αὑτὸν
1125 4099 1533 4170 ὑπισχνοῦνται,
1560 4101 1591 4169 ἢ
1615 4098 1793 4163 ἄλλως

212 4210 331 4255 πως
385 4196 729 4263 συγκροτεῖν,
770 4194 930 4262 μόνον
969 4195 1018 4246 εί
1052 4193 1156 4261 τῆς
1197 4190 1453 4255 ἀσεϐείας
1485 4191 1667 4244 αὐτῶν
1696 4190 1792 4259 γέ-

213 4302 359 4338 νοιτο
397 4285 648 4355 μέτοχος.
685 4285 747 4337 Εί
778 4284 835 4339 δὲ
873 4284 1138 4353 κοσμικὸς
1186 4283 1295 4353 εἴη,
1339 4282 1441 4346 τὰς
1488 4283 1639 4353 αύτῷ
1692 4284 1794 4353 ἁρ-

218 4375 523 4446 μοττούσας
559 4374 952 4445 ὑπισχνοῦνται
993 4374 1231 4445 δωρεάςο
1278 4374 1378 4426 οὐκ
1433 4374 1796 4445 ἀληθεύοντες

218 4471 317 4541 μὲν
348 4468 529 4540 (τοῦτο
554 4470 664 4539 γὰρ
687 4469 866 4523 αὐτῶν
902 4469 1020 4521 ἐστι
1050 4468 1113 4521 τὸ
1142 4469 1201 4520 ἐν
1236 4469 1431 4529 κακοῖς
1469 4463 1791 4537 μακάριον),

1868 1973 2031 2028 quam
2064 1968 2374 2015 nostrates:
2407 1961 2451 2014 si
2483 1976 2615 2015 vero
2644 1970 2799 2030 roget
2828 1959 3069 2023 nomina,
3096 1959 3237 2028 Lege
3266 1962 3442 2030 prius,

1871 2050 2147 2120 inquiunt,
2176 2061 2231 2108 et
2267 2061 2399 2108 tunc
2431 2069 2752 2124 cognosces,
2788 2054 2980 2122 quales
3010 2060 3066 2107 et
3092 2052 3281 2122 quanti
3314 2053 3442 2117 sint,

1869 2158 2129 2211 quorum,
2151 2144 2342 2209 miser,
2369 2146 2646 2215 inquiunt,
2683 2160 2750 2199 ne
2778 2145 3000 2200 nomina
3022 2144 3243 2216 quidem
3266 2143 3448 2199 adhuc

1871 2232 2135 2290 didicisti.

1940 2348 2029 2402 ΙΙΙ.
2064 2348 2234 2403 Multa
2262 2350 2410 2405 enim
2437 2351 2543 2406 alia
2580 2367 2809 2407 munera
2858 2358 2914 2406 et
2942 2352 3145 2406 atixilia
3191 2352 3451 2421 pollicen-

1874 2446 2000 2502 tur,
2048 2447 2105 2494 et
2156 2456 2290 2510 opes
2336 2444 2722 2512 imperatoris,
2775 2443 2819 2497 si
2875 2451 3052 2512 egeat,
3100 2450 3158 2496 et
3208 2441 3452 2511 primum

1872 2530 2103 2597 gradum
2131 2530 2186 2584 in
2219 2532 2653 2601 magistratibus,
2681 2543 2739 2588 et
2763 2534 3133 2594 eruditorum,
3166 2548 3307 2603 quos
3349 2533 3453 2586 ba-

1873 2620 2007 2676 beut
2060 2623 2397 2679 convictum.
2429 2623 2474 2680 Ο
2517 2626 2783 2680 malorum
2828 2625 3287 2681 immensitatem!
3338 2637 3453 2678 non

1875 2714 2033 2783 prius
2069 2716 2388 2783 discedunt,
2438 2733 2604 2788 quam
2656 2719 2982 2774 succumbat
3031 2718 3147 2773 sive
3195 2718 3452 2780 inscitia,

1876 2806 1989 2861 sive
2023 2807 2359 2879 indigentiae,
2392 2799 2508 2865 sive
2558 2812 2941 2876 assentationi,
2970 2810 3088 2866 sive
3126 2810 3250 2865 aliis
3302 2825 3455 2879 quaa-

1877 2911 2097 2967 cuuque
2121 2898 2417 2969 illaqueare
2446 2901 2627 2955 solent
2646 2915 2743 2956 eos
2772 2903 2866 2973 qui
2892 2917 3003 2956 non
3032 2901 3182 2956 omni
3204 2898 3456 2957 custodia

1878 3005 1974 3045 eor
2003 3006 2163 3045 suum
2194 2990 2533 3048 custodiunt.

1950 3189 2038 3242 IV.
2080 3187 2291 3242 Deinde
2342 3194 2632 3258 postquam
2681 3196 2900 3259 captum
2959 3195 3169 3249 tenent,
3218 3195 3274 3241 et
3320 3184 3457 3241 obe-

1881 3280 2124 3337 dientem
2157 3268 2234 3333 'in
2281 3279 2487 3348 quibus
2520 3280 2734 3344 volunt,
2784 3279 3030 3345 habent,
3069 3278 3117 3333 si
3153 3279 3460 3333 monachus

1881 3369 1973 3430 sit,
2007 3370 2302 3424 hortantur
2336 3369 2401 3424 ad
2439 3370 2702 3441 legendos
2736 3370 2908 3425 libros
2945 3369 3257 3440 gentilium,
3294 3369 3341 3425 si
3375 3374 3461 3425 ta-

1882 3474 2007 3514 men
2034 3458 2268 3514 idoneus
2284 3460 2351 3514 ad
2370 3476 2467 3515 eos
2485 3460 2749 3531 legendos
2771 3460 3029 3516 videatur
3051 3478 3067 3527 ;
3090 3468 3147 3515 et
3170 3468 3462 3529 postquam

1883 3550 2289 3619 simplicitatem
2322 3551 2535 3606 ordinis
2561 3552 2848 3607 monastici
2884 3554 3118 3608 multum
3146 3552 3461 3616 irriserunt,

1884 3643 2031 3711 quod
2068 3643 2203 3696 nihil
2252 3644 2323 3697 sit
2368 3644 2662 3712 jejunium,
2700 3644 2784 3697 vel
2818 3643 3029 3713 vigilia,
3061 3643 3147 3697 vel
3188 3657 3463 3706 secessus,

1886 3732 2181 3802 (siquidem
2210 3733 2400 3787 virtuti
2433 3734 2709 3803 praetieaa,
2740 3733 2794 3787 id
2823 3742 2927 3795 est,
2952 3734 3007 3787 in
3035 3734 3252 3787 actione
3276 3733 3469 3801 posita:

1888 3824 2219 3885 obtrectant,
2246 3832 2301 3878 et
2332 3839 2510 3893 neque
2536 3839 2735 3878 nomen
2767 3824 2886 3893 ejus
2915 3824 3027 3894 pati
3051 3830 3284 3893 possunt
3309 3838 3469 3892 {equo

1891 3917 2120 3985 animo),
2157 3916 2223 3971 ad
2281 3915 2605 3970 mutandum
2668 3916 2917 3970 habitum
2970 3915 3262 3970 hortantur
3321 3914 3471 3985 quod

1892 4010 1964 4065 sit
2010 4010 2080 4064 ad
2129 4009 2374 4064 studium
2415 4010 2639 4075 virtutis
2673 4009 2932 4079 politicze,
2999 4009 3053 4063 id
3084 4018 3191 4074 est,
3246 4025 3368 4078 qua:
3412 4008 3473 4063 in

1892 4100 2114 4156 civitate
2143 4108 2413 4165 versetur,
2467 4100 2972 4170 impedimentum:
3028 4099 3363 4170 promittunt
3413 4113 3474 4154 se

1895 4193 1951 4247 in
1984 4193 2235 4248 ordinem
2279 4192 2603 4248 clericorum
2647 4209 2773 4248 eum
2810 4199 3188 4262 cooptaturos,
3219 4198 3316 4245 aut
3364 4190 3475 4245 alio
3545 4192 3563 4257 ξ

1896 4285 2062 4340 modo
2103 4285 2485 4348 auxiliaturos,
2517 4284 2682 4340 modo
2718 4284 2811 4339 ﬁat
2842 4284 3122 4354 particeps
3170 4283 3475 4353 impietatis

1896 4365 2111 4433 eorum.
2144 4377 2241 4455 Sin
2273 4385 2457 4431 autem
2518 4377 2591 4432 sit
2624 4377 2928 4443 smcularis,
2975 4375 3119 4431 dona
3153 4376 3207 4431 ei
3254 4389 3476 4430 accom-

1899 4470 2119 4525 modata
2150 4469 2512 4539 promittunt,
2552 4484 2661 4523 non
2697 4468 2922 4538 quidem
2963 4482 3157 4523 verum
3203 4466 3474 4532 dicentes,

214 4565 364 4634 ὅμως
393 4562 434 4616 δ’
463 4558 556 4617 οὖν
590 4561 1087 4625 ἀποϐουκολοῦντες
1113 4564 1232 4625 ταῖς
1262 4560 1463 4623 ἐλπίσι,
1505 4560 1773 4630 κεχηνένα

1902 4561 2008 4615 hoc
2038 4560 2187 4614 enim
2216 4568 2301 4615 est
2334 4560 2387 4613 in
2416 4575 2609 4614 eorum
2641 4559 2803 4615 malis
2833 4559 3094 4625 beatum;
3153 4558 3248 4615 sed
3288 4557 3369 4612 sic
3397 4564 3479 4612 ta-

219 4659 300 4721 είς
340 4657 539 4720 αὐτοὺς
570 4656 997 4726 ἀναγκάζουσιν.
1041 4654 1202 4707 Ἀλλὰ
1239 4652 1447 4706 τούτων
1482 4652 1581 4719 μὲν
1618 4655 1669 4706 εἰ
1702 4652 1797 4706 καὶ

223 4749 424 4821 βραχὺς
450 4753 477 4804 ὁ
509 4749 753 4820 ἐλεγχος,
782 4746 919 4801 ἀλλὰ
950 4747 1047 4801 καὶ
1082 4744 1428 4825 κατεπείγων
1459 4743 1486 4795 ὁ
1515 4744 1726 4813 χρόνος.

294 4951 369 5005 E'.
440 4949 596 5012 Ἐνδς
653 4950 699 5002 δ’
736 4943 829 5002 οὖν
884 4948 916 5019 ἢ
974 4947 1229 5018 δευτέρου
1287 4945 1397 4998 τῶν
1437 4946 1559 4998 κατ’
1604 4943 1802 5006 αὐτοὺς

224 5042 607 5116 ὲπιμνησθεὶς,
645 5041 739 5095 ἐπὶ
797 5041 888 5094 τὸν
941 5041 1119 5111 μέγαν
1177 5038 1359 5093 αὐτῶν
1410 5038 1510 5107 τῆς
1557 5037 1802 5108 ἀμαθίας

224 5136 565 5206 τετράψομαι
645 5133 987 5186 διδάσκαλον.
1048 5132 1438 5203 Θεωρήσαντες
1492 5129 1598 5198 γὰρ
1650 5130 1804 5182 αὑτοῖ⁹

226 5226 498 5296 ὁσημέραι
539 5225 601 5277 τὸ
632 5223 775 5276 κατὰ
803 5222 908 5274 τῶν
949 5222 1128 5275 ἀθέων
1154 5221 1335 5275 αὐτῶν
1364 5221 1677 5289 δογμάτων,
1706 5219 1803 5273 καὶ

226 5319 323 5372 τοῦ
363 5318 697 5387 πρωτάρχου
729 5316 828 5384 τῆς
854 5314 1133 5379 ἀσεϐείας,
1164 5317 1221 5367 ὲν
1252 5316 1363 5378 τοῖς
1397 5316 1607 5375 πιστοῖς
1640 5312 1804 5376 αύξὸ-

233 5426 394 5481 μενον
422 5408 632 5463 δίκαιον
666 5409 845 5477 μῖσος,
875 5407 953 5469 ὡς
985 5407 1179 5478 πικρόν
1206 5425 1259 5459 τι
1299 5405 1635 5460 διανοοῦνται
1663 5406 1808 5459 κατὰ

229 5502 331 5571 τῆς
373 5499 584 5554 ἑαυτῶν
612 5500 778 5570 ζωῆς.
810 5500 1058 5571 Δράματι
1081 5499 1191 5571 γὰρ
1212 5498 1275 5570 δή
1327 5516 1479 5568 φασι,
1510 5499 1605 5552 καὶ
1642 5514 1813 5569 προσ-

231 5592 368 5665 ώπῳ
408 5594 564 5664 ἡμῖν,
592 5591 859 5664 -Ἐρρέτω
906 5590 1224 5665 Νεστόριος,
1272 5591 1561 5663 δογμάτων
1609 5590 1667 5643 δὲ
1706 5589 1814 5644 τῶν

236 5683 420 5740 αὐτῶν
475 5684 629 5739 ἔσται
682 5684 886 5757 πατὴρ,
922 5687 951 5740 ὁ
1003 5686 1256 5742 κάκείνου
1306 5684 1489 5757 πατὴρ
1541 5682 1803 5755 γεγονώς.

1903 4665 2029 4704 men
2046 4664 2172 4704 eum
2188 4648 2362 4703 fallaci
2386 4662 2482 4717 spe
2503 4647 2851 4706 sedueentes,
2868 4654 3072 4717 cogunt
3088 4644 3302 4699 inhiare
3320 4643 3477 4713 ipsis.

1904 4742 2083 4811 Atque
2105 4741 2221 4795 hate
2241 4740 2463 4811 quidem
2485 4740 2588 4795 etsi
2613 4739 2856 4795 breviter
2878 4744 3262 4804 recensentur,
3293 4741 3477 4790 tamen

1908 4844 2125 4904 tempus
2160 4841 2334 4904 urget.

1914 4934 1917 4935 ν
1979 4949 2042 5003 ν.
2077 4947 2258 5003 Unum
2313 4946 2480 5017 igitur
2514 4954 2609 4999 aut
2646 4944 2880 4998 alterum
2920 4957 3045 4997 cum
3079 4952 3482 4996 commemora-

1909 5056 2061 5106 vero,
2096 5039 2164 5094 ad
2204 5054 2459 5109 magnum
2512 5037 2834 5107 magistrum
2875 5033 3207 5105 ipsipientizc
3243 5033 3484 5086 istorum

1910 5149 1998 5187 me
2038 5139 2378 5187 convertam.
2408 5128 2546 5184 Cum
2592 5128 2739 5182 enim
2785 5126 3041 5180 viderent
3085 5122 3190 5194 ipsi
3233 5121 3486 5192 quotidie

1912 5222 2057 5293 apud
2092 5220 2279 5276 ﬁdeles
2305 5219 2512 5288 justum
2543 5216 2729 5271 odium
2769 5222 2959 5270 contra
2996 5213 3110 5283 ipsa
3146 5211 3311 5281 impia
3351 5210 3487 5281 dog-

1914 5320 2081 5375 mata,
2134 5320 2191 5367 ct
2236 5318 2428 5365 contra
2474 5308 2804 5379 principem.
2852 5305 3140 5377 praesidem
3189 5301 3491 5373 impietatis

1913 5420 2105 5460 eorum
2139 5402 2356 5473 augeri;
2387 5401 2594 5472 aliquid
2621 5400 2780 5455 valde
2807 5398 3065 5454 acerbum
3096 5403 3289 5453 contra
3318 5393 3491 5448 vitam

1917 5512 2071 5553 suam
2117 5495 2449 5564 excogitant.
2491 5493 2695 5548 Dicunt
2739 5492 2885 5546 enim
2919 5490 3082 5546 nobis
3128 5487 3184 5543 in
3220 5493 3345 5542 actu
3388 5497 3495 5539 suo

1914 5588 2192 5663 personati
2216 5604 2232 5642 :
2251 5586 2439 5643 Valeat
2463 5584 2750 5641 Nestorius
2770 5600 2784 5650 ;
2803 5581 3129 5638 eorumdem
3176 5578 3499 5651 dogmatum

1910 5683 2017 5742 erit
2048 5690 2224 5755 pater,
2249 5679 2345 5753 qui
2374 5678 2478 5736 fuit
2502 5685 2559 5737 et
2594 5677 2743 5735 illius
2791 5682 2968 5749 pater.
