3912 6298
189 272 344 340 1365

1154 277 1324 340 Αον.
1352 277 2083 342 INCORRUPTICOLAS
2114 280 2210 339 ET
2244 280 2565 341 NESTOR.

3327 274 3465 340 1366

179 387 306 459 ἔφη
339 384 645 450 Βασίλειος,
671 384 735 440 ὲκ
761 384 1109 458 ραπίσματος
1134 387 1433 443 διευθύνων
1457 391 1549 444 τδν
1589 392 1781 462 ἀνδρο-

1895 406 1951 445 e:
1982 396 2167 461 pugno
2215 405 2281 446 ac
2304 390 2487 462 plaga,
2519 388 2815 461 corrigens
2838 386 3192 444 homicidam.
3220 386 3329 444 Sed
3362 404 3463 459 age

186 479 384 548 φόνον.
429 478 574 533 Ἀλλ’
597 480 698 548 ἄγε
742 480 806 550 δὴ
841 480 1130 551 μετάϐηθι,
1155 482 1252 536 καὶ
1293 482 1386 535 τὸν
1416 483 1527 538 ἔσω
1577 484 1780 554 κόσμον

186 571 405 634 ἄεισον,
435 574 533 627 καὶ
558 573 648 626 τὸν
681 574 737 626 ὲν
763 574 1063 645 ἀποῤῥήτῳ
1087 575 1272 639 αὐτοῖς
1301 575 1399 629 καὶΙ
1427 579 1540 639 τοῖς
1564 577 1779 641 πολλοῖς

189 661 425 725 ἄϐατον,
450 662 565 723 τὸν
592 663 690 733 τῆς
738 663 996 728 ἀσεϐείας
1025 664 1173 733 λέγω
1217 666 1388 737 μυχὸν
1419 667 1775 722 ὲπὸπτευσον.

190 749 316 802 Οὐκ
364 747 739 821 ἐξορχήσομαι
797 752 921 822 μὲν,
1012 770 1203 822 φασιν,
1238 756 1574 827 ἀνακαλύψω
1616 757 1673 810 δὲ
1711 756 1780 810 τὰ

188 839 299 908 τῆς
344 838 636 911 ἀθεότητος
681 845 903 915 μυσαρὰ
937 845 1207 915 δόγματα.
1257 847 1670 919 Δυσχεραινέτω
1723 848 1778 901 δὲ

190 930 335 999 ἡμῖν
360 931 454 983 ἐπὶ
480 936 594 997 τοῖς
628 935 949 1007 λεγομένοις
982 937 1194 1008 μηδεὶς,
1227 939 1310 992 ὃτι
1343 939 1417 1009 μὴ
1444 938 1554 991 τῶν
1592 938 1780 992 κακῶν

190 1022 571 1092 ἀκουσμάτων
613 1026 874 1097 ἀρχηγοὶ,
918 1029 1055 1099 μηδὲ
1106 1030 1204 1095 τὰς
1262 1031 1442 1093 αἰτίας
1468 1032 1630 1102 ἡμεῖς
1668 1032 1780 1094 τοῖς

194 1113 601 1184 ῥηθησομένοις
621 1117 937 1187 δεδώκαμεν
961 1137 976 1151 ο
1010 1122 1206 1175 πολλαὶ
1237 1122 1345 1192 γὰρ
1375 1122 1550 1193 βίϐλοι
1590 1123 1782 1191 φέρου-

194 1221 288 1258 σιν
344 1206 527 1260 αὐτῶν
581 1208 650 1262 τὰ
705 1209 842 1263 ἄθεα
895 1214 1213 1284 μυστήρια·
1255 1216 1379 1268 ἐπεὶ
1425 1214 1623 1277 καύτὸς
1669 1200 1829 1283 ἐγὼ”

197 1290 485 1365 εὐξαίμην
512 1295 577 1349 ἂν
609 1295 687 1366 τῷ
735 1296 887 1368 Θεῷ,
920 1302 1044 1371 σιγῇ
1101 1301 1193 1355 καὶ
1241 1303 1419 1373 σκότῳ
1456 1301 1524 1356 τὰ
1555 1301 1781 1356 τοιαῦτα

198 1380 655 1453 συγκαλυφθῆναι
710 1386 811 1455 τῆς
858 1387 1118 1452 ἀσεϐείας
1162 1393 1460 1462 μυστήρια.
1504 1391 1619 1445 Νῦν
1648 1390 1691 1443 δ’
1718 1391 1779 1444 οὐ

194 1470 419 1541 γὰρηῖνα
462 1473 648 1526 κακῶν
683 1475 932 1547 μαθητὰς
967 1479 1309 1550 ποιησαίμην
1350 1481 1517 1551 ὑμᾶς,
1555 1479 1669 1533 ἀλλ’
1693 1478 1781 1532 ἵνα

194 1559 311 1614 τῶν
356 1561 546 1641 δεινῶν
589 1565 990 1638 ἀπαλλάξαιμι,
1035 1570 1118 1632 είς
1163 1569 1355 1623 τούσδε
1406 1571 1534 1633 τοὺς
1590 1569 1782 1636 λόγους

197 1651 444 1721 ὲμαυτὺν
500 1653 742 1725 καθῆκα,
805 1657 968 1723 αὑτός
1013 1674 1073 1711 τε
1137 1660 1526 1732 προτροπάδην
1585 1660 1782 1723 αὐτοὺς

1887 482 2079 548 transi,
2104 490 2161 537 et
2190 483 2515 538 interiorem
2540 490 2793 538 ornatum
2816 481 3012 548 lauda;
3039 489 3105 536 et
3124 495 3291 536 cerne
3314 480 3461 551 quod

1882 584 2096 629 secreto
2128 574 2237 645 ipsi
2256 568 2492 630 servant
2511 583 2570 630 et
2600 590 2630 629 a
2660 574 2820 646 vulgo
2871 579 3181 637 remotum,
3217 571 3461 627 abditam

1883 662 2030 728 dico,
2062 672 2119 719 et
2156 665 2498 733 penetralem
2549 664 2909 735 impietatem.
2941 662 3062 718 Non
3108 660 3334 718 efferam
3381 668 3463 714 ta.

1883 753 2079 820 cenda,
2114 762 2174 808 ut
2206 755 2316 809 dici
2363 755 2524 821 solet,
2555 754 2651 810 sed
2678 753 3039 810 exsecrabilia
3073 752 3328 823 dogmata
3364 751 3462 821 τῆς

1882 844 2178 917 ἀθεότητος
2202 848 2468 917 aperiam.
2504 846 2678 902 Nemo
2709 846 2900 917 iniquo
2947 844 3163 910 animo,
3202 857 3326 915 qua
3373 841 3460 897 di-

1883 946 2097 1003 centur,
2151 938 2290 993 ferat
2317 939 2625 1009 ,quoniam
2669 953 2782 993 non
2838 951 3031 992 sumus
3069 950 3172 991 nos
3206 944 3463 990 auctores

1883 1026 2080 1081 horum
2102 1028 2373 1083 malorum
2400 1044 2521 1099 quae
2550 1028 2869 1093 audientur,
2891 1041 3072 1097 neque
3104 1040 3300 1082 causas
3322 1040 3462 1096 prae-

1883 1117 2105 1173 buimus
2147 1118 2548 1185 dicendorum;
2597 1119 2653 1175 in
2710 1118 2900 1174 multis
2944 1118 3094 1173 enim
3134 1116 3296 1171 libris
3340 1130 3462 1185 my-

1883 1210 2054 1264 steria
2101 1225 2294 1265 eorum
2325 1211 2494 1278 impia
2530 1211 2825 1266 feruntur:
2883 1211 2930 1266 si
2984 1208 3208 1280 quidem
3242 1214 3298 1263 et
3343 1205 3462 1275 ipse

1886 1317 2139 1372 precarer
2167 1311 2221 1355 et
2254 1311 2526 1371 optarem,
2553 1308 2615 1356 ut
2640 1302 2865 1356 silentio
2886 1306 2942 1355 et
2990 1296 3232 1353 tenebris
3277 1295 3470 1366 hujus-

1885 1393 2037 1449 modi
2067 1394 2364 1461 impietatis
2390 1392 2651 1462 mysteria
2671 1398 3128 1462 contegerentur;
3156 1403 3302 1442 nunc
3337 1401 3469 1441 vero

1885 1496 1995 1536 non
2031 1489 2088 1535 ut
2114 1496 2213 1537 vos
2232 1480 2502 1535 maiorum
2533 1480 2836 1550 discipulos
2865 1477 3124 1540 facerem,
3156 1472 3251 1529 sed
3278 1469 3464 1540 potius

1885 1578 2003 1625 uta
2032 1570 2294 1641 gravibus
2324 1569 2484 1624 malis
2517 1569 2839 1631 liberarem,
2871 1567 2940 1621 ad
2988 1565 3088 1619 has
3135 1577 3222 1641 me
3273 1574 3466 1614 narra-

1885 1661 2067 1716 tiones
2078 1661 2308 1727 contuli,
2327 1674 2543 1716 summo
2558 1659 2743 1714 studio
2764 1672 2861 1713 eos
2879 1656 3115 1727 fugiens,
3134 1661 3190 1709 et
3205 1650 3464 1708 omnibus

196 1741 439 1812 φεύγων,
473 1745 568 1799 καὶ
617 1749 754 1802 πᾶσι
811 1748 957 1818 μέγα
997 1748 1136 1820 βοῶν
1162 1766 1177 1780 '
1208 1751 1465 1820 Φεύγετε,
1494 1745 1539 1806 ὧ
1595 1743 1741 1804 οὗτοι
1763 1789 1777 1815 ,

1895 1766 2044 1822 luam
2078 1766 2302 1821 possum
2335 1750 2571 1805 maxima
2600 1763 2736 1803 voce
2767 1747 2995 1802 dicens:
3022 1743 3217 1813 Fugite
3233 1739 3463 1807 vos,fu-

198 1831 729 1905 φεύγετε,κρημνῶν
767 1837 863 1890 καὶ
916 1837 1210 1909 βαράθρων
1258 1843 1475 1912 μακρὰν
1523 1840 1778 1908 φεύγετε,

194 1923 309 1979 τῶν
339 1925 491 1997 πάσῃ
521 1927 951 1998 μεμολυσμένων
989 1929 1203 2000 αἱρέσει
1235 1931 1411 1985 ἀθέων
1432 1930 1781 2002 διδαγμάτων

196 2016 299 2079 τὰς
331 2016 549 2086 βίϐλους
576 2018 828 2088 φεύγετε.

270 2105 372 2162 IB'.
399 2105 566 2169 Οὗτος
599 2112 627 2164 ὁ
659 2111 845 2180 σοφὸς,
875 2112 951 2176 ὡς
980 2114 1030 2166 οἱ
1059 2112 1251 2166 τοῦτον
1277 2111 1572 2182 ζηλοῦντες
1600 2115 1780 2181 φαῖεν,

200 2199 298 2251 καὶ
319 2198 489 2268 μέγας
514 2200 813 2271 Θεόδωρος,
847 2203 1036 2273 ἐπειδὴ
1064 2203 1261 2274 μικρὸν
1281 2199 1348 2274 ἦν
1379 2203 1529 2274 αὐτῷ
1550 2204 1611 2256 τὸ
1642 2202 1784 2257 κατά

201 2284 508 2357 ἀνθρώπων
530 2287 843 2359 ἀγώνισμα,
869 2294 991 2345 κατ’
1022 2292 1193 2361 αὐτῆς
1218 2294 1461 2363 ἐγχειρεί
1491 2293 1586 2345 καὶ
1608 2293 1786 2364 τολμᾷ

200 2374 303 2445 τῆς
353 2377 449 2430 τοῦ
492 2378 810 2448 Πνεύματος
850 2381 1033 2451 δόξης,
1071 2382 1253 2445 πάσας
1285 2382 1384 2452 μὲν
1413 2382 1512 2446 τὰς
1541 2384 1658 2435 κατ’
1682 2383 1784 2449 ἔμ-

204 2483 432 2523 πνευσιν
482 2470 648 2524 αὐτοῦ
701 2473 811 2527 τῶν
870 2472 1152 2544 θεηγόρων
1204 2473 1452 2544 ὑψηλὰς,
1514 2473 1787 2538 ταπεινῶς

204 2560 568 2630 ἐκλαμϐάνων
593 2563 836 2634 Γραφάς,
863 2565 1179 2635 ἀποκρίνων
1207 2564 1262 2618 δὲ
1289 2567 1353 2619 ὲκ
1380 2568 1476 2618 τοῦ
1497 2564 1784 2636 θεοκρίτου

212 2650 323 2707 τῶν
353 2653 517 2725 ἱερῶν
544 2655 756 2711 Βίϐλων
786 2655 1048 2728 ἀριθμοῦ.

285 2834 384 2889 11".
413 2818 518 2888 Τόν
573 2850 634 2888 τε
679 2834 854 2905 μέγαν
892 2834 987 2890 τοῦ
1023 2833 1159 2889 Θεοῦ
1198 2834 1531 2906 θεράποντα,
1560 2835 1655 2888 καλ⁵
1688 2837 1786 2907 τῆς

207 2925 458 2996 ἀνδρείας
483 2917 731 2997 ἔμψῦχον
753 2927 847 2980 καὶ
875 2926 964 2979 διὰ
985 2925 1179 2987 αἰῶνος
1213 2926 1561 2997 ἀνάγραπτον
1584 2925 1788 2995 στήλην

207 3016 302 3070 τὸν
342 3013 485 3079 Ἰὼϐ,
545 3016 665 3069 δυσὶ
722 3017 850 3085 περί
894 3032 996 3068 που
1050 3014 1254 3085 χιλιάσι
1293 3014 1480 3084 [manu
1532 3014 1784 3086 μυριάσιι
1813 3066 1854 3089 n

211 3107 415 3176 στίχων
473 3105 689 3160 πλύνων
748 3107 841 3160 καὶ
896 3106 1336 3176 διαγραφόμενος
1379 3107 1478 3177 τὴν
1507 3107 1587 3170 εἰς
1621 3106 1787 3160 αὐτὸν

209 3195 305 3247 τοῦ
336 3194 657 3262 Πνεύματος
703 3195 1048 3267 συγγραφὴν,
1077 3196 1142 3266 ἢν
1169 3196 1198 3247 ὁ
1231 3194 1405 3263 μέγας
1440 3195 1695 3258 Ἰάκωϐος
1726 3196 1786 3253 ὲν

210 3289 279 3356 σιγῇ
321 3288 442 3340 κατ’
469 3286 633 3340 αὐτὸν
669 3287 931 3357 καθολικῇ
969 3284 1259 3356 Ἐπιστολῇ
1310 3284 1545 3355 βεϐαιῶν
1578 3285 1783 3350 ἔλεγενο

218 3377 339 3445 Τὴν
364 3378 682 3447 ὑπομονὴν
712 3378 838 3433 Ἰὼϐ
861 3378 1186 3446 ἠκούσατε,
1214 3375 1315 3429 καὶ
1368 3376 1435 3429 τὸ
1465 3375 1644 3442 τέλος
1675 3381 1789 3432 Κυ-

206 3469 348 3538 ρίου
382 3470 559 3524 ιδετε.
590 3471 663 3524 υ)
699 3470 806 3540 γὰρ
836 3469 1060 3524 ἄλλοθέν
1085 3467 1274 3533 ποθεν,
1306 3467 1427 3521 οὐδὲ
1455 3466 1556 3537 τὴν
1584 3468 1791 3537 ὑπομο-

214 3563 311 3634 νὴν
331 3562 669 3633 ἠκούσαμεν,
701 3564 823 3617 οὐδὲ
856 3563 919 3616 τὺ
957 3562 1078 3616 κατ’
1103 3561 1267 3615 αὑτὸν
1298 3560 1455 3625 τέλος
1493 3561 1790 3632 ἱστορήσα-

220 3672 341 3729 μεν,
362 3657 446 3710 ὅτι
478 3656 554 3728 μὴ
587 3659 651 3710 ὲκ
679 3658 778 3728 τῆς
808 3657 930 3710 κατ’
960 3656 1123 3718 αὑτὸν
1152 3655 1395 3726 Γραφῆς.

285 3752 383 3805 lA’.
411 3751 489 3803 Δι’
511 3751 577 3820 ἢν
626 3749 805 3803 αἰτίαν
864 3749 1035 3819 αὑτήν
1068 3764 1150 3809 τε,
1199 3742 1376 3816 οἶμαι,
1408 3746 1507 3799 τοῦ
1552 3746 1788 3816 μεγάλου

229 3838 490 3893 Ἰακώϐου
526 3841 625 3911 τὴν
659 3838 975 3908 ἐπιστολὴν,
1007 3837 1102 3891 καὶ
1144 3835 1244 3900 τὰς
1288 3835 1416 3906 ἑξῆς
1464 3837 1576 3889 τῶν
1619 3835 1792 3890 ἄλλων

217 3932 589 4001 ἀποκηρύττει
640 3930 953 3992 καθολικάς.
988 3929 1062 3981 Οὐ
1111 3927 1221 3999 γὰρ
1263 3929 1424 3998 ἤρκει
1461 3927 1611 3997 αὐτῷ
1653 3927 1795 3983 κατά

217 4024 312 4083 τῆς
338 4021 583 4082 Παλαιᾶς
609 4021 875 4090 ἐγχειρεῖν
906 4017 1151 4090 Γραφῆς,
1188 4018 1287 4088 τὴν
1318 4016 1644 4087 Μαρκίωνος
1667 4015 1794 4089 ἑξη-

217 4112 413 4165 λωκότι
436 4111 713 4174 ἀσέϐειαν,
740 4108 851 4161 ἀλλ’
886 4107 995 4161 ἔδει
1022 4106 1117 4160 καὶ
1155 4108 1295 4160 κατά
1326 4106 1424 4175 τῆς
1463 4104 1590 4168 νέας
1634 4105 1794 4159 αὑτὸν

218 4203 611 4270 ἀγωνίσασθαι,
649 4201 738 4255 ἵνα
822 4197 1262 4271 περιφανεστέρα
1291 4197 1440 4269 αὐτῷ
1466 4199 1500 4269 ἡ
1529 4197 1670 4251 κατά
1697 4195 1794 4251 τοῦ

130 4340 131 4343 η
221 4294 375 4365 ἁγίου
399 4295 720 4364 Πνεύματος
746 4293 977 4363 ἀγωνία.

1866 1843 2033 1913 gite;
2071 1858 2104 1897 a
2143 1842 2436 1913 praeruptis
2479 1851 2537 1895 et
2574 1839 2852 1895 barathris
2926 1837 3088 1905 longe
3134 1833 3340 1904 fugite:
3393 1830 3465 1884 li—

1882 1932 2033 1999 bros,
2080 1932 2229 1988 omni
2260 1932 2456 1988 haeresi
2498 1930 2795 2002 impiarum
2843 1925 3220 1983 doctrinarum
3268 1922 3475 1993 plenos.

1884 2021 2084 2092 fugite.
2588 2076 2597 2087 ι

1955 2111 2072 2165 XII.
2108 2110 2209 2166 Hic
2250 2110 2495 2180 sapiens,
2530 2114 2592 2163 ut
2636 2106 2994 2178 appellabunt
3025 2103 3122 2174 qui
3170 2116 3297 2157 eum
3340 2106 3464 2154 stu-

1886 2203 2039 2258 diose
2075 2209 2408 2272 sequuntur,
2432 2209 2514 2275 get
2553 2214 2786 2270 magnus
2824 2195 3172 2260 Theodorus,
3203 2192 3331 2263 quia
3365 2206 3469 2269 pa-

1885 2306 2009 2346 rum
2041 2298 2159 2345 erat
2188 2291 2239 2346 ei
2278 2305 2403 2345 cum
2455 2288 2776 2343 hominibus
2819 2298 3031 2342 certare
3056 2325 3071 2350 ,
3124 2281 3469 2353 aggreditur,

1884 2392 1940 2438 et
1958 2384 2124 2438 audet
2148 2391 2339 2438 contra
2364 2381 2594 2452 gloriam
2626 2377 2869 2450 Spiritus
2891 2376 3091 2442 sancti,
3119 2390 3245 2430 cum
3272 2386 3474 2428 omnes

1884 2473 2108 2543 quidem
2137 2472 2450 2543 Scripturas
2479 2474 2617 2528 altas
2638 2487 2775 2542 quas
2805 2470 2980 2527 sancti
3008 2468 3189 2525 afﬂatu
3209 2468 3330 2538 ejus
3356 2475 3469 2520 tra-

1882 2562 2164 2629 diderunt,
2211 2563 2497 2617 humiliter
2524 2570 2583 2617 et
2617 2561 2854 2617 demisse
2884 2559 3260 2629 interpretans
3283 2597 3296 2619 ,
3347 2562 3467 2609 tum

1882 2668 2019 2710 vero
2042 2669 2073 2708 a
2104 2669 2337 2709 numero
2366 2667 2643 2708 sacrarum
2671 2651 3088 2722 Scripturarum
3112 2647 3299 2703 divine
3326 2654 3471 2715 pne-

1887 2745 2095 2814 scripto
2120 2753 2178 2800 et
2202 2744 2442 2799 indicato
2471 2759 2567 2799 eas
2599 2756 2883 2812 separans.

1957 2835 2096 2890 XIII.
2140 2835 2392 2905 Magnum
2427 2835 2524 2890 Dei
2562 2848 2784 2889 servum
2821 2832 2944 2897 Job,
2962 2831 3272 2887 columnam
3308 2826 3469 2882 forti-

1889 2924 2098 2980 tudinis
2123 2924 2440 2989 animatam,
2480 2932 2537 2978 et
2578 2924 2875 2993 spirantem
2919 2922 3137 2978 duobus
3162 2920 3276 2975 fere
3300 2918 3471 2974 milli-

1891 3017 1995 3073 bus
2036 3032 2292 3072 versuum
2326 3016 2686 3086 perscriptam
2720 3014 3034 3070 conviciose
3080 3011 3366 3083 arguebat,
3412 3014 3473 3063 et

1889 3109 2231 3179 Scripturam
2259 3108 2498 3178 Spiritus
2531 3107 2705 3162 sancti
2727 3105 2796 3161 de
2824 3120 2891 3161 eo
2925 3103 3250 3175 abrogabat,
3302 3117 3471 3170 quam

1885 3201 2125 3258 Jacobus
2176 3199 2345 3255 frater
2390 3199 2609 3253 Domini
2662 3199 2721 3253 in
2777 3195 3029 3267 Epistola
3077 3210 3175 3250 sua
3201 3191 3473 3248 catholica

1888 3291 2216 3347 conﬁrmans
2241 3291 2455 3345 aiebat:
2483 3288 2808 3344 Patientiam
2827 3287 2924 3342 Job
2953 3287 3196 3348 audistis,
3229 3295 3278 3339 et
3309 3283 3473 3352 ﬁnem

1893 3382 2103 3437 Domini
2132 3383 2414 3461 vidistisf’.
2448 3382 2568 3437 Non
2592 3381 2739 3436 enim
2779 3378 3003 3434 aliunde
3038 3392 3220 3448 neque
3257 3375 3474 3447 patien.

1890 3474 2019 3528 tiam
2041 3475 2375 3541 audivimus,
2404 3492 2582 3547 neque
2603 3474 2770 3531 tinem
2792 3475 2913 3546 ejus
2941 3472 3334 3545 spectavimus,
3362 3470 3472 3528 nisi

1891 3578 1959 3620 ex
1987 3565 2271 3638 Scriptura
2293 3568 2361 3623 de
2391 3582 2478 3622 eo.

1963 3758 2102 3813 XIV.
2138 3758 2220 3814 Ob
2258 3774 2423 3829 quam
2459 3774 2701 3821 causam,
2740 3765 2803 3811 ut
2825 3755 3094 3819 arbitror,
3142 3754 3318 3825 ipsam
3351 3754 3474 3824 epi-

1894 3849 2088 3904 stolam
2119 3848 2307 3904 Jacobi
2336 3856 2391 3903 et
2419 3849 2552 3904 alias
2592 3848 2852 3916 deinceps
2898 3845 3130 3921 aliorum
3177 3843 3475 3899 catholicas

1895 3939 2124 4009 abrogat
2151 3947 2208 3994 et
2243 3939 2511 4007 antiquat.
2566 3938 2686 3993 Non
2728 3937 2877 3991 enim
2928 3934 3061 3991 satis
3099 3933 3204 3989 fuit
3248 3933 3328 3987 illi
3359 3932 3477 3987 bel-

1902 4031 2015 4085 lum
2043 4039 2235 4085 contra
2266 4029 2520 4085 Veterem
2546 4028 2887 4098 Scripturam
2920 4025 3200 4095 suscipere
3236 4024 3305 4079 ad
3346 4024 3474 4078 imi-

1898 4120 2159 4176 tationem
2207 4119 2534 4185 Marcionis,
2610 4118 2706 4173 sed
2768 4117 3013 4186 oportuit
3062 4115 3230 4169 etiam
3285 4121 3475 4168 contra
3547 4167 3563 4185 I

1897 4214 2237 4283 Scripturam
2272 4226 2470 4266 novam
2512 4224 2782 4281 pugnare,
2834 4217 2896 4263 ut
2926 4223 3106 4279 pugna
3131 4206 3252 4278 ejus
3286 4215 3477 4261 contra

1898 4307 2167 4378 Spiritum
2196 4312 2446 4360 sanctum
2479 4303 2683 4358 clarior
2713 4309 2771 4356 et
2797 4300 3065 4355 illustrior
3095 4306 3262 4353 esset.
3544 4299 3551 4306 '

291 4389 393 4443 lE’.
434 4387 546 4449 Τάς
593 4403 653 4439 τε
704 4384 1016 4454 ἐπιγραφὰς
1063 4382 1172 4436 τῶν
1215 4380 1522 4452 ίερωτάτων
1562 4380 1787 4450 ’Υμνων

1962 4397 2077 4454 XV.
2118 4395 2513 4466 [inscriptiones
2545 4393 2908 4465 Hymnorum,
2938 4398 2995 4447 et
3030 4390 3390 4454 Psalmorum,
3422 4396 3478 4443 et

222 4480 315 4532 καὶ
338 4476 587 4547 Ψαλμῶν
616 4476 708 4530 καὶ
743 4474 907 4547 ᾩδῶν
934 4474 1111 4543 πάντη
1131 4471 1401 4533 ἐκϐαλὼν.
1425 4472 1551 4533 τοὺς
1582 4470 1793 4534 πάντας

218 4571 483 4640 Ψαλμοὺς
525 4567 847 4631 Ἰουδαϊκῶς,
889 4568 1001 4629 τοῖς
1058 4565 1191 4634 περὶ
1226 4563 1318 4617 τὸν
1358 4562 1665 4634 Ζοροϐάϐελ
1702 4564 1798 4617 καὶ

235 4664 481 4727 Ἑζεκίαν
528 4662 783 4731 ἀνέθηκε,
813 4661 962 4731 τρεῖς
1028 4657 1225 4729 μόνους
1279 4654 1359 4727 τῷ
1398 4655 1589 4726 Κυρίῳ
1632 4672 1797 4727 προσ-

228 4755 404 4824 ρέψας·

294 4845 412 4912 tq’.
465 4844 627 4897 Ἀλλὰ
648 4843 757 4914 γὰρ
780 4842 874 4896 καὶ
905 4841 966 4895 τὸ
994 4843 1101 4896 τῶν
1141 4840 1316 4910 ἁγίων
1347 4840 1654 4907 ἁγιώτατον
1685 4838 1795 4893 τῶν

225 4938 481 5008 ᾀσμάτων
504 4931 696 5005 ’ᾼσμα
728 4934 878 5004 παρὰ
908 4933 1124 4988 πάντων
1155 4933 1252 5003 μὲν
1301 4931 1575 5000 θεοσὸφων
1595 4971 1611 4994 ,
1645 4932 1798 5002 παρὰ

228 5029 443 5082 πάντων
498 5024 555 5078 δὲ
607 5023 942 5094 ὑμνούμενον
998 5022 1341 5093 Χριστιανῶν
1364 5062 1379 5088 ,
1413 5024 1532 5084 ταῖς
1580 5021 1637 5074 δὲ
1695 5022 1799 5076 ἀνὰ

231 5122 405 5173 πᾶσαν
447 5116 546 5187 τὴν
589 5116 914 5187 οἰκουμένην
971 5115 1324 5184 Ἐκκλησίαις
1368 5112 1796 5184 γνωριζόμενον,

208 5207 644 5278 ’θαυμαζόμενον
672 5206 730 5258 δὲ
757 5206 849 5257 καὶ
876 5204 1012 5273 πρὸς
1048 5205 1159 5257 τῶν
1189 5203 1401 5274 ἐχθρῶν
1432 5202 1528 5256 τοῦ
1556 5203 1794 5272 σταυροῦ

230 5300 323 5355 τοῦ
366 5296 607 5365 Χριστοῦ
653 5295 942 5361 Ἰουδαίων,
977 5296 1117 5350 κατὰ
1168 5295 1267 5365 τὴν
1307 5295 1573 5367 πορνικὴν
1626 5293 1794 5349 αὐτοῦ

232 5392 325 5447 καὶ
372 5391 600 5460 γνώμην
647 5389 742 5442 καὶ
792 5388 1067 5457 γλῶσσαν,
1113 5385 1358 5440 ἐκλαϐὼν
1388 5389 1419 5442 ὁ
1455 5387 1660 5458 θρασὺς
1704 5387 1799 5441 καὶ

233 5481 468 5551 ἄμετρος
512 5480 612 5550 τὴν
649 5479 880 5550 τόλμαν,
909 5480 974 5532 ὲκ
1022 5477 1132 5534 τῶν
1186 5477 1358 5548 ἁγίων
1414 5477 1622 5535 Βίϐλων
1691 5479 1801 5532 ἁπ-

235 5571 319 5625 ἅτε
327 5586 445 5640 μεν.

307 5683 351 5721 ⁸⁵
381 5684 498 5742 lac.
547 5699 618 5753 ιν,
648 5683 735 5740 ii.

1894 4488 2247 4546 Canticorum
2289 4487 2511 4557 penitus
2540 4484 2722 4557 ejecit,
2773 4493 2831 4539 et
2883 4497 3076 4538 omnes
3106 4481 3352 4538 Psalmos
3376 4479 3477 4534 Ju-

1897 4580 2054 4635 daice
2096 4578 2165 4633 ad
2208 4577 2603 4633 Zorobabelem
2630 4586 2687 4632 et
2715 4575 3008 4632 Ezechiam
3035 4573 3248 4640 retulit,
3299 4572 3480 4628 tribus

1898 4678 2108 4726 tantum
2145 4671 2212 4725 ad
2240 4669 2530 4724 Dominum
2558 4668 2796 4739 rejectis.

1971 4848 2111 4903 XVI.
2156 4848 2273 4903 imo
2312 4855 2369 4903 et
2401 4854 2716 4904 sanctorum
2744 4843 3150 4900 sanctissimum
3188 4840 3487 4899 Canticum

1901 4940 2238 4996 canticorum
2278 4940 2346 4995 ab
2394 4939 2653 4994 omnibus
2697 4937 3007 4992 divinarum
3041 4949 3226 4990 rerum
3261 4932 3476 5002 peritis,

1902 5040 1959 5089 et
1986 5033 2056 5088 ab
2082 5030 2344 5088 omnibus
2371 5028 2710 5085 Christianis
2750 5026 3055 5090 laudatum,
3090 5022 3349 5079 omnibus
3377 5021 3485 5076 Ec-

1904 5124 2087 5181 clesiis
2124 5122 2310 5177 cuncti
2363 5121 2516 5176 orbis
2551 5127 2776 5185 notum,
2821 5126 2879 5174 et
2922 5132 2953 5172 a
3001 5114 3205 5172 Judaais
3242 5113 3484 5167 inimicis

1900 5216 2085 5273 crucis
2108 5214 2312 5271 Christi
2348 5214 2406 5269 in
2458 5211 2821 5268 admiratione
2862 5208 3131 5273 habitum,
3187 5203 3487 5259 libidinoso

1899 5323 2002 5379 pro
2030 5322 2129 5363 sua
2161 5314 2219 5362 et
2262 5313 2448 5361 mente
2495 5312 2553 5360 et
2587 5304 2774 5374 lingua
2817 5296 3156 5362 meretricia,
3208 5295 3484 5363 interpre-

1899 5409 2043 5463 tans,
2072 5413 2170 5453 sua
2191 5406 2356 5465 supra
2378 5394 2603 5451 modum
2625 5391 2935 5479 incredibili
2961 5387 3190 5445 audacia
3208 5400 3283 5442 ex
3299 5382 3495 5443 Libri:

1906 5491 2079 5548 sacris
2100 5487 2360 5544 abscidit.
