3912 6298
613 275 744 353 1307

1870 292 2183 356 LEONTII
2221 291 2627 354 BYZANTINI
3646 291 3727 357 1353

677 402 839 459 XVII.
893 403 962 458 Et
983 403 1115 474 quid
1143 417 1255 458 non
1283 409 1402 458 erat
1429 409 1676 470 acturus,
1705 404 1799 474 qui
1849 404 1904 459 in
1951 421 2018 460 eo
2047 421 2174 476 age-
2205 411 2222 466 Δ

2205 409 2251 466 Δ
2349 408 2449 460 1Ζ’.
2478 407 2591 460 Καὶ
2620 404 2673 458 τί
2726 402 2839 476 γὰρ
2879 404 2978 458 οὐκ
3026 385 3219 475 ἔμελλε
3273 404 3535 474 Sedss.th
3566 407 3610 459 ἐν
3636 411 3723 476 αὐτῷ

603 493 721 559 bat,
771 493 1070 564 impietatis
1114 494 1367 550 inventor
1393 501 1450 550 et
1487 495 1684 565 pater?
1721 497 1867 552 Duos
1914 496 2081 567 igitur
2112 497 2178 550 li-

526 594 538 639 .-'
603 585 736 642 bros
763 585 1234 656 Paralipomenon,
1265 587 1500 656 primum
1537 594 1595 642 et
1635 588 1938 642 secundum
1978 589 2179 644 simili-

527 675 532 684 ”
605 687 711 743 ter,
762 679 966 733 malum
1000 678 1146 732 malo
1175 677 1402 746 addens,
1437 688 1496 735 et
1539 681 1764 750 insuper
1810 681 2039 736 Esdram
2091 698 2180 737 re-

603 769 875 840 pudiavit.

673 861 860 916 XVIII.
883 861 1106 918 Divinas
1129 863 1296 932 igitur
1318 863 1634 934 Scripturas
1662 865 1996 936 aggreditur,
2031 873 2086 920 et
2111 881 2176 919 ex

603 949 820 1006 duobus
847 952 1143 1022 generibus
1167 952 1632 1022 splendidioribus
1672 961 1862 1008 contra
1913 953 2174 1024 Spiritum

603 1052 852 1098 sanctum
890 1044 1135 1098 certandi
1169 1044 1446 1099 laudatum
1481 1046 1585 1100 sibi
1617 1045 1798 1100 aufert
1827 1063 1840 1112 ;
1877 1061 1907 1100 a
1936 1047 2178 1101 secundo

603 1137 862 1203 abstinet,
907 1147 974 1194 et»
1005 1139 1129 1194 aliis
1181 1140 1363 1207 cedit;
1402 1157 1470 1194 an
1506 1148 1568 1194 ut
1599 1141 1654 1194 in
1685 1141 1766 1195 eis
1789 1141 2178 1202 luclenturpet

601 1229 868 1284 vincant?
913 1229 1291 1299 Nequaquam.
1349 1230 1453 1285 Sed
1489 1233 1638 1300 quia,
1692 1238 1753 1285 ut
1808 1231 2173 1295 existimabat,

601 1329 878 1374 certamen
929 1330 1121 1376 contra
1165 1323 1481 1391 Scripturas
1506 1331 1720 1376 sanctas
1749 1321 1963 1375 ﬁnitum
1989 1321 2090 1375 sibi
2121 1330 2177 1376 et

598 1422 880 1480 peractum
909 1422 1050 1476 erat,
1087 1413 1388 1468 secundum
1419 1429 1645 1468 cursum
1694 1413 1874 1482 primo
1911 1413 2174 1482 :equalem

601 1499 856 1564 conﬁcit;
892 1508 948 1554 et
974 1516 1044 1556 ne
1075 1501 1128 1555 in
1162 1501 1391 1571 singulis
1421 1501 1804 1571 aggrediendis
1846 1500 2176 1571 defatigare-

602 1596 713 1654 tur,
743 1597 932 1642 contra
968 1588 1200 1658 primam
1241 1589 1526 1659 religionis
1559 1588 1888 1644 Christiana:
1915 1588 2175 1642 informa-

601 1678 806 1732 tionem
835 1687 962 1742 stat,
1017 1687 1074 1734 et
1118 1679 1372 1734 deiﬁcum
1409 1680 1714 1752 symbolum
1745 1694 1936 1734 eorum
1971 1679 2066 1748 qui
2093 1694 2179 1732 re-

601 1777 956 1836 generantur,
993 1771 1150 1836 tollit,
1176 1771 1360 1835 ﬁdem,
1398 1771 1640 1841 inquam,
1696 1771 1888 1842 synodi
1920 1769 2174 1837 Nicaanaz,

599 1872 710 1912 non
759 1859 935 1912 solum
981 1860 1243 1915 mutilans
1296 1859 1505 1930 ipsum,
1562 1859 1658 1915 sed
1694 1875 1912 1914 omnem
1959 1858 2177 1930 penitus

601 1948 764 2002 ﬁdem
795 1948 1107 2014 destrucns,
1155 1959 1213 2005 et
1265 1951 1427 2006 aliam
1477 1961 1678 2021 pratter
1733 1951 1880 2006 illam
1933 1951 2172 2017 tradens,

599 2055 699 2110 pro
759 2041 932 2096 nihilo
984 2041 1189 2098 docens
1230 2043 1321 2098 illa
1367 2051 1518 2098 tanta
1564 2043 1795 2108 lumina,
1834 2057 2013 2113 neque
2066 2051 2176 2096 tam

599 2134 773 2189 audax
804 2133 1017 2190 facinus
1043 2135 1466 2205 perhorrescens
1497 2151 1510 2188 :
1545 2133 1693 2189 aliud
1725 2134 1894 2199 enim,
1948 2141 2010 2187 ut
2037 2133 2170 2197 dixi,

599 2227 904 2298 symbolum
963 2227 1110 2290 lidei,
1170 2229 1253 2282 vel
1305 2227 1487 2297 potius
1537 2227 1714 2282 dicam
1757 2226 1998 2296 perﬁdia:
2036 2225 2170 2288 edit,

598 2316 691 2386 qui
721 2325 845 2386 post
869 2316 1028 2372 ﬁdem
1059 2319 1112 2371 in
1136 2318 1305 2372 Deum
1343 2317 1580 2374 Patrem.
1620 2325 1676 2371 et
1705 2315 2049 2385 unigenitum
2081 2314 2172 2368 Fi-

596 2405 752 2470 lium,
783 2415 841 2461 et
885 2405 1149 2476 Spiritum
1185 2415 1456 2470 sanctum,
1495 2407 1717 2475 scripsit
1753 2405 1976 2460 credere
2023 2411 2078 2459 et
2115 2403 2170 2458 in

595 2497 886 2552 Dominum
931 2498 1114 2554 Iesum
1163 2498 1465 2558 Christum,
1523 2497 1882 2552 introducens
1919 2505 2168 2567 quartam

595 2601 886 2655 personam
942 2587 995 2640 in
1027 2595 1270 2640 sanetam
1302 2587 1648 2649 Trinitatem,
1687 2597 1743 2640 et
1773 2587 1826 2640 in
1876 2587 2012 2641 duas
2041 2602 2169 2656 pcr-

596 2689 762 2730 sonas
788 2675 1065 2730 Christum
1098 2685 1154 2731 et
1185 2677 1358 2731 Deum
1387 2685 1636 2731 nostrum
1665 2676 1947 2743 dividens;
1981 2693 2045 2732 ac
2077 2693 2170 2732 vc-

595 2779 658 2816 ro
698 2763 918 2832 quidem
971 2762 1268 2834 Filio,qu:c
1315 2765 1498 2820 divina
1529 2775 1678 2833 sunt,
1721 2767 2007 2834 tribuens;
2045 2783 2174 2838 pro-

595 2851 718 2922 prio
749 2861 932 2906 autem
971 2851 1210 2918 Christo,
1264 2870 1386 2924 qum
1422 2855 1700 2911 hominem
1733 2857 1927 2912 decent
1973 2867 2028 2912 et
2062 2857 2168 2912 hu-

596 2955 756 2994 mana
791 2950 938 3000 sunt.
968 2951 1025 2997 et
1051 2943 1104 2996 in
1132 2941 1325 3012 primis
1359 2951 1538 2998 ortum
1571 2959 1637 2999 ex
1664 2945 1911 3016 Virgine.

2279 498 2582 568 ἐνεργήσας
2634 497 2736 568 τῆς
2789 496 3040 560 ἀσεϐείας
3090 498 3320 567 εὑρετής
3361 515 3415 550 τε
3456 499 3536 551 καὶ
3577 500 3720 568 uarie;

2277 588 2390 652 Τὰς
2427 587 2559 656 γοῦν
2618 587 3107 658 Παραλειπόμένας
3156 587 3440 649 ὡσαύτως,
3466 588 3590 654 κακῷ
3620 593 3722 642 κακὸν

2279 677 2615 750 προστιθεὶς,
2666 675 2892 746 πρώτην
2938 693 2997 728 τε
3044 677 3143 728 καὶ
3189 674 3458 746 δευτέραν,
3488 677 3664 748 Ἔσδραν
3687 692 3718 727 ιι

2277 771 2416 842 πρὸς
2443 771 2565 832 ταῖς
2589 769 2912 840 εἰρημέναις
2943 767 3222 832 ἐξέϐαλεν.

2346 862 2456 915 lH'.
2488 857 2614 930 Ἆρ’
2645 855 2740 912 οὖν
2785 861 2900 922 ταῖς
2935 859 3031 930 μὲν
3080 857 3259 918 θείαις
3291 858 3513 926 Γραφαῖς
3553 858 3714 926 ἐγχειρεῖ,

2278 953 2371 1006 καὶ
2398 952 2505 1004 τῶν
2549 951 2947 1020 λαμπροτέρων
2976 949 3118 1002 κατὰ
3149 949 3244 1001 τοῦ
3289 947 3568 1017 Πνεύματος
3596 953 3714 1014 dpre-

2279 1041 2502 1113 σμᾶτων
2529 1041 2590 1094 τὸ
2615 1041 2901 1110 εὐδόκιμον
2938 1041 3304 1109 ἀποφέρεται,
3330 1040 3430 1091 τῶν
3467 1040 3515 1091 δὲ
3547 1040 3712 1108 δευτέρων

2275 1135 2564 1205 ἀπέχεται,
2593 1135 2687 1187 καὶ
2719 1137 3040 1205 παραχωρεῖ
3064 1134 3250 1196 ἄλλοις
3281 1132 3378 1201 τῆς
3405 1133 3516 1198 γοῦν
3535 1133 3710 1192 bimis:

2279 1229 2456 1302 πάλης
2501 1228 2596 1280 καὶ
2658 1227 2849 1299 νίκηςς
2883 1226 3186 1295 Οὐμενοῦν.
3267 1226 3468 1296 Ἐπειδὴ
3523 1224 3628 1292 γὰρ,
3672 1223 3710 1283 ιέις

2277 1318 2434 1390 ᾤετο,
2459 1321 2486 1372 ὁ
2511 1319 2652 1372 κατά
2677 1319 2786 1370 τῶν
2816 1317 3195 1370 θεοπνεύστων
3227 1315 3368 1385 αὐτῷ
3388 1315 3578 1382 Γραφῶν
3601 1311 3709 1368 52015:

2277 1408 2621 1462 ὲκτετὲλεστο
2647 1407 2744 1460 καὶ
2771 1407 3042 1476 διήνυστο,
3081 1406 3340 1475 δεύτερον
3365 1403 3544 1470 ἐξανύει
3565 1401 3707 1456 Sinin.

2275 1499 2355 1569 τῷ
2387 1498 2586 1570 πρώτῳ
2623 1496 3029 1568 παρισούμενον
3049 1511 3062 1526 ’
3097 1499 3197 1550 καὶ
3227 1497 3311 1549 ἵνα
3347 1499 3445 1558 τοῖς
3487 1495 3592 1547 κατὰ
3615 1495 3705 1560 pigri;

2277 1591 2542 1661 ἐγχειρῶν
2581 1590 2655 1660 μὴ
2696 1589 2906 1660 κάμνῃ,
2935 1589 3072 1660 πρὸς
3101 1588 3204 1658 τὴν
3241 1587 3450 1658 πρώτην
3488 1588 3706 1655 στοιχεὶωςιν

2277 1683 2372 1734 τοῦ
2399 1679 2828 1751 Χριστιανισμοῦ
2874 1681 3111 1737 ἵσταται.
3137 1679 3236 1733 καὶ
3268 1679 3325 1732 τὸ
3351 1677 3554 1731 Θεοποιὸν
3585 1671 3703 1740 r3960-

2277 1770 2366 1825 λον
2394 1771 2502 1824 τῶν
2535 1769 2997 1839 ἀναγεννωμένων
3021 1769 3400 1840 διαγράφεται,
3427 1767 3510 1836 τὴν
3529 1767 3572 1816 ἐν
3586 1763 3704 1828 Nm";

2277 1859 2422 1930 φημὶ
2458 1859 2664 1924 πίστίνν
2691 1860 2792 1912 οὐκ
2819 1858 3272 1931 ἀκρωτηριάζων
3311 1855 3432 1911 αὐτὸ
3472 1855 3602 1925 μόνον,

2277 1952 2457 2002 πᾶσαν
2486 1950 2582 2002 καὶ
2611 1950 2794 2003 τέλεον
2823 1950 3361 2020 ἁποσκευαζόμενος,
3389 1949 3471 2000 καὶ
3497 1943 3702 2014 nupsi-.505;

2276 2039 2408 2106 παρ’
2438 2040 2651 2110 ἐκείνην
2675 2038 2888 2109 ἑτέραν,
2921 2039 3096 2110 μηδὲν
3126 2039 3470 2108 λογισάμενος
3496 2036 3590 2095 τοὺς
3616 2031 3699 2098 τηλε-

2275 2129 2500 2192 κούτους
2545 2132 2860 2202 φωστῆρας,
2901 2131 3022 2183 οὐδὲ
3070 2131 3276 2201 φρίξας
3315 2129 3438 2200 πρὸς
3460 2128 3508 2180 τὸ
3535 2123 3699 2192 seiungit

2273 2225 2372 2292 τῆς
2400 2220 2768 2293 ἐγχειρήσεως
2795 2237 2808 2252 ο
2844 2222 3031 2291 ἕτερον
3074 2223 3211 2292 γὰρ,
3233 2221 3308 2284 ὡς
3360 2221 3492 2290 ἔφην,
3531 2215 3698 2268 ἐκτεθετιι

2268 2295 2532 2377 ἷτεστεως,
2565 2311 2766 2381 μᾶλλον
2790 2311 2846 2365 δὲ
2867 2311 3152 2378 ἀπιστίας,
3182 2310 3436 2380 σύμϐολον
3461 2307 3566 2376 μετὰ
3580 2304 3698 2371 ti:ka

2273 2402 2406 2454 Θεὸν
2435 2399 2657 2470 Πατέρα
2699 2400 2795 2454 καὶ
2838 2400 2931 2453 τὸν
2974 2400 3250 2470 μονογενῆ
3296 2397 3412 2451 Υἱδν
3450 2396 3522 2448 καὶ
3548 2391 3589 2444 τὸ
3613 2391 3697 2456 ἄγειν

2273 2491 2496 2561 Πνεῦμα
2527 2491 2729 2556 πίστιν,
2760 2491 3038 2544 πιστεύειν
3063 2491 3287 2562 γράψας
3316 2489 3402 2542 καὶ
3418 2489 3483 2550 εἰς
3503 2485 3569 2536 τὸν
3584 2481 3695 2548 Ιίὑριίι

2283 2580 2491 2652 Ἰησοῦν
2523 2583 2776 2653 Χριστὸν,
2809 2581 3075 2653 τέταρτον
3113 2582 3398 2652 πρόσωπον
3424 2569 3694 2641 ἐπεισάγωνὴ

2271 2674 2400 2744 ἁγίᾳ
2431 2674 2621 2746 Τριὰδι
2657 2674 2750 2726 καὶ
2794 2673 3168 2742 καταδιαιρῶν
3223 2674 3304 2736 εἰς
3331 2671 3414 2724 δύο
3444 2669 3633 2734 πρόσωπα
3659 2659 3694 2709 τᾶ

2268 2765 2362 2818 τοῦ
2401 2764 2519 2827 ἐνὸς
2550 2764 2790 2834 Χριστοῦ
2831 2764 2928 2816 καὶ
2958 2763 3097 2816 Θεοῦ
3142 2763 3329 2834 ήμῶνο
3357 2761 3439 2814 καὶ
3462 2757 3521 2827 τῷ
3533 2756 3600 2826 μὲν
3625 2751 3695 2815 ἀλη·

2269 2855 2402 2925 θινῷ
2449 2854 2564 2924 Υἱῷ
2591 2855 2660 2908 τὰ
2683 2854 2800 2908 θεῖα
2827 2853 3161 2924 προσνέμων
3184 2855 3278 2908 καὶ
3303 2854 3394 2922 τὴν
3413 2850 3503 2904 ἄνω
3525 2848 3692 2914 γέννξπνν

2267 2945 2344 3016 τῷ
2359 2946 2414 3000 δὲ
2443 2947 2558 3016 ἰδίῳ
2579 2946 2802 3016 Χριστῷ
2824 2946 2893 2998 τὰ
2913 2943 3361 3016 ἀνθρωποπρεπῆ
3378 2942 3459 2996 καὶ
3479 2936 3692 3006 ἀνθρώπων

666 3028 809 3082 XIX.
862 3029 1040 3084 Audet
1089 3039 1145 3086 et
1188 3032 1332 3086 aliud
1367 3033 1568 3086 malum
1599 3049 1710 3088 non
1747 3035 2048 3088 secundum
2095 3033 2211 3117 ad‘

2028 3050 2048 3088 ω
2095 3033 2162 3088 ad
2193 3062 2236 3118 ο
2268 3037 2360 3090 καὶ
2403 3035 2507 3106 πρό
2533 3053 2596 3103 γε
2625 3035 2814 3088 τούτου
2841 3036 2942 3106 τὴν
2969 3035 3034 3088 ὲκ
3057 3036 3332 3108 Παρθένου
3359 3034 3573 3118 γέννησιν,

595 3122 879 3191 superiora
920 3123 1134 3178 :aliam
1201 3124 1348 3178 enim
1400 3124 1616 3180 Missam
1678 3125 1918 3180 eiTutivil
1966 3134 2166 3196 praeter

596 3214 746 3268 illam
791 3229 910 3284 quae
959 3230 988 3268 a
1021 3215 1281 3270 Patribus
1313 3215 1510 3269 tradita
1545 3224 1630 3270 est
1654 3217 1937 3279 Ecclesiis,
1991 3232 2170 3286 neque

594 3307 868 3360 reveritus
903 3307 1048 3360 illam
1079 3307 1446 3375 apostolorum
1473 3348 1488 3372 ,
1521 3323 1623 3362 nec
1662 3308 1808 3361 illam
1857 3309 2036 3379 magni
2069 3309 2169 3362 Ba-

595 3393 706 3448 silii
749 3394 804 3446 in
845 3393 1037 3447 eodem
1073 3391 1280 3462 Spiritu
1317 3395 1680 3464 conscriptam
1721 3413 1733 3448 :
1781 3396 1836 3449 in
1865 3412 1970 3466 qua
2010 3397 2170 3452 Missa

599 3482 974 3551 blasphemiis,
1005 3498 1116 3536 non
1141 3485 1548 3553 precationibus
1571 3485 1668 3557 τὴν
1689 3486 1942 3556 Τελετὴν,
1977 3487 2030 3541 id
2061 3497 2165 3551 est,

595 3572 914 3645 mysterium
939 3573 1321 3640 Eucharistiae,
1347 3576 1590 3646 opplevit
1618 3595 1631 3630 :
1662 3594 1728 3632 an
1767 3586 1826 3632 ut
1853 3577 1995 3634 alius
2019 3577 2172 3632 Anti-

597 3664 838 3719 christus
855 3665 1033 3720 adhuc
1047 3676 1410 3736 exspectetur,
1429 3684 1526 3737 par
1547 3677 1652 3734 est,
1671 3669 1762 3740 qui
1789 3670 1874 3725 sic
1889 3670 2167 3725 Christum

597 3756 798 3816 oderit.
848 3765 903 3811 et
929 3773 1050 3828 quae
1072 3757 1274 3813 Christi
1307 3769 1456 3822 sunt,
1511 3769 1722 3816 mutare
1753 3762 2000 3816 nitatur?
2047 3763 2168 3818 Non

596 3849 851 3922 equidem
881 3861 1033 3921 puto.
1073 3851 1235 3914 Satis,
1276 3852 1519 3923 inquam,
1555 3863 1639 3910 est
1670 3855 1780 3921 hic,
1813 3863 1874 3908 ut
1897 3855 1952 3909 in
1987 3854 2167 3909 omni-

597 3945 702 3999 bus
728 3943 848 3999 loco
879 3952 936 3999 et
972 3945 1091 4000 vice
1119 3945 1264 4000 illius
1289 3946 1378 4000 sit.

665 4223 785 4278 XX.
848 4223 990 4278 Audi
1033 4233 1294 4309 prmterca
1347 4231 1402 4278 et
1449 4223 1554 4278 alia
1583 4224 1723 4292 ejus,
1781 4239 1902 4294 quae
1960 4223 2166 4277 bonum

595 4322 715 4369 erat
769 4322 826 4368 et
857 4317 1091 4370 maxime
1121 4315 1424 4386 optandum
1450 4317 1615 4370 etiam
1657 4331 1768 4370 non
1819 4313 2033 4368 audire.
2068 4314 2166 4370 Ju-

2353 3124 2453 3180 IB'.
2481 3127 2668 3196 Τολμᾷ
2698 3127 2791 3179 καὶ
2835 3125 3022 3196 ἕτερον
3075 3106 3249 3178 κακὸν
3293 3123 3393 3177 τῶν
3432 3106 3692 3189 εἰρημένωνετῦ

2275 3218 2548 3288 δεύτερον.
2602 3215 2912 3286 Ἀναφορὰν
2963 3215 3072 3288 γὰρ
3123 3215 3384 3286 σχεδιάζει
3432 3211 3576 3276 ἑτέραν
3607 3197 3690 3268 περὶ

2275 3309 2374 3379 τὴν
2395 3309 2666 3376 πατρόθεν
2687 3311 2805 3372 ταῖς
2821 3309 3175 3377 Ἐκκλησὶαις
3204 3302 3594 3373 παραδεδομένην,
3615 3293 3691 3362 μήτε

2275 3399 2375 3469 τὴν
2404 3399 2512 3452 τῶν
2551 3399 2869 3452 ἀποστόλων
2905 3398 3198 3464 αἰδεσθεὶς,
3229 3399 3362 3466 μήτε
3395 3394 3442 3446 δὲ
3469 3391 3542 3460 τὴν
3563 3383 3622 3438 τοῦ

2275 3481 2442 3556 γάλου
2471 3487 2756 3552 Βασιλείου
2795 3489 2855 3541 ὲν
2886 3486 2964 3556 τῷ
2986 3485 3142 3555 αὐτῷ
3187 3483 3442 3550 Πνεῦματι
3468 3481 3689 3568 ’συπραὲ

2277 3598 2403 3647 σαν,
2448 3581 2606 3650 λόγου
2667 3579 2810 3644 τινὸς
2865 3579 3068 3651 κρίνων
3126 3577 3318 3642 ἀξίαν·
3368 3574 3418 3624 ὲν
3526 3563 3690 3625 Ἀναξθρέ

2277 3671 2632 3743 βλασφημιῶν
2668 3672 2748 3744 (οὐ
2771 3672 2881 3740 γὰρ
2907 3671 3105 3739 εὐχῶν)
3142 3667 3367 3736 Τελετὴν
3393 3657 3687 3744 (inani-im.

2275 3739 2364 3834 ἆρ’
2387 3739 2507 3817 οῦν⁷
2532 3763 2617 3826 τίς
2667 3739 2861 3834 ἔτερος
2891 3763 3280 3832 Ἀντίχριστος,
3310 3748 3620 3830 προσδοκίσθιτι
3645 3739 3688 3790 ξπ

2274 3855 2425 3922 ἄξιος
2448 3855 2554 3926 εἴη,
2584 3855 2726 3908 οὕτω
2753 3855 2823 3907 τὰ
2845 3853 2938 3906 τοῦ
2969 3853 3212 3923 Χριστοῦ
3245 3851 3402 3922 μισῶν
3429 3863 3477 3898 τε
3499 3842 3566 3894 καὶ
3588 3847 3689 3926 πέμπ’

2275 3949 2444 4000 κινεῖν
2491 3931 2862 4016 πειρώμενοςς
2909 3942 3053 4012 Ἐγὼ
3096 3945 3197 4014 μὲν
3245 3943 3341 3997 οὐκ
3374 3935 3514 4007 οἶμαι.
3545 3924 3687 3990 “tim

2273 4037 2406 4108 γὰρ»
2438 4035 2599 4106 φημὶ.
2634 4035 2728 4089 καὶ
2761 4029 3016 4100 οὗτοςνὲν
3049 4034 3222 4089 ἅπασι
3243 4033 3330 4088 τὸν
3353 4029 3522 4084 ὲκεξνου
3539 4019 3688 4077 ἀποπλη-

2276 4128 2449 4202 ρῶσαι
2477 4128 2640 4180 τόπον
2666 4126 2761 4179 καὶ
2799 4127 3004 4197 τρόπον
3596 4199 3604 4202 Α
3653 4191 3668 4202 ,

2342 4216 2429 4272 x'.
2456 4217 2654 4270 'Axoue
2676 4216 2734 4269 δὲ
2766 4215 2932 4270 αὐτοῦ
2961 4217 3059 4271 και
3088 4217 3158 4270 τὰ
3181 4217 3358 4288 ἔτερα,
3388 4207 3453 4266 ὧν
3474 4199 3686 4289 etiam:

2276 4324 2368 4360 σαι
2399 4307 2562 4362 καλόν
2591 4323 2652 4359 τε
2689 4307 2783 4360 καὶ
2811 4307 3202 4362 εὐκταιότατον
3243 4303 3326 4378 ἦν.
3365 4303 3460 4372 Τὴν
3487 4295 3684 4378 κρίσιντω

595 4404 800 4459 dicium
822 4405 916 4458 Dei
952 4405 1006 4458 in
1032 4406 1288 4460 omnibus
1323 4407 1526 4460 sanctis
1559 4405 1860 4474 Scripturis
1887 4404 2033 4458 clara
2063 4419 2133 4457 vo

2145 4433 2162 4443 -
2195 4399 2424 4464 ΒΘεοῦ,
2461 4397 2560 4470 τὴν
2614 4398 2672 4451 ὲν
2729 4398 2934 4461 πάσαις
2985 4400 3106 4462 ταῖς
3172 4377 3349 4468 ἁγίαις
3393 4377 3683 4474 διασώσῃ-μένην

596 4511 658 4550 ce
689 4495 1094 4560 denuntiatum,
1133 4495 1278 4564 quod
1309 4511 1410 4550 nec
1443 4496 1510 4550 iis
1543 4497 1635 4566 qui
1665 4511 1695 4549 ιι
1725 4495 2164 4550 Christianorum

595 4585 862 4655 religione
892 4586 1080 4654 procul
1127 4585 1349 4648 absunt,
1399 4587 1600 4640 mansit
1646 4587 1976 4650 inauditum,
2017 4585 2164 4656 quod

593 4682 680 4730 est
708 4673 1109 4728 ﬁrmamentum
1157 4675 1439 4738 stantium,
1488 4683 1545 4730 et
1596 4677 1874 4744 lapsorum
1930 4677 2160 4740 erectio,

593 4774 649 4821 et
685 4763 1030 4835 peccantium
1075 4764 1368 4829 medicina,
1413 4773 1469 4820 et
1515 4765 1719 4820 diaboli
1772 4764 1970 4834 dignus
1995 4763 2158 4830 ﬁnis;

593 4855 742 4927 quod
770 4870 948 4924 neque
975 4855 1225 4910 diabolus
1247 4864 1303 4910 et
1327 4855 1602 4912 daemones
1631 4871 1830 4927 negare
1859 4859 1977 4915 ausi
2009 4864 2158 4922 sunt,

593 4965 718 5004 cum
745 4948 1012 5004 Salvatori
1037 4949 1296 5004 dixerunt
1327 4967 1340 5004 :
1373 4949 1512 5015 Quid
1533 4951 1680 5004 nobis
1712 4960 1761 5004 et
1795 4952 2047 5019 tibi,Jesu
2066 4953 2170 5008 Fili

592 5039 731 5094 Dei?
747 5039 932 5094 venisti
957 5049 1081 5094 ante
1113 5046 1316 5111 tempus
1349 5048 1594 5112 torquere
1627 5058 1722 5096 nos
1741 5042 1819 5108 1‘°;
1885 5043 1990 5098 hoc
2015 5043 2168 5113 judi-

595 5131 762 5195 cium,
797 5140 853 5186 ct
877 5132 1206 5203 gehennam,
1233 5141 1292 5188 et
1326 5135 1598 5198 tenebras,
1631 5143 1688 5188 et
1709 5135 2000 5190 stridorem
2025 5137 2162 5190 den-

594 5222 754 5287 tium,
813 5231 870 5278 et
917 5225 1024 5280 alia
1063 5240 1404 5295 quaecunque
1441 5225 1627 5295 impiis
1673 5233 1731 5280 ct
1779 5225 2163 5296 peccatoribus

595 5310 878 5381 Scriptura
903 5323 1088 5368 sancta
1120 5313 1382 5377 minatur,
1413 5314 1555 5369 ridet
1579 5314 1766 5377 miser,
1807 5329 1910 5368 nec
1935 5313 2051 5383 ipse
2075 5316 2164 5384 ju-

595 5393 800 5452 dicium
823 5408 1166 5468 exspectans.
1188 5409 1245 5455 et
1265 5400 1406 5468 aliis,
1425 5417 1495 5458 ne
1510 5408 1778 5468 metuant,
1798 5401 1998 5474 jubens
2021 5417 2163 5473 quae,

667 5527 712 5562 "
735 5527 928 5586 Matth.
953 5547 1068 5600 vm,
1095 5531 1186 5590 29.

2269 4491 2532 4560 Γραφαῖς,
2562 4482 2632 4561 ἧς
2663 4487 2774 4541 οὐδ’
2801 4489 2852 4541 οἱ
2881 4489 3102 4559 μακρὰν
3135 4490 3235 4560 τῆς
3266 4479 3552 4558 Χριστιανῶν

2270 4576 2396 4648 (Ph;
2439 4581 2800 4652 ἀπεριῆκητοι
2837 4581 3236 4650 μεμενήκασιν,
3265 4579 3355 4650 τὴν
3385 4576 3522 4646 μόνην
3547 4561 3683 4618 alii“

2269 4671 2522 4724 ἑστώτων
2567 4672 2798 4742 ἵδρυσιν,
2831 4673 2928 4724 καὶ
2969 4671 3080 4724 τῶν
3103 4671 3450 4725 πεπτωκότων
3477 4655 3681 4742 ἀνδρθίῗῗα

2266 4763 2375 4816 τῶν
2425 4781 2487 4816 τε
2518 4737 2926 4833 ἡμαρτηκότων
2975 4763 3284 4834 φάρμακον,
3319 4751 3502 4812 καὶτοῦ
3535 4737 3682 4800 διαδδλσδ

2265 4855 2416 4920 ἀξιον
2467 4856 2642 4920 τέλος,
2677 4856 2747 4926 ἢν
2804 4857 2930 4910 οὐδὲ
2981 4859 3010 4911 δ
3065 4839 3305 4918 adeo»;
3343 4852 3427 4907 και
3455 4847 3496 4899 οἱ
3531 4836 3684 4926 tum:

2261 4939 2606 5018 ἆρνῆσαιεῒθαι
2663 4919 2986 5018 ὑπέμειναν,
3045 4949 3294 5016 λέγοντες
3342 4941 3412 5011 τῷ
3461 4919 3683 5018 201529"?-

2264 5037 2411 5106 ἡμῖν
2459 5038 2558 5092 καὶ
2604 5038 2725 5102 σο),
2745 5036 2952 5108 Ἰησοῦ
2985 5041 3082 5096 Υἱὲ
3128 5039 3232 5094 τοῦ
3280 5033 3450 5094 Θεοῦ;
3473 5024 3606 5096 ἦλθες
3621 5021 3684 5108 ³η)

2263 5097 2472 5198 καιροῦ
2489 5097 2830 5194 βασανίσαι
2851 5131 3011 5200 ἡμᾶς
3029 5151 3041 5164 -
3072 5135 3170 5202 τήν
3184 5147 3240 5184 τε
3257 5131 3454 5198 γέενναν
3470 5110 3600 5206 tum

2265 5237 2377 5284 τος,
2410 5221 2504 5275 καὶ
2529 5220 2620 5276 τὸν
2653 5222 2898 5294 βρυγμὸν
2923 5224 3031 5277 τῶν
3063 5223 3304 5282 ὀδόντων,
3341 5214 3424 5270 καὶ
3442 5210 3496 5264 τὰ
3519 5203 3614 5294 mf

2262 5279 2552 5382 basim-rat
2581 5279 2702 5377 τούς.
2723 5279 2947 5368 ἀσεϐέσι
2979 5315 3077 5369 καὶ
3103 5279 3446 5386 ἁμαρτωλοῖς,
3475 5279 3685 5386 ratify:

2263 5375 2414 5466 λαιος
2434 5375 2460 5432 ί
2485 5401 2598 5457 οὐτ’
2625 5375 2789 5472 αὐτὸς
2815 5406 2989 5479 αὐτὴν
3011 5375 3332 5480 προσδοκῶν,
3363 5389 3552 5456 καὶτοῖς
3572 5375 3686 5434 Μ
