3912 6298
140 312 301 381 1369
1127 320 1293 381 ων.
1329 318 2040 380 INCORRUPTICOLAS
2076 319 2172 380 ET
2211 320 2528 382 NESTOR.
3286 316 3427 385 1370

136 430 592 506 ιγκελευόμενος
647 430 722 503 μὴ
777 430 1006 485 δεδιέναι
1054 430 1239 509 φόϐον,
1300 431 1378 494 ὡς
1425 430 1587 494 αὐτὸς
1637 431 1721 501 μὲι

1835 440 1898 488 ιιι
1932 433 2047 504 ipse
2077 442 2252 504 putat,
2293 432 2671 488 tantummodo
2723 431 2900 487 minas
2928 430 3153 488 habent.
3174 432 3269 489 Va:
3304 439 3421 489 vae!

138 529 337 583 οἴεται
391 524 621 595 ἀπειλὴν
666 523 829 594 μόνον
882 523 1100 593 ἔχοντα.
1152 523 1240 587 Λῖ,
1280 525 1375 578 αἲί
1415 525 1449 595 ἡ
1500 524 1721 595 πεῖραδ

1861 524 1956 581 scd
1981 525 2234 580 suadebit
2260 525 2308 581 ei
2340 523 2701 594 experientia,
2724 524 2852 594 quia
2873 525 3052 580 minas
3080 539 3189 579 non
3219 526 3422 589 timuit,

140 619 328 671 αὐτὸν
357 616 559 679 πείσει,
588 615 780 686 ἐπειδὴ
802 615 999 685 ἀπειλὴ
1028 615 1101 684 μὴ
1126 615 1430 684 πεφόϐηκε,
1454 618 1549 669 καὶ
1573 616 1721 693 ταῦτ‹

1849 625 1904 670 et
1941 616 2059 672 haec
2085 617 2283 671 litteris
2322 615 2582 669 mandare
2620 631 2729 669 non
2760 624 2845 670 est
2874 616 3084 670 veritus
3111 616 3332 685 impius,
3368 623 3425 671 cl.

140 713 353 782 γραφῇ
387 709 722 780 παραδοῦναι
754 708 783 758 6
815 707 1018 777 ἀσεϐὴς
1050 708 1145 760 καὶ
1176 706 1348 769 ὅντως
1380 707 1581 776 ἄφοϐος
1605 748 1620 770 ,
1651 726 1720 761 κα

1847 722 1976 761 vere
2017 723 2045 759 a
2085 715 2235 761 metu
2265 720 2493 768 vacuus,
2541 713 2597 759 et
2628 720 2758 759 vere
2800 714 2960 760 terrae.
2991 714 3196 759 motum
3230 706 3426 775 ignife-

142 802 333 865 ὅντως
367 799 683 868 καταγελῶν
708 797 937 869 σεισμοῦ
962 799 1261 869 πυρφόρον,
1286 792 1349 851 οὗ
1378 799 1721 871 ἀντανῄρητα

1847 817 1968 855 rum
2002 801 2262 864 irridens,
2291 816 2321 853 a
2347 800 2506 871 cuias
2533 799 2673 854 facie
2703 799 2840 854 sicut
2871 799 2924 852 in
2954 799 3175 854 diabolo
3207 800 3421 855 sublata

144 894 305 947 κατὰ
327 894 420 946 τὸν
436 893 678 967 διάϐολον
691 892 1012 963 τάκρίματα
1026 892 1118 945 τοῦ
1136 893 1271 945 Θεοῦ
1290 893 1398 946 ἀπὸ
1422 893 1740 964 προσώπου.

224 1008 369 1061 KA'.
406 1007 507 1062 Διά
551 1008 723 1062 ταῦτά
772 1025 829 1061 σε
872 1009 1183 1074 ἀγαπῶσιν,
1213 1003 1258 1063 ὧ
1284 1009 1506 1074 δείλαιε,
1542 1013 1591 1064 οί
1643 1011 1743 1079 τῆς

146 1100 335 1168 αὐτῆς
377 1100 461 1153 σοι
504 1102 757 1171 μερίδος*
790 1100 950 1169 τοῦτο
1004 1103 1188 1165 αὐτοῖς
1239 1103 1331 1155 τοῦ
1377 1102 1525 1156 θείου
1575 1104 1740 1171 φόϐου

144 1194 612 1264 ἀνταναιρετικον
634 1194 950 1264 φάρμακον,
971 1196 1171 1265 πικρὸν
1190 1196 1358 1259 ὅντως
1381 1198 1474 1248 καὶ
1492 1197 1743 1267 δακρύων

143 1286 311 1349 ἄξιον
365 1289 799 1358 συγκεκέρακας.
836 1287 989 1356 Αὕτη
1042 1289 1073 1355 ἡ
1128 1290 1397 1357 Εὑνομίου
1450 1291 1739 1343 δυσσέϐεια

142 1379 220 1449 ἣν
260 1378 567 1445 ἐζήλωσας,
608 1380 734 1448 περὶ
763 1373 824 1433 οὗ
858 1381 925 1431 τὰ
971 1380 1244 1448 λεγόμενα
1278 1377 1344 1450 ἦν
1373 1381 1605 1443 ἄπιστα,
1635 1383 1739 1444 ἕως

150 1473 260 1540 (ὼς
295 1475 372 1544 μὴ
427 1474 649 1527 πώποτε
678 1473 876 1542 ὢφελε)
905 1478 1027 1537 ταῖς
1064 1479 1183 1537 σαῖς
1215 1475 1413 1544 βίϐλοις
1443 1475 1616 1528 ταῦτα
1652 1478 1737 1526 ὲν-

145 1564 332 1633 ετάγη
359 1583 371 1594 ·
394 1567 485 1619 καὶ
515 1567 606 1618 τὸν
637 1567 863 1619 εἰπόντα
897 1567 1165 1636 Εὐνόμιον
1196 1567 1394 1620 διδόναι
1421 1567 1586 1618 τόπον
1621 1568 1736 1627 τοῖς

145 1650 387 1717 πάθεσι,
450 1653 546 1705 καὶ
604 1654 676 1722 μὴ
735 1654 996 1725 παρέχειν
1039 1655 1119 1725 τῷ
1186 1655 1263 1726 νῷ
1334 1655 1731 1726 πράγματα,ή

147 1741 222 1814 σὴ
249 1743 573 1799 διδασκαλία
606 1738 1061 1818 ὑπερηκόντισεν.
1446 1783 1471 1796 -

221 1861 358 1914 KB'.
397 1862 497 1924 Σὸς
553 1862 804 1933 μαθητὴς
859 1865 1192 1933 Βαρσουμᾶς
1250 1866 1310 1929 ὃς
1361 1868 1458 1937 τὴν
1510 1870 1734 1937 Περσῶν

146 1954 533 2024 ἔκδεδνῄτηκε,
564 1958 678 2018 τοῖς
713 1974 771 2008 τε
802 1956 1037 2026 δόγμασι
1067 1958 1165 2025 τῆς
1198 1958 1512 2029 ἀθεότητος,
1550 1962 1644 2013 καὶ
1667 1964 1731 2032 τῇ

144 2044 247 2098 τοῦ
297 2044 415 2116 βίου
443 2046 754 2116 ἀδιαφορία,
787 2047 1179 2116 νομοθετήσας,
1232 2049 1366 2117 μηδὲ
1399 2050 1506 2102 τῶν
1533 2053 1735 2121 ἰεραρ-

144 2135 445 2207 χουμένων
491 2135 637 2198 τινὰ,
671 2136 745 2206 μὴ
791 2137 873 2188 ὅτι
932 2136 1156 2199 λαῑκὸν,
1193 2138 1493 2207 ἀπέχεσθαι
1546 2140 1735 2207 κοίτης

144 2226 398 2295 ἀθέσμου
431 2227 525 2278 καὶ
557 2225 918 2294 πολυγαμιῶν
945 2243 958 2255 ·
993 2229 1090 2291 τὰς
1133 2229 1240 2299 γὰρ
1273 2230 1441 2299 μέθας
1474 2230 1570 2283 καὶ
1607 2232 1735 2296 τοὺς

146 2317 401 2389 κώμους,
437 2318 585 2389 δῶρα
614 2318 754 2375 εἶναι
787 2320 1139 2389 ὑπελάμϐανε
1170 2321 1328 2375 Θεοῦ.

217 2523 347 2577 Kl".
380 2523 494 2588 Τάς
543 2524 643 2587 σὰς
702 2525 1106 2593 μεταϐαλόντες
1160 2524 1464 2588 συντάξεις,
1494 2525 1576 2586 εἰς
1625 2523 1726 2595 τὴν

143 2615 437 2669 Χαλδαίων
464 2633 524 2668 τε
556 2618 649 2669 καὶ
693 2615 998 2685 Ἀρμενίων
1026 2614 1101 2685 (ρ)
1131 2615 1314 2683 φωνὴν
1338 2619 1428 2665 καὶ
1450 2614 1725 2681 γλῶσσαν,

143 2705 197 2759 οἶ
240 2706 342 2774 τῆς
395 2706 564 2776 αὐτῆς
622 2708 704 2759 σοὶ
755 2705 991 2776 φατρίας
1050 2706 1148 2774 τῆς
1187 2705 1398 2775 Ἀρείου
1450 2706 1724 2770 ἀσεϐείας,

145 2797 461 2867 ἀθεωτέραν
491 2800 603 2861 τοῖς
633 2798 809 2850 ἔθνεσι
855 2797 1093 2867 παραδεδ
1116 2799 1305 2850 ’κασιν
1345 2798 1559 2867 αἵρεσιν
1585 2815 1599 2827 ·
1632 2798 1727 2850 κα1¹

145 2890 259 2958 γὰρ
315 2888 475 2942 τοῦτο
524 2888 764 2958 ζηλῶσαι
815 2887 1216 2941 ἐσπουδάκασιν
1264 2888 1314 2940 οἱ
1357 2888 1465 2938 τῶν
1513 2888 1725 2957 Ἀρείου

146 2980 375 3034 θιάσων·
403 2980 545 3050 πλὴν
564 2982 685 3034 ὅσον
714 2982 763 3032 οἱ
796 2980 893 3048 μὲν
917 2981 1043 3041 τοὺς
1067 2979 1354 3047 ἑσπερίους
1382 2979 1723 3049 βαρϐάρους,

146 3074 199 3126 οἱ
245 3075 303 3127 δὲ
359 3075 488 3137 τοὺς
535 3071 725 3143 έῴους,
768 3073 850 3134 εἰς
897 3072 996 3142 τὴν
1034 3070 1168 3122 ἰδίαν
1194 3070 1427 3133 ⁹(ἕκαστος
1466 3070 1725 3124 ἀσέϐειαν

148 3165 559 3237 προσηγάγετο.

218 3279 344 3332 KA'.
381 3277 573 3349 Μικρά
614 3295 695 3331 σοι
725 3277 938 3331 ταῦτα’
974 3275 1038 3329 σὺ
1074 3274 1130 3327 δέ
1177 3292 1268 3345 μοι
1300 3274 1584 3344 προστίθει
1629 3274 1724 3327 καὶ

145 3371 246 3443 τὴν
296 3371 689 3442 πεπλασμένην
720 3372 893 3438 Ἀδὰμ
940 3371 1277 3441 παράϐασιν,
1306 3370 1372 3440 ἣν
1427 3368 1531 3421 ὑπὸ
1586 3367 1722 3421 Θεοῦ

145 3461 325 3517 λαϐὼν
356 3463 579 3527 ἔπαθεν,
605 3464 690 3516 ἵνα
718 3464 945 3533 γένηται
981 3464 1185 3532 κόσμος
1217 3461 1363 3531 αὐτῷ
1386 3461 1723 3530 εὐπροφάσι-

150 3572 274 3609 στον
299 3554 475 3625 ἀρχὴν
505 3554 667 3624 ἔχων,
707 3556 806 3625 τὴν
834 3553 929 3607 τοῦ
961 3555 1035 3624 μὴ
1057 3553 1443 3625 ἡμαρτηκότος
1473 3553 1591 3622 μὲν,
1632 3570 1723 3606 σε·

149 3646 632 3718 συκοφαντημένου
676 3647 754 3711 δὲ,
813 3647 1171 3714 ἀδικωτάτηνδ
1190 3649 1283 3700 καὶ
1317 3646 1472 3716 δίκην
1506 3647 1598 3699 καὶ
1633 3645 1721 3710 ἑξ-

145 3743 320 3814 ορίαν.
347 3743 421 3796 Οὐ
438 3743 545 3813 γὰρ
560 3741 765 3811 ταύτης
780 3759 862 3794 σοι
882 3741 1068 3793 ἕνεκεν
1090 3742 1189 3809 τῆς
1209 3739 1318 3792 τῶν
1336 3738 1522 3792 κακῶν
1542 3739 1717 3809 ῥίζης,

148 3836 355 3906 καὶτῆς
376 3836 573 3902 λοιπῆς
595 3834 737 3888 κατά
764 3833 824 3886 τὸ
853 3833 981 3902 ἑξῆς
1005 3832 1113 3886 τῶν
1141 3831 1447 3902 ἀνθρώπιον
1464 3831 1719 3895 ἀσεϐείας

145 3928 238 3984 καὶ
287 3929 554 3999 πονηρίας
601 3929 629 3980 6
685 3926 925 3997 Χριστὸς
975 3920 1131 3995 ἦλθε,
1184 3925 1244 3977 τδ
1301 3923 1717 3993 πεπλανημένον

144 4022 411 4093 πρόϐατον
446 4020 538 4073 τὸν
587 4020 780 4089 Ἀδὰμ,
809 4019 909 4086 τῆς
955 4018 1063 4071 τῶν
1124 4016 1316 4070 ἑκατὸν
1368 4016 1717 4071 ἀποσπασθὲν

145 4114 429 4185 συννομῆς,
449 4113 526 4176 ὡς
551 4112 714 4174 καλὸς
738 4110 911 4163 σῶσαι
940 4109 1036 4162 καὶ
1066 4107 1391 4179 ἐπιστρέψαι
1419 4108 1658 4178 ποιμήν;

210 4228 336 4280 ΚΕ’.
372 4224 637 4293 Πρόσθες,
673 4225 723 4277 εἰ
763 4222 964 4294 βούλει,
989 4221 1085 4275 καὶ
1133 4223 1257 4286 τοὺς
1296 4221 1374 4290 τῷ
1413 4222 1590 4293 σκότῳ
1635 4223 1713 4293 τῷ

146 4317 221 4389 σῷ
280 4315 886 4387 συνδημιουργηθέντας
934 4314 1240 4381 ἀγγέλουςο
1277 4315 1337 4367 ού
1398 4314 1509 4385 γὰρ
1561 4296 1731 4378 ἀξιόέ

142 4411 313 4484 χρεὼς
359 4427 439 4463 σοι
481 4409 581 4477 τῆς
621 4408 803 4463 αὐτῶν
830 4407 1049 4476 φύσεως
1083 4405 1355 4478 ἐξηγητὴς
1387 4410 1413 4461 ὁ
1456 4407 1711 4477 ἱεροψάλ-

140 4523 239 4578 της
268 4504 399 4575 πρὸς
424 4504 515 4557 τὸν
544 4502 676 4555 Θεὸν
709 4504 767 4555 ἐν
789 4501 1060 4570 πνεύματι
1093 4503 1189 4572 τὴν
1213 4500 1382 4570 λύραν
1414 4501 1711 4572 ἀνακρουό-

148 4614 318 4669 μενος,
360 4598 421 4651 '0
449 4592 635 4651 ποιῶν
659 4597 803 4661 τοὺς
828 4595 1124 4663 ἀγγέλους
1150 4594 1337 4648 αὑτοῦ
1377 4595 1703 4662 πνεύματα,

144 4687 237 4741 καὶ
288 4687 426 4752 τοὺς
477 4686 870 4756 λειτουργοὺς
917 4685 1106 4739 αὐτοῦ
1140 4685 1333 4753 πυρός
1382 4687 1600 4754 φλόγα.
1633 4687 1706 4739 Τὸ

144 4778 246 4851 γὰρ
273 4777 457 4832 ποιῶν
493 4776 588 4831 τοῦ
619 4777 916 4841 ἐνεστῶτος
971 4776 1166 4846 χρόνον
1218 4776 1278 4829 ὃν
1340 4779 1584 4846 σημεῖον,
1616 4777 1705 4830 τὸν

146 4868 549 4937 παρεληλυθότα
590 4867 854 4936 Γραφικῷ
904 4866 1154 4936 ἰδιώματι
1183 4866 1354 4937 δηλοῖ,
1387 4865 1461 4929 ὡς
1491 4866 1696 4929 εὐθέως

144 4961 433 5029 γεὲπάγων
459 4959 724 5021 διδάσκει,
752 4962 785 5012 ό
805 4957 1096 5029 θεμελιῶν
1123 4957 1240 5026 τὴν
1264 4957 1403 5028 γῆν,
1425 4958 1703 5011 τουτέστιν

143 5056 173 5106 6
199 5050 555 5122 θεμελιώσαςο
586 5050 711 5105 οὔτε
770 5050 877 5122 μὴν
907 5055 961 5105 αἱ
1012 5051 1169 5105 ἄλλαι
1207 5068 1266 5103 σε
1316 5051 1426 5103 τῶν
1466 5049 1701 5119 Γραφῶν

143 5144 556 5212 ἀγγελοφάνειαι
584 5143 896 5197 καταιδοῦσι
918 5186 932 5209 ,
966 5144 1082 5213 φῶς
1115 5161 1175 5198 τε
1220 5144 1546 5213 φαινόμεναι
1571 5184 1585 5209 ,
1608 5141 1705 5197 καὶ

144 5237 238 5290 ὰστ
247 5235 417 5308 ραπὰς
454 5234 900 5291 ἀποστίλϐουσαι.

213 5410 254 5445 ⁸⁷
279 5410 419 5467 Psal.
450 5425 563 5478 cm,
598 5413 652 5469 4.
729 5411 773 5445 ³⁸
806 5410 939 5468 ibid.
970 5413 1023 5467 5.

1743 4548 1786 4603 D

1844 898 1975 945 sunt
1997 891 2205 962 iudicia
2231 890 2347 946 Dei.

1913 1006 2054 1060 XXI.
2090 1008 2319 1076 Propter
2362 1007 2479 1061 haec
2522 1015 2575 1061 te
2626 1006 2858 1076 diligunt
2888 1004 3112 1069 ,miser,
3153 1005 3245 1073 qui
3291 1010 3421 1059 sunt

1844 1105 1952 1152 tua:
1983 1107 2179 1152 sectae:
2209 1098 2313 1151 hoc
2341 1106 2396 1151 tu
2438 1097 2547 1150 illis
2589 1096 2944 1165 pbarmacum
2975 1094 3043 1147 ad
3065 1095 3416 1148 eximendum

1845 1189 2097 1242 timorem
2124 1189 2218 1242 Dei
2245 1188 2548 1250 confecisti,
2579 1203 2709 1241 vere
2738 1202 2982 1240 amarum
3013 1197 3068 1239 et
3117 1187 3416 1256 lugendum

1842 1282 2221 1350 pharmacum.
2282 1280 2405 1334 Ilaec
2454 1281 2557 1334 fuit
2599 1281 2856 1334 Eunomii
2918 1280 3190 1348 impietas,
3252 1295 3416 1349 quam

1842 1373 2086 1427 imitatus
2124 1388 2202 1435 es,
2235 1372 2303 1426 de
2352 1388 2463 1441 quo
2498 1388 2620 1442 qua:
2661 1372 3010 1433 dicebantur,
3066 1372 3415 1426 incredibilia

1839 1476 2018 1528 erant,
2045 1469 2219 1522 donec
2255 1467 2484 1537 (utinam
2526 1466 2828 1535 nunquam)
2897 1465 3012 1519 hare
3044 1465 3098 1519 in
3124 1464 3279 1517 libris
3308 1463 3418 1518 tuis

1838 1562 2016 1631 posita
2052 1570 2199 1615 sunt.
2238 1561 2306 1614 Et
2346 1558 2697 1621 Eunomium,
2756 1556 2849 1625 qui
2880 1554 3232 1625 praecipiebat
3284 1553 3415 1608 dare

1838 1655 2017 1709 locum
2045 1653 2409 1724 passionibus,
2433 1659 2490 1707 et
2508 1667 2617 1705 non
2639 1650 2901 1704 exhibere
2921 1647 3198 1703 molestias
3220 1647 3412 1712 menti,

1763 1769 1806 1824 Β
1838 1746 2087 1802 doctrina
2120 1755 2211 1799 tua
2243 1744 2541 1814 superavit.

1906 1860 2073 1914 XXII.
2112 1859 2263 1913 Tuus
2294 1858 2597 1927 discipulus
2622 1856 2725 1910 fuit
2753 1855 3064 1914 Barsumas.
3103 1855 3195 1923 qui
3227 1855 3412 1909 Persi-

1836 1954 1960 2008 dem
2003 1967 2167 2021 prave
2191 1949 2517 2022 gubernavit
2564 1948 2910 2018 dogmatibus
2967 1946 3076 1999 tuis
3120 1944 3319 2014 impiis,
3355 1953 3412 2000 et

1835 2045 2047 2099 sublata
2073 2042 2381 2096 differentia
2405 2042 2455 2094 in
2479 2041 2591 2094 vita
2621 2038 2902 2109 degenda;
2936 2038 3031 2107 qui
3058 2038 3231 2107 legem
3262 2038 3406 2101 tulit,

1834 2141 1894 2186 ut
1919 2134 2102 2185 nullus
2129 2147 2193 2185 ex
2234 2132 2404 2193 clero,
2437 2144 2617 2198 neque
2654 2130 2846 2192 laicus,
2873 2128 3175 2181 abstineret
3207 2142 3233 2181 a
3267 2127 3409 2181 lecto

1832 2238 1942 2276 non
1993 2223 2253 2292 legitimo,
2314 2235 2494 2290 neque
2542 2235 2573 2272 a
2624 2217 2966 2288 polygamiis,
2998 2217 3049 2270 id
3094 2225 3197 2281 est,
3221 2217 3411 2273 multis

1832 2315 2134 2384 coniugiis;
2167 2312 2464 2367 ebrietates
2508 2311 2654 2365 enim
2709 2318 2766 2364 et
2807 2308 3232 2363 comessationes
3263 2308 3407 2364 dona

1833 2407 1928 2460 Dci
1954 2421 2073 2460 esse
2100 2404 2467 2459 existimabat.

1899 2517 2089 2572 XXIII.
2130 2517 2328 2571 Libros
2350 2526 2473 2571 tuos
2505 2498 2541 2569 ii
2572 2515 2663 2584 qui
2696 2523 2799 2569 tua:
2825 2527 2984 2569 secta:
3015 2523 3161 2577 sunt,
3209 2515 3262 2568 in
3288 2530 3406 2569 ser-

1832 2626 2049 2665 monem
2084 2609 2440 2665 Chaldaicum
2491 2616 2546 2662 et
2574 2607 2925 2662 Armcnicum
2956 2614 3270 2670 verterunt;
3309 2605 3406 2675 qui

1830 2701 2080 2756 haeresim
2116 2698 2309 2754 hmresi
2335 2699 2534 2753 Ariana
2565 2698 2804 2767 peiorem
2855 2713 2918 2751 ac
2962 2697 3135 2765 magis
3183 2697 3407 2765 impiam

1830 2791 2086 2860 gentibus
2113 2788 2467 2842 tradiderunt.
2512 2786 2794 2854 Siquidem
2819 2786 2922 2839 hoc
2947 2785 3146 2839 imitari
3180 2784 3407 2838 studue-

1829 2891 1958 2934 runt
1993 2880 2200 2943 Ariani,
2252 2879 2359 2932 nisi
2390 2877 2535 2947 quod
2568 2876 2623 2930 bi
2658 2877 2924 2930 barbaros
2947 2874 3280 2937 Occidentis,
3322 2873 3401 2926 illi

1828 2979 2019 3040 gentes
2046 2968 2307 3034 Orientis,
2356 2968 2575 3037 utrique
2608 2966 2676 3020 ad
2725 2981 2878 3020 suam
2931 2965 3265 3034 impietatem
3310 2963 3407 3017 ad-

1828 3062 2125 3116 duxerunt.

1894 3284 2084 3340 XXIV.
2135 3283 2307 3338 Parva
2347 3280 2483 3333 haec.
2530 3277 2614 3332 Tu
2659 3290 2790 3330 vero
2831 3273 2970 3328 adde
3013 3270 3173 3331 mihi,
3216 3269 3400 3324 fictum

1825 3391 1945 3430 esse
1974 3383 2258 3443 peccatum
2282 3371 2432 3433 Adae,
2459 3368 2624 3438 idque
2648 3367 2759 3420 Deo
2782 3373 3025 3424 auctore,
3055 3370 3114 3416 ut
3131 3359 3400 3431 judicium

1796 3465 2229 3534 iniquissimum
2258 3464 2313 3516 in
2340 3462 2508 3516 Adam
2541 3460 2634 3529 qui
2680 3472 2792 3511 non
2840 3462 3141 3526 peccasset,
3177 3450 3269 3505 sed
3307 3466 3402 3520 per

1823 3558 2153 3614 calumniam
2198 3556 2488 3610 damnatus
2514 3552 2725 3613 fuisset,
2760 3548 3096 3603 etcxsilium
3122 3544 3171 3598 ei
3210 3543 3402 3596 decre-

1822 3658 1963 3709 tum,
2013 3650 2163 3718 iusta
2205 3656 2260 3701 et
2296 3643 2599 3714 probabilis
2645 3655 2808 3697 causa
2866 3634 3175 3691 redimendi
3233 3649 3398 3687 mun-

1821 3742 1950 3797 dum
1985 3740 2197 3795 ﬁerent.
2229 3741 2307 3809 An
2329 3752 2439 3791 non
2460 3743 2683 3804 propter
2705 3733 2845 3785 hanc
2865 3729 3102 3782 radicem
3127 3727 3397 3779 malorum

1819 3848 1876 3893 ct
1906 3836 2130 3904 reliquae
2165 3831 2426 3897 deinceps
2469 3822 2764 3895 impietatis
2810 3819 3094 3872 hominum
3142 3813 3398 3868 Christus

1818 3927 1989 3985 venit,
2027 3900 2087 3978 ut
2144 3920 2316 3976 Adam
2372 3931 2553 3975 ovem.
2605 3930 2634 3967 a
2682 3922 3007 3978 compascuo
3042 3912 3260 3958 centum
3294 3900 3396 3954 ab-

1816 4016 2074 4079 ductam,
2143 4021 2200 4067 et
2246 4011 2592 4078 aberrantem
2648 4013 2906 4071 tanquam
2969 3999 3148 4052 bonus
3209 4003 3396 4063 pastor

1814 4109 2049 4166 salvaret
2069 4107 2093 4161 ?

1885 4223 2051 4279 XXV.
2089 4220 2264 4279 Adde,
2297 4218 2340 4271 si
2374 4218 2476 4278 vis,
2527 4211 2747 4283 angelos
2791 4223 2900 4262 una
2945 4220 3068 4261 cum
3099 4201 3208 4256 tuis
3240 4208 3392 4254 tene-

1813 4318 1931 4373 bris
1967 4325 2218 4370 creatos:
2268 4326 2380 4365 non
2432 4307 2575 4363 enim
2627 4304 2728 4359 fuit
2759 4300 2902 4371 apud
2955 4307 3006 4352 te.
3058 4295 3291 4350 idoneus
3337 4302 3394 4346 ct

1814 4408 2141 4464 auctoritate
2180 4404 2379 4472 dignus
2423 4413 2579 4453 sacer
2610 4399 2896 4450 enarrator
2941 4395 3150 4443 natura:
3193 4395 3389 4438 eorum

1813 4499 2004 4563 David,
2033 4498 2126 4569 qui
2162 4497 2215 4550 in
2245 4493 2339 4549 Dei
2372 4490 2586 4545 laudem
2620 4486 2819 4541 fidibus
2850 4484 2901 4536 in
2925 4480 3120 4552 spiritu
3146 4478 3202 4532 in
3242 4475 3391 4530 Psal-

1814 4591 1918 4645 mis
1940 4601 2143 4643 canens
2175 4602 2188 4639 :
2223 4583 2324 4650 Qui
2350 4583 2498 4653 facit,
2529 4578 2727 4648 inquit,
2758 4572 2970 4645 angelos
2999 4587 3121 4625 suos
3149 4568 3388 4639 spiritus,

1815 4694 1864 4740 et
1902 4684 2167 4739 ministros
2202 4695 2321 4734 suos
2350 4680 2627 4748 ﬂammam
2658 4670 2878 4743 ignis“.
2925 4665 3081 4733 Quod
3106 4665 3252 4718 enim
3288 4661 3387 4728 ait,

1818 4775 1978 4846 facit,
2024 4772 2309 4845 prtesentis
2341 4768 2602 4838 temporis
2626 4774 2729 4829 est,
2763 4761 2907 4832 quod
2949 4757 3169 4829 propria
3208 4754 3390 4823 Scrip-

1810 4877 1948 4924 tura;
1996 4876 2197 4923 sancta:
2234 4861 2632 4919 consuetudine
2664 4855 3002 4927 praeteritum
3054 4859 3272 4918 tempus
3316 4847 3390 4900 si-

1809 4959 2051 5031 gniﬁcat.
2106 4966 2167 5012 ut
2206 4955 2467 5009 continuo
2504 4953 2686 5012 docet,
2735 4962 2860 5004 cum
2917 4939 3238 5013 subiungit:
3286 4938 3388 5004 Qui

1810 5053 2000 5123 fundat
2048 5060 2248 5104 terram
2265 5048 2329 5109 ³⁸,
2367 5047 2419 5101 id
2469 5054 2573 5107 est,
2609 5043 2705 5113 qui
2742 5039 2991 5095 fundavit
3035 5055 3048 5090 ε
3096 5050 3275 5104 neque
3332 5041 3387 5089 te

1810 5147 2071 5203 movent,
2117 5153 2241 5192 cum
2290 5136 2424 5190 alias
2474 5135 2529 5189 in
2560 5129 2860 5201 Scripturis
2903 5126 3079 5198 angeli
3124 5134 3382 5194 tanquam

1809 5233 2014 5288 lumina
2045 5236 2437 5303 apparuerunt,
2466 5233 2522 5281 et
2552 5231 2614 5280 ut
2635 5223 2846 5294 fulgura
2879 5220 3169 5291 fulgentes.

219 5568 383 5638 lp)En
418 5567 704 5639 antiquum
737 5569 1133 5634 testimonium,
1159 5567 1435 5637 quomodo
1494 5567 1736 5626 Chaldaei
1774 5576 1831 5625 et
1889 5566 2135 5624 Armenii
2164 5565 2293 5624 facti
2326 5566 2535 5625 fuerint
2586 5564 2851 5632 haeretici,
2896 5563 3157 5622 nimirum
3197 5564 3271 5623 ob
3298 5568 3379 5627 Ii-

148 5637 264 5697 bras
292 5637 568 5696 Theodori
591 5648 647 5697 et
665 5640 1110 5713 praedicationem
1140 5640 1434 5696 Barsumae.
