3912 6298
481 283 502 346 1
513 270 612 348 307

1737 284 2050 347 LEONTII
2088 282 2494 346 BYZANTINI

3601 275 3760 341 1363

545 396 708 454 XVII.
762 396 830 452 Et
851 396 983 467 quid
1011 410 1122 452 non
1151 403 1269 452 erat
1297 401 1544 463 acturus,
1573 396 1667 467 qui
1717 397 1774 451 in
1819 413 1886 452 eo
1915 413 2040 468 age-

2216 399 2317 452 lZ'.
2345 398 2458 451 Καὶ
2487 395 2540 450 τί
2594 392 2706 468 γὰρ
2747 395 2847 448 οὐκ
2897 375 3088 465 ἔμελλε
3142 393 3384 463 δράσειν,
3409 395 3438 447 ὀ
3482 393 3546 446 έν
3585 393 3756 462 αὐτῷ

472 487 590 553 bat,
640 487 938 557 impietatis
981 487 1235 542 inventor
1260 494 1318 542 et
1355 488 1552 558 pater?
1588 489 1735 544 Duos
1783 488 1950 559 igitur
1981 489 2046 542 li-

393 589 407 655 l.’
472 579 606 635 bros
631 579 1102 649 Paralipomenon,
1133 579 1368 650 primum
1405 587 1463 635 et
1503 581 1806 635 secundum
1847 581 2047 636 simili-

395 669 400 677 ’
474 681 579 736 ter,
631 672 834 726 malum
868 672 1012 726 malo
1043 671 1270 738 addens,
1307 681 1364 728 et
1407 673 1632 744 insuper
1678 673 1907 728 Esdram
1959 691 2048 729 re-

471 763 744 833 pudiavit.

543 855 730 910 XVIII.
751 855 974 911 Divinas
997 856 1164 926 igitur
1187 855 1503 926 Scripturas
1530 856 1864 928 aggreditur,
1899 865 1954 911 et
1979 873 2045 912 ex

471 943 688 1000 duobus
717 945 1012 1014 generibus
1035 945 1500 1014 splendidioribus
1540 953 1730 1000 contra
1781 946 2043 1015 Spiritum

471 1045 720 1091 sanctum
759 1038 1002 1092 certandi
1038 1037 1316 1092 laudatum
1349 1039 1453 1092 sibi
1486 1037 1708 1103 aufert;
1745 1053 1775 1092 a
1804 1038 2046 1093 secundo

471 1131 732 1196 abstinet,
776 1139 832 1187 et
875 1133 998 1186 aliis
1049 1133 1232 1200 cedit;
1271 1149 1339 1187 an
1375 1141 1436 1187 ut
1467 1133 1521 1188 in
1554 1134 1634 1188 eis
1657 1134 1958 1194 luctentur,
1975 1141 2047 1187 -οι

469 1223 738 1277 vincant?
782 1223 1159 1292 Nequaquam.
1217 1223 1322 1278 Sed
1358 1225 1507 1294 quia,
1561 1231 1622 1278 ut
1677 1223 2042 1287 existimabat,

470 1322 748 1368 certamen
799 1323 990 1368 contra
1034 1315 1350 1384 Scripturas
1375 1323 1590 1369 sanctas
1619 1313 1832 1367 ﬁnitum
1859 1313 1959 1367 sibi
1990 1322 2046 1368 et

468 1415 751 1474 peractum
779 1415 920 1468 erat,
957 1405 1257 1460 secundum
1289 1421 1514 1461 cursum
1563 1405 1744 1475 primo
1781 1405 2043 1475 aequalem

470 1492 727 1558 conﬁcit;
763 1501 914 1548 etne
945 1494 998 1548 in
1032 1494 1262 1564 singulis
1291 1493 1674 1564 aggrediendis
1715 1492 2046 1563 defatigare-

472 1589 584 1647 tur,
613 1590 803 1636 contra
839 1581 1072 1650 primam
1112 1581 1396 1652 religionis
1428 1581 1757 1637 Christianae
1785 1580 2046 1635 informa-

471 1673 677 1726 tionem
706 1681 832 1735 stat,
889 1681 943 1728 et
989 1672 1241 1728 deiﬁcum
1279 1672 1584 1744 symbolum
1615 1687 1805 1726 eorum
1841 1671 1934 1741 qui
1963 1686 2048 1724 rc-

470 1770 826 1830 generantur,
863 1763 1021 1828 tollit,
1047 1763 1230 1828 ﬁdem,
1267 1764 1510 1833 inquam,
1566 1762 1758 1834 synodi
1789 1762 2044 1828 Nicaeum,

470 1865 581 1905 non
630 1853 806 1906 solum
852 1853 1114 1908 mutilans
1166 1853 1375 1922 ipsum,
1432 1853 1528 1907 sed
1563 1867 1782 1906 omnem
1827 1851 2047 1921 penitus

471 1942 633 1996 Iidem
665 1941 977 2007 destruens,
1027 1951 1099 2004 et
1136 1944 1297 1999 aliam
1348 1953 1548 2014 praeter
1602 1942 1749 1998 illam
1802 1942 2042 2008 tradens,

469 2049 569 2104 pro
627 2034 802 2089 nihilo
855 2033 1059 2090 docens
1099 2036 1191 2090 illa
1237 2044 1388 2090 tanta
1434 2035 1664 2099 lumina,
1704 2049 1882 2105 neque
1936 2043 2045 2088 tam

469 2127 644 2182 audax
675 2127 888 2183 facinus
913 2128 1336 2198 perhorrescens
1367 2144 1380 2180 :
1414 2125 1563 2181 aliud
1594 2125 1763 2191 enim,
1818 2133 1880 2179 ut
1907 2124 2040 2189 dixi,

469 2219 774 2290 symbolum
833 2219 980 2283 lidei,
1040 2221 1125 2274 vel
1175 2220 1357 2290 potius
1408 2219 1585 2274 dicam
1628 2217 1868 2288 perﬁdia:
1905 2216 2040 2280 edit,

469 2309 562 2378 qui
592 2319 715 2380 post
740 2309 899 2364 ﬁdem
928 2311 983 2364 in
1006 2310 1176 2364 Deum
1213 2300 1450 2366 Patrem.
1491 2317 1547 2363 ct
1575 2307 1920 2377 unigenitum
1950 2305 2042 2360 Fi-

467 2399 622 2462 lium,
655 2409 712 2454 et
757 2399 1020 2468 Spiritum
1055 2406 1326 2462 sanetum,
1365 2398 1588 2466 scripsit
1624 2397 1846 2452 credere
1893 2403 1949 2451 et
1986 2395 2040 2449 in

467 2490 757 2544 Dominum
802 2491 985 2546 Jesum
1035 2490 1336 2551 Christum,
1395 2488 1752 2544 introducens
1790 2497 2038 2559 Quartam

465 2594 758 2648 personam
812 2579 866 2632 in
897 2588 1140 2633 sanetam
1173 2579 1518 2642 Trinitatem,
1558 2589 1614 2632 et
1644 2579 1698 2632 in
1747 2578 1883 2633 duas
1912 2594 2039 2648 per-

467 2682 633 2722 sonas
659 2667 937 2722 Christum
969 2679 1025 2724 et
1057 2670 1230 2724 Deum
1260 2677 1508 2723 nostrum
1537 2669 1818 2735 dividens;
1852 2685 1916 2725 ac
1948 2685 2042 2724 ve-

467 2771 530 2810 ro
570 2755 790 2825 quidem
843 2755 1140 2827 Filio,quae
1187 2758 1370 2813 divina
1399 2769 1549 2826 sunt,
1593 2759 1878 2826 tribuens;
1916 2775 2044 2830 pro-

467 2845 590 2915 prio
621 2854 804 2900 autem
842 2843 1082 2910 Christo,
1135 2863 1257 2916 qua:
1293 2849 1570 2904 hominem
1603 2849 1798 2905 decent
1843 2859 1899 2904 et
1933 2849 2038 2904 hu-

468 2949 629 2988 mana
663 2943 811 2994 sunt,
839 2944 896 2990 et
923 2935 976 2988 in
1003 2935 1196 3005 primis
1231 2943 1411 2990 ortum
1442 2953 1508 2992 ex
1535 2938 1781 3008 Virgine.

2147 489 2450 560 ἐνεργήσας
2502 489 2603 558 τῆς
2656 487 2912 550 ἀσεϐείας
2961 487 3191 557 εὑρετής
3233 504 3292 540 τε
3341 486 3439 540 καὶ
3497 486 3750 554 πατήρς

2146 579 2258 644 Τάς
2295 579 2427 647 γοῦν
2486 578 2978 649 Παραλειτὼμένας
3025 577 3320 638 ὡσαύτως,
3351 575 3516 642 κακῷ
3563 576 3755 629 κακὸν

2147 669 2483 740 προστιθεὶς,
2534 666 2760 737 πρώτην
2806 683 2866 718 τε
2915 666 3012 718 καὶ
3057 664 3341 736 δευτέραν,
3378 665 3636 736 Ἐσδραν
3683 677 3746 714 τε

2147 762 2284 833 πρὸς
2311 763 2433 823 ταῖς
2457 759 2780 830 εἰρημέναις
2811 757 3089 823 ἐξέϐαλεν.

2215 853 2326 906 ῙΗ’.
2356 848 2482 921 Ἆρ’
2515 845 2608 902 οὖν
2653 851 2769 912 ταῖς
2803 849 2901 920 μὲν
2951 847 3126 910 θείαις
3160 848 3410 918 Γραφαῖς
3461 846 3740 916 ἐγχειρεῖ,

2147 943 2374 998 καὶτῶν
2416 941 2815 1012 λαμπροτέρων
2844 939 2987 994 κατὰ
3017 939 3111 992 τοῦ
3157 937 3483 1007 Πνεύματος
3528 941 3742 1004 ἀγωνι-

2147 1033 2370 1104 σμάτων
2397 1031 2458 1084 τὸ
2485 1033 2768 1102 εὐδόκιμον
2807 1031 3171 1101 ἀποφέρεται,
3199 1030 3308 1082 τῶν
3350 1029 3412 1080 δὲ
3456 1030 3738 1098 δευτέρων

2145 1127 2432 1197 ἀπέχεται,
2460 1125 2556 1178 καὶ
2587 1127 2912 1196 παραχωρεῖ
2935 1125 3116 1187 ἄλλοις
3149 1123 3249 1192 τῆς
3279 1123 3414 1188 γοῦν
3440 1124 3502 1174 ἐν
3518 1121 3737 1182 enim:

2147 1221 2324 1294 πάλης
2371 1219 2464 1270 καὶ
2527 1219 2718 1290 νίκηςς
2751 1215 3052 1286 Οὐμενοῦν.
3133 1216 3351 1286 Ἐπειδὴ
3425 1214 3585 1282 γὰρ,
3661 1214 3738 1275 ὡς

2145 1309 2303 1382 ᾤετο,
2328 1313 2356 1362 ὁ
2380 1310 2522 1363 κατὰ
2547 1309 2654 1362 τῶν
2685 1307 3060 1360 θεοπνεύστων
3092 1305 3238 1375 αὐτῷ
3259 1305 3504 1373 Γραφῶν
3545 1303 3738 1361 ἄεθλος

2146 1399 2490 1453 έκτετέλεστο
2517 1399 2612 1452 καὶ
2639 1398 2913 1466 διήνυστο,
2950 1395 3207 1465 δεύτερον
3234 1393 3456 1460 agam-5:;
3483 1391 3734 1452 δίαυλον,

2145 1490 2224 1560 τῷ
2256 1489 2455 1560 πρώτῳ
2493 1486 2932 1559 παρισούμενον’
2965 1487 3061 1540 καὶ
3090 1486 3176 1540 ἵνα
3215 1489 3326 1548 τοῖς
3377 1486 3530 1538 κατὰ
3569 1487 3732 1554 μέρος

2146 1582 2412 1652 ἐγχειρῶν
2451 1581 2525 1652 μὴ
2565 1580 2776 1651 κάμνῃ,
2805 1579 2942 1652 πρὸς
2969 1578 3068 1648 τὴν
3104 1577 3330 1648 πρώτην
3377 1580 3733 1648 στοιχείωσιν

2146 1673 2241 1725 τοῦ
2269 1670 2696 1743 Χριστιανισμοῦ
2743 1671 2977 1728 ἵσταται.
3003 1669 3100 1722 καὶ
3131 1669 3190 1721 τὸ
3218 1668 3472 1721 Θεοποιδν
3520 1665 3732 1734 σύμϐο-

2147 1763 2236 1816 λον
2263 1762 2371 1815 τῶν
2405 1760 2868 1829 ἀναγεννωμένων
2891 1761 3272 1830 διαγράφεται,
3304 1758 3409 1827 τὴν
3437 1759 3498 1809 ἐν
3524 1758 3733 1826 Nacti;

2147 1851 2292 1921 φημὶ
2328 1851 2534 1914 πίστιν,
2561 1851 2662 1902 οὐκ
2689 1849 3135 1920 ἀκρωτηριάζων
3175 1846 3310 1902 αὐτὸ
3361 1846 3552 1916 μόνον,
3597 1846 3730 1899 ἀλλᾶ

2147 1944 2326 1995 πᾶσαν
2356 1941 2452 1993 καὶ
2481 1941 2664 1994 τέλεον
2693 1939 3229 2009 ἀποσκευαζόμενος,
3260 1939 3358 1995 καὶ
3392 1938 3731 2008 παραδιδοὺς

2147 2031 2277 2098 παρ’
2308 2031 2521 2101 ἐκείνην
2544 2029 2757 2100 ἑτέραν,
2791 2029 2962 2100 μηδὲν
2991 2029 3358 2098 λογισάμενος
3391 2029 3531 2090 τοὺς
3577 2027 3730 2097 τηλι-

2145 2121 2370 2183 κούτους
2415 2123 2730 2192 φωστῆρας,
2771 2121 2894 2174 οὐδὲ
2941 2121 3140 2191 φρίξας
3180 2120 3320 2191 πρὸς
3346 2121 3408 2173 τὸ
3449 2121 3728 2190 τολμηρὸν

2143 2217 2242 2284 τῆς
2270 2212 2638 2285 ἐγχειρήσεως
2665 2228 2678 2242 °
2714 2213 2901 2282 ἕτερον
2946 2211 3172 2282 γὰρ,ὡς
3229 2211 3389 2282 ἔφην,
3445 2212 3728 2264 ἐκτίθεται

2138 2287 2404 2368 ἶτίστεως,
2437 2303 2636 2372 μᾶλλον
2660 2303 2716 2355 δὲ
2736 2302 3016 2367 ἀπιστίας,
3046 2299 3317 2371 σύμϐολον
3350 2301 3498 2370 μετά
3520 2303 3625 2370 τὴν
3651 2303 3728 2363 εἰς

2142 2393 2276 2445 Θεὸν
2306 2391 2528 2461 Πατέρα
2570 2391 2665 2444 καὶ
2709 2391 2802 2444 τὸν
2845 2390 3112 2461 μονογενῆ
3161 2389 3288 2442 Υἰδν
3334 2390 3430 2442 καὶ
3470 2388 3536 2440 τὸ
3575 2389 3728 2454 ἅγιον

2143 2483 2366 2552 Πνεῦμα
2397 2483 2600 2547 πίστιν,
2631 2481 2910 2536 πιστεύειν
2934 2481 3152 2552 γράψας
3183 2481 3278 2534 καὶ
3297 2481 3378 2543 είς
3405 2479 3504 2532 τὸν
3529 2480 3728 2549 Κύριον

2154 2571 2362 2644 Ἰησοῦν
2393 2573 2648 2644 Χριστὸν,
2679 2573 2946 2644 τέταρτον
2978 2573 3274 2642 πρόσωπον
3304 2573 3630 2640 ἐπεισάγων
3661 2573 3725 2640 τῇ

2142 2665 2270 2735 ἁγία
2301 2665 2491 2737 Τριάδι
2529 2665 2621 2718 καὶ
2665 2663 3032 2733 καταδιαιρῶν
3087 2665 3170 2726 είς
3199 2662 3293 2715 δύο
3331 2663 3614 2728 πρόσωπα
3662 2661 3727 2713 τὰ

2139 2756 2232 2810 τοῦ
2271 2755 2389 2818 ένδς
2420 2755 2660 2825 Χριστοῦ
2703 2754 2800 2807 καὶ
2829 2753 2966 2806 Θεοῦ
3006 2752 3164 2823 ήμῶν
3183 2767 3197 2782 ο
3229 2753 3324 2806 καὶ
3354 2753 3430 2822 τῷ
3451 2753 3555 2822 μὲν
3601 2753 3730 2820 ἀλη-

2140 2846 2272 2916 θινῷ
2319 2845 2434 2915 Υίῷ
2462 2847 2530 2900 τὰ
2554 2845 2671 2898 θεῖα
2698 2844 3025 2914 προσνέμων
3049 2843 3144 2896 καὶ
3171 2844 3271 2913 τὴν
3293 2843 3410 2897 ἀνω
3439 2845 3724 2912 γέννησιν,

2137 2935 2214 3008 τῷ
2229 2937 2285 2990 δὲ
2313 2937 2428 3007 ἰδίῳ
2449 2937 2673 3008 Χριστῷ
2696 2936 2764 2990 τὰ
2785 2934 3234 3006 ἀνθρωποπρεπῆ
3254 2935 3351 2988 καὶ
3379 2935 3725 3004 ἀνθρώπινα,

539 3021 680 3075 XIX.
733 3021 911 3077 Audet
960 3031 1016 3078 et
1059 3024 1204 3079 aliud
1239 3027 1440 3080 malum
1471 3041 1582 3080 non
1617 3027 1920 3081 secundum
1967 3025 2034 3080 ad

2148 3028 2230 3080 καὶ
2274 3027 2378 3098 πρό
2403 3044 2466 3094 γε
2495 3027 2686 3080 τούτου
2713 3027 2813 3097 τὴν
2840 3025 2904 3079 ὲκ
2927 3025 3203 3097 Παρθένου
3233 3025 3518 3094 γέννησιν.

467 3115 750 3184 superiora
792 3115 1005 3170 :aliam
1073 3117 1220 3171 enim
1272 3117 1488 3172 Missam
1550 3119 1789 3173 effutivit
1837 3127 2036 3188 praeter

469 3207 618 3261 illam
662 3222 782 3276 qua:
831 3223 860 3261 a
892 3207 1153 3262 Patrihus
1184 3208 1382 3262 tradita
1418 3217 1501 3264 est
1526 3209 1808 3271 Ecelesiis,
1862 3224 2042 3278 neque

465 3301 740 3354 reveritus
775 3299 920 3353 illam
950 3301 1318 3369 apostolorum
1346 3341 1360 3366 ,
1392 3315 1496 3355 nec
1534 3300 1680 3354 illam
1729 3301 1906 3371 magni
1941 3301 2040 3354 Ba-

467 3387 577 3441 silii
621 3388 676 3440 in
717 3387 910 3440 eodem
945 3385 1153 3456 Spiritu
1189 3389 1552 3458 conscriptam
1593 3407 1604 3441 :
1653 3389 1708 3442 in
1735 3405 1842 3458 qua
1882 3389 2041 3444 Missa

471 3476 846 3545 blasphemiis,
879 3493 989 3531 non
1013 3478 1420 3546 precationibus
1443 3479 1539 3550 τὴν
1560 3479 1813 3548 Τελετὴν,
1849 3480 1901 3534 id
1933 3489 2037 3543 est,

468 3567 786 3638 mysterium
812 3567 1194 3634 Eucharistiaa,
1220 3569 1462 3639 opplevit
1490 3588 1502 3622 :
1534 3587 1600 3624 an
1638 3579 1698 3624 ut
1725 3570 1866 3626 alius
1891 3569 2042 3624 Anti-

469 3659 710 3714 christus
727 3658 906 3714 adhuc
920 3669 1284 3729 exspectetur,
1302 3677 1399 3730 par
1419 3669 1524 3728 est,
1544 3662 1635 3732 qui
1661 3662 1748 3718 sici
1761 3663 2039 3717 Christum

470 3751 670 3810 oderit.
721 3759 776 3805 et
802 3766 924 3822 qua:
946 3751 1147 3806 Christi
1180 3761 1329 3814 sunt,
1384 3762 1594 3808 mutare
1624 3755 1872 3809 nitatur?
1919 3755 2040 3810 Non

469 3843 723 3915 equidem
755 3853 906 3914 puto.
947 3845 1108 3907 Satis,
1149 3845 1392 3915 inquam,
1427 3855 1511 3902 est
1543 3847 1652 3912 hic,
1685 3855 1745 3900 ut
1769 3847 1822 3900 in
1858 3846 2039 3902 omni-

469 3938 575 3992 bus
601 3936 720 3993 loco
753 3945 810 3992 et
844 3938 964 3993 vice
991 3938 1138 3993 illius
1163 3939 1251 3992 sit.

539 4217 660 4272 XX.
721 4217 862 4272 Audi
906 4225 1167 4302 prmterea
1219 4224 1276 4270 et
1322 4214 1427 4270 alia
1456 4216 1596 4284 ejus,
1655 4231 1775 4286 qua:
1833 4215 2038 4269 bonum

469 4316 588 4363 erat
643 4315 700 4362 et
731 4311 964 4363 maxime
995 4308 1298 4378 Optandum
1323 4309 1487 4362 etiam
1531 4323 1641 4362 non
1693 4305 1906 4360 audire.
1942 4306 2038 4362 Ju-

2223 3116 2324 3172 lO'.
2352 3117 2539 3188 Τολμᾷ
2570 3119 2663 3170 καὶ
2706 3116 2892 3186 ἕτερον
2945 3115 3114 3168 κακὸν
3161 3114 3272 3168 τῶν
3319 3113 3643 3184 είρημένων
3664 3114 3726 3167 οὐ

2146 3209 2420 3280 δεύτερον.
2473 3206 2782 3278 Ἀναφοράν
2835 3205 2943 3278 γὰρ
2989 3205 3262 3276 σχεδιάζει
3320 3206 3522 3273 ἑτέραν
3572 3205 3727 3276 παρά

2146 3302 2246 3371 τὴν
2266 3300 2538 3368 πατρόθεν
2559 3301 2677 3363 ταῖς
2693 3299 3040 3368 Ἐκκλησίαις
3069 3297 3552 3367 παραδεδομένην,
3587 3299 3727 3367 μήτε

2146 3391 2246 3461 τὴν
2276 3390 2383 3444 τῶν
2423 3389 2740 3442 ἀποστόλων
2775 3388 3064 3454 αἰδεσθεὶς,
3095 3389 3238 3457 μήτε
3277 3387 3334 3440 δὲ
3368 3387 3468 3458 τὴν
3503 3387 3600 3440 τοῦ
3633 3404 3731 3457 με-

2146 3472 2314 3548 γάλου
2343 3479 2628 3544 Βασιλείου
2667 3479 2726 3532 ὲν
2757 3477 2835 3546 τῷ
2857 3475 3009 3545 αὐτῷ
3053 3475 3333 3542 Πνεῦματι
3383 3475 3724 3544 συγγραςεῖ-

2149 3589 2276 3640 σαν,
2319 3572 2478 3640 λόγου
2539 3570 2682 3635 τινος
2737 3569 2938 3641 κρίνων
2995 3567 3191 3632 ἀξίαν·
3246 3567 3306 3618 ὲν
3448 3566 3728 3634 Ἀναφορᾷ

2149 3663 2504 3734 βλασφημιῶν
2539 3663 2620 3734 (οὐ
2643 3663 2752 3730 γὰρ
2778 3661 2976 3730 εὐχῶν)
3009 3658 3246 3728 Τελετὴν
3276 3659 3688 3727 ἀπεπλήρωσεν
3707 3674 3720 3688 ·

2147 3751 2236 3826 ἆρ’
2259 3750 2352 3808 οῦν
2404 3755 2488 3818 τίς
2539 3753 2727 3826 ἕτερος
2762 3753 3151 3822 Ἀντίχριστος,
3183 3751 3598 3822 προσδοκᾶσθαι
3643 3749 3724 3803 ἔτι

2146 3847 2297 3913 ἄξιος
2319 3847 2425 3918 εἴη,
2456 3845 2598 3900 οὕτω
2626 3846 2695 3898 τὰ
2717 3844 2809 3898 τοῦ
2835 3843 3080 3914 ’Χριστοῦ
3115 3843 3289 3912 μισῶν
3321 3859 3382 3895 τε
3414 3845 3511 3896 καὶ
3547 3859 3726 3910 παρα-

2147 3941 2316 3992 κινεῖν
2362 3923 2734 4008 πειρώμενοςς
2781 3934 2924 4002 Ἐγὼ
2967 3935 3068 4005 μὲν
3117 3935 3219 3988 οὐκ
3257 3931 3434 4005 οἶμαι.
3478 3934 3722 4004 Ἀπόχρη

2147 4028 2278 4100 γάρν
2310 4027 2472 4098 φημὶ,
2506 4027 2600 4080 καὶ
2634 4020 2888 4091 οῦτος,ὲν
2921 4025 3094 4080 ἅπασι
3115 4025 3207 4079 τδν
3235 4025 3447 4079 ἐκείνου
3471 4026 3724 4094 ἀποπλη.

2149 4119 2321 4193 ρῶσαι
2350 4119 2512 4172 τόπον
2538 4117 2634 4170 καὶ
2672 4118 2876 4188 τρόπον

2215 4207 2302 4263 ις’.
2329 4209 2527 4262 Ἀκουε
2549 4207 2606 4260 δὲ
2639 4206 2804 4262 αὐτοῦ
2833 4208 2931 4261 καὶ
2960 4207 3030 4260 τά
3053 4207 3240 4280 ἔτερα,
3274 4201 3353 4262 ὧν
3380 4209 3524 4278 μήτε
3551 4207 3720 4261 ἀκοῦ-

2149 4315 2240 4352 σαι
2271 4299 2435 4352 καλόν
2464 4315 2524 4350 τε
2562 4299 2656 4351 καὶ
2684 4297 3074 4352 εὐκταιότατον
3116 4294 3206 4369 ἦν.
3249 4299 3364 4368 Τὴν
3397 4299 3590 4369 κρίσιν
3624 4297 3718 4351 τοῦ

469 4398 674 4452 dicium
696 4397 790 4452 Dei
825 4399 880 4450 in
905 4398 1162 4452 omnibus
1197 4399 1400 4452 sanctis
1433 4397 1734 4466 Scripturis
1761 4396 1906 4450 clara
1935 4410 2035 4448 vo-

2148 4389 2298 4455 Θεοῦ,
2333 4388 2432 4460 τὴν
2487 4389 2546 4442 έν
2603 4389 2808 4452 πάσαις
2858 4391 2978 4452 ταῖς
3045 4390 3232 4458 ἁγίαις
3283 4389 3718 4460 διαϐεϐοημένην

469 4503 532 4543 ce
561 4487 966 4552 denuntiatum,
1006 4488 1152 4557 quod
1183 4503 1284 4542 nec
1317 4488 1384 4542 iis
1417 4489 1508 4558 qui
1539 4504 1568 4541 a
1599 4487 2038 4542 Christianorum

469 4578 735 4648 religione
765 4579 954 4647 procul
1001 4579 1222 4640 absunt,
1273 4579 1474 4633 mansit
1520 4579 1849 4642 inauditum,
1890 4577 2037 4648 quod

467 4675 554 4722 est
581 4667 982 4721 ﬁrmamentum
1031 4668 1313 4731 stantium,
1362 4676 1419 4722 et
1470 4669 1748 4740 lapsorum
1805 4668 2033 4732 erectio,

467 4767 523 4814 et
559 4757 904 4828 peccantium
950 4757 1244 4823 medicina,
1287 4766 1343 4813 et
1389 4757 1593 4812 diaboli
1645 4757 1844 4826 dignus
1869 4755 2032 4822 ﬁnis;

467 4848 616 4920 quod
644 4863 822 4918 neque
849 4848 1100 4904 diabolus
1121 4857 1178 4904 et
1203 4848 1476 4905 daemones
1505 4863 1704 4919 negare
1734 4851 1852 4907 ausi
1883 4857 2032 4912 sunt,

467 4957 592 4998 cum
619 4941 886 4997 Salvatori
911 4942 1170 4998 dixerunt
1202 4960 1215 4996 :
1248 4941 1386 5008 Quid
1408 4944 1554 4997 nobis
1586 4951 1635 4996 et
1669 4944 1921 5012 libi,Jesu
1940 4945 2044 5001 Fili

466 5031 806 5088 Deﬁvenisti
832 5043 956 5086 ante
988 5039 1191 5104 tempus
1224 5041 1468 5104 torquere
1502 5051 1596 5088 nos
1615 5035 1694 5100 ³⁶ς
1759 5036 1865 5091 hoc
1890 5036 2042 5106 judi-

469 5124 636 5188 cium,
671 5133 728 5180 et
752 5125 1080 5196 gehennam,
1109 5134 1167 5182 et
1200 5127 1473 5191 tenebras,
1505 5135 1562 5181 et
1583 5127 1875 5182 stridorem
1900 5129 2036 5182 den-

469 5216 628 5281 tium,
688 5225 746 5272 et
791 5217 898 5273 alia
939 5233 1278 5288 quacunque
1317 5217 1502 5288 impiis
1549 5225 1606 5272 et
1653 5218 2038 5288 peccatoribus

383 5369 388 5374 ,
470 5304 753 5376 Scriptura
777 5315 962 5362 sancta
996 5307 1257 5370 minatur,
1289 5305 1430 5362 ridet
1453 5306 1641 5370 miser,
1683 5321 1785 5360 nec
1811 5305 1926 5376 ipse
1949 5307 2040 5376 ju-

469 5387 674 5446 dicium
699 5401 1041 5462 exspectans.
1063 5403 1120 5448 et
1140 5393 1282 5461 aliis,
1300 5409 1370 5450 ne
1385 5401 1652 5460 metuant,
1673 5393 1873 5466 jubcns
1897 5409 2038 5464 quae,

541 5521 587 5556 ³⁸
609 5522 804 5580 Matth.
829 5541 944 5592 vm,
971 5525 1061 5582 29.

2143 4482 2405 4550 Γραφαῖς,
2435 4473 2505 4552 ἧς
2535 4478 2647 4532 οὐδ’
2674 4480 2724 4532 oi
2754 4480 2975 4550 μακρὰν
3008 4481 3110 4551 τῆς
3142 4481 3490 4550 Χριστιανῶν
3533 4481 3716 4534 θεοσο·

2143 4567 2270 4639 φίας
2313 4572 2674 4642 ἀπεριήχητοι
2710 4571 3112 4640 μεμενήκασιν,
3143 4572 3241 4644 τὴν
3275 4575 3448 4642 μόνην
3483 4573 3582 4626 καὶ
3613 4571 3716 4624 τῶν

2143 4661 2397 4715 ἑστώτων
2441 4663 2672 4732 ἵδρυσιν,
2705 4663 2800 4715 καλ⁵
2843 4661 2954 4715 τῶν
2977 4665 3353 4718 πεπτωκότων
3387 4664 3712 4733 ἀνόρθωσιν,

2139 4753 2249 4807 τῶν
2300 4771 2360 4806 τε
2391 4753 2800 4824 ἡμαρτηκότων
2848 4753 3166 4824 φάρμακον,
3202 4753 3422 4808 καὶτοῦ
3467 4754 3716 4808 διαϐόλου

2139 4847 2289 4912 ἀξιον
2341 4846 2515 4911 τέλος,
2550 4847 2620 4917 ἢν
2678 4847 2804 4901 οὐδὲ
2855 4849 2884 4902 ό
2939 4829 3188 4912 διάϐολος
3230 4849 3327 4901 καὶ
3362 4849 3414 4900 οἱ
3463 4848 3717 4917 δαίμονες

2135 4930 2480 5009 ἀρνήσασθαι
2538 4937 2860 5008 ὑπέμειναν,
2917 4939 3178 5007 λέγοντες
3231 4938 3310 5008 τῷ
3372 4938 3718 5010 Σωτῆρι-τί

2139 5029 2284 5098 ἡμῖν
2333 5029 2432 5083 καὶ
2478 5029 2598 5093 σο),
2619 5027 2826 5098 Ἰησοῦ
2859 5030 2956 5086 Υἱὲ
3003 5031 3113 5086 τοῦ
3165 5031 3314 5086 Θεοῦ
3339 5047 3359 5094 ;
3387 5027 3580 5101 ἦλθες
3607 5031 3717 5100 πρὸ

2137 5121 2346 5189 καιροῦ
2363 5122 2704 5186 βασανίσαι
2726 5122 2885 5191 ἡμᾶς
2902 5141 2916 5154 θ
2947 5125 3048 5193 τήν
3063 5141 3122 5177 τε
3141 5126 3364 5192 γέενναν
3385 5125 3486 5176 καὶ
3505 5123 3569 5176 τὸ
3596 5122 3718 5175 σκό-

2140 5229 2252 5275 τος,
2284 5213 2378 5266 καὶ
2403 5211 2494 5266 τὸν
2527 5213 2774 5284 βρυγμδν
2797 5215 2906 5268 τῶν
2938 5215 3192 5277 ὀδόντων,
3234 5213 3328 5268 καὶ
3350 5214 3418 5266 τά
3451 5214 3595 5268 ἀλλα
3623 5215 3718 5268 ὅσα

2137 5301 2427 5374 ήπείληται
2455 5307 2568 5368 τοῖς
2597 5303 2822 5358 ἀσεϐέσι
2854 5305 2952 5360 καὶ
2980 5305 3358 5377 ἁμαρτωλοῖς,
3393 5307 3533 5376 γελᾷ
3558 5307 3590 5359 ὁ
3609 5305 3718 5359 6st-

2137 5394 2288 5458 λαιος
2309 5410 2322 5423 ο
2359 5393 2473 5448 οὔτ’
2500 5396 2664 5462 αὐτὸς
2689 5396 2864 5470 αὐτὴν
2887 5397 3226 5470 προσδοκῶν,
3260 5398 3358 5454 καὶ
3383 5399 3500 5462 τοῖς
3530 5395 3716 5460 ἄλλοις
