3912 6298
185 304 322 374 i369

1141 315 1306 376 ADV.
1343 313 2054 376 INCORRUPTICOLAS
2090 315 2186 376 ET
2224 315 2542 378 NESTOR.

3298 313 3439 382 1370

179 423 608 500 ῑγκελευόμενος
661 425 738 498 μὴ
791 425 1020 480 δεδιέναι
1067 425 1252 499 φόϐον,
1313 426 1392 490 ώς
1438 425 1600 488 αὐτὸς
1649 427 1734 496 μὲι

1848 435 1912 484 ιιι
1945 429 2060 500 ipse
2091 437 2266 499 putat,
2307 429 2685 484 tantummodo
2737 427 2914 483 minas
2941 427 3282 485 liabentﬂa:
3319 436 3434 486 vae!

181 522 354 576 οἴεται
405 518 636 590 ἀπειλὴν
681 517 844 588 μόνον
895 517 1114 588 ἔχοντα.
1165 518 1254 583 Λῖ,
1293 519 1389 574 ai!
1429 521 1462 590 ἡ
1513 522 1679 590 πεῖρα
1711 513 1763 573 δ’

183 611 345 664 αὑτὸν
371 610 574 672 πείσει,
603 609 795 680 ἐπειδὴ
815 609 1012 680 ἀπειλὴ
1041 610 1115 680 μὴ
1139 610 1443 680 πεφόϐηκε,
1467 613 1562 664 καὶ
1586 611 1762 665 ταῦτα

181 707 366 776 γραφῇ
400 702 737 774 παραδοῦναι
767 703 796 754 ό
829 701 1032 772 ἀσεϐὴς
1063 703 1158 755 καὶ
1189 701 1362 764 ὅντως
1393 702 1595 770 ἄφοϐος
1618 743 1634 766 ,
1664 703 1760 756 καὶ

181 795 350 859 ὅντως
381 793 697 862 καταγελῶν
723 792 950 864 σεισμοῦ
976 795 1274 864 πυρφόρον,
1299 786 1362 846 οὗ
1391 794 1760 866 ἀντανῄρηται

181 887 322 940 κατά
343 887 434 940 τὸν
450 887 692 962 διάϐολον
705 886 1027 958 τάκρίματα
1039 887 1132 940 τοῦ
1149 887 1285 940 Θεοῦ
1304 887 1411 940 ἀπὸ
1435 887 1754 958 προσώπου.

251 1001 383 1056 KA'.
419 1001 522 1056 Διά
565 1001 738 1056 ταῦτά
785 1019 844 1056 σε
885 1003 1196 1068 ἀγαπῶσιν,
1226 997 1272 1058 ὧ
1297 1003 1518 1070 δείλαιε,
1555 1007 1604 1059 οἱ
1657 1006 1757 1074 τῆς

181 1093 350 1162 οὐτῆς
391 1094 476 1146 σοὶ
518 1095 772 1165 μερίδος·
803 1094 964 1164 τοῦτο
1017 1097 1202 1160 αὐτοῖς
1252 1097 1346 1149 τοῦ
1391 1097 1538 1151 θείου
1587 1099 1754 1166 φόϐου

177 1186 626 1258 ἀνταναιρετικὺν
647 1187 964 1257 φάρμακον,
985 1191 1185 1260 πικρὸν
1204 1190 1371 1254 ὅντως
1394 1193 1487 1244 καὶ
1504 1191 1756 1262 δακρύων

175 1279 327 1342 ἄξιον
379 1282 812 1352 συγκεκέρακας.
849 1281 1002 1352 Αὕτη
1055 1283 1086 1349 ἡ
1141 1283 1410 1351 Εὖνομίου
1463 1285 1752 1339 δυσσέϐεια

173 1371 244 1442 ἢν
279 1371 580 1438 ἐζήλωσας,
620 1374 746 1442 περὶ
775 1367 837 1428 οὗ
871 1375 936 1426 τὰ
983 1374 1256 1443 λεγόμενα
1291 1371 1357 1444 ἦν
1385 1375 1617 1438 ἄπιστα,
1647 1377 1752 1440 ἓως

179 1465 279 1532 (ὡς
310 1467 384 1536 μὴ
439 1466 662 1520 πώποτε
690 1467 888 1537 ὢφελε)
917 1473 1039 1532 ταῖς
1075 1473 1195 1532 σαῖς
1227 1469 1426 1539 βίϐλοις
1455 1470 1628 1523 ταῦτα
1663 1473 1749 1522 ὲν-

173 1557 345 1626 ετάγη
371 1575 382 1588 ·
405 1559 497 1612 καὶ
527 1560 618 1612 τὸν
649 1559 876 1614 εἰπόντα
908 1561 1176 1630 Εὐνόμιον
1208 1561 1407 1614 διδόναι
1433 1561 1598 1614 τόπον
1633 1563 1749 1622 τοῖς

172 1643 398 1710 πάθεσι,
461 1646 558 1698 καὶ
615 1647 688 1716 μὴ
747 1648 1007 1718 παρέχειν
1051 1649 1130 1720 τῷ
1197 1649 1276 1721 νῷ
1346 1649 1744 1720 πράγματα,ἡ

174 1734 242 1807 σὴ
267 1735 585 1792 διδασκαλία
617 1732 1072 1813 ὑπερηκόντισεν.
1457 1778 1484 1791 -

240 1853 370 1907 ΚΒ’.
408 1854 508 1918 Σὸς
564 1856 816 1927 μαθητὴς
871 1859 1204 1928 Βαρσουμᾶς
1263 1860 1322 1924 ὃς
1373 1862 1470 1932 τὴν
1521 1864 1747 1932 Περσῶν

169 1945 544 2018 ἐκδεδιῄτηκε,
576 1951 690 2012 τοῖς
723 1967 783 2002 τε
813 1950 1048 2020 δόγμασι
1078 1953 1177 2020 τῆς
1209 1953 1525 2024 ἀθεότητος,
1561 1957 1656 2008 καὶ
1679 1959 1742 2027 τῇ

167 2036 263 2090 τοῦ
309 2037 426 2108 βίου
455 2039 766 2110 ἀδιαφορία,
797 2041 1190 2110 νομοθετήσας,
1243 2043 1378 2110 μηδὲ
1411 2045 1518 2096 τῶν
1544 2047 1746 2116 ἱεραρ-

166 2129 456 2200 χουμένων
502 2128 648 2192 τινα,
682 2129 756 2200 μὴ
802 2131 885 2182 ὅτι
943 2129 1168 2194 λαῖκδν,
1203 2132 1504 2202 ἀπέχεσθαι
1557 2135 1747 2202 κοίτης

165 2219 410 2288 ἀθέσμου
443 2219 536 2272 καὶ
567 2217 929 2288 πολυγαμιῶν
956 2237 970 2249 ·
1004 2223 1102 2286 τὰς
1143 2223 1252 2294 γὰρ
1284 2223 1452 2293 μέθας
1485 2224 1582 2277 καὶ
1619 2227 1746 2291 τοὺς

166 2309 412 2381 κώμους,
447 2311 597 2383 δῶρα
625 2311 766 2368 εἶναι
797 2313 1151 2383 ὑπελάμϐανε
1181 2315 1339 2370 Θεοῦ.

231 2515 358 2570 Kl".
391 2516 504 2582 Τὰς
553 2517 654 2580 σάς
711 2518 1116 2586 μεταϐαλόντες
1171 2518 1474 2583 συντάξεις,
1505 2520 1586 2581 είς
1636 2518 1737 2590 τὴν

160 2607 448 2662 Χαλδαίων
474 2627 534 2662 τε
566 2611 660 2662 καὶ
703 2610 1008 2678 ’Λρμενίων
1037 2608 1112 2678 (p)
1142 2609 1326 2678 φωνὴν
1347 2613 1438 2660 καὶ
1459 2609 1735 2677 γλῶσσαν,

159 2699 210 2752 οἶ
253 2699 352 2766 τῆς
406 2699 574 2770 αὐτῆς
631 2701 715 2752 σοὶ
765 2699 1002 2770 φατρίας
1059 2701 1158 2768 τῆς
1197 2699 1409 2769 Ἀρείου
1461 2701 1734 2765 ἀσεϐείας,

159 2789 471 2860 ἀθεωτέραν
501 2793 614 2854 τοῖς
643 2791 820 2844 ἔθνεσι
865 2791 1104 2860 παραδεδ
1127 2792 1316 2844 ’κασιν
1355 2792 1569 2860 αἵρεσιν
1595 2809 1609 2823 ·
1642 2793 1738 2846 καὶ

159 2881 270 2950 γὰρ
325 2881 485 2935 τοῦτο
533 2881 774 2952 ζηλῶσαι
825 2881 1226 2936 ἐσπουδάκασιν
1273 2883 1324 2936 οἱ
1366 2882 1476 2934 τῶν
1522 2882 1734 2951 Ἀρείου

158 2972 386 3026 θιάσων·
413 2973 555 3043 πλὴν
574 2975 696 3028 ὅσον
725 2975 774 3026 οἱ
805 2973 903 3042 μὲν
927 2975 1054 3036 τοὺς
1076 2973 1364 3042 ἑσπερίους
1391 2973 1733 3044 βαρϐάρους,

155 3067 208 3118 οί
255 3066 313 3120 δὲ
369 3068 498 3130 τοὺς
545 3064 735 3137 ὲῴους,
778 3065 860 3128 εἰς
906 3065 1006 3136 τὴν
1043 3065 1178 3117 ἰδίαν
1204 3064 1438 3128 ἕκαστος
1475 3065 1734 3119 ἀσέϐειαν

157 3157 569 3230 προσηγάγετο.

227 3271 354 3325 ΚΔ¹⁹
391 3269 582 3341 Μικρά
623 3287 706 3324 σοι
735 3270 913 3324 ταῦτα
935 3286 948 3300 °
983 3269 1048 3323 ob
1083 3267 1139 3322 δέ
1185 3286 1277 3339 μοι
1309 3269 1594 3339 προστίθει
1638 3268 1734 3322 καὶ

152 3363 255 3435 τὴν
305 3362 698 3435 πεπλασμένην
730 3364 902 3432 Ἀδὰμ
949 3365 1286 3434 παράϐασιν,
1315 3365 1380 3436 ἣν
1436 3363 1540 3416 ὑπὸ
1595 3363 1732 3416 Θεοῦ

151 3453 334 3509 λαϐὼν
365 3455 588 3521 ἔπαθεν,
614 3457 700 3510 ἵνα
727 3457 954 3528 γένηται
989 3459 1194 3526 κόσμος
1225 3455 1372 3526 αὐτῷ
1395 3457 1732 3525 εὐπροφάσι-

155 3565 282 3601 στον
307 3546 484 3618 ἀρχὴν
513 3547 674 3618 ἔχων,
714 3549 814 3619 τὴν
843 3547 938 3602 τοῦ
969 3549 1044 3619 μὴ
1066 3549 1452 3619 ἡμαρτηκότος
1481 3549 1600 3618 μὲν,
1640 3566 1731 3602 σε-

153 3641 640 3712 συκοφαντημένου
684 3641 762 3706 δὲ,
821 3642 1180 3708 ἀδικωτάτην·
1198 3643 1292 3694 καὶ
1324 3641 1480 3712 δίκην
1513 3642 1606 3694 καὶ
1641 3641 1730 3707 ἐξ-

147 3736 328 3806 ορίαν.
355 3736 428 3790 Οὐ
446 3737 554 3806 γὰρ
567 3735 772 3804 ταύτης
789 3753 871 3788 σοι
891 3735 1077 3789 ἕνεκεν
1098 3736 1197 3804 τῆς
1217 3734 1326 3787 τῶν
1345 3734 1531 3788 κακῶν
1551 3734 1725 3805 ῥίζης,

149 3828 364 3898 καὶτῆς
383 3828 582 3896 λοιπῆς
603 3827 746 3882 κατά
772 3827 832 3880 τὸ
861 3827 990 3897 ἑξῆς
1013 3827 1122 3880 τῶν
1148 3826 1454 3898 ἀνθρώπιον
1471 3827 1727 3892 ἀσεϐείας

145 3921 242 3977 καὶ
293 3921 562 3992 πονηρίας
607 3923 636 3974 ό
691 3921 932 3992 Χριστὸς
982 3914 1140 3990 ἦλθε,
1191 3920 1253 3973 τδ
1309 3919 1724 3989 πεπλανημένον

142 4014 418 4086 πρόϐατον
455 4013 547 4067 τὸν
593 4013 788 4082 Ἀδὰμ,
817 4013 916 4081 τῆς
962 4013 1072 4066 τῶν
1131 4013 1324 4065 ἑκατὸν
1375 4011 1724 4066 ἀποσπασθὲν

141 4107 438 4178 συννομῆς,
457 4105 534 4168 ὡς
559 4105 722 4168 καλὸς
745 4104 919 4158 σῶσαι
947 4105 1044 4157 καὶ
1073 4103 1399 4174 ἐπιστρέψαι
1426 4103 1628 4174 ποιμήν
1649 4117 1666 4168 ;

210 4221 344 4273 KE'.
378 4217 645 4286 Πρόσθες,
681 4219 731 4270 εἰ
771 4216 972 4288 βούλει,
997 4216 1092 4270 καὶ
1141 4218 1264 4281 τοὺς
1304 4217 1382 4286 τῷ
1420 4217 1597 4288 σκότῳ
1641 4219 1739 4296 τῷ,

139 4309 222 4382 σῷ
285 4309 894 4380 συνδημιουργηθέντας
941 4309 1248 4376 ἀγγέλουςο
1285 4311 1345 4362 οὐ
1405 4309 1516 4380 γὰρ
1568 4309 1720 4375 ἀξιό-

137 4403 320 4478 χρεώς
366 4419 447 4456 σοι
488 4402 590 4471 τῆς
629 4401 811 4456 αὐτῶν
839 4401 1056 4468 φύσεως
1089 4399 1363 4473 ἐξηγητὴς
1393 4405 1420 4456 ὁ
1463 4403 1718 4472 ἱεροψάλ..

134 4516 241 4570 της
271 4497 407 4568 πρὸς
430 4497 522 4550 τὸν
551 4495 684 4549 Θεὸν
716 4497 775 4549 ἐν
796 4494 1068 4564 πνεύματι
1099 4497 1196 4566 τὴν
1219 4495 1389 4566 λύραν
1420 4496 1718 4568 ἀνακρουό-

139 4607 324 4662 μενος,
365 4591 428 4644 Ὅ
455 4584 642 4644 ποιῶν·
665 4591 810 4656 τοὺς
835 4588 1131 4658 ἀγγέλους
1155 4589 1344 4644 αὑτοῦ
1383 4591 1710 4658 πνεύματα,

135 4680 238 4734 καὶ
292 4680 432 4746 τοὺς
483 4679 876 4750 λειτουργοὺς
923 4680 1112 4734 αὑτοῦ
1146 4680 1338 4748 πυρός
1389 4683 1607 4750 φλόγα.
1640 4683 1712 4736 Τὸ

133 4771 246 4844 γάρ
275 4769 464 4826 ποιῶν
499 4770 594 4826 τοῦ
624 4771 923 4835 ἐνεστῶτος
977 4771 1172 4842 χρόνου
1225 4771 1284 4824 ὃν
1347 4775 1590 4842 σημεῖον,
1621 4773 1711 4826 τὸν

135 4861 556 4930 παρεληλυθότα
595 4861 860 4932 Γραφικῷ
910 4861 1160 4932 ἰδιώματι
1188 4861 1361 4932 δηλοῖ,
1393 4861 1468 4924 ώς
1497 4861 1703 4926 εὐθέως

131 4969 200 5022 γε
213 4952 439 5020 ἐπάγων
464 4952 730 5016 διδάσκει,
757 4956 790 5006 ὁ
811 4953 1102 5024 θεμελιῶν
1128 4953 1246 5020 τὴν
1269 4953 1408 5024 γῆν,
1431 4954 1710 5008 τουτέστιν

131 5048 164 5100 ὁ
192 5043 561 5115 θεμελιώσας·
592 5044 716 5100 οὔτε
775 5045 882 5116 μὴν
912 5049 967 5100 αἱ
1017 5046 1174 5100 ἄλλαι
1213 5063 1271 5099 σε
1321 5047 1431 5099 τῶν
1471 5045 1707 5116 Γραφῶν

129 5137 562 5206 ἀγγελοφάνειαι
589 5137 902 5190 καταιδοῦσι
923 5181 938 5205 ,
971 5138 1088 5207 φῶς
1120 5157 1180 5193 τε
1225 5141 1552 5210 φαινόμεναι
1575 5180 1591 5205 ,
1613 5137 1711 5193 καὶ

130 5228 423 5302 ἀστραπὰς
459 5228 906 5285 άποστίλϐουσαι.

205 5404 252 5439 ³⁷
279 5404 424 5460 Psal.
455 5419 568 5472 cm,
603 5407 657 5464 4.
733 5405 780 5440 ³⁸
811 5404 946 5461 ibid.
977 5406 1029 5461 5.

1874 520 1970 576 sed
1994 521 2248 576 suadebit
2273 520 2321 576 ei
2353 519 2715 589 experientia,
2738 521 2865 590 quia
2887 521 3066 576 minas
3094 535 3202 574 non
3232 521 3435 586 timuit,

1861 621 1917 666 et
1953 611 2071 668 haec
2099 611 2297 666 litteris
2335 611 2595 665 mandare
2635 627 2742 664 non
2775 621 2859 666 est
2886 613 3097 667 veritus
3125 612 3347 682 impius,
3382 621 3440 668 et

1860 718 1988 756 vere
2030 719 2058 755 a
2098 711 2248 756 metu
2279 715 2506 764 vacuus,
2554 709 2610 756 et
2641 715 2771 756 vere
2814 709 2973 756 terrae
3005 710 3210 755 motum
3243 702 3440 771 ignife-

1860 811 1982 850 rum
2015 796 2276 859 irridens,
2304 811 2334 849 a
2361 795 2520 866 cuias
2547 794 2686 850 facie
2716 795 2853 850 sicut
2884 795 2938 848 in
2968 795 3189 850 diabolo
3220 796 3436 852 sublata

1857 894 1988 941 sunt
2009 886 2218 958 judicia
2245 885 2360 942 Dei.

1927 1001 2068 1056 XXI.
2103 1003 2332 1072 Propter
2376 1001 2492 1057 haec
2535 1010 2588 1057 te
2639 1001 2871 1072 diligunt
2901 1000 3126 1065 ,miser,
3167 1001 3259 1070 qui
3304 1007 3434 1056 sunt

1857 1100 1965 1147 ture
1995 1102 2192 1147 sectae:
2222 1093 2326 1146 hoc
2354 1101 2409 1146 tu
2451 1092 2560 1146 illis
2603 1091 2957 1160 pharmacum
2988 1091 3056 1144 ad
3078 1091 3430 1145 eximendum

1859 1185 2109 1238 timorem
2136 1184 2232 1238 Dei
2258 1183 2561 1246 confecisti,
2591 1199 2722 1237 vere
2751 1197 2994 1237 amarum
3025 1193 3080 1236 et
3130 1183 3430 1253 lugendum

1855 1277 2234 1346 pharmacum.
2294 1276 2418 1330 Haec
2467 1277 2570 1330 fuit
2611 1277 2869 1330 Eunomii
2931 1277 3202 1346 impietas,
3265 1293 3429 1346 quam

1855 1368 2099 1423 imitatus
2135 1385 2214 1431 es,
2247 1368 2316 1422 de
2364 1384 2474 1438 quo
2511 1385 2632 1439 qua:
2673 1369 3022 1431 dicebantur,
3079 1369 3429 1424 incredibilia

1851 1471 2030 1524 erant,
2057 1465 2232 1518 donec
2266 1463 2496 1532 (utinam
2538 1464 2840 1533 nunquam)
2909 1463 3025 1518 haec
3057 1463 3110 1518 in
3137 1462 3292 1516 libris
3319 1462 3431 1517 tuis

1851 1557 2028 1626 posita
2064 1565 2211 1610 sunt.
2250 1557 2318 1610 Et
2358 1555 2708 1618 Eunomium,
2767 1553 2861 1623 qui
2891 1553 3244 1624 praecipiebat
3295 1551 3427 1608 dare

1850 1650 2028 1704 locum
2057 1649 2421 1720 passionibus,
2445 1656 2501 1703 et
2519 1663 2629 1702 non
2651 1647 2914 1702 exhibere
2931 1646 3210 1701 molestias
3232 1645 3424 1711 menti,

1775 1765 1818 1820 Β
1850 1741 2099 1797 doctrina
2131 1749 2224 1795 tua
2255 1740 2552 1810 superavit.

1919 1855 2084 1910 XXII.
2123 1855 2275 1908 Tuus
2305 1854 2608 1923 discipulus
2633 1853 2737 1906 fuit
2765 1853 3075 1910 Barsumas.
3114 1853 3207 1922 qui
3238 1853 3424 1908 Persi-

1847 1949 1971 2004 dem
2013 1963 2178 2016 prave
2203 1945 2528 2018 gubernavit
2575 1944 2922 2014 dogmatibus
2977 1943 3086 1998 tuis
3131 1943 3331 2012 impiis,
3366 1951 3424 1999 et

1847 2040 2060 2094 sublata
2084 2037 2392 2092 diﬂerentia
2415 2037 2466 2090 in
2490 2037 2602 2092 vita
2633 2035 2914 2106 degenda;
2947 2035 3044 2104 qui
3069 2035 3242 2104 legem
3273 2036 3418 2100 tulit,

1845 2135 1906 2181 ut
1930 2129 2113 2181 nullus
2139 2143 2204 2181 ex
2245 2127 2414 2189 clero,
2449 2141 2628 2194 neque
2665 2126 2857 2189 laicus,
2883 2125 3187 2179 abstineret
3218 2141 3246 2179 a
3277 2125 3421 2180 lecto

1843 2233 1953 2273 non
2004 2217 2264 2288 legitimo,
2325 2231 2504 2286 neque
2553 2231 2584 2269 a
2635 2214 2978 2285 polygamiis,
3009 2215 3060 2268 id
3104 2222 3208 2278 est,
3231 2215 3422 2271 multis

1843 2310 2146 2380 coniugiis;
2177 2309 2476 2363 ebrietates
2519 2308 2665 2361 enim
2719 2315 2776 2361 et
2817 2305 3242 2360 comessationes
3273 2305 3418 2362 dona

1843 2401 1939 2456 Dei
1964 2416 2084 2456 esse
2110 2399 2477 2455 existimabat.

1909 2513 2101 2568 XXlll.
2141 2513 2338 2566 Libros
2361 2521 2484 2567 tuos
2516 2495 2551 2565 ii
2582 2512 2674 2582 qui
2706 2520 2809 2566 tua:
2835 2525 2996 2567 secta-3
3025 2520 3172 2576 sunt,
3219 2513 3272 2566 in
3299 2528 3416 2567 ser-

1842 2621 2060 2660 monem
2094 2605 2450 2660 Chaldaicum
2501 2613 2556 2659 et
2584 2604 2935 2659 Armeuicum
2967 2612 3280 2668 verterunt;
3319 2603 3417 2674 qui

1840 2697 2090 2752 lueresim
2127 2695 2319 2751 haeresi
2345 2695 2544 2750 Ariana
2575 2695 2814 2764 pejorem
2866 2709 2928 2750 ac
2973 2694 3144 2763 magis
3193 2694 3416 2764 impiam

1839 2786 2096 2856 gentibus
2123 2784 2466 2839 tradiderunt
2521 2783 2803 2852 Siquidem
2828 2783 2932 2837 hoc
2956 2783 3157 2837 imitari
3190 2783 3416 2837 studue-

1838 2886 1968 2929 runt
2002 2875 2211 2939 Ariani,
2260 2875 2368 2928 nisi
2399 2873 2544 2943 quod
2577 2873 2633 2927 hi
2667 2873 2933 2927 barbaros
2956 2872 3289 2934 Occidentis,
3331 2871 3412 2925 illi

1837 2973 2028 3035 gentes
2055 2964 2316 3030 Orientis,
2364 2964 2584 3034 utrique
2616 2963 2684 3017 ad
2734 2978 2887 3018 suam
2939 2962 3275 3032 impietatem
3319 2961 3416 3015 ad-

1837 3057 2134 3111 duxerunt.

1904 3279 2094 3334 XXIV.
2144 3279 2316 3333 Parva
2356 3276 2492 3330 haec.
2539 3274 2623 3328 Tu
2669 3286 2800 3327 vero
2839 3270 2979 3325 adde
3025 3269 3182 3328 mihi,
3223 3265 3410 3321 ﬁctum

1834 3385 1954 3426 esse
1983 3378 2268 3438 peccatum
2291 3367 2440 3429 Adae,
2468 3364 2633 3434 idque
2655 3364 2768 3416 Deo
2791 3369 3034 3421 auctore,
3064 3367 3122 3412 ut
3138 3356 3409 3428 judicium

1805 3461 2238 3529 iniquissimum
2267 3459 2322 3512 in
2349 3457 2518 3512 Adam
2549 3456 2642 3526 qui
2689 3469 2800 3508 non
2849 3459 3150 3522 peccasset.
3185 3447 3278 3502 sed
3315 3463 3412 3518 per

1831 3553 2162 3610 calumniam
2207 3551 2496 3606 damnatus
2522 3548 2734 3610 fuisset,
2769 3544 3106 3600 etexsilium
3131 3541 3180 3596 ei
3219 3541 3411 3594 decre—

1831 3654 1970 3706 tum,
2021 3647 2172 3714 justa
2213 3651 2268 3697 et
2306 3639 2608 3711 probabilis
2653 3651 2817 3693 causa
2873 3631 3184 3688 redimendi
3242 3647 3408 3684 mun-

1828 3739 1958 3794 dum
1992 3737 2205 3792 fierent.
2236 3737 2316 3805 An
2338 3749 2447 3788 non
2467 3739 2691 3801 propter
2712 3729 2853 3782 hanc
2873 3727 3109 3779 radicem
3135 3724 3405 3776 malorum

1827 3843 1884 3890 et
1913 3833 2137 3901 reliquae
2173 3827 2433 3895 deinceps
2476 3819 2772 3892 impietatis
2817 3815 3102 3870 hominum
3149 3810 3406 3901 Christus

1825 3923 1996 3983 venit,
2033 3899 2095 3974 ut
2151 3917 2324 3973 Adam
2379 3929 2560 3973 ovem,
2612 3927 2641 3964 a
2689 3919 3014 3976 compascuo
3049 3909 3268 3956 centum
3301 3899 3404 3952 ab-

1823 4013 2082 4076 ductam,
2149 4018 2208 4064 et
2253 4008 2599 4076 aberrantem
2654 4009 2914 4069 tanquam
2975 3997 3155 4050 bonus
3215 4001 3404 4062 pastor

1821 4106 2056 4162 salvarct
2075 4103 2100 4158 ?

1892 4219 2059 4275 XXV.
2096 4217 2270 4278 Adde.
2303 4215 2347 4268 si
2380 4215 2483 4276 vis,
2533 4209 2754 4280 angelos
2796 4221 2906 4260 una
2951 4217 3074 4258 cum
3105 4199 3215 4254 tuis
3246 4206 3400 4253 tene-

1820 4314 1938 4369 bris
1973 4323 2224 4367 creatos:
2275 4322 2386 4362 non
2439 4305 2582 4360 enim
2633 4301 2735 4356 fuit
2765 4297 2910 4368 apud
2961 4305 3013 4350 te
3063 4293 3298 4348 idoneus
3343 4301 3401 4345 et

1821 4404 2148 4460 auctoritate
2186 4399 2386 4470 dignus
2429 4409 2586 4450 sacer
2616 4397 2902 4446 enarrator
2946 4392 3156 4440 naturae
3199 4394 3394 4436 eorum

1819 4495 2010 4560 David,
2040 4493 2133 4564 qui
2168 4493 2222 4546 in
2251 4491 2346 4546 Dei
2378 4487 2593 4542 laudem
2627 4483 2826 4538 fidibus
2855 4481 2908 4534 in
2931 4479 3127 4549 spiritu
3153 4477 3209 4530 in
3249 4473 3398 4529 Psal-

1821 4587 1926 4641 mis
1947 4598 2150 4640 eanens
2181 4598 2195 4636 :
2230 4580 2330 4646 Qui
2357 4580 2505 4651 facit,
2537 4575 2734 4646 inquit,
2765 4569 2976 4642 angelos
3005 4585 3128 4622 suos
3156 4567 3394 4638 spiritus,

1821 4690 1871 4735 et
1908 4680 2174 4735 ministros
2208 4692 2328 4732 suos
2357 4677 2634 4746 ﬂammam
2664 4669 2800 4740 ignis
2819 4667 2886 4720 ³⁷.
2932 4663 3088 4731 Quod
3113 4663 3260 4716 enim
3295 4659 3394 4726 ait,

1823 4771 1984 4843 facit,
2031 4768 2317 4842 prsescntis
2347 4765 2610 4836 temporis
2633 4770 2736 4825 est,
2770 4758 2914 4830 quod
2955 4755 3177 4827 propria
3214 4751 3396 4822 Scrip-

1817 4873 1954 4922 tura:
2003 4871 2204 4920 sancta:
2241 4858 2639 4917 consuetudine
2671 4853 3008 4924 prmteritum
3061 4857 3279 4916 tempus
3322 4845 3397 4900 si-

1815 4956 2056 5027 gniﬁcat,
2112 4963 2173 5008 ut
2212 4952 2474 5007 continuo
2510 4950 2692 5010 docet,
2741 4960 2866 5001 cum
2923 4937 3244 5011 subjungit:
3291 4937 3395 5002 Qui

1815 5049 2006 5120 fundat
2053 5057 2254 5101 terram
2271 5045 2336 5106 ³⁸,
2372 5043 2426 5098 id
2475 5051 2579 5105 est,
2615 5041 2712 5111 qui
2749 5037 2996 5094 fundavit
3041 5053 3054 5089 :
3102 5048 3281 5102 neque
3337 5041 3393 5088 te

1815 5143 2076 5200 movent,
2123 5149 2246 5188 cum
2297 5133 2431 5188 alias
2479 5131 2535 5186 in
2566 5128 2867 5200 Seripturis
2909 5124 3084 5196 angeli
3129 5132 3388 5192 tanquam

1815 5229 2020 5284 lumina
2051 5233 2443 5299 apparuerunt,
2472 5231 2528 5280 et
2557 5230 2620 5278 ut
2640 5223 2854 5293 fulgura
2885 5218 3174 5289 fulgentes.

211 5561 388 5644 (p)§_n
423 5527 710 5644 antiquum
743 5561 1140 5644 testimonium,
1147 5561 1441 5644 quomodo
1500 5561 1743 5620 Chaldaei
1780 5571 1836 5620 et
1895 5561 2140 5618 Armenii
2171 5559 2300 5618 facti
2331 5561 2541 5619 fuerint
2592 5561 2857 5629 hatretici,
2901 5561 3164 5620 nimirum
3203 5563 3278 5621 ob
3305 5565 3385 5626 li-

131 5629 275 5690 bros
294 5629 576 5690 Theodori
597 5641 653 5690 et
672 5633 1116 5706 praedicationem
1146 5629 1440 5688 Barsumae.
