3912 6298
2431 172 2440 179 .
2492 169 2524 180 ο-

486 292 617 359 1371
1753 278 2068 344 LEONTII
2101 270 2510 338 BYZANTINI

556 404 747 462 XXVI.
790 401 946 459 Adde
973 399 1400 457 Manichaeorum
1443 396 1703 453 tenebras
1733 391 2069 452 substantia-

2243 386 2387 454 κεῖ,
2425 381 2667 455 Πρόσθες
2690 378 2786 434 καὶ
2812 374 3225 448 τδοΜανιχαίων
3252 372 3551 438 οὐσιῶδες
3578 376 3826 441 σκότος,

486 499 571 556 les
630 496 834 567 primas
891 502 1016 548 ante
1078 492 1353 546 visibilem
1400 498 1757 557 creaturam,
1803 494 1899 541 aut
1958 499 2069 538 non

2203 478 2389 552 πρῶτόν
2425 493 2508 529 σοι
2538 474 2637 544 τῆς
2662 472 2868 543 ὁρατῆς
2902 470 3157 533 κτίσεως,
3189 466 3224 539 ἢ
3264 466 3593 538 ἀγενήτως
3668 484 3823 537 πιρ-

487 562 703 644 οι-ριιίοε
753 589 1022 640 minutam
1076 581 1490 639 subsistentiam
1535 579 1832 642 habuisse,
1891 582 1990 630 aut
2037 588 2072 627 a

2210 572 2437 642 ποστᾷν,
2466 569 2499 640 ἢ
2534 565 2691 637 παρὰ
2712 562 2850 619 Θεοῦ
2890 562 3211 633 γενόμενον.

488 678 603 732 Deo
632 676 804 730 factas
832 688 976 729 esse.

565 787 777 842 XXVII.
838 786 898 841 In
949 786 1045 840 illo
1073 792 1343 855 praeterea
1376 781 1704 851 insipienter
1746 775 2072 848 sapientiam

494 883 712 941 simula,
744 879 891 950 quod
918 878 999 934 ais
1022 877 1423 933 Antichristum
1454 873 1662 929 diaboli
1685 888 1795 926 non
1822 886 1943 927 esse
1971 886 2074 941 puo

495 972 785 1035 niendum,
818 970 926 1025 sed
954 967 1445 1037 corrumpendum.
1495 975 1553 1021 et
1582 965 1637 1019 in
1666 963 1899 1018 nihilum
1932 961 2076 1016 redi-

497 1073 683 1119 turum
709 1080 723 1128 ;
757 1071 816 1116 ut
838 1068 1023 1115 manet
1045 1059 1115 1114 ad
1139 1060 1349 1114 animas
1377 1059 1581 1113 bonum
1607 1070 1674 1110 ex
1701 1057 1869 1117 bono,
1900 1061 2079 1108 metus

494 1152 709 1209 scilicet
758 1150 875 1214 Dei,
923 1164 1085 1218 quem
1144 1147 1366 1202 aliunde
1413 1162 1525 1201 non
1561 1154 1724 1200 erant
1764 1144 2076 1198 habiturae:

498 1258 609 1299 non
640 1259 707 1298 ex
734 1242 963 1313 judicio,
993 1242 1097 1295 hoc
1122 1241 1267 1295 enim
1290 1239 1600 1303 sustulisti;
1652 1252 1761 1290 uon
1812 1251 1881 1290 ex
1909 1233 2082 1290 fclici-

503 1343 613 1390 tate
646 1334 909 1398 l'ruenda;
948 1348 1058 1386 non
1083 1347 1151 1386 ex
1187 1329 1426 1385 naturali
1456 1337 1512 1383 et
1544 1327 1830 1382 recondito
1857 1326 2080 1381 deside-

3680 257 3833 323 137!

2246 769 2377 827 KZ'.
2413 766 2726 823 Κάκεῐνοδὲ
2758 765 2979 836 ἀσόφως
3011 763 3261 834 σοφίζου,
3311 762 3416 816 τὸν
3467 760 3580 814 τοῦ
3624 761 3817 815 διαϐό-

2175 866 2267 919 λου
2306 861 2676 932 ’Δντίχριστον
2706 860 2780 929 μὴ
2814 856 3254 929 κολασθήσεσθαι
3297 855 3528 922 λέγων,
3590 855 3812 922 φθαρή-

2178 953 2367 1007 σεσθαι
2397 952 2452 1003 δὲ
2484 950 2578 1003 καὶ
2602 950 2683 1011 είς
2711 948 2772 1007 τὸ
2803 947 2881 1017 μὴ
2908 945 2970 999 δν
2989 943 3446 1014 ἀναλυθήσεσθαι
3487 960 3505 975 -
3550 943 3647 996 ἵνα
3686 944 3807 1011 ξλὲς

2179 1045 2343 1099 καλὸν
2376 1046 2440 1096 ἐκ
2491 1038 2661 1095 καλοῦ
2699 1042 2821 1103 ταῖς
2860 1021 3083 1109 ψυχαῖς,
3135 1039 3165 1090 6
3225 1036 3403 1106 φόϐος
3472 1034 3588 1088 τοῦ
3650 1034 3805 1096 Θεοῦ,

2180 1137 2237 1190 ὃν
2267 1135 2369 1190 ούκ
2407 1132 2634 1189 ἄλλοθεν
2666 1130 2894 1202 ἔμελλον
2944 1129 3090 1199 ἔχειν
3118 1144 3134 1158 ’
3189 1129 3227 1199 ἡ
3279 1127 3400 1197 γὰρ
3474 1125 3686 1197 κρίσις
3736 1142 3803 1177 τοι

2181 1225 2470 1298 ἀνῄρηται,
2500 1224 2599 1276 ούκ
2628 1223 2693 1274 ἐκ
2717 1220 2818 1290 τῆς
2840 1219 2950 1272 τῶν
2976 1215 3201 1286 ἀγαθῶν
3240 1214 3667 1278 ἀπολαύσεως.
3704 1212 3802 1266 ei;

2183 1320 2249 1371 ὲκ
2300 1316 2396 1371 τοῦ
2444 1313 2677 1387 φυσικοῦ
2726 1314 2821 1367 καὶ
2862 1311 3107 1384 ἀρρήτου
3158 1311 3297 1382 πρὸς
3321 1309 3475 1363 Θεὸν
3514 1308 3719 1371 πόθου,
3748 1308 3802 1357 ἐι

502 1428 586 1481 rio
615 1441 743 1496 erga
771 1427 977 1491 Deum;
1013 1423 1112 1478 sed
1148 1438 1217 1477 ex
1259 1422 1376 1477 solo
1404 1419 1728 1475 Antichristi
1760 1419 1815 1473 in
1846 1418 2080 1473 nihilum

2203 1409 2241 1461 ῑὲ
2273 1407 2445 1479 μόνης
2500 1406 2605 1477 τῆς
2634 1404 2733 1459 τοῦ
2786 1403 3168 1475 ’Δντιχρίστου
3200 1399 3538 1465 παντελοῦς
3573 1400 3800 1471 eboris.

503 1515 757 1571 interitu.

572 1650 812 1705 XXVIII.
873 1650 951 1705 Da
980 1648 1198 1714 deinde,
1253 1662 1365 1702 non
1398 1645 1670 1717 quidquid
1714 1655 1820 1710 est,
1867 1660 1988 1701 esse
2016 1660 2085 1699 ex

2185 1502 2282 1555 xui.
2311 1504 2392 1565 είς
2423 1500 2486 1554 τὸ
2517 1501 2591 1573 μὴ
2614 1500 2675 1553 ὃν
2693 1497 3032 1562 ἀναλύσεώ.

2258 1638 2398 1691 κη’.
2459 1637 2616 1691 Δίδου
2671 1636 2732 1689 δὲ
2801 1635 2900 1689 καὶ
2954 1636 3056 1705 τῆς
3110 1621 3501 1705 δημιουργίας
3557 1632 3657 1685 καὶ
3710 1632 3796 1698 τῆς

504 1742 599 1796 Dei
656 1741 934 1797 creatione
971 1749 1027 1795 et
1061 1739 1428 1810 providentia,
1487 1739 1582 1795 sed
1634 1739 1806 1792 multa
1866 1735 2084 1790 inutilia

2203 1730 2466 1803 προνοίας,
2493 1730 2593 1800 ούχ
2620 1729 2746 1782 ὅσον
2778 1727 2930 1783 ἐστὶν
2975 1723 3117 1780 εἶναι
3159 1726 3227 1779 ἑκ
3278 1723 3459 1789 Θεοῦ,
3528 1723 3712 1777 πολλὰ
3748 1722 3794 1774 ἂ

503 1835 733 1890 suborta
766 1849 887 1889 esse
935 1849 1002 1888 ex
1033 1832 1305 1888 accidenti
1353 1840 1411 1888 et
1451 1830 1843 1888 consecutione
1875 1843 2082 1893 rerum,

504 1938 615 1979 non
649 1923 789 1978 facta
841 1924 950 1976 Deo
989 1922 1227 1987 volente,
1270 1921 1367 1977 sed
1398 1937 1465 1976 cx
1490 1931 1686 1976 natura
1710 1934 1917 1984 rerum,
1973 1919 2086 1973 Deo

506 2028 616 2068 non
646 2013 974 2083 prohibente
1003 2029 1019 2065 :
1053 2014 1250 2068 lateret
1284 2027 1386 2067 nos
1411 2012 1596 2081 lapsus
1619 2009 1902 2081 temporis,
1931 2009 1975 2064 si
2001 2016 2087 2062 to-

506 2116 617 2162 tam
652 2106 982 2161 vindemiam
1014 2106 1070 2160 in
1126 2114 1219 2160 tua
1266 2103 1430 2159 vinea
1487 2103 1852 2159 Sodomorum
1907 2102 2088 2157 facere

506 2198 851 2268 propositum
889 2206 1055 2251 esset.
1110 2196 1192 2251 Tu
1243 2212 1378 2251 vero
1428 2211 1540 2250 non
1570 2194 1892 2264 defatigaris
1934 2193 2088 2247 volu-

505 2298 714 2358 ptatem
759 2304 827 2343 ex
859 2288 968 2343 tuis
1021 2288 1399 2357 impietatibus
1450 2287 1693 2357 capiens.
1727 2286 1773 2343 Ο
1811 2284 2089 2356 ingenium

508 2380 778 2434 malorum
820 2379 1217 2434 feracissimum
1269 2388 1325 2433 et
1360 2378 1740 2433 uberrimum!
1782 2377 1954 2432 Deum
1988 2392 2091 2445 pu-

510 2478 594 2525 tas
626 2486 736 2524 non
787 2486 909 2525 esse
956 2470 1160 2525 bonum
1208 2470 1486 2532 οὐσιῶδες,
1535 2468 1590 2522 id
1649 2477 1735 2523 est
1784 2466 2092 2524 secundum

509 2561 908 2625 substantiam;
943 2575 1046 2615 nec
1069 2576 1191 2615 esse
1222 2560 1400 2629 ipsum
1429 2559 1635 2614 fontem
1669 2566 1725 2613 et
1759 2558 2090 2628 principium

509 2651 693 2705 omnis
735 2651 864 2706 boni
908 2652 1195 2720 omnisque
1244 2650 1486 2712 virtutis,
1520 2650 1816 2725 omniaque
1851 2649 1992 2704 bona
2025 2664 2092 2703 ex

512 2741 633 2810 ipso
671 2740 1111 2796 subslautialiter
1141 2757 1386 2797 manare.
1417 2741 1516 2796 Dic
1538 2741 1718 2806 nobis,
1762 2740 1908 2795 unde
1939 2756 2096 2795 acce-

513 2822 592 2888 pit
627 2820 872 2874 bonum?
903 2822 1021 2889 Ipse
1046 2821 1192 2875 enim
1221 2838 1330 2877 non
1356 2833 1461 2893 est,
1491 2825 1747 2896 opinione
1770 2836 1883 2893 tua,
1907 2844 2004 2897 per
2037 2846 2099 2888 se

511 2913 836 2965 hominum
876 2928 997 2981 qum
1046 2913 1206 2984 hujus
1251 2916 1375 2970 boui
1424 2918 1598 2988 origo,
1647 2930 1697 2976 et
1727 2921 2097 2993 principium?

511 3010 682 3072 Nihil,
719 3019 814 3067 aut
844 3028 1038 3084 parum
1078 3014 1208 3070 abes
1236 3031 1265 3070 a
1296 3015 1769 3087 magniloquentia
1804 3014 2096 3071 Marcionis

511 3108 569 3156 ct
593 3102 994 3174 principiorum
1025 3106 1166 3177 ejus.

584 3320 779 3376 XXIX.
808 3320 1034 3376 Accedit
1058 3322 1171 3391 jam
1197 3330 1383 3375 nostra
1405 3322 1584 3377 oratio
1625 3321 1693 3377 ad
1738 3322 1916 3391 ipsum
1941 3336 2095 3376 sum-

514 3430 664 3469 mum
693 3414 971 3483 fastigium
1004 3422 1221 3467 tuarum
1257 3412 1620 3483 impietatum.
1676 3414 1831 3470 Unde
1866 3414 1965 3468 tibi
2010 3413 2095 3469 ef—

413 3567 435 3581 \
514 3506 692 3560 fectus
721 3514 807 3560 est
828 3504 995 3560 homo
1036 3505 1111 3560 ad.
1149 3505 1435 3560 Trinitatis
1482 3506 1867 3576 aequationem,
1917 3517 1978 3562 ut
2025 3505 2098 3561 sit

516 3594 682 3664 hujus
701 3595 1004 3649 animatum
1032 3596 1260 3656 idolum.
1292 3598 1420 3652 vitae
1449 3596 1676 3653 inﬁnita:
1701 3598 1944 3653 omnium
1975 3613 2098 3669 qua:

515 3695 665 3751 sunt,
681 3687 1053 3758 adaequatum.
1074 3689 1221 3760 quod
1254 3690 1583 3757 exhibes,ut
1609 3706 1711 3761 pro
1730 3690 1997 3746 Trinitate
2027 3691 2096 3747 ab

514 3780 665 3834 omni
718 3791 973 3836 creatura
1025 3782 1229 3837 visibili
1282 3793 1475 3838 etnon
1503 3783 1710 3838 visibili
1760 3799 1909 3838 nunc
1938 3794 1997 3839 et
2039 3786 2095 3840 in

514 3880 799 3942 posterum
843 3874 1101 3929 colatur?
1160 3874 1351 3944 Neque
1407 3876 1495 3930 lex
1547 3875 1748 3947 Moysis
1775 3876 1871 3931 tibi
1925 3876 2099 3931 suasit

496 3979 640 4024 .cum
676 3965 841 4034 jussit
891 3965 1185 4020 Dominum
1236 3967 1406 4021 Deum
1450 3967 1632 4021 colere
1677 3976 1735 4022 et
1762 3967 1814 4021 ei
1848 3966 1947 4021 soli
1984 3982 2098 4021 ser-

517 4055 679 4118 vire?
704 4056 894 4127 Neque
925 4057 1194 4123 Salvator,
1222 4056 1316 4127 qui
1349 4057 1455 4112 hoc
1482 4058 1715 4113 tentanti
1747 4059 1992 4130 ohjecit?

588 4275 758 4331 XXX.
808 4276 890 4333 Tu
927 4293 1079 4340 vero.
1133 4282 1196 4333 ut
1222 4278 1356 4343 dixi,
1391 4277 1552 4350 ﬁngis
1583 4258 1829 4334 creatum
1879 4295 2000 4335 esse
2030 4280 2100 4336 ab

519 4368 639 4438 ipsa
667 4368 937 4423 Trinitate
967 4371 1199 4424 alterum
1233 4371 1536 4424 animatum
1581 4371 1786 4425 idolum
1816 4370 2098 4426 Christum

519 4470 675 4515 tuum
704 4478 717 4513 :
757 4461 931 4530 ipsam
953 4461 1281 4516 Trinitatem
1304 4462 1681 4527 calumniaris,
1714 4464 1872 4533 quasi
1904 4463 2099 4518 domat
2134 4440 2172 4494 θ

520 4552 705 4606 colere
732 4562 1063 4608 creaturam.
1098 4552 1253 4618 Quod
1305 4553 1445 4607 nihil
1490 4554 1681 4609 dill'ert
1708 4571 1739 4610 a
1770 4565 1958 4611 vetere
2004 4570 2096 4610 er-

521 4656 671 4707 rore,
717 4658 828 4712 quo
885 4643 1048 4698 homo
1095 4660 1126 4698 a
1155 4644 1268 4698 Deo
1313 4645 1540 4708 excidit,
1592 4655 1650 4701 et
1693 4656 1961 4703 creatura:
1994 4662 2098 4718 pro

520 4734 784 4790 Creatore
817 4734 1064 4789 servivit.
1096 4735 1210 4791 Nisi
1232 4736 1541 4807 graviorem
1573 4736 1722 4792 hunc
1751 4752 1999 4793 errorem
2031 4739 2099 4793 il-

520 4827 576 4882 lo
602 4835 786 4881 vetere
831 4827 1066 4886 moliris.
1101 4828 1218 4881 Non
1248 4828 1397 4883 enim
1444 4827 1630 4893 doces,
1680 4837 1739 4883 ut
1784 4828 2102 4887 hominibus

522 4919 700 4973 solum
731 4918 836 4975 hoc
858 4918 1096 4984 eveniat,
1127 4919 1224 4975 sed
1261 4929 1385 4991 post
1407 4919 1732 4977 Trinitatem
1765 4921 1914 4976 omni
1948 4938 2104 4978 crea-

522 5024 663 5066 turae
710 5026 742 5066 a
791 5010 1059 5069 Trinitate
1098 5021 1317 5067 creatae.
1369 5012 1488 5067 Non
1535 5013 1684 5067 enim
1734 5013 1846 5068 Deo
1890 5012 2101 5067 homini

523 5102 669 5160 facto
698 5104 883 5170 doces,
918 5104 1014 5160 sed
1058 5104 1268 5160 homini
1296 5104 1664 5174 appellatione
1698 5105 1795 5160 Dei
1835 5105 2103 5159 honorato

524 5197 733 5251 cultum
768 5197 825 5252 in
856 5206 1124 5253 aeternum
1168 5196 1457 5253 adhibere.
1510 5195 1555 5252 0
1586 5204 1636 5251 te
1664 5212 1970 5267 praeconem
2006 5197 2105 5250 hoc.

525 5304 647 5343 rum
668 5289 938 5344 malorum
961 5289 1367 5359 evangeliorum
1391 5290 1405 5343 ι
1438 5288 1708 5344 Praedicas
1726 5275 1734 5281 ’
1753 5287 2103 5343 relerendum

525 5395 646 5436 esse
670 5380 878 5435 cultum
902 5380 971 5435 ad
999 5379 1280 5436 Christum
1337 5389 1514 5445 tuum,
1549 5379 1698 5450 quod
1747 5379 1978 5450 perinde
2021 5386 2107 5435 est

528 5479 591 5527 ut
617 5471 661 5527 si
687 5472 952 5543 praedices
987 5474 1195 5528 cultum
1224 5473 1319 5543 qui
1352 5472 1625 5527 referetur
1655 5472 1724 5527 ad
1755 5472 2103 5539 Trinitatem,

529 5559 889 5618 relerendum
903 5578 1025 5618 esse
1043 5562 1280 5632 exempli
1310 5577 1480 5618 causa
1504 5563 1579 5618 ad
1604 5578 1810 5634 regem.
1843 5562 2109 5618 Libenter

528 5655 713 5707 autem
754 5651 1123 5722 percontabor
1175 5660 1262 5717 tc,
1311 5651 1610 5721 quomodo,
1646 5660 1739 5706 aut
1777 5666 1940 5724 quem
1989 5651 2105 5723 ipse

2186 1818 2419 1874 καὶτῶν
2475 1818 2538 1871 οὐ
2585 1817 2879 1888 χρησίμων
2931 1813 3306 1886 παρεισῆχθαι
3362 1812 3796 1885 παρακολουθῇ·

2190 1927 2361 1981 ματα,
2402 1909 2496 1963 καὶ
2550 1906 3046 1978 παρασυμϐἀματα
3096 1904 3229 1958 δντα
3278 1903 3399 1956 τῶν
3465 1903 3791 1970 γεγονότι,

2187 2003 2289 2056 οὐκ
2331 2003 2395 2055 ὲκ
2439 1998 2576 2054 Θεοῦ
2623 1998 2681 2052 δὲ
2741 1997 3071 2068 βουλομένου
3114 1996 3411 2066 γινόμενα,
3443 1997 3524 2066 τῇ
3553 1995 3617 2048 δὲ
3644 1994 3792 2062 φύσει

2187 2093 2297 2146 τῶν
2328 2090 2674 2163 πραγμάτων
2702 2089 2950 2157 ἑπόμενα
2980 2088 3074 2140 καὶ
3104 2089 3179 2157 μὴ
3205 2085 3559 2157 κωλυόμενα
3584 2102 3601 2116 ’
3650 2084 3791 2137 λάθοι

2188 2184 2233 2238 δ’
2285 2184 2351 2238 ἂν
2400 2184 2549 2252 ἡμᾶς
2609 2180 2903 2252 παραρέων
2948 2181 2977 2233 6
3014 2178 3228 2250 χρόνος,
3260 2177 3362 2231 τὸν
3399 2177 3539 2231 καθ’
3566 2178 3669 2231 ἕνα
3697 2176 3791 2229 τῶν

2193 2277 2316 2331 σῶν
2364 2277 2464 2346 τῆς
2514 2274 2826 2345 Σοδομηνῆς
2879 2273 3126 2343 ἀμπέλου
3187 2272 3448 2343 βοτρύων
3506 2272 3789 2343 ἀπειρολε-

2190 2368 2511 2437 γουμένους.
2541 2367 2613 2420 Σὺ
2650 2366 2694 2417 δ’
2727 2366 2790 2419 ού
2845 2365 3075 2435 κάμνεις
3129 2366 3430 2434 ἐντρυφῶν
3484 2366 3619 2428 1:17.;
3674 2366 3789 2418 ἀσεο

2192 2458 2392 2522 εείαις,
2419 2451 2463 2510 ὦ
2495 2456 2605 2509 τῶν
2630 2454 2820 2509 κακῶν
2846 2456 3204 2526 ποριμωτάτη
3243 2458 3442 2523 φύσις,
3474 2457 3569 2509 ὅτι
3611 2456 3689 2525 μὴ
3711 2455 3789 2506 τὲτ

2192 2549 2324 2602 Θεὸν
2378 2547 2639 2611 οὐσιῶδες
2691 2542 2834 2600 εἶναι
2899 2545 3103 2613 ἀγαθὸν
3156 2546 3637 2618 ὑπολαμϐάνεις,
3691 2546 3787 2599 οὐδ’

2193 2636 2334 2695 εἶναι
2359 2640 2520 2694 αὐτὸν
2543 2639 2729 2709 πηγὴν
2763 2638 2861 2693 καὶ
2887 2638 3065 2709 ἀρχὴν
3097 2640 3303 2704 παντὸς
3353 2640 3542 2694 καλοῦ
3593 2657 3653 2693 τε
3707 2641 3787 2691 καὶ

2193 2736 2423 2804 ἀγαθοῦ,
2477 2733 2752 2797 ούσιωδῶς
2812 2734 2952 2788 αύτά
2979 2734 3349 2804 προνάουσαν.
3388 2735 3541 2789 Εἰπὲ
3564 2737 3624 2790 δὲ
3646 2736 3785 2804 ἡμῖν,

2195 2827 2360 2880 πόθεν
2389 2826 2539 2896 αὐτῷ
2598 2826 2931 2895 πεπόρισται
2985 2824 3049 2878 τὸ
3108 2824 3322 2890 καλόνς
3384 2827 3455 2879 ού
3518 2828 3636 2898 γάρ
3685 2827 3782 2877 ἐστι

2195 2919 2338 2975 κατά
2377 2920 2437 2973 σὲ
2468 2919 2601 2973 αὐτὸ
2629 2917 2795 2972 καλόν
2824 2933 2839 2949 ·
2872 2918 2967 2971 καλ⁵
2995 2917 3081 2981 τίς
3112 2918 3146 2988 ἡ
3186 2917 3391 2971 τούτου
3448 2921 3603 2992 ἀρχή
3636 2938 3653 2983 ;
3695 2921 3783 2972 Δύο

2195 3010 2285 3072 ,ὡς
2315 3008 2502 3079 δ’ἀρα
2536 3009 2599 3062 σὺ
2653 3006 2764 3061 τῶν
2820 3006 3082 3061 τοιούτων
3133 3007 3326 3060 κακῶν
3379 3008 3586 3072 πέλ-εις
3636 3009 3781 3079 ἀρχὴ.

2118 3108 2162 3166 c
2199 3101 2295 3169 τῆς
2329 3098 2858 3170 μεγαλορημοσύνης
2894 3097 3240 3171 Μαρκίωνος,
3284 3100 3386 3152 καὶ
3432 3101 3552 3154 τῶν
3610 3102 3781 3154 τούτω

2195 3193 2381 3264 ἀρχῶν
2405 3192 2562 3246 οὐδέν
2591 3208 2644 3245 τι
2674 3191 2706 3263 ἢ
2742 3191 2941 3262 μικρὸν
2973 3190 3245 3245 ἀποδέων.

2266 3322 2398 3378 ΚΘ’.
2435 3322 2602 3375 Ἥκει
2625 3320 2669 3375 δ’
2699 3320 2834 3392 ἡμῖν
2862 3321 2891 3373 6
2930 3320 3090 3389 λόγος
3146 3321 3234 3374 ἐπ’
3286 3322 3462 3378 αὐτὸν
3516 3324 3615 3377 τδν
3650 3326 3783 3378 κολε-

2196 3414 2348 3484 φῶνα
2386 3413 2499 3467 τῶν
2541 3414 2651 3467 σῶν
2695 3412 3085 3482 ἀσεϐημάτων.
3135 3412 3312 3467 Πόθεν
3360 3431 3458 3468 σοι
3485 3416 3781 3470 πέπλαστω

2195 3509 2223 3560 6
2261 3509 2341 3571 είς
2376 3506 2663 3573 ἀντίδειξιν
2695 3508 2795 3576 τῆς
2829 3506 3062 3578 Τριάδος
3114 3505 3421 3577 γενόμενος
3485 3508 3777 3578 ἄνθρωπος.

2198 3598 2265 3651 ἶν’
2358 3599 2565 3667 ταύτης
2600 3595 2847 3667 ἔμψυχον
2876 3596 3119 3661 εἴδωλον,
3146 3599 3213 3667 τῇ
3238 3598 3468 3670 ἀπείρῳ
3491 3600 3607 3653 τῶν
3630 3600 3780 3653 ὄντων

2198 3688 2310 3759 ζωῇ
2343 3689 2888 3760 παραμετροῦμενον,
2922 3688 2981 3741 δν
3027 3689 3151 3742 ἀντὶ
3180 3689 3283 3758 τῆς
3330 3691 3580 3760 Τριάδος
3628 3708 3781 3763 πίω·

2200 3782 2479 3837 κυνεῖσθαι
2532 3781 2713 3848 δίδως,
2764 3781 2869 3835 ὑπὸ
2892 3781 3077 3851 πάσης
3107 3782 3318 3851 ὁρατῆς
3345 3800 3412 3835 τε
3442 3786 3545 3837 καὶ
3564 3786 3781 3855 ἀοράτου

2199 3875 2431 3938 κτίσεως
2462 3872 2557 3927 νῦν
2582 3891 2642 3927 τε
2692 3875 2789 3927 καὶ
2838 3871 3113 3944 ῦστερονς
3158 3874 3286 3927 Οὐδ’
3344 3876 3378 3946 ἡ
3441 3875 3690 3939 Μωσέως
3732 3890 3780 3926 π

2200 3967 2468 4020 πέπεικεν
2519 3965 2833 4035 νομοθεσία,
2884 3967 3093 4036 Κύριον
3124 3967 3220 4020 τὸν
3261 3968 3403 4021 Θεὸν
3432 3970 3778 4039 προσκυνεῖν,

2199 4058 2293 4113 καὶ
2344 4056 2493 4128 αύτῷ
2549 4058 2696 4128 μόνῳ
2732 4057 3044 4128 λατρεύειν,
3103 4058 3631 4130 νομοθετήσαντοςς
3687 4059 3779 4113 οὐδ’

2200 4149 2359 4213 αὐτὸς
2385 4151 2413 4203 6
2442 4148 2634 4220 Σωτὴρ
2663 4147 2820 4201 τοῦτο
2849 4146 2927 4220 τῷ
2967 4148 3286 4220 πειράζοντι
3320 4153 3775 4223 προεαλλόμενοςς

2268 4282 2348 4336 A'.
2378 4282 2449 4335 Σὺ
2471 4281 2534 4344 δ’,
2565 4280 2641 4345 ὡς
2671 4280 2830 4351 ἔφην,
2874 4282 2967 4336 ὑπ’
2998 4282 3172 4353 αὐτῆς
3213 4288 3313 4353 τῆς
3342 4285 3587 4352 Tptiéo;
3614 4285 3772 4354 ἕτερὲν

2199 4389 2254 4426 τι
2306 4373 2551 4443 ἔμψυχον
2604 4374 2823 4427 εἴδωλον
2868 4375 2961 4427 τὸν
3007 4376 3247 4447 Χριστὸν
3284 4377 3771 4449 δεδημιουργῆσθιι

2202 4462 2436 4535 πλάττῃ,
2472 4464 3004 4537 κτισματολατρείαν
3066 4468 3237 4537 αὐτὴν
3289 4468 3581 4522 διδάσκειν
3640 4485 3771 4522 συκο-

2203 4554 2421 4623 φαντῶν
2457 4570 2470 4584 ·
2504 4556 2659 4609 οὐδὲν
2690 4557 2788 4609 ὅτι
2818 4559 2894 4629 μὴ
2917 4558 3019 4627 τῆς
3048 4559 3287 4623 παλαιᾶς
3322 4561 3559 4631 πλάνης,
3580 4561 3696 4614 καθ’
3721 4561 3772 4627 ἦν

2205 4645 2553 4716 ἔξολισθῆσαι
2603 4648 2699 4700 τοῦ
2750 4648 2889 4703 Θεοῦ
2950 4650 3151 4723 συνέϐη
3198 4651 3290 4704 τὸν
3347 4651 3667 4722 ἄνθρωπον,
3696 4650 3770 4703 ni.

2203 4734 2488 4789 δουλεῦσαι
2519 4739 2584 4806 τῇ
2612 4736 2790 4790 κτίσει
2812 4739 2965 4809 παρὰ
2993 4739 3085 4791 τὸν
3112 4740 3416 4794 Κτίσαντα.
3469 4743 3533 4794 Εἰ
3568 4746 3650 4811 μή
3696 4739 3771 4790 κει

2209 4827 2445 4899 μάλιστα
2494 4829 2885 4901 χαλεπωτέραν
2916 4832 3133 4900 ἐκείνης
3186 4832 3394 4904 ταύτην
3448 4832 3771 4888 κατασκευᾷ·

2207 4922 2360 4986 ζειςο
2397 4922 2458 4975 ού
2514 4922 2625 4989 γάρ
2678 4921 3005 4994 ἀνθρώπους
3084 4924 3219 4977 αὐτὸ
3279 4925 3447 4994 μόνον
3508 4925 3771 4980 πείσεσθαι

2206 5012 2503 5075 διδάσκεις,
2549 5012 2686 5066 ἀλλά
2739 5015 2921 5067 πᾶσαν
2964 5014 3065 5081 τὴν
3121 5015 3261 5083 μετά
3291 5016 3393 5085 τὴν
3444 5016 3663 5085 Τριὰὗα
3692 5013 3772 5067 ὑπὸ

2206 5105 2305 5175 τῆς
2334 5104 2564 5175 Τριάδος
2585 5106 2960 5175 γεγενημένην
2982 5106 3181 5158 κτίσιν.
3228 5107 3303 5159 Ού
3361 5107 3474 5177 γὰρ
3535 5108 3660 5177 Θεῷ
3698 5108 3773 5158 ἀκν-

2210 5194 2418 5265 θρὼπῳ
2459 5195 2762 5266 γενομένῳ,
2800 5195 2937 5248 ἀλλὰ
2971 5196 3246 5268 ἀνθρώπῳ
3274 5196 3412 5249 Θεοῦ
3446 5198 3773 5267 προσηγορξ

2208 5284 2560 5354 τετιμημένῳ
2595 5284 2675 5346 είς
2699 5283 2902 5348 αἰῶνας
2939 5284 3246 5354 λατρεύειν,
3277 5279 3322 5338 ὧ
3358 5286 3471 5338 τῶν
3510 5288 3696 5340 xxxii»:
3726 5288 3772 5335 τ)

2209 5376 2416 5430 τούτων
2438 5375 2786 5444 Εύαγγελίων
2810 5376 3006 5448 κήρυξ.
3045 5377 3403 5446 διαγγέλλεις.
3423 5380 3681 5448 ἀναφορᾷ
3699 5376 3773 5433 εἰς

2210 5469 2289 5529 εἰς
2311 5466 2403 5519 τδν
2427 5465 2663 5537 Χριστόν
2710 5483 2805 5519 σου
2840 5466 2949 5519 τῶν
2995 5466 3165 5518 ὅντων
3217 5466 3505 5538 λατρείας,
3559 5469 3635 5531 ὡς
3688 5464 3774 5519 ἀέδ

2210 5558 2419 5621 εἰκόνος
2441 5560 2525 5623 είς
2557 5558 2911 5629 ﬂectitur-7;;
2930 5557 3093 5613 αὐτοῦ
3114 5562 3287 5629 τιμῆς
3331 5561 3427 5613 ἰπὶ
3458 5562 3569 5631 τὴν
3595 5558 3775 5629 szii:

2210 5647 2577 5721 ἀναγομένης.
2613 5648 2814 5714 Ἡδέως
2847 5650 2891 5703 δ’
2935 5650 2999 5705 ἄν
3033 5665 3126 5703 σου
3175 5650 3457 5724 πυθοίμην
3521 5655 3683 5707 αὖτύν
3724 5645 3781 5715 δὴ
