3912 6298
116 330 276 402 I373
1109 340 1279 402 ADV.
1318 335 2030 401 INCOBRUPTICOLAS
2064 340 2161 402 ET
2198 340 2519 402 NESTOR.
3290 324 3422 391 1374

105 450 220 504 τὸν
276 442 567 523 Χριστόν,
622 448 743 515 πῶς
789 449 884 505 καὶ
921 449 1030 503 τίνι
1055 448 1237 520 λέγεις
1261 450 1594 521 προσκυνεῖν
1627 465 1642 515 ;
1678 448 1730 501 Ei

1845 447 2101 506 Christus
2142 460 2275 507 tuus
2318 447 2616 506 adorabit?
2658 446 2715 503 Si
2750 446 2897 503 enim
2933 459 2992 500 se
3029 443 3234 514 ipsum,
3264 443 3427 499 valde

116 541 236 610 μὲν
263 542 451 596 αὐτὸν
474 542 672 615 ἑαυτῷ,
704 542 1046 612 γελοιότατον
1073 559 1088 575 ο
1126 545 1174 597 εί
1202 543 1262 597 δὲ
1295 545 1363 616 τῇ
1406 542 1619 615 Τριάδι,
1649 542 1730 597 διὰ

1845 540 2131 598 ridiculum
2157 550 2283 609 est;
2320 543 2404 597 sin
2448 549 2634 597 autem
2665 538 3014 598 Trinitatem,
3051 551 3153 606 per
3182 534 3427 589 medium

117 632 310 701 μέσου
343 634 536 698 τινός⁶
562 636 624 689 οὐ
655 634 765 706 γὰρ
797 635 864 688 δι’
920 636 1116 690 ἑαυτοῦ
1170 638 1198 690 ό
1255 637 1439 702 αὐτὸς,
1469 639 1521 692 εί
1580 638 1730 709 μόνος

1845 631 2118 702 aliquem;
2173 647 2288 687 non
2323 632 2473 688 enim
2520 632 2666 686 idem
2697 644 2795 700 per
2823 644 2882 685 se
2910 628 3129 700 ipsum;
3186 626 3233 681 si
3275 624 3428 681 solus

110 723 240 775 τῶν
273 724 581 791 ἁπάντων,
603 726 767 780 τοῦτο
778 726 950 799 γέρας
976 727 1447 800 Ξχωνεὺρίσκεται
1468 731 1528 782 τὸ
1550 729 1730 799 μηδενῖ

1845 734 1905 775 ex
1937 720 2197 776 ornnibus
2238 721 2387 776 hunc
2415 721 2683 776 honorem
2726 719 2912 784 habet,
2950 715 3224 786 reperitur
3251 715 3427 768 nemia

111 811 442 883 λατρεύειν
469 834 481 848 ·
522 817 647 870 ἐπεὶ
684 818 761 887 μὴ
791 819 892 872 τὸν
916 819 1009 872 σὺν
1070 821 1300 892 μεσίτην
1351 822 1512 891 μόνος
1577 819 1730 884 αὐτὸς

1845 824 1966 865 nem
1996 811 2216 877 colere;
2247 812 2507 881 quoniam
2550 810 2668 880 ipse
2715 808 2866 864 solus
2894 821 3004 861 non
3034 804 3228 859 habuit
3267 812 3422 870 tuum

1841 901 2198 957 mediatorem
2235 920 2250 957 :
2290 911 2346 957 et
2379 902 2661 972 reperitur
2702 901 2884 970 aliqua
2917 895 3259 968 pmscriptio
3286 909 3423 949 con-o

1842 1000 1926 1048 ιη
1976 993 2188 1060 Deum,
2227 1009 2393 1064 quam
2444 1002 2505 1046 tu
2556 991 2780 1048 Christo
2826 989 3048 1051 tribuis,
3104 1000 3231 1041 eum
3290 998 3420 1039 eum

1840 1084 1979 1140 facis
2012 1086 2195 1141 solum
2244 1086 2541 1150 honorari,
2593 1093 2651 1139 et
2697 1099 2808 1139 non
2844 1083 3140 1143 honorare,
3194 1076 3289 1146 qui
3341 1076 3422 1131 sic

1840 1176 2154 1233 honoravit.

1911 1266 2104 1322 XXXI.
2135 1266 2307 1334 Quam
2345 1267 2533 1324 suavis
2569 1276 2624 1320 et
2659 1265 2841 1320 dulcis
2863 1264 2954 1319 es!
3003 1263 3332 1316 honoratum
3364 1266 3420 1314 et

1840 1358 2154 1427 speciosum
2182 1365 2388 1423 ortum,
2418 1366 2475 1413 et
2507 1356 2892 1412 educationem
2924 1353 3058 1409 huic
3087 1351 3298 1407 homini
3324 1367 3420 1420 ap-

1841 1449 2046 1518 plicas,
2084 1464 2141 1504 et
2188 1451 2353 1520 paulo
2387 1450 2503 1504 fere
2537 1446 2989 1504 excellentiorem
3020 1456 3145 1498 ortu
3177 1443 3422 1513 prophe-

1844 1540 1975 1594 lico.
2021 1541 2177 1608 Quod
2221 1542 2437 1596 scilicet
2482 1540 2724 1596 Verbum
2758 1539 2854 1593 Dei
2882 1534 3184 1591 secundum
3215 1548 3423 1604 praeco-

1840 1631 2142 1703 gnitionem
2174 1634 2233 1687 in
2269 1633 2386 1703 ipsa
2418 1630 2749 1685 formatione
2778 1644 2899 1699 qua:
2940 1627 2994 1681 in
3035 1634 3194 1681 utero
3233 1626 3418 1688 ﬁebat,

1844 1727 2104 1782 unionem
2150 1726 2201 1782 ei
2243 1724 2592 1781 cortnnodare
2643 1722 2839 1785 voluit,
2890 1732 3227 1791 cognoscens
3273 1732 3421 1771 nun-

1845 1835 2007 1891 quam
2045 1835 2074 1873 a
2105 1817 2397 1890 proposito
2417 1816 2564 1870 circa
2598 1814 2837 1868 virtutes
2869 1812 3243 1867 discessurum
3273 1821 3418 1865 esse.

1912 1909 2128 1965 XXXII.
2159 1908 2486 1979 Ignorantiae
2507 1906 2674 1962 etiam
2706 1904 2939 1974 caligine
2961 1918 3086 1957 eum
3120 1901 3254 1972 tegis
3279 1900 3419 1955 nihil

1842 2005 2109 2059 scientem
2159 2009 2524 2071 praeterquam
2571 1996 2717 2066 quod
2769 1995 2952 2051 Verbo
3006 1994 3055 2049 ei
3112 1993 3421 2048 secundum

1842 2096 2164 2165 dignitatem
2210 2092 2368 2147 unito
2416 2089 2725 2144 videbatur.
2784 2086 3073 2154 Quomodo
3112 2084 3418 2156 ignorantia

1841 2187 2121 2255 oppletum
2179 2179 2485 2238 introducis
2521 2193 2671 2240 eum,
2734 2185 2790 2231 et
2847 2191 2957 2230 non
3007 2174 3282 2245 peccato?
3337 2173 3425 2229 Ex

1842 2273 2149 2345 ignorantia
2190 2270 2340 2326 enim
2381 2279 2703 2339 peccatum,
2728 2266 2873 2320 sicut
2898 2281 2965 2321 ex
2989 2265 3139 2319 fonte
3190 2262 3413 2330 ﬂuvius,

1841 2374 2064 2421 manat:
2095 2370 2191 2417 aut
2235 2362 2470 2416 fortasse
2510 2358 2735 2414 docebis
2781 2356 3143 2428 ignorantiam
3167 2355 3216 2409 ei
3255 2368 3417 2424 opem

1842 2458 2053 2517 tulisse.
2083 2455 2211 2525 quia
2258 2461 2319 2507 ut
2348 2451 2675 2522 plurimum,
2718 2449 2939 2502 veniam
2963 2446 3088 2511 fert,
3144 2445 3288 2515 quod
3315 2459 3419 2513 per

1840 2547 2200 2621 ignorantiam
2238 2545 2297 2599 fit
2328 2552 2528 2614 prater
2556 2542 2847 2603 rationem,
2878 2540 2922 2594 si
2958 2554 3067 2593 non
3089 2538 3160 2593 sit
3191 2537 3415 2606 quidem

1839 2640 1996 2695 valde
2016 2653 2196 2709 grave.
2224 2636 2408 2705 Usque
2434 2634 2571 2690 adeo
2592 2646 2773 2688 autem
2806 2633 3084 2703 ignorasse
3105 2646 3232 2685 eum
3254 2628 3412 2697 dicis,

1839 2740 1921 2795 ut,
1953 2747 2086 2786 cum
2114 2738 2443 2792 tentaretur,
2497 2727 2742 2782 nesciret
2792 2727 2917 2796 quis
2951 2733 3099 2780 esset
3148 2724 3241 2795 qui
3286 2738 3414 2778 cum

1841 2825 2085 2880 tentabat
2112 2841 2127 2876 :
2163 2831 2219 2876 et
2241 2837 2272 2876 a
2306 2829 2533 2890 peccato
2559 2818 2699 2872 κατὰ
2726 2819 2986 2879 διάνοιαν,
3021 2817 3072 2870 id
3099 2825 3202 2879 est,
3234 2832 3262 2870 a
3295 2830 3416 2884 pec-

1838 2925 1965 2971 cato
2024 2911 2376 2983 cogitationis
2432 2911 2690 2964 concedis
2747 2924 2849 2963 nec
2903 2908 3081 2977 ipsum
3148 2907 3417 2960 mundum

1838 3006 2029 3066 fuisse,
2059 3004 2262 3058 nedum
2295 3011 2534 3063 sanctos,
2568 3014 2747 3068 neque
2803 2998 2980 3067 ipsum
3011 3005 3293 3065 peccatum
3325 3010 3419 3049 θος-

1838 3094 2120 3167 gitationis
2153 3100 2440 3161 peccatum
2476 3104 2595 3144 esse
2624 3095 2800 3157 putas.

1898 3185 2139 3242 XXXIII.
2179 3184 2296 3239 Non
2323 3183 2520 3237 horres
2545 3180 2749 3235 docens
2773 3177 3116 3232 molestiores
3137 3175 3303 3229 fuisse
3334 3173 3417 3232 illi

1829 3278 2114 3350 passiones
2156 3275 2351 3329 anima:
2399 3287 2561 3343 quam
2613 3269 2912 3340 corporis:
2964 3269 3045 3323 sic
3092 3267 3239 3321 enim
3290 3281 3414 3336 per-

1829 3370 2017 3439 spicue
2058 3367 2179 3434 ais;
2233 3374 2290 3422 et
2337 3364 2552 3423 ratione
2604 3360 2835 3417 fortiore
2895 3358 3207 3428 voluptates
3261 3356 3416 3412 subi~

1829 3461 2010 3532 gebat.
2214 3519 2218 3523 ,

1899 3550 2139 3607 XXXIV.
2178 3547 2451 3606 Concedis
2498 3561 2791 3618 progressu
2829 3544 3097 3600 virtutum
3151 3543 3413 3615 paulatim

1828 3651 2119 3713 purgatum
2166 3654 2309 3702 esse,
2360 3647 2418 3693 et
2469 3638 2741 3708 aptiorem
2798 3636 3006 3691 factum
3049 3634 3295 3704 quotidie
3345 3635 3417 3689 ad

1830 3730 2178 3802 suscipienda
2223 3729 2492 3784 divinitus
2535 3727 2699 3792 bona,
2749 3741 2869 3795 qua:
2895 3726 2955 3780 ei
2981 3734 3043 3779 ut
3067 3724 3279 3778 homini
3308 3725 3413 3778 ad-

1830 3824 2011 3878 futura
2040 3831 2220 3876 erant.
2700 3832 2705 3837 '

115 904 374 975 ἔσχηκε,
416 907 515 961 καὶ
549 908 634 973 τίς
673 909 799 962 ἀντὶ
838 909 975 964 Θεοῦ
1015 911 1161 981 ὄρος,
1192 913 1225 981 ἢ
1256 912 1315 965 όν
1336 914 1400 966 σὺ
1421 912 1498 983 τῷ
1521 909 1741 982 Χριστῷ

110 995 299 1059 δίδως
373 999 545 1068 μόνον
602 1000 765 1055 αὐτὸν
822 998 1156 1072 τιμώμενον,
1207 1002 1325 1057 ἀλλ’
1378 1003 1440 1057 οὐ
1491 1000 1742 1074 τιμῶντα

112 1087 389 1155 είσάγων
411 1090 503 1143 τὸν
529 1088 675 1144 οὕτω
702 1091 1016 1162 τιμήσαντα
1044 1111 1060 1163 ;

194 1268 342 1322 AA'.
396 1268 489 1332 Ὠς
534 1269 666 1339 ἡδύς
723 1287 809 1334 τις
837 1269 927 1325 ei!
966 1271 1172 1341 σεμνὴν
1225 1272 1336 1342 γὰρ
1380 1270 1478 1325 κοιλ⁵
1515 1273 1742 1327 ἀστείαν

114 1359 409 1427 γέννησιν
469 1377 531 1414 τε
582 1363 678 1414 καὶ
708 1363 1025 1432 ἀνατροφὴν
1055 1362 1234 1433 τούτῳ
1263 1364 1636 1432 προσπλέκεις
1664 1364 1742 1436 τῷ

114 1448 449 1521 ἀνθρώπῳ,
485 1452 580 1505 καὶ
613 1452 737 1506 ὅσον
767 1454 1142 1526 προφητικὴν,
1178 1456 1274 1509 καὶ
1310 1458 1508 1528 μικρὸν
1536 1459 1741 1530 ταύτην

116 1541 587 1611 ὑπεραίρουσαν.
657 1545 779 1597 Ὅτι
838 1545 895 1598 δὲ
935 1547 1092 1600 ’κατά
1155 1548 1471 1617 πρόγνωσιν
1528 1552 1556 1603 ὁ
1607 1549 1741 1615 Θεὸς

112 1632 336 1700 Λόγος,
367 1632 565 1704 γνώμῃ
595 1635 652 1686 ἐν
695 1635 835 1705 αὐτῇ
865 1635 966 1704 τῆς
1027 1637 1242 1708 μήτρας
1279 1637 1594 1701 διαπλάσει,
1642 1638 1742 1708 τὴν

114 1720 341 1777 ἕνωσιν
376 1721 534 1791 αὐτῷ
588 1724 1029 1794 προσκέχρηκεν,
1084 1726 1369 1792 γινώσκων
1419 1725 1586 1780 αὑτοῦ
1640 1726 1740 1796 τὴν

115 1814 265 1882 περὶ
290 1813 371 1866 τὰ
402 1813 544 1867 καλά
573 1815 833 1884 πρόθεσιν
861 1816 1199 1871 ἀδιάπτωτον
1224 1816 1466 1873 ἔσεσθαι.

196 1903 339 1958 AB'.
396 1904 647 1983 ξΑγνοίας
696 1921 759 1957 τε
793 1906 957 1959 αὑτὸν
1006 1907 1155 1977 ζόφῳ
1205 1907 1507 1972 καλύπτεις
1567 1909 1736 1981 μηδὲν

114 1994 546 2062 ἐπιστάμενον,
596 1995 679 2047 ὅτι
732 1994 807 2065 μὴ
858 1996 995 2066 ὅπερ
1051 1998 1227 2051 ἐδόκει
1268 1998 1355 2068 τῷ
1399 2000 1523 2054 κατ’
1581 2000 1736 2065 ἀξίαν

115 2084 288 2155 αὑτῷ
322 2084 594 2154 ἡνωμὲνῳ
616 2084 795 2153 Λόγῳ.
832 2086 954 2149 Πῶς
983 2085 1060 2152 δ’;
1092 2086 1316 2155 ἀγνοίας
1344 2088 1507 2141 αὐτὸν
1536 2090 1735 2143 ἀναπε.

116 2176 467 2244 πλησμὲνον
488 2176 744 2241 εἰσάγων,
778 2175 898 2245 οὐχὶ
927 2177 1019 2228 καὶ
1045 2177 1361 2246 ἀμαρτίας;
1400 2179 1491 2243 Ἐξ
1521 2183 1735 2250 ἐκείνης

115 2268 244 2339 γὰρ
284 2266 459 2335 αὕτη,
497 2265 571 2330 ὡς
622 2265 730 2318 ἀπὸ
788 2266 973 2334 πηγῆς
1019 2267 1263 2336 ποταμὸς
1319 2270 1656 2339 πῳχέεταιο
1699 2269 1735 2339 ἦ

113 2358 279 2427 τάχα
308 2357 419 2427 τὴν
462 2356 687 2422 ἄγνοιαν
721 2354 870 2424 αὐτῷ
926 2354 1144 2424 βοηθεῖν
1185 2356 1558 2425 δογματίσεις,
1612 2357 1735 2410 ἐπεὶ

115 2448 201 2513 ὡς
265 2447 347 2501 τὰ
393 2447 560 2499 πολλὰ
620 2446 957 2516 συγγνώμης
1008 2445 1257 2510 ἀξιοῦται
1295 2448 1358 2499 τὸ
1398 2447 1458 2512 ἐξ
1514 2449 1734 2514 ἀγνοίας

118 2538 291 2609 παρά
332 2537 496 2604 λόγον
524 2536 926 2607 πραττόμενον,
961 2535 1137 2606 ἄνπερ
1205 2537 1279 2607 μὴ
1311 2537 1430 2589 λίαν
1549 2554 1734 2607 φορτι-

117 2629 248 2687 κόν.
326 2629 576 2695 ’Δγνοείν
623 2627 668 2680 δ’
720 2626 882 2682 αὑτὸν
940 2625 1120 2693 λέγεις
1167 2626 1446 2691 τοσοῦτον,
1501 2628 1583 2681 ὅτι
1639 2629 1735 2681 καὶ

121 2718 548 2789 πειραζόμενος
578 2717 678 2771 οὐκ
706 2717 1007 2782 ἐγίνωσκεν
1038 2716 1186 2778 ὅστις
1243 2717 1327 2787 είη
1367 2716 1397 2767 ὁ
1455 2715 1733 2788 πειράζων

120 2811 300 2870 αὐτόν
335 2826 350 2840 ⁸
396 2811 488 2862 καὶ
517 2808 615 2876 τῆς
639 2810 782 2861 κατά
802 2809 1040 2863 διάνοιαν
1072 2808 1347 2878 ἁμαρτίας
1402 2808 1511 2862 οὐδ’
1567 2810 1733 2864 αὐτὸν

121 2902 376 2973 Κύριον,
414 2901 487 2970 μὴ
515 2903 596 2953 ὅτι
627 2901 755 2963 τοὺς
782 2900 969 2967 ἁγίους
997 2901 1327 2973 καθαρεύειν
1354 2906 1728 2975 παραχωρεῖς,

120 2992 243 3043 οὐδ’
282 2991 570 3060 ἁμαρτίαν
598 2989 767 3060 αὐτὴν
797 2991 1046 3061 οἰόμενος
1075 2986 1237 3047 εἶναι.

202 3170 340 3224 Al".
382 3166 691 3237 Ὀχλεϊσθαί
723 3184 784 3220 τε
812 3166 976 3221 αὐτὸν
1006 3166 1169 3221 πλόον
1211 3170 1275 3221 ὲκ
1326 3167 1434 3221 τῶν
1482 3168 1727 3240 ψυχικῶν

127 3263 334 3318 παθῶν
374 3262 408 3332 ἢ
443 3261 551 3314 τῶν
582 3259 911 3328 σωματικῶν
955 3259 1307 3327 δογματίζειν
1365 3260 1425 3312 οὐ
1466 3262 1727 3330 φρίττεις,

129 3355 337 3426 σαφῶς
374 3353 578 3406 οὑτωσὶ
606 3351 907 3419 λέγων’καὶ
935 3350 1014 3421 τῷ
1046 3350 1320 3421 κρείττονι
1348 3350 1596 3422 λογισμῷ
1633 3352 1732 3416 τὰς

131 3451 201 3521 ἠδ
216 3451 341 3513 »νὰς
382 3446 687 3516 ἐχειροῦτο.

206 3543 337 3597 AA'.
370 3540 536 3600 Δίὸως
584 3538 629 3591 δ’
678 3538 841 3591 αὑτὸν
881 3538 945 3590 ὲκ
984 3536 1272 3607 προκοπῆς
1322 3535 1535 3607 ἀρετῶν
1589 3536 1736 3592 κατά

137 3633 348 3704 μικρὸν
407 3628 790 3699 καθαίρεσθαι,
849 3628 945 3682 καὶ
985 3626 1422 3697 ἐπιτηδειότερον
1461 3628 1732 3698 ὁσημέραι

134 3723 399 3792 γίνεσθαι
456 3721 593 3791 πρὸς
650 3719 921 3791 ὑποδοχὴν
975 3719 1084 3773 τῶν
1131 3718 1317 3773 θεόθεν
1342 3718 1492 3790 αὐτῷ
1527 3720 1603 3784 ὼς
1636 3721 1733 3774 ἀν-

136 3814 356 3888 θρώπῳ
388 3811 781 3882 παρεσομὲνων
815 3810 1056 3878 ἀγαθῶν.

211 3908 344 3961 AE’.
391 3904 686 3967 Βαπτίςεις
741 3904 785 3956 δ’
839 3903 1024 3968 αὐτὸν,
1070 3902 1137 3956 ἶν’
1181 3902 1368 3955 ἔκτοτε
1428 3900 1584 3957 οὔπω
1625 3902 1735 3972 γὰρ

140 3999 441 4070 πρότερον,
467 3995 776 4057 τελειωθεὶς
803 3994 948 4046 κατὰ
972 3993 1201 4064 νομικὴν
1229 3992 1451 4065 ἀρετὴν,
1498 3993 1733 4064 Χριστὸς

141 4086 469 4158 χρηματίσῃ
491 4084 696 4152 τέλειος
740 4083 835 4135 καὶ
883 4081 985 4151 τῆς
1042 4080 1408 4150 εὖαγγελικῆς
1454 4081 1731 4151 ἐφάψηται

142 4176 453 4240 πολιτείας,
486 4158 581 4228 καὶ
619 4172 826 4243 ταύτην
860 4171 1217 4244 ἐκπληρώσῃ.
1243 4172 1367 4235 Πῶς
1395 4172 1441 4226 δ’
1480 4173 1601 4242 οὐχὶ
1639 4172 1732 4225 καὶ

139 4271 237 4323 τὸν
272 4267 466 4338 χρόνον
491 4264 641 4335 αὑτῷ
696 4264 786 4318 διὰ
843 4261 1004 4316 τοῦτο
1049 4262 1453 4333 συντετμῆσθαι
1506 4262 1728 4331 λέγεις;

154 4358 469 4424 ’Λποκάμοι
514 4356 624 4426 γὰρ
671 4355 737 4409 ἂν
793 4353 929 4425 πρὸς
982 4353 1044 4406 τὸ
1094 4352 1283 4406 τούτου
1305 4353 1603 4423 διάστημα,
1635 4353 1730 4410 καὶ

1899 3912 2115 3968 XXXV.
2148 3910 2400 3980 Baptizas
2439 3924 2588 3970 eum.
2614 3919 2677 3964 ut
2704 3923 2769 3963 ex
2802 3923 2876 3963 eo
2912 3916 3175 3978 tempore,
3204 3922 3270 3962 ac
3300 3921 3417 3961 non

1830 4003 2007 4073 prius,
2038 4000 2316 4071 perfectus
2344 3997 2648 4053 secundum
2682 3996 2949 4050 virtutem
2970 3997 3126 4066 legis,
3159 3993 3416 4051 Christus

1830 4103 2127 4148 vocaretur
2162 4090 2479 4161 perfectus;
2525 4098 2581 4142 et
2623 4087 2690 4142 ad
2721 4087 3087 4158 evangelicam
3117 4088 3291 4142 vitam.
3314 4102 3411 4156 ag-

1830 4185 2174 4255 grederetur,
2224 4191 2280 4236 et
2313 4182 2454 4235 hanc
2505 4180 2828 4249 compleret.
2879 4180 3070 4234 Nonne
3103 4179 3242 4235 dicis
3272 4185 3410 4233 tem-

1830 4291 1934 4346 pus
1965 4277 2129 4331 etiam
2163 4273 2333 4328 fuisse
2365 4272 2443 4326 illi
2471 4272 2543 4325 ob
2578 4272 2718 4325 hanc
2739 4286 2957 4326 causam
2988 4280 3328 4325 contractum
3356 4270 3412 4324 in

1830 4368 2054 4424 brevius
2103 4364 2396 4439 (potuisset
2426 4365 2571 4419 enim
2599 4362 2884 4433 defatigari
2907 4363 3081 4432 spatio
3112 4362 3411 4435 temporis).

141 4451 236 4505 διὰ
262 4449 424 4508 τοῦτο
453 4447 720 4517 σύντομον
746 4446 865 4500 ὁδὸν
894 4444 1167 4516 σωτηρίας
1190 4445 1280 4497 τὸν
1311 4445 1547 4516 σταυρὸν
1569 4446 1730 4501 ἀνευ-ι-

1845 4466 1891 4513 st
1920 4458 2125 4525 idcirco
2158 4458 2383 4517 brevem
2415 4455 2607 4511 salutis
2653 4455 2820 4520 viam,
2848 4454 2900 4509 id
2935 4462 3019 4509 est
3047 4469 3286 4520 crucem,
3317 4455 3413 4517 ad-

143 4545 377 4617 ρίσκων.

219 4638 364 4703 AG".
397 4635 492 4698 Είς
520 4632 579 4686 ὃν
613 4632 710 4686 καὶ
739 4631 944 4686 ἄκοντα
993 4630 1154 4684 αὑτὸν
1206 4629 1526 4703 ἀναφέρεις,
1587 4631 1727 4702 ὑπὲρ

146 4726 348 4783 ἑαυτοῦ
384 4726 504 4796 μὲν,
533 4725 632 4794 οὐχ
667 4724 868 4794 ἥκιστα
895 4723 952 4775 δὲ
1000 4722 1095 4774 καὶ
1149 4721 1287 4793 ὑπὲρ
1341 4721 1465 4774 ὅλου
1516 4720 1724 4791 κόσμου

145 4817 546 4888 τεθνηξόμενον
580 4820 595 4839 ⁹
633 4815 710 4878 ὡς
754 4816 853 4869 οὐκ
904 4813 1079 4875 ἄλλως
1117 4812 1267 4884 αὐτῷ
1329 4813 1726 4885 περιεσομένης

145 4911 247 4980 τῆς
284 4909 425 4963 κατὰ
448 4907 547 4976 τὴν
577 4905 864 4977 ἀνάληψιν,
894 4907 988 4959 καὶ
1020 4907 1119 4976 τῆς
1147 4906 1210 4956 ὲκ
1238 4902 1427 4969 δεξιῶν
1456 4905 1725 4975 καθέδρας

147 5000 332 5072 δόξης,
370 5001 444 5070 μὴ
489 4998 578 5051 διὰ
619 4997 921 5069 μαρτυρίου
952 4997 1313 5052 τελειωθέντι.
1353 4998 1466 5052 Οὐκ
1498 4994 1612 5051 οἶδα
1641 4997 1725 5057 τίς

147 5091 317 5145 πόθεν
340 5089 501 5144 πέλεν
529 5088 758 5158 ἀνδρῶν,
780 5087 838 5150 ὃς
859 5086 1146 5157 τηλικοῦτο
1173 5087 1329 5157 παρά
1361 5088 1453 5141 σοῦ
1485 5086 1725 5159 ἐγχειρί-

151 5178 307 5245 ζεται
358 5182 612 5252 πρᾶγμα,
663 5180 760 5231 καὶ
804 5178 1117 5247 οἰκονομίαν
1156 5179 1397 5248 μεγάλην
1430 5180 1526 5237 καί⁸
1554 5176 1727 5241 οὕτως

149 5270 452 5341 ἐξαίρετον,
500 5270 599 5323 καὶ
638 5269 712 5340 μὴ
750 5269 949 5339 sum
988 5268 1301 5341 ἀνθρώπου,
1336 5269 1472 5323 ἀλλά
1499 5279 1592 5325 καὶ
1621 5271 1728 5324 πᾶ-

150 5379 250 5415 σαν
272 5361 509 5432 γενητὴν
531 5359 936 5432 ὑπεραίρουσαν
964 5359 1143 5429 φύσιν.

219 5453 345 5511 AZ'.
380 5453 597 5508 Δέδοικε
619 5452 677 5506 δὲ
715 5452 804 5506 τὸν
828 5451 1078 5514 θάνατον,
1119 5452 1217 5523 οὐχ
1252 5450 1327 5515 ὡς
1357 5453 1505 5522 ἡμᾶς
1535 5452 1726 5507 τυπῶν

150 5547 208 5600 ἑν
234 5546 435 5618 ἐαυτῷ,
493 5546 586 5601 καὶ
642 5545 787 5600 λύων
839 5543 996 5618 ἡμῶν
1045 5546 1105 5597 ὲν
1166 5544 1346 5614 ἑαυτῷ
1367 5544 1465 5617 τὴν
1500 5545 1722 5612 δειλίαν,

151 5635 263 5688 ἀλλ’
288 5637 363 5699 ὡς
399 5622 561 5701 αὐτὸς
592 5636 781 5691 τοῦτον
817 5635 1204 5707 προτροπάδην
1237 5635 1453 5706 φεύγων
1483 5650 1498 5666 ο
1548 5636 1608 5690 ὃν
1660 5635 1724 5691 οὗ

156 5721 278 5783 ποτ’
318 5726 384 5786 ἂν
415 5727 667 5785 ὑπελθεῖν
698 5725 961 5792 ἑκουσίως
993 5725 1340 5799 κατεδέξατο,
1381 5726 1433 5780 εί
1494 5727 1570 5800 μὴ
1623 5728 1724 5800 τῆς

1829 4549 2108 4604 invenisse
2127 4549 2150 4608 ἲ

1899 4638 2136 4695 XXXVI.
2168 4639 2228 4699 In
2257 4653 2474 4695 crucem
2504 4636 2883 4703 invitumeum
2915 4634 3051 4707 agis,
3075 4652 3177 4707 pro
3199 4652 3257 4693 se
3285 4637 3415 4708 qui-

1827 4729 1952 4785 dem
2003 4744 2114 4784 non
2146 4729 2330 4783 minus
2350 4743 2513 4799 quam
2542 4744 2639 4797 pro
2665 4736 2777 4783 toto
2803 4729 3012 4784 mundo
3043 4730 3371 4784 moriturum
3391 4742 3419 4791 ς.
3486 4752 3489 4757 ί

1827 4826 2087 4888 tanquam
2115 4833 2226 4872 non
2264 4824 2453 4887 posset
2484 4817 2646 4875 aliter
2668 4817 2894 4888 gloriam
2919 4833 3180 4875 ascensus
3208 4820 3262 4873 in
3300 4834 3412 4874 cos-

1824 4912 1957 4975 lum,
1985 4919 2043 4965 et
2071 4925 2364 4964 consessus
2395 4907 2461 4965 ad
2494 4907 2773 4964 dexteram
2795 4909 2891 4963 Dei
2921 4909 3159 4979 assequi,
3182 4911 3285 4965 nisi
3311 4926 3410 4980 per

1828 4996 2152 5073 martyrium
2189 5007 2625 5054 consummatus.
2670 4999 2868 5055 Nescio
2899 5000 3026 5068 quis
3068 5000 3154 5053 vir
3200 5009 3304 5065 est,
3352 5012 3410 5057 et

1825 5092 2003 5152 unde,
2052 5089 2148 5159 qui
2194 5099 2303 5145 tam
2351 5088 2543 5157 ingens
2587 5104 2619 5141 a
2658 5096 2709 5141 te
2755 5089 3033 5157 negotium
3070 5089 3316 5158 suscipit.
3353 5101 3409 5149 et

1824 5178 2196 5237 oeconomiam
2236 5178 2308 5232 ita
2342 5192 2592 5246 magnam
2624 5184 2680 5230 et
2718 5177 2996 5244 eximiam,
3034 5188 3092 5233 ut
3115 5194 3222 5233 non
3251 5190 3409 5233 natu.

1825 5290 1939 5329 ram
1967 5271 2238 5337 hominis,
2271 5269 2365 5325 sed
2399 5284 2622 5323 omnem
2650 5278 2906 5327 naturam
2955 5277 3192 5326 creatam
3248 5271 3406 5341 longe

1823 5371 2066 5435 superet.

1896 5455 2162 5512 XXXVII.
2199 5454 2408 5510 Timuit
2454 5462 2709 5520 mortem,
2763 5471 2872 5510 non
2928 5464 3184 5525 tanquam
3215 5453 3403 5523 expri.

1825 5559 1985 5600 mens
2012 5559 2114 5598 nos
2150 5544 2206 5598 in
2239 5543 2443 5613 seipse,
2490 5552 2551 5598 et-
2578 5544 2799 5599 solvens
2850 5543 3102 5599 timorem
3149 5552 3401 5599 nostrum

1825 5636 1883 5690 in
1905 5650 1983 5700 se,
2015 5634 2109 5689 sed
2142 5643 2408 5704 tanquam
2430 5634 2572 5689 hanc
2596 5633 2756 5689 enixe
2787 5632 3033 5704 fugiens;
3066 5648 3229 5703 quam
3255 5649 3395 5687 una.

1826 5744 1989 5800 quam
2021 5735 2215 5805 sponte
2245 5726 2517 5783 sustinere
2548 5726 2832 5796 voluisset,
2874 5725 2978 5781 nisi
3007 5734 3152 5784 tuam
3182 5725 3395 5797 longam
