3912 6298
472 277 639 346 -1375

1761 279 2078 343 LEONTII
2114 278 2254 340 BYZ
2262 275 2527 339 ANTINI

2377 169 2484 179 ,κα-ιο-

3709 263 3846 327 1:375

496 402 552 447 et
579 391 847 462 prolixam
873 389 1308 448 admonitionem
1341 398 1539 448 nactus
1561 399 1731 458 esset,
1769 409 1936 464 quam
1963 409 1996 448 a
2029 403 2082 449 te

2202 389 2410 460 ιακρᾶς
2439 385 2588 442 οὕτω
2616 399 2710 438 σου
2735 381 2832 438 καὶ
2855 380 3195 452 πολυστίχου
3230 377 3556 442 νουθεσίας
3590 376 3845 444 τετύχη-

500 484 681 539 tictam
727 483 920 554 angelo
949 483 1224 539 attribuis.
1280 483 1392 540 Nec
1435 486 1582 540 enim
1621 486 1846 557 angelos
1875 487 2082 541 calum-

501 575 642 631 niari
669 591 911 637 recusas.
939 577 1160 646 quando
1189 578 1451 650 hymnum
1497 581 1675 650 angeli
1715 579 1987 644 divinum,
2025 589 2082 635 et

501 683 666 736 quem
717 667 773 720 in
836 668 1054 723 laudem
1096 669 1342 727 victoriae
1387 670 1630 736 Christo,
1701 681 1892 742 utpote
1946 673 2083 735 Deo,

501 757 740 823 cecinit,
809 774 936 813 mox
994 776 1093 830 per
1140 761 1288 816 hunc
1344 763 1746 828 admirabilem,
1795 773 1854 819 et
1915 781 2084 834 supra

503 857 760 903 naturam
793 859 975 905 actum
1010 851 1246 916 timoris,
1291 870 1421 909 vere
1457 857 1572 910 veri
1607 856 1843 921 timoris,
1887 872 1988 912 nos
2017 857 2085 910 ab

411 974 420 984 -
506 941 706 995 acerbo
743 951 798 996 et
821 943 1026 998 crudeli
1067 945 1352 999 hominum
1397 955 1629 1018 tyranno
1663 958 1840 1004 morte
1886 950 2089 1004 libera-

508 1041 656 1095 turo,
703 1044 758 1089 tu
789 1043 1046 1106 tanquam
1084 1039 1276 1092 tim'do
1303 1041 1540 1109 cuipiam
1575 1050 1632 1094 et
1660 1043 1994 1107 effeminato,
2033 1050 2090 1096 et

508 1124 730 1192 penitus
753 1125 836 1177 sui
865 1125 1064 1186 amico,
1109 1127 1380 1182 Salvatori
1421 1129 1490 1182 ab
1531 1133 1724 1199 angelo
1771 1131 1824 1184 in
1865 1131 2088 1186 modum

508 1217 904 1270 consolationis
928 1217 1236 1272 adhibitum
1260 1236 1380 1274 esse
1408 1221 1596 1276 insane
1635 1232 1689 1276 et
1725 1223 1898 1277 delire
1929 1223 2088 1278 dicis.

509 1303 646 1358 Illud
693 1307 882 1358 enim:
935 1301 1198 1375 Apparuit
1251 1309 1471 1378 angelus
1524 1311 1733 1364 Domini
1791 1313 2090 1381 confortans

510 1395 733 1459 eum”,
795 1401 906 1448 lum
969 1397 1062 1450 alii
1106 1398 1295 1454 Patres
1343 1400 1640 1465 dixerunt,
1689 1412 1802 1456 tum
1861 1404 2092 1476 Cyprius

510 1499 696 1549 senex,
734 1485 998 1555 Apparuit
1021 1489 1252 1559 hymnos
1278 1507 1502 1556 canens,
1531 1501 1588 1548 et
1617 1494 1800 1549 divina
1837 1497 2090 1564 loquens.

509 1575 580 1630 Et
603 1575 669 1629 ad
705 1577 1084 1644 probationem
1126 1581 1288 1650 hujus
1317 1584 1799 1653 contemplationis
1821 1587 2094 1656 produxe-

510 1675 664 1728 runt,
716 1667 860 1736 quod
887 1669 1111 1748 _Moyses
1139 1686 1168 1724 a
1217 1673 1328 1726 Deo
1352 1675 1607 1730 eruditus
1651 1675 1705 1730 in
1759 1694 1956 1748 magno
2001 1679 2094 1734 illo

511 1755 728 1811 cantico
747 1744 924 1811 dixit:
959 1759 1027 1812 Et
1049 1759 1344 1830 confortent
1375 1779 1492 1816 eum
1519 1781 1699 1819 omnes
1725 1744 1899 1834 angeli
1927 1767 2093 1822 Dei”.

510 1847 582 1903 Ut
604 1859 790 1903 autem
823 1857 879 1904 tu
914 1849 1082 1919 impie
1111 1851 1270 1918 dicis,
1307 1868 1445 1922 opus
1477 1855 1554 1908 illi
1580 1855 1687 1909 fuit
1711 1856 1872 1928 longa
1902 1873 2098 1912 conso-

509 1938 716 1996 latione
745 1943 946 2013 angeli,
979 1945 1074 2014 qui
1108 1945 1346 1999 animam
1395 1947 1600 2002 Christi
1655 1950 1850 2004 timore
1903 1951 2098 2007 mortis

510 2031 824 2101 absorptam
850 2042 907 2089 et
933 2036 1152 2090 tristitia
1187 2047 1536 2106 prostratam,
1571 2041 1825 2095 celeriter
1859 2043 2099 2113 erigeret

509 2128 568 2172 et
602 2132 901 2190 recrearet,
952 2135 1072 2180 erat
1117 2125 1264 2180 enim
1305 2127 1358 2182 in
1391 2144 1606 2184 summo
1645 2131 2002 2200 discrimine;
2042 2143 2098 2190 et

511 2212 702 2266 omnia
729 2212 782 2266 in
825 2229 894 2268 eo
919 2225 1080 2272 erant
1127 2217 1328 2288 agitata
1356 2227 1414 2272 et
1459 2233 1736 2290 quassata.
1793 2225 1948 2280 Falsa
1983 2227 2099 2284 hmc

508 2317 630 2358 esse
663 2304 804 2360 dicis
828 2323 843 2370 ;
863 2323 1060 2378 magno
1081 2309 1184 2363 hoc
1209 2311 1494 2376 emissem,
1519 2315 1814 2384 magnique
1832 2313 2100 2372 aestimas-

511 2408 649 2448 sem.
667 2395 826 2450 Nunc
849 2407 1029 2452 autem
1065 2407 1233 2454 testes
1265 2409 1393 2455 sunt
1416 2405 1678 2472 praeclara
1701 2415 1757 2460 et
1775 2407 2098 2464 admiranda

513 2493 606 2540 tua
641 2491 948 2544 certamina
971 2499 1163 2545 contra
1189 2492 1622 2548 incarnationem
1650 2496 1848 2563 Verbi;
1883 2499 2098 2555 etbella

513 2578 638 2632 [icta
669 2578 892 2648 quidem
918 2589 974 2634 et
1005 2581 1262 2636 simulata
1301 2593 1493 2637 contra
1520 2585 1812 2641 haereticos
1835 2589 2098 2644 adversa-

513 2667 646 2734 rios,
673 2685 804 2722 vere
827 2679 1010 2724 autem
1051 2681 1243 2726 contra
1280 2675 1572 2730 veritatem
1611 2689 1896 2748 suscepta;
1932 2697 2096 2750 quam

513 2773 638 2812 cum
673 2774 989 2830 oppugnare
1017 2764 1360 2832 propositum
1383 2767 1481 2820 tibi
1503 2778 1671 2834 esset,
1708 2779 1764 2824 et
1782 2782 2096 2842 susceptum

513 2849 707 2920 perﬁci
734 2866 843 2904 non
885 2868 1044 2922 posse
1087 2871 1467 2925 cognosceres,
1521 2860 1936 2932 inscriptionem
1967 2867 2096 2922 belli

515 2949 709 2995 contra
735 2942 1024 2998 veritatem
1051 2945 1412 3016 inscriptione
1436 2951 1561 3005 belli
1587 2963 1778 3007 contra
1813 2955 2098 3012 haereticos

2183 497 2302 545 κεν,
2335 481 2402 550 ἢν
2449 478 2514 532 σὺ
2567 475 2960 547 περιπλάττων
3014 473 3094 544 τῷ
3151 471 3385 541 ἀγγέλῳ
3445 470 3840 540 προσ-νέμεις.

2185 571 2322 626 Οὐδὲ
2352 572 2462 642 γὰρ
2497 568 2765 638 ἀγγέλους
2799 569 3164 635 συκοφαντεῖν
3194 565 3486 635 παραιτῇ,
3530 562 3731 616 ὁπότε
3763 560 3838 610 ﬁt

2173 656 2500 732 Ὀεολογικδν
2546 661 2643 716 τοῦ
2690 660 2928 730 ἀγγέλου
2983 659 3180 728 ὕμνον,
3217 659 3326 711 καὶ
3389 658 3496 710 τὶν
3554 653 3838 708 ἑπινξκεεν

2185 757 2245 810 ὃν
2273 751 2375 830 ᾖσε
2405 753 2484 826 τῷ
2515 752 2740 824 Χριστῷ
2781 745 2872 806 οἷα
2915 749 3056 820 Θεῷ,
3103 751 3234 804 ὅσον
3295 749 3545 802 οὐδέπω
3591 746 3699 798 διὰ
3751 742 3834 795 te;

2187 843 2496 916 θαυμασίου
2527 841 2722 897 τούτου
2743 842 2841 894 καὶ
2868 838 3188 911 ὑπερφυοῦς
3210 840 3318 908 τῆς
3340 837 3577 899 δειλίας
3614 835 3832 906 δράμι-

2187 954 2303 1000 τος,
2353 933 2621 1003 ἀληθινῆς
2667 933 2840 1006 ὅντως
2871 931 3077 995 δειλίας
3117 931 3216 984 τοῦ
3243 929 3406 983 κατὰ
3435 929 3538 981 τὸν
3577 927 3826 984 essm».

2189 1027 2567 1098 ἐλευθεροῦντι
2620 1025 2716 1078 τοῦ
2765 1023 2966 1095 πικροῦ
3001 1024 3112 1077 τῶν
3141 1021 3482 1093 ἀνθρώπων
3513 1021 3823 1090 τυράννου·

2192 1121 2256 1174 σὺ
2287 1119 2362 1182 ὡς
2396 1119 2460 1172 ἂν
2485 1117 2646 1186 δειλῷ
2667 1135 2776 1170 τινι
2802 1118 2896 1170 καὶ
2921 1116 3172 1187 ἀνάνδρῳ
3197 1116 3301 1167 καὶ
3326 1115 3398 1167 τδ
3427 1115 3565 1168 ὅλον
3591 1113 3825 1182 clads-37:;

2190 1210 2270 1280 τῷ
2309 1210 2529 1280 Σωτῆρι
2559 1209 2667 1262 ὑπὸ
2699 1207 2798 1261 τοῦ
2842 1206 3082 1276 ἀγγέλου
3140 1206 3522 1276 γεγενῆσθαι
3581 1205 3821 1274 1:19:11;-

2197 1305 2330 1372 ρεϊς,
2365 1301 2732 1371 ψυχαγωγίας
2757 1300 2948 1370 τρόπῳ
2973 1299 3067 1353 καὶ
3112 1299 3526 1368 παρηγορξας.
3579 1299 3656 1350 Τὸ
3681 1296 3788 1365 τᾶςι
3807 1335 3820 1355 ν

2206 1392 2432 1459 Ἐςσάνη
2464 1392 2722 1462 ἄγγελος
2763 1393 2985 1460 Κυρίου
3009 1390 3332 1460 ἐνισχύων
3365 1391 3610 1449 αὐτὸν,
3650 1386 3822 1455 σιμ-δίς

2195 1481 2348 1538 εἶπεν
2376 1484 2470 1538 καὶ
2517 1483 2828 1552 θεολογῶν·
2862 1483 3014 1536 ἄλλοι
3067 1482 3127 1534 τέ
3159 1498 3321 1544 τινες
3365 1481 3500 1534 τῶν
3551 1481 3820 1552 Πατὲμςνε.

2196 1577 2290 1630 καὶ
2333 1577 2362 1630 ὁ
2387 1575 2666 1646 ,Κύπριος
2689 1575 2891 1646 γέρων,
2922 1577 2950 1628 ὁ
2980 1575 3182 1643 μέγας,
3231 1575 3424 1644 φημὶ,
3481 1573 3817 1642 Ἐπιφάνισς.

2198 1669 2294 1722 καὶ
2323 1671 2403 1732 εἰς
2433 1669 2700 1722 σύστασιν
2735 1669 2833 1738 τῆς
2861 1666 3102 1736 Θεωρίας
3135 1665 3364 1734 ταύτης
3399 1667 3744 1736 προήγαγον

2199 1761 2256 1812 ὲν
2284 1762 2351 1830 τῇ
2383 1760 2594 1832 μεγάλῃ
2625 1759 2738 1831 ᾠδῇ
2767 1758 2845 1829 τῷ
2898 1759 3145 1828 οεοσὸφῳ
3207 1757 3446 1827 Μωῦσῇ
3519 1758 3818 1828 εἰρημένον,

2198 1848 2746 1918 Ἐνισχυσιὶτωσαν
2791 1846 2980 1902 αὐτὸν
3039 1846 3276 1912 πάντες
3336 1846 3618 1916 ἄγγελοι

2211 1939 2299 2002 Ὧς
2326 1939 2382 1992 δὲ
2409 1939 2474 1992 σὺ
2497 1937 2740 2005 ἀσεϐεῖς,
2777 1939 2876 2008 τῆς
2917 1937 3138 2008 μακρᾶς
3183 1936 3398 2006 ἐδέησε
3461 1936 3574 1990 τοῦ
3607 1937 3816 2005 ἀγγέλου

2201 2030 2568 2102 παρηγορίας,
2601 2032 3112 2083 καταπεπτωκυῖαν
3149 2031 3218 2100 τῇ
3253 2028 3420 2100 λύπῃ
3452 2033 3564 2084 καὶ
3595 2047 3819 2084 κατατο-

2200 2125 2390 2180 θεῖσαν
2419 2124 2514 2178 τοῦ
2545 2123 2782 2195 Χριστοῦ
2832 2123 2932 2194 τὴν
2986 2121 3192 2194 ψυχὴν,
3243 2124 3319 2176 ὲκ
3375 2123 3488 2176 τοῦ
3555 2123 3697 2177 κατὰ
3739 2124 3817 2174 τὶν

2200 2217 2432 2271 θάνατον
2457 2215 2614 2278 δέους
2651 2216 2958 2284 ἀναστῆσαι
2996 2215 3359 2280 σπεύδοντος.
3408 2217 3695 2270 Κίνδυνον
3723 2216 3817 2284 τὲρ

2198 2304 2314 2378 εἶχε
2339 2307 2429 2361 τὸν
2461 2307 2713 2377 ἔσχατον,
2779 2307 2900 2360 τόδε
2954 2306 3016 2360 τὸ
3063 2309 3172 2361 πᾶν
3226 2307 3326 2360 ἐπ’
3391 2309 3568 2380 αὐτῷ
3617 2309 3817 2364 culavi-

2202 2418 2386 2470 μενον.
2417 2399 2601 2472 Ψευδῆ
2627 2399 2804 2454 ταῦτα
2836 2397 2978 2454 εἶναι
3009 2401 3120 2471 φής
3151 2416 3166 2430 ’
3200 2399 3420 2454 πολλοῦ
3467 2419 3544 2470 γε
3577 2405 3647 2473 δὴ
3689 2401 3815 2455 τοῦτ’

2198 2491 2264 2545 ἂν
2293 2491 2674 2561 ἐτιμησάμην.
2705 2491 2823 2545 Νῦν
2867 2491 2926 2545 δὲ
2956 2492 3007 2544 oi
3055 2491 3378 2560 θαυμαστοὶ
3423 2494 3544 2548 καὶ
3591 2491 3810 2564 λαμπροί

2201 2599 2294 2636 σου
2328 2583 2544 2652 ἀγῶνες
2574 2583 2717 2638 κατά
2743 2583 2844 2653 τῆς
2897 2583 2992 2636 τοῦ
3019 2584 3160 2637 Θεοῦ
3209 2585 3402 2652 Λόγου
3469 2586 3811 2655 ὲνανθρωπή-

2201 2693 2360 2740 σεως,
2432 2676 2528 2728 καὶ
2555 2677 2606 2728 οἱ
2639 2675 3021 2746 πεπλασμένοι
3055 2675 3156 2744 μὲν
3183 2676 3338 2728 κατὰ
3369 2676 3498 2729 τῶν
3533 2677 3809 2730 ἀντιθέτων

2199 2767 2499 2837 αἱρετικῶν
2545 2768 2796 2838 πόλεμοι,
2855 2768 3002 2821 κατά
3055 2768 3113 2820 δὲ
3167 2767 3270 2838 τῆς
3324 2769 3620 2839 ἀληθεὶας
3665 2771 3808 2830 ὅπως

2201 2860 2691 2930 στρατευσάμενοι,
2725 2860 2792 2932 ἢν
2822 2859 3015 2929 ἐπειδὴ
3071 2859 3398 2929 πολεμῆσαι
3451 2863 3805 2939 προθέμενος.

2199 2950 2498 3006 ἀδυνατοῦν
2537 2969 2621 3004 σοι
2654 2951 2959 3020 ἐγίνωσκες
2989 2950 3050 3004 τδ
3083 2951 3434 3022 ἐγχείρημα,
3485 2955 3806 3024 ὲπίγραμμι

519 3035 892 3088 contmutasti.
944 3035 1061 3090 imo
1107 3046 1164 3092 et
1199 3038 1559 3096 deliramenta
1605 3051 1698 3098 tua
1747 3055 1938 3101 contra
1987 3049 2094 3102 Ma-

2202 3043 2297 3096 τοῦ
2329 3045 2452 3096 κατ’
2485 3043 2660 3113 αὐτῆς
2701 3043 2964 3112 πολέμου,
3017 3041 3079 3095 τὸ
3137 3043 3284 3096 κατὰ
3339 3044 3462 3098 τῶν
3529 3045 3806 3117 uiperae}

517 3125 788 3193 gusaeosu
801 3125 948 3197 2-52)
977 3127 1093 3183 haec
1119 3130 1434 3199 praedicant,
1457 3141 1514 3186 et
1552 3133 1777 3203 reliqum
1814 3137 1962 3192 falsa}
1995 3146 2101 3194 tuae

519 3217 929 3287 Scripturarum
949 3222 1328 3276 enarratiunes
1351 3241 1364 3276 :
1386 3240 1653 3293 nusquam
1675 3227 1822 3280 enim
1843 3245 1952 3283 non
1972 3241 2102 3288 sunt

520 3309 610 3364 isti
639 3310 714 3365 tui
757 3311 1068 3366 admirandi
1113 3313 1332 3368 labores
1368 3317 1696 3386 pervulgati,
1735 3321 1828 3387 qui
1864 3336 1894 3375 a
1933 3322 2101 3380 Paulo

519 3399 740 3468 qui'lem
769 3399 1137 3455 Samosatensi
1179 3411 1360 3456 ortum
1390 3406 1696 3471 duxerunt,
1735 3425 1834 3480 per
1877 3413 2102 3484 interje-

520 3500 640 3544 ctos
663 3506 792 3544 vero
812 3491 879 3544 ad
893 3491 1190 3546 Diodorum
1215 3501 1728 3570 pervenerunt,.qu‘,
1749 3503 1846 3558 tibi
1874 3504 2100 3561 fuitma-

519 3583 700 3638 larunt
734 3592 953 3638 tuorum
988 3585 1118 3640 dux.
1143 3587 1236 3642 Sic
1262 3599 1445 3649 autem
1471 3599 1572 3646 ate
1595 3595 1862 3651 elaborati
1884 3607 1941 3653 et
1967 3602 2098 3656 culti

521 3684 670 3739 sunt,
703 3683 758 3730 et
793 3684 997 3731 tantam
1029 3679 1464 3750 magnitudinem
1499 3683 1821 3742 incrementi
1867 3705 2100 3761 accepe-

521 3779 669 3824 runt.
706 3779 765 3825 ut
805 3777 932 3825 tuus
973 3770 1316 3842 largissimus
1353 3773 1555 3832 ﬂuvius
1601 3777 1810 3835 fontem
1867 3781 2096 3854 impium

520 3859 756 3930 aperiat.

591 4079 878 4138 XXXVIII.
934 4085 1106 4141 Rivus
1155 4087 1258 4143 fuit
1308 4104 1338 4143 a
1389 4089 1538 4146 fonte
1593 4091 1827 4157 ductus,
1865 4103 1919 4150 et
1953 4095 2097 4151 fossa

521 4183 772 4244 augusta,
809 4191 932 4245 qua:
961 4193 1068 4230 non
1129 4179 1307 4248 potuit
1350 4195 1548 4250 capere
1586 4191 1754 4239 totam
1798 4188 2097 4256 impietatis

523 4273 630 4320 tute
661 4261 980 4328 lluxionem,
1011 4265 1319 4322 Nestorius.
1353 4269 1420 4323 Et
1449 4272 1493 4324 si
1529 4273 1708 4341 potuit
1737 4289 1958 4345 capere,
1985 4293 2095 4332 non

2205 3134 2565 3206 προέγραψας
2623 3133 2988 3205 πρόγραμμα.
3063 3133 3230 3188 Ἀ).λᾶ
3283 3136 3386 3188 καὶ
3418 3137 3494 3190 τὰ
3529 3139 3680 3192 κατὰ
3708 3139 3806 3192 Mx-

2203 3227 2476 3294 γουσαίων
2507 3226 2647 3296 ληρή
2660 3243 2830 3296 ματα,
2860 3225 3036 3280 ταῦτα
3067 3227 3478 3297 κηρύττουσιν,
3517 3231 3585 3283 αἴ
3612 3247 3676 3282 τε
3715 3230 3809 3281 leto

2204 3317 2304 3372 παὶ
2325 3318 2435 3371 τῶν
2468 3317 2705 3388 Γραφῶν
2733 3315 3150 3387 παρεξηγήσεις
3178 3331 3194 3348 ⁶
3231 3318 3296 3371 οὒ
3327 3319 3446 3388 γάρ
3493 3321 3655 3373 ἐστιν
3691 3323 3804 3372 6m

2207 3410 2280 3482 μὴ
2303 3411 2476 3463 ταῦτα
2506 3409 2616 3462 τῶν
2641 3409 2969 3480 θαυμασίων
2999 3427 3093 3462 σου
3130 3409 3318 3464 πόνων
3357 3411 3804 3483 διατεθρύληται.

2201 3501 2311 3555 ἀπὸ
2343 3501 2439 3570 μὲν
2468 3501 2686 3556 Παύλου
2711 3499 2804 3554 τοῦ
2852 3500 3190 3570 Σαμοσάτων
3235 3500 3570 3571 ἀρξάμενα.
3627 3503 3720 3556 διὰ
3761 3502 3806 3554 δὲ

2196 3593 2308 3646 τῶν
2329 3595 2386 3645 ὲν
2425 3593 2575 3663 μέσῳ
2609 3593 2692 3654 εἰς
2713 3592 2979 3662 Διόδωρον
3033 3594 3492 3662 καταντήσαντα,
3542 3595 3700 3656 ὅστις
3736 3611 3806 3646 σοι

2199 3683 2308 3734 τῶν
2339 3679 2530 3736 κακῶν
2561 3681 2769 3734 τούτων
2801 3679 3027 3748 γέγονεν
3060 3683 3291 3752 ἡγεμών
3311 3723 3326 3746 ,
3361 3682 3522 3735 οὕτω
3553 3684 3616 3736 δὲ
3641 3697 3808 3752 γεωρ-

2199 3771 2445 3842 γηθέντα
2470 3772 2622 3844 παρά
2653 3772 2769 3834 σοῦ,
2801 3772 2899 3825 καὶ
2932 3772 3193 3827 τοσοῦτον
3229 3773 3676 3846 προσλαϐόμενα
3730 3775 3808 3844 μὲ-

2197 3865 2381 3932 γεθος,
2413 3865 2490 3928 ὡς
2531 3863 2872 3934 ὲπικαλύψαι
2925 3865 3026 3934 τὴν
3074 3865 3236 3918 ἄθεον
3288 3868 3505 3936 πηγὴν,
3577 3867 3674 3921 τὸν
3730 3867 3808 3920 σὺν

2197 3957 2394 4026 δαψιλῆ
2419 3956 2692 4028 ποταμόν.

2268 4091 2398 4147 AH'.
2435 4089 2534 4152 Σὸς
2559 4090 2616 4144 δὲ
2647 4087 2872 4158 γέγονεν
2903 4088 3060 4152 ὀλκός
3090 4107 3150 4142 τε
3196 4090 3293 4143 καὶ
3352 4091 3573 4161 διώρυξ
3635 4093 3802 4162 πει-ξς,

2204 4183 2300 4236 καὶ
2321 4183 2422 4252 οὐχ
2457 4182 2578 4235 ὅλον
2607 4199 2700 4234 σου
2729 4180 3026 4250 δυνηθεῖσα
3068 4181 3321 4251 χωρῆσαι
3387 4186 3492 4253 τῆς
3559 4185 3805 4246 51556234;

2197 4274 2258 4326 τὺ
2291 4275 2494 4345 ῥεῦμα,
2527 4273 2854 4343 Νεστόριος.
2899 4273 2960 4326 Εἰ
3011 4272 3071 4326 δὲ
3119 4274 3216 4326 καὶ
3253 4275 3516 4344 χωρῆσαι
3571 4279 3799 4346 ἴσχυσεν,

523 4362 704 4409 tamen
739 4355 966 4418 audere,
996 4367 1051 4410 et
1077 4357 1268 4412 fontes
1295 4367 1418 4413 tuos
1439 4363 1698 4418 omnibus
1715 4365 2092 4434 profundere;

2202 4366 2314 4418 ἀλλ’
2347 4365 2582 4436 οὐδαῆδη
2619 4365 2714 4419 καὶ
2775 4365 3293 4438 παρρησιάσασθαι,
3342 4369 3446 4421 καὶ
3487 4372 3638 4422 πᾶσι
3685 4386 3800 4438 προ-

521 4459 633 4498 non
691 4445 914 4513 quidem
977 4441 1195 4515 pigritia
1241 4449 1564 4514 voluntatis,
1599 4455 1876 4508 excusabo
1921 4457 2088 4522 enim,

521 4534 618 4589 sed
641 4535 771 4604 quia
794 4551 905 4590 non
941 4535 1178 4592 habebat
1198 4539 1380 4593 locum
1418 4552 1646 4610 propter
1679 4547 2090 4604 multitudinem

522 4627 810 4680 hominum
847 4643 958 4697 qua
988 4640 1110 4684 erat
1167 4633 1538 4702 constipatus.
1569 4634 1649 4688 Tu
1672 4653 1802 4691 vero
1824 4641 1950 4708 quia
1975 4650 2096 4696 erat

523 4717 624 4773 tibi
669 4719 891 4788 quietus
935 4735 1061 4775 cum
1094 4721 1378 4791 impietate
1411 4726 1726 4791 convictus,
1758 4737 1934 4784 totum
1975 4733 2096 4804 ejus

523 4810 703 4867 rivum
743 4810 990 4866 ebibisti.
1017 4813 1111 4868 Ille
1144 4823 1331 4868 autem
1365 4825 1660 4887 postquam
1688 4835 1860 4875 unum
1900 4839 1966 4878 ex
1999 4832 2096 4879 tuo

520 4918 681 4960 emno
696 4911 752 4958 et
769 4919 835 4958 ex
852 4905 1264 4962 tuislutulentis
1285 4907 1637 4980 dogmatibus
1658 4913 1944 4984 rejectum,
1965 4932 2094 4972 sua-

521 4994 616 5062 sit,
634 4996 738 5050 sibi
761 4997 815 5050 in
833 5012 1130 5053 commune
1157 5002 1466 5070 proposuit,
1490 5011 1547 5057 et
1563 5004 1734 5058 solam
1754 5021 1946 5062 vorem
1965 5008 2095 5062 Θεο-

521 5086 698 5154 τόκον,
725 5087 780 5144 id
805 5097 890 5144 est
917 5089 1231 5160 Deiparam,
1261 5094 1572 5164 prohibuit,
1613 5095 1914 5154 artiﬁciose
1963 5117 2105 5156 con-

593 5290 638 5322 "
669 5287 804 5344 Luc.
832 5307 964 5356 xm,
1000 5292 1090 5346 45.
1167 5293 1214 5326 ⁸ο
1241 5293 1402 5350 Deut.
1439 5313 1606 5362 xxxii,
1643 5297 1711 5352 45
1749 5313 1862 5354 sec.
1897 5299 2063 5355 LXX.

599 5486 1030 5560 (42-52)_Contra
1050 5488 1364 5560 Magnsa’os.
1386 5491 1588 5548 Suidas
1618 5493 1812 5557 verbo,
1846 5493 2024 5550 Pet-ste
2053 5503 2104 5549 et

527 5553 738 5636 ξῐιιροθ,
775 5553 850 5636 ait
905 5559 1107 5636 [fet-sas
1140 5553 1505 5636 Ilictos___esse
1537 5553 1887 5636 linguaces.
1933 5565 2104 5621 Intel-

529 5623 654 5694 ligi't
686 5623 890 5682 'autem
917 5627 1180 5686 Leontius
1201 5637 1312 5686 tres
1333 5630 1505 5690 libros
1535 5623 1813 5691 The-odori
1844 5635 1980 5710 Περὶ
2007 5637 2109 5708 τῆς

2199 4457 2319 4528 χέαι
2351 4458 2421 4511 τά
2453 4459 2520 4511 σὰ
2569 4458 2679 4510 τῶν
2736 4456 3102 4527 βλασφημιῶν
3146 4457 3397 4525 νάματα,
3458 4461 3521 4511 οὗ
3587 4460 3800 4530 γνώμης

2194 4545 2434 4618 ῥᾳθυμίᾳ
2463 4547 2900 4620 (ἀπολογήσομαι
2929 4547 3090 4619 γάρ),
3151 4547 3290 4601 ἀλλὰ
3335 4547 3422 4618 τῷ
3485 4551 3798 4604 enm-339a;

2190 4643 2302 4703 τοῖς
2333 4639 2613 4710 πλήθεσιν.
2645 4641 2817 4703 Αὐτὸς
2850 4640 2948 4711 μὲν
2963 4640 3074 4711 γὰρ
3093 4640 3216 4694 καθ’
3237 4642 3481 4712 ἡσυχίαν
3497 4646 3570 4712 τῇ
3589 4643 3799 4712 ἀστεεῷ

2195 4735 2605 4803 συγγινόμενος,
2659 4733 2778 4787 ὅλον
2813 4733 2985 4804 αὐτῆς
3041 4733 3378 4796 ὲκπέπωκας
3433 4733 3531 4787 τὸν
3599 4736 3794 4805 ἀχετνεν.

2207 4823 2446 4888 Ἐκεῖνος
2476 4825 2532 4878 δὲ
2567 4825 2762 4898 ἐπειδὴ
2799 4826 2858 4878 ’ἐν
2891 4843 2946 4877 τι
2982 4825 3092 4878 τῶν
3125 4826 3234 4878 σῶν
3282 4825 3431 4894 ἄρας
3471 4827 3798 4898 ἀμαρευμᾶ-

2199 4934 2309 4971 των
2351 4916 2640 4981 σκύϐαλον,
2699 4921 2782 4981 εἰς
2829 4917 2892 4970 τὸ
2940 4917 3120 4971 κοινὸν
3175 4917 3500 4988 προῦτεινε,
3565 4921 3668 4974 καὶ
3715 4917 3796 4988 τὴν.

2204 5011 2494 5075 Θεοτόκος
2551 5007 2736 5080 φωνὴν
2793 5008 3150 5079 ἀπηγόρευσε
3213 5010 3406 5079 μόνην,
3475 5011 3796 5082 sap-ruina;

2205 5099 2306 5170 μὲν
2331 5099 2470 5172 πρὸς
2493 5100 2588 5164 τὰς
2616 5101 2793 5172 ἀρχὰς
2821 5101 2921 5172 τῆς
2952 5099 3212 5172 ἀληθείας
3239 5100 3560 5172 ἱστάμενος,
3609 5105 3706 5158 καὶ
3739 5104 3794 5171 τῇ

2210 5495 2269 5582 ὲν
2293 5495 2511 5566 Περσίδι
2543 5499 2814 5579 μαγικῆς,
2845 5495 2922 5582 De
2954 5494 3138 5568 Magia
3168 5497 3225 5550 in
3242 5495 3470 5580 Perside
3507 5497 3795 5582 {ipsusque

2213 5567 2407 5641 Persas
2427 5583 2615 5641 magos
2667 5568 3318 5641 ttominaLntagnsrroL:
3354 5567 3620 5625 meminit
3647 5567 3796 5641 huius

2215 5637 2399 5708 operis
2426 5635 2658 5694 Photius
2681 5637 2736 5693 in
2770 5653 2867 5694 sua
2894 5635 3241 5704 Bibliotheca.
3267 5635 3413 5708 ιτα.
