  <div class='ocr_page' id='page_1' title='image "/cluster/home/n/w/nwhite01/storage/ocr_20150623/86 pars.1/pst.000005712878/732.png"; bbox 0 0 3912 6298; ppageno 0'>
   <div class='ocr_carea' id='block_1_1' title="bbox 193 331 331 399">
    <p class='ocr_par' dir='ltr' id='par_1_1' title="bbox 193 331 331 399">
     <span class='ocr_line' id='line_1_1' title="bbox 193 331 331 399; baseline 0.007 -1"><span class='ocrx_word' id='word_1_1' title='bbox 193 331 331 399; x_wconf 77' lang='grc'><strong>1377</strong></span> 
     </span>
    </p>
   </div>
   <div class='ocr_carea' id='block_1_2' title="bbox 1144 337 2547 402">
    <p class='ocr_par' dir='ltr' id='par_1_2' title="bbox 1144 337 2547 402">
     <span class='ocr_line' id='line_1_2' title="bbox 1144 337 2547 402; baseline 0.001 -5"><span class='ocrx_word' id='word_1_2' title='bbox 1144 338 1314 401; x_wconf 80' lang='lat' dir='ltr'><strong>ADV.</strong></span> <span class='ocrx_word' id='word_1_3' title='bbox 1349 337 2060 400; x_wconf 80' lang='lat' dir='ltr'><strong>INCORRUPTICOLAS</strong></span> <span class='ocrx_word' id='word_1_4' title='bbox 2092 338 2189 400; x_wconf 84' lang='lat' dir='ltr'><strong>ET</strong></span> <span class='ocrx_word' id='word_1_5' title='bbox 2227 340 2547 402; x_wconf 78' lang='lat' dir='ltr'><strong>NESTOR.</strong></span> 
     </span>
    </p>
   </div>
   <div class='ocr_carea' id='block_1_3' title="bbox 3316 337 3454 403">
    <p class='ocr_par' dir='ltr' id='par_1_3' title="bbox 3316 337 3454 403">
     <span class='ocr_line' id='line_1_3' title="bbox 3316 337 3454 403; baseline 0.022 -3"><span class='ocrx_word' id='word_1_6' title='bbox 3316 337 3454 403; x_wconf 80' lang='lat'><strong>1378</strong></span> 
     </span>
    </p>
   </div>
   <div class='ocr_carea' id='block_1_4' title="bbox 190 449 1764 528">
    <p class='ocr_par' dir='ltr' id='par_1_4' title="bbox 190 450 1764 528">
     <span class='ocr_line' id='line_1_4' title="bbox 190 450 1764 528; baseline 0.001 -22"><span class='ocrx_word' id='word_1_7' title='bbox 190 451 384 524; x_wconf 81' lang='grc' dir='ltr'>πρώτῃ</span> <span class='ocrx_word' id='word_1_8' title='bbox 418 450 513 505; x_wconf 79' lang='grc' dir='ltr'><strong>τοῦ</strong></span> <span class='ocrx_word' id='word_1_9' title='bbox 535 451 670 506; x_wconf 81' lang='grc' dir='ltr'>Θεοῦ</span> <span class='ocrx_word' id='word_1_10' title='bbox 701 450 861 525; x_wconf 68' lang='grc' dir='ltr'>ἡμῶν</span> <span class='ocrx_word' id='word_1_11' title='bbox 911 452 1055 507; x_wconf 80' lang='grc' dir='ltr'>κατὰ</span> <span class='ocrx_word' id='word_1_12' title='bbox 1107 453 1290 526; x_wconf 82' lang='grc' dir='ltr'><strong>σάρκα</strong></span> <span class='ocrx_word' id='word_1_13' title='bbox 1340 454 1619 525; x_wconf 79' lang='grc' dir='ltr'><strong>γεννήσει,</strong></span> <span class='ocrx_word' id='word_1_14' title='bbox 1669 456 1764 528; x_wconf 80' lang='grc' dir='ltr'>τὴν</span> 
     </span>
    </p>
   </div>
   <div class='ocr_carea' id='block_1_5' title="bbox 1871 449 3451 528">
    <p class='ocr_par' dir='ltr' id='par_1_5' title="bbox 1877 449 3451 526">
     <span class='ocr_line' id='line_1_5' title="bbox 1877 449 3451 526; baseline 0.001 -13"><span class='ocrx_word' id='word_1_15' title='bbox 1877 467 1962 513; x_wconf 90' lang='lat' dir='ltr'><strong>tra</strong></span> <span class='ocrx_word' id='word_1_16' title='bbox 2009 458 2167 514; x_wconf 92' lang='lat' dir='ltr'><strong>initia</strong></span> <span class='ocrx_word' id='word_1_17' title='bbox 2213 459 2465 513; x_wconf 87' lang='lat' dir='ltr'><strong>veritatis</strong></span> <span class='ocrx_word' id='word_1_18' title='bbox 2504 449 2768 512; x_wconf 83' lang='lat' dir='ltr'><strong>insistens</strong></span> <span class='ocrx_word' id='word_1_19' title='bbox 2790 496 2804 521; x_wconf 88' lang='lat'><strong>,</strong></span> <span class='ocrx_word' id='word_1_20' title='bbox 2830 464 2888 512; x_wconf 90' lang='lat' dir='ltr'><strong>et</strong></span> <span class='ocrx_word' id='word_1_21' title='bbox 2915 456 3096 526; x_wconf 90' lang='lat' dir='ltr'><strong>primo</strong></span> <span class='ocrx_word' id='word_1_22' title='bbox 3129 457 3228 513; x_wconf 85' lang='lat' dir='ltr'><strong>Dei</strong></span> <span class='ocrx_word' id='word_1_23' title='bbox 3268 459 3451 514; x_wconf 80' lang='lat' dir='ltr'><strong>nostri</strong></span> 
     </span>
    </p>
   </div>
   <div class='ocr_carea' id='block_1_6' title="bbox 190 540 1768 615">
    <p class='ocr_par' dir='ltr' id='par_1_6' title="bbox 190 540 1768 615">
     <span class='ocr_line' id='line_1_6' title="bbox 190 540 1768 615; baseline 0.005 -21"><span class='ocrx_word' id='word_1_24' title='bbox 190 544 371 596; x_wconf 71' lang='grc' dir='ltr'>πᾶσαν</span> <span class='ocrx_word' id='word_1_25' title='bbox 423 540 549 613; x_wconf 80' lang='grc' dir='ltr'>ἑξῆς</span> <span class='ocrx_word' id='word_1_26' title='bbox 602 542 845 614; x_wconf 81' lang='grc' dir='ltr'><strong>ἀναιρῶν</strong></span> <span class='ocrx_word' id='word_1_27' title='bbox 897 543 993 597; x_wconf 79' lang='grc' dir='ltr'>τοῦ</span> <span class='ocrx_word' id='word_1_28' title='bbox 1056 544 1360 615; x_wconf 77' lang='grc' dir='ltr'><strong>μυστηρίου</strong></span> <span class='ocrx_word' id='word_1_29' title='bbox 1430 545 1768 602; x_wconf 76' lang='grc' dir='ltr'><strong>ἀκολουθίαν.</strong></span> 
     </span>
    </p>
   </div>
   <div class='ocr_carea' id='block_1_7' title="bbox 190 628 1772 706">
    <p class='ocr_par' dir='ltr' id='par_1_7' title="bbox 190 628 1772 706">
     <span class='ocr_line' id='line_1_7' title="bbox 190 628 1772 706; baseline 0.004 -20"><span class='ocrx_word' id='word_1_30' title='bbox 190 632 384 703; x_wconf 84' lang='grc' dir='ltr'>Ὅμως</span> <span class='ocrx_word' id='word_1_31' title='bbox 408 634 453 687; x_wconf 78' lang='grc' dir='ltr'>δ’</span> <span class='ocrx_word' id='word_1_32' title='bbox 480 628 573 688; x_wconf 81' lang='grc' dir='ltr'>οὖν</span> <span class='ocrx_word' id='word_1_33' title='bbox 600 635 715 703; x_wconf 79' lang='grc' dir='ltr'>ἥλω</span> <span class='ocrx_word' id='word_1_34' title='bbox 740 635 836 688; x_wconf 77' lang='grc' dir='ltr'>καὶ</span> <span class='ocrx_word' id='word_1_35' title='bbox 862 636 961 706; x_wconf 80' lang='grc' dir='ltr'>τὴν</span> <span class='ocrx_word' id='word_1_36' title='bbox 996 636 1232 705; x_wconf 78' lang='grc' dir='ltr'><strong>ἐσχάτην</strong></span> <span class='ocrx_word' id='word_1_37' title='bbox 1264 635 1410 688; x_wconf 74' lang='grc' dir='ltr'>ἔτισε</span> <span class='ocrx_word' id='word_1_38' title='bbox 1441 636 1621 706; x_wconf 86' lang='grc' dir='ltr'>δίκην,</span> <span class='ocrx_word' id='word_1_39' title='bbox 1668 638 1772 705; x_wconf 76' lang='grc' dir='ltr'><strong>ἔξω</strong></span> 
     </span>
    </p>
   </div>
   <div class='ocr_carea' id='block_1_8' title="bbox 188 720 1772 797">
    <p class='ocr_par' dir='ltr' id='par_1_8' title="bbox 188 720 1772 797">
     <span class='ocr_line' id='line_1_8' title="bbox 188 720 1772 797; baseline 0.002 -19"><span class='ocrx_word' id='word_1_40' title='bbox 188 722 333 778; x_wconf 79' lang='grc' dir='ltr'>θείου</span> <span class='ocrx_word' id='word_1_41' title='bbox 370 725 533 796; x_wconf 79' lang='grc' dir='ltr'>χοροῦ</span> <span class='ocrx_word' id='word_1_42' title='bbox 569 726 708 796; x_wconf 84' lang='grc' dir='ltr'><strong>μετά</strong></span> <span class='ocrx_word' id='word_1_43' title='bbox 733 726 843 778; x_wconf 89' lang='grc' dir='ltr'><strong>τῶν</strong></span> <span class='ocrx_word' id='word_1_44' title='bbox 872 727 1239 797; x_wconf 78' lang='grc' dir='ltr'>ἀσεϐημάτων</span> <span class='ocrx_word' id='word_1_45' title='bbox 1273 720 1346 779; x_wconf 84' lang='grc' dir='ltr'>ὧν</span> <span class='ocrx_word' id='word_1_46' title='bbox 1409 728 1472 779; x_wconf 84' lang='grc' dir='ltr'>ὲκ</span> <span class='ocrx_word' id='word_1_47' title='bbox 1526 728 1618 780; x_wconf 83' lang='grc' dir='ltr'>σοῦ</span> <span class='ocrx_word' id='word_1_48' title='bbox 1678 745 1772 796; x_wconf 90' lang='grc' dir='ltr'>γε-</span> 
     </span>
    </p>
   </div>
   <div class='ocr_carea' id='block_1_9' title="bbox 185 808 1772 882">
    <p class='ocr_par' dir='ltr' id='par_1_9' title="bbox 185 808 1772 882">
     <span class='ocr_line' id='line_1_9' title="bbox 185 808 1772 882; baseline 0.007 -23"><span class='ocrx_word' id='word_1_49' title='bbox 185 808 510 880; x_wconf 85' lang='grc' dir='ltr'>γεώργηκεν</span> <span class='ocrx_word' id='word_1_50' title='bbox 560 812 878 877; x_wconf 73' lang='grc' dir='ltr'><strong>ἀπελαθεὶς,</strong></span> <span class='ocrx_word' id='word_1_51' title='bbox 909 816 1003 866; x_wconf 75' lang='grc' dir='ltr'>καὶ</span> <span class='ocrx_word' id='word_1_52' title='bbox 1031 815 1131 882; x_wconf 77' lang='grc' dir='ltr'>τὴν</span> <span class='ocrx_word' id='word_1_53' title='bbox 1160 812 1318 878; x_wconf 79' lang='grc' dir='ltr'>ἀξίαν</span> <span class='ocrx_word' id='word_1_54' title='bbox 1345 815 1633 868; x_wconf 83' lang='grc' dir='ltr'>ἀντέκτισε</span> <span class='ocrx_word' id='word_1_55' title='bbox 1664 817 1772 870; x_wconf 90' lang='grc' dir='ltr'><strong>τῶν</strong></span> 
     </span>
    </p>
   </div>
   <div class='ocr_carea' id='block_1_10' title="bbox 186 901 1771 979">
    <p class='ocr_par' dir='ltr' id='par_1_10' title="bbox 186 901 1771 979">
     <span class='ocr_line' id='line_1_10' title="bbox 186 901 1771 979; baseline 0.003 -26"><span class='ocrx_word' id='word_1_56' title='bbox 186 901 296 953; x_wconf 92' lang='grc' dir='ltr'><strong>σῶν</strong></span> <span class='ocrx_word' id='word_1_57' title='bbox 331 902 673 972; x_wconf 76' lang='grc' dir='ltr'><strong>μαθημάτων</strong></span> <span class='ocrx_word' id='word_1_58' title='bbox 713 905 929 974; x_wconf 78' lang='grc' dir='ltr'>ποινήν.</span> <span class='ocrx_word' id='word_1_59' title='bbox 1004 906 1246 975; x_wconf 80' lang='grc' dir='ltr'>Ἀπὸχρη</span> <span class='ocrx_word' id='word_1_60' title='bbox 1302 908 1399 959; x_wconf 69' lang='grc' dir='ltr'>καὶ</span> <span class='ocrx_word' id='word_1_61' title='bbox 1452 907 1625 960; x_wconf 83' lang='grc' dir='ltr'>ταῦτα</span> <span class='ocrx_word' id='word_1_62' title='bbox 1674 910 1771 979; x_wconf 80' lang='grc' dir='ltr'>τὴν</span> 
     </span>
    </p>
   </div>
   <div class='ocr_carea' id='block_1_11' title="bbox 185 995 1766 1070">
    <p class='ocr_par' dir='ltr' id='par_1_11' title="bbox 185 995 1766 1070">
     <span class='ocr_line' id='line_1_11' title="bbox 185 995 1766 1070; baseline 0.005 -25"><span class='ocrx_word' id='word_1_63' title='bbox 185 996 369 1046; x_wconf 76' lang='grc' dir='ltr'>πᾶσαν</span> <span class='ocrx_word' id='word_1_64' title='bbox 394 995 489 1047; x_wconf 81' lang='grc' dir='ltr'>τοῦ</span> <span class='ocrx_word' id='word_1_65' title='bbox 522 996 716 1067; x_wconf 85' lang='grc' dir='ltr'>ἀνδρὸς</span> <span class='ocrx_word' id='word_1_66' title='bbox 752 999 1106 1068; x_wconf 75' lang='grc' dir='ltr'>παραστῆσαι</span> <span class='ocrx_word' id='word_1_67' title='bbox 1137 998 1418 1063; x_wconf 77' lang='grc' dir='ltr'>ἀσέϐειαν,</span> <span class='ocrx_word' id='word_1_68' title='bbox 1457 998 1517 1063; x_wconf 78' lang='grc' dir='ltr'><strong>ἐξ</strong></span> <span class='ocrx_word' id='word_1_69' title='bbox 1561 1001 1766 1070; x_wconf 79' lang='grc' dir='ltr'>ὄνυχος,</span> 
     </span>
    </p>
   </div>
   <div class='ocr_carea' id='block_1_12' title="bbox 183 1077 1771 1158">
    <p class='ocr_par' dir='ltr' id='par_1_12' title="bbox 183 1077 1771 1158">
     <span class='ocr_line' id='line_1_12' title="bbox 183 1077 1771 1158; baseline 0.003 -21"><span class='ocrx_word' id='word_1_70' title='bbox 183 1081 394 1158; x_wconf 68' lang='grc' dir='ltr'>ᾗφασι,</span> <span class='ocrx_word' id='word_1_71' title='bbox 433 1087 831 1141; x_wconf 80' lang='grc' dir='ltr'><strong>ὑποδεικνύντα</strong></span> <span class='ocrx_word' id='word_1_72' title='bbox 865 1089 957 1141; x_wconf 83' lang='grc' dir='ltr'>τὸν</span> <span class='ocrx_word' id='word_1_73' title='bbox 989 1077 1202 1143; x_wconf 79' lang='grc' dir='ltr'>λέοντα.</span> <span class='ocrx_word' id='word_1_74' title='bbox 1251 1090 1312 1142; x_wconf 75' lang='lat' dir='ltr'><strong>Et</strong></span> <span class='ocrx_word' id='word_1_75' title='bbox 1338 1089 1395 1141; x_wconf 78' lang='grc' dir='ltr'>δέ</span> <span class='ocrx_word' id='word_1_76' title='bbox 1433 1106 1517 1153; x_wconf 85' lang='grc' dir='ltr'><strong>τις</strong></span> <span class='ocrx_word' id='word_1_77' title='bbox 1550 1091 1771 1142; x_wconf 84' lang='grc' dir='ltr'>ἀπιστεῖ</span> 
     </span>
    </p>
   </div>
   <div class='ocr_carea' id='block_1_13' title="bbox 178 1176 1767 1248">
    <p class='ocr_par' dir='ltr' id='par_1_13' title="bbox 178 1176 1767 1248">
     <span class='ocr_line' id='line_1_13' title="bbox 178 1176 1767 1248; baseline 0.003 -21"><span class='ocrx_word' id='word_1_78' title='bbox 178 1176 411 1242; x_wconf 75' lang='grc' dir='ltr'><strong>τούτοις,</strong></span> <span class='ocrx_word' id='word_1_79' title='bbox 439 1179 534 1230; x_wconf 71' lang='grc' dir='ltr'>καὶ</span> <span class='ocrx_word' id='word_1_80' title='bbox 561 1178 667 1248; x_wconf 80' lang='grc' dir='ltr'><strong>γάρ</strong></span> <span class='ocrx_word' id='word_1_81' title='bbox 698 1178 866 1241; x_wconf 77' lang='grc' dir='ltr'>ὄντως</span> <span class='ocrx_word' id='word_1_82' title='bbox 895 1180 1033 1232; x_wconf 68' lang='grc' dir='ltr'>εἰσιν</span> <span class='ocrx_word' id='word_1_83' title='bbox 1067 1179 1337 1242; x_wconf 80' lang='grc' dir='ltr'>ἀπιστίας</span> <span class='ocrx_word' id='word_1_84' title='bbox 1376 1181 1525 1243; x_wconf 77' lang='grc' dir='ltr'>ἄξια,</span> <span class='ocrx_word' id='word_1_85' title='bbox 1569 1182 1662 1233; x_wconf 81' lang='grc' dir='ltr'>καὶ</span> <span class='ocrx_word' id='word_1_86' title='bbox 1706 1182 1767 1232; x_wconf 80' lang='grc' dir='ltr'><strong>ού</strong></span> 
     </span>
    </p>
   </div>
   <div class='ocr_carea' id='block_1_14' title="bbox 184 1269 1769 1340">
    <p class='ocr_par' dir='ltr' id='par_1_14' title="bbox 184 1269 1769 1340">
     <span class='ocr_line' id='line_1_14' title="bbox 184 1269 1769 1340; baseline 0.003 -20"><span class='ocrx_word' id='word_1_87' title='bbox 184 1269 477 1338; x_wconf 63' lang='grc' dir='ltr'>μέμφομαι</span> <span class='ocrx_word' id='word_1_88' title='bbox 527 1270 621 1322; x_wconf 78' lang='grc' dir='ltr'>τοῦ</span> <span class='ocrx_word' id='word_1_89' title='bbox 664 1272 870 1333; x_wconf 78' lang='grc' dir='ltr'>πάθους</span> <span class='ocrx_word' id='word_1_90' title='bbox 918 1271 1261 1324; x_wconf 79' lang='grc' dir='ltr'>δικαιοτάτου</span> <span class='ocrx_word' id='word_1_91' title='bbox 1322 1289 1385 1340; x_wconf 91' lang='grc' dir='ltr'><strong>γε</strong></span> <span class='ocrx_word' id='word_1_92' title='bbox 1431 1271 1605 1334; x_wconf 72' lang='grc' dir='ltr'>ὄντος,</span> <span class='ocrx_word' id='word_1_93' title='bbox 1648 1274 1769 1325; x_wconf 72' lang='grc' dir='ltr'>ἐπεὶ</span> 
     </span>
    </p>
   </div>
   <div class='ocr_carea' id='block_1_15' title="bbox 178 1360 1742 1433">
    <p class='ocr_par' dir='ltr' id='par_1_15' title="bbox 178 1360 1742 1433">
     <span class='ocr_line' id='line_1_15' title="bbox 178 1360 1742 1433; baseline 0.003 -23"><span class='ocrx_word' id='word_1_94' title='bbox 178 1360 242 1411; x_wconf 59' lang='grc' dir='ltr'>τὶ</span> <span class='ocrx_word' id='word_1_95' title='bbox 277 1361 351 1429; x_wconf 80' lang='grc' dir='ltr'>μὴ</span> <span class='ocrx_word' id='word_1_96' title='bbox 387 1361 777 1417; x_wconf 86' lang='grc' dir='ltr'>ἀπιστεῖν.τῶν</span> <span class='ocrx_word' id='word_1_97' title='bbox 821 1362 1081 1414; x_wconf 74' lang='grc' dir='ltr'>τοιούτων</span> <span class='ocrx_word' id='word_1_98' title='bbox 1127 1362 1315 1415; x_wconf 84' lang='grc' dir='ltr'>κακῶν</span> <span class='ocrx_word' id='word_1_99' title='bbox 1356 1363 1455 1415; x_wconf 69' lang='grc' dir='ltr'>οὐκ</span> <span class='ocrx_word' id='word_1_100' title='bbox 1511 1364 1742 1433; x_wconf 76' lang='grc' dir='ltr'>ἄμοιρον</span> 
     </span>
    </p>
   </div>
   <div class='ocr_carea' id='block_1_16' title="bbox 179 1449 1766 1525">
    <p class='ocr_par' dir='ltr' id='par_1_16' title="bbox 179 1449 1766 1525">
     <span class='ocr_line' id='line_1_16' title="bbox 179 1449 1766 1525; baseline 0.003 -22"><span class='ocrx_word' id='word_1_101' title='bbox 179 1449 398 1521; x_wconf 77' lang='grc' dir='ltr'><strong>ἐλέγχει</strong></span> <span class='ocrx_word' id='word_1_102' title='bbox 429 1451 519 1505; x_wconf 81' lang='grc' dir='ltr'>τὸν</span> <span class='ocrx_word' id='word_1_103' title='bbox 557 1453 758 1522; x_wconf 72' lang='grc' dir='ltr'>ῥαδίως</span> <span class='ocrx_word' id='word_1_104' title='bbox 783 1454 1170 1508; x_wconf 77' lang='grc' dir='ltr'>πιστεύσαντα.</span> <span class='ocrx_word' id='word_1_105' title='bbox 1206 1454 1279 1507; x_wconf 85' lang='grc' dir='ltr'><strong>Τὸ</strong></span> <span class='ocrx_word' id='word_1_106' title='bbox 1310 1455 1420 1525; x_wconf 85' lang='grc' dir='ltr'><strong>γὰρ</strong></span> <span class='ocrx_word' id='word_1_107' title='bbox 1451 1457 1531 1518; x_wconf 86' lang='grc' dir='ltr'><strong>εἰς</strong></span> <span class='ocrx_word' id='word_1_108' title='bbox 1559 1471 1766 1521; x_wconf 85' lang='grc' dir='ltr'>συγκα-</span> 
     </span>
    </p>
   </div>
   <div class='ocr_carea' id='block_1_17' title="bbox 175 1543 1767 1617">
    <p class='ocr_par' dir='ltr' id='par_1_17' title="bbox 175 1543 1767 1617">
     <span class='ocr_line' id='line_1_17' title="bbox 175 1543 1767 1617; baseline 0.001 -22"><span class='ocrx_word' id='word_1_109' title='bbox 175 1543 405 1595; x_wconf 82' lang='grc' dir='ltr'>τάθεσιν</span> <span class='ocrx_word' id='word_1_110' title='bbox 439 1544 680 1614; x_wconf 80' lang='grc' dir='ltr'>ἕτοιμον,</span> <span class='ocrx_word' id='word_1_111' title='bbox 717 1548 810 1598; x_wconf 76' lang='grc' dir='ltr'>καὶ</span> <span class='ocrx_word' id='word_1_112' title='bbox 838 1548 919 1608; x_wconf 84' lang='grc' dir='ltr'><strong>είς</strong></span> <span class='ocrx_word' id='word_1_113' title='bbox 952 1549 1151 1617; x_wconf 82' lang='grc' dir='ltr'>πεῖραν</span> <span class='ocrx_word' id='word_1_114' title='bbox 1194 1549 1567 1615; x_wconf 63' lang='grc' dir='ltr'>ἑτοιμότατον.</span> <span class='ocrx_word' id='word_1_115' title='bbox 1626 1547 1767 1598; x_wconf 82' lang='grc' dir='ltr'>Ἀλλ’</span> 
     </span>
    </p>
   </div>
   <div class='ocr_carea' id='block_1_18' title="bbox 176 1635 1765 1707">
    <p class='ocr_par' dir='ltr' id='par_1_18' title="bbox 176 1635 1765 1707">
     <span class='ocr_line' id='line_1_18' title="bbox 176 1635 1765 1707; baseline 0.003 -21"><span class='ocrx_word' id='word_1_116' title='bbox 176 1635 328 1704; x_wconf 74' lang='grc' dir='ltr'>ἡμᾶς</span> <span class='ocrx_word' id='word_1_117' title='bbox 358 1650 421 1703; x_wconf 88' lang='grc' dir='ltr'><strong>γε</strong></span> <span class='ocrx_word' id='word_1_118' title='bbox 452 1637 484 1705; x_wconf 82' lang='grc' dir='ltr'>ἡ</span> <span class='ocrx_word' id='word_1_119' title='bbox 511 1639 697 1705; x_wconf 83' lang='grc' dir='ltr'>πεῖρα,</span> <span class='ocrx_word' id='word_1_120' title='bbox 730 1637 796 1707; x_wconf 74' lang='grc' dir='ltr'>ἦν</span> <span class='ocrx_word' id='word_1_121' title='bbox 826 1655 886 1689; x_wconf 90' lang='grc' dir='ltr'><strong>τε</strong></span> <span class='ocrx_word' id='word_1_122' title='bbox 917 1640 979 1690; x_wconf 83' lang='grc' dir='ltr'>ὲκ</span> <span class='ocrx_word' id='word_1_123' title='bbox 1010 1638 1115 1691; x_wconf 85' lang='grc' dir='ltr'><strong>τῶν</strong></span> <span class='ocrx_word' id='word_1_124' title='bbox 1146 1638 1345 1707; x_wconf 70' lang='grc' dir='ltr'>βίϐλων</span> <span class='ocrx_word' id='word_1_125' title='bbox 1379 1637 1544 1691; x_wconf 73' lang='grc' dir='ltr'>αὑτοῦ</span> <span class='ocrx_word' id='word_1_126' title='bbox 1585 1654 1765 1690; x_wconf 80' lang='grc' dir='ltr'>συνει-</span> 
     </span>
    </p>
   </div>
   <div class='ocr_carea' id='block_1_19' title="bbox 175 1725 1761 1801">
    <p class='ocr_par' dir='ltr' id='par_1_19' title="bbox 175 1725 1761 1801">
     <span class='ocr_line' id='line_1_19' title="bbox 175 1725 1761 1801; baseline 0.002 -24"><span class='ocrx_word' id='word_1_127' title='bbox 175 1725 447 1796; x_wconf 82' lang='grc' dir='ltr'>λέγμεθα,</span> <span class='ocrx_word' id='word_1_128' title='bbox 474 1728 566 1780; x_wconf 71' lang='grc' dir='ltr'>καὶ</span> <span class='ocrx_word' id='word_1_129' title='bbox 590 1728 655 1800; x_wconf 82' lang='grc' dir='ltr'>ἣν</span> <span class='ocrx_word' id='word_1_130' title='bbox 680 1729 743 1780; x_wconf 81' lang='grc' dir='ltr'>ἐκ</span> <span class='ocrx_word' id='word_1_131' title='bbox 768 1729 875 1782; x_wconf 87' lang='grc' dir='ltr'><strong>τῶν</strong></span> <span class='ocrx_word' id='word_1_132' title='bbox 898 1728 1204 1801; x_wconf 76' lang='grc' dir='ltr'>ζηλούντων</span> <span class='ocrx_word' id='word_1_133' title='bbox 1230 1730 1389 1783; x_wconf 69' lang='grc' dir='ltr'>αὑτὸν</span> <span class='ocrx_word' id='word_1_134' title='bbox 1416 1730 1761 1799; x_wconf 75' lang='grc' dir='ltr'>ἀκηκόαμεν.</span> 
     </span>
    </p>
   </div>
   <div class='ocr_carea' id='block_1_20' title="bbox 1876 547 3448 624">
    <p class='ocr_par' dir='ltr' id='par_1_20' title="bbox 1876 547 3448 624">
     <span class='ocr_line' id='line_1_20' title="bbox 1876 547 3448 624; baseline 0.003 -23"><span class='ocrx_word' id='word_1_135' title='bbox 1876 547 2183 602; x_wconf 89' lang='lat' dir='ltr'><strong>secundum</strong></span> <span class='ocrx_word' id='word_1_136' title='bbox 2233 563 2455 603; x_wconf 90' lang='lat' dir='ltr'><strong>carnem</strong></span> <span class='ocrx_word' id='word_1_137' title='bbox 2486 554 2639 614; x_wconf 89' lang='lat' dir='ltr'><strong>ortu,</strong></span> <span class='ocrx_word' id='word_1_138' title='bbox 2676 555 2845 602; x_wconf 87' lang='lat' dir='ltr'><strong>totam</strong></span> <span class='ocrx_word' id='word_1_139' title='bbox 2895 547 3155 618; x_wconf 88' lang='lat' dir='ltr'><strong>deinceps</strong></span> <span class='ocrx_word' id='word_1_140' title='bbox 3199 550 3448 624; x_wconf 84' lang='lat' dir='ltr'><strong>mysterii</strong></span> 
     </span>
    </p>
   </div>
   <div class='ocr_carea' id='block_1_21' title="bbox 1874 637 3451 707">
    <p class='ocr_par' dir='ltr' id='par_1_21' title="bbox 1874 637 3451 707">
     <span class='ocr_line' id='line_1_21' title="bbox 1874 637 3451 707; baseline 0.003 -15"><span class='ocrx_word' id='word_1_141' title='bbox 1874 639 2325 693; x_wconf 83' lang='lat' dir='ltr'><strong>consecutionem</strong></span> <span class='ocrx_word' id='word_1_142' title='bbox 2375 637 2689 694; x_wconf 87' lang='lat' dir='ltr'><strong>destruens.</strong></span> <span class='ocrx_word' id='word_1_143' title='bbox 2742 637 2946 707; x_wconf 78' lang='lat' dir='ltr'><strong>Captus</strong></span> <span class='ocrx_word' id='word_1_144' title='bbox 2992 647 3179 693; x_wconf 89' lang='lat' dir='ltr'><strong>tamen</strong></span> <span class='ocrx_word' id='word_1_145' title='bbox 3229 650 3347 707; x_wconf 88' lang='lat' dir='ltr'><strong>est;</strong></span> <span class='ocrx_word' id='word_1_146' title='bbox 3392 648 3451 696; x_wconf 86' lang='lat' dir='ltr'><strong>et</strong></span> 
     </span>
    </p>
   </div>
   <div class='ocr_carea' id='block_1_22' title="bbox 1873 729 3450 800">
    <p class='ocr_par' dir='ltr' id='par_1_22' title="bbox 1873 729 3450 800">
     <span class='ocr_line' id='line_1_22' title="bbox 1873 729 3450 800; baseline 0.003 -18"><span class='ocrx_word' id='word_1_147' title='bbox 1873 742 2150 782; x_wconf 89' lang='lat' dir='ltr'><strong>summum</strong></span> <span class='ocrx_word' id='word_1_148' title='bbox 2204 729 2541 798; x_wconf 85' lang='lat' dir='ltr'><strong>supplicium</strong></span> <span class='ocrx_word' id='word_1_149' title='bbox 2591 729 2799 784; x_wconf 77' lang='lat' dir='ltr'><strong>subivit</strong></span> <span class='ocrx_word' id='word_1_150' title='bbox 2845 732 3056 800; x_wconf 89' lang='lat' dir='ltr'><strong>ejectus</strong></span> <span class='ocrx_word' id='word_1_151' title='bbox 3084 745 3149 784; x_wconf 85' lang='lat' dir='ltr'><strong>ex</strong></span> <span class='ocrx_word' id='word_1_152' title='bbox 3186 742 3332 786; x_wconf 66' lang='lat' dir='ltr'><strong>coetu</strong></span> <span class='ocrx_word' id='word_1_153' title='bbox 3363 731 3450 787; x_wconf 70' lang='lat' dir='ltr'><strong>di-</strong></span> 
     </span>
    </p>
   </div>
   <div class='ocr_carea' id='block_1_23' title="bbox 1871 820 3448 891">
    <p class='ocr_par' dir='ltr' id='par_1_23' title="bbox 1871 820 3448 891">
     <span class='ocr_line' id='line_1_23' title="bbox 1871 820 3448 891; baseline 0.003 -19"><span class='ocrx_word' id='word_1_154' title='bbox 1871 820 2002 872; x_wconf 87' lang='lat' dir='ltr'><strong>vino</strong></span> <span class='ocrx_word' id='word_1_155' title='bbox 2025 835 2151 873; x_wconf 89' lang='lat' dir='ltr'><strong>cum</strong></span> <span class='ocrx_word' id='word_1_156' title='bbox 2189 820 2587 889; x_wconf 87' lang='lat' dir='ltr'><strong>impietatibus,</strong></span> <span class='ocrx_word' id='word_1_157' title='bbox 2613 822 2671 875; x_wconf 87' lang='lat' dir='ltr'><strong>in</strong></span> <span class='ocrx_word' id='word_1_158' title='bbox 2703 821 2908 890; x_wconf 84' lang='lat' dir='ltr'><strong>quibus</strong></span> <span class='ocrx_word' id='word_1_159' title='bbox 2929 837 2959 875; x_wconf 90' lang='lat' dir='ltr'><strong>a</strong></span> <span class='ocrx_word' id='word_1_160' title='bbox 2993 832 3043 875; x_wconf 90' lang='lat' dir='ltr'><strong>te</strong></span> <span class='ocrx_word' id='word_1_161' title='bbox 3068 822 3305 891; x_wconf 86' lang='lat' dir='ltr'><strong>sumptis</strong></span> <span class='ocrx_word' id='word_1_162' title='bbox 3327 823 3448 876; x_wconf 82' lang='lat' dir='ltr'><strong>cul-</strong></span> 
     </span>
    </p>
   </div>
   <div class='ocr_carea' id='block_1_24' title="bbox 1872 908 3447 979">
    <p class='ocr_par' dir='ltr' id='par_1_24' title="bbox 1872 908 3447 979">
     <span class='ocr_line' id='line_1_24' title="bbox 1872 908 3447 979; baseline 0.003 -19"><span class='ocrx_word' id='word_1_163' title='bbox 1872 915 1962 960; x_wconf 87' lang='lat' dir='ltr'><strong>tus</strong></span> <span class='ocrx_word' id='word_1_164' title='bbox 2000 908 2122 976; x_wconf 85' lang='lat' dir='ltr'><strong>ejus</strong></span> <span class='ocrx_word' id='word_1_165' title='bbox 2175 908 2525 964; x_wconf 78' lang='lat' dir='ltr'><strong>elaboravit:</strong></span> <span class='ocrx_word' id='word_1_166' title='bbox 2561 925 2862 979; x_wconf 75' lang='lat' dir='ltr'><strong>pmnasque</strong></span> <span class='ocrx_word' id='word_1_167' title='bbox 2897 909 3170 964; x_wconf 88' lang='lat' dir='ltr'><strong>doctrinis</strong></span> <span class='ocrx_word' id='word_1_168' title='bbox 3220 911 3327 965; x_wconf 89' lang='lat' dir='ltr'><strong>tuis</strong></span> <span class='ocrx_word' id='word_1_169' title='bbox 3358 911 3447 965; x_wconf 85' lang='lat' dir='ltr'><strong>di-</strong></span> 
     </span>
    </p>
   </div>
   <div class='ocr_carea' id='block_1_25' title="bbox 1871 998 3443 1070">
    <p class='ocr_par' dir='ltr' id='par_1_25' title="bbox 1871 998 3443 1070">
     <span class='ocr_line' id='line_1_25' title="bbox 1871 998 3443 1070; baseline 0.004 -22"><span class='ocrx_word' id='word_1_170' title='bbox 1871 1012 2007 1066; x_wconf 84' lang='lat' dir='ltr'><strong>gnas</strong></span> <span class='ocrx_word' id='word_1_171' title='bbox 2042 998 2489 1067; x_wconf 82' lang='lat' dir='ltr'><strong>persolvit.Satis</strong></span> <span class='ocrx_word' id='word_1_172' title='bbox 2523 1010 2653 1053; x_wconf 90' lang='lat' dir='ltr'><strong>sunt</strong></span> <span class='ocrx_word' id='word_1_173' title='bbox 2683 1000 2801 1054; x_wconf 64' lang='lat' dir='ltr'><strong>lucc</strong></span> <span class='ocrx_word' id='word_1_174' title='bbox 2830 999 2897 1054; x_wconf 92' lang='lat' dir='ltr'><strong>ad</strong></span> <span class='ocrx_word' id='word_1_175' title='bbox 2931 1002 3443 1070; x_wconf 71' lang='lat' dir='ltr'><strong>reprzesentandum</strong></span> 
     </span>
    </p>
   </div>
   <div class='ocr_carea' id='block_1_26' title="bbox 1872 1088 3442 1161">
    <p class='ocr_par' dir='ltr' id='par_1_26' title="bbox 1872 1088 3442 1161">
     <span class='ocr_line' id='line_1_26' title="bbox 1872 1088 3442 1161; baseline 0.004 -21"><span class='ocrx_word' id='word_1_176' title='bbox 1872 1088 2030 1143; x_wconf 83' lang='lat' dir='ltr'><strong>istius</strong></span> <span class='ocrx_word' id='word_1_177' title='bbox 2064 1090 2168 1143; x_wconf 85' lang='lat' dir='ltr'><strong>viri</strong></span> <span class='ocrx_word' id='word_1_178' title='bbox 2206 1090 2571 1158; x_wconf 82' lang='lat' dir='ltr'><strong>impietatem,</strong></span> <span class='ocrx_word' id='word_1_179' title='bbox 2611 1108 2752 1158; x_wconf 66' lang='lat' dir='ltr'><strong>quaa,</strong></span> <span class='ocrx_word' id='word_1_180' title='bbox 2790 1100 2849 1145; x_wconf 90' lang='lat' dir='ltr'><strong>ut</strong></span> <span class='ocrx_word' id='word_1_181' title='bbox 2893 1102 2980 1147; x_wconf 90' lang='lat' dir='ltr'><strong>est</strong></span> <span class='ocrx_word' id='word_1_182' title='bbox 3034 1093 3089 1146; x_wconf 91' lang='lat' dir='ltr'><strong>in</strong></span> <span class='ocrx_word' id='word_1_183' title='bbox 3126 1093 3442 1161; x_wconf 85' lang='lat' dir='ltr'><strong>proverbio,</strong></span> 
     </span>
    </p>
   </div>
   <div class='ocr_carea' id='block_1_27' title="bbox 1869 1180 3444 1251">
    <p class='ocr_par' dir='ltr' id='par_1_27' title="bbox 1869 1180 3444 1251">
     <span class='ocr_line' id='line_1_27' title="bbox 1869 1180 3444 1251; baseline 0.003 -18"><span class='ocrx_word' id='word_1_184' title='bbox 1869 1195 1936 1233; x_wconf 80' lang='lat' dir='ltr'><strong>ex</strong></span> <span class='ocrx_word' id='word_1_185' title='bbox 2001 1180 2281 1249; x_wconf 81' lang='lat' dir='ltr'><strong>unguibus</strong></span> <span class='ocrx_word' id='word_1_186' title='bbox 2340 1181 2557 1235; x_wconf 90' lang='lat' dir='ltr'><strong>leonem</strong></span> <span class='ocrx_word' id='word_1_187' title='bbox 2612 1181 3017 1236; x_wconf 83' lang='lat' dir='ltr'><strong>demonstrant.</strong></span> <span class='ocrx_word' id='word_1_188' title='bbox 3053 1181 3106 1236; x_wconf 91' lang='lat' dir='ltr'><strong>Si</strong></span> <span class='ocrx_word' id='word_1_189' title='bbox 3146 1184 3270 1251; x_wconf 86' lang='lat' dir='ltr'><strong>quis</strong></span> <span class='ocrx_word' id='word_1_190' title='bbox 3313 1198 3444 1237; x_wconf 83' lang='lat' dir='ltr'><strong>vero</strong></span> 
     </span>
    </p>
   </div>
   <div class='ocr_carea' id='block_1_28' title="bbox 1868 1269 3445 1339">
    <p class='ocr_par' dir='ltr' id='par_1_28' title="bbox 1868 1269 3445 1339">
     <span class='ocr_line' id='line_1_28' title="bbox 1868 1269 3445 1339; baseline 0 -16"><span class='ocrx_word' id='word_1_191' title='bbox 1868 1269 1988 1323; x_wconf 60' lang='lat' dir='ltr'><strong>hinc</strong></span> <span class='ocrx_word' id='word_1_192' title='bbox 2044 1284 2156 1321; x_wconf 88' lang='lat' dir='ltr'><strong>non</strong></span> <span class='ocrx_word' id='word_1_193' title='bbox 2200 1269 2399 1332; x_wconf 87' lang='lat' dir='ltr'><strong>credit,</strong></span> <span class='ocrx_word' id='word_1_194' title='bbox 2432 1278 2561 1322; x_wconf 88' lang='lat' dir='ltr'><strong>sunt</strong></span> <span class='ocrx_word' id='word_1_195' title='bbox 2609 1269 2757 1323; x_wconf 89' lang='lat' dir='ltr'><strong>enim</strong></span> <span class='ocrx_word' id='word_1_196' title='bbox 2818 1286 3007 1323; x_wconf 79' lang='lat' dir='ltr'><strong>revera</strong></span> <span class='ocrx_word' id='word_1_197' title='bbox 3041 1270 3204 1339; x_wconf 80' lang='lat' dir='ltr'><strong>digna</strong></span> <span class='ocrx_word' id='word_1_198' title='bbox 3244 1280 3303 1324; x_wconf 89' lang='lat' dir='ltr'><strong>ut</strong></span> <span class='ocrx_word' id='word_1_199' title='bbox 3334 1285 3445 1323; x_wconf 90' lang='lat' dir='ltr'><strong>non</strong></span> 
     </span>
    </p>
   </div>
   <div class='ocr_carea' id='block_1_29' title="bbox 1869 1358 3447 1429">
    <p class='ocr_par' dir='ltr' id='par_1_29' title="bbox 1869 1358 3447 1429">
     <span class='ocr_line' id='line_1_29' title="bbox 1869 1358 3447 1429; baseline 0.002 -17"><span class='ocrx_word' id='word_1_200' title='bbox 1869 1358 2210 1412; x_wconf 83' lang='lat' dir='ltr'><strong>credantur:</strong></span> <span class='ocrx_word' id='word_1_201' title='bbox 2248 1375 2354 1412; x_wconf 87' lang='lat' dir='ltr'><strong>non</strong></span> <span class='ocrx_word' id='word_1_202' title='bbox 2395 1361 2674 1428; x_wconf 86' lang='lat' dir='ltr'><strong>vitupero,</strong></span> <span class='ocrx_word' id='word_1_203' title='bbox 2701 1374 2879 1427; x_wconf 87' lang='lat' dir='ltr'><strong>neque</strong></span> <span class='ocrx_word' id='word_1_204' title='bbox 2913 1376 3135 1427; x_wconf 88' lang='lat' dir='ltr'><strong>queror,</strong></span> <span class='ocrx_word' id='word_1_205' title='bbox 3155 1360 3303 1429; x_wconf 90' lang='lat' dir='ltr'><strong>quod</strong></span> <span class='ocrx_word' id='word_1_206' title='bbox 3339 1360 3447 1416; x_wconf 86' lang='lat' dir='ltr'><strong>hoc</strong></span> 
     </span>
    </p>
   </div>
   <div class='ocr_carea' id='block_1_30' title="bbox 1868 1450 3445 1518">
    <p class='ocr_par' dir='ltr' id='par_1_30' title="bbox 1868 1450 3445 1518">
     <span class='ocr_line' id='line_1_30' title="bbox 1868 1450 3445 1518; baseline 0.004 -16"><span class='ocrx_word' id='word_1_207' title='bbox 1868 1450 2102 1505; x_wconf 88' lang='lat' dir='ltr'><strong>accidat.</strong></span> <span class='ocrx_word' id='word_1_208' title='bbox 2129 1450 2259 1518; x_wconf 87' lang='lat' dir='ltr'><strong>quia</strong></span> <span class='ocrx_word' id='word_1_209' title='bbox 2292 1465 2401 1503; x_wconf 88' lang='lat' dir='ltr'><strong>non</strong></span> <span class='ocrx_word' id='word_1_210' title='bbox 2445 1450 2627 1503; x_wconf 88' lang='lat' dir='ltr'><strong>videri</strong></span> <span class='ocrx_word' id='word_1_211' title='bbox 2678 1450 2793 1503; x_wconf 68' lang='lat' dir='ltr'><strong>haec</strong></span> <span class='ocrx_word' id='word_1_212' title='bbox 2828 1450 3175 1504; x_wconf 86' lang='lat' dir='ltr'><strong>incredibilia</strong></span> <span class='ocrx_word' id='word_1_213' title='bbox 3200 1453 3445 1509; x_wconf 82' lang='lat' dir='ltr'><strong>ostendit</strong></span> 
     </span>
    </p>
   </div>
   <div class='ocr_carea' id='block_1_31' title="bbox 1868 1542 3444 1615">
    <p class='ocr_par' dir='ltr' id='par_1_31' title="bbox 1868 1542 3444 1615">
     <span class='ocr_line' id='line_1_31' title="bbox 1868 1542 3444 1615; baseline 0.003 -20"><span class='ocrx_word' id='word_1_214' title='bbox 1868 1557 1991 1595; x_wconf 90' lang='lat' dir='ltr'><strong>eum</strong></span> <span class='ocrx_word' id='word_1_215' title='bbox 2036 1542 2130 1611; x_wconf 88' lang='lat' dir='ltr'><strong>qui</strong></span> <span class='ocrx_word' id='word_1_216' title='bbox 2168 1542 2328 1596; x_wconf 80' lang='lat' dir='ltr'><strong>facile</strong></span> <span class='ocrx_word' id='word_1_217' title='bbox 2356 1542 2616 1608; x_wconf 83' lang='lat' dir='ltr'><strong>credidit,</strong></span> <span class='ocrx_word' id='word_1_218' title='bbox 2644 1558 2763 1605; x_wconf 83' lang='lat' dir='ltr'><strong>non</strong></span> <span class='ocrx_word' id='word_1_219' title='bbox 2801 1558 2922 1597; x_wconf 91' lang='lat' dir='ltr'><strong>esse</strong></span> <span class='ocrx_word' id='word_1_220' title='bbox 2945 1554 3225 1613; x_wconf 81' lang='lat' dir='ltr'><strong>expertem</strong></span> <span class='ocrx_word' id='word_1_221' title='bbox 3249 1545 3444 1615; x_wconf 87' lang='lat' dir='ltr'><strong>hujus-</strong></span> 
     </span>
    </p>
   </div>
   <div class='ocr_carea' id='block_1_32' title="bbox 1868 1632 3441 1704">
    <p class='ocr_par' dir='ltr' id='par_1_32' title="bbox 1868 1632 3441 1704">
     <span class='ocr_line' id='line_1_32' title="bbox 1868 1632 3441 1704; baseline 0.003 -19"><span class='ocrx_word' id='word_1_222' title='bbox 1868 1632 2017 1686; x_wconf 88' lang='lat' dir='ltr'><strong>modi</strong></span> <span class='ocrx_word' id='word_1_223' title='bbox 2097 1632 2394 1686; x_wconf 86' lang='lat' dir='ltr'><strong>malorum.</strong></span> <span class='ocrx_word' id='word_1_224' title='bbox 2444 1632 2600 1698; x_wconf 86' lang='lat' dir='ltr'><strong>Quod</strong></span> <span class='ocrx_word' id='word_1_225' title='bbox 2664 1633 2815 1687; x_wconf 89' lang='lat' dir='ltr'><strong>enim</strong></span> <span class='ocrx_word' id='word_1_226' title='bbox 2871 1642 2957 1687; x_wconf 82' lang='lat' dir='ltr'><strong>est</strong></span> <span class='ocrx_word' id='word_1_227' title='bbox 2992 1647 3244 1704; x_wconf 89' lang='lat' dir='ltr'><strong>paratum</strong></span> <span class='ocrx_word' id='word_1_228' title='bbox 3282 1644 3337 1689; x_wconf 92' lang='lat' dir='ltr'><strong>et</strong></span> <span class='ocrx_word' id='word_1_229' title='bbox 3388 1636 3441 1689; x_wconf 92' lang='lat' dir='ltr'><strong>in</strong></span> 
     </span>
    </p>
   </div>
   <div class='ocr_carea' id='block_1_33' title="bbox 1868 1723 3445 1793">
    <p class='ocr_par' dir='ltr' id='par_1_33' title="bbox 1868 1723 3445 1793">
     <span class='ocr_line' id='line_1_33' title="bbox 1868 1723 3445 1793; baseline 0.003 -18"><span class='ocrx_word' id='word_1_230' title='bbox 1868 1731 2129 1792; x_wconf 89' lang='lat' dir='ltr'><strong>promptu</strong></span> <span class='ocrx_word' id='word_1_231' title='bbox 2162 1730 2223 1776; x_wconf 92' lang='lat' dir='ltr'><strong>ut</strong></span> <span class='ocrx_word' id='word_1_232' title='bbox 2249 1738 2531 1776; x_wconf 81' lang='lat' dir='ltr'><strong>assensum</strong></span> <span class='ocrx_word' id='word_1_233' title='bbox 2571 1723 2791 1786; x_wconf 86' lang='lat' dir='ltr'><strong>habeat,</strong></span> <span class='ocrx_word' id='word_1_234' title='bbox 2828 1725 2991 1777; x_wconf 88' lang='lat' dir='ltr'><strong>etiam</strong></span> <span class='ocrx_word' id='word_1_235' title='bbox 3043 1733 3126 1778; x_wconf 88' lang='lat' dir='ltr'><strong>est</strong></span> <span class='ocrx_word' id='word_1_236' title='bbox 3165 1725 3445 1793; x_wconf 80' lang='lat' dir='ltr'><strong>paratissi-</strong></span> 
     </span>
    </p>
   </div>
   <div class='ocr_carea' id='block_1_34' title="bbox 174 1792 1764 1891">
    <p class='ocr_par' dir='ltr' id='par_1_34' title="bbox 174 1817 1764 1891">
     <span class='ocr_line' id='line_1_34' title="bbox 174 1817 1764 1891; baseline 0.003 -22"><span class='ocrx_word' id='word_1_237' title='bbox 174 1817 432 1872; x_wconf 87' lang='grc' dir='ltr'>ἀπιστεῖν</span> <span class='ocrx_word' id='word_1_238' title='bbox 480 1821 582 1874; x_wconf 87' lang='grc' dir='ltr'>οὐκ</span> <span class='ocrx_word' id='word_1_239' title='bbox 634 1822 947 1891; x_wconf 80' lang='grc' dir='ltr'>ἐπιτρέπει,</span> <span class='ocrx_word' id='word_1_240' title='bbox 984 1821 1186 1891; x_wconf 87' lang='grc' dir='ltr'>καίπερ</span> <span class='ocrx_word' id='word_1_241' title='bbox 1216 1821 1679 1886; x_wconf 68' lang='grc' dir='ltr'>ἐθέλονταςνιῖῶς</span> <span class='ocrx_word' id='word_1_242' title='bbox 1709 1822 1764 1873; x_wconf 85' lang='grc' dir='ltr'>δὲ</span> 
     </span>
    </p>
   </div>
   <div class='ocr_carea' id='block_1_35' title="bbox 1871 1792 3441 1891">
    <p class='ocr_par' dir='ltr' id='par_1_35' title="bbox 1871 1815 3441 1888">
     <span class='ocr_line' id='line_1_35' title="bbox 1871 1815 3441 1888; baseline 0.003 -20"><span class='ocrx_word' id='word_1_243' title='bbox 1871 1831 2017 1869; x_wconf 89' lang='lat' dir='ltr'><strong>mum</strong></span> <span class='ocrx_word' id='word_1_244' title='bbox 2072 1815 2142 1870; x_wconf 88' lang='lat' dir='ltr'><strong>ad</strong></span> <span class='ocrx_word' id='word_1_245' title='bbox 2200 1816 2619 1884; x_wconf 81' lang='lat' dir='ltr'><strong>experientiam.</strong></span> <span class='ocrx_word' id='word_1_246' title='bbox 2651 1816 2720 1870; x_wconf 84' lang='lat' dir='ltr'><strong>At</strong></span> <span class='ocrx_word' id='word_1_247' title='bbox 2752 1831 2853 1869; x_wconf 88' lang='lat' dir='ltr'><strong>nos</strong></span> <span class='ocrx_word' id='word_1_248' title='bbox 2894 1817 3243 1885; x_wconf 78' lang='lat' dir='ltr'><strong>experientia</strong></span> <span class='ocrx_word' id='word_1_249' title='bbox 3276 1834 3441 1888; x_wconf 81' lang='lat' dir='ltr'><strong>quam</strong></span> 
     </span>
    </p>
   </div>
   <div class='ocr_carea' id='block_1_36' title="bbox 178 1912 1765 1983">
    <p class='ocr_par' dir='ltr' id='par_1_36' title="bbox 178 1912 1765 1983">
     <span class='ocr_line' id='line_1_36' title="bbox 178 1912 1765 1983; baseline 0.002 -22"><span class='ocrx_word' id='word_1_250' title='bbox 178 1912 278 1963; x_wconf 74' lang='grc' dir='ltr'>καὶ</span> <span class='ocrx_word' id='word_1_251' title='bbox 301 1912 554 1965; x_wconf 83' lang='grc' dir='ltr'>άπιστεῖν</span> <span class='ocrx_word' id='word_1_252' title='bbox 610 1913 903 1983; x_wconf 80' lang='grc' dir='ltr'>δυναίμην,</span> <span class='ocrx_word' id='word_1_253' title='bbox 962 1914 1072 1967; x_wconf 90' lang='grc' dir='ltr'><strong>τῶν</strong></span> <span class='ocrx_word' id='word_1_254' title='bbox 1112 1913 1299 1968; x_wconf 85' lang='grc' dir='ltr'>κακῶν</span> <span class='ocrx_word' id='word_1_255' title='bbox 1343 1914 1444 1982; x_wconf 74' lang='grc' dir='ltr'>τὴν</span> <span class='ocrx_word' id='word_1_256' title='bbox 1477 1914 1675 1981; x_wconf 86' lang='grc' dir='ltr'>πεῖραν</span> <span class='ocrx_word' id='word_1_257' title='bbox 1707 1914 1765 1965; x_wconf 75' lang='grc' dir='ltr'>ἐν</span> 
     </span>
    </p>
   </div>
   <div class='ocr_carea' id='block_1_37' title="bbox 171 2001 1010 2073">
    <p class='ocr_par' dir='ltr' id='par_1_37' title="bbox 171 2001 1010 2073">
     <span class='ocr_line' id='line_1_37' title="bbox 171 2001 1010 2073; baseline 0.007 -21"><span class='ocrx_word' id='word_1_258' title='bbox 171 2001 405 2071; x_wconf 71' lang='grc' dir='ltr'>ἐμαυτῷ</span> <span class='ocrx_word' id='word_1_259' title='bbox 434 2006 581 2073; x_wconf 81' lang='grc' dir='ltr'>σχεῖν</span> <span class='ocrx_word' id='word_1_260' title='bbox 606 2004 965 2067; x_wconf 87' lang='grc' dir='ltr'>κινδυνεύσας</span> <span class='ocrx_word' id='word_1_261' title='bbox 994 2022 1010 2071; x_wconf 87' lang='grc'><strong>;</strong></span> 
     </span>
    </p>
   </div>
   <div class='ocr_carea' id='block_1_38' title="bbox 1864 1910 3440 1980">
    <p class='ocr_par' dir='ltr' id='par_1_38' title="bbox 1864 1910 3440 1980">
     <span class='ocr_line' id='line_1_38' title="bbox 1864 1910 3440 1980; baseline 0.001 -16"><span class='ocrx_word' id='word_1_262' title='bbox 1864 1925 1932 1964; x_wconf 74' lang='lat' dir='ltr'><strong>ex</strong></span> <span class='ocrx_word' id='word_1_263' title='bbox 1982 1910 2142 1962; x_wconf 87' lang='lat' dir='ltr'><strong>libris</strong></span> <span class='ocrx_word' id='word_1_264' title='bbox 2179 1911 2301 1978; x_wconf 89' lang='lat' dir='ltr'><strong>ejus</strong></span> <span class='ocrx_word' id='word_1_265' title='bbox 2334 1910 2682 1979; x_wconf 71' lang='lat' dir='ltr'><strong>collegimus,</strong></span> <span class='ocrx_word' id='word_1_266' title='bbox 2714 1918 2769 1963; x_wconf 90' lang='lat' dir='ltr'><strong>et</strong></span> <span class='ocrx_word' id='word_1_267' title='bbox 2800 1927 2964 1980; x_wconf 91' lang='lat' dir='ltr'><strong>quam</strong></span> <span class='ocrx_word' id='word_1_268' title='bbox 2998 1926 3065 1965; x_wconf 80' lang='lat' dir='ltr'><strong>ex</strong></span> <span class='ocrx_word' id='word_1_269' title='bbox 3106 1911 3177 1964; x_wconf 91' lang='lat' dir='ltr'><strong>iis</strong></span> <span class='ocrx_word' id='word_1_270' title='bbox 3194 1912 3290 1980; x_wconf 89' lang='lat' dir='ltr'><strong>qui</strong></span> <span class='ocrx_word' id='word_1_271' title='bbox 3312 1928 3440 1966; x_wconf 89' lang='lat' dir='ltr'><strong>eum</strong></span> 
     </span>
    </p>
   </div>
   <div class='ocr_carea' id='block_1_39' title="bbox 1864 1998 3440 2071">
    <p class='ocr_par' dir='ltr' id='par_1_39' title="bbox 1864 1998 3440 2071">
     <span class='ocr_line' id='line_1_39' title="bbox 1864 1998 3440 2071; baseline 0.002 -17"><span class='ocrx_word' id='word_1_272' title='bbox 1864 1999 2112 2054; x_wconf 88' lang='lat' dir='ltr'><strong>studiose</strong></span> <span class='ocrx_word' id='word_1_273' title='bbox 2148 1998 2347 2053; x_wconf 86' lang='lat' dir='ltr'><strong>imitati</strong></span> <span class='ocrx_word' id='word_1_274' title='bbox 2377 2000 3000 2066; x_wconf 82' lang='lat' dir='ltr'><strong>sunt,audivimus,n0n</strong></span> <span class='ocrx_word' id='word_1_275' title='bbox 3032 2001 3305 2071; x_wconf 87' lang='lat' dir='ltr'><strong>permittit</strong></span> <span class='ocrx_word' id='word_1_276' title='bbox 3327 2018 3440 2058; x_wconf 86' lang='lat' dir='ltr'><strong>non</strong></span> 
     </span>
    </p>
   </div>
   <div class='ocr_carea' id='block_1_40' title="bbox 172 2089 3440 2166">
    <p class='ocr_par' dir='ltr' id='par_1_40' title="bbox 172 2089 3440 2166">
     <span class='ocr_line' id='line_1_40' title="bbox 172 2089 3440 2166; baseline 0 -18"><span class='ocrx_word' id='word_1_277' title='bbox 172 2094 406 2148; x_wconf 88' lang='lat' dir='ltr'><strong>credere</strong></span> <span class='ocrx_word' id='word_1_278' title='bbox 435 2110 562 2148; x_wconf 91' lang='lat' dir='ltr'><strong>cum</strong></span> <span class='ocrx_word' id='word_1_279' title='bbox 589 2094 796 2164; x_wconf 89' lang='lat' dir='ltr'><strong>alioqui</strong></span> <span class='ocrx_word' id='word_1_280' title='bbox 828 2095 1115 2149; x_wconf 87' lang='lat' dir='ltr'><strong>vellemus.</strong></span> <span class='ocrx_word' id='word_1_281' title='bbox 1145 2094 1436 2161; x_wconf 81' lang='lat' dir='ltr'><strong>Quomodo</strong></span> <span class='ocrx_word' id='word_1_282' title='bbox 1469 2110 1601 2151; x_wconf 89' lang='lat' dir='ltr'><strong>vero</strong></span> <span class='ocrx_word' id='word_1_283' title='bbox 1628 2106 1850 2166; x_wconf 88' lang='lat' dir='ltr'><strong>possem</strong></span> <span class='ocrx_word' id='word_1_284' title='bbox 1896 2106 2008 2144; x_wconf 89' lang='lat' dir='ltr'><strong>non</strong></span> <span class='ocrx_word' id='word_1_285' title='bbox 2062 2089 2317 2154; x_wconf 85' lang='lat' dir='ltr'><strong>credere.</strong></span> <span class='ocrx_word' id='word_1_286' title='bbox 2376 2091 2472 2160; x_wconf 89' lang='lat' dir='ltr'><strong>qui</strong></span> <span class='ocrx_word' id='word_1_287' title='bbox 2539 2093 2812 2146; x_wconf 88' lang='lat' dir='ltr'><strong>malorum</strong></span> <span class='ocrx_word' id='word_1_288' title='bbox 2873 2093 3319 2162; x_wconf 84' lang='lat' dir='ltr'><strong>experimentum</strong></span> <span class='ocrx_word' id='word_1_289' title='bbox 3380 2094 3440 2149; x_wconf 90' lang='lat' dir='ltr'><strong>in</strong></span> 
     </span>
    </p>
   </div>
   <div class='ocr_carea' id='block_1_41' title="bbox 171 2188 1033 2258">
    <p class='ocr_par' dir='ltr' id='par_1_41' title="bbox 171 2188 1033 2258">
     <span class='ocr_line' id='line_1_41' title="bbox 171 2188 1033 2258; baseline 0.001 -16"><span class='ocrx_word' id='word_1_290' title='bbox 171 2203 268 2243; x_wconf 87' lang='lat' dir='ltr'><strong>me</strong></span> <span class='ocrx_word' id='word_1_291' title='bbox 293 2188 413 2258; x_wconf 88' lang='lat' dir='ltr'><strong>ipso</strong></span> <span class='ocrx_word' id='word_1_292' title='bbox 450 2188 657 2242; x_wconf 89' lang='lat' dir='ltr'><strong>habere</strong></span> <span class='ocrx_word' id='word_1_293' title='bbox 687 2188 840 2243; x_wconf 88' lang='lat' dir='ltr'><strong>visus</strong></span> <span class='ocrx_word' id='word_1_294' title='bbox 867 2189 1033 2243; x_wconf 82' lang='lat' dir='ltr'><strong>sum?</strong></span> 
     </span>
    </p>
   </div>
   <div class='ocr_carea' id='block_1_42' title="bbox 250 2318 1756 2391">
    <p class='ocr_par' dir='ltr' id='par_1_42' title="bbox 250 2318 1756 2391">
     <span class='ocr_line' id='line_1_42' title="bbox 250 2318 1756 2391; baseline 0.001 -17"><span class='ocrx_word' id='word_1_295' title='bbox 250 2320 373 2375; x_wconf 73' lang='lat' dir='ltr'><strong>AG&#39;.</strong></span> <span class='ocrx_word' id='word_1_296' title='bbox 403 2322 466 2373; x_wconf 83' lang='grc' dir='ltr'>Οί</span> <span class='ocrx_word' id='word_1_297' title='bbox 495 2320 551 2373; x_wconf 80' lang='grc' dir='ltr'>δὲ</span> <span class='ocrx_word' id='word_1_298' title='bbox 583 2318 723 2390; x_wconf 80' lang='grc' dir='ltr'>(οὐδὲ</span> <span class='ocrx_word' id='word_1_299' title='bbox 751 2320 859 2389; x_wconf 86' lang='grc' dir='ltr'><strong>γάρ</strong></span> <span class='ocrx_word' id='word_1_300' title='bbox 886 2322 997 2373; x_wconf 69' lang='grc' dir='ltr'>είς-ι’</span> <span class='ocrx_word' id='word_1_301' title='bbox 1035 2321 1209 2389; x_wconf 71' lang='grc' dir='ltr'>σοφοὶ,</span> <span class='ocrx_word' id='word_1_302' title='bbox 1266 2321 1406 2391; x_wconf 84' lang='grc' dir='ltr'>πλὴν</span> <span class='ocrx_word' id='word_1_303' title='bbox 1460 2322 1622 2391; x_wconf 73' lang='grc' dir='ltr'>μόνου</span> <span class='ocrx_word' id='word_1_304' title='bbox 1662 2321 1756 2375; x_wconf 81' lang='grc' dir='ltr'>τοῦ</span> 
     </span>
    </p>
   </div>
   <div class='ocr_carea' id='block_1_43' title="bbox 173 2411 1760 2483">
    <p class='ocr_par' dir='ltr' id='par_1_43' title="bbox 173 2411 1760 2483">
     <span class='ocr_line' id='line_1_43' title="bbox 173 2411 1760 2483; baseline 0 -17"><span class='ocrx_word' id='word_1_305' title='bbox 173 2411 545 2481; x_wconf 82' lang='grc' dir='ltr'>κακοποιεῖν),</span> <span class='ocrx_word' id='word_1_306' title='bbox 570 2412 696 2463; x_wconf 69' lang='grc' dir='ltr'>ἐπεὶ</span> <span class='ocrx_word' id='word_1_307' title='bbox 725 2411 800 2483; x_wconf 81' lang='grc' dir='ltr'>μὴ</span> <span class='ocrx_word' id='word_1_308' title='bbox 828 2412 1082 2465; x_wconf 87' lang='grc' dir='ltr'>δύνανται</span> <span class='ocrx_word' id='word_1_309' title='bbox 1116 2413 1257 2481; x_wconf 79' lang='grc' dir='ltr'>ὑπὲρ</span> <span class='ocrx_word' id='word_1_310' title='bbox 1298 2414 1503 2466; x_wconf 87' lang='grc' dir='ltr'>τούτων</span> <span class='ocrx_word' id='word_1_311' title='bbox 1562 2414 1760 2467; x_wconf 86' lang='grc' dir='ltr'>ἀπολο-</span> 
     </span>
    </p>
   </div>
   <div class='ocr_carea' id='block_1_44' title="bbox 174 2501 1759 2574">
    <p class='ocr_par' dir='ltr' id='par_1_44' title="bbox 174 2501 1759 2574">
     <span class='ocr_line' id='line_1_44' title="bbox 174 2501 1759 2574; baseline 0.001 -19"><span class='ocrx_word' id='word_1_312' title='bbox 174 2501 478 2573; x_wconf 76' lang='grc' dir='ltr'>γήσασθαι,</span> <span class='ocrx_word' id='word_1_313' title='bbox 539 2504 633 2556; x_wconf 81' lang='grc' dir='ltr'>τὸν</span> <span class='ocrx_word' id='word_1_314' title='bbox 682 2503 856 2573; x_wconf 82' lang='grc' dir='ltr'>μέγαν</span> <span class='ocrx_word' id='word_1_315' title='bbox 904 2505 1035 2574; x_wconf 83' lang='grc' dir='ltr'>ἡμῖν</span> <span class='ocrx_word' id='word_1_316' title='bbox 1087 2503 1435 2573; x_wconf 82' lang='grc' dir='ltr'>προτείνουσι</span> <span class='ocrx_word' id='word_1_317' title='bbox 1478 2504 1759 2557; x_wconf 84' lang='grc' dir='ltr'>Βασίλειον</span> 
     </span>
    </p>
   </div>
   <div class='ocr_carea' id='block_1_45' title="bbox 88 2591 1758 2665">
    <p class='ocr_par' dir='ltr' id='par_1_45' title="bbox 88 2591 1758 2665">
     <span class='ocr_line' id='line_1_45' title="bbox 88 2591 1758 2665; baseline 0.001 -20"><span class='ocrx_word' id='word_1_318' title='bbox 88 2591 99 2599; x_wconf 84' lang='grc'><strong>’</strong></span> <span class='ocrx_word' id='word_1_319' title='bbox 173 2597 501 2664; x_wconf 72' lang='grc' dir='ltr'>γεγραφότα</span> <span class='ocrx_word' id='word_1_320' title='bbox 558 2611 617 2647; x_wconf 88' lang='grc' dir='ltr'><strong>τε</strong></span> <span class='ocrx_word' id='word_1_321' title='bbox 667 2595 937 2665; x_wconf 85' lang='grc' dir='ltr'>Διοδώρῳ,</span> <span class='ocrx_word' id='word_1_322' title='bbox 986 2596 1081 2647; x_wconf 80' lang='grc' dir='ltr'>καὶ</span> <span class='ocrx_word' id='word_1_323' title='bbox 1137 2595 1539 2665; x_wconf 80' lang='grc' dir='ltr'>ἀποδεξάμενον</span> <span class='ocrx_word' id='word_1_324' title='bbox 1592 2595 1758 2649; x_wconf 78' lang='grc' dir='ltr'>αὐτοῦ</span> 
     </span>
    </p>
   </div>
   <div class='ocr_carea' id='block_1_46' title="bbox 174 2685 1763 2757">
    <p class='ocr_par' dir='ltr' id='par_1_46' title="bbox 174 2685 1763 2757">
     <span class='ocr_line' id='line_1_46' title="bbox 174 2685 1763 2757; baseline -0.002 -17"><span class='ocrx_word' id='word_1_325' title='bbox 174 2702 304 2740; x_wconf 88' lang='grc' dir='ltr'>τινα</span> <span class='ocrx_word' id='word_1_326' title='bbox 330 2686 437 2739; x_wconf 89' lang='grc' dir='ltr'><strong>τῶν</strong></span> <span class='ocrx_word' id='word_1_327' title='bbox 470 2686 597 2756; x_wconf 71' lang='grc' dir='ltr'>περὶ</span> <span class='ocrx_word' id='word_1_328' title='bbox 625 2686 856 2755; x_wconf 86' lang='grc' dir='ltr'>Τριάδος</span> <span class='ocrx_word' id='word_1_329' title='bbox 889 2688 1288 2755; x_wconf 84' lang='grc' dir='ltr'>συνταγμάτων</span> <span class='ocrx_word' id='word_1_330' title='bbox 1325 2701 1340 2716; x_wconf 79' lang='lat'>&#39;</span> <span class='ocrx_word' id='word_1_331' title='bbox 1381 2687 1442 2738; x_wconf 85' lang='grc' dir='ltr'>οὑ</span> <span class='ocrx_word' id='word_1_332' title='bbox 1467 2685 1576 2757; x_wconf 77' lang='grc' dir='ltr'><strong>γὰρ</strong></span> <span class='ocrx_word' id='word_1_333' title='bbox 1608 2687 1763 2740; x_wconf 75' lang='grc' dir='ltr'>ἐναν-</span> 
     </span>
    </p>
   </div>
   <div class='ocr_carea' id='block_1_47' title="bbox 175 2776 1767 2846">
    <p class='ocr_par' dir='ltr' id='par_1_47' title="bbox 175 2776 1767 2846">
     <span class='ocr_line' id='line_1_47' title="bbox 175 2776 1767 2846; baseline 0 -17"><span class='ocrx_word' id='word_1_334' title='bbox 175 2776 515 2846; x_wconf 75' lang='grc' dir='ltr'>θρωπὴσεως</span> <span class='ocrx_word' id='word_1_335' title='bbox 542 2778 716 2829; x_wconf 85' lang='grc' dir='ltr'>εἰπεῖν</span> <span class='ocrx_word' id='word_1_336' title='bbox 744 2776 1178 2846; x_wconf 74' lang='grc' dir='ltr'>ἔχουσιν’ἄλλους</span> <span class='ocrx_word' id='word_1_337' title='bbox 1204 2777 1261 2829; x_wconf 84' lang='grc' dir='ltr'><strong><em>τὲ</em></strong></span> <span class='ocrx_word' id='word_1_338' title='bbox 1305 2794 1455 2839; x_wconf 87' lang='grc' dir='ltr'>τινας</span> <span class='ocrx_word' id='word_1_339' title='bbox 1499 2777 1607 2829; x_wconf 88' lang='grc' dir='ltr'><strong>τῶν</strong></span> <span class='ocrx_word' id='word_1_340' title='bbox 1655 2778 1767 2829; x_wconf 89' lang='grc' dir='ltr'><strong>Πα-</strong></span> 
     </span>
    </p>
   </div>
   <div class='ocr_carea' id='block_1_48' title="bbox 175 2864 1763 2936">
    <p class='ocr_par' dir='ltr' id='par_1_48' title="bbox 175 2864 1763 2936">
     <span class='ocr_line' id='line_1_48' title="bbox 175 2864 1763 2936; baseline 0.001 -20"><span class='ocrx_word' id='word_1_341' title='bbox 175 2865 379 2932; x_wconf 82' lang='grc' dir='ltr'>τέρων,</span> <span class='ocrx_word' id='word_1_342' title='bbox 406 2864 439 2934; x_wconf 80' lang='grc' dir='ltr'>ἢ</span> <span class='ocrx_word' id='word_1_343' title='bbox 471 2864 839 2934; x_wconf 73' lang='grc' dir='ltr'>γεγραφότας,</span> <span class='ocrx_word' id='word_1_344' title='bbox 868 2865 1321 2935; x_wconf 61' lang='grc' dir='ltr'>ῆμεμνημένους</span> <span class='ocrx_word' id='word_1_345' title='bbox 1344 2864 1507 2918; x_wconf 77' lang='grc' dir='ltr'>αὑτοῦ</span> <span class='ocrx_word' id='word_1_346' title='bbox 1531 2881 1763 2936; x_wconf 87' lang='grc' dir='ltr'>παρεισ-</span> 
     </span>
    </p>
   </div>
   <div class='ocr_carea' id='block_1_49' title="bbox 177 2955 1119 3009">
    <p class='ocr_par' dir='ltr' id='par_1_49' title="bbox 177 2955 1119 3009">
     <span class='ocr_line' id='line_1_49' title="bbox 177 2955 1119 3009; baseline -0.011 0"><span class='ocrx_word' id='word_1_347' title='bbox 177 2955 499 3009; x_wconf 78' lang='grc' dir='ltr'>κυκλοῦσιν.</span> <span class='ocrx_word' id='word_1_348' title='bbox 1102 2985 1119 2999; x_wconf 95' lang='grc'><strong><em>.</em></strong></span> 
     </span>
    </p>
   </div>
   <div class='ocr_carea' id='block_1_50' title="bbox 256 3068 1761 3140">
    <p class='ocr_par' dir='ltr' id='par_1_50' title="bbox 256 3068 1761 3140">
     <span class='ocr_line' id='line_1_50' title="bbox 256 3068 1761 3140; baseline 0 -18"><span class='ocrx_word' id='word_1_349' title='bbox 256 3070 346 3123; x_wconf 82' lang='grc' dir='ltr'><strong>Μ’.</strong></span> <span class='ocrx_word' id='word_1_350' title='bbox 395 3069 500 3122; x_wconf 76' lang='grc' dir='ltr'><strong>Τὸν</strong></span> <span class='ocrx_word' id='word_1_351' title='bbox 545 3070 601 3123; x_wconf 81' lang='grc' dir='ltr'>δὲ</span> <span class='ocrx_word' id='word_1_352' title='bbox 641 3068 925 3140; x_wconf 86' lang='grc' dir='ltr'>Ὠριγένην</span> <span class='ocrx_word' id='word_1_353' title='bbox 959 3070 1020 3122; x_wconf 80' lang='grc' dir='ltr'>οὐ</span> <span class='ocrx_word' id='word_1_354' title='bbox 1059 3068 1451 3138; x_wconf 78' lang='grc' dir='ltr'>θαυμάζουσιν,</span> <span class='ocrx_word' id='word_1_355' title='bbox 1480 3070 1564 3123; x_wconf 84' lang='grc' dir='ltr'>ὃτι</span> <span class='ocrx_word' id='word_1_356' title='bbox 1593 3071 1620 3123; x_wconf 83' lang='grc' dir='ltr'><strong>ὁ</strong></span> <span class='ocrx_word' id='word_1_357' title='bbox 1651 3069 1761 3123; x_wconf 86' lang='grc' dir='ltr'><strong>τῶν</strong></span> 
     </span>
    </p>
   </div>
   <div class='ocr_carea' id='block_1_51' title="bbox 180 3160 1763 3232">
    <p class='ocr_par' dir='ltr' id='par_1_51' title="bbox 180 3160 1763 3232">
     <span class='ocr_line' id='line_1_51' title="bbox 180 3160 1763 3232; baseline 0.001 -19"><span class='ocrx_word' id='word_1_358' title='bbox 180 3161 481 3230; x_wconf 82' lang='grc' dir='ltr'>θαυμάτων</span> <span class='ocrx_word' id='word_1_359' title='bbox 521 3160 809 3230; x_wconf 76' lang='grc' dir='ltr'>ἐπώνυμος</span> <span class='ocrx_word' id='word_1_360' title='bbox 842 3161 1165 3232; x_wconf 80' lang='grc' dir='ltr'>Γρηγὸριος,</span> <span class='ocrx_word' id='word_1_361' title='bbox 1216 3161 1307 3214; x_wconf 75' lang='grc' dir='ltr'>τὸν</span> <span class='ocrx_word' id='word_1_362' title='bbox 1337 3162 1608 3232; x_wconf 78' lang='grc' dir='ltr'>ὲξιτήριον</span> <span class='ocrx_word' id='word_1_363' title='bbox 1639 3180 1763 3216; x_wconf 67' lang='grc' dir='ltr'>συνς</span> 
     </span>
    </p>
   </div>
   <div class='ocr_carea' id='block_1_52' title="bbox 178 3251 1765 3321">
    <p class='ocr_par' dir='ltr' id='par_1_52' title="bbox 178 3251 1765 3321">
     <span class='ocr_line' id='line_1_52' title="bbox 178 3251 1765 3321; baseline 0.001 -18"><span class='ocrx_word' id='word_1_364' title='bbox 178 3251 416 3315; x_wconf 80' lang='grc' dir='ltr'>τάττων,</span> <span class='ocrx_word' id='word_1_365' title='bbox 463 3251 686 3321; x_wconf 77' lang='grc' dir='ltr'>μυρίους</span> <span class='ocrx_word' id='word_1_366' title='bbox 715 3253 1007 3321; x_wconf 78' lang='grc' dir='ltr'>ἐγκωμίων</span> <span class='ocrx_word' id='word_1_367' title='bbox 1053 3251 1305 3320; x_wconf 80' lang='grc' dir='ltr'>διέξεισιν</span> <span class='ocrx_word' id='word_1_368' title='bbox 1334 3254 1414 3314; x_wconf 85' lang='grc' dir='ltr'><strong>είς</strong></span> <span class='ocrx_word' id='word_1_369' title='bbox 1456 3253 1617 3305; x_wconf 73' lang='grc' dir='ltr'>αὑτὸν</span> <span class='ocrx_word' id='word_1_370' title='bbox 1665 3251 1765 3304; x_wconf 81' lang='grc' dir='ltr'>κύ-</span> 
     </span>
    </p>
   </div>
   <div class='ocr_carea' id='block_1_53' title="bbox 180 3341 1765 3413">
    <p class='ocr_par' dir='ltr' id='par_1_53' title="bbox 180 3341 1765 3413">
     <span class='ocr_line' id='line_1_53' title="bbox 180 3341 1765 3413; baseline -0.001 -17"><span class='ocrx_word' id='word_1_371' title='bbox 180 3341 368 3405; x_wconf 85' lang='grc' dir='ltr'>κλους.</span> <span class='ocrx_word' id='word_1_372' title='bbox 406 3344 513 3395; x_wconf 73' lang='grc' dir='ltr'><strong>Καὶ</strong></span> <span class='ocrx_word' id='word_1_373' title='bbox 535 3344 586 3396; x_wconf 86' lang='grc' dir='ltr'><strong>τί</strong></span> <span class='ocrx_word' id='word_1_374' title='bbox 608 3344 751 3409; x_wconf 83' lang='grc' dir='ltr'>λέγω</span> <span class='ocrx_word' id='word_1_375' title='bbox 794 3344 1077 3413; x_wconf 77' lang='grc' dir='ltr'>Ὠριγένην</span> <span class='ocrx_word' id='word_1_376' title='bbox 1110 3361 1124 3409; x_wconf 90' lang='grc'>;</span> <span class='ocrx_word' id='word_1_377' title='bbox 1171 3344 1346 3395; x_wconf 86' lang='grc' dir='ltr'>Ὅπου</span> <span class='ocrx_word' id='word_1_378' title='bbox 1374 3359 1437 3410; x_wconf 90' lang='grc' dir='ltr'><strong>γε</strong></span> <span class='ocrx_word' id='word_1_379' title='bbox 1470 3344 1564 3395; x_wconf 79' lang='grc' dir='ltr'>καὶ</span> <span class='ocrx_word' id='word_1_380' title='bbox 1606 3344 1765 3394; x_wconf 82' lang='grc' dir='ltr'>Ἀπο-</span> 
     </span>
    </p>
   </div>
   <div class='ocr_carea' id='block_1_54' title="bbox 180 3435 1765 3506">
    <p class='ocr_par' dir='ltr' id='par_1_54' title="bbox 180 3435 1765 3506">
     <span class='ocr_line' id='line_1_54' title="bbox 180 3435 1765 3506; baseline -0.001 -16"><span class='ocrx_word' id='word_1_381' title='bbox 180 3436 451 3506; x_wconf 82' lang='grc' dir='ltr'>λινάριος,</span> <span class='ocrx_word' id='word_1_382' title='bbox 514 3438 542 3489; x_wconf 84' lang='grc' dir='ltr'>ὁ</span> <span class='ocrx_word' id='word_1_383' title='bbox 597 3435 741 3489; x_wconf 87' lang='grc' dir='ltr'>κατὰ</span> <span class='ocrx_word' id='word_1_384' title='bbox 798 3435 1090 3505; x_wconf 88' lang='grc' dir='ltr'>διάμετρον</span> <span class='ocrx_word' id='word_1_385' title='bbox 1141 3436 1289 3506; x_wconf 82' lang='grc' dir='ltr'>αὐτῷ</span> <span class='ocrx_word' id='word_1_386' title='bbox 1350 3438 1449 3504; x_wconf 87' lang='grc' dir='ltr'><strong>τῆς</strong></span> <span class='ocrx_word' id='word_1_387' title='bbox 1511 3435 1765 3505; x_wconf 82' lang='grc' dir='ltr'>ἀληθείας</span> 
     </span>
    </p>
   </div>
   <div class='ocr_carea' id='block_1_55' title="bbox 179 3526 1764 3597">
    <p class='ocr_par' dir='ltr' id='par_1_55' title="bbox 179 3526 1764 3597">
     <span class='ocr_line' id='line_1_55' title="bbox 179 3526 1764 3597; baseline -0.002 -15"><span class='ocrx_word' id='word_1_388' title='bbox 179 3526 547 3595; x_wconf 77' lang='grc' dir='ltr'>ἀποσφαλεὶς,</span> <span class='ocrx_word' id='word_1_389' title='bbox 582 3526 784 3596; x_wconf 85' lang='grc' dir='ltr'>μυρίας</span> <span class='ocrx_word' id='word_1_390' title='bbox 847 3527 984 3597; x_wconf 75' lang='grc' dir='ltr'>πρὸς</span> <span class='ocrx_word' id='word_1_391' title='bbox 1040 3528 1202 3582; x_wconf 78' lang='grc' dir='ltr'>αὑτὸν</span> <span class='ocrx_word' id='word_1_392' title='bbox 1261 3528 1549 3591; x_wconf 77' lang='grc' dir='ltr'>ἐπιστολάς</span> <span class='ocrx_word' id='word_1_393' title='bbox 1604 3545 1764 3597; x_wconf 84' lang='grc' dir='ltr'>γεγε-</span> 
     </span>
    </p>
   </div>
   <div class='ocr_carea' id='block_1_56' title="bbox 180 3616 1765 3690">
    <p class='ocr_par' dir='ltr' id='par_1_56' title="bbox 180 3616 1765 3690">
     <span class='ocr_line' id='line_1_56' title="bbox 180 3616 1765 3690; baseline -0.001 -17"><span class='ocrx_word' id='word_1_394' title='bbox 180 3618 383 3687; x_wconf 83' lang='grc' dir='ltr'>νῆσθαι</span> <span class='ocrx_word' id='word_1_395' title='bbox 425 3616 699 3688; x_wconf 83' lang='grc' dir='ltr'>κομπάζει</span> <span class='ocrx_word' id='word_1_396' title='bbox 736 3617 1058 3672; x_wconf 81' lang='grc' dir='ltr'>Ἀθανασίου</span> <span class='ocrx_word' id='word_1_397' title='bbox 1110 3638 1169 3673; x_wconf 88' lang='grc' dir='ltr'><strong>τε</strong></span> <span class='ocrx_word' id='word_1_398' title='bbox 1217 3619 1313 3672; x_wconf 84' lang='grc' dir='ltr'>τοῦ</span> <span class='ocrx_word' id='word_1_399' title='bbox 1378 3621 1639 3690; x_wconf 79' lang='grc' dir='ltr'>μεγάλου,</span> <span class='ocrx_word' id='word_1_400' title='bbox 1672 3622 1765 3672; x_wconf 77' lang='grc' dir='ltr'>καὶ</span> 
     </span>
    </p>
   </div>
   <div class='ocr_carea' id='block_1_57' title="bbox 180 3709 1763 3779">
    <p class='ocr_par' dir='ltr' id='par_1_57' title="bbox 180 3709 1763 3779">
     <span class='ocr_line' id='line_1_57' title="bbox 180 3709 1763 3779; baseline -0.001 -16"><span class='ocrx_word' id='word_1_401' title='bbox 180 3710 559 3779; x_wconf 79' lang='grc' dir='ltr'>Σαραπίωνος,</span> <span class='ocrx_word' id='word_1_402' title='bbox 585 3710 677 3762; x_wconf 86' lang='grc' dir='ltr'><strong>καί</strong></span> <span class='ocrx_word' id='word_1_403' title='bbox 707 3726 769 3777; x_wconf 91' lang='grc' dir='ltr'><strong>γε</strong></span> <span class='ocrx_word' id='word_1_404' title='bbox 814 3709 923 3762; x_wconf 87' lang='grc' dir='ltr'><strong>τῶν</strong></span> <span class='ocrx_word' id='word_1_405' title='bbox 973 3710 1149 3763; x_wconf 75' lang='grc' dir='ltr'>ἄλλων</span> <span class='ocrx_word' id='word_1_406' title='bbox 1182 3712 1296 3764; x_wconf 83' lang='grc' dir='ltr'>ὅσοι</span> <span class='ocrx_word' id='word_1_407' title='bbox 1342 3712 1461 3764; x_wconf 86' lang='grc' dir='ltr'>τότε</span> <span class='ocrx_word' id='word_1_408' title='bbox 1506 3712 1763 3779; x_wconf 72' lang='grc' dir='ltr'>γεγόνασι</span> 
     </span>
    </p>
   </div>
   <div class='ocr_carea' id='block_1_58' title="bbox 174 3797 1763 3869">
    <p class='ocr_par' dir='ltr' id='par_1_58' title="bbox 174 3797 1763 3869">
     <span class='ocr_line' id='line_1_58' title="bbox 174 3797 1763 3869; baseline -0.004 -15"><span class='ocrx_word' id='word_1_409' title='bbox 174 3798 426 3869; x_wconf 74' lang='grc' dir='ltr'>λαμπροὶ</span> <span class='ocrx_word' id='word_1_410' title='bbox 448 3799 756 3868; x_wconf 77' lang='grc' dir='ltr'>φωστῆρες,</span> <span class='ocrx_word' id='word_1_411' title='bbox 783 3797 880 3850; x_wconf 73' lang='grc' dir='ltr'>καὶ</span> <span class='ocrx_word' id='word_1_412' title='bbox 909 3799 1007 3868; x_wconf 83' lang='grc' dir='ltr'><strong>τῆς</strong></span> <span class='ocrx_word' id='word_1_413' title='bbox 1035 3797 1300 3866; x_wconf 79' lang='grc' dir='ltr'>ἀληθείας</span> <span class='ocrx_word' id='word_1_414' title='bbox 1348 3798 1619 3869; x_wconf 83' lang='grc' dir='ltr'>πρόμαχοι</span> <span class='ocrx_word' id='word_1_415' title='bbox 1647 3812 1661 3826; x_wconf 83' lang='lat'><strong><em>°</em></strong></span> <span class='ocrx_word' id='word_1_416' title='bbox 1715 3797 1763 3849; x_wconf 86' lang='grc' dir='ltr'><strong>εί</strong></span> 
     </span>
    </p>
   </div>
   <div class='ocr_carea' id='block_1_59' title="bbox 158 3888 1760 3960">
    <p class='ocr_par' dir='ltr' id='par_1_59' title="bbox 158 3888 1760 3960">
     <span class='ocr_line' id='line_1_59' title="bbox 158 3888 1760 3960; baseline -0.005 -13"><span class='ocrx_word' id='word_1_417' title='bbox 158 3892 240 3947; x_wconf 79' lang='grc' dir='ltr'><strong>,δέ</strong></span> <span class='ocrx_word' id='word_1_418' title='bbox 267 3908 350 3953; x_wconf 87' lang='grc' dir='ltr'><strong>τις</strong></span> <span class='ocrx_word' id='word_1_419' title='bbox 378 3890 473 3960; x_wconf 83' lang='grc' dir='ltr'>τὴν</span> <span class='ocrx_word' id='word_1_420' title='bbox 504 3889 638 3959; x_wconf 79' lang='grc' dir='ltr'>ὅλην</span> <span class='ocrx_word' id='word_1_421' title='bbox 662 3888 798 3958; x_wconf 86' lang='grc' dir='ltr'>μετὰ</span> <span class='ocrx_word' id='word_1_422' title='bbox 832 3891 1018 3958; x_wconf 83' lang='grc' dir='ltr'>χεῖρας</span> <span class='ocrx_word' id='word_1_423' title='bbox 1062 3888 1238 3953; x_wconf 81' lang='grc' dir='ltr'>λάϐοι,</span> <span class='ocrx_word' id='word_1_424' title='bbox 1298 3889 1364 3959; x_wconf 80' lang='grc' dir='ltr'>ἢν</span> <span class='ocrx_word' id='word_1_425' title='bbox 1411 3891 1440 3941; x_wconf 85' lang='grc' dir='ltr'><strong>ὁ</strong></span> <span class='ocrx_word' id='word_1_426' title='bbox 1489 3889 1760 3958; x_wconf 85' lang='grc' dir='ltr'>γνώριμος</span> 
     </span>
    </p>
   </div>
   <div class='ocr_carea' id='block_1_60' title="bbox 194 3978 1763 4051">
    <p class='ocr_par' dir='ltr' id='par_1_60' title="bbox 194 3978 1763 4051">
     <span class='ocr_line' id='line_1_60' title="bbox 194 3978 1763 4051; baseline 0.001 -18"><span class='ocrx_word' id='word_1_427' title='bbox 194 3979 572 4049; x_wconf 84' lang='grc' dir='ltr'>Ἀπολιναρίου</span> <span class='ocrx_word' id='word_1_428' title='bbox 629 3978 895 4049; x_wconf 84' lang='grc' dir='ltr'>Τιμόθεος</span> <span class='ocrx_word' id='word_1_429' title='bbox 948 3980 1410 4051; x_wconf 80' lang='grc' dir='ltr'>ὲκκλησιαστικὴν</span> <span class='ocrx_word' id='word_1_430' title='bbox 1477 3981 1763 4034; x_wconf 86' lang='grc' dir='ltr'>συντάττει</span> 
     </span>
    </p>
   </div>
   <div class='ocr_carea' id='block_1_61' title="bbox 185 4069 1763 4143">
    <p class='ocr_par' dir='ltr' id='par_1_61' title="bbox 185 4069 1763 4143">
     <span class='ocr_line' id='line_1_61' title="bbox 185 4069 1763 4143; baseline 0.001 -20"><span class='ocrx_word' id='word_1_431' title='bbox 185 4072 450 4143; x_wconf 77' lang='grc' dir='ltr'>ἱστορίαν,</span> <span class='ocrx_word' id='word_1_432' title='bbox 474 4070 585 4123; x_wconf 72' lang='grc' dir='ltr'>οὐδ’</span> <span class='ocrx_word' id='word_1_433' title='bbox 607 4070 770 4127; x_wconf 84' lang='grc' dir='ltr'>ἄλλον</span> <span class='ocrx_word' id='word_1_434' title='bbox 794 4069 918 4122; x_wconf 83' lang='grc' dir='ltr'>τινὰ</span> <span class='ocrx_word' id='word_1_435' title='bbox 948 4069 1041 4122; x_wconf 81' lang='grc' dir='ltr'><strong>τοῦ</strong></span> <span class='ocrx_word' id='word_1_436' title='bbox 1075 4070 1332 4123; x_wconf 89' lang='grc' dir='ltr'>τοσούτου</span> <span class='ocrx_word' id='word_1_437' title='bbox 1369 4071 1531 4123; x_wconf 86' lang='grc' dir='ltr'>πόνου</span> <span class='ocrx_word' id='word_1_438' title='bbox 1562 4073 1763 4126; x_wconf 77' lang='grc' dir='ltr'>σκοπὸν</span> 
     </span>
    </p>
   </div>
   <div class='ocr_carea' id='block_1_62' title="bbox 182 4160 1764 4232">
    <p class='ocr_par' dir='ltr' id='par_1_62' title="bbox 182 4160 1764 4232">
     <span class='ocr_line' id='line_1_62' title="bbox 182 4160 1764 4232; baseline 0.001 -17"><span class='ocrx_word' id='word_1_439' title='bbox 182 4162 428 4232; x_wconf 76' lang='grc' dir='ltr'>εὑρήσει,</span> <span class='ocrx_word' id='word_1_440' title='bbox 470 4161 610 4231; x_wconf 83' lang='grc' dir='ltr'>πλὴν</span> <span class='ocrx_word' id='word_1_441' title='bbox 655 4161 754 4230; x_wconf 82' lang='grc' dir='ltr'>τὴν</span> <span class='ocrx_word' id='word_1_442' title='bbox 825 4160 1200 4230; x_wconf 89' lang='grc' dir='ltr'>Ἀπολιναρίου</span> <span class='ocrx_word' id='word_1_443' title='bbox 1255 4161 1536 4226; x_wconf 85' lang='grc' dir='ltr'>σύστασιν,</span> <span class='ocrx_word' id='word_1_444' title='bbox 1587 4164 1654 4231; x_wconf 71' lang='grc' dir='ltr'>ἢν</span> <span class='ocrx_word' id='word_1_445' title='bbox 1699 4164 1764 4216; x_wconf 76' lang='grc' dir='ltr'>ἐκ</span> 
     </span>
    </p>
   </div>
   <div class='ocr_carea' id='block_1_63' title="bbox 187 4251 1764 4326">
    <p class='ocr_par' dir='ltr' id='par_1_63' title="bbox 187 4251 1764 4326">
     <span class='ocr_line' id='line_1_63' title="bbox 187 4251 1764 4326; baseline 0 -21"><span class='ocrx_word' id='word_1_446' title='bbox 187 4254 399 4326; x_wconf 80' lang='grc' dir='ltr'>μυρίων</span> <span class='ocrx_word' id='word_1_447' title='bbox 455 4253 864 4321; x_wconf 83' lang='grc' dir='ltr'>συγκεκρότηκε</span> <span class='ocrx_word' id='word_1_448' title='bbox 921 4252 1030 4303; x_wconf 86' lang='grc' dir='ltr'><strong>τῶν</strong></span> <span class='ocrx_word' id='word_1_449' title='bbox 1088 4251 1183 4305; x_wconf 86' lang='grc' dir='ltr'><strong>ἀπ’</strong></span> <span class='ocrx_word' id='word_1_450' title='bbox 1234 4251 1401 4305; x_wconf 80' lang='grc' dir='ltr'>αὑτοῦ</span> <span class='ocrx_word' id='word_1_451' title='bbox 1436 4269 1495 4305; x_wconf 88' lang='grc' dir='ltr'><strong>τε</strong></span> <span class='ocrx_word' id='word_1_452' title='bbox 1530 4253 1627 4305; x_wconf 79' lang='grc' dir='ltr'>καὶ</span> <span class='ocrx_word' id='word_1_453' title='bbox 1681 4255 1764 4315; x_wconf 81' lang='grc' dir='ltr'><strong>εἰς</strong></span> 
     </span>
    </p>
   </div>
   <div class='ocr_carea' id='block_1_64' title="bbox 183 4342 1758 4415">
    <p class='ocr_par' dir='ltr' id='par_1_64' title="bbox 183 4342 1758 4415">
     <span class='ocr_line' id='line_1_64' title="bbox 183 4342 1758 4415; baseline -0.003 -15"><span class='ocrx_word' id='word_1_454' title='bbox 183 4346 348 4400; x_wconf 70' lang='grc' dir='ltr'>αὑτὸν</span> <span class='ocrx_word' id='word_1_455' title='bbox 376 4344 690 4415; x_wconf 75' lang='grc' dir='ltr'>γραφεισῶν</span> <span class='ocrx_word' id='word_1_456' title='bbox 717 4359 774 4396; x_wconf 89' lang='grc' dir='ltr'><strong>τε</strong></span> <span class='ocrx_word' id='word_1_457' title='bbox 799 4344 893 4396; x_wconf 62' lang='grc' dir='ltr'><strong>καί¹</strong></span> <span class='ocrx_word' id='word_1_458' title='bbox 938 4342 1381 4412; x_wconf 80' lang='grc' dir='ltr'>ἁντιγραφεισῶν</span> <span class='ocrx_word' id='word_1_459' title='bbox 1416 4343 1714 4396; x_wconf 76' lang='grc' dir='ltr'>ἐπιστολῶν</span> <span class='ocrx_word' id='word_1_460' title='bbox 1744 4360 1758 4373; x_wconf 89' lang='grc'><strong>·</strong></span> 
     </span>
    </p>
   </div>
   <div class='ocr_carea' id='block_1_65' title="bbox 1930 2314 3436 2389">
    <p class='ocr_par' dir='ltr' id='par_1_65' title="bbox 1930 2314 3436 2389">
     <span class='ocr_line' id='line_1_65' title="bbox 1930 2314 3436 2389; baseline 0.005 -18"><span class='ocrx_word' id='word_1_461' title='bbox 1930 2315 2174 2371; x_wconf 74' lang='lat' dir='ltr'><strong>XXXIX.</strong></span> <span class='ocrx_word' id='word_1_462' title='bbox 2202 2315 2298 2370; x_wconf 78' lang='lat' dir='ltr'><strong>Isti</strong></span> <span class='ocrx_word' id='word_1_463' title='bbox 2325 2332 2457 2371; x_wconf 81' lang='lat' dir='ltr'><strong>vero</strong></span> <span class='ocrx_word' id='word_1_464' title='bbox 2494 2314 2626 2387; x_wconf 91' lang='lat' dir='ltr'><strong>(non</strong></span> <span class='ocrx_word' id='word_1_465' title='bbox 2672 2317 2820 2372; x_wconf 87' lang='lat' dir='ltr'><strong>enim</strong></span> <span class='ocrx_word' id='word_1_466' title='bbox 2850 2325 2978 2373; x_wconf 92' lang='lat' dir='ltr'><strong>sunt</strong></span> <span class='ocrx_word' id='word_1_467' title='bbox 3004 2320 3302 2389; x_wconf 87' lang='lat' dir='ltr'><strong>sapientes,</strong></span> <span class='ocrx_word' id='word_1_468' title='bbox 3328 2323 3436 2378; x_wconf 92' lang='lat' dir='ltr'><strong>uisi</strong></span> 
     </span>
    </p>
   </div>
   <div class='ocr_carea' id='block_1_66' title="bbox 1860 2408 3433 2480">
    <p class='ocr_par' dir='ltr' id='par_1_66' title="bbox 1860 2408 3433 2480">
     <span class='ocr_line' id='line_1_66' title="bbox 1860 2408 3433 2480; baseline 0.006 -18"><span class='ocrx_word' id='word_1_469' title='bbox 1860 2408 1926 2462; x_wconf 89' lang='lat' dir='ltr'><strong>ad</strong></span> <span class='ocrx_word' id='word_1_470' title='bbox 1984 2409 2345 2478; x_wconf 82' lang='lat' dir='ltr'><strong>nocendum),</strong></span> <span class='ocrx_word' id='word_1_471' title='bbox 2392 2409 2520 2478; x_wconf 86' lang='lat' dir='ltr'><strong>quia</strong></span> <span class='ocrx_word' id='word_1_472' title='bbox 2557 2425 2665 2463; x_wconf 89' lang='lat' dir='ltr'><strong>non</strong></span> <span class='ocrx_word' id='word_1_473' title='bbox 2709 2412 3080 2479; x_wconf 70' lang='lat' dir='ltr'><strong>possunthzec</strong></span> <span class='ocrx_word' id='word_1_474' title='bbox 3114 2413 3433 2480; x_wconf 78' lang='lat' dir='ltr'><strong>defendere,</strong></span> 
     </span>
    </p>
   </div>
   <div class='ocr_carea' id='block_1_67' title="bbox 1860 2500 3437 2573">
    <p class='ocr_par' dir='ltr' id='par_1_67' title="bbox 1860 2500 3437 2573">
     <span class='ocr_line' id='line_1_67' title="bbox 1860 2500 3437 2573; baseline 0.005 -21"><span class='ocrx_word' id='word_1_475' title='bbox 1860 2500 2133 2569; x_wconf 82' lang='lat' dir='ltr'><strong>objiciunt</strong></span> <span class='ocrx_word' id='word_1_476' title='bbox 2165 2501 2327 2554; x_wconf 88' lang='lat' dir='ltr'><strong>nobis</strong></span> <span class='ocrx_word' id='word_1_477' title='bbox 2351 2516 2607 2569; x_wconf 82' lang='lat' dir='ltr'><strong>magnum</strong></span> <span class='ocrx_word' id='word_1_478' title='bbox 2634 2502 3028 2573; x_wconf 89' lang='lat' dir='ltr'><strong>Basilium,qui</strong></span> <span class='ocrx_word' id='word_1_479' title='bbox 3049 2504 3118 2559; x_wconf 88' lang='lat' dir='ltr'><strong>ad</strong></span> <span class='ocrx_word' id='word_1_480' title='bbox 3138 2505 3437 2560; x_wconf 89' lang='lat' dir='ltr'><strong>Diodorum</strong></span> 
     </span>
    </p>
   </div>
   <div class='ocr_carea' id='block_1_68' title="bbox 1860 2591 3433 2668">
    <p class='ocr_par' dir='ltr' id='par_1_68' title="bbox 1860 2591 3433 2668">
     <span class='ocr_line' id='line_1_68' title="bbox 1860 2591 3433 2668; baseline 0.006 -25"><span class='ocrx_word' id='word_1_481' title='bbox 1860 2591 2168 2660; x_wconf 89' lang='lat' dir='ltr'><strong>scripserit,</strong></span> <span class='ocrx_word' id='word_1_482' title='bbox 2192 2603 2249 2645; x_wconf 93' lang='lat' dir='ltr'><strong>et</strong></span> <span class='ocrx_word' id='word_1_483' title='bbox 2270 2592 2520 2662; x_wconf 61' lang='lat' dir='ltr'><strong>quaedam</strong></span> <span class='ocrx_word' id='word_1_484' title='bbox 2546 2595 2665 2663; x_wconf 90' lang='lat' dir='ltr'><strong>ejus</strong></span> <span class='ocrx_word' id='word_1_485' title='bbox 2698 2594 2766 2648; x_wconf 91' lang='lat' dir='ltr'><strong>de</strong></span> <span class='ocrx_word' id='word_1_486' title='bbox 2796 2595 3064 2651; x_wconf 88' lang='lat' dir='ltr'><strong>Trinitatc</strong></span> <span class='ocrx_word' id='word_1_487' title='bbox 3101 2598 3304 2667; x_wconf 86' lang='lat' dir='ltr'><strong>scripta</strong></span> <span class='ocrx_word' id='word_1_488' title='bbox 3335 2614 3433 2668; x_wconf 91' lang='lat' dir='ltr'><strong>ap-</strong></span> 
     </span>
    </p>
   </div>
   <div class='ocr_carea' id='block_1_69' title="bbox 1861 2681 3437 2758">
    <p class='ocr_par' dir='ltr' id='par_1_69' title="bbox 1861 2681 3437 2758">
     <span class='ocr_line' id='line_1_69' title="bbox 1861 2681 3437 2758; baseline 0.007 -25"><span class='ocrx_word' id='word_1_489' title='bbox 1861 2681 2180 2750; x_wconf 85' lang='lat' dir='ltr'><strong>probaverit</strong></span> <span class='ocrx_word' id='word_1_490' title='bbox 2208 2701 2221 2735; x_wconf 93' lang='lat'><strong>:</strong></span> <span class='ocrx_word' id='word_1_491' title='bbox 2253 2699 2362 2737; x_wconf 91' lang='lat' dir='ltr'><strong>non</strong></span> <span class='ocrx_word' id='word_1_492' title='bbox 2398 2683 2545 2737; x_wconf 90' lang='lat' dir='ltr'><strong>enim</strong></span> <span class='ocrx_word' id='word_1_493' title='bbox 2580 2685 2648 2738; x_wconf 92' lang='lat' dir='ltr'><strong>de</strong></span> <span class='ocrx_word' id='word_1_494' title='bbox 2680 2684 3062 2742; x_wconf 85' lang='lat' dir='ltr'><strong>incarnatione</strong></span> <span class='ocrx_word' id='word_1_495' title='bbox 3093 2700 3324 2758; x_wconf 91' lang='lat' dir='ltr'><strong>possunt</strong></span> <span class='ocrx_word' id='word_1_496' title='bbox 3348 2689 3437 2743; x_wconf 84' lang='lat' dir='ltr'><strong>di-</strong></span> 
     </span>
    </p>
   </div>
   <div class='ocr_carea' id='block_1_70' title="bbox 1861 2774 3438 2850">
    <p class='ocr_par' dir='ltr' id='par_1_70' title="bbox 1861 2774 3438 2850">
     <span class='ocr_line' id='line_1_70' title="bbox 1861 2774 3438 2850; baseline 0.005 -24"><span class='ocrx_word' id='word_1_497' title='bbox 1861 2774 2312 2841; x_wconf 88' lang='lat' dir='ltr'><strong>eere;quosdam</strong></span> <span class='ocrx_word' id='word_1_498' title='bbox 2345 2775 2510 2829; x_wconf 89' lang='lat' dir='ltr'><strong>etiam</strong></span> <span class='ocrx_word' id='word_1_499' title='bbox 2554 2777 2749 2831; x_wconf 87' lang='lat' dir='ltr'><strong>Patres</strong></span> <span class='ocrx_word' id='word_1_500' title='bbox 2767 2779 2863 2845; x_wconf 89' lang='lat' dir='ltr'><strong>qui</strong></span> <span class='ocrx_word' id='word_1_501' title='bbox 2895 2779 2962 2833; x_wconf 91' lang='lat' dir='ltr'><strong>de</strong></span> <span class='ocrx_word' id='word_1_502' title='bbox 2992 2794 3058 2834; x_wconf 91' lang='lat' dir='ltr'><strong>eo</strong></span> <span class='ocrx_word' id='word_1_503' title='bbox 3092 2780 3438 2850; x_wconf 88' lang='lat' dir='ltr'><strong>scripserunt</strong></span> 
     </span>
    </p>
   </div>
   <div class='ocr_carea' id='block_1_71' title="bbox 1862 2865 2843 2931">
    <p class='ocr_par' dir='ltr' id='par_1_71' title="bbox 1862 2865 2843 2931">
     <span class='ocr_line' id='line_1_71' title="bbox 1862 2865 2843 2931; baseline 0.006 -14"><span class='ocrx_word' id='word_1_504' title='bbox 1862 2871 1958 2918; x_wconf 84' lang='lat' dir='ltr'><strong>aut</strong></span> <span class='ocrx_word' id='word_1_505' title='bbox 1996 2865 2389 2931; x_wconf 86' lang='lat' dir='ltr'><strong>meminerunt,</strong></span> <span class='ocrx_word' id='word_1_506' title='bbox 2422 2867 2843 2923; x_wconf 82' lang='lat' dir='ltr'><strong>circumferunt.</strong></span> 
     </span>
    </p>
   </div>
   <div class='ocr_carea' id='block_1_72' title="bbox 1937 3062 3435 3142">
    <p class='ocr_par' dir='ltr' id='par_1_72' title="bbox 1937 3062 3435 3142">
     <span class='ocr_line' id='line_1_72' title="bbox 1937 3062 3435 3142; baseline 0.009 -25"><span class='ocrx_word' id='word_1_507' title='bbox 1937 3063 2050 3119; x_wconf 80' lang='lat' dir='ltr'><strong>XL.</strong></span> <span class='ocrx_word' id='word_1_508' title='bbox 2104 3062 2396 3134; x_wconf 73' lang='lat' dir='ltr'><strong>Origenem</strong></span> <span class='ocrx_word' id='word_1_509' title='bbox 2448 3081 2580 3121; x_wconf 73' lang='lat' dir='ltr'><strong>vero</strong></span> <span class='ocrx_word' id='word_1_510' title='bbox 2617 3083 2729 3123; x_wconf 89' lang='lat' dir='ltr'><strong>non</strong></span> <span class='ocrx_word' id='word_1_511' title='bbox 2776 3070 3138 3137; x_wconf 83' lang='lat' dir='ltr'><strong>admirantur,</strong></span> <span class='ocrx_word' id='word_1_512' title='bbox 3175 3074 3435 3142; x_wconf 90' lang='lat' dir='ltr'><strong>quoniam</strong></span> 
     </span>
    </p>
   </div>
   <div class='ocr_carea' id='block_1_73' title="bbox 1866 3151 3430 3232">
    <p class='ocr_par' dir='ltr' id='par_1_73' title="bbox 1866 3151 3430 3232">
     <span class='ocr_line' id='line_1_73' title="bbox 1866 3151 3430 3232; baseline 0.008 -25"><span class='ocrx_word' id='word_1_513' title='bbox 1866 3151 2162 3224; x_wconf 78' lang='lat' dir='ltr'><strong>Gregorius</strong></span> <span class='ocrx_word' id='word_1_514' title='bbox 2202 3156 2293 3223; x_wconf 90' lang='lat' dir='ltr'><strong>qui</strong></span> <span class='ocrx_word' id='word_1_515' title='bbox 2331 3172 2361 3209; x_wconf 93' lang='lat' dir='ltr'><strong>a</strong></span> <span class='ocrx_word' id='word_1_516' title='bbox 2400 3156 2682 3217; x_wconf 80' lang='lat' dir='ltr'><strong>miraculis</strong></span> <span class='ocrx_word' id='word_1_517' title='bbox 2711 3158 2979 3215; x_wconf 82' lang='lat' dir='ltr'><strong>faciendis</strong></span> <span class='ocrx_word' id='word_1_518' title='bbox 3008 3173 3430 3232; x_wconf 81' lang='lat' dir='ltr'><strong>cognomentum</strong></span> 
     </span>
    </p>
   </div>
   <div class='ocr_carea' id='block_1_74' title="bbox 1867 3245 3431 3323">
    <p class='ocr_par' dir='ltr' id='par_1_74' title="bbox 1867 3245 3431 3323">
     <span class='ocr_line' id='line_1_74' title="bbox 1867 3245 3431 3323; baseline 0.008 -24"><span class='ocrx_word' id='word_1_519' title='bbox 1867 3245 2044 3311; x_wconf 75' lang='lat' dir='ltr'><strong>duxit,</strong></span> <span class='ocrx_word' id='word_1_520' title='bbox 2071 3247 2123 3300; x_wconf 87' lang='lat' dir='ltr'><strong>in</strong></span> <span class='ocrx_word' id='word_1_521' title='bbox 2148 3247 2396 3302; x_wconf 88' lang='lat' dir='ltr'><strong>oratione</strong></span> <span class='ocrx_word' id='word_1_522' title='bbox 2430 3264 2592 3318; x_wconf 89' lang='lat' dir='ltr'><strong>quam</strong></span> <span class='ocrx_word' id='word_1_523' title='bbox 2620 3249 2675 3303; x_wconf 90' lang='lat' dir='ltr'><strong>in</strong></span> <span class='ocrx_word' id='word_1_524' title='bbox 2707 3251 2951 3307; x_wconf 88' lang='lat' dir='ltr'><strong>discessu</strong></span> <span class='ocrx_word' id='word_1_525' title='bbox 2975 3269 3077 3308; x_wconf 91' lang='lat' dir='ltr'><strong>suo</strong></span> <span class='ocrx_word' id='word_1_526' title='bbox 3099 3257 3431 3323; x_wconf 88' lang='lat' dir='ltr'><strong>composuit,</strong></span> 
     </span>
    </p>
   </div>
   <div class='ocr_carea' id='block_1_75' title="bbox 1866 3337 3436 3414">
    <p class='ocr_par' dir='ltr' id='par_1_75' title="bbox 1866 3337 3436 3414">
     <span class='ocr_line' id='line_1_75' title="bbox 1866 3337 3436 3414; baseline 0.008 -24"><span class='ocrx_word' id='word_1_527' title='bbox 1866 3337 2113 3392; x_wconf 74' lang='lat' dir='ltr'><strong>infinitas</strong></span> <span class='ocrx_word' id='word_1_528' title='bbox 2134 3339 2327 3395; x_wconf 88' lang='lat' dir='ltr'><strong>laudes</strong></span> <span class='ocrx_word' id='word_1_529' title='bbox 2353 3342 2475 3411; x_wconf 88' lang='lat' dir='ltr'><strong>ejus</strong></span> <span class='ocrx_word' id='word_1_530' title='bbox 2501 3343 2872 3412; x_wconf 88' lang='lat' dir='ltr'><strong>persequitur.</strong></span> <span class='ocrx_word' id='word_1_531' title='bbox 2898 3344 2967 3398; x_wconf 88' lang='lat' dir='ltr'><strong>Et</strong></span> <span class='ocrx_word' id='word_1_532' title='bbox 2996 3345 3127 3414; x_wconf 87' lang='lat' dir='ltr'><strong>quid</strong></span> <span class='ocrx_word' id='word_1_533' title='bbox 3154 3346 3279 3401; x_wconf 86' lang='lat' dir='ltr'><strong>dico</strong></span> <span class='ocrx_word' id='word_1_534' title='bbox 3308 3346 3436 3401; x_wconf 87' lang='lat' dir='ltr'><strong>Ori--</strong></span> 
     </span>
    </p>
   </div>
   <div class='ocr_carea' id='block_1_76' title="bbox 1865 3431 3436 3504">
    <p class='ocr_par' dir='ltr' id='par_1_76' title="bbox 1865 3431 3436 3504">
     <span class='ocr_line' id='line_1_76' title="bbox 1865 3431 3436 3504; baseline 0.008 -22"><span class='ocrx_word' id='word_1_535' title='bbox 1865 3444 2057 3498; x_wconf 78' lang='lat' dir='ltr'><strong>genem</strong></span> <span class='ocrx_word' id='word_1_536' title='bbox 2073 3431 2095 3483; x_wconf 87' lang='lat'><strong>?</strong></span> <span class='ocrx_word' id='word_1_537' title='bbox 2111 3431 2567 3502; x_wconf 82' lang='lat' dir='ltr'><strong>Quandoquidem</strong></span> <span class='ocrx_word' id='word_1_538' title='bbox 2592 3433 2984 3503; x_wconf 84' lang='lat' dir='ltr'><strong>Apollinarius,</strong></span> <span class='ocrx_word' id='word_1_539' title='bbox 3002 3437 3094 3504; x_wconf 81' lang='lat' dir='ltr'><strong>qui</strong></span> <span class='ocrx_word' id='word_1_540' title='bbox 3117 3437 3343 3491; x_wconf 80' lang='lat' dir='ltr'><strong>omnino</strong></span> <span class='ocrx_word' id='word_1_541' title='bbox 3368 3455 3436 3494; x_wconf 76' lang='lat' dir='ltr'><strong>ex</strong></span> 
     </span>
    </p>
   </div>
   <div class='ocr_carea' id='block_1_77' title="bbox 1865 3512 3435 3596">
    <p class='ocr_par' dir='ltr' id='par_1_77' title="bbox 1865 3512 3435 3596">
     <span class='ocr_line' id='line_1_77' title="bbox 1865 3512 3435 3596; baseline 0.01 -28"><span class='ocrx_word' id='word_1_542' title='bbox 1865 3517 2100 3572; x_wconf 86' lang='lat' dir='ltr'><strong>adverso</strong></span> <span class='ocrx_word' id='word_1_543' title='bbox 2134 3520 2246 3590; x_wconf 78' lang='lat'><strong>(55)</strong></span> <span class='ocrx_word' id='word_1_544' title='bbox 2282 3523 2332 3575; x_wconf 91' lang='lat' dir='ltr'><strong>ei</strong></span> <span class='ocrx_word' id='word_1_545' title='bbox 2369 3538 2399 3576; x_wconf 89' lang='lat' dir='ltr'><strong>a</strong></span> <span class='ocrx_word' id='word_1_546' title='bbox 2442 3524 2677 3578; x_wconf 85' lang='lat' dir='ltr'><strong>veritate</strong></span> <span class='ocrx_word' id='word_1_547' title='bbox 2708 3512 3007 3583; x_wconf 83' lang='lat' dir='ltr'><strong>aberravit.</strong></span> <span class='ocrx_word' id='word_1_548' title='bbox 3044 3527 3312 3596; x_wconf 77' lang='lat' dir='ltr'><strong>gloriatur</strong></span> <span class='ocrx_word' id='word_1_549' title='bbox 3347 3529 3435 3583; x_wconf 88' lang='lat' dir='ltr'><strong>in-</strong></span> 
     </span>
    </p>
   </div>
   <div class='ocr_carea' id='block_1_78' title="bbox 1864 3610 3438 3684">
    <p class='ocr_par' dir='ltr' id='par_1_78' title="bbox 1864 3610 3438 3684">
     <span class='ocr_line' id='line_1_78' title="bbox 1864 3610 3438 3684; baseline 0.009 -25"><span class='ocrx_word' id='word_1_550' title='bbox 1864 3610 2240 3666; x_wconf 88' lang='lat' dir='ltr'><strong>numerabiles</strong></span> <span class='ocrx_word' id='word_1_551' title='bbox 2286 3612 2544 3681; x_wconf 85' lang='lat' dir='ltr'><strong>cpistolas</strong></span> <span class='ocrx_word' id='word_1_552' title='bbox 2577 3614 2644 3667; x_wconf 89' lang='lat' dir='ltr'><strong>ad</strong></span> <span class='ocrx_word' id='word_1_553' title='bbox 2673 3630 2800 3669; x_wconf 83' lang='lat' dir='ltr'><strong>eum</strong></span> <span class='ocrx_word' id='word_1_554' title='bbox 2831 3618 3067 3684; x_wconf 88' lang='lat' dir='ltr'><strong>scriptas</strong></span> <span class='ocrx_word' id='word_1_555' title='bbox 3098 3632 3221 3673; x_wconf 87' lang='lat' dir='ltr'><strong>esse</strong></span> <span class='ocrx_word' id='word_1_556' title='bbox 3262 3619 3438 3673; x_wconf 85' lang='lat' dir='ltr'><strong>Atha-</strong></span> 
     </span>
    </p>
   </div>
   <div class='ocr_carea' id='block_1_79' title="bbox 1864 3698 3436 3776">
    <p class='ocr_par' dir='ltr' id='par_1_79' title="bbox 1864 3698 3436 3776">
     <span class='ocr_line' id='line_1_79' title="bbox 1864 3698 3436 3776; baseline 0.008 -26"><span class='ocrx_word' id='word_1_557' title='bbox 1864 3698 2005 3751; x_wconf 90' lang='lat' dir='ltr'><strong>nasii</strong></span> <span class='ocrx_word' id='word_1_558' title='bbox 2042 3701 2247 3769; x_wconf 83' lang='lat' dir='ltr'><strong>magni,</strong></span> <span class='ocrx_word' id='word_1_559' title='bbox 2282 3712 2339 3755; x_wconf 88' lang='lat' dir='ltr'><strong>et</strong></span> <span class='ocrx_word' id='word_1_560' title='bbox 2370 3701 2711 3770; x_wconf 79' lang='lat' dir='ltr'><strong>Serapionis,</strong></span> <span class='ocrx_word' id='word_1_561' title='bbox 2744 3716 2801 3757; x_wconf 85' lang='lat' dir='ltr'><strong>et</strong></span> <span class='ocrx_word' id='word_1_562' title='bbox 2831 3705 3090 3768; x_wconf 88' lang='lat' dir='ltr'><strong>aliorum,</strong></span> <span class='ocrx_word' id='word_1_563' title='bbox 3115 3708 3436 3776; x_wconf 83' lang='lat' dir='ltr'><strong>quicunque</strong></span> 
     </span>
    </p>
   </div>
   <div class='ocr_carea' id='block_1_80' title="bbox 1864 3787 3433 3865">
    <p class='ocr_par' dir='ltr' id='par_1_80' title="bbox 1864 3787 3433 3865">
     <span class='ocr_line' id='line_1_80' title="bbox 1864 3787 3433 3865; baseline 0.006 -24"><span class='ocrx_word' id='word_1_564' title='bbox 1864 3787 2091 3843; x_wconf 81' lang='lat' dir='ltr'><strong>fuerunt</strong></span> <span class='ocrx_word' id='word_1_565' title='bbox 2121 3799 2264 3853; x_wconf 42' lang='lat' dir='ltr'><strong>tunc.</strong></span> <span class='ocrx_word' id='word_1_566' title='bbox 2285 3790 2551 3860; x_wconf 76' lang='lat' dir='ltr'><strong>fulgentia</strong></span> <span class='ocrx_word' id='word_1_567' title='bbox 2607 3793 2809 3857; x_wconf 89' lang='lat' dir='ltr'><strong>sidera,</strong></span> <span class='ocrx_word' id='word_1_568' title='bbox 2840 3803 2895 3848; x_wconf 92' lang='lat' dir='ltr'><strong>ct</strong></span> <span class='ocrx_word' id='word_1_569' title='bbox 2938 3797 3185 3851; x_wconf 81' lang='lat' dir='ltr'><strong>veritatis</strong></span> <span class='ocrx_word' id='word_1_570' title='bbox 3224 3814 3433 3865; x_wconf 90' lang='lat' dir='ltr'><strong>propu-</strong></span> 
     </span>
    </p>
   </div>
   <div class='ocr_carea' id='block_1_81' title="bbox 1863 3880 3435 3950">
    <p class='ocr_par' dir='ltr' id='par_1_81' title="bbox 1863 3880 3435 3950">
     <span class='ocr_line' id='line_1_81' title="bbox 1863 3880 3435 3950; baseline 0.006 -19"><span class='ocrx_word' id='word_1_571' title='bbox 1863 3888 2123 3948; x_wconf 79' lang='lat' dir='ltr'><strong>gnatores</strong></span> <span class='ocrx_word' id='word_1_572' title='bbox 2153 3889 2246 3934; x_wconf 90' lang='lat' dir='ltr'><strong>:et</strong></span> <span class='ocrx_word' id='word_1_573' title='bbox 2278 3880 2323 3934; x_wconf 90' lang='lat' dir='ltr'><strong>si</strong></span> <span class='ocrx_word' id='word_1_574' title='bbox 2353 3881 2478 3950; x_wconf 84' lang='lat' dir='ltr'><strong>quis</strong></span> <span class='ocrx_word' id='word_1_575' title='bbox 2505 3880 2561 3934; x_wconf 92' lang='lat' dir='ltr'><strong>in</strong></span> <span class='ocrx_word' id='word_1_576' title='bbox 2588 3897 2782 3938; x_wconf 87' lang='lat' dir='ltr'><strong>manus</strong></span> <span class='ocrx_word' id='word_1_577' title='bbox 2803 3892 2983 3936; x_wconf 90' lang='lat' dir='ltr'><strong>sumat</strong></span> <span class='ocrx_word' id='word_1_578' title='bbox 3005 3885 3435 3940; x_wconf 79' lang='lat' dir='ltr'><strong>ecclesiasticam</strong></span> 
     </span>
    </p>
   </div>
   <div class='ocr_carea' id='block_1_82' title="bbox 1863 3968 3434 4043">
    <p class='ocr_par' dir='ltr' id='par_1_82' title="bbox 1863 3968 3434 4043">
     <span class='ocr_line' id='line_1_82' title="bbox 1863 3968 3434 4043; baseline 0.005 -21"><span class='ocrx_word' id='word_1_579' title='bbox 1863 3968 2154 4023; x_wconf 89' lang='lat' dir='ltr'><strong>historiam</strong></span> <span class='ocrx_word' id='word_1_580' title='bbox 2191 3985 2354 4038; x_wconf 88' lang='lat' dir='ltr'><strong>quam</strong></span> <span class='ocrx_word' id='word_1_581' title='bbox 2398 3971 2722 4025; x_wconf 83' lang='lat' dir='ltr'><strong>Timotheus</strong></span> <span class='ocrx_word' id='word_1_582' title='bbox 2761 3971 3089 4039; x_wconf 79' lang='lat' dir='ltr'><strong>Apollinarii</strong></span> <span class='ocrx_word' id='word_1_583' title='bbox 3120 3974 3434 4043; x_wconf 86' lang='lat' dir='ltr'><strong>discipulus</strong></span> 
     </span>
    </p>
   </div>
   <div class='ocr_carea' id='block_1_83' title="bbox 1864 4060 3437 4134">
    <p class='ocr_par' dir='ltr' id='par_1_83' title="bbox 1864 4060 3437 4134">
     <span class='ocr_line' id='line_1_83' title="bbox 1864 4060 3437 4134; baseline 0.003 -19"><span class='ocrx_word' id='word_1_584' title='bbox 1864 4060 2193 4129; x_wconf 86' lang='lat' dir='ltr'><strong>composuit,</strong></span> <span class='ocrx_word' id='word_1_585' title='bbox 2221 4062 2433 4116; x_wconf 88' lang='lat' dir='ltr'><strong>nullum</strong></span> <span class='ocrx_word' id='word_1_586' title='bbox 2458 4061 2628 4116; x_wconf 89' lang='lat' dir='ltr'><strong>alium</strong></span> <span class='ocrx_word' id='word_1_587' title='bbox 2657 4062 2818 4115; x_wconf 84' lang='lat' dir='ltr'><strong>ﬁnem</strong></span> <span class='ocrx_word' id='word_1_588' title='bbox 2847 4063 2979 4116; x_wconf 89' lang='lat' dir='ltr'><strong>tanti</strong></span> <span class='ocrx_word' id='word_1_589' title='bbox 3002 4063 3208 4118; x_wconf 87' lang='lat' dir='ltr'><strong>laboris</strong></span> <span class='ocrx_word' id='word_1_590' title='bbox 3234 4082 3437 4134; x_wconf 82' lang='lat' dir='ltr'><strong>propo-</strong></span> 
     </span>
    </p>
   </div>
   <div class='ocr_carea' id='block_1_84' title="bbox 1864 4152 3434 4224">
    <p class='ocr_par' dir='ltr' id='par_1_84' title="bbox 1864 4152 3434 4224">
     <span class='ocr_line' id='line_1_84' title="bbox 1864 4152 3434 4224; baseline 0.002 -17"><span class='ocrx_word' id='word_1_591' title='bbox 1864 4153 2030 4207; x_wconf 88' lang='lat' dir='ltr'><strong>situm</strong></span> <span class='ocrx_word' id='word_1_592' title='bbox 2061 4152 2166 4221; x_wconf 88' lang='lat' dir='ltr'><strong>ipsi</strong></span> <span class='ocrx_word' id='word_1_593' title='bbox 2204 4153 2465 4221; x_wconf 89' lang='lat' dir='ltr'><strong>reperiet,</strong></span> <span class='ocrx_word' id='word_1_594' title='bbox 2494 4168 2654 4221; x_wconf 86' lang='lat' dir='ltr'><strong>quam</strong></span> <span class='ocrx_word' id='word_1_595' title='bbox 2696 4152 3227 4208; x_wconf 86' lang='lat' dir='ltr'><strong>commendationem</strong></span> <span class='ocrx_word' id='word_1_596' title='bbox 3263 4157 3434 4224; x_wconf 85' lang='lat' dir='ltr'><strong>Apol-</strong></span> 
     </span>
    </p>
   </div>
   <div class='ocr_carea' id='block_1_85' title="bbox 1864 4241 3433 4313">
    <p class='ocr_par' dir='ltr' id='par_1_85' title="bbox 1864 4241 3433 4313">
     <span class='ocr_line' id='line_1_85' title="bbox 1864 4241 3433 4313; baseline 0.001 -16"><span class='ocrx_word' id='word_1_597' title='bbox 1864 4241 2069 4303; x_wconf 88' lang='lat' dir='ltr'><strong>linarii,</strong></span> <span class='ocrx_word' id='word_1_598' title='bbox 2119 4256 2282 4310; x_wconf 88' lang='lat' dir='ltr'><strong>quam</strong></span> <span class='ocrx_word' id='word_1_599' title='bbox 2326 4257 2394 4295; x_wconf 76' lang='lat' dir='ltr'><strong>ex</strong></span> <span class='ocrx_word' id='word_1_600' title='bbox 2442 4256 2509 4295; x_wconf 91' lang='lat' dir='ltr'><strong>eo</strong></span> <span class='ocrx_word' id='word_1_601' title='bbox 2553 4241 2795 4310; x_wconf 80' lang='lat' dir='ltr'><strong>collegit,</strong></span> <span class='ocrx_word' id='word_1_602' title='bbox 2843 4242 2992 4310; x_wconf 92' lang='lat' dir='ltr'><strong>quod</strong></span> <span class='ocrx_word' id='word_1_603' title='bbox 3027 4243 3096 4295; x_wconf 87' lang='lat' dir='ltr'><strong>ah</strong></span> <span class='ocrx_word' id='word_1_604' title='bbox 3138 4243 3256 4313; x_wconf 88' lang='lat' dir='ltr'><strong>ipso</strong></span> <span class='ocrx_word' id='word_1_605' title='bbox 3284 4256 3340 4299; x_wconf 91' lang='lat' dir='ltr'><strong>et</strong></span> <span class='ocrx_word' id='word_1_606' title='bbox 3366 4246 3433 4299; x_wconf 90' lang='lat' dir='ltr'><strong>ad</strong></span> 
     </span>
    </p>
   </div>
   <div class='ocr_carea' id='block_1_86' title="bbox 1865 4332 3433 4403">
    <p class='ocr_par' dir='ltr' id='par_1_86' title="bbox 1865 4332 3433 4403">
     <span class='ocr_line' id='line_1_86' title="bbox 1865 4332 3433 4403; baseline 0.003 -17"><span class='ocrx_word' id='word_1_607' title='bbox 1865 4333 2044 4403; x_wconf 86' lang='lat' dir='ltr'><strong>ipsum</strong></span> <span class='ocrx_word' id='word_1_608' title='bbox 2067 4332 2296 4387; x_wconf 61' lang='lat' dir='ltr'><strong>inﬁnitae</strong></span> <span class='ocrx_word' id='word_1_609' title='bbox 2313 4332 2561 4401; x_wconf 75' lang='lat' dir='ltr'><strong>epistolze</strong></span> <span class='ocrx_word' id='word_1_610' title='bbox 2585 4333 2806 4401; x_wconf 55' lang='lat' dir='ltr'><strong>scripta»</strong></span> <span class='ocrx_word' id='word_1_611' title='bbox 2827 4341 2884 4385; x_wconf 91' lang='lat' dir='ltr'><strong>et</strong></span> <span class='ocrx_word' id='word_1_612' title='bbox 2903 4334 3182 4403; x_wconf 70' lang='lat' dir='ltr'><strong>rescripta:</strong></span> <span class='ocrx_word' id='word_1_613' title='bbox 3211 4345 3393 4389; x_wconf 88' lang='lat' dir='ltr'><strong>essent</strong></span> <span class='ocrx_word' id='word_1_614' title='bbox 3418 4354 3433 4390; x_wconf 90' lang='lat'><strong>:</strong></span> 
     </span>
    </p>
   </div>
   <div class='ocr_carea' id='block_1_87' title="bbox 183 4421 1764 4503">
    <p class='ocr_par' dir='ltr' id='par_1_87' title="bbox 183 4433 1762 4503">
     <span class='ocr_line' id='line_1_87' title="bbox 183 4433 1762 4503; baseline -0.002 -13"><span class='ocrx_word' id='word_1_615' title='bbox 183 4440 234 4491; x_wconf 86' lang='grc' dir='ltr'><strong>οί</strong></span> <span class='ocrx_word' id='word_1_616' title='bbox 274 4436 319 4489; x_wconf 85' lang='grc' dir='ltr'>δ’</span> <span class='ocrx_word' id='word_1_617' title='bbox 349 4434 502 4490; x_wconf 82' lang='grc' dir='ltr'>αὐτοί</span> <span class='ocrx_word' id='word_1_618' title='bbox 529 4452 618 4503; x_wconf 90' lang='grc' dir='ltr'><strong>μοι</strong></span> <span class='ocrx_word' id='word_1_619' title='bbox 657 4433 874 4487; x_wconf 85' lang='grc' dir='ltr'>δοκοῦσι</span> <span class='ocrx_word' id='word_1_620' title='bbox 904 4434 999 4486; x_wconf 81' lang='grc' dir='ltr'>καὶ</span> <span class='ocrx_word' id='word_1_621' title='bbox 1046 4434 1238 4501; x_wconf 80' lang='grc' dir='ltr'>Δημᾶν</span> <span class='ocrx_word' id='word_1_622' title='bbox 1286 4433 1425 4502; x_wconf 87' lang='grc' dir='ltr'>τάχα</span> <span class='ocrx_word' id='word_1_623' title='bbox 1470 4437 1762 4502; x_wconf 80' lang='grc' dir='ltr'>συστήσειν</span> 
     </span>
    </p>
   </div>
   <div class='ocr_carea' id='block_1_88' title="bbox 1871 4421 3436 4503">
    <p class='ocr_par' dir='ltr' id='par_1_88' title="bbox 1871 4421 3436 4491">
     <span class='ocr_line' id='line_1_88' title="bbox 1871 4421 3436 4491; baseline 0.003 -15"><span class='ocrx_word' id='word_1_624' title='bbox 1871 4423 1957 4491; x_wconf 84' lang='grc' dir='ltr'><strong>[ιυί</strong></span> <span class='ocrx_word' id='word_1_625' title='bbox 2008 4422 2144 4477; x_wconf 91' lang='lat' dir='ltr'><strong>mihi</strong></span> <span class='ocrx_word' id='word_1_626' title='bbox 2195 4422 2456 4476; x_wconf 85' lang='lat' dir='ltr'><strong>videntur</strong></span> <span class='ocrx_word' id='word_1_627' title='bbox 2513 4422 2703 4477; x_wconf 90' lang='lat' dir='ltr'><strong>eadem</strong></span> <span class='ocrx_word' id='word_1_628' title='bbox 2753 4421 2967 4476; x_wconf 87' lang='lat' dir='ltr'><strong>ratione</strong></span> <span class='ocrx_word' id='word_1_629' title='bbox 3000 4424 3223 4477; x_wconf 88' lang='lat' dir='ltr'><strong>Dcmam</strong></span> <span class='ocrx_word' id='word_1_630' title='bbox 3274 4426 3436 4480; x_wconf 83' lang='lat' dir='ltr'><strong>nobis</strong></span> 
     </span>
    </p>
   </div>
   <div class='ocr_carea' id='block_1_89' title="bbox 184 4523 1761 4598">
    <p class='ocr_par' dir='ltr' id='par_1_89' title="bbox 184 4523 1761 4598">
     <span class='ocr_line' id='line_1_89' title="bbox 184 4523 1761 4598; baseline -0.001 -19"><span class='ocrx_word' id='word_1_631' title='bbox 184 4530 340 4598; x_wconf 74' lang='grc' dir='ltr'>ἡμῖν,</span> <span class='ocrx_word' id='word_1_632' title='bbox 372 4527 453 4579; x_wconf 81' lang='grc' dir='ltr'>ὅτι</span> <span class='ocrx_word' id='word_1_633' title='bbox 491 4526 584 4577; x_wconf 80' lang='grc' dir='ltr'>καὶ</span> <span class='ocrx_word' id='word_1_634' title='bbox 616 4524 826 4588; x_wconf 82' lang='grc' dir='ltr'>Παῦλος</span> <span class='ocrx_word' id='word_1_635' title='bbox 856 4524 1021 4577; x_wconf 78' lang='grc' dir='ltr'>αὑτὸν</span> <span class='ocrx_word' id='word_1_636' title='bbox 1062 4523 1358 4590; x_wconf 84' lang='grc' dir='ltr'>Ῥωμαίοις</span> <span class='ocrx_word' id='word_1_637' title='bbox 1408 4524 1761 4593; x_wconf 85' lang='grc' dir='ltr'>συνέστηκεν,</span> 
     </span>
    </p>
   </div>
   <div class='ocr_carea' id='block_1_90' title="bbox 186 4613 1762 4691">
    <p class='ocr_par' dir='ltr' id='par_1_90' title="bbox 186 4613 1762 4691">
     <span class='ocr_line' id='line_1_90' title="bbox 186 4613 1762 4691; baseline -0.003 -18"><span class='ocrx_word' id='word_1_638' title='bbox 186 4620 281 4673; x_wconf 72' lang='grc' dir='ltr'>καὶ</span> <span class='ocrx_word' id='word_1_639' title='bbox 314 4621 402 4672; x_wconf 80' lang='grc' dir='ltr'>τὸν</span> <span class='ocrx_word' id='word_1_640' title='bbox 439 4618 641 4670; x_wconf 83' lang='grc' dir='ltr'>Ἰούδαν</span> <span class='ocrx_word' id='word_1_641' title='bbox 665 4616 979 4669; x_wconf 87' lang='grc' dir='ltr'>συντάττειν</span> <span class='ocrx_word' id='word_1_642' title='bbox 1008 4615 1086 4685; x_wconf 85' lang='grc' dir='ltr'>τῷ</span> <span class='ocrx_word' id='word_1_643' title='bbox 1117 4613 1263 4684; x_wconf 58' lang='grc' dir='ltr'>χορῷ</span> <span class='ocrx_word' id='word_1_644' title='bbox 1292 4613 1399 4691; x_wconf 49' lang='grc' dir='ltr'><strong>τῶρ</strong></span> <span class='ocrx_word' id='word_1_645' title='bbox 1426 4614 1762 4678; x_wconf 85' lang='grc' dir='ltr'>ἀποστόλων,</span> 
     </span>
    </p>
   </div>
   <div class='ocr_carea' id='block_1_91' title="bbox 186 4704 1766 4779">
    <p class='ocr_par' dir='ltr' id='par_1_91' title="bbox 186 4704 1766 4779">
     <span class='ocr_line' id='line_1_91' title="bbox 186 4704 1766 4779; baseline -0.003 -16"><span class='ocrx_word' id='word_1_646' title='bbox 186 4709 448 4772; x_wconf 81' lang='grc' dir='ltr'>πολλάκις</span> <span class='ocrx_word' id='word_1_647' title='bbox 479 4708 554 4779; x_wconf 82' lang='grc' dir='ltr'>τῷ</span> <span class='ocrx_word' id='word_1_648' title='bbox 582 4708 799 4778; x_wconf 81' lang='grc' dir='ltr'>Σωτῆρι</span> <span class='ocrx_word' id='word_1_649' title='bbox 830 4705 1217 4759; x_wconf 82' lang='grc' dir='ltr'>συναλισθέντα</span> <span class='ocrx_word' id='word_1_650' title='bbox 1245 4720 1258 4735; x_wconf 88' lang='grc'><strong>·</strong></span> <span class='ocrx_word' id='word_1_651' title='bbox 1284 4704 1398 4757; x_wconf 72' lang='grc' dir='ltr'>ἀλλ’</span> <span class='ocrx_word' id='word_1_652' title='bbox 1420 4705 1766 4759; x_wconf 83' lang='grc' dir='ltr'>ἀκουέτωσαν</span> 
     </span>
    </p>
   </div>
   <div class='ocr_carea' id='block_1_92' title="bbox 187 4794 1763 4871">
    <p class='ocr_par' dir='ltr' id='par_1_92' title="bbox 187 4794 1763 4871">
     <span class='ocr_line' id='line_1_92' title="bbox 187 4794 1763 4871; baseline -0.003 -18"><span class='ocrx_word' id='word_1_653' title='bbox 187 4801 283 4855; x_wconf 74' lang='grc' dir='ltr'>καὶ</span> <span class='ocrx_word' id='word_1_654' title='bbox 308 4800 442 4871; x_wconf 78' lang='grc' dir='ltr'>πρὸς</span> <span class='ocrx_word' id='word_1_655' title='bbox 471 4798 653 4869; x_wconf 83' lang='grc' dir='ltr'>ήμῶν,</span> <span class='ocrx_word' id='word_1_656' title='bbox 684 4797 757 4860; x_wconf 83' lang='grc' dir='ltr'>ὼς</span> <span class='ocrx_word' id='word_1_657' title='bbox 789 4800 837 4850; x_wconf 82' lang='grc' dir='ltr'><strong>εί</strong></span> <span class='ocrx_word' id='word_1_658' title='bbox 875 4796 1118 4868; x_wconf 85' lang='grc' dir='ltr'>μέλλοιεν</span> <span class='ocrx_word' id='word_1_659' title='bbox 1170 4794 1269 4858; x_wconf 80' lang='grc' dir='ltr'>τὰς</span> <span class='ocrx_word' id='word_1_660' title='bbox 1310 4795 1447 4865; x_wconf 75' lang='grc' dir='ltr'>πρός</span> <span class='ocrx_word' id='word_1_661' title='bbox 1472 4811 1625 4856; x_wconf 87' lang='grc' dir='ltr'>τινας</span> <span class='ocrx_word' id='word_1_662' title='bbox 1655 4795 1763 4848; x_wconf 85' lang='grc' dir='ltr'><strong>τῶν</strong></span> 
     </span>
    </p>
   </div>
   <div class='ocr_carea' id='block_1_93' title="bbox 190 4882 1765 4960">
    <p class='ocr_par' dir='ltr' id='par_1_93' title="bbox 190 4882 1765 4960">
     <span class='ocr_line' id='line_1_93' title="bbox 190 4882 1765 4960; baseline -0.006 -16"><span class='ocrx_word' id='word_1_663' title='bbox 190 4889 450 4959; x_wconf 83' lang='grc' dir='ltr'>Πατέρων</span> <span class='ocrx_word' id='word_1_664' title='bbox 479 4889 874 4960; x_wconf 71' lang='grc' dir='ltr'>γεγραμμένας</span> <span class='ocrx_word' id='word_1_665' title='bbox 903 4885 1214 4951; x_wconf 76' lang='grc' dir='ltr'>ἐπιστολάς,</span> <span class='ocrx_word' id='word_1_666' title='bbox 1245 4884 1351 4956; x_wconf 78' lang='grc' dir='ltr'>πρὸ</span> <span class='ocrx_word' id='word_1_667' title='bbox 1377 4883 1476 4952; x_wconf 84' lang='grc' dir='ltr'><strong>τῆς</strong></span> <span class='ocrx_word' id='word_1_668' title='bbox 1507 4882 1765 4954; x_wconf 86' lang='grc' dir='ltr'>ἀληθείας</span> 
     </span>
    </p>
   </div>
   <div class='ocr_carea' id='block_1_94' title="bbox 189 4971 1766 5045">
    <p class='ocr_par' dir='ltr' id='par_1_94' title="bbox 189 4971 1766 5045">
     <span class='ocr_line' id='line_1_94' title="bbox 189 4971 1766 5045; baseline -0.006 -12"><span class='ocrx_word' id='word_1_669' title='bbox 189 4978 479 5041; x_wconf 71' lang='grc' dir='ltr'>αἰδεῖσθαι,</span> <span class='ocrx_word' id='word_1_670' title='bbox 513 4980 573 5030; x_wconf 78' lang='grc' dir='ltr'>οὐ</span> <span class='ocrx_word' id='word_1_671' title='bbox 622 4976 898 5043; x_wconf 82' lang='grc' dir='ltr'>Θεόδωρον</span> <span class='ocrx_word' id='word_1_672' title='bbox 936 4976 969 5045; x_wconf 82' lang='grc' dir='ltr'>ἢ</span> <span class='ocrx_word' id='word_1_673' title='bbox 1005 4975 1272 5045; x_wconf 85' lang='grc' dir='ltr'>Διόδωρον</span> <span class='ocrx_word' id='word_1_674' title='bbox 1302 4973 1485 5044; x_wconf 88' lang='grc' dir='ltr'>μόνον,</span> <span class='ocrx_word' id='word_1_675' title='bbox 1512 4971 1648 5025; x_wconf 83' lang='grc' dir='ltr'>ἀλλά</span> <span class='ocrx_word' id='word_1_676' title='bbox 1673 4972 1766 5024; x_wconf 78' lang='grc' dir='ltr'>καὶ</span> 
     </span>
    </p>
   </div>
   <div class='ocr_carea' id='block_1_95' title="bbox 193 5064 1767 5141">
    <p class='ocr_par' dir='ltr' id='par_1_95' title="bbox 193 5064 1767 5141">
     <span class='ocr_line' id='line_1_95' title="bbox 193 5064 1767 5141; baseline -0.007 -15"><span class='ocrx_word' id='word_1_677' title='bbox 193 5069 387 5133; x_wconf 80' lang='grc' dir='ltr'>ἄλλους</span> <span class='ocrx_word' id='word_1_678' title='bbox 435 5068 687 5131; x_wconf 79' lang='grc' dir='ltr'>πολλοὺς,</span> <span class='ocrx_word' id='word_1_679' title='bbox 724 5068 821 5121; x_wconf 78' lang='grc' dir='ltr'>καὶ</span> <span class='ocrx_word' id='word_1_680' title='bbox 847 5065 941 5129; x_wconf 82' lang='grc' dir='ltr'>οὓς</span> <span class='ocrx_word' id='word_1_681' title='bbox 966 5065 1074 5119; x_wconf 78' lang='grc' dir='ltr'>οὐδ’</span> <span class='ocrx_word' id='word_1_682' title='bbox 1101 5066 1255 5119; x_wconf 78' lang='grc' dir='ltr'>αὐτοὶ</span> <span class='ocrx_word' id='word_1_683' title='bbox 1270 5064 1584 5141; x_wconf 72' lang='grc' dir='ltr'>βούλονται,</span> <span class='ocrx_word' id='word_1_684' title='bbox 1624 5079 1767 5133; x_wconf 81' lang='grc' dir='ltr'>συμ-</span> 
     </span>
    </p>
   </div>
   <div class='ocr_carea' id='block_1_96' title="bbox 192 5158 1030 5230">
    <p class='ocr_par' dir='ltr' id='par_1_96' title="bbox 192 5158 1030 5230">
     <span class='ocr_line' id='line_1_96' title="bbox 192 5158 1030 5230; baseline -0.004 -15"><span class='ocrx_word' id='word_1_685' title='bbox 192 5160 600 5230; x_wconf 79' lang='grc' dir='ltr'>παραδέχεσθαι</span> <span class='ocrx_word' id='word_1_686' title='bbox 624 5158 1030 5229; x_wconf 78' lang='grc' dir='ltr'>βιασθήσονται.</span> 
     </span>
    </p>
   </div>
   <div class='ocr_carea' id='block_1_97' title="bbox 263 5242 1767 5319">
    <p class='ocr_par' dir='ltr' id='par_1_97' title="bbox 263 5242 1767 5319">
     <span class='ocr_line' id='line_1_97' title="bbox 263 5242 1767 5319; baseline -0.005 -13"><span class='ocrx_word' id='word_1_687' title='bbox 263 5252 399 5306; x_wconf 77' lang='lat' dir='ltr'><strong>MA&#39;.</strong></span> <span class='ocrx_word' id='word_1_688' title='bbox 427 5246 552 5303; x_wconf 80' lang='grc' dir='ltr'>Οἷον</span> <span class='ocrx_word' id='word_1_689' title='bbox 572 5250 628 5302; x_wconf 82' lang='grc' dir='ltr'>δὲ</span> <span class='ocrx_word' id='word_1_690' title='bbox 657 5248 838 5303; x_wconf 84' lang='grc' dir='ltr'>αὐτῶν</span> <span class='ocrx_word' id='word_1_691' title='bbox 861 5250 1083 5302; x_wconf 80' lang='grc' dir='ltr'>κάκεῖνο</span> <span class='ocrx_word' id='word_1_692' title='bbox 1104 5265 1117 5278; x_wconf 89' lang='grc'><strong>·</strong></span> <span class='ocrx_word' id='word_1_693' title='bbox 1165 5248 1282 5317; x_wconf 83' lang='grc' dir='ltr'>Ἐφ’</span> <span class='ocrx_word' id='word_1_694' title='bbox 1318 5242 1398 5311; x_wconf 67' lang='grc' dir='ltr'>οἷς</span> <span class='ocrx_word' id='word_1_695' title='bbox 1426 5246 1560 5319; x_wconf 84' lang='grc' dir='ltr'>γὰρ,</span> <span class='ocrx_word' id='word_1_696' title='bbox 1580 5248 1767 5317; x_wconf 70' lang='grc' dir='ltr'>φησὶν,</span> 
     </span>
    </p>
   </div>
   <div class='ocr_carea' id='block_1_98' title="bbox 194 5337 1767 5410">
    <p class='ocr_par' dir='ltr' id='par_1_98' title="bbox 194 5337 1767 5410">
     <span class='ocr_line' id='line_1_98' title="bbox 194 5337 1767 5410; baseline -0.005 -12"><span class='ocrx_word' id='word_1_697' title='bbox 194 5342 449 5398; x_wconf 75' lang='grc' dir='ltr'>εὐθύνετε</span> <span class='ocrx_word' id='word_1_698' title='bbox 486 5341 765 5410; x_wconf 83' lang='grc' dir='ltr'>Θεόδωρον</span> <span class='ocrx_word' id='word_1_699' title='bbox 805 5340 838 5410; x_wconf 82' lang='grc' dir='ltr'>ἢ</span> <span class='ocrx_word' id='word_1_700' title='bbox 894 5339 1180 5409; x_wconf 84' lang='grc' dir='ltr'>Διόδωρον,</span> <span class='ocrx_word' id='word_1_701' title='bbox 1230 5340 1326 5391; x_wconf 80' lang='grc' dir='ltr'>καὶ</span> <span class='ocrx_word' id='word_1_702' title='bbox 1374 5340 1501 5401; x_wconf 83' lang='grc' dir='ltr'>τοὺς</span> <span class='ocrx_word' id='word_1_703' title='bbox 1546 5337 1767 5401; x_wconf 77' lang='grc' dir='ltr'>λοιποὺς</span> 
     </span>
    </p>
   </div>
   <div class='ocr_carea' id='block_1_99' title="bbox 196 5428 1766 5503">
    <p class='ocr_par' dir='ltr' id='par_1_99' title="bbox 196 5428 1766 5503">
     <span class='ocr_line' id='line_1_99' title="bbox 196 5428 1766 5503; baseline -0.003 -18"><span class='ocrx_word' id='word_1_704' title='bbox 196 5431 448 5503; x_wconf 83' lang='grc' dir='ltr'>Πατέρας</span> <span class='ocrx_word' id='word_1_705' title='bbox 503 5430 785 5494; x_wconf 83' lang='grc' dir='ltr'>ὑπαιτίους</span> <span class='ocrx_word' id='word_1_706' title='bbox 835 5429 1182 5501; x_wconf 82' lang='grc' dir='ltr'>εὑρίσκομεν.</span> <span class='ocrx_word' id='word_1_707' title='bbox 1237 5429 1348 5482; x_wconf 79' lang='grc' dir='ltr'><strong>Καὶ</strong></span> <span class='ocrx_word' id='word_1_708' title='bbox 1399 5428 1766 5498; x_wconf 81' lang='grc' dir='ltr'>προφέρουσιν</span> 
     </span>
    </p>
   </div>
   <div class='ocr_carea' id='block_1_100' title="bbox 269 5622 1783 5702">
    <p class='ocr_par' dir='ltr' id='par_1_100' title="bbox 269 5622 1783 5702">
     <span class='ocr_line' id='line_1_100' title="bbox 269 5622 1783 5702; baseline -0.007 -15"><span class='ocrx_word' id='word_1_709' title='bbox 269 5630 393 5702; x_wconf 13' lang='lat'><strong>(55),</strong></span> <span class='ocrx_word' id='word_1_710' title='bbox 435 5630 555 5702; x_wconf 14' lang='lat' dir='ltr'><strong>Qui,</strong></span> <span class='ocrx_word' id='word_1_711' title='bbox 580 5630 793 5702; x_wconf 77' lang='lat' dir='ltr'><strong>omnino</strong></span> <span class='ocrx_word' id='word_1_712' title='bbox 828 5644 892 5682; x_wconf 81' lang='lat' dir='ltr'><strong>ea:</strong></span> <span class='ocrx_word' id='word_1_713' title='bbox 936 5627 1176 5681; x_wconf 73' lang='lat' dir='ltr'><strong>adverso.</strong></span> <span class='ocrx_word' id='word_1_714' title='bbox 1241 5625 1417 5702; x_wconf 75' lang='lat' dir='ltr'><strong>Etiam</strong></span> <span class='ocrx_word' id='word_1_715' title='bbox 1453 5622 1586 5678; x_wconf 87' lang='lat' dir='ltr'><strong>hinc</strong></span> <span class='ocrx_word' id='word_1_716' title='bbox 1609 5623 1783 5702; x_wconf 80' lang='lat' dir='ltr'><strong>liquet</strong></span> 
     </span>
    </p>
   </div>
   <div class='ocr_carea' id='block_1_101' title="bbox 202 5695 1768 5773">
    <p class='ocr_par' dir='ltr' id='par_1_101' title="bbox 202 5695 1768 5773">
     <span class='ocr_line' id='line_1_101' title="bbox 202 5695 1768 5773; baseline -0.009 -12"><span class='ocrx_word' id='word_1_717' title='bbox 202 5695 498 5761; x_wconf 74' lang='lat' dir='ltr'><strong>Leontium</strong></span> <span class='ocrx_word' id='word_1_718' title='bbox 523 5701 774 5773; x_wconf 78' lang='lat' dir='ltr'><strong>Origenis</strong></span> <span class='ocrx_word' id='word_1_719' title='bbox 802 5705 1134 5756; x_wconf 86' lang='lat' dir='ltr'><strong>sectatorem</strong></span> <span class='ocrx_word' id='word_1_720' title='bbox 1162 5711 1273 5751; x_wconf 88' lang='lat' dir='ltr'><strong>non</strong></span> <span class='ocrx_word' id='word_1_721' title='bbox 1317 5697 1508 5759; x_wconf 82' lang='lat' dir='ltr'><strong>fuisse,</strong></span> <span class='ocrx_word' id='word_1_722' title='bbox 1572 5695 1768 5750; x_wconf 82' lang='lat' dir='ltr'><strong>saltem</strong></span> 
     </span>
    </p>
   </div>
   <div class='ocr_carea' id='block_1_102' title="bbox 1866 4512 3435 4581">
    <p class='ocr_par' dir='ltr' id='par_1_102' title="bbox 1866 4512 3435 4581">
     <span class='ocr_line' id='line_1_102' title="bbox 1866 4512 3435 4581; baseline 0.003 -15"><span class='ocrx_word' id='word_1_723' title='bbox 1866 4512 2333 4576; x_wconf 90' lang='lat' dir='ltr'><strong>commendaturi,</strong></span> <span class='ocrx_word' id='word_1_724' title='bbox 2386 4512 2515 4581; x_wconf 86' lang='lat' dir='ltr'><strong>quia</strong></span> <span class='ocrx_word' id='word_1_725' title='bbox 2565 4514 2770 4567; x_wconf 90' lang='lat' dir='ltr'><strong>Paulus</strong></span> <span class='ocrx_word' id='word_1_726' title='bbox 2817 4528 2945 4567; x_wconf 88' lang='lat' dir='ltr'><strong>eum</strong></span> <span class='ocrx_word' id='word_1_727' title='bbox 2987 4514 3248 4570; x_wconf 83' lang='lat' dir='ltr'><strong>Romanis</strong></span> <span class='ocrx_word' id='word_1_728' title='bbox 3280 4531 3435 4571; x_wconf 87' lang='lat' dir='ltr'><strong>com-</strong></span> 
     </span>
    </p>
   </div>
   <div class='ocr_carea' id='block_1_103' title="bbox 1866 4604 3437 4675">
    <p class='ocr_par' dir='ltr' id='par_1_103' title="bbox 1866 4604 3437 4675">
     <span class='ocr_line' id='line_1_103' title="bbox 1866 4604 3437 4675; baseline 0.003 -17"><span class='ocrx_word' id='word_1_729' title='bbox 1866 4604 2178 4669; x_wconf 85' lang='lat' dir='ltr'><strong>mendavit;</strong></span> <span class='ocrx_word' id='word_1_730' title='bbox 2212 4614 2269 4659; x_wconf 91' lang='lat' dir='ltr'><strong>et</strong></span> <span class='ocrx_word' id='word_1_731' title='bbox 2296 4605 2491 4659; x_wconf 87' lang='lat' dir='ltr'><strong>Judam</strong></span> <span class='ocrx_word' id='word_1_732' title='bbox 2545 4605 2716 4660; x_wconf 88' lang='lat' dir='ltr'><strong>choro</strong></span> <span class='ocrx_word' id='word_1_733' title='bbox 2747 4607 3125 4675; x_wconf 85' lang='lat' dir='ltr'><strong>apostolorum</strong></span> <span class='ocrx_word' id='word_1_734' title='bbox 3165 4608 3437 4663; x_wconf 82' lang='lat' dir='ltr'><strong>adnume-</strong></span> 
     </span>
    </p>
   </div>
   <div class='ocr_carea' id='block_1_104' title="bbox 1865 4697 3435 4769">
    <p class='ocr_par' dir='ltr' id='par_1_104' title="bbox 1865 4697 3435 4769">
     <span class='ocr_line' id='line_1_104' title="bbox 1865 4697 3435 4769; baseline 0.003 -18"><span class='ocrx_word' id='word_1_735' title='bbox 1865 4712 2012 4761; x_wconf 88' lang='lat' dir='ltr'><strong>rare,</strong></span> <span class='ocrx_word' id='word_1_736' title='bbox 2036 4698 2168 4767; x_wconf 88' lang='lat' dir='ltr'><strong>quia</strong></span> <span class='ocrx_word' id='word_1_737' title='bbox 2184 4712 2328 4766; x_wconf 74' lang='lat' dir='ltr'><strong>saepe</strong></span> <span class='ocrx_word' id='word_1_738' title='bbox 2357 4713 2480 4751; x_wconf 90' lang='lat' dir='ltr'><strong>cum</strong></span> <span class='ocrx_word' id='word_1_739' title='bbox 2505 4697 2789 4753; x_wconf 84' lang='lat' dir='ltr'><strong>Salvatore</strong></span> <span class='ocrx_word' id='word_1_740' title='bbox 2810 4700 2994 4755; x_wconf 85' lang='lat' dir='ltr'><strong>cibum</strong></span> <span class='ocrx_word' id='word_1_741' title='bbox 3024 4701 3259 4769; x_wconf 85' lang='lat' dir='ltr'><strong>sumpsit</strong></span> <span class='ocrx_word' id='word_1_742' title='bbox 3293 4718 3307 4755; x_wconf 88' lang='lat'><strong><em>:</em></strong></span> <span class='ocrx_word' id='word_1_743' title='bbox 3338 4701 3435 4755; x_wconf 87' lang='lat' dir='ltr'><strong>sed</strong></span> 
     </span>
    </p>
   </div>
   <div class='ocr_carea' id='block_1_105' title="bbox 1867 4787 3435 4860">
    <p class='ocr_par' dir='ltr' id='par_1_105' title="bbox 1867 4787 3435 4860">
     <span class='ocr_line' id='line_1_105' title="bbox 1867 4787 3435 4860; baseline 0.003 -19"><span class='ocrx_word' id='word_1_744' title='bbox 1867 4787 2097 4842; x_wconf 87' lang='lat' dir='ltr'><strong>audiant</strong></span> <span class='ocrx_word' id='word_1_745' title='bbox 2123 4804 2152 4843; x_wconf 88' lang='lat' dir='ltr'><strong>a</strong></span> <span class='ocrx_word' id='word_1_746' title='bbox 2182 4788 2366 4850; x_wconf 87' lang='lat' dir='ltr'><strong>nobis,</strong></span> <span class='ocrx_word' id='word_1_747' title='bbox 2398 4788 2544 4857; x_wconf 90' lang='lat' dir='ltr'><strong>quod</strong></span> <span class='ocrx_word' id='word_1_748' title='bbox 2574 4790 2619 4842; x_wconf 90' lang='lat' dir='ltr'><strong>si</strong></span> <span class='ocrx_word' id='word_1_749' title='bbox 2641 4790 2863 4859; x_wconf 88' lang='lat' dir='ltr'><strong>scriptis</strong></span> <span class='ocrx_word' id='word_1_750' title='bbox 2894 4790 3144 4858; x_wconf 85' lang='lat' dir='ltr'><strong>epistolis</strong></span> <span class='ocrx_word' id='word_1_751' title='bbox 3171 4793 3435 4860; x_wconf 87' lang='lat' dir='ltr'><strong>majorem</strong></span> 
     </span>
    </p>
   </div>
   <div class='ocr_carea' id='block_1_106' title="bbox 1866 4880 3437 4948">
    <p class='ocr_par' dir='ltr' id='par_1_106' title="bbox 1866 4880 3437 4948">
     <span class='ocr_line' id='line_1_106' title="bbox 1866 4880 3437 4948; baseline -0.001 -13"><span class='ocrx_word' id='word_1_752' title='bbox 1866 4882 2265 4945; x_wconf 86' lang='lat' dir='ltr'><strong>reverentiam,</strong></span> <span class='ocrx_word' id='word_1_753' title='bbox 2315 4895 2478 4948; x_wconf 88' lang='lat' dir='ltr'><strong>quam</strong></span> <span class='ocrx_word' id='word_1_754' title='bbox 2531 4880 2749 4934; x_wconf 86' lang='lat' dir='ltr'><strong>veritati</strong></span> <span class='ocrx_word' id='word_1_755' title='bbox 2783 4880 3049 4934; x_wconf 85' lang='lat' dir='ltr'><strong>adhibere</strong></span> <span class='ocrx_word' id='word_1_756' title='bbox 3080 4881 3293 4944; x_wconf 85' lang='lat' dir='ltr'><strong>volunt,</strong></span> <span class='ocrx_word' id='word_1_757' title='bbox 3324 4896 3437 4934; x_wconf 89' lang='lat' dir='ltr'><strong>non</strong></span> 
     </span>
    </p>
   </div>
   <div class='ocr_carea' id='block_1_107' title="bbox 1866 4970 3440 5033">
    <p class='ocr_par' dir='ltr' id='par_1_107' title="bbox 1866 4970 3440 5033">
     <span class='ocr_line' id='line_1_107' title="bbox 1866 4970 3440 5033; baseline -0.001 -8"><span class='ocrx_word' id='word_1_758' title='bbox 1866 4971 2045 5025; x_wconf 82' lang='lat' dir='ltr'><strong>solum</strong></span> <span class='ocrx_word' id='word_1_759' title='bbox 2070 4970 2425 5025; x_wconf 86' lang='lat' dir='ltr'><strong>Theodorum</strong></span> <span class='ocrx_word' id='word_1_760' title='bbox 2453 4979 2548 5024; x_wconf 88' lang='lat' dir='ltr'><strong>aut</strong></span> <span class='ocrx_word' id='word_1_761' title='bbox 2574 4971 2893 5033; x_wconf 86' lang='lat' dir='ltr'><strong>Diodorum.</strong></span> <span class='ocrx_word' id='word_1_762' title='bbox 2921 4972 3017 5025; x_wconf 90' lang='lat' dir='ltr'><strong>sed</strong></span> <span class='ocrx_word' id='word_1_763' title='bbox 3044 4979 3101 5025; x_wconf 89' lang='lat' dir='ltr'><strong>et</strong></span> <span class='ocrx_word' id='word_1_764' title='bbox 3128 4971 3267 5024; x_wconf 88' lang='lat' dir='ltr'><strong>alios</strong></span> <span class='ocrx_word' id='word_1_765' title='bbox 3298 4972 3440 5025; x_wconf 81' lang='lat' dir='ltr'><strong>mul-</strong></span> 
     </span>
    </p>
   </div>
   <div class='ocr_carea' id='block_1_108' title="bbox 1868 5059 3441 5130">
    <p class='ocr_par' dir='ltr' id='par_1_108' title="bbox 1868 5059 3441 5130">
     <span class='ocr_line' id='line_1_108' title="bbox 1868 5059 3441 5130; baseline -0.001 -15"><span class='ocrx_word' id='word_1_766' title='bbox 1868 5068 1977 5126; x_wconf 85' lang='lat' dir='ltr'><strong>tos,</strong></span> <span class='ocrx_word' id='word_1_767' title='bbox 2031 5067 2089 5114; x_wconf 91' lang='lat' dir='ltr'><strong>et</strong></span> <span class='ocrx_word' id='word_1_768' title='bbox 2141 5073 2283 5128; x_wconf 87' lang='lat' dir='ltr'><strong>quos</strong></span> <span class='ocrx_word' id='word_1_769' title='bbox 2328 5073 2432 5114; x_wconf 89' lang='lat' dir='ltr'><strong>nec</strong></span> <span class='ocrx_word' id='word_1_770' title='bbox 2458 5059 2564 5129; x_wconf 86' lang='lat' dir='ltr'><strong>ipsi</strong></span> <span class='ocrx_word' id='word_1_771' title='bbox 2609 5060 2823 5125; x_wconf 84' lang='lat' dir='ltr'><strong>volunt,</strong></span> <span class='ocrx_word' id='word_1_772' title='bbox 2858 5060 3215 5130; x_wconf 84' lang='lat' dir='ltr'><strong>comprobare</strong></span> <span class='ocrx_word' id='word_1_773' title='bbox 3240 5074 3441 5130; x_wconf 81' lang='lat' dir='ltr'><strong>cogen-</strong></span> 
     </span>
    </p>
   </div>
   <div class='ocr_carea' id='block_1_109' title="bbox 1868 5152 3095 5207">
    <p class='ocr_par' dir='ltr' id='par_1_109' title="bbox 1868 5152 3095 5207">
     <span class='ocr_line' id='line_1_109' title="bbox 1868 5152 3095 5207; baseline 0.001 0"><span class='ocrx_word' id='word_1_774' title='bbox 1868 5161 1984 5207; x_wconf 86' lang='lat' dir='ltr'><strong>tur.</strong></span> <span class='ocrx_word' id='word_1_775' title='bbox 3090 5152 3095 5157; x_wconf 84' lang='grc'><strong>’</strong></span> 
     </span>
    </p>
   </div>
   <div class='ocr_carea' id='block_1_110' title="bbox 1942 5240 3438 5312">
    <p class='ocr_par' dir='ltr' id='par_1_110' title="bbox 1942 5240 3438 5312">
     <span class='ocr_line' id='line_1_110' title="bbox 1942 5240 3438 5312; baseline 0.001 -17"><span class='ocrx_word' id='word_1_776' title='bbox 1942 5242 2080 5296; x_wconf 74' lang='lat' dir='ltr'><strong>XLI.</strong></span> <span class='ocrx_word' id='word_1_777' title='bbox 2105 5241 2277 5307; x_wconf 87' lang='lat' dir='ltr'><strong>Quale</strong></span> <span class='ocrx_word' id='word_1_778' title='bbox 2306 5247 2573 5312; x_wconf 65' lang='lat' dir='ltr'><strong>praeterea</strong></span> <span class='ocrx_word' id='word_1_779' title='bbox 2603 5248 2688 5296; x_wconf 92' lang='lat' dir='ltr'><strong>est</strong></span> <span class='ocrx_word' id='word_1_780' title='bbox 2721 5241 2883 5296; x_wconf 87' lang='lat' dir='ltr'><strong>illud:</strong></span> <span class='ocrx_word' id='word_1_781' title='bbox 2914 5241 2972 5296; x_wconf 85' lang='lat' dir='ltr'><strong>In</strong></span> <span class='ocrx_word' id='word_1_782' title='bbox 3001 5240 3438 5311; x_wconf 87' lang='lat' dir='ltr'><strong>quibus,inqnit,</strong></span> 
     </span>
    </p>
   </div>
   <div class='ocr_carea' id='block_1_111' title="bbox 1874 5331 3440 5403">
    <p class='ocr_par' dir='ltr' id='par_1_111' title="bbox 1874 5331 3440 5403">
     <span class='ocr_line' id='line_1_111' title="bbox 1874 5331 3440 5403; baseline -0.003 -14"><span class='ocrx_word' id='word_1_783' title='bbox 1874 5334 2155 5403; x_wconf 81' lang='lat' dir='ltr'><strong>corrigitis</strong></span> <span class='ocrx_word' id='word_1_784' title='bbox 2207 5334 2562 5389; x_wconf 87' lang='lat' dir='ltr'><strong>Theodorum</strong></span> <span class='ocrx_word' id='word_1_785' title='bbox 2619 5341 2713 5388; x_wconf 87' lang='lat' dir='ltr'><strong>aut</strong></span> <span class='ocrx_word' id='word_1_786' title='bbox 2758 5331 3079 5395; x_wconf 91' lang='lat' dir='ltr'><strong>Diodorum,</strong></span> <span class='ocrx_word' id='word_1_787' title='bbox 3129 5332 3183 5386; x_wconf 93' lang='lat' dir='ltr'><strong>in</strong></span> <span class='ocrx_word' id='word_1_788' title='bbox 3231 5331 3440 5387; x_wconf 81' lang='lat' dir='ltr'><strong>eisdem</strong></span> 
     </span>
    </p>
   </div>
   <div class='ocr_carea' id='block_1_112' title="bbox 1872 5423 3545 5511">
    <p class='ocr_par' dir='ltr' id='par_1_112' title="bbox 1872 5423 3545 5511">
     <span class='ocr_line' id='line_1_112' title="bbox 1872 5423 3545 5511; baseline -0.001 -31"><span class='ocrx_word' id='word_1_789' title='bbox 1872 5424 2042 5480; x_wconf 90' lang='lat' dir='ltr'><strong>etiam</strong></span> <span class='ocrx_word' id='word_1_790' title='bbox 2068 5426 2316 5496; x_wconf 84' lang='lat' dir='ltr'><strong>reliquos</strong></span> <span class='ocrx_word' id='word_1_791' title='bbox 2347 5425 2539 5480; x_wconf 89' lang='lat' dir='ltr'><strong>Patres</strong></span> <span class='ocrx_word' id='word_1_792' title='bbox 2565 5440 2689 5480; x_wconf 88' lang='lat' dir='ltr'><strong>reos</strong></span> <span class='ocrx_word' id='word_1_793' title='bbox 2716 5439 2837 5480; x_wconf 86' lang='lat' dir='ltr'><strong>esse</strong></span> <span class='ocrx_word' id='word_1_794' title='bbox 2868 5423 3196 5494; x_wconf 86' lang='lat' dir='ltr'><strong>reperimus.</strong></span> <span class='ocrx_word' id='word_1_795' title='bbox 3219 5423 3284 5477; x_wconf 84' lang='lat' dir='ltr'><strong>Et</strong></span> <span class='ocrx_word' id='word_1_796' title='bbox 3315 5438 3442 5493; x_wconf 68' lang='grc' dir='ltr'>ιιι-ου</span> <span class='ocrx_word' id='word_1_797' title='bbox 3530 5498 3545 5511; x_wconf 43' lang='lat'><strong><em>‘</em></strong></span> 
     </span>
    </p>
   </div>
   <div class='ocr_carea' id='block_1_113' title="bbox 1891 5624 3433 5751">
    <p class='ocr_par' dir='ltr' id='par_1_113' title="bbox 1891 5624 3433 5751">
     <span class='ocr_line' id='line_1_113' title="bbox 1891 5624 3433 5751; baseline 0 -72"><span class='ocrx_word' id='word_1_798' title='bbox 1891 5640 2017 5679; x_wconf 88' lang='lat' dir='ltr'><strong>cum</strong></span> <span class='ocrx_word' id='word_1_799' title='bbox 2044 5626 2164 5751; x_wconf 44' lang='lat' dir='ltr'><strong>iniec</strong></span> <span class='ocrx_word' id='word_1_800' title='bbox 2195 5625 2510 5694; x_wconf 90' lang='lat' dir='ltr'><strong>scriberet;</strong></span> <span class='ocrx_word' id='word_1_801' title='bbox 2560 5640 2686 5681; x_wconf 91' lang='lat' dir='ltr'><strong>cum</strong></span> <span class='ocrx_word' id='word_1_802' title='bbox 2718 5624 3010 5696; x_wconf 83' lang='lat' dir='ltr'><strong>Origenem</strong></span> <span class='ocrx_word' id='word_1_803' title='bbox 3048 5637 3300 5680; x_wconf 88' lang='lat' dir='ltr'><strong>errorum</strong></span> <span class='ocrx_word' id='word_1_804' title='bbox 3346 5636 3433 5679; x_wconf 77' lang='lat' dir='ltr'><strong>ar-</strong></span> 
     </span>
     <span class='ocr_line' id='line_1_114' title="bbox 1891 5704 3209 5751; baseline -0.003 0"><span class='ocrx_word' id='word_1_805' title='bbox 1891 5704 2029 5751; x_wconf 72' lang='lat' dir='ltr'><strong>mat.</strong></span> <span class='ocrx_word' id='word_1_806' title='bbox 2122 5713 2208 5751; x_wconf 77' lang='lat' dir='ltr'><strong>tm.</strong></span> <span class='ocrx_word' id='word_1_807' title='bbox 3206 5714 3209 5715; x_wconf 43' lang='grc' dir='ltr'><strong>ν</strong></span> 
     </span>
    </p>
   </div>
   <div class='ocr_carea' id='block_1_114' title="bbox 1878 5704 3209 5765">
    <p class='ocr_par' dir='ltr' id='par_1_114' title="bbox 1878 5704 3209 5765">
     <span class='ocr_line' id='line_1_115' title="bbox 1878 5704 3209 5765; baseline 0.002 -16"><span class='ocrx_word' id='word_1_808' title='bbox 1878 5704 2029 5765; x_wconf 74' lang='lat' dir='ltr'><strong>gnat.</strong></span> <span class='ocrx_word' id='word_1_809' title='bbox 2072 5704 2208 5751; x_wconf 83' lang='lat' dir='ltr'><strong>Tun.</strong></span> <span class='ocrx_word' id='word_1_810' title='bbox 3206 5714 3209 5715; x_wconf 69' lang='lat'><strong><em>&#39;</em></strong></span> 
     </span>
    </p>
   </div>
  </div>
