3912 6298
493 257 636 353 i383

1733 278 2049 341 LEONTII
2085 280 2095 340 ]

2202 277 2493 340 ΞΑΝΤΙΝΙ
3689 265 3831 331 εδει

493 396 656 454 exiis
682 394 777 466 qui
803 393 955 450 intus
971 398 1152 460 erant,
1211 391 1439 464 negotio
1462 387 1786 446 commisso.
1821 388 1882 446 Si
1906 389 2078 462 igitur

2202 391 2332 454 ilou;
2382 387 2628 452 ἐκείνους
2679 384 3158 454 κινδύωυς,δόλῳ
3213 381 3532 454 μετῆλθον,
3579 382 3682 436 ἐνὶ
3723 384 3828 436 τῶν

497 491 605 545 bac
627 488 716 543 via
736 485 898 542 vobis
933 485 1397 554 persuaserimus,
1422 491 1480 538 et
1505 482 1726 538 tandem
1751 481 1952 556 mutari
1982 497 2080 537 vo-

495 578 737 643 lueritis,
762 576 1056 630 veritatem
1086 574 1262 644 magis
1292 589 1458 644 quam
1493 588 1760 642 personas
1795 573 2080 628 honoran-

497 673 604 732 tes,
637 665 759 719 hoc‘
777 664 997 728 melius,
1022 663 1207 718 etDeo
1231 664 1438 733 gratias
1463 678 1720 733 agemus:
1757 663 1843 718 sin
1871 663 2079 727 minus,

495 771 600 810 vos
631 755 860 824 quidem
899 755 1232 809 deflebimus
1266 755 1398 809 ﬂetu
1442 763 1498 809 et
1537 755 1800 810 lamentis
1852 755 2080 825 dignos;

497 863 602 904 nos
631 864 765 904 vero
795 849 1087 913 faciemus,
1115 856 1177 902 ut
1233 849 1338 918 ipsi
1371 864 1440 903 ex
1468 849 1582 903 Deo
1633 847 1992 917 pendeamus,
2025 854 2084 901 et

498 941 556 995 in
592 941 751 996 beata
775 955 871 1011 spe
895 941 1032 1005 nixi,
1061 956 1347 1010 nunquam
1369 940 1708 994 desistemus
1731 938 1804 993 ab
1825 953 1891 992 ea
1917 951 2087 1007 quam

499 1033 696 1088 Patres
720 1034 900 1088 nostri
933 1033 1276 1098 habuerunt,
1311 1042 1368 1087 ct
1402 1033 1550 1087 hanc
1574 1029 1956 1086 amantissime
1984 1043 2084 1098 per

499 1139 855 1179 successores
891 1123 1215 1194 interjectos
1253 1125 1418 1179 nobis
1442 1123 1871 1178 transmiserunt
1892 1129 1950 1175 ct
1974 1130 2086 1174 tra-

499 1216 768 1272 diderunt
791 1233 804 1270 :
831 1217 936 1270 hoc
963 1217 1143 1270 solum
1167 1216 1308 1271 lucri
1355 1233 1387 1270 a
1427 1216 1593 1271 nobis
1624 1222 1990 1283 reportantes,
2024 1221 2086 1270 ut

500 1306 813 1376 depositum
833 1321 1027 1360 eorum
1043 1308 1163 1361 sine
1181 1305 1486 1360 oﬁ’ensione
1517 1304 1916 1368 custodiamus,
1934 1303 2083 1373 quod

499 1397 744 1453 Ecclesia
797 1406 989 1452 sancta
1047 1397 1170 1451 sine
1227 1397 1614 1450 immutatione
1663 1405 1722 1450 et
1767 1395 2084 1450 accessione

501 1487 784 1542 custodire
836 1492 1180 1555 perseverat,
1241 1496 1300 1542 et
1349 1485 1734 1556 perseverabit
1791 1499 1969 1554 usque
2014 1484 2083 1539 ad

501 1592 761 1645 magnum
800 1583 858 1631 et
887 1576 1161 1630 illustrem
1183 1575 1486 1630 adventum
1517 1574 1703 1644 magni
1738 1573 1837 1628 Dei
1886 1582 1943 1628 et
1965 1573 2085 1628 Sal-

500 1667 709 1722 vatoris
741 1665 920 1720 nostri
979 1666 1113 1720 Jesu
1145 1664 1377 1732 Christi,
1427 1663 1519 1720 cui
1567 1662 1743 1734 gloria
1783 1672 1842 1718 et
1902 1663 2083 1736 impe-

501 1758 646 1812 rium
676 1757 735 1811 in
766 1757 989 1812 secula.
1030 1757 1230 1812 Amen.

503 1947 765 2021 Prologus
805 1949 1186 2021 auctoritatum
1242 1947 1498 2021 Theodori
1555 1947 1690 2018 (57),
1746 1955 1796 2001 et
1852 1947 2126 2002 aliorum'

1091 2020 1480 2073 haereticorum.

571 2131 655 2186 Ex
689 2130 1052 2202 blasphemiis
1081 2129 1363 2186 Theodori
1407 2145 1582 2200 pauca
1634 2145 1704 2184 ex
1733 2129 1926 2185 multis
1955 2144 2088 2200 pro-

503 2236 715 2294 ponere
744 2221 1083 2287 studuimus,
1107 2222 1176 2276 ad
1203 2221 1609 2276 ostendendum
1629 2220 1942 2274 fatuitatem
1967 2221 2088 2291 ejus

504 2313 808 2370 absurdam
853 2315 1003 2369 circa
1031 2313 1249 2384 dogma,
1282 2322 1344 2368 ut
1368 2329 1437 2368 ex
1487 2313 1577 2368 his
1597 2311 1762 2367 ﬁdem
1796 2311 2086 2376 faciamus,

506 2406 646 2462 nihil
673 2421 868 2462 contra
893 2421 1022 2461 eum
1056 2421 1160 2460 nos
1187 2404 1434 2469 ﬁnxisse,
1471 2412 1569 2458 aut
1611 2411 1808 2457 contra
1837 2417 1935 2457 eos
1991 2402 2090 2474 qui

506 2511 636 2551 cum
664 2512 734 2551 eo
764 2497 1032 2552 sentiunt.
1059 2495 1119 2550 Si
1149 2495 1298 2550 enim
1330 2493 1494 2548 facile
1540 2503 1692 2548 esset
1733 2493 1942 2563 scripta
1968 2495 2090 2564 ejus

507 2588 778 2657 reperire,
827 2604 940 2642 non
965 2589 1180 2658 pigeret
1236 2601 1359 2651 nos,
1404 2586 1460 2640 in
1506 2585 1766 2640 omnibus
1815 2585 2090 2656 capitibus

511 2675 581 2732 de
609 2678 816 2746 quibus
847 2693 977 2733 eum
1007 2677 1414 2742 accusavimus,
1469 2675 1651 2746 ipsum
1687 2675 1843 2729 illum
1894 2681 2090 2730 testem

2179 481 2328 534 ἔνδον
2383 479 2445 532 τὸ
2496 478 2684 549 δρᾶμα
2731 476 3140 538 πιστεύσαντες.
3171 475 3239 528 Et
3291 475 3403 545 μὲν
3460 469 3585 528 οὖν
3647 475 3827 549 ταύτῃ

2181 573 2448 643 πείσομεν
2472 574 2636 643 ὑμᾶς,
2666 572 2760 625 καὶ
2785 570 3181 642 μεταϐάλοισθε
3206 570 3312 640 ὀψὲ
3339 571 3516 639 γοῦν,
3539 571 3826 640 ἀλήθειαν

2183 663 2563 736 προτιμῶντες
2596 665 2928 736 προσώπων,
2964 662 3112 716 τοῦτ’
3137 663 3398 733 ἄμεινον,
3441 664 3560 716 καὶ
3585 665 3680 730 τες.
3711 663 3823 730 Θεῷ

2181 757 2378 828 χάρις’
2409 759 2459 809 εἱ
2498 757 2543 810 δ’
2577 755 2665 820 οὒ,
2703 757 2818 810 ἀλλ’
2860 757 3005 825 ὑμᾶς
3045 772 3110 823 γε
3147 755 3563 826 δακρύςομεν,
3601 755 3822 824 θρήνων

2184 852 2280 903 καὶ
2341 849 2605 924 ὀδυρμῶν
2643 849 2804 912 ὄντας
2859 850 3087 916 ἀξίους·
3120 851 3274 918 ἡμᾶς
3327 848 3380 902 δ’
3423 850 3668 910 αὐτοὺς
3730 847 3818 898 τοῦ

2182 939 2321 994 Θεοῦ
2360 958 2418 994 τε
2461 943 2868 1011 άναρτὴσομεν,
2900 941 2996 994 καὶ
3037 941 3148 993 τῶν
3200 941 3519 1010 μακαρίων
3577 939 3816 991 six-75m

2183 1031 2457 1100 ἐχόμενοι,
2487 1029 2548 1083 οὗ
2592 1047 2724 1084 ποτε
2760 1030 2998 1102 λήξομεν
3029 1025 3106 1084 ὧν
3148 1047 3207 1082 τε
3259 1029 3434 1098 ἔσχον
3460 1031 3524 1082 οἱ
3563 1029 3815 1094 Haases;

2184 1121 2366 1192 ἡμῶν,
2408 1123 2504 1174 καὶ
2536 1124 2671 1193 ἡμῖν
2693 1122 2897 1185 ταύτας
2925 1120 3332 1192 φιλανθρώπως
3364 1121 3504 1174 λίαν
3565 1121 3671 1174 διὰ
3715 1123 3812 1174 τιίο

2185 1213 2242 1264 ὲν
2285 1212 2437 1282 μέσῳ
2461 1211 2836 1282 παρέπεμψαν
2861 1213 2956 1264 καὶ
2973 1207 3474 1282 μῖεταπαρέδοσαν,
3509 1212 3701 1265 τοῦτο

2183 1319 2272 1356 νον
2331 1304 2459 1372 παρ’
2501 1305 2660 1374 ἡμῶν
2720 1303 3122 1368 ἐκδιδάξοντες,
3177 1303 3575 1374 ἀπρόσκοπον
3639 1304 3808 1356 ciuis

2187 1396 2479 1464 φυλάττειν
2509 1396 2610 1464 τὴν
2654 1395 3135 1466 παρακαταθήκην
3164 1410 3180 1426 ο
3244 1394 3554 1463 ἀμείωτόν
3609 1413 3678 1448 τε
3726 1397 3810 1446 ni

2187 1487 2532 1558 ἀπλήθυντον
2562 1487 2912 1556 φυλάττουσα
2946 1488 2979 1558 ἡ
3006 1487 3138 1552 ἁγία
3165 1487 3264 1538 τοῦ
3291 1487 3452 1539 Θεοῦ
3498 1487 3808 1557 Ἐκκλησία

2184 1577 2442 1644 διατελεῖ,
2477 1580 2570 1631 καὶ
2608 1577 2909 1631 διατελέσει
2951 1577 3116 1648 μέχρι
3146 1577 3250 1647 τῆς
3305 1576 3584 1646 μεγάλης
3615 1579 3808 1644 ἐπεξα-

2185 1669 2336 1734 νείας
2375 1670 2472 1724 τοῦ
2513 1670 2752 1741 μεγάλου
2785 1671 2922 1724 Θεοῦ
2965 1671 3060 1724 καὶ
3093 1670 3358 1740 Σωτῆρος
3404 1671 3584 1740 ἡμῶν
3639 1668 3802 1740 ἰησοῦ

2115 1746 2162 1806 Β
2190 1761 2453 1833 Χριστοῦ,
2481 1755 2528 1831 ᾧ
2560 1764 2594 1834 ἡ
2623 1763 2750 1828 δόξα
2783 1765 2879 1816 καὶ
2906 1763 2967 1817 τὸ
3003 1761 3209 1834 κράτος
3253 1763 3345 1825 εις
3393 1763 3542 1826 τοὺς
3582 1762 3801 1822 αἰῶνας.

2202 1855 2401 1925 "Apfw.

2185 1949 2490 2020 Πρόλογος
2531 1946 2650 2002 τῶν
2689 1948 3106 2020 ὑποκειμένων
3137 1946 3449 2018 χρήσεων
3501 1945 3796 2014 Θεοεὼςςτυ

2806 2017 3126 2086 αἱρετικοῦ.

2275 2130 2368 2186 Ἐκ
2394 2131 2505 2185 τῶν
2533 2131 2895 2203 βλασφημιῶν
2931 2131 3213 2202 Θεοδώρου
3251 2129 3435 2202 ὀλίγα
3481 2135 3554 2187 ἐκ
3577 2131 3796 2193 πολλῶν,

2188 2224 2266 2288 ei;
2293 2222 2520 2288 ἔνδειξιν
2537 2224 2640 2293 τῆς
2663 2225 2791 2294 ὅλης
2817 2223 2984 2278 αὐτοῦ
3007 2241 3074 2275 πε
3086 2225 3138 2294 pi
3162 2224 3224 2276 τὸ
3253 2223 3457 2294 δόγμα
3489 2226 3799 2290 σκαιότητος

2196 2314 2539 2386 παραθέσθαι
2573 2314 3009 2384 ἐσπουδάσαμεν,
3040 2315 3128 2368 ἵνα
3167 2315 3234 2367 ἐκ
3273 2315 3513 2369 τούτων
3545 2316 3640 2368 καὶ
3681 2315 3796 2385 mei

2193 2407 2304 2460 τῶν
2334 2406 2542 2460 λοιπῶν
2574 2404 3007 2476 πιστωσώμεοα,
3029 2405 3106 2466 ὡς
3123 2405 3290 2458 οὐδὲν
3319 2405 3515 2459 αὐτοῦ
3547 2404 3798 2473 aea-redss-

2197 2497 2433 2568 σάμεθα,
2467 2497 2500 2569 ἢ
2541 2496 2650 2550 τῶν
2679 2498 2748 2550 τά
2785 2497 2994 2550 ἐκείνου
3023 2495 3408 2567 φρονούντων.
3459 2497 3534 2550 Εἰ
3571 2498 3665 2567 μὲν
3700 2497 3790 2562 γὲρ

2196 2586 2310 2644 οἶόν
2340 2607 2398 2644 τε
2426 2585 2496 2660 ἦν
2534 2589 2774 2652 εὐκόλως
2817 2590 3000 2660 εὑρεῖν
3024 2589 3125 2651 τὰς
3169 2588 3368 2651 πάσας
3401 2589 3592 2642 αὑτοῦ
3623 2589 3792 2641 συκά-

2201 2685 2334 2753 ξεις,
2361 2687 2461 2740 οὐκ
2487 2685 2554 2740 ἂν
2583 2686 2914 2754 ὠκνήσαμεν
2935 2684 3063 2755 περὶ
3089 2685 3317 2737 πάντων
3341 2682 3466 2735 τῶν
3499 2681 3789 2750 usquin-im

511 2769 848 2840 producere.
879 2767 1018 2835 Quia
1073 2784 1206 2823 vero
1236 2783 1340 2822 nos
1380 2768 1472 2822 vis
1526 2775 1584 2822 et
1625 2782 1825 2839 magno
1880 2767 2092 2834 labore,

2202 2771 2274 2832 ὧν
2330 2773 2504 2832 αὐτὸν
2561 2774 2966 2847 ὲγραψάμεθα,
3031 2773 3194 2827 αὑτὸν
3259 2775 3506 2826 ἐκεῖνον
3588 2771 3792 2839 ποιήσα-

511 2869 570 2916 et
601 2859 790 2915 multis
815 2859 1248 2930 cogitationibus
1281 2860 1365 2914 usi
1402 2860 1607 2914 librum
1633 2860 1755 2930 ejus
1783 2867 1978 2915 contra
2009 2859 2096 2913 in-

513 2952 894 3007 carnationem
919 2953 1168 3022 reperire
1193 2951 1512 3023 potuimus;
1556 2951 1920 3007 vehementer
1947 2951 2098 3006 enim

513 3046 834 3125 observant,
864 3053 922 3101 et
951 3052 1153 3101 cavent
1173 3061 1242 3100 ne
1285 3045 1436 3100 illius
1479 3044 1653 3099 libros
1701 3059 1828 3098 cum
1887 3043 1956 3098 iis
2002 3043 2098 3113 qui

513 3155 626 3195 non
651 3147 783 3195 sunt
809 3140 868 3194 in
901 3140 1012 3195 illis
1075 3139 1341 3202 instituti,
1378 3137 1826 3203 communicent;
1857 3136 1928 3190 ob
1956 3136 2132 3191 hanc.

515 3246 737 3286 causam
769 3245 835 3284 ea
866 3230 1048 3284 solum
1082 3245 1206 3299 quae
1261 3235 1456 3282 contra
1507 3225 1947 3280 incarnationem
1982 3224 2100 3280 Sal-

513 3323 724 3376 vatoris
750 3321 910 3385 dixit,
949 3335 1100 3373 nunc
1117 3318 1380 3386 colligere
1406 3317 1728 3386 potuimus:
1764 3316 1811 3372 si
1841 3317 1968 3387 quis
2001 3331 2099 3373 ve-

517 3429 582 3468 ro
612 3427 723 3466 non
753 3410 1078 3465 adhibuerit
1112 3409 1299 3476 tidem,
1328 3417 1385 3463 et
1429 3409 1482 3463 ei
1523 3417 1684 3463 vacat
1735 3417 1794 3464 et
1840 3419 1928 3464 est
1976 3409 2099 3464 ani-

517 3517 664 3566 mus,
693 3507 905 3569 quierat
947 3516 1071 3569 quae
1101 3515 1240 3554 vane
1296 3501 1608 3555 elaboravit
1651 3500 1709 3554 in
1767 3500 2009 3556 Genesin
2043 3509 2102 3556 et

519 3592 577 3646 in
609 3592 818 3646 librum
841 3599 1035 3666 contra
1063 3591 1187 3657 Job,
1223 3601 1280 3646 et
1320 3607 1544 3662 pravam
1581 3592 2098 3662 interpretationem

519 3683 575 3736 in
601 3681 906 3752 Epistulam
931 3683 999 3736 ad
1027 3681 1310 3747 Hebraeos,
1337 3682 1477 3736 etin
1525 3681 1828 3752 Epistolam
1880 3683 1946 3737 ad
1989 3683 2100 3738 Co-

519 3774 784 3837 rinthios,
823 3781 881 3828 et
932 3775 999 3829 ad
1030 3773 1272 3838 Galatas,
1315 3781 1372 3828 et
1421 3789 1543 3844 quze
1576 3781 1769 3828 contra
1801 3774 2100 3844 Magusreos

519 3865 764 3935 scripsit,
797 3872 854 3918 et
871 3863 1406 3934 praemeditationem
1433 3871 1800 3925 evczccaruem
1829 3863 1885 3916 in
1913 3875 2101 3918 sacros

520 3957 786 4022 Psalmos,
827 3965 885 4010 et
947 3971 1072 4025 quae
1116 3971 1218 4025 pro
1274 3955 1548 4010 Eunomio
1585 3963 1778 4008 contra
1837 3954 2100 4009 Basilium

520 4050 766 4121 scripsit.
818 4047 912 4104 Sic
952 4064 1054 4119 ego
1080 4063 1220 4102 voco
1260 4055 1432 4102 totam
1459 4047 1582 4118 ejus
1610 4045 1916 4116 apologiam
1943 4045 2096 4100 omni

521 4141 874 4197 accusatione
907 4139 1159 4210 plenam:
1185 4138 1316 4192 item
1355 4137 1741 4192 enarrationes
1771 4137 2022 4192 turbidas
2039 4147 2095 4192 et

520 4234 874 4304 blasphemas
931 4232 989 4286 in
1037 4232 1394 4300 Evangelium
1448 4230 1710 4296 Matthtei,
1766 4231 1990 4285 Joannis
2040 4237 2098 4285 et

521 4322 704 4387 Lucae,
727 4332 782 4378 et
805 4327 1048 4392 ipsorum
1074 4330 1394 4376 sanctorum
1423 4321 1798 4390 apostolorum
1847 4329 1904 4374 et
1931 4333 2100 4374 evan-

522 4413 838 4482 gclistarum
852 4412 1119 4482 superbas
1138 4427 1276 4480 quas
1292 4426 1462 4466 ausus
1481 4419 1587 4475 est,
1606 4409 2091 4482 reprehensiones,

515 4641 524 4650 ς
599 4605 716 4677 (57)
737 4603 998 4676 Prologus
1022 4607 1403 4677 auctoritatum
1425 4605 1696 4677 Theodori.
1715 4607 1861 4662 Bene
1877 4607 2102 4673 factum,

523 4675 671 4744 quad
703 4675 966 4730 Leontius
989 4677 1143 4744 impii
1171 4676 1448 4729 Theodori
1474 4675 1640 4744 impia
1675 4678 1928 4745 dogmata
1951 4693 2104 4732 com-

525 4754 958 4815 memoraturus,
983 4761 1042 4800 se
1066 4746 1614 4815 etlectoremrsuum
1659 4747 1971 4815 praemuniit.
2015 4746 2105 4800 Si-

525 4815 676 4870 milia
705 4813 980 4870 Theodori
1007 4816 1257 4884 dogmata
1282 4813 1738 4884 prodiderunt—ex
1762 4814 1896 4884 ipsis
1927 4816 2106 4870 Theo-

525 4885 647 4939 dori
671 4886 852 4947 libris,
883 4899 1006 4954 cum
1035 4885 1152 4950 alii,
1183 4895 1298 4938 tum
1330 4884 1583 4954 Pelagius
1613 4884 1860 4954 pontifex
1889 4885 1944 4938 in
1967 4886 2098 4954 Epi-

527 4956 664 5026 stula
694 4953 936 5011 secunda
957 4956 1025 5009 ad
1055 4957 1347 5026 episcopos
1376 4953 1569 5026 Istriaa,
1613 4953 1708 5010 ubi
1734 4955 1879 5009 inter
1902 4953 2100 5011 caetera

527 5025 632 5081 ista
662 5026 958 5096 leguntur:
986 5025 1110 5081 llwc
1141 5027 1204 5079 de
1223 5025 1518 5079 innumeris
1543 5041 1712 5094 pauca
1755 5027 2098 5096 protulimus,

525 5103 584 5149 ut
607 5095 759 5166 quasi
794 5111 886 5166 per
913 5095 1151 5165 foramen
1176 5104 1480 5166 angustum,
1513 5111 1676 5163 quam
1742 5095 1965 5148 nintium
2003 5095 2102 5166 ba-

527 5164 772 5236 ratlu'um
795 5164 952 5236 intus
995 5165 1204 5236 lateret,
1252 5164 1724 5236 ‘ntonstrajemus:
1777 5179 1890 5218 ecce
1919 5164 2103 5236 quales

527 5233 812 5304 plusquam
841 5234 1016 5289 decem
1058 5235 1230 5289 millia
1291 5235 1450 5289 libros
1480 5233 1778 5288 Theodorus
1835 5233 2106 5304 scripsisse

529 5305 848 5372 perhibetur.
901 5305 1150 5370 Pensate,
1203 5321 1400 5375 quaso,
1451 5305 1637 5375 sinon
1689 5314 1838 5358 tanto
1893 5307 2106 5360 acriora

529 5381 793 5445 tormenta
847 5377 1154 5445 promeruit,
1213 5373 1704 5445 quantopluriora
1761 5375 2091 5444 conscripsit.

515 5441 621 5515 sed
649 5445 758 5515 lucc
803 5441 1135 5515 illiusidicta
1179 5441 1298 5515 quae
1326 5441 1539 5514 prolata
1589 5453 1734 5515 sunt,
1785 5441 2104 5513 utrum'ejus

527 5513 656 5575 sint,
693 5513 914 5582 fortasse
946 5513 1236 5568 dubitatur.
1267 5513 1512 5577 Patrum,
1571 5515 1616 5566 si
1669 5514 1862 5582 placet,
1900 5516 2100 5582 scripta

532 5582 880 5654 proferamus.
929 5584 1188 5654 Armenia:
1219 5586 1409 5654 quippe
1458 5585 1684 5654 episcopi
1725 5582 2096 5654 ProclaﬁCon-

531 5651 1018 5722 stantizwpolitame
1047 5653 1186 5706 urbis
1210 5651 1446 5724 episcopo
1477 5651 1678 5706 libellus
1719 5663 1902 5709 contra
1930 5653 2090 5708 Thea-

2201 2867 2326 2922 σθαι
2365 2869 2644 2940 μάρτυρα.
2688 2866 2910 2936 Ἐπειδὴ
2934 2865 2992 2918 δὲ
3047 2863 3205 2934 μόλις
3251 2866 3354 2917 καὶ
3405 2864 3570 2934 μετὰ
3620 2856 3788 2914 πάλτῦ

2199 2960 2370 3013 κόπου
2407 2959 2661 3012 ἐπινοιῶν
2688 2975 2748 3010 τε
2779 2959 2992 3028 μυρίων
3021 2957 3122 3027 τὴν
3163 2955 3312 3009 κατὰ
3362 2956 3480 3025 τῆς
3541 2956 3791 3026 invecta-

2200 3053 2419 3120 πήσεως
2467 3048 2632 3102 αὑτοῦ
2697 3048 2878 3118 βίϐλον
2931 3048 3111 3118 εὑρεῖν
3159 3046 3529 3116 δεδυνήμεθα
3571 3046 3789 3117 (σςὸερι

2199 3144 2309 3212 γὰρ
2361 3141 2952 3212 παραπεφυλαγμένως
2993 3138 3065 3194 τὰ
3116 3137 3284 3192 αὐτοῦ
3347 3142 3478 3202 τοῖς
3541 3141 3790 3210 ἀμυήτοις

2200 3233 2468 3286 ἐκδιδόναι
2529 3231 2838 3302 θαρροὖσι),
2871 3230 3066 3283 τούτου
3119 3229 3314 3281 ἕνεκεν
3375 3230 3452 3282 τά
3511 3230 3663 3283 κατὰ
3709 3227 3789 3294 τῆς

2201 3326 2676 3396 ὲνανθρωπήσεως
2708 3323 2801 3378 τοῦ
2834 3324 3088 3392 Σωτῆρος
3115 3321 3265 3390 αὐτῷ
3295 3321 3596 3392 εἰρημένα
3632 3323 3788 3391 μέγα,

2201 3417 2258 3468 ὲν
2304 3414 2384 3485 τῷ
2431 3416 2657 3486 παρόντι
2708 3413 3068 3479 συλλέξασθαι
3111 3411 3467 3480 δεδυνήμεθα
3503 3429 3520 3443 ·
3565 3413 3616 3464 εξ
3645 3411 3790 3468 δέτις

2201 3508 2520 3578 ἀπιστήσει,
2551 3507 2675 3574 ἄγοι
2711 3506 2767 3558 δὲ
2811 3505 2952 3568 ὅλως
2997 3502 3194 3574 σχολὴν
3246 3505 3348 3556 καὶ
3405 3503 3787 3574 προθυμεῖται,

2205 3601 2502 3670 ζητησάτω
2535 3597 2702 3652 αὑτοῦ
2737 3598 2836 3660 τάς
2869 3615 2929 3650 τε
2971 3599 3052 3660 εἰς
3094 3596 3193 3662 τὴν
3234 3595 3464 3662 γένεσιν
3505 3609 3790 3666 pararcus:

2200 3691 2342 3758 νίας,
2375 3693 2468 3744 καὶ
2507 3690 2607 3760 τὴν
2645 3683 2904 3743 κατάτοῦ
2949 3689 3067 3742 ’1ὼό
3105 3688 3310 3756 βίϐλον,
3345 3688 3451 3758 τήν
3497 3705 3564 3741 τε
3602 3685 3786 3759 rapa:-

2203 3784 2404 3856 ἡγησιν
2475 3784 2540 3855 ἢν
2601 3783 2681 3846 εἰς
2742 3784 2844 3850 τὴν
2901 3781 3041 3852 πρὸς
3108 3780 3403 3848 Ἐσραίους
3465 3780 3790 3847 Ἐπιστολὴν

2203 3875 2526 3944 πεποίηται,
2562 3874 2657 3928 καὶ
2691 3872 2797 3944 μὴν
2827 3873 2924 3926 καί
2954 3875 3034 3936 εἰς
3055 3873 3154 3944 τὴν
3184 3875 3318 3944 πρὸς
3347 3873 3696 3942 Κορινθξους
3715 3870 3790 3922 ui

2201 3968 2469 4030 Γαλάτας,
2504 3967 2575 4019 τά
2616 3984 2677 4018 τε
2712 3966 2861 4020 κατὰ
2894 3965 3264 4036 Μαγουσαιων
3305 3965 3494 4017 αὐτῶν
3559 3980 3791 4032 συγγρα-

2203 4061 2396 4130 φέντα,
2421 4060 2516 4114 καὶ
2546 4059 2640 4113 τὸν
2667 4058 2808 4113 κατὰ
2847 4059 2956 4112 τῶν
2985 4059 3145 4128 ἱερῶν
3185 4056 3440 4128 Ψαλμῶν
3463 4056 3786 4125 τυφλοποιὸυ

2203 4153 2568 4224 προθεωριαν,
2629 4152 2697 4205 τά
2727 4169 2787 4204 τε
2837 4153 2976 4222 ὑπὲρ
3003 4151 3274 4221 Εὖνομίοο
3315 4150 3467 4203 κατὰ
3508 4150 3784 4203 Baetlzicu

2201 4242 2298 4300 τοῦ
2326 4248 2469 4300 πάνυ
2496 4246 2662 4317 (οὕτω
2683 4248 2793 4316 γὰρ
2819 4245 2929 4314 ἐγὼ
2950 4246 3101 4299 καλῶ
3121 4245 3220 4316 τὴν
3242 4246 3432 4314 πάσης
3450 4246 3785 4314 κατηγερὲες

2210 4339 2414 4409 μεστὴν
2446 4338 2589 4408 ὑπὲρ
2623 4337 2789 4392 αὐτοῦ
2823 4338 3140 4407 ἀπολογίαν)
3162 4357 3176 4369 ο
3211 4338 3310 4400 τάς
3337 4355 3402 4390 τε
3430 4337 3521 4401 εἰς
3564 4339 3629 4390 re
3659 4335 3782 4388 uti

2202 4430 2486 4486 Ματθαῖον
2515 4429 2608 4484 καὶ
2655 4429 2912 4501 Ἰωάννην
2937 4431 3031 4484 καὶ
3057 4431 3241 4500 μέντοι
3286 4444 3351 4497 γε
3379 4431 3616 4482 Λουκᾶν
3643 4430 3780 4481 τειελο-

2211 4609 2400 4682 dorum
2437 4611 2786 4680 porrigentes,
2817 4610 3032 4682 dicunt:
3071 4628 3089 4658 ι
3111 4607 3232 4682 Fuit
3265 4619 3449 4682 autem
3477 4612 3682 4682 aliquis
3711 4631 3782 4682 r-

2209 4679 2510 4752 atis/temo,
2546 4679 2714 4747 magis
2735 4690 2913 4752 autem
2939 4679 3074 4752 fera,
3093 4681 3318 4752 nominis
3336 4681 3544 4736 habens
3570 4679 3780 4752 fora-La

2211 4749 2549 4811 diabolicam,
2582 4751 2822 4821 ‘mentito
2849 4750 3060 4821 nomine
3097 4749 3424 4821 Theodorus,
3445 4754 3544 4821 qui
3571 4749 3782 4805 scirem

2211 4829 2260 4872 et
2283 4835 2476 4890 nomen
2509 4819 2740 4890 episcopi
2777 4816 3288 4890 habuit,injo_mgulo
3311 4829 3360 4872 et
3415 4816 3648 4890 ignobili
3687 4823 3782 4875 lea

2211 4889 2350 4942 orbis
2400 4887 2950 4953 terrarum‘latitans,
2981 4889 3037 4942 in
3064 4887 3455 4958 Mopsuestano'
3483 4891 3784 4947 Cilicien-

2201 4960 2386 5032 c_und¢e
2413 4957 2517 5032 _vel
2566 4959 2801 5032 oppido,_
2834 4973 2954 5012 vere
2978 4957 3199 5032 quidem
3242 4961 3736 5032 et_principa6ter
3759 4979 3784 5012 α

2203 5028 2377 5082 Paulo
2403 5027 2752 5084 Samosateno
2768 5028 3103 5089 descendens,
3144 5028 3262 5082 licet
3296 5027 3543 5084 Photino'
3559 5043 3614 5085 et
3641 5044 3784 5085 an:-

2205 5101 2279 5152 ris
2333 5099 2693 5154 ltwresiarchis
2736 5101 2793 5153 in
2843 5098 2974 5152 libro
3013 5097 3090 5150 De
3138 5098 3525 5154 Incarnatione
3581 5102 3786 5156 Domini

2206 5172 2374 5222 nostri
2400 5168 2526 5223 Jesu
2557 5167 2754 5222 Christi
2775 5169 2830 5240 in
2849 5176 2957 5221 toto
2999 5183 3094 5240 suo
3133 5170 3400 5240 proposito
3441 5172 3582 5240 ipsis
3631 5173 3786 5226 aeriis

2207 5241 2512 5293 inveniatur
2537 5255 2682 5292 usus.
2713 5257 2731 5288 ι
2780 5237 2906 5292 Haec
2934 5246 2992 5292 et
3029 5239 3186 5307 plura
3210 5241 3315 5292 alia
3358 5239 3415 5292 in
3445 5237 3572 5295 suis
3595 5243 3786 5296 litteras

2207 5309 2462 5379 Pelagius
2506 5308 2778 5378 pontifex,
2841 5309 3250 5379 consentientia
3308 5323 3438 5362 cum
3498 5311 3619 5374 bis,
3675 5327 3787 5379 qu:

2211 5377 2480 5432 Leontius
2512 5377 2775 5448 adducit
2804 5393 2871 5430 ex
2903 5377 3196 5448 Theodoro
3217 5418 3231 5438 ,
3285 5393 3320 5432 a
3351 5394 3469 5448 quo
3497 5377 3790 5435 Nestorius

2209 5462 2365 5501 suam
2403 5448 2741 5517 impietatem
2766 5447 2949 5501 hausit
2979 5488 2992 5511 ,
3037 5447 3588 5503 Tbeodortls'autem
3624 5451 3788 5506 θυίο-

2205 5517 2345 5572 doro
2375 5517 2666 5582 Tarsensi,
2726 5532 3028 5586 omnesque
3075 5535 3105 5572 a
3163 5519 3333 5574 Paulo
3385 5519 3786 5582 Samosatensi,

2197 5597 2264 5710 tut
2305 5588 2590 5710 pr¥ductis
2622 5586 2956 5644 testimoniis
2993 5591 3219 5660 copiose
3243 5589 3600 5647 demonstrat
3623 5590 3788 5648 Leon-

2222 5673 2329 5710 tus.
2413 5672 2505 5710 ua.
3007 5709 3010 5710 ν

2222 5673 2329 5712 ιυ5.
2364 5672 2396 5710 ἰ
2413 5672 2505 5713 υιι.
