3912 6298
161 159 297 228 7.369

1062 150 1231 215 ADV.
1271 144 1978 212 INCOBRUPTICOLAS
2017 142 2111 207 ET
2150 144 2467 208 NESTOR.

3252 146 3386 211 i390

157 276 409 346 αγαγεῖν.
435 268 644 329 Παῦλος
690 266 747 319 δε
793 259 944 327 οὗτός
988 265 1165 327 ἐστιν,
1210 263 1271 315 τὸ
1298 264 1362 315 ἐκ
1392 262 1721 330 Σαμοσάτων

1860 275 2093 324 marum,
2126 259 2423 314 Samosatis
2446 267 2648 314 ortum.
2684 257 2797 312 lmo
2824 266 2879 312 et
2902 256 3136 312 Nestorii
3160 258 3251 327 qui
3283 258 3388 313 fuit

160 366 472 438 βλαστῆσαν
514 358 711 429 πικρὸν
738 355 836 408 τοῦ
864 352 1118 407 διαϐόλου
1147 352 1409 415 ζιζάνιον.
1429 349 1591 402 Ἀλλὰ
1618 349 1725 419 γὰρ

160 458 258 513 καὶ
300 450 621 521 Νεστορίου,
651 447 747 500 τοῦ
789 444 1103 499 τελευταίου
1151 443 1253 512 τῆς
1296 440 1523 512 πρώτης
1569 438 1727 510 ῥίζης

161 542 474 605 ἀθεωτάτου
527 536 945 608 βλαστήματος,
1012 534 1103 585 τὸν
1148 531 1470 602 φθοροποιὸν
1515 526 1727 597 καρπὸν

165 632 516 705 στηλιτεῦσαι
549 628 756 682 δίκαιον
778 643 792 658 ο
851 625 941 679 ἴνα
982 626 1038 677 ἐν
1070 625 1184 686 τοῖς
1209 625 1399 693 ἄκροις
1432 622 1466 690 ἠ
1494 618 1600 672 τῶν
1631 619 1730 689 μέ-

167 742 276 779 σων
307 719 618 792 περιφανὴς
649 719 745 771 καὶ
779 715 1100 787 βλάσφημος
1131 712 1397 784 ξυνωρὶς,
1444 710 1554 762 τῶν
1589 707 1732 778 ἀμφὶ

166 818 256 870 τὸν
285 813 570 883 Διόδωρον,
617 808 902 879 φημὶ,καὶ
943 805 1251 874 Θεόδωρον,
1313 799 1733 871 συνηρμοσμένη

165 900 459 976 γνωσθείη.
502 903 665 964 Ἴσως
694 896 970 968 ἀνανῆψαι
1001 897 1101 966 τῆς
1134 894 1305 966 μέθης
1343 892 1448 947 κᾶν
1477 891 1576 961 ἁξνέ
1602 888 1734 959 γοῦν

164 997 578 1066 δυνηθήσονται,
612 989 763 1054 ἅπαξ
813 987 1109 1058 μαθόντες,
1168 985 1304 1056 πρὸς
1353 984 1504 1043 τίνας
1552 980 1736 1042 αὐτοῖς

168 1088 265 1142 καὶ
315 1086 533 1156 ἡλίκους
583 1081 689 1136 τῶν
761 1079 947 1133 κακῶν
995 1076 1234 1142 πατέρας
1278 1074 1423 1127 ἐστὶν
1466 1074 1500 1141 ἡ
1545 1069 1736 1142 πρώτη

172 1179 486 1247 συγγένεια,
517 1173 612 1226 καὶ
643 1171 717 1243 ti);
748 1170 806 1235 ἐξ
834 1168 1060 1222 ἐκείνων
1086 1166 1174 1219 διὰ
1199 1163 1309 1217 τῶν
1336 1165 1391 1214 ἐν
1436 1162 1584 1232 μέσῳ
1609 1162 1637 1213 ὁ
1660 1175 1740 1211 τε·

169 1246 418 1327 λευταῖος
460 1258 618 1327 οὗτος
665 1261 767 1330 τῆς
798 1258 1058 1321 ἀσεϐείας
1088 1256 1251 1323 ἐξέφυ
1283 1252 1502 1314 κλάδος’
1553 1246 1614 1304 οῦ
1647 1249 1739 1302 τὸν

171 1361 385 1430 καρπὸν
418 1357 587 1426 ἄρδην
619 1352 962 1414 σπάσαντες,
1018 1342 1377 1417 ἐμφορεῖσθαι
1407 1340 1736 1408 ἐπείγονται.

175 1429 333 1504 Ἔστι
364 1449 422 1500 δέ
461 1448 490 1499 ό
525 1443 889 1515 προκείμενος
916 1437 1270 1509 ἀμφοτέρων,
1301 1432 1541 1496 Παύλου,
1573 1429 1741 1499 φημὶ,

171 1543 271 1596 καὶ
298 1537 615 1605 Neo-repleti,
637 1533 874 1600 ἐλεγχος,
900 1532 963 1582 ἐκ
991 1527 1088 1598 τῆς
1111 1522 1511 1595 διαμαρτυρίας
1536 1522 1630 1591 τῆς
1652 1521 1740 1589 δηι

1827 361 2140 421 postremus
2168 350 2315 405 illius
2348 350 2547 404 radicis
2592 349 2883 412 surculus,
2931 348 3170 403 fructum
3217 340 3390 418 pesti-

1826 446 2030 499 lentem
2054 451 2272 513 oportet
2291 442 2507 512 publice
2534 441 2871 510 vituperare,
2896 448 2956 494 ut
2979 441 3125 496 inter
3145 446 3390 496 extrema

1827 549 1926 604 par
1956 533 2181 587 illustre
2230 540 2287 585 et
2316 531 2694 599 blasphemum
2749 529 2984 584 duorum
3018 529 3389 599 interjectum,

1829 625 2129 680 Diodorum
2162 623 2287 678 dico
2315 631 2372 678 et
2413 622 2766 677 Theodorum
2790 662 2805 685 ,
2865 630 2992 691 apte
3040 630 3098 676 et
3144 625 3393 692 apposite

1829 718 2069 772 locatum
2101 723 2381 770 noscatur.
2413 714 2672 769 Fortasse
2701 729 2828 768 sero
2863 713 3083 769 tandem
3132 726 3397 784 poterunt

1831 808 1902 862 ab
1930 807 2201 863 ebrietate
2236 804 2305 860 ad
2335 804 2689 860 sobrietatem
2721 804 2924 868 redire,
2950 805 2995 859 si
3024 808 3194 862 semel
3232 808 3398 864 intel-

1831 898 2067 954 lexerint
2089 898 2157 954 ad
2179 912 2319 967 quos
2334 905 2391 952 et
2410 905 2647 966 quantos
2670 899 2939 953 malorum
2960 914 3184 955 suorum
3214 911 3399 972 patres

1833 1004 2026 1045 eorum
2052 989 2229 1058 prima
2259 988 2502 1058 cognitio
2539 989 2848 1057 pertineat;
2899 998 2957 1044 et
2999 991 3145 1060 quod
3188 1008 3255 1047 ex
3292 995 3400 1048 illis

1835 1081 1927 1136 hic
1958 1087 2269 1151 postremus
2316 1093 2415 1148 per
2454 1079 2815 1135 intermedios
2868 1096 3054 1137 ramus
3103 1081 3402 1153 impietatis

1835 1180 1999 1225 natus
2025 1178 2129 1235 est,
2163 1170 2320 1238 cujus
2347 1168 2588 1225 fructum
2612 1170 2865 1225 certatim
2892 1178 3181 1237 metentes,
3210 1175 3401 1228 satiari

1837 1268 2157 1330 properant.
2191 1260 2289 1313 Est
2322 1266 2508 1313 autem
2541 1260 2821 1329 proposita
2872 1261 3162 1332 utriusque
3209 1265 3404 1317 confu-

1841 1353 1998 1418 tatio,
2014 1351 2167 1406 Pauli
2184 1351 2396 1405 scilicet
2411 1357 2467 1405 et
2487 1351 2744 1416 Nestorii,
2761 1366 2831 1406 ex
2849 1353 3164 1408 testimonio
3184 1356 3405 1423 publice

1840 1443 2145 1512 proposito,
2178 1450 2239 1495 ut
2267 1440 2444 1505 aiunt,
2478 1440 2547 1496 ab
2572 1440 2813 1496 Eusebio
2844 1442 2988 1513 (58),
3022 1444 3116 1513 qui
3147 1452 3278 1500 tunc
3304 1445 3407 1499 ilo-1
3474 1498 3475 1501 η

1846 1532 2002 1586 rebat
2032 1532 2085 1586 in
2113 1530 2400 1601 judicandi
2429 1539 2735 1600 potestate,
2763 1542 2948 1603 postea
3000 1543 3183 1590 autem
3215 1539 3409 1606 przefe-
3490 1516 3493 1520 l

178 1631 345 1700 μοσίᾳ
396 1623 789 1696 προτεθείσης,
841 1618 917 1682 ὥς
949 1633 1113 1686 φασι,
1168 1614 1323 1686 παρὰ
1351 1612 1613 1666 Εὐσεϐίου
1646 1610 1743 1663 τοῦ

1856 1630 1969 1674 ctus
1994 1619 2099 1673 fuit
2130 1619 2390 1674 Ecclesia:
2427 1616 2808 1691 Dorylensium
2838 1658 2853 1687 ,
2905 1624 3002 1692 qui
3033 1624 3222 1681 divino
3266 1629 3405 1694 zelo,

173 1718 481 1792 τηνικαῦτα
512 1717 571 1768 ἐν
594 1716 662 1783 τῇ
693 1711 945 1779 δικανικῇ
978 1710 1043 1777 ἐμ
1056 1706 1360 1777 πρέποντος
1380 1743 1392 1764 .
1432 1701 1557 1755 {me
1570 1718 1658 1768 ρον
1688 1700 1743 1753 δὲ

176 1789 275 1883 τῆς
318 1805 636 1880 Δορυλαέων
678 1798 977 1868 ἐπιστεύθη
1007 1798 1136 1859 τοὺς
1166 1796 1393 1857 οἴακαςσ
1453 1792 1549 1845 καὶ
1583 1789 1746 1861 ζῆλον

178 1902 341 1972 ἔχων,
369 1879 444 1962 ὧς
480 1893 868 1967 μαρτυρεῖται,
902 1887 1075 1949 θεῖον,
1126 1886 1343 1956 πρῶτος
1368 1885 1469 1953 τήν
1496 1898 1554 1935 τε
1583 1879 1747 1934 αὑτοῦ

176 1990 498 2059 Νεστορὶου,
534 1986 629 2038 καὶ
685 1981 872 2052 μέντοι
902 1978 997 2031 καὶ
1028 1974 1326 2045 Εὑτυχοῦς,
1362 1972 1663 2042 πεφώρακέ
1688 1986 1750 2022 τε

178 2081 277 2138 καὶ
310 2076 597 2150 ἐξήλεγξεν
628 2074 876 2144 αἵρεσιν,
918 2069 1055 2138 μετὰ
1090 2066 1304 2137 μυρίων
1336 2064 1445 2117 τῶν
1480 2063 1622 2132 ὑπὲρ
1651 2061 1752 2130 τῆς

179 2169 467 2230 εὐσεϐείας
510 2163 794 2218 κινδύνων.
845 2162 1046 2213 ’Ἄκουε
1092 2157 1223 2225 γοῦν
1270 2152 1434 2208 αὐτοῦ
1479 2153 1618 2214 οἵαις
1658 2150 1752 2204 καὶ

178 2262 335 2323 ὅσαις
359 2258 467 2311 τῶν
494 2258 558 2308 ἐκ
580 2254 670 2307 τοῦ
695 2250 1059 2322 Σαμοσατέως
1082 2243 1440 2318 βλασφημιῶν
1465 2242 1749 2308 συλλογαίς

179 2348 280 2412 τὰς
312 2344 613 2414 Νεπορίου
645 2343 977 2412 συνήρμοσε,
1015 2339 1112 2392 καὶ
1140 2338 1199 2391 ἒν
1225 2335 1557 2407 ἀμφοτέρων
1584 2330 1751 2395 ἔδειξε

100 2432 103 2433 ν
179 2441 244 2493 τὸ
269 2435 673 2507 ἀφρονέστατον
701 2432 979 2503 φρόνημα.
1018 2431 1080 2482 Εἰ
1109 2429 1167 2482 δέ
1196 2446 1248 2481 τι
1277 2427 1472 2497 ἀπᾴδει
1503 2424 1611 2478 τῶν
1631 2425 1751 2475 Σει-

92 5312 116 5323 ο

69 5338 79 5350 l
112 5333 123 5350 τ

76 5344 162 5363 ια-

183 2527 425 2601 ρηναίων
453 2523 659 2577 τούτων
691 2520 1002 2592 μελῳδιῶν,
1038 2518 1099 2572 τὸ
1127 2517 1407 2586 Θεοδώρου
1438 2515 1532 2568 καὶ
1558 2510 1754 2566 Διοδὼε-

185 2599 310 2688 pou,
331 2612 705 2682 θανατηφόρον
736 2605 887 2681 ᾆσμα
918 2611 1028 2669 τοῖς
1057 2606 1355 2668 ἀκινδύνως
1380 2604 1593 2657 ἐπαΐειν
1614 2599 1757 2655 δεδυ-

183 2703 441 2774 νημένοις
471 2702 567 2754 καλ⁹
595 2698 801 2771 κρίνειν
831 2696 1228 2768 ἐπιτρέπομεν.

185 2833 598 2906 Διαμαρτυρία,
630 2829 983 2906 ᾳροτερεῖᾳα
1133 2820 1404 2906 δημοιζίίρ
1434 2825 1615 2889 τόπῳ,
1657 2815 1756 2875 καὶ

458 2893 612 2956 iam
642 2893 1014 2966 Ἐκκλησίαν
1040 2893 1497 2965 ἐμφαίνησθεῖσα.

267 3037 288 3072 ι
333 3015 570 3087 Ὁρκίζω
611 3012 703 3066 τὸν
734 3010 1084 3082 λαμϐάνοντα
1115 3007 1177 3062 τό
1204 3008 1448 3080 χαρτίον,
1484 3004 1630 3061 κατά
1658 3004 1756 3075 τῆς

188 3106 356 3175 ἁγίας
387 3104 648 3176 Τριάδος,
688 3100 832 3155 ὥστε
864 3100 1097 3171 φανερὸν
1125 3098 1255 3154 αὐτὸ
1280 3098 1507 3167 ποιῆσαι
1531 3095 1759 3150 ἐπισκό-

189 3216 345 3261 ποις,
395 3193 822 3266 πρεσὸυτέροις,
870 3190 1172 3255 διακόνοις,
1220 3182 1762 3254 ἀναγνώσταις,λαῖ-

176 3276 332 3352 ¹διοῖς,
369 3284 577 3341 οἰκοῦσι
602 3276 1179 3338 Κωνσταντινούπολιν
1195 3295 1209 3309 ο
1261 3276 1343 3329 ἔτι
1364 3292 1423 3328 τε
1450 3275 1624 3329 καὶτὸ
1647 3273 1761 3326 ἴσον

189 3384 375 3444 αὐτοῖς
420 3378 708 3439 ἐκδοῦναι,
766 3375 904 3445 πρὸς
944 3372 1168 3442 ἔλεγχον
1207 3366 1320 3430 τοῦ,
1343 3364 1624 3438 αἱρετικοῦ
1654 3364 1761 3417 Νε-

179 3472 448 3539 ·στορίου,
501 3470 584 3522 ὅτι
632 3467 888 3537 ὁμόφρων
926 3463 1046 3517 ἐστὶ⁵
1093 3461 1189 3515 τοῦ
1233 3456 1762 3530 ἀναθεματισθέντος

190 3563 411 3619 Παύλου
445 3561 539 3613 τοῦ
570 3559 933 3629 Σαμοσατέως
977 3555 1086 3626 πρὸ
1111 3552 1249 3607 ἐτῶν
1276 3550 1470 3604 ἑκατὸν
1497 3544 1762 3617 ἐξήκοντα

193 3653 301 3709 ὑπὸ
327 3650 625 3723 ὀρθοδόξων
653 3648 994 3701 ἐπισκόπων.
1044 3644 1203 3700 Ἐστι
1228 3643 1287 3698 δέ
1312 3640 1382 3695 τὰ
1414 3641 1544 3712 παρ’
1561 3638 1763 3723 λὸποτέ-

193 3764 306 3819 ρων
334 3721 455 3814 είρη
467 3741 605 3812 μένα
635 3738 808 3801 οὕτως
829 3753 843 3767 ·
1559 3721 1567 3730 ’

271 3875 290 3907 ι
324 3854 534 3915 Παῦλος
580 3846 772 3905 εἶπεν·
826 3842 1017 3916 Μαρία
1060 3840 1152 3898 τὸν
1194 3843 1366 3909 Λόγον
1415 3842 1516 3894 οὐκ
1556 3838 1761 3891 ἔτεκεν.

190 3947 487 4016 Νεστόριος
515 3940 825 4011 συμφώνως
848 3935 1033 3991 εἶπεν
1059 3936 1174 3989 Ούκ
1194 3935 1404 3997 ἔτεκεν,
1426 3926 1469 3985 ὦ
1498 3930 1762 4000 βέλτιστε,

193 4012 388 4104 Μαρία
414 4033 513 4101 τὴν
542 4030 798 4099 θεότητα.
820 4051 889 4068 —--
916 4025 1130 4087 Παῦλος
1163 4019 1319 4075 εἶπεν
1337 4037 1353 4053 ο
1404 4020 1538 4072 Οὑδέ
1564 4018 1674 4088 γὰρ
1698 4012 1765 4086 ἦν

193 4127 307 4197 πρὸ
336 4124 572 4178 αἰώνων.
628 4118 926 4189 Νεστόριος
970 4112 1156 4169 εἶπεν·
1214 4113 1327 4167 Καὶ
1379 4110 1596 4182 μητέρα
1634 4124 1764 4181 χρο-

194 4216 353 4285 νικὴν
396 4217 463 4284 τῇ
508 4208 829 4281 δημιουργῷ
856 4209 965 4261 τῶν
990 4208 1199 4276 χρόνων
1227 4202 1487 4272 ἐφιστῶσι
1513 4199 1761 4271 Θεότητι.

1845 1719 1908 1766 ut
1936 1717 2224 1775 testantur,
2258 1710 2514 1765 incensus
2543 1711 2755 1780 primus
2782 1712 3033 1769 haeresim
3086 1717 3323 1773 Nestorii
3353 1731 3411 1775 et

1849 1801 2114 1873 Eutychis
2136 1801 2520 1872 deprehendit,
2556 1817 2610 1856 et
2639 1804 2899 1869 convicit,
2930 1805 3163 1864 inﬁnitis
3193 1813 3413 1880 perieu-

1848 1893 1917 1946 lis
1949 1907 2048 1962 pro
2080 1892 2285 1962 pietate
2310 1893 2559 1963 objectus
2612 1892 2753 1948 Audi
2787 1895 2955 1965 igitur
2981 1913 3130 1964 eum,
3181 1903 3409 1971 quibus,

1848 1991 1907 2038 ct
1943 1983 2250 2051 cuiusmodi
2309 1983 2665 2053 blasphemiis
2707 2002 2774 2041 ex
2822 1988 2992 2044 Paulo
3039 1990 3413 2051 Samosatensi

1850 2072 2097 2126 collectis
2115 2112 2129 2137 ,
2157 2072 2394 2128 Nestorii
2418 2074 2788 2145 blasphemias
2816 2080 3134 2151 conjunxit,
3161 2093 3217 2139 et
3249 2101 3411 2142 unam

1853 2163 2144 2233 utriusque
2179 2173 2418 2219 mentem
2457 2168 2883 2225 amentissimam
2911 2179 3031 2228 eSse
3067 2174 3413 2235 demonstra-

1851 2252 1951 2307 vit.
1990 2254 2075 2308 An
2091 2269 2223 2309 vero
2237 2263 2293 2309 et
2321 2255 2392 2310 ah
2429 2257 2622 2312 harum
2654 2258 2907 2317 Sirenum
2937 2267 3212 2338 cantibus,
3237 2270 3417 2328 Theo-

1853 2344 1972 2398 dori
1991 2344 2114 2399 dico
2130 2353 2186 2399 et
2206 2344 2450 2413 Diodori,
2471 2349 2744 2405 canticum
2761 2354 3101 2411 mortiferum
3118 2359 3415 2432 discrepet.

1855 2434 1924 2489 iis
1965 2436 2061 2504 qui
2116 2437 2238 2491 sine
2293 2438 2544 2507 periculo
2580 2440 2772 2497 audire
2801 2453 2857 2498 et
2888 2445 3133 2515 judicare
3161 2442 3411 2521 possunt,

1848 2526 2119 2595 judicium
2146 2530 2560 2587 committimus.

1858 2802 2227 2863 Testimonium
2259 2804 2315 2864 in
2352 2810 2462 2866 loco
2489 2812 2688 2887 publica
2711 2820 3031 2887 propositum
3049 2830 3095 2874 cl
3126 2820 3177 2877 in
3189 2817 3420 2880 Ecclesia

2476 2883 2840 2951 publicatum..

1939 3013 1957 3045 ι
1986 2991 2192 3065 Adjuro
2231 3008 2358 3049 eum
2393 2995 2485 3064 qui
2518 2995 2658 3050 hanc
2690 2996 2937 3053 chartam
2982 3004 3293 3072 acceperit,
3323 3022 3424 3076 per

1861 3094 2106 3139 sanctam
2137 3084 2486 3151 Trinitatem,
2537 3094 2598 3140 ut
2640 3089 2895 3145 ostendat
2932 3093 3225 3164 episcopis,
3266 3112 3423 3166 pres-

1860 3172 2089 3244 byteris,
2121 3175 2406 3242 diaconis,
2451 3177 2793 3243 lectoribus,
2845 3182 3000 3238 laicis
3048 3184 3425 3243 habitantibus

1861 3263 2367 3335 Constantinopoli,
2398 3266 2578 3322 adhuc
2610 3271 2807 3337 etiam,
2841 3281 2903 3326 ut
2948 3266 3258 3346 exemplum
3304 3280 3425 3349 ejus

1862 3355 1956 3412 det
1980 3356 2091 3412 illis
2114 3356 2181 3412 ad
2208 3358 2636 3415 confutationem
2677 3361 2915 3418 Nestorii
2950 3365 3192 3422 htcretici
3214 3406 3229 3433 ,
3278 3370 3425 3440 quod

1863 3447 2032 3503 sentit
2060 3447 2205 3501 idem
2232 3462 2355 3501 cum
2386 3449 2555 3503 Paulo
2580 3449 2946 3509 Samosatensi
2969 3456 3428 3513 anathematizato

1863 3546 1987 3593 ante
2014 3553 2189 3592 annos
2217 3546 2436 3592 centum
2473 3542 2751 3609 sexaginta
2799 3543 2867 3597 ab
2911 3545 3186 3616 episcopis
3238 3549 3429 3603 ortho-

1863 3628 2041 3682 doxis.
2096 3627 2235 3682 Sunt
2264 3635 2480 3692 autem,
2531 3646 2652 3698 quae
2693 3631 2762 3684 ab
2806 3641 3043 3703 utroque
3090 3634 3235 3692 dicta
3278 3649 3428 3702 sunt,

1865 3719 1980 3774 iure
2007 3737 2019 3771 :

1941 3849 1960 3881 ι
1985 3831 2185 3886 l’aulus
2218 3831 2357 3886 dixit
2377 3816 2567 3887 :Maria
2586 3849 2692 3888 non
2722 3837 2935 3905 peperit
2955 3832 3213 3895 Verbum.
3240 3842 3434 3898 Nesto-

1865 3921 1983 3977 riu's
2004 3923 2356 3977 consentiens
2388 3922 2528 3977 dixit
2554 3942 2566 3977 :
2592 3924 2710 3978 Non
2748 3927 2980 3995 peperit.
3012 3943 3047 3984 o
3072 3929 3235 3996 bone,
3266 3932 3432 3988 Maria

1865 4013 2234 4069 divinitatem.
2309 4012 2513 4067 Paulus
2564 4014 2703 4068 dixit
2735 4036 2748 4068 :
2780 4017 2893 4071 Nec
2931 4019 3079 4074 enim
3137 4030 3257 4075 erat
3306 4034 3432 4076 ante

1867 4107 2088 4160 saacula.
2144 4104 2433 4160 Nestorius
2489 4105 2666 4162 dixit:
2694 4107 2761 4162 Et
2795 4116 3024 4165 matrem
3055 4128 3122 4166 ex
3186 4123 3432 4183 tempore

1865 4198 2180 4252 attribuunt
2231 4198 2344 4252 Deo
2392 4198 2604 4252 auctori
2654 4207 2983 4269 temporum.
3018 4203 3219 4257 Paulus
3244 4204 3382 4259 dixit
3415 4224 3426 4256 :

189 4338 256 4352 νυ
284 4281 496 4367 Παῦλος
525 4298 681 4355 εἶπεν
701 4317 715 4330 ο
764 4300 957 4370 Μαρία
989 4298 1082 4350 τὸν
1110 4296 1285 4363 Λόγον
1316 4292 1637 4356 ὑπεδέξατο,
1672 4290 1751 4343 καῚ

1867 4289 2034 4344 Maria
2065 4289 2303 4344 Verbum
2339 4290 2621 4358 suscepit,
2667 4297 2725 4345 et
2758 4305 2869 4344 non
2905 4300 2990 4346 est
3022 4294 3204 4347 senior
3233 4294 3430 4351 Verbo.

190 4399 294 4452 οὐκ
327 4397 443 4449 ἔστι
475 4388 827 4464 πρεσϐυτέρα
859 4388 955 4441 τοῦ
986 4387 1184 4453 Λόγου.
1236 4383 1537 4453 Νεστόριος
1568 4377 1726 4434 εἶπεν
1747 4395 1760 4410 ·

192 4485 320 4554 Πῶς
353 4484 446 4541 οὖν
485 4484 674 4555 Μαρία
708 4481 800 4535 τὸν
829 4477 1030 4547 ἐαυτῆς
1060 4475 1420 4547 ἀρχαιότερον
1443 4470 1665 4536 €15st;
1695 4499 1768 4513 -υ

192 4581 409 4644 Παῦλος
449 4574 602 4632 εἶπεν
624 4593 638 4608 ’
694 4571 885 4644 Μαρία
926 4572 1112 4624 ἔτεκεν
1147 4568 1433 4638 ἄνθρωπον
1467 4567 1598 4635 ἡμῖν
1630 4565 1762 4643 ἴσον.

189 4638 490 4740 Νεστὸριος
518 4665 671 4722 εἶπεν
690 4681 703 4695 ·
736 4638 1057 4737 ιἈνθρωπος
1085 4662 1113 4714 ὁ
1140 4659 1355 4731 τεχθεὶς
1379 4659 1444 4710 ἐκ
1466 4638 1763 4725 παρθένου.

189 4791 263 4803 —
286 4761 499 4824 Παῦλος
531 4755 716 4811 εἶπενο
759 4754 1063 4827 Κρείττονα
1093 4753 1151 4805 δέ
1182 4750 1325 4804 κατὰ
1354 4746 1549 4810 πάντα,
1579 4744 1766 4814 ἐπειδὴ

195 4853 263 4904 ἐκ
291 4850 609 4918 Πνεύματος
641 4848 821 4915 ἁγίου,
852 4845 947 4898 καὶ
974 4844 1033 4910 ἐξ
1059 4838 1427 4909 ἐπαγγελιῶν,
1456 4836 1550 4890 καὶ
1576 4836 1640 4888 ἐκ
1658 4834 1766 4887 τῶν

192 4939 598 5010 γεγραμμένων
621 4938 655 5008 ή
675 4936 763 4991 ἐπ’
781 4935 928 5006 αὐτῷ
949 4936 1130 5005 χάρις.
1156 4929 1454 5000 Νεστόριος
1475 4923 1651 4980 εἶπεν·
1679 4929 1768 4980 Τε-

192 5030 405 5107 θέαμαι
426 5028 556 5101 γὰρ,
581 5030 767 5099 φησιν,
790 5025 855 5081 τὸ
877 5025 1116 5097 Πνεῦμα
1132 5021 1488 5077 καταϐαῖνον
1507 5020 1587 5085 ὡς
1602 5034 1764 5088 περι-

266 5182 312 5259 ἒι
340 5181 500 5238 Joan.
538 5196 577 5245 ι,
620 5178 711 5234 52.

264 5337 378 5408 (58)
406 5338 481 5393 Ab
511 5337 752 5408 Eusebio.
797 5333 971 5403 Hujus
1025 5331 1262 5408 Eusebii
1298 5329 1532 5408 celebris
1558 5323 1765 5408 mentio

60 5396 502 5482 δεταί-μάθωσι
528 5406 674 5476 apud
710 5396 945 5468 veteres,
979 5400 1215 5455 maxime
1249 5401 1305 5455 in
1335 5397 1570 5454 concilio
1594 5396 1759 5455 Chal-

172 5505 216 5517 4

1625 5631 1683 5642 ’κυ-
1754 5632 1812 5643 σω-

1865 4379 2158 4436 Nestorius
2212 4379 2353 4435 dixit
2382 4397 2396 4433 :
2425 4379 2712 4446 Quomodo
2744 4380 2912 4452 igitur
2946 4382 3114 4438 Maria
3160 4385 3435 4455 antiquio-

1867 4487 1982 4527 rem
2010 4487 2067 4527 sc
2096 4471 2346 4541 peperit?
2380 4471 2582 4526 Paulus
2605 4471 2743 4526 dixit
2769 4492 2781 4526 :
2808 4472 2976 4528 Maria
3009 4476 3222 4544 peperit
3252 4476 3434 4532 homi-

1867 4578 1992 4618 nem
2032 4562 2192 4617 nobis
2244 4562 2527 4631 aequalem.
2573 4563 2862 4619 Nestorius
2893 4565 3031 4620 dixit
3065 4585 3078 4621 :
3121 4568 3307 4625 llomo'
3339 4572 3434 4641 qui

1868 4664 2030 4710 natus
2065 4663 2150 4708 est
2188 4668 2254 4708 ex
2293 4654 2530 4724 virgine.
2559 4656 2762 4711 Paulus
2787 4657 2927 4712 dixit
2953 4676 2965 4710 :
2996 4659 3433 4717 Prtestautiorem

1869 4746 1926 4800 in
1964 4744 2241 4807 omnibus,
2272 4744 2400 4812 quia
2440 4760 2506 4798 ex
2544 4744 2752 4815 Spiritu
2782 4757 2973 4803 sancto
3012 4758 3066 4803 et
3102 4766 3168 4805 ex
3197 4752 3437 4821 promis-

1871 4834 2142 4895 sionibus,
2191 4844 2249 4887 et
2288 4848 2355 4887 ex
2401 4833 2620 4903 scriptis
2651 4837 2825 4904 gratia
2857 4838 2910 4891 in
2962 4837 3101 4907 ipso.
3151 4840 3437 4894 Ncstorius

1871 4924 2006 4979 dixit
2040 4942 2053 4977 :
2088 4923 2202 4978 Vidi
2228 4923 2374 4977 enim
2398 4964 2413 4987 ,
2468 4924 2685 4992 inquit,
2735 4924 2990 4996 Spiritum
3037 4929 3437 4985 descendentem

1873 5024 2129 5085 tanquam
2177 5013 2468 5068 columbam
2518 5025 2565 5070 ct
2637 5026 2935 5072 marcentem
2989 5036 3147 5089 super
3200 5037 3319 5075 cum
3350 5023 3392 5054 δ’
3421 5040 3434 5055 ο

1875 5323 2191 5406 cedonensi,
2226 5325 2345 5406 act.
2380 5326 2440 5406 l_._
2484 5325 2794 5385 lndefcssus
2836 5330 3073 5389 Nestorii
3098 5341 3155 5388 et
3179 5333 3440 5405 Eutychls

1869 5402 2212 5467 oppugnator
2234 5393 2359 5450 fuit.
2399 5395 2533 5451 Tua.

3268 5612 3397 5625 ἀ’-σικς-
