3912 6298
545 203 678 269 1391

1799 202 2113 266 LEONTII
2152 201 2561 264 BYZANTINI

3764 200 3785 263 ι
3796 205 3870 267 Ἠ

538 312 692 386 quod
725 314 776 370 ei
806 313 1033 370 donavit
1054 314 1506 386 assumptionem.
1553 314 1870 386 Prae-ipim:
1910 323 2123 387 aposto-

2251 313 2470 381 γτερὰν,
2492 309 2591 365 καί
2616 309 2808 380 μένον
2830 309 2923 364 ἐπ’
2946 309 3158 376 αὐτὸν,
3177 310 3239 364 τδ
3258 310 3363 382 τὴν
3386 308 3731 382 ἂνάληῴν
3752 312 3869 379 αὗτῴ

546 409 634 474 tis,
669 407 766 472 ait,
799 422 925 478 quos
956 407 1109 478 elegit
1130 422 1223 479 per
1256 404 1517 478 Spiritum
1534 417 1799 475 sanctum,
1826 416 2130 479 assumptus

543 509 623 555 est
648 499 729 565 Ι⁵³;
760 498 911 555 hunc
939 498 1064 556 dico
1088 498 1383 569 Spiritum,
1406 500 1502 571 qui
1538 509 1745 556 tantam
1769 501 1992 558 Christo
2030 502 2140 557 lar-

543 591 692 659 gitus
713 597 798 645 est
823 588 1076 659 gratiam.
1113 589 1317 645 Paulus
1343 590 1483 645 dixit
1510 608 1523 644 :
1551 591 1631 646 Ne
1661 602 1847 648 autem
1869 609 1938 648 ex
1955 594 2127 649 David

546 690 768 745 unctus,
802 680 1017 736 alienus
1043 681 1117 735 sit
1146 696 1177 735 a
1211 682 1503 751 sapientia,
1549 698 1731 754 neque
1765 686 2038 755 sapientia
2072 686 2130 741 in

544 772 655 827 alio
682 772 765 828 sic
798 772 1051 829 habitet:
1080 775 1289 828 etenim
1344 774 1400 829 in
1444 764 1737 846 prophetis
1763 787 1921 844 erat,
1954 780 2130 851 magis

544 871 731 919 autem
760 862 818 918 in
844 863 991 918 Mose
1019 871 1077 918 et
1102 864 1158 917 in
1192 864 1381 919 multis
1422 865 1687 931 dominis,
1730 869 1905 940 magis
1943 878 2128 927 autem

546 956 603 1010 in
627 954 851 1011 Christo
877 966 1137 1025 tanquam
1163 955 1219 1010 in
1252 958 1476 1028 templo.
1507 958 1576 1013 Et
1606 960 1740 1015 alibi
1771 962 1929 1027 dicit,
1958 964 2127 1019 alium

544 1063 668 1104 esse
688 1046 877 1103 Jesum
907 1047 1215 1113 Christum,
1244 1057 1301 1105 et
1322 1051 1495 1105 alium
1523 1051 1698 1107 Deum
1727 1054 1991 1110 Verbum.
2024 1056 2131 1112 Ne-

546 1138 759 1195 storius
816 1140 992 1207 dixit,
1057 1156 1169 1195 non
1221 1156 1344 1196 esse
1400 1142 1668 1211 possibile
1717 1159 1844 1199 eum
1901 1148 1996 1216 qui
2045 1150 2143 1203 est’

549 1238 679 1286 ante
729 1232 967 1298 saecula,
1022 1231 1170 1287 aliud
1212 1232 1461 1301 genitum
1495 1247 1619 1288 esse
1646 1274 1661 1300 ,
1706 1235 1874 1307 idque
1929 1237 2133 1293 divini-

551 1333 682 1381 tate.
717 1342 735 1375 ι

618 1432 763 1488 Ecce
795 1439 983 1502 aperte
1010 1431 1147 1487 dicit
1194 1432 1516 1491 Nestorius:
1559 1436 1681 1491 Non
1730 1448 1816 1493 est
1865 1448 2027 1507 natus
2064 1456 2131 1497 ex

549 1524 761 1588 Maria,
808 1525 902 1595 qui
937 1534 1022 1581 est
1085 1524 1305 1596 genitus
1341 1542 1409 1581 ex
1449 1528 1634 1584 Patre.
1682 1530 1823 1585 Ecce
1873 1534 2132 1589 convenit

550 1629 677 1668 cum
726 1614 897 1669 Paulo
942 1614 1233 1680 hatretico,
1268 1615 1363 1685 qui
1394 1617 1471 1671 ait
1504 1618 1671 1672 alium
1706 1635 1829 1676 esse
1859 1621 2125 1688 Verbum,

549 1715 608 1761 et
636 1706 805 1760 alium
841 1706 1028 1761 Jesum
1051 1706 1334 1763 Christqu
1358 1749 1373 1774 ,
1407 1717 1465 1764 et
1513 1725 1625 1764 non
1657 1726 1852 1779 unum,
1905 1722 1965 1768 ut
1994 1714 2130 1771 ﬁdes

552 1805 703 1851 recta
730 1796 1015 1868 praedicat.
1044 1797 1320 1866 Hactenus
1346 1799 1748 1856 testimonium.

1047 2003 1211 2059 Pauli
1234 2002 1649 2062 Samosatensis.

630 2138 647 2169 ι
682 2118 854 2174 Uomo
875 2118 1130 2189 ungitur:
1158 2118 1401 2174 Verbum
1431 2135 1542 2175 non
1565 2123 1812 2191 ungitur.
1839 2125 2131 2183 Nazartcus

555 2205 821 2278 ungitur,
874 2205 1141 2261 Dominus
1184 2222 1297 2261 non
1343 2210 1594 2280 ungitur.
1632 2211 1852 2266 Etenim
1892 2214 2131 2269 Verbum

555 2299 735 2369 majus
764 2304 882 2352 erat
911 2296 1146 2351 Domino
1178 2295 1418 2352 Christo.
1448 2297 1703 2356 Christus
1737 2302 1885 2356 enim
1917 2318 2017 2372 per
2041 2320 2131 2359 sa-

555 2389 823 2461 pientiam
865 2403 1097 2459 magnus
1124 2387 1301 2445 factus
1330 2399 1453 2457 est;
1486 2392 1729 2448 Verbum
1757 2404 1943 2451 autem
1993 2398 2132 2451 ἄνω·

556 2481 688 2547 θεν,
743 2479 800 2535 id
848 2489 935 2535 est
983 2478 1051 2534 de
1104 2481 1359 2548 supernis
1390 2498 1404 2534 :
1434 2481 1595 2538 Jesus
1662 2494 1846 2541 autem
1878 2486 2134 2544 Christus

556 2573 726 2628 homo
762 2570 915 2626 hinc.
943 2570 1113 2625 Maria
1144 2571 1386 2628 Verbum
1421 2588 1530 2628 non
1555 2576 1791 2644 peperit,
1838 2592 1943 2632 nec
1984 2580 2133 2634 enim

555 2670 678 2717 erat
710 2670 836 2716 ante
868 2662 1065 2716 saecula
1096 2661 1265 2717 Maria
1295 2680 1306 2715 :
1334 2679 1446 2719 non
1472 2674 1558 2719 est
1581 2666 1766 2721 senior
1798 2668 1979 2726 Verbo
2017 2672 2133 2726 Ma—

557 2751 685 2816 ria;
732 2749 830 2805 sed
876 2749 1159 2805 hominem
1200 2750 1362 2806 nobis
1389 2753 1654 2822 aequalem
1687 2758 1943 2827 peperit,
1996 2776 2136 2830 pra:-

559 2834 886 2891 stantiorem
947 2851 1080 2892 vero
1133 2837 1190 2893 in
1245 2839 1543 2910 omnibus,
1600 2843 1734 2914 quia
1795 2861 1865 2901 ex
1921 2847 2133 2920 Spiritu

558 2937 771 2985 sancto.
807 2949 827 2983 ι

732 3039 990 3112 Ejusdem
1029 3057 1093 3097 ea:
1125 3043 1337 3115 dialogo
1366 3053 1553 3103 contra
1585 3047 1958 3106 Malchionem.

638 3152 748 3212 «Ut
777 3169 882 3210 nec
897 3163 1100 3212 unctus
1131 3173 1201 3213 ex
1228 3159 1398 3215 David
1427 3160 1641 3216 alienus
1673 3163 1746 3218 sit
1776 3178 1807 3219 a
1832 3164 2133 3235 sapientia;

560 3257 744 3316 ιιθιιιιο
771 3247 1044 3318 sapientia
1068 3248 1125 3303 in
1158 3248 1268 3305 alio
1292 3247 1370 3303 sic
1397 3243 1621 3299 habitet.
1653 3253 1673 3288 ι

1229 3374 1504 3445 Ejusdem.

639 3498 658 3531 ι
688 3479 794 3547 Qui
826 3450 1121 3537 videbatur
1145 3522 1160 3547 ,
1207 3498 1319 3539 non
1352 3494 1473 3541 erat
1503 3487 1776 3557 sapientia
1808 3507 1821 3544 :
1848 3506 1958 3547 non
1989 3494 2138 3549 enim

562 3581 784 3644 poterat
824 3574 1058 3646 reperiri
1109 3575 1165 3631 in
1210 3576 1381 3650 ﬁgura
1408 3620 1424 3645 ,
1475 3580 1592 3635 sive
1624 3580 1816 3637 habitu
1843 3622 1857 3646 ,
1922 3600 2027 3641 nec
2083 3587 2141 3641 in

565 3664 907 3733 spectatione
949 3665 1100 3722 viri:
1137 3669 1316 3740 major
1368 3670 1520 3728 enim
1567 3680 1654 3728 est
1709 3672 1778 3729 iis
1830 3690 1953 3745 quae
2012 3692 2141 3748 spe-

565 3760 808 3811 ctsntur.
849 3774 868 3808 ι

1252 3830 1503 3888 Nestorii.

618 3933 661 3989 ‘c
692 3937 883 4011 Magna
915 3954 1006 3996 res
1042 3940 1146 3997 [uit
1183 3940 1395 4013 Virgini
1442 3940 1798 4014 Christiparze
1828 3961 2023 4017 parere
2048 3949 2143 4003 hu-

564 4030 910 4100 manitatem,
938 4030 1249 4089 divinitatis
1290 4033 1390 4091 Dei
1422 4035 1588 4091 Verbi
1622 4051 1931 4109 organum;
1993 4040 2142 4110 quod

564 4123 699 4179 satis
758 4125 812 4181 ei
859 4134 981 4181 erat
1022 4125 1088 4181 ad
1130 4126 1396 4185 honorem
1457 4120 1857 4201 excellentem,
1885 4135 2143 4205 genuisse

564 4217 785 4274 scilicet
817 4218 1179 4276 mediatorem
1219 4220 1473 4292 dignitati
1517 4223 1615 4281 Dei
1638 4225 1978 4295 copulatum.
2009 4245 2027 4277 ι

2230 401 3076 476 χαρισάμενον.Ἐντει.ιάμενος
3087 400 3213 469 τοῖς
3224 403 3693 467 ἀποστόλοις,
3709 420 3861 471 παι

2229 494 2337 560 οὓς
2365 492 2694 558 ἐξελέξατο
2722 491 2823 547 διὰ
2852 494 3205 563 Πνεύματος
3232 494 3453 561 ἁγίου,
3500 494 3863 564 ἁνελῆρόπε

2228 586 2388 641 τοῦτο
2406 587 2470 658 δὴ
2504 586 2564 640 τὸ
2585 585 2926 658 τηλικαύτην
2974 587 3053 656 τῷ
3091 586 3317 658 Χριστῷ
3350 590 3863 657 χαρισάμενονᾶ

2231 676 2351 744 ξαν.
2387 706 2457 719 --
2487 679 2701 742 Παῦλος
2731 674 2918 733 εἶπεν·
2945 680 3066 732 Ἵνα
3094 680 3152 733 δὲ
3187 680 3334 750 μήτε
3368 682 3401 733 6
3435 681 3526 731 ἐκ
3560 679 3756 733 Δασὶὸ
3780 699 3861 752 χει

2232 769 2403 833 σθεὶς,
2425 770 2708 842 ἀλλότριος
2796 771 2898 841 τῆς
2922 773 3135 841 σοφίας,
3165 772 3301 841 μηδὲ
3333 774 3370 841 ἡ
3401 773 3616 842 σοφία
3656 773 3723 824 ὲν
3750 774 3857 827 ἄλλο

2228 861 2374 914 οὕτω
2401 866 2526 935 οἰκῇ
2549 880 2562 892 ·
2599 866 2827 936 καὶγὰρ
2855 866 2914 917 ὲν
2936 868 3050 929 τοῖς
3078 865 3404 935 προφήταις
3430 860 3556 935 ἦν,
3598 865 3855 935 μᾶλλοτᾶ

2230 955 2288 1005 ἐν
2316 955 2492 1027 Μωσῇ
2531 957 2624 1010 καὶ
2657 959 2714 1010 ἐν
2746 956 2967 1019 πολλοῖς
2998 957 3243 1026 κυρίοις,
3286 957 3529 1025 μᾶλλον
3564 958 3637 1012 ἃ
3666 962 3729 1011 ἐν
3751 960 3851 1029 Σμ-

2234 1045 2345 1115 στῷ
2377 1046 2453 1110 ὡς
2486 1049 2543 1099 ἐν
2573 1046 2706 1116 ναῷ.
2767 1050 2880 1101 Καὶ⁵
2913 1047 3151 1118 ἀλλαχοῦ
3181 1048 3341 1116 λέγει
3374 1050 3574 1104 ἄλλον
3611 1047 3762 1104 εἶναι
3788 1057 3849 1104 τὲ»

2245 1137 2458 1206 Ἰησοῦν
2483 1139 2747 1209 Χριστὸν,
2783 1140 2878 1193 καὶ
2905 1139 3066 1195 ἄλλον
3092 1140 3182 1194 τὸν
3210 1141 3357 1193 θεὸν
3380 1144 3622 1210 Λὸγσν.
3672 1144 3850 1197 Νεττὺ

2238 1244 2352 1298 ριος
2384 1223 2539 1281 εἶπεν
2638 1231 2714 1301 μὴ
2757 1232 3028 1301 ἐγχωρεῖν
3059 1231 3154 1284 τὸν
3180 1232 3290 1303 πρὸ
3313 1234 3582 1287 πάντων
3613 1235 3731 1288 τῶν
3752 1239 3848 1289 αὲιικ

2236 1338 2366 1387 νων,
2403 1321 2533 1376 ἄλλο
2564 1321 2713 1387 ἅπαξ
2740 1323 3097 1394 γεννηθῆναι,
3131 1325 3231 1377 καὶ
3259 1325 3449 1379 ταῦτα
3483 1326 3757 1397 θεότητι.
3779 1349 3795 1378 ι

2316 1432 2449 1486 Ἰδοὺ
2498 1433 2773 1488 δέδεικται
2817 1435 3007 1505 σαφῶς
3037 1437 3213 1504 λέγων
3244 1439 3276 1491 ό
3305 1440 3725 1511 παραϐάτης,
3758 1444 3843 1496 0L:

2233 1525 2431 1597 ἐτέχθη
2483 1528 2549 1580 ὲκ
2596 1526 2821 1598 Μαρίας
2868 1531 2897 1582 ό
2938 1528 3230 1599 γεννηθεὶς
3283 1531 3354 1582 ἐκ
3401 1531 3681 1603 Πατρός.
3736 1534 3839 1587 Ἰξολ

2237 1620 2479 1672 συναινεϊ
2522 1617 2601 1688 τῷ
2645 1618 2912 1691 αἱρετικῷ
2950 1619 3151 1690 Παύλῳ
3181 1620 3417 1689 λέγοντι
3445 1660 3462 1683 ,
3523 1623 3707 1677 ἄλλον
3727 1617 3841 1674 sin:

2235 1711 2331 1763 τὸν
2381 1710 2584 1777 Λόγον,
2643 1711 2742 1763 καὶ
2790 1710 2953 1764 ἄλλον
2998 1711 3094 1763 τὸν
3140 1711 3399 1781 Χριστὸν
3448 1713 3721 1785 Ἰησοῦν,
3769 1718 3840 1767 ni

2236 1801 2360 1871 οὐχὶ
2414 1801 2534 1865 ἕνα,
2582 1800 2656 1865 ὡς
2716 1803 2749 1871 ἡ
2809 1801 3092 1870 όρθοδοξία
3152 1802 3480 1873 κηρύσσει.
3540 1805 3708 1868 Ἕως
3758 1800 3839 1859 {iis

2238 1895 2272 1964 ὴ
2302 1892 2694 1965 διαμαρτυρία.

2660 2008 2934 2062 ’Παύλου
2964 2006 3393 2076 Σαμοσατέως.

2314 2140 2333 2172 ι
2367 2121 2690 2193 Ἀνθρωπος
2725 2121 2979 2193 χρίεται,
3014 2122 3043 2175 6
3071 2120 3245 2189 Λόγος
3274 2122 3340 2174 οὐ
3373 2124 3649 2193 χρίεταισ
3683 2127 3711 2179 6
3738 2126 3832 2179 Ns-

2240 2208 2478 2281 ζωραϊος
2525 2212 2772 2283 χρίεται,
2828 2207 3003 2283 [οὐχ]
3048 2212 3076 2263 6
3121 2209 3339 2280 Κύριος
3366 2214 3570 2282 ἡμῶν.
3610 2216 3723 2269 Καὶ
3749 2218 3835 2286 γάρ

2240 2301 2269 2353 6
2311 2303 2486 2368 Λόγος
2538 2301 2743 2373 μείζων
2780 2295 2850 2372 ἦν
2896 2301 2991 2353 τοῦ
3018 2299 3288 2377 Χριστοῦ.
3328 2302 3596 2372 Χριστὸς
3626 2307 3736 2375 γὰρ
3764 2306 3832 2357 δα

2242 2395 2438 2462 σοφίας
2471 2394 2643 2465 μέγας
2672 2393 2889 2462 ἐγένετο
2910 2408 2922 2422 ·
2969 2392 3143 2459 Λόγος
3173 2393 3274 2462 μὲν
3303 2394 3431 2466 γὰρ
3460 2396 3711 2461 ἄνωθεν,
3746 2396 3831 2461 1r,-

2243 2485 2369 2548 σοῦς
2396 2485 2455 2538 δὲ
2480 2484 3037 2556 Χριστὸςηᾶνθρωπος
3064 2483 3348 2539 ἐντεῦθεν.
3389 2487 3600 2559 Μαρία
3633 2489 3724 2542 τὸν
3744 2489 3827 2541 Mr

2241 2594 2339 2647 γον
2371 2578 2471 2631 οὐκ
2502 2577 2687 2630 ἔτεκεν
2707 2592 2723 2608 ο
2771 2575 2893 2628 οζδὲ
2920 2574 3030 2646 γὰρ
3053 2569 3123 2645 ἦν
3152 2574 3262 2645 πρὸ
3289 2575 3535 2631 αἰώνων
3568 2581 3601 2651 ἡ
3624 2579 3823 2648 Μαρία·

2240 2671 2345 2723 οὐκ
2391 2668 2508 2721 ἔστι
2558 2667 2912 2739 πρεσὸυτέρα
2954 2666 3050 2719 τοῦ
3084 2667 3260 2734 Λόγου
3304 2668 3557 2740 Μαρία,

2243 2761 2464 2833 θρωπον
2496 2763 2627 2832 ἡμῖν
2656 2762 2772 2815 ἴσον
2798 2760 3010 2825 ἔτεκεν,
3041 2761 3339 2831 κρείττονα
3368 2762 3438 2815 δὲ
3476 2764 3626 2819 κατὰ
3648 2764 3820 2825 πάντα,

2242 2852 2432 2925 ἐπειδὴ
2467 2855 2531 2907 ἐκ
2560 2851 2881 2924 Πνεύματος
2910 2853 3092 2922 ἁγίου.
3119 2870 3139 2905 ι

2161 3018 2205 3076 c
2317 3043 2425 3102 Τοῦ
2450 3044 2639 3101 αὑτοῦ
2668 3044 2738 3099 ἐκ
2768 3044 2877 3100 τοῦ
2904 3044 3061 3114 πρὸς
3083 3045 3430 3114 Μαλχίωνα
3459 3047 3767 3120 διαλόγου.

2317 3176 2336 3209 ι
2368 3156 2487 3211 ἰνα
2540 3158 2678 3228 μήτε
2721 3158 2748 3210 6
2780 3158 2844 3209 ἐκ
2868 3154 3036 3209 sum
3064 3154 3319 3226 χρισθεὶς
3353 3154 3713 3232 ἀλλότριοςῇ
3742 3155 3815 3225 τῆς

2245 3248 2461 3317 σοφίας,
2498 3248 2637 3320 μήτε
2668 3249 2702 3317 ἡ
2731 3248 2896 3316 σοφία
2924 3249 2983 3300 ὲν
3009 3247 3156 3319 ἄλλῳ
3183 3246 3370 3312 οὕτως
3397 3250 3564 3322 οίκῇ.
3598 3269 3617 3303 ι

2860 3377 2972 3434 Τοῦ
2998 3377 3208 3433 αὐτοῦ.

2318 3512 2338 3545 ι
2378 3492 2440 3547 ’0
2483 3491 2811 3562 φαινόμενος
2854 3491 2957 3546 οὐκ
2988 3487 3058 3562 ἦν
3094 3490 3294 3558 σοφία·
3355 3493 3425 3544 οὐ
3459 3493 3585 3566 γὰρ
3614 3494 3816 3565 ὴδύνατι

2242 3586 2301 3638 ἐν
2332 3586 2577 3655 σχήματι
2607 3583 2998 3654 εὑρίσκεσθαι,
3045 3582 3168 3637 ουδὲ
3196 3584 3259 3636 ἐν
3291 3582 3398 3657 Oi;
3427 3586 3668 3655 ἁνδρός’
3716 3583 3815 3656 μεί-

2243 3678 2352 3743 ζων
2381 3678 2491 3748 γὰρ
2520 3675 2629 3730 τῶν
2658 3676 2957 3747 ὁρωμένων
2986 3676 3158 3729 ἐστίν.
3178 3692 3199 3730 t

2852 3833 3203 3901 Νεστορίου.

2322 3970 2340 4003 ι
2379 3951 2542 4018 Μέγα
2589 3950 2655 4020 τῇ
2700 3945 3057 4018 Χριστοτόκῳ
3112 3943 3388 4017 Παρθένῳ
3427 3946 3493 4000 τὸ
3528 3950 3718 4003 τεκεῆ
3742 3946 3807 4000 b-

2246 4044 2605 4116 θρωπότητα,
2638 4042 2739 4111 τῆς
2768 4036 2864 4092 τοῦ
2891 4035 3031 4091 Θεοῦ
3060 4036 3239 4105 Λόγου
3268 4035 3537 4108 θεότητος
3560 4038 3814 4109 ὄργανα.

2212 4170 2217 4181 .
2246 4134 2453 4206 ἀρκοῦν
2484 4136 2623 4203 αὐτῇ
2662 4129 2798 4201 πρὸς
2826 4127 2994 4199 τιμὴν
3028 4128 3452 4198 ὑπεραίρουσαν
3480 4129 3552 4182 τὸ
3575 4130 3816 4199 γεννῆσαι

2250 4226 2483 4298 μεσίτην
2516 4227 2584 4295 τῇ
2616 4222 2711 4278 τοῦ
2735 4219 2872 4274 Θεοῦ
2905 4219 3257 4290 συνημμένον
3286 4218 3439 4290 ἀξίᾳ,
3474 4237 3498 4270 ι

636 4331 766 4387 Haec
793 4348 894 4389 nos
924 4348 1097 4404 pauca
1125 4349 1191 4389 ex
1244 4334 1436 4391 multis
1460 4336 1800 4393 contulimus
1830 4347 1889 4395 et
1916 4353 2136 4410 compa-

2264 4378 2267 4383 ρ
2319 4337 2507 4393 Ταῦτα
2538 4337 2700 4407 ἡμεῖς
2730 4335 2807 4399 ὼς
2838 4332 2999 4401 ὀλίγα
3031 4334 3095 4386 ὲκ
3125 4332 3235 4386 τῶν
3268 4333 3487 4386 πολλῶν
3522 4336 3813 4406 ἀντιπαρι-

563 4424 843 4490 ravimus,
877 4434 939 4479 ut
961 4427 1379 4483 ostenderemus
1406 4431 1827 4487 consensionem
1858 4442 1915 4487 et
1940 4448 2143 4488 convc-

565 4515 836 4570 nientiam
890 4516 1092 4572 borum
1147 4533 1273 4573 eum
1322 4520 1567 4590 antiquis
1626 4522 1901 4579 hareticis
1945 4539 2139 4579 eorum

565 4606 843 4676 patrihus.
873 4608 1062 4663 Potest
1093 4609 1188 4679 qui
1228 4610 1489 4671 voluerit.
1518 4611 1698 4681 legere
1725 4615 2015 4683 epistolam
2044 4632 2144 4671 en-

568 4692 833 4766 cyclieam
881 4696 1146 4766 scriptam
1203 4705 1400 4753 contra
1436 4698 1666 4754 Paulum
1696 4700 2141 4761 Samosatensem

566 4799 600 4840 a
656 4794 846 4841 sancta
899 4785 1111 4858 synodo
1161 4787 1514 4857 depositum,
1565 4798 1622 4844 et
1662 4789 1940 4862 dialogum
1977 4810 2144 4864 quem

567 4885 763 4933 contra
790 4888 915 4934 e‘um
938 4877 1211 4934 Malchion
1249 4878 1538 4951 presbyter
1566 4879 1855 4951 disputans
1897 4886 2142 4957 scripsit.

566 4968 735 5025 Certo
763 4970 911 5025 enim
942 4980 1259 5042 cognoscet,
1283 4987 1448 5042 quam
1482 4987 1647 5028 verus
1666 4975 1815 5031 illius
1838 4976 2147 5048 discipulus

568 5062 643 5117 sit
667 5061 1031 5129 Theodorus;
1063 5063 1177 5119 fere
1200 5064 1350 5119 enim
1378 5065 1588 5121 eisdem
1622 5066 1808 5123 verbis
1851 5070 2051 5136 utitur,
2086 5079 2148 5125 ut

568 5152 770 5207 horum
795 5153 925 5208 libri
949 5169 1061 5210 non
1090 5155 1305 5226 scripti,
1333 5156 1430 5210 sed
1448 5157 1765 5228 transcripti
1809 5160 2141 5229 videantur;

568 5241 658 5297 vel
696 5244 883 5313 potius
909 5245 1001 5298 illa
1029 5244 1183 5300 Pauli
1219 5244 1481 5301 translata
1510 5262 1541 5301 a
1587 5246 1882 5304 Theodoro
1927 5250 1984 5305 in
2022 5267 2143 5307 sua.

570 5332 862 5400 Quomodo
892 5345 1077 5390 autem
1112 5333 1181 5389 de
1205 5334 1409 5390 unione
1442 5337 1617 5399 sancti
1643 5336 1857 5406 Patres,
1889 5347 1945 5393 et
1967 5339 2155 5397 Eccle-

573 5422 668 5480 sia:
691 5434 892 5481 sanctae
911 5442 1048 5496 quas
1077 5425 1483 5501 gubernabant,
1506 5442 1535 5483 a
1555 5428 1835 5501 principio
1852 5433 2150 5502 senserint,

641 5576 690 5612 “
716 5578 839 5635 Act.
878 5595 914 5647 ι,
942 5580 997 5635 9..

2249 4428 2581 4499 τεθείκαμεν
2601 4467 2615 4492 ,
2666 4425 2767 4497 τὴν
2798 4427 2858 4478 ιν
2887 4424 2966 4495 τῷ
2993 4422 3147 4493 κακῷ
3180 4425 3512 4493 συμφωνίαν
3547 4428 3687 4496 πρὸς
3711 4430 3813 4488 τοῦς

2252 4519 2519 4582 παλαιοὺς
2562 4516 2672 4570 τῶν
2705 4514 2999 4586 αἱρετικῶν
3025 4514 3272 4584 πατέρας
3300 4513 3512 4568 τούτων
3548 4519 3813 4588 παραστῆο

2253 4627 2344 4665 σαι
2400 4609 2751 4681 βουλόμενοι.
2814 4606 3044 4673 Ἔξεστι
3089 4605 3146 4658 δὲ
3201 4604 3281 4674 τῷ
3326 4605 3545 4659 θέλοντι
3592 4611 3811 4681 ἐντυχεῖν

2248 4707 2316 4774 τῇ
2368 4704 2514 4755 κατὰ
2559 4701 2655 4754 τοῦ
2696 4698 3062 4769 Σαμοσατέως
3094 4696 3372 4769 γραφείσῃ
3402 4699 3684 4771 ἐγκυκλξῳ
3712 4704 3811 4753 ἑτι-

2252 4796 2454 4866 στολῇ,
2507 4796 2608 4863 τῆς
2658 4791 2822 4846 αὑτὸν
2869 4789 3209 4859 καθελούσης
3251 4789 3417 4855 ἁγίας
3457 4791 3705 4855 συνόδου,
3743 4792 3814 4843 καὶ

2254 4883 2440 4955 μέντοι
2489 4884 2585 4936 καί¹
2627 4880 2708 4950 τῷ
2754 4878 2986 4949 διαλόγῳ
3030 4877 3089 4930 ὃν
3152 4876 3289 4946 πρὸς
3339 4877 3506 4931 αὑτὸν
3534 4879 3569 4931 6
3596 4880 3815 4950 πρεςεῦ·

2252 4992 2411 5045 τερος
2437 4972 2698 5043 Μαλχίων
2726 4970 3082 5035 ὲνεστήσατο.
3116 4967 3392 5022 Γνώσεται
3416 4970 3527 5038 γὰρ
3552 4972 3818 5038 ἀσφαλὲς,

2252 5064 2330 5128 ὡς
2378 5067 2596 5134 γνήσιοι
2646 5060 2860 5113 ἐκείνου
2914 5059 3248 5128 τυγχάνουσι
3294 5058 3541 5128 μαθηταὶ
3600 5062 3653 5112 οἱ
3712 5062 3821 5129 ag

2254 5156 2563 5227 Θεόδωρον*
2602 5153 2789 5223 σχεδὸν
2813 5151 2923 5223 γάρ
2948 5167 3001 5203 τι
3034 5152 3130 5203 καὶ
3156 5148 3248 5202 διὰ
3276 5148 3387 5202 τῶν
3417 5151 3605 5204 αὐτῶν
3632 5152 3822 5222 χωρῶ·

2260 5265 2315 5303 σι
2339 5248 2568 5312 λέξεων·
2601 5244 2677 5308 ὡς
2712 5243 2789 5314 μὴ
2816 5240 3142 5313 συγγραφὴν
3165 5240 3350 5294 δοκεῖν
3378 5235 3521 5295 εἶναι
3544 5244 3620 5296 τὰ
3642 5244 3822 5296 τούτων

2261 5339 2618 5409 συντάγματα
2638 5376 2654 5400 ,
2702 5333 2840 5389 ἀλλὰ
2878 5333 3242 5404 μεταγραφὴν
3276 5334 3506 5404 μᾶλλον,
3536 5335 3609 5388 τὰ
3637 5337 3823 5388 ἰκτίνῳ

2260 5435 2340 5496 εἰς
2386 5431 2454 5486 τὰ
2496 5429 2672 5485 οἰκεῖα
2723 5416 3192 5498 μεταϐαλλόντων.
3218 5423 3420 5491 Ὅπως
3448 5425 3511 5480 δὲ
3539 5428 3824 5498 ἐφρόντισαν
