3912 6298
132 330 263 395 1393

125 448 255 517 περὶ
284 446 381 518 τῆς
405 447 674 515 ἐνώσεως,
698 446 747 503 οί
778 448 872 504 ἀπ’
896 449 1071 522 ἀρχῆς
1096 451 1241 519 ἅγιοι
1257 451 1528 521 Πατέρες,
1546 452 1608 504 at!
1627 468 1685 505 τε

124 539 232 592 ὑπ’
271 539 445 594 αὐτῶν
504 542 918 613 κυϐερνώμεναι
975 544 1276 615 ἁγιώταται
1336 546 1686 615 Ἐκκλησίαι,

126 632 188 683 ἐκ
216 630 317 701 τῆς
354 632 496 686 κατὰ
528 633 622 686 τοῦ
649 634 1010 704 Σαμοσατέως
1040 637 1339 708 γενομένης
1364 634 1530 703 ἁγίας
1558 652 1686 688 συν-

122 717 245 773 όδου
270 762 284 786 ,
344 722 440 775 κιιι)⁸
488 723 589 793 τῆς
628 725 921 792 ἐγκυκλίου
959 724 1140 779 αὐτῶν
1173 723 1468 793 ἐπιστολῆς
1502 722 1686 791 σαφῶς

122 808 234 864 ἔστι
279 812 509 880 γνῶναν
563 819 624 870 ἐν
672 813 755 879 οἷς
800 818 940 886 προς
985 820 1098 880 τοῖς
1147 813 1331 878 ἄλλοις
1373 815 1469 867 καὶ
1509 813 1685 867 ταῦτα

1040 337 1211 398 Αυγ.
1249 335 1954 398 INCOBRUPTICOLAS
1990 336 2086 397 ΕΤ
2123 334 2437 399 NESTOR.

3228 327 3365 393 1394

1791 462 1860 505 ex
1891 457 2078 504 sancta
2140 446 2348 519 synodo
2402 452 2593 500 contra
2654 443 2885 499 Paulum
2925 442 3397 499 Samosatensemr.

1793 541 2002 605 habita,
2030 540 2177 595 clare
2237 539 2368 594 licet
2420 552 2754 609 cognoscere
2774 577 2789 601 ,
2846 535 2900 590 in
2927 534 3132 605 quibus
3158 544 3360 605 praeter

1793 632 1921 697 alia,
1952 632 2022 687 de
2051 631 2138 686 bis
2168 646 2295 686 eum
2338 638 2600 686 accusant
2630 629 2719 685 his
2751 628 2941 685 verbis
2970 646 2985 682 :
3026 646 3044 679 ι
3077 628 3169 684 Ait
3197 628 3366 699 igitur

1792 723 1847 777 in
1892 724 2306 778 commentariis
2359 722 2459 796 (de
2512 722 2687 778 Paulo
2729 722 3105 795 loquuntur),
3141 736 3366 777 servare

1791 814 2116 885 dignitatem
2157 814 2466 884 sapientiae.
2501 834 2520 866 ι

119 906 280 959 αὑτοῦ
320 912 720 980 κατηγοροῦσιν
750 913 943 975 αὑταῖς
969 912 1149 979 λέξεσι
1176 927 1191 943 ⁸
1238 930 1257 963 ι
1285 911 1422 981 Φησὶ
1450 909 1633 964 τοίνυν
1670 912 1728 964 ἐν
1755 911 1868 973 τοῖς
1897 910 2405 981 ὁπομνήμασιν,ὠς
2435 913 2564 983 περὶ
2598 911 2815 966 Παύλου
2849 911 3127 987 λέγοντες)
3173 912 3363 983 τηρεῖν

117 998 179 1053 τὸ
207 1000 423 1072 ἀξίωμα
451 1002 555 1072 τῆς
581 1004 797 1071 σοφίας.
847 1023 868 1056 ι

186 1114 295 1167 Kal
318 1117 443 1180 μεθ’
468 1115 659 1184 ἔτερα·
698 1137 716 1171 ι
744 1119 809 1172 Εἰ
833 1120 890 1173 δέ
915 1121 1055 1175 κατὰ
1078 1122 1177 1193 τὴν
1203 1122 1461 1177 σύστασιν
1483 1122 1579 1177 καὶ
1600 1122 1686 1191 γέ-

1864 1113 1933 1169 Et
1960 1126 2075 1185 post
2104 1118 2216 1173 alia
2243 1135 2261 1172 :
2294 1136 2312 1168 ι
2343 1118 2399 1174 Si
2424 1126 2610 1174 autem
2636 1120 2941 1175 secundum
2977 1118 3364 1174 formationem

116 1217 262 1253 νεσιν
308 1204 583 1273 συνῆπτο,
640 1208 717 1277 τῷ
759 1209 1037 1280 ἀνθρώπῳ
1084 1213 1244 1268 τοῦτο
1281 1214 1629 1278 συμϐαίνειν.
1665 1233 1683 1266 ι

117 1292 227 1346 Καὶ
255 1295 462 1350 πηίλινδ
502 1317 522 1350 ι
547 1299 620 1352 Οὐ
645 1301 755 1370 γὰρ
785 1304 1227 1372 συγγεγενῆσθαι
1254 1305 1334 1375 τῷ
1360 1306 1689 1378 ἀνθρωπίνῳ

113 1383 214 1454 τὴν
248 1387 470 1454 σοφίαν,
521 1389 597 1455 ὡς
639 1394 801 1463 ἡμεῖς
830 1396 1163 1469 πιστεύομεν
1187 1397 1460 1462 οὐσιωδῶς
1482 1438 1498 1464 ,
1552 1399 1691 1454 ἀλλὰ

114 1474 211 1527 καὶ
243 1477 388 1530 κατὰ
410 1480 694 1548 ποιότητα.
730 1502 750 1535 ι

183 1587 292 1641 Kal
318 1593 448 1658 μεθ’
466 1592 661 1663 ἔτερα·
700 1615 720 1649 ι
755 1596 821 1651 Τί
851 1597 908 1651 δέ
948 1596 1197 1668 βούλεται
1226 1600 1409 1654 καὶτὸ
1442 1601 1690 1672 ἐτεροία.

114 1677 345 1747 φάσκειν
387 1682 488 1752 τὴν
539 1688 882 1759 κατασκευὴν
943 1689 1038 1742 τοῦ
1091 1691 1268 1758 Ἰησοῦ
1317 1691 1559 1762 Χριστοῦ
1590 1693 1689 1764 τῆς,

112 1773 609 1845 ἡμετέραςςὴμῶν
658 1779 741 1832 ἐνὶ
796 1778 1038 1849 μεγίστῳ
1083 1780 1148 1851 δὴ
1189 1781 1366 1851 τοῦτῳ
1413 1782 1690 1852 διαφέρει)

111 1866 276 1919 αὐτοῦ
326 1869 429 1935 τὴν
478 1871 740 1925 σύστασιν
763 1869 1082 1937 ἀξιούντων,
1116 1873 1180 1927 τδ
1213 1873 1307 1928 τὸν
1347 1873 1482 1929 Θεὸν
1515 1874 1690 1945 Λόγον

113 1957 170 2008 ἐν
201 1957 381 2029 ἐαυτῷ
411 1955 576 2025 εῖναι,
611 1961 747 2034 ὅπερ
778 1964 838 2016 ἐν
868 1964 1001 2034 ἡμῖν
1031 1965 1060 2017 ὁ
1088 1962 1199 2018 ἔσω
1230 1964 1538 2036 ἄνθρωπος.
1592 1986 1615 2019 ι

178 2093 290 2146 Kal
324 2095 454 2161 μεθ’
480 2094 651 2165 ἔτερα
675 2112 689 2127 ·
722 2116 741 2149 ι
787 2098 848 2150 El
881 2097 941 2150 τδ
989 2100 1268 2170 ἐνοικῆσαι
1311 2102 1369 2154 ἐν
1407 2101 1556 2171 αὐτῷ
1594 2103 1692 2174 τὴν

113 2178 307 2243 σοφίαν
355 2180 560 2249 λέγειν,
602 2184 679 2246 ὡς
725 2185 783 2237 ἐν
834 2187 1008 2240 οὐδενὶ
1036 2188 1217 2260 ἄλλῳ·
1268 2189 1426 2245 τοῦτο
1457 2192 1566 2263 γὰρ
1601 2194 1692 2247 τὸν

113 2268 215 2358 μέν
243 2269 446 2358 τρόπον
473 2275 573 2341 τῆς
617 2276 948 2347 ἐνοικήσεως
977 2280 1071 2332 τὸν
1114 2281 1276 2334 αὐτὸν
1294 2281 1472 2353 δηλοῖ,
1508 2284 1692 2358 μέτρῳ

109 2356 164 2412 δὲ
197 2352 296 2416 καῖ
323 2363 520 2432 πλήθει
548 2367 870 2440 ὑπερφέρει.
895 2364 1005 2424 οἷον
1033 2372 1332 2436 διπλάσιον,
1358 2373 1392 2446 ἢ
1416 2352 1517 2430 καὶί
1542 2352 1692 2441 ὅπως

108 2450 311 2519 δήποτε
337 2456 526 2510 πλεῖον
556 2461 589 2528 ἢ
627 2458 853 2515 ἔλασσον
874 2463 968 2515 τοῦ
992 2464 1298 2531 διπλασίου,
1328 2465 1690 2533 γινώσκοντος

105 2542 273 2597 αὑτοῦ
335 2546 450 2600 ἀπὸ
506 2552 606 2619 τῆς
663 2553 875 2620 σοφίας,
933 2554 1047 2625 ἥοί
1090 2557 1260 2610 ἄλλοι.
1306 2557 1475 2612 Τοῦτο
1507 2558 1564 2613 δέ
1591 2559 1690 2615 οὐκ

106 2631 352 2697 ἀξιοῦσιν
393 2638 450 2691 οί
504 2641 783 2697 καθολικοὶ
814 2644 908 2698 καὶ
949 2646 1396 2715 ἐκκλησιαστικοὶ
1442 2649 1688 2716 κανόνες,

108 2723 222 2777 ἀλλ’
263 2728 512 2793 ἐκείνους
558 2733 655 2800 μὲν
703 2735 1098 2805 μετεσχηκέναι
1124 2737 1318 2806 σοφίας
1348 2739 1703 2809 ἐμπνεούσης

108 2814 329 2882 ἔξωθεν.
366 2821 465 2874 καὶ
515 2823 683 2894 ἄλλης
707 2825 873 2896 οὔσης
897 2829 1028 2897 παρ’
1062 2829 1246 2893 αὐτοῖς
1266 2847 1280 2862 ο
1310 2830 1481 2901 αὐτὴν
1504 2830 1562 2884 δὲ
1585 2830 1685 2904 τὴν

113 2911 307 2975 σοφίαν
336 2914 407 2966 δι’
441 2915 640 2985 ἐαυτῆς
667 2918 1124 2990 ἐπιδεδημηκέναι
1145 2920 1419 2987 οὐσιωδῶς
1443 2924 1502 2978 ἐν
1526 2920 1605 2994 τῷ
1626 2924 1691 2979 ἐκ

111 2999 335 3072 Μαρίας
376 3002 616 3073 σώματι.
658 3027 680 3060 ι

185 3114 298 3167 Kal
324 3119 456 3184 μεθ’
484 3117 684 3184 ἔτεραο
713 3119 906 3177 Καίτοι
953 3122 1106 3191 φησι,
1142 3124 1214 3193 μὴ
1239 3123 1333 3178 δύο
1360 3125 1686 3193 ὑφίστασθαι

115 3207 287 3270 υἱούς.
322 3208 383 3262 El
424 3210 482 3262 δὲ
509 3210 636 3274 Υἱὸς
666 3213 694 3265 ὀ
754 3213 961 3279 Ἰησοῦς
1010 3214 1243 3287 Χριστὸς
1263 3214 1360 3267 τοῦ
1389 3216 1545 3278 Θεοῦ,
1574 3220 1689 3281 υίὸς

115 3296 171 3350 δὲ
207 3299 300 3352 καὶ
342 3301 371 3368 ἡ
426 3301 589 3369 σοφία
622 3344 637 3367 ,
666 3304 759 3357 καὶ
787 3304 914 3359 ἄλλο
942 3306 1039 3374 μὲν
1070 3309 1103 3375 ἡ
1134 3307 1316 3376 σοφία,
1347 3306 1477 3361 ἄλλο
1499 3307 1555 3362 δὲ
1591 3308 1693 3380 Ἰη-

120 3388 247 3451 σοῦς
279 3391 537 3461 Χριστὸς,
569 3393 663 3447 δύο
686 3395 1009 3463 ὑφίστανται
1036 3398 1163 3452 υἱοί.

189 3502 295 3554 Kal
314 3504 445 3571 μεθ’
471 3502 640 3569 ἕτερα
659 3520 675 3535 ο
722 3523 740 3556 ι
775 3505 888 3574 Τὴν
915 3505 970 3559 δέ
995 3508 1289 3575 συνάφειαν
1321 3509 1523 3579 ἑτέρως
1550 3512 1687 3584 πρδς

115 3590 218 3662 τὴν
245 3594 440 3660 σοφίαν
474 3594 607 3658 νόει,
649 3599 791 3650 κατὰ
830 3598 1065 3666 μάθησιν
1096 3601 1188 3653 καὶ
1221 3604 1532 3672 μετουσῖαν,
1565 3604 1687 3675 οὐχὶ

117 3681 309 3739 οὐσίαν
338 3686 680 3760 οὐσιωμένην
709 3690 770 3743 ἐν
806 3688 1041 3760 σώματι.
1081 3710 1101 3745 ι

187 3905 301 3957 Kal
367 3907 491 3972 μεθ’
541 3907 753 3973 ἔτεραο
821 3927 841 3961 ‹
904 3907 1041 3962 (ὶῦτε
1074 3910 1132 3964 δέ
1163 3909 1274 3965 τῶν
1335 3912 1692 3981 ἀνθρωπίνων

118 3997 555 4063 προηγουμένως
603 3998 793 4058 παθῶν
829 3999 1094 4069 ἀμέτοχος
1124 3997 1192 4068 ἦν
1221 4041 1237 4063 ,
1271 4004 1300 4055 ὁ
1337 4004 1577 4073 φορέσας
1597 4005 1694 4058 καὶ⁹

118 4088 482 4152 ἐνδυσάμενος
521 4089 583 4142 τὸ
627 4090 968 4160 ἀνθρώπινον
1005 4092 1135 4155 Θεός
1158 4110 1173 4125 ο
1222 4092 1347 4146 οὔτε
1385 4094 1495 4146 τῶν
1535 4095 1696 4149 θείων

116 4178 561 4247 προηγουμένως
594 4180 770 4252 ἔργων
812 4184 1039 4252 ἄμοιρον
1077 4184 1138 4237 τὸ
1178 4184 1517 4253 ἀνθρώπινον
1563 4188 1622 4239 ἐν
1649 4180 1694 4256 ᾧ

114 4265 206 4339 ἦν.
253 4268 353 4321 καὶ
394 4269 466 4323 δι’
515 4262 576 4323 οὗ
619 4272 791 4325 ταῦτα
832 4272 1029 4326 ἐποίει.
1087 4274 1361 4346 Ἐπλάσθη
1416 4293 1690 4346 προηγου-

119 4359 305 4428 μένως
348 4357 425 4418 ὡς
469 4359 755 4430 ἄνθρωπος
798 4364 856 4415 ἐν
895 4364 1130 4435 γαστρὶ,
1189 4365 1280 4418 καὶ
1323 4365 1465 4419 κατὰ
1506 4366 1691 4420 δεύτε-

121 4465 214 4516 ρον
245 4449 409 4515 λόγον
432 4450 564 4515 Θεὸς
583 4447 650 4525 ἦν
675 4455 734 4508 ἐν
766 4455 986 4527 γαστρὶ,
1021 4447 1458 4527 συνουσιωμένος
1487 4459 1565 4531 τῷ
1594 4461 1692 4516 ἁν-

118 4539 402 4613 θρωπίνῳ.
441 4562 461 4595 ι

912 4625 1011 4634 ην.-

169 4758 270 4813 Ἕκ
293 4759 413 4814 τῶν
440 4762 572 4826 περὶ
606 4763 792 4817 αὐτοῦ
820 4764 1254 4830 πεπραγμένων
1291 4738 1441 4831 πρὸς
1468 4767 1658 4821 αὑτὸν

423 4830 582 4896 παρὰ
609 4835 981 4902 Μαλχίωγος,
1012 4834 1385 4903 art/ponam.
1418 4830 1428 4831 ί
1496 4916 1499 4919 _

195 4980 216 5013 ι
254 4961 333 5014 Οὐ
364 4961 531 5015 πάλαι
573 4964 732 5018 τοῦτο
760 4965 943 5032 ἔλεγον
965 5007 980 5031 ,
1005 4968 1088 5021 ὅτι
1119 4968 1178 5021 οὒ
1207 4968 1366 5031 δίδως
1393 4968 1692 5025 οὐσιῶσθαι

117 5054 177 5106 ἐν
222 5051 305 5123 τῷ
334 5055 438 5124 ὅλῳ
466 5055 679 5125 Σωτῆρι
724 5057 817 5109 τὸν
845 5058 974 5111 Υίὸν
1014 5059 1107 5111 τὸν
1142 5062 1401 5131 μονογενῆ
1426 5102 1440 5126 ,
1468 5059 1559 5114 τὸν
1583 5062 1690 5131 πρὸ

116 5143 307 5214 πάσης
338 5143 568 5210 κτίσεως
596 5146 783 5210 ἀϊδίως
815 5146 1165 5217 ὐπάρχοντα;
1208 5166 1228 5199 ι

192 5400 309 5474 (60)
331 5401 442 5457 Nos
464 5403 722 5468 dicimus,
752 5405 900 5474 quod
944 5404 1110 5459 homo
1150 5405 1391 5460 exterior
1437 5415 1493 5462 et
1546 5407 1689 5461 inte-

115 5474 238 5529 rior
272 5482 402 5528 sunt
428 5490 533 5528 una
557 5489 824 5544 persona:
861 5476 941 5530 sic
960 5476 1104 5529 Deus
1135 5474 1375 5530 Verbum
1406 5486 1463 5531 et
1491 5477 1685 5532 huma-

116 5544 268 5672 ιῦἰιοῗ
300 5552 580 5671 αςεὲιηιιιιί
612 5553 741 5600 sunt
763 5562 868 5604 una
900 5560 1153 5617 persona,
1181 5546 1328 5617 quod
1366 5554 1530 5620 negat
1589 5548 1680 5602 hic

167 5628 237 5668 au
267 5627 349 5669 us.
434 5631 526 5672 nt.

1791 1214 1846 1261 et
1872 1206 2332 1277 gubernationem
2357 1211 2647 1278 copulatus
2671 1219 2811 1272 erat,
2849 1210 3062 1265 homini
3092 1211 3198 1266 hoc
3226 1211 3368 1266 aeci~

1791 1297 1945 1353 dere.
1980 1316 2000 1349 ι
2025 1297 2093 1353 Et
2118 1315 2335 1353 rursus:
2371 1317 2390 1350 ι
2416 1299 2535 1354 Νοη
2567 1300 2715 1354 enim
2747 1313 3170 1370 congeneratam
3190 1300 3365 1357 fuisse

1791 1403 1916 1443 cum
1947 1388 2292 1445 humanitate
2322 1391 2672 1461 sapientiam,
2704 1401 2764 1446 ut
2787 1407 2888 1447 nos
2913 1392 3211 1458 credimus,
3240 1394 3368 1448 sub-

1791 1478 2146 1544 stantialiter,
2182 1479 2278 1535 sed
2292 1481 2614 1557 \secuudum
2642 1482 2987 1553 qualitatem.
3020 1502 3041 1565 ι

1867 1589 1933 1643 Et
1960 1599 2074 1661 post
2095 1591 2205 1647 alia
2231 1610 2249 1648 :
2286 1612 2304 1645 ς
2325 1592 2466 1661 Quid
2489 1606 2673 1650 autem
2704 1596 2824 1651 vult
2846 1596 3031 1653 dicere
3056 1598 3220 1652 aliam
3244 1615 3366 1655 esse

1791 1689 1847 1736 et
1865 1681 2139 1738 diversam
2171 1684 2555 1742 formationem
2585 1686 2791 1743 Christi
2817 1704 2847 1743 a
2871 1690 3105 1745 nostra?
3135 1691 3366 1747 volenti-

1791 1770 1896 1827 bus
1927 1773 2090 1829 nobis
2133 1776 2191 1831 in
2241 1776 2346 1834 hac
2381 1778 2616 1833 maxima
2660 1795 2767 1834 una
2815 1795 2872 1834 re
2923 1780 3146 1836 differre
3191 1783 3366 1852 ipsius

1756 1886 1761 1889 ν
1792 1865 2243 1922 constitutionem
2273 1884 2304 1923 a
2337 1877 2550 1935 nostra,
2603 1871 2749 1940 quod
2777 1871 2988 1926 scilicet
3019 1871 3075 1926 in
3125 1871 3245 1940 ipso
3294 1874 3366 1928 sit

1791 1953 2032 2010 Verbum
2063 1958 2212 2028 quod
2238 1958 2293 2013 in
2328 1960 2490 2016 nobis
2512 1961 2679 2017 homo
2709 1962 2941 2018 interior
2965 1961 3101 2033 (60).
3126 1981 3144 2014 ›

1866 2087 1933 2142 Et
1956 2097 2173 2159 postea:
2206 2110 2224 2142 ι
2247 2091 2303 2147 Si
2325 2092 2509 2149 dicere
2534 2093 2812 2151 habitasse
2840 2095 2897 2150 in
2920 2111 2988 2150 eo
3009 2095 3360 2166 sapientiam.

1792 2179 1933 2235 sicut
1963 2181 2016 2234 in
2036 2183 2190 2238 nullo
2210 2183 2353 2251 alio;
2382 2184 2488 2240 hoc
2513 2185 2735 2240 modum
2762 2187 2985 2256 quidem
3013 2186 3365 2242 inhabitatio-

1792 2272 1879 2327 nis
1898 2274 2152 2329 eumdem
2187 2274 2450 2341 declarat,
2481 2292 2738 2333 mensura
2763 2294 2898 2333 vero
2919 2289 2975 2334 et
3006 2277 3362 2333 multitudine

1792 2363 2044 2430 excellit;
2074 2366 2227 2420 verbi
2248 2367 2441 2436 gratia,
2460 2368 2627 2439 duplo
2645 2369 2788 2437 plus,
2810 2378 2907 2425 aut
2940 2369 3362 2441 quomodocun-

1795 2469 1902 2523 que
1931 2456 2168 2526 amplius
2191 2498 2206 2522 ,
2254 2461 2341 2513 vel
2373 2459 2557 2515 minus
2608 2460 2776 2531 duplo
2813 2477 2977 2531 quam
3006 2462 3121 2526 alii,
3153 2476 3363 2532 cogno-

1794 2553 1983 2600 scente
2007 2546 2126 2616 ipso
2148 2564 2178 2601 a
2203 2548 2496 2618 sapientia.
2532 2550 2647 2605 Hoc
2673 2559 2855 2606 autem
2879 2552 3075 2606 nolunt
3103 2551 3363 2607 catholici

1790 2644 1847 2690 et
1877 2637 2238 2694 ecclesiastici
2295 2656 2535 2697 canones
2557 2683 2571 2706 ,
2621 2642 2717 2696 sed
2763 2642 2947 2712 potius
2982 2642 3107 2697 illos
3137 2640 3362 2712 quidem

1790 2727 2148 2799 participasse
2174 2731 2501 2801 sapientiam
2529 2732 2667 2788 foris
2695 2733 3079 2803 inspirantem,
3106 2748 3228 2802 quae
3256 2732 3362 2787 alia

1791 2828 1876 2876 est
1929 2822 2072 2892 apud
2124 2823 2303 2892 ipsos;
2363 2825 2539 2895 ipsam
2590 2840 2723 2880 vero
2781 2827 3106 2896 sapientiam
3152 2842 3252 2895 per
3302 2841 3362 2880 se

1793 2912 1965 2982 ipsam
1997 2914 2435 2971 substantialiter
2465 2918 2522 2972 in
2559 2932 2762 2989 corpus
2789 2934 2855 2975 cx
2875 2918 3048 2975 Maria
3072 2918 3309 2975 venisse.
3336 2936 3354 2968 ι

1863 3111 1932 3167 Et
1958 3120 2074 3182 post
2103 3113 2214 3169 alia
2233 3130 2259 3169 ς
2291 3133 2307 3166 ι
2333 3114 2413 3170 Ac
2442 3114 2668 3178 dicunt,
2724 3129 2834 3168 non
2857 3130 2977 3169 esse
3015 3113 3155 3169 duos
3197 3112 3361 3168 filios.
3414 3161 3420 3167 .

1793 3199 1851 3256 Si
1885 3211 2066 3257 autem
2097 3202 2269 3257 Filius
2299 3213 2384 3258 est
2413 3204 2508 3258 Dei
2538 3204 2697 3259 Jesus
2712 3203 2982 3269 Christus,
3028 3203 3204 3258 Filius
3228 3218 3363 3256 vero

1791 3292 1955 3346 etiam
1992 3293 2302 3363 sapientia;
2351 3304 2407 3351 et
2451 3295 2600 3351 aliud
2654 3304 2735 3351 est
2774 3296 3075 3367 sapientia,
3122 3305 3180 3352 et
3211 3294 3362 3350 aliud

1789 3381 1951 3438 Jesus
1981 3384 2238 3441 Christus
2271 3403 2286 3440 :
2321 3386 2439 3442 duo
2461 3395 2592 3443 sunt
2628 3387 2746 3442 filii.
2785 3407 2805 3439 ι
2840 3424 2841 3427 η

1863 3495 1929 3549 Et
1949 3508 2158 3565 postea:
2177 3517 2194 3549 ι
2218 3498 2635 3569 C‘opulationem
2657 3501 2766 3569 (ει)
2784 3517 2917 3557 vero
2937 3517 3062 3558 cum
3083 3501 3360 3572 sapientia

1793 3586 1951 3642 aliter
1981 3587 2222 3660 intellige
2252 3591 2554 3645 secundum
2585 3593 2937 3662 disciplinam
2966 3602 3022 3648 et
3067 3594 3362 3663 participa-

1796 3678 2040 3745 tionem;
2081 3695 2193 3735 non
2227 3691 2408 3768 aqtcm
2436 3684 2737 3738 secundum
2760 3685 3122 3740 substantiam
3156 3684 3212 3738 in
3237 3699 3363 3738 cor-
3396 3706 3415 3723 ο

1721 3751 1763 3808 c
1798 3781 1929 3837 pore
1957 3767 2267 3824 formatam.
2280 3751 2319 3820 ἶ

1867 3877 1936 3932 Et
1967 3886 2081 3949 post
2108 3877 2218 3933 alia
2247 3895 2265 3934 :
2306 3898 2324 3930 ι
2350 3879 2541 3951 Neque
2568 3882 2716 3939 Deus
2740 3923 2755 3948 ,
2807 3881 2903 3953 qui
2934 3897 3135 3953 corpus
3163 3882 3364 3936 huma-
3424 3933 3432 3959 ι

1797 3984 1927 4023 num
1972 3969 2183 4026 ferebat
2224 3981 2280 4027 et
2315 3973 2611 4040 induerat,
2639 3975 2956 4044 passionum
2995 3975 3362 4029 humanarum

1796 4060 2175 4131 principaliter
2202 4079 2398 4135 expers
2422 4075 2541 4121 erat
2565 4083 2581 4132 ;
2616 4082 2799 4136 neque
2827 4082 3033 4136 corpus
3060 4068 3365 4122 humanum

1796 4149 2109 4206 divinorum
2141 4168 2370 4223 operum
2399 4157 2782 4226 principaliter
2815 4172 3017 4228 expers
3042 4166 3164 4212 erat
3210 4158 3264 4212 in
3295 4172 3364 4213 eo
3448 4224 3455 4229 ι

1797 4239 1853 4295 in
1887 4256 1998 4311 quo
2022 4251 2161 4308 erat,
2187 4251 2242 4299 et
2271 4260 2370 4315 per
2397 4262 2560 4316 quem
2589 4246 2707 4303 haec
2730 4262 2898 4318 opera
2937 4248 3192 4303 faciebat.
3227 4248 3366 4304 For-

1795 4340 1976 4389 matus
2002 4344 2089 4389 est
2125 4335 2504 4407 principaliter
2532 4346 2594 4392 ut
2638 4338 2804 4393 homo
2837 4338 2893 4394 in
2920 4345 3153 4405 ventre;
3198 4346 3255 4395 et
3280 4354 3365 4393 εει
3430 4342 3441 4369 ῖ

1797 4425 2200 4497 cundario(62)
2231 4428 2377 4483 Deus
2426 4440 2548 4484 erat
2590 4430 2647 4485 in
2702 4441 2895 4486 ventre
2932 4431 3366 4498 συνουσιωμένος

1795 4517 1872 4587 τῷ
1901 4517 2246 4591 ἀνθρωπίνῳ,
2269 4521 2325 4576 id
2356 4531 2462 4589 est,
2485 4523 2737 4594 copulata
2761 4524 3069 4581 substantia
3090 4526 3210 4597 ejus
3236 4539 3362 4579 cum

1797 4608 2038 4665 homine.
2064 4629 2083 4662 ι

1795 4742 2096 4817 Confutatio
2121 4763 2184 4801 ea:
2224 4751 2352 4805 actis
2396 4759 2580 4874 Ἣιῖιῖ
2602 4750 2843 4834 .Paulum
2870 4752 3294 4809 Samosatensem
3329 4768 3364 4806 α

2477 4840 2507 4874 α
2532 4839 2559 4874 c
2577 4837 2735 4874 uane.

2477 4840 2507 4874 a
2514 4837 2735 4876 temone.

1873 4971 1892 5003 ι
1917 4952 2107 5007 Nonne
2126 4962 2253 5008 ante
2278 4953 2551 5020 dicebam,
2580 4955 2731 5024 quod
2751 4971 2861 5010 non
2887 4955 3148 5055 concedis
3164 4953 3363 5010 Filium

1799 5043 2137 5114 unigenitum
2197 5044 2291 5115 qui
2339 5054 2425 5100 est
2471 5061 2538 5100 ex
2583 5047 2897 5103 aeternitate
2941 5043 3364 5103 ante'omnem

1795 5145 2101 5191 creaturam
2132 5176 2147 5200 ,
2188 5137 2244 5191 in
2293 5145 2409 5193 toto
2439 5137 2721 5194 Salvatore
2772 5140 3104 5203 οὐσιῶσθαι,
3156 5139 3207 5194 id
3252 5147 3357 5201 est,

1797 5229 2013 5284 unitum
2046 5243 2168 5285 esse
2191 5230 2494 5289 secundum
2531 5231 2889 5287 substantiam
2910 5233 2938 5286 ?
2963 5252 2981 5285 ι

1862 5409 1972 5481 (61)
1998 5408 2751 5481 Euvdtgosmv,humanitatem
2787 5413 2972 5468 aiebat
3001 5412 3204 5470 Paulus
3240 5413 3366 5470 uni.

1792 5488 1900 5553 tam
1926 5494 2048 5534 esse
2073 5495 2198 5534 cum
2220 5480 2508 5553 sapientia.
2538 5482 2682 5537 sicut
2706 5484 2997 5553 disciplina
3022 5483 3213 5541 unitur
3232 5501 3370 5545 cum

1789 5545 2041 5618 dist-eote
2063 5560 2155 5614 per
2187 5545 2683 5618 participationem.
2718 5551 2797 5607 In.

1859 5613 1970 5686 (62)
2003 5613 2326 5673 δεευηάατίο
2354 5613 2512 5674 Κατὰ
2539 5620 2794 5692 δεύτερον
2820 5621 2997 5691 λόγον.
3032 5622 3178 5680 Tun.
