  <div class='ocr_page' id='page_1' title='image "/cluster/home/n/w/nwhite01/storage/ocr_20150623/86 pars.1/pst.000005712878/742.png"; bbox 0 0 3912 6298; ppageno 0'>
   <div class='ocr_carea' id='block_1_1' title="bbox 177 222 3463 303">
    <p class='ocr_par' dir='ltr' id='par_1_1' title="bbox 177 222 3463 303">
     <span class='ocr_line' id='line_1_1' title="bbox 177 222 3463 303; baseline -0.001 -11"><span class='ocrx_word' id='word_1_1' title='bbox 177 222 337 293; x_wconf 75' lang='lat'><strong>1397</strong></span> <span class='ocrx_word' id='word_1_2' title='bbox 1204 232 1599 298; x_wconf 82' lang='lat' dir='ltr'><strong>ADVERSUS</strong></span> <span class='ocrx_word' id='word_1_3' title='bbox 1636 230 2181 294; x_wconf 79' lang='lat' dir='ltr'><strong>NESTORIANOS.</strong></span> <span class='ocrx_word' id='word_1_4' title='bbox 2211 257 2280 265; x_wconf 91' lang='lat'><strong>—</strong></span> <span class='ocrx_word' id='word_1_5' title='bbox 2304 230 2454 292; x_wconf 81' lang='lat' dir='ltr'><strong>LIB.</strong></span> <span class='ocrx_word' id='word_1_6' title='bbox 2499 232 2548 290; x_wconf 93' lang='grc' dir='ltr'><strong>Ι.</strong></span> <span class='ocrx_word' id='word_1_7' title='bbox 2636 300 2639 303; x_wconf 96' lang='lat'><em>_</em></span> <span class='ocrx_word' id='word_1_8' title='bbox 3319 226 3463 290; x_wconf 67' lang='lat'><strong>1398‘</strong></span> 
     </span>
    </p>
   </div>
   <div class='ocr_carea' id='block_1_2' title="bbox 176 335 3474 415">
    <p class='ocr_par' dir='ltr' id='par_1_2' title="bbox 176 335 3474 415">
     <span class='ocr_line' id='line_1_2' title="bbox 176 335 3474 415; baseline -0.002 -18"><span class='ocrx_word' id='word_1_9' title='bbox 176 343 563 414; x_wconf 66' lang='lat' dir='ltr'><strong>olnjectiones</strong></span> <span class='ocrx_word' id='word_1_10' title='bbox 600 342 760 401; x_wconf 82' lang='lat' dir='ltr'><strong>facile</strong></span> <span class='ocrx_word' id='word_1_11' title='bbox 794 346 1030 410; x_wconf 89' lang='lat' dir='ltr'><strong>solvere,</strong></span> <span class='ocrx_word' id='word_1_12' title='bbox 1055 353 1111 399; x_wconf 92' lang='lat' dir='ltr'><strong>et</strong></span> <span class='ocrx_word' id='word_1_13' title='bbox 1134 345 1443 415; x_wconf 78' lang='lat' dir='ltr'><strong>proverbiis</strong></span> <span class='ocrx_word' id='word_1_14' title='bbox 1473 343 1575 406; x_wconf 89' lang='lat' dir='ltr'><strong>uti,</strong></span> <span class='ocrx_word' id='word_1_15' title='bbox 1606 358 1669 397; x_wconf 85' lang='lat' dir='ltr'><strong>ac</strong></span> <span class='ocrx_word' id='word_1_16' title='bbox 1696 341 2119 411; x_wconf 75' lang='lat' dir='ltr'><strong>sapientissimis</strong></span> <span class='ocrx_word' id='word_1_17' title='bbox 2147 341 2551 414; x_wconf 81' lang='lat' dir='ltr'><strong>aenigmatibus,</strong></span> <span class='ocrx_word' id='word_1_18' title='bbox 2579 352 2892 408; x_wconf 86' lang='lat' dir='ltr'><strong>quanquam</strong></span> <span class='ocrx_word' id='word_1_19' title='bbox 2940 350 3132 407; x_wconf 84' lang='lat' dir='ltr'><strong>reapse</strong></span> <span class='ocrx_word' id='word_1_20' title='bbox 3161 335 3326 392; x_wconf 88' lang='lat' dir='ltr'><strong>nullis</strong></span> <span class='ocrx_word' id='word_1_21' title='bbox 3356 335 3474 406; x_wconf 78' lang='lat' dir='ltr'><strong>pin-</strong></span> 
     </span>
    </p>
   </div>
   <div class='ocr_carea' id='block_1_3' title="bbox 175 422 3474 497">
    <p class='ocr_par' dir='ltr' id='par_1_3' title="bbox 175 422 3474 497">
     <span class='ocr_line' id='line_1_3' title="bbox 175 422 3474 497; baseline -0.001 -17"><span class='ocrx_word' id='word_1_22' title='bbox 175 424 525 497; x_wconf 85' lang='lat' dir='ltr'><strong>losophicis</strong></span> <span class='ocrx_word' id='word_1_23' title='bbox 553 438 649 486; x_wconf 87' lang='lat' dir='ltr'><strong>aut</strong></span> <span class='ocrx_word' id='word_1_24' title='bbox 678 430 970 486; x_wconf 77' lang='lat' dir='ltr'><strong>rhetoricis</strong></span> <span class='ocrx_word' id='word_1_25' title='bbox 1003 431 1258 485; x_wconf 83' lang='lat' dir='ltr'><strong>innutriti</strong></span> <span class='ocrx_word' id='word_1_26' title='bbox 1291 430 1500 485; x_wconf 82' lang='lat' dir='ltr'><strong>fuerint</strong></span> <span class='ocrx_word' id='word_1_27' title='bbox 1524 428 1813 492; x_wconf 74' lang='lat' dir='ltr'><strong>doctrinis,</strong></span> <span class='ocrx_word' id='word_1_28' title='bbox 1847 428 1943 482; x_wconf 85' lang='lat' dir='ltr'><strong>sed</strong></span> <span class='ocrx_word' id='word_1_29' title='bbox 1974 430 2146 484; x_wconf 87' lang='lat' dir='ltr'><strong>solam</strong></span> <span class='ocrx_word' id='word_1_30' title='bbox 2181 430 2706 485; x_wconf 83' lang='lat' dir='ltr'><strong>habeant-naturam</strong></span> <span class='ocrx_word' id='word_1_31' title='bbox 2743 422 3264 495; x_wconf 74' lang='lat' dir='ltr'><strong>magistramJndos</strong></span> <span class='ocrx_word' id='word_1_32' title='bbox 3290 431 3474 477; x_wconf 87' lang='lat' dir='ltr'><strong>autem</strong></span> 
     </span>
    </p>
   </div>
   <div class='ocr_carea' id='block_1_4' title="bbox 179 509 3477 588">
    <p class='ocr_par' dir='ltr' id='par_1_4' title="bbox 179 509 3477 588">
     <span class='ocr_line' id='line_1_4' title="bbox 179 509 3477 588; baseline -0.001 -21"><span class='ocrx_word' id='word_1_33' title='bbox 179 516 390 572; x_wconf 85' lang='lat' dir='ltr'><strong>multo</strong></span> <span class='ocrx_word' id='word_1_34' title='bbox 413 519 600 573; x_wconf 87' lang='lat' dir='ltr'><strong>adhuc</strong></span> <span class='ocrx_word' id='word_1_35' title='bbox 624 519 985 588; x_wconf 79' lang='lat' dir='ltr'><strong>sapientiores</strong></span> <span class='ocrx_word' id='word_1_36' title='bbox 1012 527 1069 574; x_wconf 91' lang='lat' dir='ltr'><strong>et</strong></span> <span class='ocrx_word' id='word_1_37' title='bbox 1093 520 1306 574; x_wconf 86' lang='lat' dir='ltr'><strong>acriore</strong></span> <span class='ocrx_word' id='word_1_38' title='bbox 1332 519 1589 588; x_wconf 61' lang='lat' dir='ltr'><strong>prmditos</strong></span> <span class='ocrx_word' id='word_1_39' title='bbox 1614 517 1836 587; x_wconf 89' lang='lat' dir='ltr'><strong>ingenio</strong></span> <span class='ocrx_word' id='word_1_40' title='bbox 1867 517 2043 571; x_wconf 89' lang='lat' dir='ltr'><strong>aiunt.</strong></span> <span class='ocrx_word' id='word_1_41' title='bbox 2073 515 2218 582; x_wconf 84' lang='lat' dir='ltr'><strong>Quin</strong></span> <span class='ocrx_word' id='word_1_42' title='bbox 2253 517 2392 572; x_wconf 86' lang='lat' dir='ltr'><strong>adeo</strong></span> <span class='ocrx_word' id='word_1_43' title='bbox 2426 512 2719 585; x_wconf 87' lang='lat' dir='ltr'><strong>propinqui</strong></span> <span class='ocrx_word' id='word_1_44' title='bbox 2755 510 2930 566; x_wconf 84' lang='lat' dir='ltr'><strong>nostri</strong></span> <span class='ocrx_word' id='word_1_45' title='bbox 2979 509 3245 565; x_wconf 53' lang='lat' dir='ltr'><strong>nomehs</strong></span> <span class='ocrx_word' id='word_1_46' title='bbox 3272 510 3477 564; x_wconf 83' lang='lat' dir='ltr'><strong>lsmae-</strong></span> 
     </span>
    </p>
   </div>
   <div class='ocr_carea' id='block_1_5' title="bbox 177 597 3475 676">
    <p class='ocr_par' dir='ltr' id='par_1_5' title="bbox 177 597 3475 676">
     <span class='ocr_line' id='line_1_5' title="bbox 177 597 3475 676; baseline -0.001 -22"><span class='ocrx_word' id='word_1_47' title='bbox 177 600 338 666; x_wconf 77' lang='lat' dir='ltr'><strong>litae,</strong></span> <span class='ocrx_word' id='word_1_48' title='bbox 381 605 562 659; x_wconf 91' lang='lat' dir='ltr'><strong>multa</strong></span> <span class='ocrx_word' id='word_1_49' title='bbox 604 604 808 675; x_wconf 79' lang='lat' dir='ltr'><strong>ingenii</strong></span> <span class='ocrx_word' id='word_1_50' title='bbox 842 605 1157 674; x_wconf 81' lang='lat' dir='ltr'><strong>sagacitate,</strong></span> <span class='ocrx_word' id='word_1_51' title='bbox 1198 605 1672 676; x_wconf 85' lang='lat' dir='ltr'><strong>intelligentiaque</strong></span> <span class='ocrx_word' id='word_1_52' title='bbox 1694 612 1750 660; x_wconf 89' lang='lat' dir='ltr'><strong>et</strong></span> <span class='ocrx_word' id='word_1_53' title='bbox 1787 604 2009 660; x_wconf 82' lang='lat' dir='ltr'><strong>solertia</strong></span> <span class='ocrx_word' id='word_1_54' title='bbox 2046 606 2337 668; x_wconf 84' lang='lat' dir='ltr'><strong>ornantur,</strong></span> <span class='ocrx_word' id='word_1_55' title='bbox 2381 610 2730 670; x_wconf 84' lang='lat' dir='ltr'><strong>mentemque</strong></span> <span class='ocrx_word' id='word_1_56' title='bbox 2774 606 2990 656; x_wconf 82' lang='lat' dir='ltr'><strong>acutam</strong></span> <span class='ocrx_word' id='word_1_57' title='bbox 3028 605 3084 652; x_wconf 82' lang='lat' dir='ltr'><strong>et</strong></span> <span class='ocrx_word' id='word_1_58' title='bbox 3117 597 3475 652; x_wconf 82' lang='lat' dir='ltr'><strong>calliditatem</strong></span> 
     </span>
    </p>
   </div>
   <div class='ocr_carea' id='block_1_6' title="bbox 180 680 3475 762">
    <p class='ocr_par' dir='ltr' id='par_1_6' title="bbox 180 680 3475 762">
     <span class='ocr_line' id='line_1_6' title="bbox 180 680 3475 762; baseline -0.001 -20"><span class='ocrx_word' id='word_1_59' title='bbox 180 688 427 745; x_wconf 82' lang='lat' dir='ltr'><strong>habent</strong></span> <span class='ocrx_word' id='word_1_60' title='bbox 457 692 523 746; x_wconf 91' lang='lat' dir='ltr'><strong>ad</strong></span> <span class='ocrx_word' id='word_1_61' title='bbox 570 692 997 762; x_wconf 87' lang='lat' dir='ltr'><strong>dignoscendam</strong></span> <span class='ocrx_word' id='word_1_62' title='bbox 1032 691 1379 762; x_wconf 88' lang='lat' dir='ltr'><strong>potissimum</strong></span> <span class='ocrx_word' id='word_1_63' title='bbox 1419 692 1734 756; x_wconf 83' lang='lat' dir='ltr'><strong>veritatem,</strong></span> <span class='ocrx_word' id='word_1_64' title='bbox 1768 689 2061 745; x_wconf 83' lang='lat' dir='ltr'><strong>falsitatem</strong></span> <span class='ocrx_word' id='word_1_65' title='bbox 2100 690 2524 761; x_wconf 80' lang='lat' dir='ltr'><strong>coarguendam,</strong></span> <span class='ocrx_word' id='word_1_66' title='bbox 2570 697 2627 742; x_wconf 90' lang='lat' dir='ltr'><strong>et</strong></span> <span class='ocrx_word' id='word_1_67' title='bbox 2667 702 2699 741; x_wconf 86' lang='lat' dir='ltr'><strong>a</strong></span> <span class='ocrx_word' id='word_1_68' title='bbox 2739 680 2967 741; x_wconf 88' lang='lat' dir='ltr'><strong>meliore</strong></span> <span class='ocrx_word' id='word_1_69' title='bbox 3005 684 3253 740; x_wconf 85' lang='lat' dir='ltr'><strong>deterius</strong></span> <span class='ocrx_word' id='word_1_70' title='bbox 3273 683 3475 739; x_wconf 88' lang='lat' dir='ltr'><strong>distin-</strong></span> 
     </span>
    </p>
   </div>
   <div class='ocr_carea' id='block_1_7' title="bbox 177 772 3477 854">
    <p class='ocr_par' dir='ltr' id='par_1_7' title="bbox 177 772 3477 854">
     <span class='ocr_line' id='line_1_7' title="bbox 177 772 3477 854; baseline -0.001 -23"><span class='ocrx_word' id='word_1_71' title='bbox 177 780 527 846; x_wconf 78' lang='lat' dir='ltr'><strong>guendum.</strong></span> <span class='ocrx_word' id='word_1_72' title='bbox 566 799 585 832; x_wconf 84' lang='grc'><strong>›</strong></span> <span class='ocrx_word' id='word_1_73' title='bbox 623 781 729 837; x_wconf 89' lang='lat' dir='ltr'><strong>Sed</strong></span> <span class='ocrx_word' id='word_1_74' title='bbox 765 793 820 839; x_wconf 92' lang='lat' dir='ltr'><strong>et</strong></span> <span class='ocrx_word' id='word_1_75' title='bbox 849 783 1051 839; x_wconf 73' lang='lat' dir='ltr'><strong>Graeca:</strong></span> <span class='ocrx_word' id='word_1_76' title='bbox 1087 785 1287 854; x_wconf 69' lang='lat' dir='ltr'><strong>lingua:</strong></span> <span class='ocrx_word' id='word_1_77' title='bbox 1311 783 1621 839; x_wconf 88' lang='lat' dir='ltr'><strong>Nestoriani</strong></span> <span class='ocrx_word' id='word_1_78' title='bbox 1656 781 1813 836; x_wconf 89' lang='lat' dir='ltr'><strong>multi</strong></span> <span class='ocrx_word' id='word_1_79' title='bbox 1854 779 2009 835; x_wconf 82' lang='lat' dir='ltr'><strong>fuere</strong></span> <span class='ocrx_word' id='word_1_80' title='bbox 2040 788 2297 835; x_wconf 88' lang='lat' dir='ltr'><strong>auctores</strong></span> <span class='ocrx_word' id='word_1_81' title='bbox 2328 797 2341 833; x_wconf 90' lang='lat'>:</span> <span class='ocrx_word' id='word_1_82' title='bbox 2379 788 2465 835; x_wconf 89' lang='lat' dir='ltr'><strong>est</strong></span> <span class='ocrx_word' id='word_1_83' title='bbox 2500 777 2648 833; x_wconf 90' lang='lat' dir='ltr'><strong>enim</strong></span> <span class='ocrx_word' id='word_1_84' title='bbox 2675 776 3043 846; x_wconf 78' lang='lat' dir='ltr'><strong>exploratum,</strong></span> <span class='ocrx_word' id='word_1_85' title='bbox 3068 772 3376 829; x_wconf 82' lang='lat' dir='ltr'><strong>Orientales</strong></span> <span class='ocrx_word' id='word_1_86' title='bbox 3407 787 3477 828; x_wconf 71' lang='lat' dir='ltr'><strong>ex</strong></span> 
     </span>
    </p>
   </div>
   <div class='ocr_carea' id='block_1_8' title="bbox 182 859 3474 944">
    <p class='ocr_par' dir='ltr' id='par_1_8' title="bbox 182 859 3474 944">
     <span class='ocr_line' id='line_1_8' title="bbox 182 859 3474 944; baseline -0.002 -25"><span class='ocrx_word' id='word_1_87' title='bbox 182 865 421 922; x_wconf 66' lang='lat' dir='ltr'><strong>Graecis</strong></span> <span class='ocrx_word' id='word_1_88' title='bbox 455 869 683 925; x_wconf 88' lang='lat' dir='ltr'><strong>urbibus</strong></span> <span class='ocrx_word' id='word_1_89' title='bbox 718 886 961 927; x_wconf 87' lang='lat' dir='ltr'><strong>errorem</strong></span> <span class='ocrx_word' id='word_1_90' title='bbox 993 888 1152 927; x_wconf 87' lang='lat' dir='ltr'><strong>suum</strong></span> <span class='ocrx_word' id='word_1_91' title='bbox 1186 873 1240 929; x_wconf 87' lang='lat' dir='ltr'><strong>in</strong></span> <span class='ocrx_word' id='word_1_92' title='bbox 1277 872 1512 942; x_wconf 77' lang='lat' dir='ltr'><strong>patriam</strong></span> <span class='ocrx_word' id='word_1_93' title='bbox 1547 869 1973 941; x_wconf 84' lang='lat' dir='ltr'><strong>comportavisse</strong></span> <span class='ocrx_word' id='word_1_94' title='bbox 2017 884 2030 921; x_wconf 93' lang='lat'><strong>:</strong></span> <span class='ocrx_word' id='word_1_95' title='bbox 2064 883 2135 922; x_wconf 84' lang='lat' dir='ltr'><strong>ex</strong></span> <span class='ocrx_word' id='word_1_96' title='bbox 2169 882 2280 937; x_wconf 90' lang='lat' dir='ltr'><strong>quo</strong></span> <span class='ocrx_word' id='word_1_97' title='bbox 2307 866 2455 921; x_wconf 87' lang='lat' dir='ltr'><strong>enim</strong></span> <span class='ocrx_word' id='word_1_98' title='bbox 2493 864 2551 918; x_wconf 89' lang='lat' dir='ltr'><strong>in</strong></span> <span class='ocrx_word' id='word_1_99' title='bbox 2581 862 2819 919; x_wconf 91' lang='lat' dir='ltr'><strong>concilio</strong></span> <span class='ocrx_word' id='word_1_100' title='bbox 2850 861 3132 931; x_wconf 87' lang='lat' dir='ltr'><strong>Ephesino</strong></span> <span class='ocrx_word' id='word_1_101' title='bbox 3177 859 3474 944; x_wconf 81' lang='lat' dir='ltr'><strong>discidium</strong></span> 
     </span>
    </p>
   </div>
   <div class='ocr_carea' id='block_1_9' title="bbox 183 948 3479 1027">
    <p class='ocr_par' dir='ltr' id='par_1_9' title="bbox 183 948 3479 1027">
     <span class='ocr_line' id='line_1_9' title="bbox 183 948 3479 1027; baseline 0.001 -25"><span class='ocrx_word' id='word_1_102' title='bbox 183 949 423 1004; x_wconf 90' lang='lat' dir='ltr'><strong>accidit</strong></span> <span class='ocrx_word' id='word_1_103' title='bbox 453 949 815 1008; x_wconf 87' lang='lat' dir='ltr'><strong>Orientalium</strong></span> <span class='ocrx_word' id='word_1_104' title='bbox 843 970 1226 1024; x_wconf 80' lang='lat' dir='ltr'><strong>episcoporum</strong></span> <span class='ocrx_word' id='word_1_105' title='bbox 1257 953 1453 1011; x_wconf 81' lang='lat' dir='ltr'><strong>Joanni</strong></span> <span class='ocrx_word' id='word_1_106' title='bbox 1482 953 1829 1012; x_wconf 84' lang='lat' dir='ltr'><strong>Antiocheno</strong></span> <span class='ocrx_word' id='word_1_107' title='bbox 1845 967 2035 1012; x_wconf 88' lang='lat' dir='ltr'><strong>contra</strong></span> <span class='ocrx_word' id='word_1_108' title='bbox 2066 965 2316 1012; x_wconf 90' lang='lat' dir='ltr'><strong>sanctum</strong></span> <span class='ocrx_word' id='word_1_109' title='bbox 2340 952 2962 1027; x_wconf 82' lang='lat' dir='ltr'><strong>Cyrillum,l’aventium,</strong></span> <span class='ocrx_word' id='word_1_110' title='bbox 2996 948 3240 1004; x_wconf 84' lang='lat' dir='ltr'><strong>indidem</strong></span> <span class='ocrx_word' id='word_1_111' title='bbox 3265 948 3479 1006; x_wconf 80' lang='lat' dir='ltr'><strong>scilicet</strong></span> 
     </span>
    </p>
   </div>
   <div class='ocr_carea' id='block_1_10' title="bbox 182 1035 3475 1115">
    <p class='ocr_par' dir='ltr' id='par_1_10' title="bbox 182 1035 3475 1115">
     <span class='ocr_line' id='line_1_10' title="bbox 182 1035 3475 1115; baseline 0 -27"><span class='ocrx_word' id='word_1_112' title='bbox 182 1035 394 1105; x_wconf 83' lang='lat' dir='ltr'><strong>prima</strong></span> <span class='ocrx_word' id='word_1_113' title='bbox 419 1039 714 1109; x_wconf 85' lang='lat' dir='ltr'><strong>veriorque</strong></span> <span class='ocrx_word' id='word_1_114' title='bbox 753 1041 1171 1097; x_wconf 77' lang='lat' dir='ltr'><strong>Nestorianismi</strong></span> <span class='ocrx_word' id='word_1_115' title='bbox 1206 1042 1349 1112; x_wconf 90' lang='lat' dir='ltr'><strong>apud</strong></span> <span class='ocrx_word' id='word_1_116' title='bbox 1375 1041 1682 1096; x_wconf 86' lang='lat' dir='ltr'><strong>Orientales</strong></span> <span class='ocrx_word' id='word_1_117' title='bbox 1709 1044 1860 1115; x_wconf 82' lang='lat' dir='ltr'><strong>origo</strong></span> <span class='ocrx_word' id='word_1_118' title='bbox 1892 1043 2190 1114; x_wconf 89' lang='lat' dir='ltr'><strong>repetenda</strong></span> <span class='ocrx_word' id='word_1_119' title='bbox 2216 1051 2320 1098; x_wconf 90' lang='lat' dir='ltr'><strong>est.</strong></span> <span class='ocrx_word' id='word_1_120' title='bbox 2352 1041 2576 1097; x_wconf 87' lang='lat' dir='ltr'><strong>Scilicet</strong></span> <span class='ocrx_word' id='word_1_121' title='bbox 2618 1040 2749 1096; x_wconf 90' lang='lat' dir='ltr'><strong>dum</strong></span> <span class='ocrx_word' id='word_1_122' title='bbox 2772 1036 3086 1093; x_wconf 87' lang='lat' dir='ltr'><strong>Nestoriani</strong></span> <span class='ocrx_word' id='word_1_123' title='bbox 3116 1052 3227 1090; x_wconf 87' lang='lat' dir='ltr'><strong>non</strong></span> <span class='ocrx_word' id='word_1_124' title='bbox 3254 1037 3475 1091; x_wconf 82' lang='lat' dir='ltr'><strong>obtem-</strong></span> 
     </span>
    </p>
   </div>
   <div class='ocr_carea' id='block_1_11' title="bbox 185 1119 3476 1201">
    <p class='ocr_par' dir='ltr' id='par_1_11' title="bbox 185 1119 3476 1201">
     <span class='ocr_line' id='line_1_11' title="bbox 185 1119 3476 1201; baseline -0 -27"><span class='ocrx_word' id='word_1_125' title='bbox 185 1131 422 1189; x_wconf 86' lang='lat' dir='ltr'><strong>perant</strong></span> <span class='ocrx_word' id='word_1_126' title='bbox 462 1123 754 1193; x_wconf 66' lang='lat' dir='ltr'><strong>Ephesium</strong></span> <span class='ocrx_word' id='word_1_127' title='bbox 793 1126 1025 1196; x_wconf 83' lang='lat' dir='ltr'><strong>synodo,</strong></span> <span class='ocrx_word' id='word_1_128' title='bbox 1050 1135 1105 1181; x_wconf 89' lang='lat' dir='ltr'><strong>et</strong></span> <span class='ocrx_word' id='word_1_129' title='bbox 1131 1128 1294 1197; x_wconf 90' lang='lat' dir='ltr'><strong>paulo</strong></span> <span class='ocrx_word' id='word_1_130' title='bbox 1322 1139 1449 1197; x_wconf 89' lang='lat' dir='ltr'><strong>post</strong></span> <span class='ocrx_word' id='word_1_131' title='bbox 1477 1129 1805 1201; x_wconf 85' lang='lat' dir='ltr'><strong>Eutychiani</strong></span> <span class='ocrx_word' id='word_1_132' title='bbox 1840 1145 1936 1186; x_wconf 87' lang='lat' dir='ltr'><strong>seu</strong></span> <span class='ocrx_word' id='word_1_133' title='bbox 1973 1129 2366 1200; x_wconf 73' lang='lat' dir='ltr'><strong>Monophysita:</strong></span> <span class='ocrx_word' id='word_1_134' title='bbox 2410 1128 2668 1198; x_wconf 91' lang='lat' dir='ltr'><strong>rejiciunt</strong></span> <span class='ocrx_word' id='word_1_135' title='bbox 2697 1141 2760 1180; x_wconf 91' lang='lat' dir='ltr'><strong>ac</strong></span> <span class='ocrx_word' id='word_1_136' title='bbox 2789 1124 3135 1179; x_wconf 86' lang='lat' dir='ltr'><strong>detestantur</strong></span> <span class='ocrx_word' id='word_1_137' title='bbox 3169 1119 3476 1177; x_wconf 86' lang='lat' dir='ltr'><strong>Chalcedo-</strong></span> 
     </span>
    </p>
   </div>
   <div class='ocr_carea' id='block_1_12' title="bbox 188 1208 3559 1289">
    <p class='ocr_par' dir='ltr' id='par_1_12' title="bbox 188 1208 3559 1289">
     <span class='ocr_line' id='line_1_12' title="bbox 188 1208 3559 1289; baseline 0.001 -32"><span class='ocrx_word' id='word_1_138' title='bbox 188 1221 474 1270; x_wconf 84' lang='lat' dir='ltr'><strong>nensem,</strong></span> <span class='ocrx_word' id='word_1_139' title='bbox 507 1209 629 1264; x_wconf 70' lang='lat' dir='ltr'><strong>duas</strong></span> <span class='ocrx_word' id='word_1_140' title='bbox 659 1214 956 1267; x_wconf 61' lang='lat' dir='ltr'><strong>teterrimae</strong></span> <span class='ocrx_word' id='word_1_141' title='bbox 978 1212 1215 1268; x_wconf 65' lang='lat' dir='ltr'><strong>hmreses</strong></span> <span class='ocrx_word' id='word_1_142' title='bbox 1237 1214 1452 1269; x_wconf 83' lang='lat' dir='ltr'><strong>radices</strong></span> <span class='ocrx_word' id='word_1_143' title='bbox 1484 1231 1610 1271; x_wconf 90' lang='lat' dir='ltr'><strong>suas</strong></span> <span class='ocrx_word' id='word_1_144' title='bbox 1636 1217 1801 1272; x_wconf 89' lang='lat' dir='ltr'><strong>altius</strong></span> <span class='ocrx_word' id='word_1_145' title='bbox 1815 1225 2046 1289; x_wconf 87' lang='lat' dir='ltr'><strong>egerunt</strong></span> <span class='ocrx_word' id='word_1_146' title='bbox 2075 1224 2360 1284; x_wconf 88' lang='lat' dir='ltr'><strong>totumque</strong></span> <span class='ocrx_word' id='word_1_147' title='bbox 2385 1213 2667 1269; x_wconf 81' lang='lat' dir='ltr'><strong>Orientem</strong></span> <span class='ocrx_word' id='word_1_148' title='bbox 2695 1211 2764 1266; x_wconf 90' lang='lat' dir='ltr'><strong>ad</strong></span> <span class='ocrx_word' id='word_1_149' title='bbox 2793 1211 2937 1265; x_wconf 87' lang='lat' dir='ltr'><strong>hanc</strong></span> <span class='ocrx_word' id='word_1_150' title='bbox 2967 1224 3141 1279; x_wconf 86' lang='lat' dir='ltr'><strong>usque</strong></span> <span class='ocrx_word' id='word_1_151' title='bbox 3171 1208 3325 1267; x_wconf 89' lang='lat' dir='ltr'><strong>diem</strong></span> <span class='ocrx_word' id='word_1_152' title='bbox 3351 1222 3477 1262; x_wconf 78' lang='lat' dir='ltr'><strong>con-</strong></span> <span class='ocrx_word' id='word_1_153' title='bbox 3555 1261 3559 1269; x_wconf 71' lang='grc'><strong><em>,</em></strong></span> 
     </span>
    </p>
   </div>
   <div class='ocr_carea' id='block_1_13' title="bbox 190 1294 3476 1371">
    <p class='ocr_par' dir='ltr' id='par_1_13' title="bbox 190 1294 3476 1371">
     <span class='ocr_line' id='line_1_13' title="bbox 190 1294 3476 1371; baseline 0.001 -26"><span class='ocrx_word' id='word_1_154' title='bbox 190 1294 587 1350; x_wconf 86' lang='lat' dir='ltr'><strong>taminarunt.</strong></span> <span class='ocrx_word' id='word_1_155' title='bbox 617 1296 769 1351; x_wconf 83' lang='lat' dir='ltr'><strong>Adeo</strong></span> <span class='ocrx_word' id='word_1_156' title='bbox 809 1297 1079 1353; x_wconf 85' lang='lat' dir='ltr'><strong>dissidere</strong></span> <span class='ocrx_word' id='word_1_157' title='bbox 1119 1300 1187 1354; x_wconf 86' lang='lat' dir='ltr'><strong>ab</strong></span> <span class='ocrx_word' id='word_1_158' title='bbox 1228 1300 1471 1355; x_wconf 85' lang='lat' dir='ltr'><strong>Ecclesia</strong></span> <span class='ocrx_word' id='word_1_159' title='bbox 1516 1302 1808 1358; x_wconf 80' lang='lat' dir='ltr'><strong>exitiosum</strong></span> <span class='ocrx_word' id='word_1_160' title='bbox 1851 1305 1967 1358; x_wconf 83' lang='lat' dir='ltr'><strong>est!</strong></span> <span class='ocrx_word' id='word_1_161' title='bbox 2004 1301 2129 1357; x_wconf 90' lang='lat' dir='ltr'><strong>Scio</strong></span> <span class='ocrx_word' id='word_1_162' title='bbox 2160 1301 2437 1371; x_wconf 90' lang='lat' dir='ltr'><strong>equidem,</strong></span> <span class='ocrx_word' id='word_1_163' title='bbox 2472 1301 2617 1355; x_wconf 91' lang='lat' dir='ltr'><strong>inter</strong></span> <span class='ocrx_word' id='word_1_164' title='bbox 2661 1300 2933 1354; x_wconf 80' lang='lat' dir='ltr'><strong>haereseos</strong></span> <span class='ocrx_word' id='word_1_165' title='bbox 2964 1295 3306 1367; x_wconf 90' lang='lat' dir='ltr'><strong>primipilos,</strong></span> <span class='ocrx_word' id='word_1_166' title='bbox 3349 1309 3476 1348; x_wconf 76' lang='lat' dir='ltr'><strong>san-</strong></span> 
     </span>
    </p>
   </div>
   <div class='ocr_carea' id='block_1_14' title="bbox 187 1379 3477 1459">
    <p class='ocr_par' dir='ltr' id='par_1_14' title="bbox 187 1379 3477 1459">
     <span class='ocr_line' id='line_1_14' title="bbox 187 1379 3477 1459; baseline 0.001 -29"><span class='ocrx_word' id='word_1_167' title='bbox 187 1385 473 1448; x_wconf 87' lang='lat' dir='ltr'><strong>ctosque,</strong></span> <span class='ocrx_word' id='word_1_168' title='bbox 501 1388 560 1434; x_wconf 91' lang='lat' dir='ltr'><strong>ut</strong></span> <span class='ocrx_word' id='word_1_169' title='bbox 587 1382 772 1437; x_wconf 90' lang='lat' dir='ltr'><strong>miseri</strong></span> <span class='ocrx_word' id='word_1_170' title='bbox 801 1383 1042 1439; x_wconf 72' lang='lat' dir='ltr'><strong>Chaldzei</strong></span> <span class='ocrx_word' id='word_1_171' title='bbox 1072 1395 1288 1449; x_wconf 88' lang='lat' dir='ltr'><strong>vocant,</strong></span> <span class='ocrx_word' id='word_1_172' title='bbox 1326 1386 1581 1442; x_wconf 88' lang='lat' dir='ltr'><strong>doctores</strong></span> <span class='ocrx_word' id='word_1_173' title='bbox 1612 1387 1893 1444; x_wconf 85' lang='lat' dir='ltr'><strong>numerari</strong></span> <span class='ocrx_word' id='word_1_174' title='bbox 1914 1388 2252 1459; x_wconf 87' lang='lat' dir='ltr'><strong>antiquiores</strong></span> <span class='ocrx_word' id='word_1_175' title='bbox 2272 1388 2527 1442; x_wconf 88' lang='lat' dir='ltr'><strong>homines</strong></span> <span class='ocrx_word' id='word_1_176' title='bbox 2552 1385 2849 1441; x_wconf 90' lang='lat' dir='ltr'><strong>Diodorum</strong></span> <span class='ocrx_word' id='word_1_177' title='bbox 2874 1382 3206 1442; x_wconf 86' lang='lat' dir='ltr'><strong>Tarsensem</strong></span> <span class='ocrx_word' id='word_1_178' title='bbox 3223 1388 3277 1434; x_wconf 90' lang='lat' dir='ltr'><strong>et</strong></span> <span class='ocrx_word' id='word_1_179' title='bbox 3302 1379 3477 1434; x_wconf 81' lang='lat' dir='ltr'><strong>Theo-</strong></span> 
     </span>
    </p>
   </div>
   <div class='ocr_carea' id='block_1_15' title="bbox 188 1464 3481 1543">
    <p class='ocr_par' dir='ltr' id='par_1_15' title="bbox 188 1464 3481 1543">
     <span class='ocr_line' id='line_1_15' title="bbox 188 1464 3481 1543; baseline -0 -24"><span class='ocrx_word' id='word_1_180' title='bbox 188 1464 419 1520; x_wconf 81' lang='lat' dir='ltr'><strong>dorum</strong></span> <span class='ocrx_word' id='word_1_181' title='bbox 473 1467 951 1538; x_wconf 78' lang='lat' dir='ltr'><strong>Mopsuestenum,</strong></span> <span class='ocrx_word' id='word_1_182' title='bbox 998 1485 1236 1539; x_wconf 85' lang='lat' dir='ltr'><strong>quorum</strong></span> <span class='ocrx_word' id='word_1_183' title='bbox 1279 1486 1404 1526; x_wconf 86' lang='lat' dir='ltr'><strong>cum</strong></span> <span class='ocrx_word' id='word_1_184' title='bbox 1446 1472 1702 1529; x_wconf 84' lang='lat' dir='ltr'><strong>Nestorio</strong></span> <span class='ocrx_word' id='word_1_185' title='bbox 1737 1475 2011 1530; x_wconf 87' lang='lat' dir='ltr'><strong>celebrem</strong></span> <span class='ocrx_word' id='word_1_186' title='bbox 2053 1476 2111 1529; x_wconf 91' lang='lat' dir='ltr'><strong>in</strong></span> <span class='ocrx_word' id='word_1_187' title='bbox 2150 1474 2373 1529; x_wconf 84' lang='lat' dir='ltr'><strong>menaeis</strong></span> <span class='ocrx_word' id='word_1_188' title='bbox 2415 1483 2581 1543; x_wconf 90' lang='lat' dir='ltr'><strong>atque</strong></span> <span class='ocrx_word' id='word_1_189' title='bbox 2624 1471 2846 1542; x_wconf 83' lang='lat' dir='ltr'><strong>liturgia</strong></span> <span class='ocrx_word' id='word_1_190' title='bbox 2893 1466 3481 1524; x_wconf 85' lang='lat' dir='ltr'><strong>commemorationem</strong></span> 
     </span>
    </p>
   </div>
   <div class='ocr_carea' id='block_1_16' title="bbox 189 1544 3479 1631">
    <p class='ocr_par' dir='ltr' id='par_1_16' title="bbox 189 1544 3479 1631">
     <span class='ocr_line' id='line_1_16' title="bbox 189 1544 3479 1631; baseline 0.001 -26"><span class='ocrx_word' id='word_1_191' title='bbox 189 1544 534 1623; x_wconf 77' lang='lat' dir='ltr'><strong>festumque</strong></span> <span class='ocrx_word' id='word_1_192' title='bbox 569 1563 767 1626; x_wconf 87' lang='lat' dir='ltr'><strong>agunt;</strong></span> <span class='ocrx_word' id='word_1_193' title='bbox 795 1564 1176 1611; x_wconf 79' lang='lat' dir='ltr'><strong>verumtamen</strong></span> <span class='ocrx_word' id='word_1_194' title='bbox 1206 1557 1480 1614; x_wconf 89' lang='lat' dir='ltr'><strong>Diodorus</strong></span> <span class='ocrx_word' id='word_1_195' title='bbox 1505 1560 1728 1628; x_wconf 89' lang='lat' dir='ltr'><strong>quidem</strong></span> <span class='ocrx_word' id='word_1_196' title='bbox 1758 1562 1816 1617; x_wconf 91' lang='lat' dir='ltr'><strong>in</strong></span> <span class='ocrx_word' id='word_1_197' title='bbox 1848 1561 2108 1618; x_wconf 83' lang='lat' dir='ltr'><strong>Ecclesia:</strong></span> <span class='ocrx_word' id='word_1_198' title='bbox 2136 1577 2270 1631; x_wconf 89' lang='lat' dir='ltr'><strong>pace</strong></span> <span class='ocrx_word' id='word_1_199' title='bbox 2311 1572 2562 1617; x_wconf 89' lang='lat' dir='ltr'><strong>mortuus</strong></span> <span class='ocrx_word' id='word_1_200' title='bbox 2591 1566 2709 1626; x_wconf 92' lang='lat' dir='ltr'><strong>est;</strong></span> <span class='ocrx_word' id='word_1_201' title='bbox 2741 1574 2911 1629; x_wconf 88' lang='lat' dir='ltr'><strong>quare</strong></span> <span class='ocrx_word' id='word_1_202' title='bbox 2948 1557 3115 1627; x_wconf 89' lang='lat' dir='ltr'><strong>hujus</strong></span> <span class='ocrx_word' id='word_1_203' title='bbox 3145 1554 3479 1609; x_wconf 85' lang='lat' dir='ltr'><strong>damnantur</strong></span> 
     </span>
    </p>
   </div>
   <div class='ocr_carea' id='block_1_17' title="bbox 190 1639 3475 1718">
    <p class='ocr_par' dir='ltr' id='par_1_17' title="bbox 190 1639 3475 1718">
     <span class='ocr_line' id='line_1_17' title="bbox 190 1639 3475 1718; baseline 0 -24"><span class='ocrx_word' id='word_1_204' title='bbox 190 1640 426 1709; x_wconf 89' lang='lat' dir='ltr'><strong>scripta</strong></span> <span class='ocrx_word' id='word_1_205' title='bbox 452 1656 481 1694; x_wconf 89' lang='lat' dir='ltr'><strong>a</strong></span> <span class='ocrx_word' id='word_1_206' title='bbox 511 1639 832 1708; x_wconf 88' lang='lat' dir='ltr'><strong>Catholicis,</strong></span> <span class='ocrx_word' id='word_1_207' title='bbox 866 1658 975 1696; x_wconf 88' lang='lat' dir='ltr'><strong>non</strong></span> <span class='ocrx_word' id='word_1_208' title='bbox 1013 1658 1247 1712; x_wconf 88' lang='lat' dir='ltr'><strong>persona</strong></span> <span class='ocrx_word' id='word_1_209' title='bbox 1286 1660 1299 1697; x_wconf 94' lang='lat'>:</span> <span class='ocrx_word' id='word_1_210' title='bbox 1337 1645 1666 1707; x_wconf 85' lang='lat' dir='ltr'><strong>Theodorus</strong></span> <span class='ocrx_word' id='word_1_211' title='bbox 1694 1662 1850 1716; x_wconf 75' lang='lat' dir='ltr'><strong>aeque</strong></span> <span class='ocrx_word' id='word_1_212' title='bbox 1888 1657 2254 1718; x_wconf 82' lang='lat' dir='ltr'><strong>praemortuus</strong></span> <span class='ocrx_word' id='word_1_213' title='bbox 2291 1656 2415 1703; x_wconf 90' lang='lat' dir='ltr'><strong>erat</strong></span> <span class='ocrx_word' id='word_1_214' title='bbox 2457 1646 2795 1702; x_wconf 87' lang='lat' dir='ltr'><strong>damnationi</strong></span> <span class='ocrx_word' id='word_1_215' title='bbox 2832 1643 3071 1700; x_wconf 87' lang='lat' dir='ltr'><strong>Nestorii</strong></span> <span class='ocrx_word' id='word_1_216' title='bbox 3111 1652 3169 1699; x_wconf 88' lang='lat' dir='ltr'><strong>et</strong></span> <span class='ocrx_word' id='word_1_217' title='bbox 3194 1640 3475 1712; x_wconf 87' lang='lat' dir='ltr'><strong>Ephesino</strong></span> 
     </span>
    </p>
   </div>
   <div class='ocr_carea' id='block_1_18' title="bbox 191 1726 3474 1804">
    <p class='ocr_par' dir='ltr' id='par_1_18' title="bbox 191 1726 3474 1804">
     <span class='ocr_line' id='line_1_18' title="bbox 191 1726 3474 1804; baseline 0.001 -26"><span class='ocrx_word' id='word_1_218' title='bbox 191 1726 478 1782; x_wconf 90' lang='lat' dir='ltr'><strong>concilio.</strong></span> <span class='ocrx_word' id='word_1_219' title='bbox 523 1728 778 1782; x_wconf 84' lang='lat' dir='ltr'><strong>Attamen</strong></span> <span class='ocrx_word' id='word_1_220' title='bbox 808 1744 874 1782; x_wconf 76' lang='lat' dir='ltr'><strong>ex</strong></span> <span class='ocrx_word' id='word_1_221' title='bbox 908 1744 975 1784; x_wconf 89' lang='lat' dir='ltr'><strong>eo</strong></span> <span class='ocrx_word' id='word_1_222' title='bbox 1006 1729 1223 1784; x_wconf 89' lang='lat' dir='ltr'><strong>discidii</strong></span> <span class='ocrx_word' id='word_1_223' title='bbox 1267 1740 1534 1802; x_wconf 88' lang='lat' dir='ltr'><strong>tempore,</strong></span> <span class='ocrx_word' id='word_1_224' title='bbox 1574 1733 1763 1787; x_wconf 91' lang='lat' dir='ltr'><strong>schola</strong></span> <span class='ocrx_word' id='word_1_225' title='bbox 1800 1732 2096 1797; x_wconf 88' lang='lat' dir='ltr'><strong>Edessena,</strong></span> <span class='ocrx_word' id='word_1_226' title='bbox 2129 1736 2225 1790; x_wconf 90' lang='lat' dir='ltr'><strong>ubi</strong></span> <span class='ocrx_word' id='word_1_227' title='bbox 2261 1744 2495 1804; x_wconf 88' lang='lat' dir='ltr'><strong>utraque</strong></span> <span class='ocrx_word' id='word_1_228' title='bbox 2535 1734 2742 1804; x_wconf 89' lang='lat' dir='ltr'><strong>lingua,</strong></span> <span class='ocrx_word' id='word_1_229' title='bbox 2783 1732 2970 1787; x_wconf 67' lang='lat' dir='ltr'><strong>Graaca</strong></span> <span class='ocrx_word' id='word_1_230' title='bbox 2999 1729 3210 1785; x_wconf 83' lang='lat' dir='ltr'><strong>scilicet</strong></span> <span class='ocrx_word' id='word_1_231' title='bbox 3247 1736 3304 1783; x_wconf 90' lang='lat' dir='ltr'><strong>et</strong></span> <span class='ocrx_word' id='word_1_232' title='bbox 3336 1727 3474 1782; x_wconf 86' lang='lat' dir='ltr'><strong>Ara-</strong></span> 
     </span>
    </p>
   </div>
   <div class='ocr_carea' id='block_1_19' title="bbox 193 1813 3475 1888">
    <p class='ocr_par' dir='ltr' id='par_1_19' title="bbox 193 1813 3475 1888">
     <span class='ocr_line' id='line_1_19' title="bbox 193 1813 3475 1888; baseline 0 -22"><span class='ocrx_word' id='word_1_233' title='bbox 193 1828 373 1877; x_wconf 72' lang='lat' dir='ltr'><strong>maea,</strong></span> <span class='ocrx_word' id='word_1_234' title='bbox 408 1814 755 1882; x_wconf 88' lang='lat' dir='ltr'><strong>audiebatur,</strong></span> <span class='ocrx_word' id='word_1_235' title='bbox 776 1816 1101 1870; x_wconf 90' lang='lat' dir='ltr'><strong>Nestoriano</strong></span> <span class='ocrx_word' id='word_1_236' title='bbox 1122 1819 1396 1888; x_wconf 87' lang='lat' dir='ltr'><strong>contagio,</strong></span> <span class='ocrx_word' id='word_1_237' title='bbox 1419 1819 1566 1888; x_wconf 88' lang='lat' dir='ltr'><strong>quod</strong></span> <span class='ocrx_word' id='word_1_238' title='bbox 1598 1821 1692 1874; x_wconf 90' lang='lat' dir='ltr'><strong>diu</strong></span> <span class='ocrx_word' id='word_1_239' title='bbox 1727 1820 1974 1886; x_wconf 88' lang='lat' dir='ltr'><strong>retinuit,</strong></span> <span class='ocrx_word' id='word_1_240' title='bbox 2000 1821 2199 1877; x_wconf 81' lang='lat' dir='ltr'><strong>infecta</strong></span> <span class='ocrx_word' id='word_1_241' title='bbox 2221 1829 2327 1888; x_wconf 88' lang='lat' dir='ltr'><strong>est,</strong></span> <span class='ocrx_word' id='word_1_242' title='bbox 2362 1829 2420 1875; x_wconf 91' lang='lat' dir='ltr'><strong>ut</strong></span> <span class='ocrx_word' id='word_1_243' title='bbox 2452 1829 2680 1875; x_wconf 89' lang='lat' dir='ltr'><strong>narrant</strong></span> <span class='ocrx_word' id='word_1_244' title='bbox 2706 1817 3031 1873; x_wconf 91' lang='lat' dir='ltr'><strong>Theodorus</strong></span> <span class='ocrx_word' id='word_1_245' title='bbox 3050 1816 3248 1870; x_wconf 89' lang='lat' dir='ltr'><strong>Lector</strong></span> <span class='ocrx_word' id='word_1_246' title='bbox 3268 1813 3475 1882; x_wconf 86' lang='lat' dir='ltr'><strong>aliique</strong></span> 
     </span>
    </p>
   </div>
   <div class='ocr_carea' id='block_1_20' title="bbox 195 1899 3480 1978">
    <p class='ocr_par' dir='ltr' id='par_1_20' title="bbox 195 1899 3480 1978">
     <span class='ocr_line' id='line_1_20' title="bbox 195 1899 3480 1978; baseline -0 -25"><span class='ocrx_word' id='word_1_247' title='bbox 195 1910 477 1955; x_wconf 87' lang='lat' dir='ltr'><strong>auctores</strong></span> <span class='ocrx_word' id='word_1_248' title='bbox 508 1902 652 1970; x_wconf 89' lang='lat' dir='ltr'><strong>apud</strong></span> <span class='ocrx_word' id='word_1_249' title='bbox 684 1903 1064 1969; x_wconf 85' lang='lat' dir='ltr'><strong>Assemanum,</strong></span> <span class='ocrx_word' id='word_1_250' title='bbox 1096 1904 1238 1959; x_wconf 77' lang='lat' dir='ltr'><strong>Bibl.</strong></span> <span class='ocrx_word' id='word_1_251' title='bbox 1269 1904 1390 1970; x_wconf 87' lang='lat' dir='ltr'><strong>0r.,</strong></span> <span class='ocrx_word' id='word_1_252' title='bbox 1422 1913 1461 1961; x_wconf 88' lang='lat' dir='ltr'><strong>t.</strong></span> <span class='ocrx_word' id='word_1_253' title='bbox 1492 1907 1565 1961; x_wconf 84' lang='lat' dir='ltr'><strong>lll</strong></span> <span class='ocrx_word' id='word_1_254' title='bbox 1592 1916 1739 1977; x_wconf 89' lang='lat' dir='ltr'><strong>part.</strong></span> <span class='ocrx_word' id='word_1_255' title='bbox 1761 1924 1820 1970; x_wconf 82' lang='grc' dir='ltr'><strong>ιι.</strong></span> <span class='ocrx_word' id='word_1_256' title='bbox 1858 1925 1914 1978; x_wconf 89' lang='lat' dir='ltr'><strong>p.</strong></span> <span class='ocrx_word' id='word_1_257' title='bbox 1939 1909 2064 1976; x_wconf 72' lang='lat'><strong>926,</strong></span> <span class='ocrx_word' id='word_1_258' title='bbox 2091 1911 2379 1967; x_wconf 82' lang='lat' dir='ltr'><strong>conversis</strong></span> <span class='ocrx_word' id='word_1_259' title='bbox 2408 1910 2486 1964; x_wconf 87' lang='lat' dir='ltr'><strong>ibi</strong></span> <span class='ocrx_word' id='word_1_260' title='bbox 2521 1909 2577 1963; x_wconf 90' lang='lat' dir='ltr'><strong>in</strong></span> <span class='ocrx_word' id='word_1_261' title='bbox 2616 1906 2973 1963; x_wconf 88' lang='lat' dir='ltr'><strong>vernaculum</strong></span> <span class='ocrx_word' id='word_1_262' title='bbox 3015 1905 3219 1974; x_wconf 89' lang='lat' dir='ltr'><strong>idioma</strong></span> <span class='ocrx_word' id='word_1_263' title='bbox 3245 1899 3480 1955; x_wconf 87' lang='lat' dir='ltr'><strong>Diodori-</strong></span> 
     </span>
    </p>
   </div>
   <div class='ocr_carea' id='block_1_21' title="bbox 198 1988 3471 2070">
    <p class='ocr_par' dir='ltr' id='par_1_21' title="bbox 198 1988 3471 2070">
     <span class='ocr_line' id='line_1_21' title="bbox 198 1988 3471 2070; baseline 0 -29"><span class='ocrx_word' id='word_1_264' title='bbox 198 1996 389 2059; x_wconf 88' lang='lat' dir='ltr'><strong>atque</strong></span> <span class='ocrx_word' id='word_1_265' title='bbox 427 1988 705 2044; x_wconf 90' lang='lat' dir='ltr'><strong>Theodori</strong></span> <span class='ocrx_word' id='word_1_266' title='bbox 737 1992 924 2046; x_wconf 88' lang='lat' dir='ltr'><strong>multis</strong></span> <span class='ocrx_word' id='word_1_267' title='bbox 959 1992 1139 2056; x_wconf 90' lang='lat' dir='ltr'><strong>libris,</strong></span> <span class='ocrx_word' id='word_1_268' title='bbox 1166 1993 1347 2048; x_wconf 88' lang='lat' dir='ltr'><strong>donec</strong></span> <span class='ocrx_word' id='word_1_269' title='bbox 1384 1994 1505 2064; x_wconf 86' lang='lat' dir='ltr'><strong>ejus</strong></span> <span class='ocrx_word' id='word_1_270' title='bbox 1542 2007 1819 2066; x_wconf 81' lang='lat' dir='ltr'><strong>corruptae</strong></span> <span class='ocrx_word' id='word_1_271' title='bbox 1856 1999 2058 2056; x_wconf 83' lang='lat' dir='ltr'><strong>scholae</strong></span> <span class='ocrx_word' id='word_1_272' title='bbox 2098 2001 2357 2070; x_wconf 90' lang='lat' dir='ltr'><strong>parietes,</strong></span> <span class='ocrx_word' id='word_1_273' title='bbox 2399 2000 2621 2055; x_wconf 88' lang='lat' dir='ltr'><strong>Zenone</strong></span> <span class='ocrx_word' id='word_1_274' title='bbox 2655 1997 2787 2066; x_wconf 89' lang='lat' dir='ltr'><strong>imp.</strong></span> <span class='ocrx_word' id='word_1_275' title='bbox 2818 1994 3084 2066; x_wconf 84' lang='lat' dir='ltr'><strong>jubente,</strong></span> <span class='ocrx_word' id='word_1_276' title='bbox 3115 1990 3285 2045; x_wconf 92' lang='lat' dir='ltr'><strong>diruti</strong></span> <span class='ocrx_word' id='word_1_277' title='bbox 3319 1995 3471 2052; x_wconf 84' lang='lat' dir='ltr'><strong>sunt,</strong></span> 
     </span>
    </p>
   </div>
   <div class='ocr_carea' id='block_1_22' title="bbox 199 2075 3473 2152">
    <p class='ocr_par' dir='ltr' id='par_1_22' title="bbox 199 2075 3473 2152">
     <span class='ocr_line' id='line_1_22' title="bbox 199 2075 3473 2152; baseline -0.001 -21"><span class='ocrx_word' id='word_1_278' title='bbox 199 2079 413 2148; x_wconf 90' lang='lat' dir='ltr'><strong>ibique</strong></span> <span class='ocrx_word' id='word_1_279' title='bbox 445 2080 706 2149; x_wconf 91' lang='lat' dir='ltr'><strong>templum</strong></span> <span class='ocrx_word' id='word_1_280' title='bbox 740 2080 798 2134; x_wconf 86' lang='lat' dir='ltr'><strong>S.</strong></span> <span class='ocrx_word' id='word_1_281' title='bbox 833 2081 1013 2136; x_wconf 79' lang='lat' dir='ltr'><strong>Mariae</strong></span> <span class='ocrx_word' id='word_1_282' title='bbox 1051 2082 1295 2151; x_wconf 84' lang='lat' dir='ltr'><strong>Dciparae</strong></span> <span class='ocrx_word' id='word_1_283' title='bbox 1328 2083 1709 2139; x_wconf 87' lang='lat' dir='ltr'><strong>substitutum.</strong></span> <span class='ocrx_word' id='word_1_284' title='bbox 1742 2085 1899 2152; x_wconf 83' lang='lat' dir='ltr'><strong>Quod</strong></span> <span class='ocrx_word' id='word_1_285' title='bbox 1936 2086 1982 2142; x_wconf 89' lang='lat' dir='ltr'><strong>si</strong></span> <span class='ocrx_word' id='word_1_286' title='bbox 2015 2085 2257 2142; x_wconf 70' lang='lat' dir='ltr'><strong>Chaldtei</strong></span> <span class='ocrx_word' id='word_1_287' title='bbox 2300 2084 2685 2143; x_wconf 82' lang='lat' dir='ltr'><strong>Nestorianum</strong></span> <span class='ocrx_word' id='word_1_288' title='bbox 2724 2097 2927 2137; x_wconf 87' lang='lat' dir='ltr'><strong>nomen</strong></span> <span class='ocrx_word' id='word_1_289' title='bbox 2962 2080 3071 2136; x_wconf 91' lang='lat' dir='ltr'><strong>sibi</strong></span> <span class='ocrx_word' id='word_1_290' title='bbox 3111 2076 3292 2147; x_wconf 81' lang='lat' dir='ltr'><strong>allingi</strong></span> <span class='ocrx_word' id='word_1_291' title='bbox 3325 2075 3473 2130; x_wconf 87' lang='lat' dir='ltr'><strong>indi-</strong></span> 
     </span>
    </p>
   </div>
   <div class='ocr_carea' id='block_1_23' title="bbox 198 2163 3471 2243">
    <p class='ocr_par' dir='ltr' id='par_1_23' title="bbox 198 2163 3471 2243">
     <span class='ocr_line' id='line_1_23' title="bbox 198 2163 3471 2243; baseline -0.001 -25"><span class='ocrx_word' id='word_1_292' title='bbox 198 2172 466 2235; x_wconf 82' lang='lat' dir='ltr'><strong>gnantur</strong></span> <span class='ocrx_word' id='word_1_293' title='bbox 492 2165 655 2233; x_wconf 92' lang='lat' dir='ltr'><strong>(teste</strong></span> <span class='ocrx_word' id='word_1_294' title='bbox 685 2166 853 2221; x_wconf 87' lang='lat' dir='ltr'><strong>etiam</strong></span> <span class='ocrx_word' id='word_1_295' title='bbox 882 2167 1029 2236; x_wconf 88' lang='lat' dir='ltr'><strong>apud</strong></span> <span class='ocrx_word' id='word_1_296' title='bbox 1055 2184 1142 2223; x_wconf 89' lang='lat' dir='ltr'><strong>me</strong></span> <span class='ocrx_word' id='word_1_297' title='bbox 1169 2169 1442 2225; x_wconf 86' lang='lat' dir='ltr'><strong>Ebediesu</strong></span> <span class='ocrx_word' id='word_1_298' title='bbox 1475 2171 1530 2225; x_wconf 89' lang='lat' dir='ltr'><strong>in</strong></span> <span class='ocrx_word' id='word_1_299' title='bbox 1556 2180 1706 2226; x_wconf 83' lang='lat' dir='ltr'><strong>tomo</strong></span> <span class='ocrx_word' id='word_1_300' title='bbox 1730 2171 1823 2243; x_wconf 85' lang='grc' dir='ltr'><strong>Χ),</strong></span> <span class='ocrx_word' id='word_1_301' title='bbox 1857 2187 1973 2227; x_wconf 90' lang='lat' dir='ltr'><strong>rem</strong></span> <span class='ocrx_word' id='word_1_302' title='bbox 2011 2181 2195 2227; x_wconf 86' lang='lat' dir='ltr'><strong>tamen</strong></span> <span class='ocrx_word' id='word_1_303' title='bbox 2230 2173 2403 2243; x_wconf 92' lang='lat' dir='ltr'><strong>ipsam</strong></span> <span class='ocrx_word' id='word_1_304' title='bbox 2430 2172 2703 2235; x_wconf 89' lang='lat' dir='ltr'><strong>retinent;</strong></span> <span class='ocrx_word' id='word_1_305' title='bbox 2729 2168 2903 2225; x_wconf 70' lang='lat' dir='ltr'><strong>Graeci</strong></span> <span class='ocrx_word' id='word_1_306' title='bbox 2932 2174 3117 2224; x_wconf 90' lang='lat' dir='ltr'><strong>autem</strong></span> <span class='ocrx_word' id='word_1_307' title='bbox 3137 2175 3191 2220; x_wconf 95' lang='lat' dir='ltr'><strong>et</strong></span> <span class='ocrx_word' id='word_1_308' title='bbox 3210 2163 3471 2235; x_wconf 66' lang='lat' dir='ltr'><strong>Egyptii,</strong></span> 
     </span>
    </p>
   </div>
   <div class='ocr_carea' id='block_1_24' title="bbox 201 2249 3476 2326">
    <p class='ocr_par' dir='ltr' id='par_1_24' title="bbox 201 2249 3476 2326">
     <span class='ocr_line' id='line_1_24' title="bbox 201 2249 3476 2326; baseline -0.002 -18"><span class='ocrx_word' id='word_1_309' title='bbox 201 2268 313 2308; x_wconf 86' lang='lat' dir='ltr'><strong>seu</strong></span> <span class='ocrx_word' id='word_1_310' title='bbox 362 2253 625 2307; x_wconf 86' lang='lat' dir='ltr'><strong>catholici</strong></span> <span class='ocrx_word' id='word_1_311' title='bbox 661 2268 758 2307; x_wconf 89' lang='lat' dir='ltr'><strong>seu</strong></span> <span class='ocrx_word' id='word_1_312' title='bbox 788 2252 1203 2325; x_wconf 70' lang='lat' dir='ltr'><strong>Monopbysitm,</strong></span> <span class='ocrx_word' id='word_1_313' title='bbox 1231 2264 1459 2326; x_wconf 89' lang='lat' dir='ltr'><strong>propter</strong></span> <span class='ocrx_word' id='word_1_314' title='bbox 1486 2259 1835 2313; x_wconf 90' lang='lat' dir='ltr'><strong>notissimum</strong></span> <span class='ocrx_word' id='word_1_315' title='bbox 1871 2260 1978 2315; x_wconf 90' lang='lat' dir='ltr'><strong>sibi</strong></span> <span class='ocrx_word' id='word_1_316' title='bbox 2022 2259 2261 2315; x_wconf 87' lang='lat' dir='ltr'><strong>Nestorii</strong></span> <span class='ocrx_word' id='word_1_317' title='bbox 2295 2274 2526 2323; x_wconf 90' lang='lat' dir='ltr'><strong>nomen,</strong></span> <span class='ocrx_word' id='word_1_318' title='bbox 2565 2256 2936 2313; x_wconf 88' lang='lat' dir='ltr'><strong>Orientalibus</strong></span> <span class='ocrx_word' id='word_1_319' title='bbox 2975 2253 3222 2326; x_wconf 88' lang='lat' dir='ltr'><strong>ejusdem</strong></span> <span class='ocrx_word' id='word_1_320' title='bbox 3267 2249 3476 2306; x_wconf 87' lang='lat' dir='ltr'><strong>erroris</strong></span> 
     </span>
    </p>
   </div>
   <div class='ocr_carea' id='block_1_25' title="bbox 202 2336 3471 2416">
    <p class='ocr_par' dir='ltr' id='par_1_25' title="bbox 202 2336 3471 2416">
     <span class='ocr_line' id='line_1_25' title="bbox 202 2336 3471 2416; baseline -0.002 -20"><span class='ocrx_word' id='word_1_321' title='bbox 202 2342 451 2397; x_wconf 87' lang='lat' dir='ltr'><strong>asseclis</strong></span> <span class='ocrx_word' id='word_1_322' title='bbox 477 2342 925 2411; x_wconf 88' lang='lat' dir='ltr'><strong>appellationem,</strong></span> <span class='ocrx_word' id='word_1_323' title='bbox 972 2353 1033 2397; x_wconf 88' lang='lat' dir='ltr'><strong>ut</strong></span> <span class='ocrx_word' id='word_1_324' title='bbox 1067 2342 1146 2409; x_wconf 85' lang='lat' dir='ltr'><strong>ﬁt,</strong></span> <span class='ocrx_word' id='word_1_325' title='bbox 1182 2344 1404 2400; x_wconf 70' lang='lat' dir='ltr'><strong>famosa:</strong></span> <span class='ocrx_word' id='word_1_326' title='bbox 1446 2351 1592 2416; x_wconf 89' lang='lat' dir='ltr'><strong>apud</strong></span> <span class='ocrx_word' id='word_1_327' title='bbox 1619 2363 1677 2402; x_wconf 92' lang='lat' dir='ltr'><strong>se</strong></span> <span class='ocrx_word' id='word_1_328' title='bbox 1710 2348 1986 2404; x_wconf 85' lang='lat' dir='ltr'><strong>haereseos</strong></span> <span class='ocrx_word' id='word_1_329' title='bbox 2028 2346 2367 2401; x_wconf 86' lang='lat' dir='ltr'><strong>indiderunt.</strong></span> <span class='ocrx_word' id='word_1_330' title='bbox 2404 2344 2717 2401; x_wconf 89' lang='lat' dir='ltr'><strong>Nestoriani</strong></span> <span class='ocrx_word' id='word_1_331' title='bbox 2758 2350 2908 2399; x_wconf 90' lang='lat' dir='ltr'><strong>certe</strong></span> <span class='ocrx_word' id='word_1_332' title='bbox 2939 2341 3145 2414; x_wconf 84' lang='lat' dir='ltr'><strong>Cyrillo</strong></span> <span class='ocrx_word' id='word_1_333' title='bbox 3168 2339 3225 2393; x_wconf 91' lang='lat' dir='ltr'><strong>in</strong></span> <span class='ocrx_word' id='word_1_334' title='bbox 3255 2336 3471 2409; x_wconf 88' lang='lat' dir='ltr'><strong>primis,</strong></span> 
     </span>
    </p>
   </div>
   <div class='ocr_carea' id='block_1_26' title="bbox 201 2418 3477 2504">
    <p class='ocr_par' dir='ltr' id='par_1_26' title="bbox 201 2418 3477 2504">
     <span class='ocr_line' id='line_1_26' title="bbox 201 2418 3477 2504; baseline -0.002 -23"><span class='ocrx_word' id='word_1_335' title='bbox 201 2429 325 2498; x_wconf 85' lang='lat' dir='ltr'><strong>jam</strong></span> <span class='ocrx_word' id='word_1_336' title='bbox 360 2427 495 2482; x_wconf 83' lang='lat' dir='ltr'><strong>inde</strong></span> <span class='ocrx_word' id='word_1_337' title='bbox 518 2444 548 2483; x_wconf 91' lang='lat' dir='ltr'><strong>a</strong></span> <span class='ocrx_word' id='word_1_338' title='bbox 589 2429 825 2484; x_wconf 89' lang='lat' dir='ltr'><strong>concilio</strong></span> <span class='ocrx_word' id='word_1_339' title='bbox 859 2429 1160 2499; x_wconf 81' lang='lat' dir='ltr'><strong>Ephesiae,</strong></span> <span class='ocrx_word' id='word_1_340' title='bbox 1192 2431 1351 2487; x_wconf 80' lang='lat' dir='ltr'><strong>valde</strong></span> <span class='ocrx_word' id='word_1_341' title='bbox 1391 2441 1740 2492; x_wconf 83' lang='lat' dir='ltr'><strong>succensent.</strong></span> <span class='ocrx_word' id='word_1_342' title='bbox 1780 2450 1942 2504; x_wconf 85' lang='lat' dir='ltr'><strong>quem</strong></span> <span class='ocrx_word' id='word_1_343' title='bbox 1969 2432 2279 2504; x_wconf 55' lang='lat' dir='ltr'><strong>ﬁgyptium</strong></span> <span class='ocrx_word' id='word_1_344' title='bbox 2319 2431 2678 2500; x_wconf 86' lang='lat' dir='ltr'><strong>contemptim</strong></span> <span class='ocrx_word' id='word_1_345' title='bbox 2711 2436 2952 2485; x_wconf 80' lang='lat' dir='ltr'><strong>vocant:</strong></span> <span class='ocrx_word' id='word_1_346' title='bbox 2979 2441 3218 2496; x_wconf 80' lang='lat' dir='ltr'><strong>namque</strong></span> <span class='ocrx_word' id='word_1_347' title='bbox 3242 2430 3302 2479; x_wconf 88' lang='lat' dir='ltr'><strong>et</strong></span> <span class='ocrx_word' id='word_1_348' title='bbox 3328 2418 3477 2493; x_wconf 84' lang='lat' dir='ltr'><strong>apud</strong></span> 
     </span>
    </p>
   </div>
   <div class='ocr_carea' id='block_1_27' title="bbox 205 2509 1750 2593">
    <p class='ocr_par' dir='ltr' id='par_1_27' title="bbox 205 2515 1750 2593">
     <span class='ocr_line' id='line_1_27' title="bbox 205 2515 1750 2593; baseline 0.003 -22"><span class='ocrx_word' id='word_1_349' title='bbox 205 2515 516 2571; x_wconf 82' lang='lat' dir='ltr'><strong>Leontium</strong></span> <span class='ocrx_word' id='word_1_350' title='bbox 547 2523 820 2579; x_wconf 92' lang='lat' dir='ltr'><strong>nostrum,</strong></span> <span class='ocrx_word' id='word_1_351' title='bbox 850 2533 972 2587; x_wconf 87' lang='lat' dir='ltr'><strong>pag.</strong></span> <span class='ocrx_word' id='word_1_352' title='bbox 999 2519 1125 2585; x_wconf 66' lang='grc'><strong>465,</strong></span> <span class='ocrx_word' id='word_1_353' title='bbox 1154 2535 1263 2573; x_wconf 90' lang='lat' dir='ltr'><strong>non</strong></span> <span class='ocrx_word' id='word_1_354' title='bbox 1294 2520 1530 2575; x_wconf 82' lang='lat' dir='ltr'><strong>Severus</strong></span> <span class='ocrx_word' id='word_1_355' title='bbox 1560 2521 1655 2576; x_wconf 88' lang='lat' dir='ltr'><strong>sed</strong></span> <span class='ocrx_word' id='word_1_356' title='bbox 1679 2521 1750 2593; x_wconf 84' lang='lat' dir='ltr'><strong>Cy</strong></span> 
     </span>
    </p>
   </div>
   <div class='ocr_carea' id='block_1_28' title="bbox 1929 2509 3474 2593">
    <p class='ocr_par' dir='ltr' id='par_1_28' title="bbox 1942 2509 3474 2590">
     <span class='ocr_line' id='line_1_28' title="bbox 1942 2509 3474 2590; baseline -0.009 -15"><span class='ocrx_word' id='word_1_357' title='bbox 1942 2520 2333 2590; x_wconf 85' lang='lat' dir='ltr'><strong>intelligendus</strong></span> <span class='ocrx_word' id='word_1_358' title='bbox 2353 2528 2441 2574; x_wconf 74' lang='grc' dir='ltr'><strong>εει</strong></span> <span class='ocrx_word' id='word_1_359' title='bbox 2467 2519 2522 2573; x_wconf 91' lang='lat' dir='ltr'><strong>in</strong></span> <span class='ocrx_word' id='word_1_360' title='bbox 2550 2519 2654 2574; x_wconf 88' lang='lat' dir='ltr'><strong>hac</strong></span> <span class='ocrx_word' id='word_1_361' title='bbox 2683 2516 2959 2573; x_wconf 87' lang='lat' dir='ltr'><strong>sententia</strong></span> <span class='ocrx_word' id='word_1_362' title='bbox 2992 2532 3006 2569; x_wconf 89' lang='lat'><strong>:</strong></span> <span class='ocrx_word' id='word_1_363' title='bbox 3032 2513 3176 2582; x_wconf 83' lang='grc' dir='ltr'><strong>Ἐγὼ</strong></span> <span class='ocrx_word' id='word_1_364' title='bbox 3205 2513 3344 2580; x_wconf 75' lang='grc' dir='ltr'><strong>εἰμι,</strong></span> <span class='ocrx_word' id='word_1_365' title='bbox 3379 2509 3474 2562; x_wconf 73' lang='grc' dir='ltr'>καὶ</span> 
     </span>
    </p>
   </div>
   <div class='ocr_carea' id='block_1_29' title="bbox 206 2594 3476 2678">
    <p class='ocr_par' dir='ltr' id='par_1_29' title="bbox 206 2594 3476 2678">
     <span class='ocr_line' id='line_1_29' title="bbox 206 2594 3476 2678; baseline -0.003 -20"><span class='ocrx_word' id='word_1_366' title='bbox 206 2605 320 2658; x_wconf 83' lang='grc' dir='ltr'><strong>οὐκ</strong></span> <span class='ocrx_word' id='word_1_367' title='bbox 364 2604 694 2673; x_wconf 78' lang='grc' dir='ltr'><strong>ἡλλοίωμαι,</strong></span> <span class='ocrx_word' id='word_1_368' title='bbox 728 2604 826 2676; x_wconf 83' lang='grc' dir='ltr'><strong>βοᾷ</strong></span> <span class='ocrx_word' id='word_1_369' title='bbox 855 2608 882 2659; x_wconf 89' lang='grc' dir='ltr'>ὁ</span> <span class='ocrx_word' id='word_1_370' title='bbox 909 2605 1041 2669; x_wconf 83' lang='grc' dir='ltr'><strong>Θεός</strong></span> <span class='ocrx_word' id='word_1_371' title='bbox 1065 2623 1078 2636; x_wconf 91' lang='grc'><strong>·</strong></span> <span class='ocrx_word' id='word_1_372' title='bbox 1112 2607 1283 2676; x_wconf 78' lang='grc' dir='ltr'>Σαρκὶ</span> <span class='ocrx_word' id='word_1_373' title='bbox 1320 2606 1444 2659; x_wconf 78' lang='grc' dir='ltr'>καθ’</span> <span class='ocrx_word' id='word_1_374' title='bbox 1468 2606 1764 2661; x_wconf 83' lang='grc' dir='ltr'><strong>ὑπόστασιν</strong></span> <span class='ocrx_word' id='word_1_375' title='bbox 1793 2609 1998 2678; x_wconf 78' lang='grc' dir='ltr'><strong>ἥνωται</strong></span> <span class='ocrx_word' id='word_1_376' title='bbox 2031 2607 2060 2660; x_wconf 84' lang='grc' dir='ltr'>ὁ</span> <span class='ocrx_word' id='word_1_377' title='bbox 2100 2608 2304 2675; x_wconf 85' lang='grc' dir='ltr'><strong>Λόγος,</strong></span> <span class='ocrx_word' id='word_1_378' title='bbox 2338 2606 2438 2677; x_wconf 81' lang='grc' dir='ltr'><strong>βοᾷ</strong></span> <span class='ocrx_word' id='word_1_379' title='bbox 2464 2608 2492 2659; x_wconf 87' lang='grc' dir='ltr'>ὁ</span> <span class='ocrx_word' id='word_1_380' title='bbox 2519 2604 2840 2672; x_wconf 78' lang='grc' dir='ltr'><strong>Αἰγύπτιος·</strong></span> <span class='ocrx_word' id='word_1_381' title='bbox 2866 2604 2894 2656; x_wconf 85' lang='grc' dir='ltr'>ὁ</span> <span class='ocrx_word' id='word_1_382' title='bbox 2920 2601 3210 2672; x_wconf 81' lang='grc' dir='ltr'><strong>δεχόμενος</strong></span> <span class='ocrx_word' id='word_1_383' title='bbox 3239 2597 3332 2651; x_wconf 82' lang='grc' dir='ltr'><strong>τὸν</strong></span> <span class='ocrx_word' id='word_1_384' title='bbox 3359 2594 3476 2649; x_wconf 82' lang='grc' dir='ltr'><strong>Κύ-</strong></span> 
     </span>
    </p>
   </div>
   <div class='ocr_carea' id='block_1_30' title="bbox 213 2682 1758 2765">
    <p class='ocr_par' dir='ltr' id='par_1_30' title="bbox 213 2690 1758 2765">
     <span class='ocr_line' id='line_1_30' title="bbox 213 2690 1758 2765; baseline 0.005 -24"><span class='ocrx_word' id='word_1_385' title='bbox 213 2690 408 2760; x_wconf 83' lang='grc' dir='ltr'>ριλλον</span> <span class='ocrx_word' id='word_1_386' title='bbox 439 2690 839 2759; x_wconf 80' lang='grc' dir='ltr'><strong>ἀληθεύσαντα,</strong></span> <span class='ocrx_word' id='word_1_387' title='bbox 884 2691 1126 2762; x_wconf 79' lang='grc' dir='ltr'>ψεύστην</span> <span class='ocrx_word' id='word_1_388' title='bbox 1156 2694 1300 2747; x_wconf 75' lang='grc' dir='ltr'>ποιεῖ</span> <span class='ocrx_word' id='word_1_389' title='bbox 1328 2694 1418 2747; x_wconf 68' lang='grc' dir='ltr'><strong>τὸν</strong></span> <span class='ocrx_word' id='word_1_390' title='bbox 1451 2693 1585 2747; x_wconf 80' lang='grc' dir='ltr'>Θεόν</span> <span class='ocrx_word' id='word_1_391' title='bbox 1607 2711 1619 2726; x_wconf 80' lang='grc'><em>’</em></span> <span class='ocrx_word' id='word_1_392' title='bbox 1652 2694 1758 2765; x_wconf 78' lang='lat' dir='ltr'><strong>Ege</strong></span> 
     </span>
    </p>
   </div>
   <div class='ocr_carea' id='block_1_31' title="bbox 1930 2682 3475 2765">
    <p class='ocr_par' dir='ltr' id='par_1_31' title="bbox 1931 2682 3475 2761">
     <span class='ocr_line' id='line_1_31' title="bbox 1931 2682 3475 2761; baseline -0.009 -11"><span class='ocrx_word' id='word_1_393' title='bbox 1931 2736 1946 2761; x_wconf 91' lang='lat'><strong>,</strong></span> <span class='ocrx_word' id='word_1_394' title='bbox 1977 2703 2026 2749; x_wconf 85' lang='lat' dir='ltr'><strong>et</strong></span> <span class='ocrx_word' id='word_1_395' title='bbox 2062 2711 2168 2749; x_wconf 78' lang='lat' dir='ltr'><strong>non</strong></span> <span class='ocrx_word' id='word_1_396' title='bbox 2204 2696 2486 2759; x_wconf 80' lang='lat' dir='ltr'><strong>immutor,</strong></span> <span class='ocrx_word' id='word_1_397' title='bbox 2532 2691 2732 2753; x_wconf 72' lang='lat' dir='ltr'><strong>clamat</strong></span> <span class='ocrx_word' id='word_1_398' title='bbox 2773 2690 2928 2744; x_wconf 78' lang='lat' dir='ltr'><strong>Deus.</strong></span> <span class='ocrx_word' id='word_1_399' title='bbox 2974 2687 3140 2744; x_wconf 86' lang='lat' dir='ltr'><strong>Carni</strong></span> <span class='ocrx_word' id='word_1_400' title='bbox 3186 2682 3475 2740; x_wconf 82' lang='lat' dir='ltr'><strong>secundum</strong></span> 
     </span>
    </p>
   </div>
   <div class='ocr_carea' id='block_1_32' title="bbox 212 2774 3475 2854">
    <p class='ocr_par' dir='ltr' id='par_1_32' title="bbox 212 2774 3475 2854">
     <span class='ocr_line' id='line_1_32' title="bbox 212 2774 3475 2854; baseline -0.001 -25"><span class='ocrx_word' id='word_1_401' title='bbox 212 2777 548 2847; x_wconf 81' lang='lat' dir='ltr'><strong>hypostasim</strong></span> <span class='ocrx_word' id='word_1_402' title='bbox 583 2779 792 2831; x_wconf 86' lang='lat' dir='ltr'><strong>unitum</strong></span> <span class='ocrx_word' id='word_1_403' title='bbox 828 2787 903 2831; x_wconf 81' lang='lat' dir='ltr'><strong>est</strong></span> <span class='ocrx_word' id='word_1_404' title='bbox 934 2778 1175 2844; x_wconf 82' lang='lat' dir='ltr'><strong>Verbum,</strong></span> <span class='ocrx_word' id='word_1_405' title='bbox 1213 2779 1411 2832; x_wconf 85' lang='lat' dir='ltr'><strong>clamat</strong></span> <span class='ocrx_word' id='word_1_406' title='bbox 1443 2779 1742 2851; x_wconf 67' lang='lat' dir='ltr'><strong>Egyptius.</strong></span> <span class='ocrx_word' id='word_1_407' title='bbox 1772 2782 1945 2851; x_wconf 87' lang='lat' dir='ltr'><strong>Igitur</strong></span> <span class='ocrx_word' id='word_1_408' title='bbox 1980 2785 2069 2854; x_wconf 84' lang='lat' dir='ltr'><strong>qui</strong></span> <span class='ocrx_word' id='word_1_409' title='bbox 2094 2782 2354 2854; x_wconf 79' lang='lat' dir='ltr'><strong>Cyrillum</strong></span> <span class='ocrx_word' id='word_1_410' title='bbox 2388 2799 2481 2836; x_wconf 89' lang='lat' dir='ltr'><strong>ceu</strong></span> <span class='ocrx_word' id='word_1_411' title='bbox 2511 2798 2637 2836; x_wconf 84' lang='lat' dir='ltr'><strong>vera</strong></span> <span class='ocrx_word' id='word_1_412' title='bbox 2668 2781 2925 2835; x_wconf 76' lang='lat' dir='ltr'><strong>dicentem</strong></span> <span class='ocrx_word' id='word_1_413' title='bbox 2963 2778 3147 2843; x_wconf 77' lang='lat' dir='ltr'><strong>recipit</strong></span> <span class='ocrx_word' id='word_1_414' title='bbox 3169 2774 3475 2830; x_wconf 82' lang='lat' dir='ltr'><strong>mendacem</strong></span> 
     </span>
    </p>
   </div>
   <div class='ocr_carea' id='block_1_33' title="bbox 211 2859 3473 2939">
    <p class='ocr_par' dir='ltr' id='par_1_33' title="bbox 211 2859 3473 2939">
     <span class='ocr_line' id='line_1_33' title="bbox 211 2859 3473 2939; baseline -0.002 -23"><span class='ocrx_word' id='word_1_415' title='bbox 211 2863 350 2931; x_wconf 82' lang='lat' dir='ltr'><strong>facit</strong></span> <span class='ocrx_word' id='word_1_416' title='bbox 368 2863 560 2917; x_wconf 84' lang='lat' dir='ltr'><strong>Deum.</strong></span> <span class='ocrx_word' id='word_1_417' title='bbox 583 2862 724 2932; x_wconf 83' lang='lat' dir='ltr'><strong>(Quo</strong></span> <span class='ocrx_word' id='word_1_418' title='bbox 755 2865 880 2919; x_wconf 91' lang='lat' dir='ltr'><strong>loco</strong></span> <span class='ocrx_word' id='word_1_419' title='bbox 898 2864 1103 2919; x_wconf 92' lang='lat' dir='ltr'><strong>librum</strong></span> <span class='ocrx_word' id='word_1_420' title='bbox 1124 2880 1345 2935; x_wconf 89' lang='lat' dir='ltr'><strong>quoque</strong></span> <span class='ocrx_word' id='word_1_421' title='bbox 1370 2865 1559 2921; x_wconf 77' lang='lat' dir='ltr'><strong>Severi</strong></span> <span class='ocrx_word' id='word_1_422' title='bbox 1586 2867 2165 2939; x_wconf 48' lang='lat' dir='ltr'><strong>celebremslmtalﬁtiq</strong></span> <span class='ocrx_word' id='word_1_423' title='bbox 2186 2869 2533 2937; x_wconf 88' lang='lat' dir='ltr'><strong>inscriptum,</strong></span> <span class='ocrx_word' id='word_1_424' title='bbox 2555 2883 2651 2923; x_wconf 89' lang='lat' dir='ltr'><strong>seu</strong></span> <span class='ocrx_word' id='word_1_425' title='bbox 2671 2864 2955 2937; x_wconf 81' lang='lat' dir='ltr'><strong>Cyrillum,</strong></span> <span class='ocrx_word' id='word_1_426' title='bbox 2979 2861 3142 2918; x_wconf 89' lang='lat' dir='ltr'><strong>simul</strong></span> <span class='ocrx_word' id='word_1_427' title='bbox 3165 2859 3341 2923; x_wconf 90' lang='lat' dir='ltr'><strong>innni,</strong></span> <span class='ocrx_word' id='word_1_428' title='bbox 3359 2872 3473 2912; x_wconf 89' lang='lat' dir='ltr'><strong>non</strong></span> 
     </span>
    </p>
   </div>
   <div class='ocr_carea' id='block_1_34' title="bbox 208 2943 3517 3027">
    <p class='ocr_par' dir='ltr' id='par_1_34' title="bbox 208 2943 3517 3027">
     <span class='ocr_line' id='line_1_34' title="bbox 208 2943 3517 3027; baseline -0.002 -23"><span class='ocrx_word' id='word_1_429' title='bbox 208 2958 303 3004; x_wconf 89' lang='lat' dir='ltr'><strong>est</strong></span> <span class='ocrx_word' id='word_1_430' title='bbox 324 2950 701 3019; x_wconf 90' lang='lat' dir='ltr'><strong>incredibile.)</strong></span> <span class='ocrx_word' id='word_1_431' title='bbox 721 2949 823 3006; x_wconf 87' lang='lat' dir='ltr'><strong>Cui</strong></span> <span class='ocrx_word' id='word_1_432' title='bbox 843 2952 1144 3021; x_wconf 89' lang='lat' dir='ltr'><strong>objectioni</strong></span> <span class='ocrx_word' id='word_1_433' title='bbox 1174 2959 1358 3023; x_wconf 79' lang='lat' dir='ltr'><strong>(quam</strong></span> <span class='ocrx_word' id='word_1_434' title='bbox 1388 2954 1479 3009; x_wconf 88' lang='lat' dir='ltr'><strong>hic</strong></span> <span class='ocrx_word' id='word_1_435' title='bbox 1510 2955 1647 3009; x_wconf 89' lang='lat' dir='ltr'><strong>dilui</strong></span> <span class='ocrx_word' id='word_1_436' title='bbox 1675 2971 1891 3025; x_wconf 65' lang='lat' dir='ltr'><strong>aequum</strong></span> <span class='ocrx_word' id='word_1_437' title='bbox 1909 2956 2014 3027; x_wconf 89' lang='lat' dir='ltr'><strong>est)</strong></span> <span class='ocrx_word' id='word_1_438' title='bbox 2034 2956 2115 3011; x_wconf 90' lang='lat' dir='ltr'><strong>sic</strong></span> <span class='ocrx_word' id='word_1_439' title='bbox 2137 2954 2453 3025; x_wconf 89' lang='lat' dir='ltr'><strong>respondet,</strong></span> <span class='ocrx_word' id='word_1_440' title='bbox 2474 2952 2835 3009; x_wconf 84' lang='lat' dir='ltr'><strong>similitudine</strong></span> <span class='ocrx_word' id='word_1_441' title='bbox 2855 2959 3017 3006; x_wconf 91' lang='lat' dir='ltr'><strong>utens</strong></span> <span class='ocrx_word' id='word_1_442' title='bbox 3033 2947 3299 3003; x_wconf 89' lang='lat' dir='ltr'><strong>Leontius</strong></span> <span class='ocrx_word' id='word_1_443' title='bbox 3319 2943 3339 2997; x_wconf 74' lang='grc' dir='ltr'><em>έ</em></span> <span class='ocrx_word' id='word_1_444' title='bbox 3356 2944 3418 2996; x_wconf 83' lang='grc' dir='ltr'><strong>Εἰ</strong></span> <span class='ocrx_word' id='word_1_445' title='bbox 3437 2945 3472 3015; x_wconf 76' lang='grc' dir='ltr'><strong>ῄ</strong></span> <span class='ocrx_word' id='word_1_446' title='bbox 3506 3008 3517 3016; x_wconf 69' lang='grc' dir='ltr'><strong> </strong></span> 
     </span>
    </p>
   </div>
   <div class='ocr_carea' id='block_1_35' title="bbox 208 3028 1753 3113">
    <p class='ocr_par' dir='ltr' id='par_1_35' title="bbox 208 3034 1753 3113">
     <span class='ocr_line' id='line_1_35' title="bbox 208 3034 1753 3113; baseline 0.005 -25"><span class='ocrx_word' id='word_1_447' title='bbox 208 3034 441 3097; x_wconf 69' lang='grc' dir='ltr'><strong>ἓνωσις,</strong></span> <span class='ocrx_word' id='word_1_448' title='bbox 477 3036 763 3100; x_wconf 76' lang='grc' dir='ltr'><strong>ἀλλοίωσις</strong></span> <span class='ocrx_word' id='word_1_449' title='bbox 792 3039 941 3091; x_wconf 81' lang='grc' dir='ltr'>ἐστιν</span> <span class='ocrx_word' id='word_1_450' title='bbox 970 3040 1180 3103; x_wconf 84' lang='grc' dir='ltr'><strong>ἁπλῶς,</strong></span> <span class='ocrx_word' id='word_1_451' title='bbox 1218 3042 1366 3094; x_wconf 80' lang='grc' dir='ltr'>πᾶσα</span> <span class='ocrx_word' id='word_1_452' title='bbox 1387 3041 1535 3113; x_wconf 55' lang='lat' dir='ltr'><strong>apth</strong></span> <span class='ocrx_word' id='word_1_453' title='bbox 1566 3043 1753 3096; x_wconf 80' lang='grc' dir='ltr'><strong>ἐνωθεῖ</strong></span> 
     </span>
    </p>
   </div>
   <div class='ocr_carea' id='block_1_36' title="bbox 1927 3028 3472 3113">
    <p class='ocr_par' dir='ltr' id='par_1_36' title="bbox 1927 3028 3472 3113">
     <span class='ocr_line' id='line_1_36' title="bbox 1927 3028 3472 3113; baseline -0.007 -19"><span class='ocrx_word' id='word_1_454' title='bbox 1927 3061 2071 3113; x_wconf 70' lang='grc' dir='ltr'>ιματι</span> <span class='ocrx_word' id='word_1_455' title='bbox 2100 3043 2391 3112; x_wconf 76' lang='grc' dir='ltr'><strong>ἠλλοίωται</strong></span> <span class='ocrx_word' id='word_1_456' title='bbox 2412 3056 2426 3071; x_wconf 75' lang='grc'><strong>⁸</strong></span> <span class='ocrx_word' id='word_1_457' title='bbox 2462 3040 2620 3110; x_wconf 80' lang='lat' dir='ltr'><strong>Atqui</strong></span> <span class='ocrx_word' id='word_1_458' title='bbox 2653 3039 2700 3092; x_wconf 80' lang='lat' dir='ltr'><strong>si</strong></span> <span class='ocrx_word' id='word_1_459' title='bbox 2727 3038 2884 3102; x_wconf 87' lang='lat' dir='ltr'><strong>unio,</strong></span> <span class='ocrx_word' id='word_1_460' title='bbox 2919 3033 3135 3106; x_wconf 82' lang='lat' dir='ltr'><strong>perinde</strong></span> <span class='ocrx_word' id='word_1_461' title='bbox 3160 3039 3235 3087; x_wconf 76' lang='lat' dir='ltr'><strong>est</strong></span> <span class='ocrx_word' id='word_1_462' title='bbox 3257 3028 3472 3101; x_wconf 78' lang='lat' dir='ltr'><strong>simpli-</strong></span> 
     </span>
    </p>
   </div>
   <div class='ocr_carea' id='block_1_37' title="bbox 209 3116 3473 3199">
    <p class='ocr_par' dir='ltr' id='par_1_37' title="bbox 209 3116 3473 3199">
     <span class='ocr_line' id='line_1_37' title="bbox 209 3116 3473 3199; baseline -0.003 -20"><span class='ocrx_word' id='word_1_463' title='bbox 209 3130 350 3179; x_wconf 82' lang='lat' dir='ltr'><strong>citer</strong></span> <span class='ocrx_word' id='word_1_464' title='bbox 388 3140 450 3176; x_wconf 89' lang='lat' dir='ltr'><strong>ac</strong></span> <span class='ocrx_word' id='word_1_465' title='bbox 471 3125 792 3191; x_wconf 88' lang='lat' dir='ltr'><strong>immutatio,</strong></span> <span class='ocrx_word' id='word_1_466' title='bbox 821 3129 989 3180; x_wconf 82' lang='lat' dir='ltr'><strong>omnis</strong></span> <span class='ocrx_word' id='word_1_467' title='bbox 1013 3129 1196 3181; x_wconf 85' lang='lat' dir='ltr'><strong>anima</strong></span> <span class='ocrx_word' id='word_1_468' title='bbox 1222 3132 1428 3199; x_wconf 90' lang='lat' dir='ltr'><strong>corpori</strong></span> <span class='ocrx_word' id='word_1_469' title='bbox 1457 3133 1607 3184; x_wconf 83' lang='lat' dir='ltr'><strong>unita</strong></span> <span class='ocrx_word' id='word_1_470' title='bbox 1634 3133 1969 3186; x_wconf 86' lang='lat' dir='ltr'><strong>immutatur.</strong></span> <span class='ocrx_word' id='word_1_471' title='bbox 2005 3130 2112 3186; x_wconf 84' lang='lat' dir='ltr'><strong>Sed</strong></span> <span class='ocrx_word' id='word_1_472' title='bbox 2142 3130 2288 3185; x_wconf 84' lang='lat' dir='ltr'><strong>enim</strong></span> <span class='ocrx_word' id='word_1_473' title='bbox 2317 3129 2477 3198; x_wconf 86' lang='lat' dir='ltr'><strong>plura</strong></span> <span class='ocrx_word' id='word_1_474' title='bbox 2514 3126 2582 3181; x_wconf 88' lang='lat' dir='ltr'><strong>de</strong></span> <span class='ocrx_word' id='word_1_475' title='bbox 2608 3123 2827 3180; x_wconf 89' lang='lat' dir='ltr'><strong>Leontii</strong></span> <span class='ocrx_word' id='word_1_476' title='bbox 2862 3136 3029 3193; x_wconf 87' lang='lat' dir='ltr'><strong>opere</strong></span> <span class='ocrx_word' id='word_1_477' title='bbox 3072 3135 3182 3175; x_wconf 89' lang='lat' dir='ltr'><strong>non</strong></span> <span class='ocrx_word' id='word_1_478' title='bbox 3214 3132 3338 3174; x_wconf 89' lang='lat' dir='ltr'><strong>sum</strong></span> <span class='ocrx_word' id='word_1_479' title='bbox 3382 3116 3473 3171; x_wconf 85' lang='lat' dir='ltr'><strong>di-</strong></span> 
     </span>
    </p>
   </div>
   <div class='ocr_carea' id='block_1_38' title="bbox 176 3204 3472 3283">
    <p class='ocr_par' dir='ltr' id='par_1_38' title="bbox 176 3204 3472 3283">
     <span class='ocr_line' id='line_1_38' title="bbox 176 3204 3472 3283; baseline -0.002 -19"><span class='ocrx_word' id='word_1_480' title='bbox 176 3246 184 3252; x_wconf 91' lang='lat'><em>-</em></span> <span class='ocrx_word' id='word_1_481' title='bbox 213 3221 439 3273; x_wconf 89' lang='lat' dir='ltr'><strong>cturus,</strong></span> <span class='ocrx_word' id='word_1_482' title='bbox 475 3211 624 3280; x_wconf 89' lang='lat' dir='ltr'><strong>quod</strong></span> <span class='ocrx_word' id='word_1_483' title='bbox 668 3227 793 3267; x_wconf 91' lang='lat' dir='ltr'><strong>cum</strong></span> <span class='ocrx_word' id='word_1_484' title='bbox 832 3221 1222 3283; x_wconf 90' lang='lat' dir='ltr'><strong>peracutorum</strong></span> <span class='ocrx_word' id='word_1_485' title='bbox 1273 3215 1686 3271; x_wconf 87' lang='lat' dir='ltr'><strong>ratiociniorum</strong></span> <span class='ocrx_word' id='word_1_486' title='bbox 1726 3218 2019 3273; x_wconf 83' lang='lat' dir='ltr'><strong>thesaurus</strong></span> <span class='ocrx_word' id='word_1_487' title='bbox 2049 3216 2142 3282; x_wconf 89' lang='lat' dir='ltr'><strong>sit,</strong></span> <span class='ocrx_word' id='word_1_488' title='bbox 2177 3215 2420 3271; x_wconf 81' lang='lat' dir='ltr'><strong>conferri</strong></span> <span class='ocrx_word' id='word_1_489' title='bbox 2442 3213 2510 3269; x_wconf 89' lang='lat' dir='ltr'><strong>ad</strong></span> <span class='ocrx_word' id='word_1_490' title='bbox 2540 3210 2930 3282; x_wconf 89' lang='lat' dir='ltr'><strong>compendium</strong></span> <span class='ocrx_word' id='word_1_491' title='bbox 2969 3208 3198 3278; x_wconf 90' lang='lat' dir='ltr'><strong>nequit;</strong></span> <span class='ocrx_word' id='word_1_492' title='bbox 3234 3204 3472 3273; x_wconf 85' lang='lat' dir='ltr'><strong>ideoque</strong></span> 
     </span>
    </p>
   </div>
   <div class='ocr_carea' id='block_1_39' title="bbox 210 3293 3470 3440">
    <p class='ocr_par' dir='ltr' id='par_1_39' title="bbox 210 3293 3470 3440">
     <span class='ocr_line' id='line_1_39' title="bbox 210 3293 3470 3376; baseline -0.002 -24"><span class='ocrx_word' id='word_1_493' title='bbox 210 3298 273 3352; x_wconf 85' lang='lat' dir='ltr'><strong>id</strong></span> <span class='ocrx_word' id='word_1_494' title='bbox 305 3312 449 3366; x_wconf 88' lang='lat' dir='ltr'><strong>opus</strong></span> <span class='ocrx_word' id='word_1_495' title='bbox 481 3313 510 3352; x_wconf 89' lang='lat' dir='ltr'><strong>a</strong></span> <span class='ocrx_word' id='word_1_496' title='bbox 534 3298 878 3358; x_wconf 85' lang='lat' dir='ltr'><strong>Nestorianae</strong></span> <span class='ocrx_word' id='word_1_497' title='bbox 903 3301 1192 3373; x_wconf 86' lang='lat' dir='ltr'><strong>pravitatis</strong></span> <span class='ocrx_word' id='word_1_498' title='bbox 1220 3302 1459 3360; x_wconf 89' lang='lat' dir='ltr'><strong>curiosis</strong></span> <span class='ocrx_word' id='word_1_499' title='bbox 1481 3303 1912 3376; x_wconf 85' lang='lat' dir='ltr'><strong>indagatoribus,</strong></span> <span class='ocrx_word' id='word_1_500' title='bbox 1943 3311 2000 3363; x_wconf 90' lang='lat' dir='ltr'><strong>et</strong></span> <span class='ocrx_word' id='word_1_501' title='bbox 2020 3320 2051 3360; x_wconf 91' lang='lat' dir='ltr'><strong>a</strong></span> <span class='ocrx_word' id='word_1_502' title='bbox 2078 3302 2366 3374; x_wconf 63' lang='lat' dir='ltr'><strong>theologia</strong></span> <span class='ocrx_word' id='word_1_503' title='bbox 2381 3298 2690 3373; x_wconf 58' lang='lat' dir='ltr'><strong>praesertim</strong></span> <span class='ocrx_word' id='word_1_504' title='bbox 2707 3296 3030 3354; x_wconf 90' lang='lat' dir='ltr'><strong>doctoribus</strong></span> <span class='ocrx_word' id='word_1_505' title='bbox 3052 3293 3272 3352; x_wconf 85' lang='lat' dir='ltr'><strong>assidua</strong></span> <span class='ocrx_word' id='word_1_506' title='bbox 3302 3304 3470 3347; x_wconf 84' lang='lat' dir='ltr'><strong>manu</strong></span> 
     </span>
     <span class='ocr_line' id='line_1_40' title="bbox 210 3384 1299 3440; baseline 0.006 -4"><span class='ocrx_word' id='word_1_507' title='bbox 210 3384 557 3440; x_wconf 82' lang='lat' dir='ltr'><strong>versandum</strong></span> <span class='ocrx_word' id='word_1_508' title='bbox 589 3394 693 3440; x_wconf 89' lang='lat' dir='ltr'><strong>est.</strong></span> <span class='ocrx_word' id='word_1_509' title='bbox 1294 3398 1299 3401; x_wconf 72' lang='lat'><strong><em>‘</em></strong></span> 
     </span>
    </p>
   </div>
   <div class='ocr_carea' id='block_1_40' title="bbox 210 3394 1299 3443">
    <p class='ocr_par' dir='ltr' id='par_1_40' title="bbox 210 3394 1299 3443">
     <span class='ocr_line' id='line_1_41' title="bbox 210 3394 1299 3443; baseline 0.007 -6"><span class='ocrx_word' id='word_1_510' title='bbox 210 3394 557 3441; x_wconf 82' lang='lat' dir='ltr'><strong>versandum</strong></span> <span class='ocrx_word' id='word_1_511' title='bbox 589 3394 693 3443; x_wconf 71' lang='grc' dir='ltr'><strong>εει.</strong></span> <span class='ocrx_word' id='word_1_512' title='bbox 1294 3398 1299 3401; x_wconf 49' lang='grc'>’</span> 
     </span>
    </p>
   </div>
  </div>
