3912 6298
133 252 266 319 1401

1059 269 1457 334 ADVERSUS
1499 276 2046 342 NESTORIANOS.
2082 308 2152 318 —
2183 285 2331 344 LIB.
2372 285 2422 346 Ι.

3267 285 3292 349 1
3310 287 3407 358 ίΟΞ

125 364 406 466 Ἐὄδομον
431 413 445 436 ,
471 371 554 426 ὅτι
583 372 841 445 ἀθέσμως
868 375 960 429 τὸν
1004 375 1100 430 ἕνα
1130 381 1232 448 τῆς
1275 382 1442 450 ἁγίας
1489 385 1711 456 Τριάδος

1822 389 1994 447 fuisse
2024 407 2191 448 carne
2227 392 2560 464 praedicare;
2608 403 2804 450 octavo
2839 394 3059 449 tandem
3093 394 3183 451 isti
3220 397 3396 466 impii,

125 456 462 512 πεπονθέναι
494 464 659 533 σαρκὶ
685 465 1049 536 κηρύττομεν.
1072 468 1159 521 Ἐν
1181 468 1350 542 ὀγδόῳ
1379 471 1434 524 δὲ
1461 473 1560 542 τῆς
1583 473 1714 527 δυσ-

127 548 374 614 σεϐείας,
422 552 522 622 τὴν
581 555 705 609 καθ’
747 557 1048 614 ὑπόστασιν
1096 559 1292 614 ἕνωσιν
1340 564 1711 635 ἀρνούμενοι,

125 637 473 707 ἀσυστάτους
519 645 674 710 τινὰς
716 648 912 717 ἑτέρας
960 651 1367 722 τερατεύονται.
1415 656 1558 708 Ὅσα
1614 657 1718 725 μὲν

122 725 223 782 οῦν
265 732 366 784 οὐκ
401 734 610 802 ἀλόγως
655 741 770 803 τοῖς
805 741 1022 809 λέγουσι
1050 744 1146 813 τὴν
1191 745 1318 815 μίαν
1347 763 1404 798 τε
1449 747 1609 815 φύσιν
1639 748 1716 812 ὡς

122 821 224 873 καὶ
281 824 578 881 ὑπόστασιν
633 832 726 884 ἐπὶ
787 834 1027 902 Χριστοῦ
1087 837 1458 908 ἀπορήσοιεν,
1509 835 1718 892 τούτων

121 912 293 981 ἡμεῖς
331 916 430 987 οὐχ
472 919 1080 995 ὑπεραπολογησόμεθα
1108 944 1124 960 ο
1172 932 1287 992 τοίς
1323 930 1380 983 δὲ
1411 931 1470 983 ἐν
1502 932 1717 1002 ἑκάστῳ

122 1005 236 1058 τῶν
262 1013 679 1081 προειρημένων
711 1018 1024 1084 κεφαλαίων
1072 1022 1164 1074 ὑπ’
1196 1023 1374 1076 αὐτῶν
1400 1024 1718 1094 λεγομένοις

127 1096 256 1149 καθ’
305 1100 463 1167 ἡμῶν
498 1102 663 1170 ἰδίως,
694 1106 803 1159 τῶν
855 1110 986 1178 μίαν
1022 1110 1119 1181 μὲν
1150 1114 1248 1184 τὴν
1280 1114 1596 1176 ὑπόστασιν,
1622 1115 1716 1168 δύο

121 1184 183 1236 δὲ
210 1188 312 1250 τὰς
337 1189 530 1255 φύσεις
570 1194 810 1263 Χριστοῦ
846 1198 938 1274 τοῦ
969 1200 1173 1269 Κυρίου
1202 1201 1359 1271 ἡμῶν
1384 1191 1712 1270 ὁμολογούν-

119 1291 258 1342 των,
286 1279 344 1330 έν
362 1280 591 1351 δυνάμει
623 1286 789 1339 αὑτοῦ
815 1288 910 1340 τοῦ
927 1290 1063 1342 Θεοῦ
1090 1292 1249 1361 ήμῶν
1276 1293 1512 1360 Χριστοῦ
1545 1293 1709 1347 ὑπαν-

123 1368 422 1436 τήσαντες,
445 1375 732 1430 καὶταῦτα
755 1380 1181 1451 ἀνατρέψαντες,
1207 1386 1386 1438 πᾶσαν
1413 1384 1593 1438 αὐτῶν
1614 1386 1711 1457 τὴν

120 1458 222 1512 τοῦ
283 1462 556 1534 δόγματος
601 1469 862 1524 ὑπόθεσιν
919 1473 1292 1544 ἀσεϐεστάτην
1339 1476 1710 1546 διελέγξομεν.

135 1551 460 1621 Ἐγκαλοῦσι
489 1559 534 1610 δ’
559 1557 652 1613 οὖν
679 1564 834 1632 ἡμῖν,
855 1564 930 1627 ὡς
969 1567 1184 1637 εἴρηται
1214 1570 1552 1639 πρωτίστως,
1586 1569 1716 1639 περὶ¹

1825 484 2088 557 unionem
2119 485 2426 541 secundum
2480 485 2816 557 hypostasim
2867 487 3184 551 diﬂitentcs,
3239 505 3403 558 quas-

1825 573 1950 628 dam
2021 576 2156 631 alias
2214 593 2326 631 non
2391 577 2759 633 subsistentes
2831 578 3117 650 eilingunt.
3193 580 3250 634 In
3315 580 3403 640 his

1825 676 2010 720 autem
2045 683 2166 736 quae
2220 684 2328 722 non
2357 668 2610 737 imperite
2659 670 2904 724 dixerint
2952 687 3227 740 unamque
3280 687 3401 725 esse

1824 762 2078 807 naturam
2133 757 2289 825 quasi
2326 757 2663 828 hypostasim
2699 758 2752 811 in
2797 757 3020 813 Christo
3063 774 3186 812 esse
3241 759 3401 829 igno-

1823 853 2034 909 rarent,
2065 861 2166 901 nos
2199 862 2309 901 non
2349 848 2865 916 patrocinabimur;
2894 848 2990 903 sed
3042 865 3164 918 quae
3191 849 3260 902 ab
3289 849 3400 902 illis

1825 932 1881 987 in
1941 936 2275 1004 supradictis
2333 939 2606 1008 capitibus
2667 939 2814 994 dicta
2865 946 2997 993 sunt
3050 949 3241 993 contra
3296 953 3400 992 nos

1826 1041 1993 1080 unam
2033 1027 2373 1097 hypostasim
2404 1030 2652 1101 duasque
2674 1039 2904 1085 naturas
2932 1029 3136 1085 Christi
3179 1029 3398 1084 Domini

1817 1119 1995 1173 nostri
2056 1119 2373 1189 singulatim
2429 1122 2794 1189 conﬁtentes,
2849 1123 2906 1177 in
2964 1122 3168 1176 virtute
3225 1122 3399 1190 ipsius

1819 1210 1915 1264 Dei
1946 1212 2121 1265 nostri
2153 1211 2362 1267 Christi
2391 1214 2796 1285 impugnantes,
2863 1225 3028 1283 atque
3054 1222 3392 1276 evertentes.

1816 1316 1979 1356 omne
2013 1317 2206 1356 eorum
2232 1304 2499 1358 doctrina:
2524 1315 2760 1374 systema
2784 1305 3169 1375 impiissimum
3201 1305 3397 1359 confu-

1821 1389 2082 1442 tahimus.
2103 1391 2452 1460 Exprobrant
2481 1404 2666 1446 autem
2688 1393 2871 1453 nobis,
2890 1402 2949 1446 ut
2984 1393 3162 1462 primo
3185 1393 3397 1447 dictum

1820 1485 1924 1540 est,
1981 1479 2388 1533 confessionem
2441 1481 2767 1535 naturarum
2814 1481 2870 1536 in
2925 1483 3156 1536 Domino
3209 1491 3401 1541 nostro

1821 1568 1950 1623 Jesu
1982 1569 2205 1624 Christo
2227 1571 2360 1635 Deo,
2395 1573 2586 1641 sicque
2616 1574 2955 1642 loquuntur:
3056 1616 3058 1618 .

271 1650 559 1722 ὁμολογίας
585 1655 687 1727 τῆς
725 1658 845 1731 τῶν,
874 1659 1088 1728 φύσεων
1135 1663 1441 1730 συνθέσεως
1484 1665 1579 1718 ἐπὶ
1630 1663 1725 1718 τοῦ
1765 1666 2039 1722 Δεσπότου
2070 1665 2226 1736 ήμῶν
2271 1667 2446 1738 Ἰησοῦ
2487 1667 2723 1743 Χριστοῦ
2754 1669 2846 1723 τοῦ
2873 1669 3031 1737 Θεοῦ,
3056 1670 3151 1724 καὶ
3183 1669 3399 1738 λέγουσι

121 1737 252 1798 τάδε
283 1759 299 1780 ρ

532 1887 934 1946 ΚΕΦΑΛΑΙΟΝ
974 1897 1256 1951 ΠΡΩΤΟΝ
1258 1938 1274 1954 .

199 1996 318 2050 Πᾶν
350 1999 378 2052 ὅ
400 2016 452 2052 τι
485 1997 580 2055 οῦν
613 2007 994 2077 συντιθέμενον
1020 2012 1267 2083 έτέριρ,ἢ
1299 2013 1418 2067 ὅλον
1450 2013 1556 2085 ὅλῳ
1587 2033 1707 2068 συν-

124 2087 360 2154 τίθεται,
403 2092 436 2163 ἢ
483 2095 648 2165 μέρος
694 2097 874 2166 μέρει.
911 2102 944 2172 ἢ
985 2103 1151 2173 μέρος
1192 2105 1330 2176 ὃλῳο
1382 2104 1561 2169 ἄλλως
1596 2108 1706 2178 γὰρ

129 2180 386 2235 σύνθεσιν
441 2184 623 2252 λέγειν
658 2189 918 2245 ἀδύνατον
945 2208 959 2222 ⁸
1013 2194 1134 2247 ὅλον
1160 2196 1218 2248 δὲ
1267 2197 1361 2250 καὶ
1407 2199 1570 2268 μέρος
1613 2202 1708 2252 ἐπὶ

123 2271 226 2323 τοῦ
275 2273 658 2347 ἀπεριγράφου
711 2284 774 2334 οὐ
831 2283 1050 2351 λέγεται
1081 2302 1095 2316 ·
1123 2287 1222 2341 οὐκ
1256 2287 1364 2356 ἄρα
1393 2290 1652 2362 συνετέθη
1679 2294 1707 2344 ό

127 2363 264 2428 Θεὸς
286 2368 457 2434 Λόγος
482 2371 558 2439 τῷ
580 2372 640 2436 ἐξ
656 2374 814 2444 ἡμῶν
837 2377 934 2430 ἀνθ
945 2380 1109 2449 ρώπῳ
1135 2380 1510 2452 ἀπερίγραφος
1534 2383 1709 2453 ὑπάρ-

128 2473 242 2528 χων
263 2472 278 2487 ·
311 2459 442 2512 εί-δὲ
472 2463 756 2534 συνετέθη,
787 2467 884 2519 καὶ
917 2469 1168 2540 έμμερὴς
1203 2472 1300 2522 καὶ
1333 2474 1708 2542 περιγραπτός

128 2548 281 2603 ἐστιν
305 2592 319 2615 ,
357 2553 494 2622 ὅπερ
524 2555 736 2618 ἀσεϐές.
765 2557 986 2626 Πρῶτον
1020 2561 1118 2628 μὲν
1148 2557 1240 2613 οὗν
1282 2563 1332 2613 oi
1373 2562 1552 2616 πάντα
1580 2564 1705 2632 τρό-

130 2657 234 2693 πον
280 2642 391 2696 τῶν
426 2648 727 2715 γινομένων
778 2650 882 2702 ὑπὸ
911 2651 1046 2704 Θεοῦ
1093 2653 1400 2708 συνθέσεων
1431 2657 1492 2726 τῇ
1528 2657 1708 2726 οίκείᾳ

130 2733 329 2798 γνώσει
383 2739 821 2807 περιορίζοντες,
867 2745 984 2804 πῶς
1031 2743 1252 2811 λέγουσι
1289 2749 1397 2799 πᾶν
1445 2748 1504 2799 τὸ
1529 2766 1710 2801 συντι-

133 2823 412 2899 θέμενονῆ
443 2829 518 2892 ὡς
547 2830 666 2884 δλον
692 2833 723 2901 ἢ
754 2821 828 2895 ὡς
860 2833 1023 2905 μέρος
1062 2837 1405 2890 συντίθεσθαι
1439 2857 1453 2904 ;
1496 2841 1568 2892 Τὸ
1599 2841 1708 2910 γὰρ

131 2916 390 2987 αἰσθητὸν
445 2921 561 2974 τόδε
617 2926 746 2986 πᾶν,
805 2926 971 2994 ἤγουν
1021 2929 1048 2978 ὁ
1096 2929 1295 2997 κόσμος
1335 2933 1362 2983 6
1392 2933 1603 3001 ὁρατὸς,
1651 2936 1709 2986 ἐν

134 3005 381 3060 συνθέσει
451 3010 568 3062 ἐστὶ
612 3011 810 3081 δηλαδή
842 3029 854 3041 °
907 3015 960 3066 τί
1020 3011 1112 3067 οὖν
1172 3035 1326 3080 φασι,
1382 3019 1440 3083 ἐξ
1489 3021 1628 3074 ὅλων
1675 3022 1705 3092 ἥ

132 3099 200 3151 ὲκ
247 3099 428 3168 μερῶν
470 3119 631 3154 τινων
674 3100 813 3157 εἶναι
865 3108 1333 3175 προῦπαρξάντων
1365 3109 1556 3163 τούτου
1606 3112 1708 3181 τὴν

1740 1853 1787 1914 Β

2326 1891 2556 1948 CAPUT
2600 1893 2890 1950 PRIMUM.

1878 2004 2257 2076 Quodcunque
2280 2007 2583 2079 (inquiunt)
2606 2008 2766 2063 alteri
2805 2009 3021 2064 unitum
3047 2020 3155 2074 est,
3193 2016 3279 2068 vel
3314 2024 3398 2071 to-

1810 2106 1924 2152 tum
1954 2100 2053 2152 toti
2085 2101 2294 2165 unitur,
2326 2101 2410 2155 vel
2445 2116 2570 2170 pars
2618 2102 2786 2171 parti,
2842 2103 2927 2158 vel
2983 2119 3108 2173 pars
3133 2106 3267 2173 toti;
3297 2109 3400 2165 ali-

1810 2196 1895 2242 ter
1926 2187 2073 2242 enim
2100 2190 2364 2244 unionem
2417 2190 2606 2244 dicere
2660 2192 3004 2261 impossibile
3047 2205 3169 2250 est:
3217 2205 3397 2254 totum

1808 2295 1943 2333 vero
1977 2288 2034 2333 et
2064 2296 2190 2349 pars
2239 2280 2307 2336 de
2353 2281 2571 2360 inﬁnito
2628 2297 2738 2337 non
2807 2284 3050 2351 dicitur;
3119 2303 3230 2341 non
3264 2305 3398 2360 ergo

1810 2370 1957 2425 Deus
2007 2371 2272 2437 Verbum,
2315 2388 2440 2426 cum
2483 2357 2868 2439 sit'iniinitus,
2918 2376 3128 2432 homini
3179 2396 3246 2434 ex
3295 2357 3397 2436 no-

1809 2456 1896 2510 bis
1952 2458 2146 2512 unitus
2204 2468 2322 2526 est;
2378 2461 2422 2514 si
2465 2477 2595 2515 vero
2651 2463 2724 2516 sit
2768 2465 3000 2531 uuilus,
3057 2470 3397 2538 compositus

1809 2547 2111 2618 ﬁnitusque
2141 2558 2248 2613 est,
2285 2550 2434 2619 quod
2471 2559 2556 2605 est
2589 2551 2842 2622 impium.
2888 2555 3139 2612 Primum
3186 2541 3398 2627 autem,

1808 2641 2106 2709 quomodo,
2170 2642 2264 2710 qui
2317 2641 2551 2697 scientia
2609 2647 2834 2714 propria
2897 2662 3118 2703 omnem
3166 2653 3392 2708 modum

1810 2731 2077 2785 unionum
2129 2747 2158 2786 a
2199 2733 2312 2787 Deo
2343 2733 2612 2789 factarum
2665 2737 3064 2806 determinant,
3110 2745 3395 2811 quodlibet

1810 2824 2025 2879 unitum
2081 2829 2168 2882 vel
2214 2837 2274 2883 ut
2325 2837 2500 2885 totum
2555 2833 2640 2886 vel
2699 2840 2759 2887 ut
2821 2845 3034 2904 partem
3104 2838 3251 2893 uniri
3311 2841 3397 2895 di-

1810 2915 1980 2969 cunt?
2001 2915 2174 2972 Omne
2205 2920 2350 2974 enim
2387 2921 2494 2976 hoc
2520 2923 2806 2986 sensibile,
2839 2941 2934 2980 seu
2997 2930 3238 2985 mundus
3263 2934 3395 2986 visi—

1810 3005 1961 3067 bilis,
2011 3006 2067 3060 in
2117 3008 2321 3063 unione
2366 3010 2485 3065 sine
2519 3012 2690 3066 dubio
2736 3015 3026 3083 subsistit;
3071 3019 3204 3088 quid
3259 3038 3395 3092 ergo

1812 3096 2024 3162 dicunt,
2048 3113 2116 3152 ex
2151 3101 2280 3155 totis
2317 3102 2404 3155 vcl
2432 3117 2498 3156 ex
2526 3104 2780 3172 partibus
2815 3107 3028 3176 aliquot
3069 3111 3223 3165 illum
3257 3128 3394 3181 pra:-

135 3189 419 3256 σύνθεσιν;
450 3192 482 3262 ἢ
517 3193 717 3261 μᾶλλον
774 3196 838 3246 ἐκ
874 3196 948 3266 μὴ
975 3197 1143 3248 ὅντων
1174 3197 1312 3260 ὅλως
1345 3179 1704 3270 συμπαγῆναι

1817 3188 2138 3246 cedentibus
2162 3207 2283 3248 esse
2318 3194 2613 3248 unionem?
2653 3211 2750 3251 seu
2779 3198 2965 3266 potius
2999 3216 3065 3255 ex
3101 3217 3210 3256 non
3234 3179 3394 3258 enti—

134 3281 294 3334 αὐτόν
320 3298 335 3347 ;
371 3282 433 3334 Ei
469 3283 568 3352 μὲν
587 3285 694 3354 γὰρ
732 3284 794 3336 έκ
817 3303 980 3341 τινων
1010 3288 1478 3356 προϋπαρξάντων
1508 3290 1643 3342 ὅλων
1671 3292 1704 3362 ἢ

139 3373 320 3442 μερῶν
358 3375 479 3427 κατ’
519 3376 694 3445 ἀρχὰς
725 3376 979 3443 γενέσθαι
1023 3378 1187 3430 αὐτὸν
1211 3379 1438 3436 οἴονται.
1481 3379 1580 3448 τὴν
1625 3381 1705 3432 oi-

136 3464 292 3516 κείαν
319 3464 477 3530 δόξαν
507 3467 926 3534 γνωριζέτωσαν
953 3468 1107 3536 ἡμῖν,
1144 3468 1231 3520 ἵνα
1260 3470 1307 3521 εί
1340 3468 1514 3532 οὕτως
1541 3468 1710 3537 λέγω·

137 3573 243 3620 σιν,
297 3556 374 3618 ,ώς
427 3557 564 3626 πρὸς
593 3558 862 3626 Ἕλληνας
906 3559 1112 3620 λοιπὸν,
1165 3560 1260 3613 καὶ
1315 3561 1374 3613 οὐ
1435 3562 1565 3633 περὶ
1614 3561 1707 3615 τοῦ

134 3646 338 3716 τρόπου
401 3648 501 3717 τῆς
547 3649 859 3720 οἰκονομίας
901 3651 1325 3722 διαφερομένους
1370 3653 1526 3723 μόνον
1575 3654 1710 3723 πρὸς

135 3739 308 3806 ἡμᾶς.
350 3737 748 3808 διαλεεώμεθα.
804 3743 866 3794 Εί
901 3742 958 3794 δὲ
989 3743 1089 3812 τῆς
1114 3743 1448 3811 φιλονεικίας
1477 3742 1711 3813 προκρί-

137 3845 328 3892 ναντες
353 3831 450 3902 τὴν
479 3832 790 3897 εὐσέϐειαν,
811 3835 873 3886 ὲκ
909 3835 983 3903 μὴ
1015 3834 1184 3888 ὅντων
1229 3834 1365 3903 φασὶ
1396 3834 1486 3888 τὸν
1517 3834 1710 3888 σύνθε-

133 3937 230 3974 τον
258 3923 461 3989 κόσμον
490 3924 768 3999 γενέσθαι.
803 3925 1131 3986 ἀκούσονται
1160 3926 1241 3978 ὃτι
1266 3925 1328 3978 τὸ
1369 3925 1444 3997 μὴ
1479 3924 1559 3989 ὃν,
1587 3924 1711 3979 οὔτε

134 4013 259 4066 ελον
305 4013 425 4066 οὔτε
460 4014 623 4083 μέρος
656 4015 795 4077 ἐστί.
821 4017 944 4077 Πῶς
968 4012 1081 4077 οὖν.
1113 4015 1237 4078 οὒτε
1265 4015 1385 4068 ὅλου
1421 4017 1566 4078 τινος
1587 4015 1712 4069 οὗτε

139 4105 344 4176 μέρους
372 4107 822 4184 προῦπάρξαντος
845 4149 859 4171 ,
898 4111 930 4182 ἡ
953 4108 1201 4171 σύνθεσις
1221 4108 1369 4160 τοῦδε
1396 4109 1489 4170 τοῦ
1515 4109 1713 4172 παντὸς

135 4197 332 4266 γέγονε
384 4182 654 4267 κόσμους
687 4182 896 4262 Παντὸς
953 4199 1205 4254 συνθέτου
1246 4203 1531 4270 γινομένου
1589 4202 1713 4256 ὅλου

135 4288 277 4351 me.
306 4289 489 4359 δλῳ,ἢ
525 4292 722 4359 μέρους
751 4293 925 4361 μέρει,
959 4291 990 4364 ἦ
1025 4293 1222 4362 μέρους
1253 4293 1357 4362 ὅλῳ
1381 4294 1508 4360 τινἰ,
1541 4295 1714 4361 ἅναγο

137 4377 311 4440 καίως
339 4381 772 4448 συντεθειμένου,
810 4381 884 4443 ὤς
910 4398 1067 4449 φατε·
1127 4383 1331 4452 ψευδὴς
1366 4383 1474 4455 ἄρα
1513 4385 1546 4455 ἡ
1583 4384 1717 4437 καθ-

137 4471 261 4534 όλου
302 4471 604 4540 ὑπόφανσις
645 4473 746 4552 τῆς
777 4473 1003 4545 πρώτης
1047 4474 1207 4538 εὐθὺς
1235 4475 1570 4550 προτάσεως,

212 4645 321 4699 Καὶ⁵
378 4647 564 4718 ἕτερον
588 4648 633 4700 δ’
690 4643 783 4701 οῦν
822 4651 955 4718 ἡμῖν
1005 4649 1430 4718 πυνθανομένοις
1479 4653 1714 4722 ἀποκρίτ

138 4737 303 4791 νασθε
328 4756 342 4769 ·
406 4740 559 4792 Ἐπεὶ
590 4742 698 4793 πᾶν
744 4741 906 4811 σῶμα
948 4743 1042 4795 καὶ
1079 4745 1142 4794 ἐκ
1173 4743 1348 4796 ποιοῦ
1388 4745 1484 4796 καὶ
1517 4745 1714 4800 ποσοῦ

141 4826 464 4890 συγκεῖσθαι
509 4829 750 4895 λέγεται,
807 4832 1012 4884 τούτων
1057 4831 1131 4894 ώς
1156 4833 1314 4892 ὅλων.
1351 4833 1384 4904 ἢ
1416 4835 1490 4897 ὡς
1530 4836 1712 4906 μερῶν

140 4914 360 4976 λέγεται
408 4913 545 4970 εἶναι
589 4921 686 4988 τὴν
726 4922 1012 4986 σύνθεσινς
1051 4924 1110 4976 Ei
1150 4924 1250 4994 μὲν
1281 4924 1388 4994 γὰρ
1429 4926 1504 4988 ὡς
1548 4927 1706 4993 ὅλων,

142 5005 267 5058 ἐπεὶ
309 5009 574 5075 χωρισταὶ
599 5010 777 5063 οὐσίαι
801 5013 972 5064 ταῦτα
1001 5014 1100 5064 οὐκ
1141 5015 1247 5065 είσὶ
1278 5013 1386 5081 προ
1436 5012 1710 5081 σώματος,

143 5096 247 5152 ποῦ
280 5100 371 5160 καὶ
396 5100 508 5162 πῶς
536 5099 703 5153 ὄντων
733 5102 898 5167 ὃ).ων;
932 5099 1061 5154 Εἶτα
1087 5104 1143 5156 δὲ
1166 5104 1300 5170 πῶς,
1334 5105 1431 5173 τῆς
1464 5106 1717 5174 ὁλότητος

143 5187 238 5241 τοῦ
270 5191 444 5244 ποιοῦ
477 5190 568 5257 καὶ
620 5194 817 5246 ποσοῦ
851 5195 906 5246 ὲν
933 5194 1010 5265 τῷ
1053 5195 1133 5246 ἐνὶ
1169 5195 1380 5264 σώματι
1407 5197 1483 5264 τῷ
1516 5196 1717 5268 πρώτῳ

142 5281 252 5333 τῶν
294 5283 515 5352 ἀτόμων
557 5284 926 5356 συντεθείσης,
984 5288 1121 5354 μετὰ
1164 5287 1225 5339 τὸ
1270 5287 1488 5356 πρῶτον
1532 5290 1713 5357 σῶμα,

143 5372 397 5444 δεύτερον
425 5373 506 5427 ἔτι
539 5375 731 5444 γέγονέ
771 5393 822 5428 τι
862 5378 925 5429 ἐκ
950 5377 1126 5430 ποιοῦ
1165 5376 1259 5430 καὶ
1290 5377 1485 5431 ποσοῦ
1520 5380 1711 5449 σῶμα;

145 5464 281 5518 Οὐδὲ
331 5465 439 5536 γὰρ
492 5461 560 5536 ἦν
598 5484 651 5520 τι
715 5467 1041 5536 ὑπολειφθὲν
1079 5467 1409 5534 ἀσύνθετον,
1459 5468 1567 5522 τῶν
1617 5471 1712 5524 τοῦ

147 5555 318 5610 ποιοῦ
365 5558 460 5610 κοιλ⁵
486 5559 685 5613 ποσοῦ
723 5558 994 5631 ὀλοτήτων
1024 5559 1405 5614 συντεθεισῶν.
1455 5561 1518 5615 Ei
1555 5561 1611 5616 δὲ
1639 5563 1714 5627 ὡς

147 5649 311 5729 μέρος
352 5650 508 5728 μέρει
544 5651 796 5733 ἀλλήλοις
837 5653 960 5710 τάδε
1019 5653 1321 5730 σύγκειται,
1373 5654 1587 5728 πρῶτον
1615 5657 1712 5734 μὲν

1807 3281 1911 3335 bus
1926 3281 2151 3337 omnino
2167 3285 2532 3354 compositum
2551 3285 2717 3342 fuisse
2735 3289 2757 3341 ?
2773 3289 3016 3358 Namque
3034 3291 3076 3346 si
3095 3308 3161 3346 ex
3183 3294 3394 3363 aliquot

1810 3373 2252 3440 praecedentibus
2287 3378 2420 3431 totis
2442 3378 2529 3432 vel
2559 3379 2811 3448 partibus
2831 3395 2862 3435 a
2889 3382 3162 3452 principio
3187 3384 3393 3441 factum

1809 3461 1964 3516 illum
1994 3463 2165 3520 fuisse
2195 3475 2412 3535 putant,
2452 3467 2614 3524 nobis
2672 3485 2829 3524 suam
2881 3472 3202 3541 opinionem
3237 3485 3392 3544 pate-

1815 3549 2039 3612 faciant,
2064 3561 2146 3613 ut,
2182 3554 2225 3605 si
2253 3552 2325 3604 ita
2353 3552 2661 3619 loquuntur,
2689 3553 2808 3605 illos
2829 3553 2938 3621 jam
2968 3558 3117 3618 quasi
3145 3552 3384 3618 Graecos,

1809 3655 1916 3694 non
1961 3641 2112 3709 quasi
2162 3641 2228 3695 de
2275 3643 2432 3694 modo
2483 3650 2690 3695 tantum
2735 3644 3051 3697 meonomiae
3105 3645 3384 3699 uobiscum

1810 3732 2218 3793 dissentientes,
2253 3731 2625 3802 alloquamur.
2659 3731 2715 3786 Si
2749 3748 2878 3786 vero
2908 3735 3244 3789 contenIiOni
3278 3737 3389 3802 pie-

1814 3831 1978 3876 talem
2047 3831 2464 3890 anteponentes,
2532 3839 2593 3878 ex
2661 3837 2765 3876 non
2832 3825 3067 3893 cutibus
3127 3827 3389 3881 mundum

1810 3917 2026 3969 unitum
2110 3914 2320 3971 {aetum
2373 3915 2543 3971 fuisse
2610 3916 2821 3982 dicunt,
2897 3934 3004 3973 non
3083 3933 3206 3984 ens,
3290 3937 3389 3976 nec

1815 4014 1990 4062 totum
2019 4023 2123 4062 nec
2153 4018 2362 4078 partem
2386 4024 2530 4073 esse,
2563 4009 2720 4066 fateri
2758 4022 3046 4081 cogentur.
3101 4014 3391 4079 Quomodo

1813 4113 1964 4169 ergo,
1997 4113 2122 4152 cum
2158 4100 2370 4152 nullum
2403 4093 2599 4159 totum,
2627 4102 2887 4170 nullaque
2923 4118 3049 4172 pars
3098 4118 3391 4171 prrecesse-

1815 4187 1913 4252 rit,
1937 4189 2069 4242 unio
2122 4188 2356 4258 hujusce
2392 4189 2561 4244 totius
2609 4191 2800 4244 mundi
2851 4191 2994 4245 facta
3028 4190 3228 4245 luerit?
3252 4190 3389 4244 Cum

1815 4280 2101 4348 quodlibet
2132 4281 2368 4348 unitum,
2396 4282 2673 4352 quoddam
2703 4290 2876 4337 totum
2933 4283 3054 4343 toti,
3090 4281 3204 4336 sive
3262 4296 3390 4350 pars

1816 4372 1980 4440 parti,
2012 4372 2127 4426 sive
2171 4389 2300 4442 pars
2329 4373 2548 4428 cuidam
2595 4373 2720 4435 toti,
2773 4374 2996 4428 uniatur
3045 4388 3271 4426 necesse
3295 4371 3389 4436 sit,

1739 4498 1789 4558 υ
1817 4472 1982 4533 prout
2013 4464 2218 4522 dicitis.
2249 4448 2382 4519 falsa
2409 4480 2543 4536 ergo
2568 4474 2650 4520 est
2678 4466 2789 4536 jam
2817 4465 3011 4537 primm
3056 4463 3389 4534 propositio-

1813 4555 1900 4610 nis
1924 4555 2338 4621 demonstratio,

1883 4647 2047 4702 Aliud
2119 4656 2303 4702 autem
2365 4647 2744 4717 quaerentibus
2814 4645 2974 4701 nobis
3027 4645 3388 4714 respondete:

1809 4736 1945 4792 Cum
1973 4753 2136 4791 omne
2197 4753 2398 4807 corpus
2447 4753 2510 4790 ea:
2536 4754 2638 4808 quo
2679 4743 2736 4791 et
2789 4743 2992 4806 quanto
3024 4734 3390 4803 compositum

1810 4828 2047 4887 dicatur.
2084 4829 2384 4882 illorumne
2415 4837 2476 4882 ut
2539 4811 2808 4887 totorum‘
2851 4825 2938 4880 vel
2991 4825 3229 4894 partium
3262 4824 3394 4877 unio

1815 4936 1935 4976 esse
1968 4920 2205 4974 dicitur?
2229 4920 2285 4975 Si
2316 4921 2464 4974 enim
2493 4928 2554 4981 ut
2588 4927 2852 4980 totorum,
2876 4933 2998 4970 cum
3020 4918 3120 4971 ista
3145 4932 3252 4970 non
3285 4916 3396 4968 sint

1817 5013 2140 5068 substantiae
2169 5011 2444 5065 distinctae
2478 5017 2604 5063 ante
2645 5023 2864 5076 corpus,
2890 5007 2984 5067 ubi
3027 5015 3085 5060 et
3117 5006 3396 5074 quomodo

1818 5104 1965 5157 entia
2001 5111 2113 5154 tota
2136 5102 2159 5154 ?
2185 5100 2395 5154 Deinde
2428 5114 2561 5151 vero
2591 5097 2890 5176 quomodo,
2947 5095 3215 5150 totalitnte
3245 5095 3395 5162 cujus

1819 5205 1876 5250 et
1902 5195 2089 5264 quanti
2115 5195 2171 5248 in
2213 5208 2324 5246 uno
2349 5205 2583 5260 oorpore
2623 5190 2802 5262 primo
2861 5199 3168 5241 atomorum
3220 5185 3394 5247 unita,

1822 5294 1946 5356 post
2003 5285 2245 5355 primum
2302 5297 2525 5352 corpus,
2575 5279 2879 5335 secundum
2938 5278 3122 5332 adhuc
3174 5275 3396 5345 aliquod

1821 5394 2024 5448 corpus
2053 5393 2120 5433 ex
2149 5393 2250 5448 quo
2272 5383 2329 5430 et
2388 5381 2590 5443 quanto
2629 5371 2837 5426 factum
2884 5369 3022 5425 fuit?
3067 5367 3215 5423 Nihil
3249 5365 3396 5421 enim

1821 5479 2110 5543 supererat
2137 5485 2246 5524 non
2277 5466 2515 5532 unitum,
2542 5464 2914 5521 totalitatibus
2943 5463 3093 5532 cujus
3124 5466 3180 5515 et
3206 5459 3397 5530 quanti

1822 5564 2012 5620 unitis.
2055 5562 2110 5618 Si
2143 5576 2276 5616 vero
2306 5567 2367 5614 ut
2390 5575 2515 5631 pars
2545 5565 2704 5630 parte
2733 5556 2839 5612 alia
2876 5554 3001 5610 aliis
3045 5566 3398 5631 eomponun-_

1823 5667 1933 5722 tur,
1966 5654 2142 5730 prima
2176 5655 2334 5726 cujus
2375 5650 2660 5709 totalitatis
2683 5665 2809 5721 pars
2855 5648 2913 5702 τὸ
2965 5647 3090 5723 quid
3119 5654 3176 5702 ut
3215 5644 3339 5718 quid
3363 5643 3394 5696 ,ν
