3912 6298
166 345 191 411 l
205 345 326 411 3.05

1146 352 1543 415 ADVERSUS
1580 349 2128 413 NESTORIANOS.
2166 377 2236 386 -
2274 352 2422 412 LIB.
2466 351 2516 410 Ι.
3328 336 3463 401 1606

170 465 534 568 πλήττεται,
586 462 708 518 οὔτε
760 462 1022 532 πάσχοντι
1054 462 1643 533 συγκολαφισθήσεται,
1669 462 1791 515 οὔτε

1914 463 2260 526 )ercutietur,
2294 475 2419 516 cum
2446 467 2641 514 vexato
2670 471 2780 510 non
2833 452 3142 517 vexabitur,
3204 465 3309 507 nec
3337 467 3465 505 cum

2020 555 2036 568 ι
2119 564 2129 568 -
2425 551 2444 568 j
2487 550 2562 568 ιι.
2631 564 2719 568 Α---
2783 544 3110 568 ,2..--12Αξιιι-
3134 542 3250 568 Lm...
3279 542 3462 568 ’.ιιι-...ει-

165 555 452 626 ἡδομένῳ
518 554 973 625 συνευφραῑνεται
1015 594 1030 621 ,
1084 555 1119 624 ἢ
1184 554 1373 618 ἁπλῶς
1435 555 1543 608 τῶν
1614 555 1794 609 αὐτῶν

1914 555 2167 626 gaudente
2197 550 2586 623 congaudebit,
2626 564 2724 603 seu
2781 544 3110 615 simpliciter
3134 542 3252 597 haec
3277 542 3466 597 omnia

165 645 599 700 ἀπολαύσειεν.
660 645 795 699 Οὐδὲ
846 646 999 697 τουτὶ
1079 645 1247 708 πάθος
1294 644 1358 698 τὸ
1426 644 1558 699 αὐτὸ
1590 685 1605 709 ,
1672 645 1794 699 κατ’

1914 647 2275 717 )articiparet.
2329 644 2520 712 Neque
2545 642 2663 695 haec
2714 638 2904 693 eadem
2930 635 3134 706 passio,
3169 634 3323 703 juxta
3358 649 3466 687 nu-

166 734 435 804 ἀριθμὸν
503 736 617 789 τῶν
690 735 863 806 ἑτέρῳ
941 735 1377 804 συμϐαινόντων,
1430 737 1539 790 τινὶ
1583 753 1795 807 συμμε-

1914 754 2108 791 uerum
2161 752 2350 791 eorum
2401 750 2522 803 qua:
2557 731 2715 787 alteri
2773 727 3058 788 eveniunt,
3103 740 3227 778 cum
3286 723 3467 791 aliqua

172 825 534 894 ρεσθήσεται
559 843 572 857 ·
615 827 810 895 ἀμέλει
840 825 936 879 τοῦ
979 826 1237 879 πλουσίου
1270 830 1326 880 ὲν
1369 826 1620 899 σπατάλῃ
1668 844 1797 880 κατ-

1914 828 2336 898 :omparabitur;
2364 835 2517 881 certe
2537 838 2661 878 cum
2692 820 2848 874 dives
2890 815 3174 886 splendide
3214 814 3467 882 epulare-

169 919 633 987 ευωχουμένου,
698 918 948 990 Λάζαρος
999 920 1098 971 οὐκ
1169 919 1536 988 εὐφραίνετο·
1595 920 1796 988 ὁμοίως

1926 936 2008 982 ur.
2041 934 2152 973 non
2206 916 2492 971 laetabatur
2547 913 2824 975 Lazarus;
2888 906 3143 962 similiter
3194 919 3297 958 nec
3336 904 3468 959 dum

169 1008 234 1061 δὲ
279 1009 427 1063 οὔτε
483 1013 548 1063 ὲν
607 1013 804 1082 γεέννῃ
856 1010 1013 1064 τοῦδε
1060 1002 1498 1081 φλογιζομένου,
1547 1013 1797 1081 Λάζαρος

1914 1021 1953 1058 τι
1984 1005 2199 1059 inferno
2216 1004 2430 1059 ﬂamma
2455 1000 2798 1055 cruciaretur
2824 1038 2838 1061 ,
2863 996 3104 1051 Lazarus
3133 993 3467 1063 patiebatur.

172 1101 470 1155 ὠδυνᾶτο.
526 1104 663 1157 Ἀλλ’
705 1103 827 1156 οὐδὲ
860 1106 1022 1172 ἡμεῖς
1054 1102 1150 1156 νῦν
1175 1104 1307 1173 ὑμῖν
1344 1104 1643 1172 φάσκουσιν
1677 1104 1797 1157 ὀδυ-

1914 1095 2005 1151 Sed
2063 1110 2165 1149 nec
2211 1111 2313 1148 nos
2336 1093 2500 1147 simul
2541 1105 2666 1145 cum
2700 1089 2860 1143 vobis
2906 1102 2936 1142 a
2968 1085 3184 1139 ilamma
3210 1084 3319 1153 pati
3383 1084 3469 1137 di-

173 1192 398 1247 -ἰᾶτθαι
437 1196 540 1247 ἐπὶ
574 1198 637 1264 τῇ
690 1194 988 1264 θρυαλλίδι,
1038 1196 1479 1266 συνηλγήσαμεν,
1514 1195 1795 1251 ἁσύνθετοι

1914 1187 2174 1246 :entibus,
2210 1184 2355 1254 passi
2388 1198 2600 1245 sumus,
2637 1179 2909 1250 siquidem
2953 1175 3256 1231 fatentibus
3294 1175 3470 1230 enmi-

178 1284 334 1352 πρὸς
370 1285 531 1352 ὑμᾶς
561 1284 1006 1354 ὁμολογουμένως
1033 1284 1392 1355 ὑπάρχοντες.

1914 1276 2324 1338 )ης,νοὶιίεοιιιιι
2361 1290 2468 1329 ηοη
2499 1286 2691 1325 sumus
2719 1269 2878 1324 uniti.

263 1379 331 1429 E!
373 1377 440 1430 δὲ
478 1378 653 1431 ταῦτα
688 1378 1255 1449 ἀντιπεριτραπείσης
1298 1379 1485 1440 αὐτοῖς
1530 1378 1630 1448 τῆς
1662 1377 1797 1440 ἰδίας

1968 1378 2024 1433 Si
2053 1392 2182 1432 vero
2203 1376 2404 1431 astutia
2448 1388 2641 1428 eorum
2659 1372 2866 1425 eisdem
2896 1368 3088 1425 eadem
3116 1385 3265 1423 arma
3294 1384 3470 1438 oppo-

181 1471 582 1539 κακουργίας,
616 1470 866 1540 αἰσθήσει
920 1470 1222 1540 μάχεσθαι,
1260 1472 1390 1533 τοὺς
1427 1471 1568 1539 ἄγαν
1605 1486 1797 1539 φυσιο-

1914 1482 2056 1530 iens,
2093 1481 2216 1520 cum
2250 1458 2608 1520 sensibilibus
2641 1470 2871 1532 pugnat,
2899 1460 3174 1528 nimisque
3220 1459 3290 1514 de
3335 1459 3472 1529 phy-

184 1564 392 1627 ὶογεῖν
435 1560 803 1631 βουλομένους
834 1563 928 1615 καὶ
965 1563 1044 1625 εἰς
1066 1562 1135 1614 τὰ
1166 1562 1288 1615 θεῖα
1317 1562 1502 1629 σαφῶς
1532 1560 1801 1631 παρίστη-

1914 1558 2027 1611 ιὶοἱε
2059 1557 2245 1611 dicere
2282 1556 2533 1610 volentes
2558 1554 2611 1607 in
2641 1551 2963 1608 caelestibus
3020 1549 3309 1604 evidenter
3341 1564 3473 1603 con-

189 1670 273 1709 σι.
316 1654 398 1723 μή
450 1670 506 1705 τι
536 1654 643 1722 ἄρα
665 1653 727 1705 τὸ
757 1653 945 1723 ἕτερον
971 1655 1290 1723 αἱρήσονται
1322 1653 1511 1717 σκέλος
1542 1654 1643 1721 τῆς
1663 1651 1795 1705 διαι-

1914 1648 2115 1711 stituit,
2169 1660 2353 1700 nonne
2422 1644 2582 1698 aliam
2641 1652 2852 1712 partem
2906 1638 3282 1694 distinctionis
3328 1638 3462 1692 arri-

193 1744 444 1813 ρέσεως,
502 1744 628 1832 περὶ
674 1743 852 1815 ψυχῆς
902 1745 1101 1811 λέγειν,
1134 1745 1217 1797 ὅτι
1264 1743 1514 1813 ἐμμερής
1543 1743 1601 1795 τέ
1646 1743 1795 1795 ἔστιν

1914 1738 2073 1807 sient,
2111 1737 2178 1792 de
2210 1736 2391 1791 anima
2418 1736 2664 1789 dicentes
2696 1731 2946 1802 partibus
2972 1747 3091 1785 eam
3113 1729 3470 1799 compositam

192 1835 299 1887 ἆτε
350 1834 456 1886 καὶ
496 1851 562 1886 πε
574 1827 870 1905 ριγραπτὴ,
898 1835 995 1887 καὶ
1022 1835 1111 1887 διὰ
1144 1833 1306 1888 τοῦτο
1336 1834 1430 1887 καλ⁴
1455 1832 1736 1900 σύγκειται
1764 1832 1797 1901 ἡ

1914 1841 2135 1895 esseque
2169 1825 2401 1889 ﬁnitam,
2444 1821 2679 1890 ideoque
2709 1820 2948 1875 animam
3000 1833 3221 1888 quoque
3258 1816 3469 1886 subjici

190 1927 358 1997 ψυχὴ
394 1926 481 1997 τῷ
511 1927 745 1997 ὲμμερεϊ
795 1928 889 1979 καὶ
925 1925 1291 1997 περιγραπτῷ
1323 1925 1572 1994 σώματι;
1605 1923 1669 1977 Ei
1704 1922 1799 1978 οὖν

1914 1918 2119 1987 :orpori
2148 1915 2401 1997 partibus
2430 1913 2718 1984 coagulato
2742 1918 2908 1997 atque
2930 1907 3392 1977 circumscripto?
3413 1906 3471 1963 Si

389 1988 632 2085 λέγοιτε,
659 1988 846 2078 πάλιν,
874 1988 1169 2085 σκέψασθε,
1193 1988 1455 2086 φαίημεν,
1481 1988 1801 2082 τὰγσυναγό-

1914 2016 2018 2070 τεο
2052 2001 2155 2054 hoc
2182 1996 2454 2059 dixeritis,
2481 2008 2721 2056 rursum,
2745 1989 3168 2058 Consequentia,
3200 1988 3467 2057 dicemus,

203 2125 385 2177 μενοι·
409 2081 634 2178 πρῶτον
667 2109 764 2178 μὲν
793 2108 895 2178 γὰρ
927 2081 1241 2173 συναύξοιτο
1262 2081 1358 2160 καλ
1389 2105 1802 2174 συναπομειοϊτο

1914 2100 2142 2157 pensato;
2175 2090 2409 2159 primmn
2447 2084 2590 2139 enim
2644 2081 2807 2138 simul
2854 2095 2978 2134 cum
3024 2093 3255 2145 corpore
3300 2094 3469 2150 auge-

198 2198 307 2251 καὶ
367 2198 822 2267 συνδιατέμνοιτο
870 2197 950 2267 τῷ
1000 2197 1219 2267 σώματι
1247 2212 1261 2226 ’
1310 2196 1359 2248 ει
1404 2195 1461 2248 δὲ
1509 2195 1584 2265 μὴ
1623 2210 1709 2262 γε,
1739 2193 1802 2246 τὸ

204 2289 468 2355 αὐξηθὲν
491 2291 652 2358 σῶμα
684 2290 747 2343 οὐ
780 2289 1013 2353 (tn-basi,
1046 2288 1120 2359 μὴ
1150 2287 1484 2356 ἐγγενομένη
1507 2285 1649 2338 κατὰ
1681 2283 1805 2337 σύν-

201 2381 372 2436 θεσιν
410 2382 510 2434 καὶ
541 2381 717 2452 αὐτῷ·
745 2382 867 2435 οὐδὲ
909 2381 986 2451 τῷ
1043 2380 1330 2450 μειωθέντι
1366 2376 1682 2448 ἀρκεσθείη,
1727 2374 1805 2447 μὴ

205 2476 732 2547 συμπερισταλεῖσα
780 2474 928 2544 αὐτῷ
962 2493 1096 2538 πως.
1131 2469 1267 2526 Εἶτα
1303 2470 1381 2534 δὲ,
1408 2469 1461 2523 τί
1500 2469 1566 2523 ἂν
1599 2469 1801 2521 εἴποιτε

202 2569 317 2630 ἔτι,
352 2569 487 2620 ἐπεὶ
525 2568 585 2620 τὸ
624 2568 864 2637 ὲμμερὲς
906 2565 1001 2618 καὶ
1037 2562 1413 2634 περιγραπτὸν
1437 2563 1543 2617 πᾶν
1571 2561 1627 2613 ἐν
1654 2560 1803 2631 τόπῳ

205 2655 406 2721 ἑστῐνς
450 2656 524 2708 Τὸ
552 2656 608 2708 δὲ
654 2657 710 2708 ἐν
744 2656 892 2725 τόπῳ
925 2654 1006 2719 ὃν,
1055 2653 1088 2724 ἢ
1143 2652 1326 2723 σῶμα,
1368 2651 1401 2722 ἢ
1462 2648 1805 2720 συμϐεϐηκὸς

209 2746 446 2818 σώματι
477 2747 778 2816 ἀχώριστόν
805 2748 975 2811 ἐστιν,
1005 2746 1219 2811 ἀνάγκη
1263 2744 1296 2813 ἢ
1342 2732 1686 2812 συμϐεϐηκὸς
1710 2740 1806 2794 καὶ

207 2839 380 2891 τοῦτο
396 2837 707 2907 ἀχώριστόν
731 2853 803 2890 τι·
831 2837 955 2890 ὅθεν
981 2837 1100 2889 οὐδὲ
1124 2834 1391 2888 ἀθάνατον
1416 2833 1517 2897 ἔτι,
1539 2833 1570 2903 ἢ
1596 2831 1805 2886 αὐθύπ-

211 2945 469 2995 αρκτον,
499 2928 618 2980 οὐδὲ
659 2928 847 2980 οὐσίαν
893 2926 1101 2979 οἴεσθαι
1166 2927 1266 2994 τὴν
1313 2923 1527 2994 ψυχὴν,
1561 2923 1593 2994 ἢ
1648 2921 1805 2992 σῶμα

214 3014 366 3071 εἶναι
409 3017 593 3083 λέγειν
629 3017 820 3087 αὐτὴν,
854 3016 959 3069 tith
1009 3016 1261 3086 σώματος
1300 3013 1707 3085 περιεχόμενον.
1743 3014 1805 3067 Εἰ

1868 2180 2064 2247 'retnr,
2114 2182 2449 2235 minueretur
2490 2184 2652 2241 atque
2702 2172 3086 2235 scinderetur;
3137 2170 3221 2223 sin
3284 2169 3468 2237 aliter,

1892 2284 2113 2329 aut-tum
2158 2285 2361 2341 corpus
2411 2283 2516 2322 non
2561 2264 2883 2329 viviﬁcabit,
2947 2262 3052 2318 nisi
3107 2262 3289 2316 innata
3342 2277 3467 2317 cum

1900 2369 1991 2423 illo
2040 2367 2304 2429 uniatur;
2335 2361 2620 2417 debilitate
2665 2374 2770 2413 non
2821 2357 3207 2419 succurrisset,
3258 2355 3312 2409 ni
3363 2368 3473 2423 quo

1894 2460 2056 2514 modo
2100 2457 2176 2511 illi
2222 2458 2475 2524 adaptata
2521 2451 2735 2505 fuisset.
2787 2445 2920 2500 Dein
2966 2443 3271 2514 vero,quid
3296 2444 3474 2498 adhuc

1894 2548 2173 2611 diceretis,
2197 2561 2319 2601 cum
2345 2557 2525 2605 omne,
2552 2540 2696 2611 quod
2720 2554 2787 2594 ex
2829 2536 3076 2607 partibus
3121 2535 3470 2603 componitur

1897 2655 1961 2693 ac
1990 2636 2480 2698 circumscribitur,
2518 2633 2570 2686 in
2599 2634 2720 2685 loco
2743 2628 2850 2685 sit?
2877 2628 3046 2682 Porro
3082 2629 3225 2695 quod
3259 2626 3312 2679 in
3356 2626 3475 2682 loco

1895 2742 2001 2794 est,
2028 2747 2119 2784 seu
2143 2744 2362 2798 corpus,
2381 2741 2476 2783 seu
2500 2724 2719 2794 corpori
2740 2722 2995 2778 accidens
3011 2719 3348 2774 individuum
3368 2727 3472 2783 est,

1895 2822 2195 2877 necessitas
2218 2820 2301 2874 vel
2323 2820 2578 2872 accidens
2604 2817 2733 2870 illud
2788 2828 3008 2884 quoque
3043 2811 3244 2880 aliquid
3273 2810 3476 2866 indivi-

1898 2914 2059 2968 duum
2080 2921 2164 2966 est
2186 2927 2203 2974 ς
2229 2910 2354 2964 inde
2379 2908 2604 2975 uecjatn
2629 2906 2974 2967 immortalis,
3007 2917 3105 2957 nec
3127 2916 3223 2971 per
3254 2915 3315 2954 se
3342 2901 3476 2954 sub-

1901 3004 2120 3065 sistens,
2164 3015 2277 3057 uec,
2298 2997 2606 3054 substantia
2641 2995 2822 3049 anima
2848 2993 3094 3047 habenda
3123 3003 3227 3058 est,
3254 2991 3336 3043 vel
3358 2993 3478 3059 ipsa

215 3111 275 3162 δὲ
312 3081 535 3177 σῶμαῆ
569 3109 735 3178 ψυχὴ,
757 3081 855 3160 *διὰ
887 3081 1137 3176 σώματος
1172 3106 1233 3158 οὐ
1274 3081 1541 3176 χωρήσει,
1568 3105 1641 3176 μὴ
1674 3104 1807 3158 διαι-

1914 3092 2343 3162 corpnsdicenda
2359 3100 2682 3154 esteat-pore
2696 3085 2971 3139 obvoluta.
3000 3081 3055 3135 Si
3085 3092 3478 3148 autemt-orpus

223 3202 404 3272 ρπιῦσα
438 3200 613 3263 τοῦτο,
660 3201 692 3270 ἢ
747 3200 1096 3270 διαιρουμένη
1132 3197 1237 3250 ὑπὸ
1277 3194 1491 3259 τούτου,
1523 3197 1571 3249 εἰ
1611 3196 1805 3265 ἀληθὲς

219 3293 284 3345 τὸ
319 3291 483 3360 σῶμα
513 3290 601 3344 διὰ
627 3290 877 3359 σώματος
913 3289 988 3360 μὴ
1021 3290 1239 3358 χωρεῖν,
1284 3285 1414 3340 ἄνευ
1445 3285 1545 3354 τῆς
1575 3285 1804 3357 θατέρου

220 3382 572 3451 διαιρέσεως.
616 3380 777 3433 Ἀλλὰ
807 3380 902 3433 καὶ
960 3381 1019 3431 ὲν
1063 3379 1213 3447 ὄγκῳ
1254 3376 1462 3448 μείζονι
1490 3375 1562 3429 τὰ
1589 3375 1808 3448 ἔμψυχα

226 3472 465 3539 σώματα
508 3470 660 3541 παρὰ
708 3469 776 3523 τὰ
818 3468 988 3537 νεκρὰ
1035 3467 1263 3538 ὁρᾶσθαι
1308 3467 1620 3533 ἀναγκαῖον,
1652 3464 1808 3535 εἴπερ

229 3564 345 3616 πᾶν
393 3560 553 3629 σῶμα
594 3559 808 3630 σώματι
859 3557 1262 3627 ὲπιγινόμενον,
1311 3558 1368 3609 ὲν
1407 3556 1556 3625 ὄγκῳ
1605 3554 1810 3624 μείζονι

228 3656 397 3710 τοῦτο
427 3654 699 3708 δείκνυσιν
722 3670 736 3683 ο
768 3652 846 3706 ἔτι
883 3651 981 3723 μέν
1007 3669 1087 3705 τοι
1120 3651 1214 3705 καὶ
1244 3649 1382 3720 αὕτη
1407 3648 1456 3701 εἰ
1484 3648 1645 3719 σῶμά
1665 3648 1810 3702 ἔστιν

226 3750 269 3819 ἡ
312 3747 486 3815 ψυχὴ,
523 3743 746 3813 συνεχές
774 3760 833 3795 τε
887 3742 1052 3795 ποσὸν
1093 3741 1205 3810 ἔχει
1255 3740 1349 3792 καὶ
1393 3739 1598 3809 σχῆμα.
1643 3736 1813 3806 Σῶμα

232 3832 333 3893 οὖν
378 3839 448 3893 δι’
475 3839 603 3905 ὅλης
645 3837 813 3905 αὐτῆς
862 3837 918 3888 ἐν
952 3837 1018 3903 τῇ
1067 3831 1312 3884 συνθέσει
1354 3830 1725 3900 εἰσδεξαμένη,
1755 3830 1813 3881 ὲν

233 3932 390 3997 ὄγκῳ
424 3927 631 3997 μείζονι
659 3927 753 3979 καὶ
799 3926 936 3995 αὐτὴ
967 3923 1476 3993 κατασταθήσεταιο
1516 3921 1543 3974 δ
1574 3921 1684 3993 γὰρ
1712 3922 1814 3990 ὲμ-

237 4020 457 4086 ποιήσει
487 4017 657 4085 ἑτέρῳ
686 4015 745 4067 τὸ
770 4014 956 4082 ἕτερον
982 4014 1161 4081 σῶμα,
1199 4012 1274 4072 ὡς
1316 4009 1498 4079 σῶμα,
1530 4010 1689 4064 τοῦτο
1718 4010 1814 4062 καὶ

240 4111 376 4164 αὐτὸ
430 4107 689 4159 πείσεται
724 4106 830 4159 ὑπὸ
864 4105 957 4157 τοῦ
1006 4104 1214 4173 ἑτέρου.
1251 4103 1372 4154 Ἔτι
1416 4102 1473 4155 δὲ
1505 4102 1598 4155 καὶ
1642 4101 1815 4154 ἄλλων

242 4201 463 4252 ἀτόπων
489 4198 708 4266 πλῆθος,
740 4197 767 4249 ὃ
804 4197 892 4248 διὰ
918 4195 1016 4266 τὴν
1055 4196 1147 4248 ἐπὶ
1185 4195 1440 4247 πλεῖστον
1477 4194 1816 4265 παρέκϐασιν

242 4291 354 4344 τῶν
382 4289 726 4358 ζητουμένων
761 4288 1103 4357 παρορατέον
1148 4288 1280 4356 ἡμῖν
1325 4286 1461 4357 πρὸς
1506 4286 1567 4339 τὸ
1619 4285 1815 4356 παρὸν,

244 4383 343 4435 καὶ
374 4381 482 4434 τῶν
507 4380 813 4451 εἰρημένων
839 4377 1164 4431 δεικνύντων
1203 4379 1304 4431 οὐκ
1348 4378 1582 4439 ἐλλιπῶς
1620 4375 1682 4430 τὸ
1725 4377 1818 4427 ἀνι

250 4473 469 4541 ισχυρον
500 4470 598 4539 τῆς
629 4468 899 4539 ὑμετέρας
930 4467 1241 4530 ὑποθέσεως
1261 4483 1274 4497 ο
1304 4466 1442 4521 ἀλλὰ
1482 4467 1657 4520 ταῦτα
1697 4466 1817 4536 μὲν,

247 4568 340 4616 καὶ
369 4567 468 4633 τῆς
512 4561 773 4629 δευτέρας
805 4561 1184 4628 ἀποφαντικῆς
1220 4557 1374 4626 ὑμῶν
1404 4558 1569 4612 ἓνεκα
1615 4557 1820 4630 προτά-

248 4671 404 4717 σεως.
444 4653 713 4722 λεγούσης
769 4652 851 4705 ὅτι
901 4650 961 4704 τὸ
1009 4649 1399 4718 συντιθέμενον
1454 4650 1677 4711 πάντως
1730 4648 1825 4702 καὶ

248 4744 491 4815 ὲμμερὲς
537 4738 678 4795 εἶναι
719 4741 954 4810 ἀνάγκη,
989 4743 1086 4792 καὶ
1133 4737 1534 4809 περιγραπτδν,
1584 4738 1643 4804 ἐξ
1675 4731 1736 4791 οὗ
1764 4735 1826 4789 τδ

247 4837 489 4907 γενναῖον
519 4836 649 4905 ὑμῖν
675 4834 795 4886 ὅλον
832 4831 1171 4904 ἐπιχείρημα
1208 4828 1638 4891 κατεσκεύαστο.

336 4983 489 5037 Ἐπεὶ
517 4978 609 5035 οὖν
651 4982 743 5035 καὶ
769 4981 835 5035 τὰ
864 4980 1129 5051 εἰρημένα
1161 4976 1439 5047 ἀρκοῦντά
1462 4978 1578 5030 ἐστι
1618 4978 1699 5040 εἰς
1727 4994 1831 5030 κα-

250 5077 473 5130 τάλυσιν
499 5074 597 5142 τῆς
621 5072 914 5140 ψαμμαιας
931 5070 1084 5140 ὑμῶν
1103 5069 1416 5139 οἰκοδομῆς,
1443 5067 1532 5120 διὰ
1556 5066 1674 5120 τόδε
1702 5067 1831 5121 ἑπό-

256 5183 394 5235 μενα
415 5163 585 5234 μυρία.
602 5163 694 5216 καὶ
718 5161 854 5214 ἄλλα
873 5161 1050 5230 ἀτοπὴ
1060 5177 1205 5229 ματα
1230 5161 1350 5221 ταῖς
1368 5156 1668 5226 ὑμετέραις
1693 5157 1829 5210 ὑπο-

253 5250 893 5321 θέσεσι,παραλείψομεν,
919 5249 1035 5317 εἴγε
1057 5249 1118 5302 τὸ
1143 5265 1226 5300 νοε
1237 5250 1326 5317 ρδν
1346 5247 1441 5299 καὶ
1458 5246 1830 5314 πνευματικδν

252 5348 350 5400 καὶ
382 5343 685 5412 ῑσάγγελον,
740 5342 822 5399 ἔτι
872 5341 980 5411 μὴν
1039 5342 1133 5394 καὶ
1167 5340 1228 5394 τὸ
1264 5339 1384 5393 κατ’
1428 5340 1612 5392 εἰκόνα
1666 5339 1824 5404 Θεοῦ,

253 5438 351 5495 καὶ
383 5435 687 5506 ἐμφύσημα
720 5435 820 5503 τῆς
850 5434 1009 5501 δόξης
1034 5432 1127 5485 τοῦ
1155 5432 1628 5500 Ηαντοκράτορος,
1672 5430 1831 5486 τοῦτο

255 5526 414 5597 ὑμεῖς
455 5526 642 5589 ἁπλῶς
670 5526 910 5595 ὲμμερὲς
946 5520 1089 5578 εἶναι
1118 5522 1456 5589 ὑποτίθεσθε,
1481 5524 1619 5578 διότι
1651 5524 1830 5577 συντί-

257 5617 445 5677 θεσθαι
474 5616 1045 5687 ᾡμολόγηται.⁹Ἐσται
1067 5616 1175 5684 γὰρ
1200 5614 1388 5668 τούτου
1412 5614 1681 5679 δοθέντος,
1704 5615 1827 5668 καθ’

261 5711 402 5781 ὑμᾶς
433 5709 491 5787 ἐξ
522 5712 768 5783 ἀνάγκης
790 5711 851 5782 ’ἢ
881 5711 1061 5767 καὶτὰ
1098 5709 1335 5781 συγγενῆ
1366 5708 1461 5762 καὶ
1492 5707 1825 5780 πρωτότυπα

1907 3161 2217 3230 estanima
2243 3212 2257 3234 ,
2301 3186 2401 3241 per
2430 3183 2633 3238 corpus
2687 3179 2799 3221 non
2849 3162 3146 3236 procedet,
3180 3161 3315 3216 illud
3367 3175 3479 3214 non

1907 3268 2180 3327 dividens.
2214 3265 2301 3320 vel
2331 3279 2442 3319 non
2473 3263 2542 3318 ab
2570 3262 2666 3317 illo
2690 3259 2887 3318 divisa.
2924 3258 2972 3313 si
3007 3271 3201 3312 verum
3247 3264 3333 3309 est
3361 3269 3486 3309 cor-

1907 3374 2012 3428 pus
2037 3374 2138 3428 per
2161 3371 2361 3426 corpus
2387 3351 2691 3424 procedere
2723 3345 3066 3418 impossibile
3103 3359 3247 3408 esse,
3277 3342 3484 3411 absque

1910 3448 2198 3516 utriusque
2225 3444 2518 3500 divisione.
2551 3440 2619 3496 At
2654 3439 2823 3496 etiam
2865 3437 2920 3491 in
2982 3436 3186 3506 majore
3227 3428 3485 3502 congerie

1910 3538 2216 3609 spiritualia
2249 3549 2481 3605 corpora
2511 3546 2638 3588 cum
2678 3527 3042 3586 cadaveribus
3061 3522 3298 3580 videnda
3332 3527 3484 3585 sunt,

1912 3628 2181 3699 siquidem
2206 3641 2368 3681 omne
2392 3638 2593 3693 corpus
2618 3620 2838 3691 corpori
2879 3618 3150 3682 additum,
3183 3614 3240 3669 in
3288 3626 3491 3682 conge-x

1913 3720 1993 3774 rie
2016 3718 2207 3787 majori
2241 3715 2376 3770 illud
2426 3709 2874 3775 demonstrat;si
2924 3708 3104 3762 anima
3143 3719 3346 3774 corpus
3381 3710 3491 3767 est,

1913 3808 2277 3880 quantitatem
2329 3804 2649 3860 continuam
2700 3807 2756 3855 et
2788 3798 3018 3868 ﬁguram
3050 3794 3239 3849 habet.
3274 3791 3496 3861 Corpus

1912 3917 2043 3972 ergo
2068 3908 2355 3970 postquam
2386 3897 2442 3950 in
2461 3894 2664 3949 unione
2688 3900 2799 3946 tota
2824 3887 3111 3957 complexa
3146 3885 3238 3950 sit,
3272 3883 3328 3937 in
3348 3883 3493 3937 mole

1914 3994 2123 4063 majore
2169 3989 2361 4046 eadem
2392 3986 2561 4042 etiam
2606 3982 3012 4047 constituetur;
3056 3976 3202 4048 quod
3233 3975 3380 4030 enim
3417 3974 3500 4027 al-.

1919 4082 2021 4138 teri
2052 4082 2525 4146 alterum.corpus
2559 4072 2748 4137 addet,
2780 4080 2841 4125 ut
2872 4083 3096 4139 corpus,
3121 4067 3228 4121 hoc
3261 4071 3318 4120 et
3347 4063 3495 4118 idem

1917 4176 1986 4231 ab
2031 4175 2207 4228 altero
2232 4170 2494 4241 patietur.
2549 4167 2719 4221 Multa
2774 4165 3002 4232 insuper
3050 4166 3180 4214 sunt
3231 4153 3493 4218 absurda,

1919 4283 2059 4338 quze,
2095 4281 2221 4321 eum
2255 4262 2417 4317 valde
2444 4259 2670 4331 quaesita
2710 4253 3034 4326 transgressi
3086 4250 3281 4314 simus,
3337 4246 3499 4302 nobis

1922 4360 1976 4413 in
2016 4355 2272 4428 prtesenti
2329 4350 2634 4409 omittenda
2685 4356 2837 4411 sunt,
2885 4359 3122 4414 cumque
3180 4338 3497 4411 supradicta

1852 4438 1903 4495 ί)
1922 4449 2269 4505 abundanter
2298 4444 2676 4501 inﬁrmitatem
2704 4438 2874 4495 vestri
2906 4433 3219 4510 systematis
3269 4430 3498 4486 demon-e

1923 4537 2241 4594 straverint.
2270 4535 2394 4590 Haec
2416 4539 2544 4588 sunt
2595 4529 2820 4601 quidem
2875 4542 3016 4597 qum,
3063 4521 3321 4579 secunda:
3370 4533 3501 4589 pro-a

1926 4631 2218 4703 positionis
2274 4626 2451 4697 gratia
2476 4632 2672 4679 vestrae
2706 4619 3033 4692 praedicam,
3082 4612 3320 4671 dicentis
3353 4607 3500 4681 quod

1927 4724 2142 4780 unitum
2175 4730 2261 4776 est
2282 4717 2597 4774 necessario
2625 4730 2693 4769 ex
2741 4710 2994 4783 partibus
3039 4707 3373 4768 coalescere,
3417 4709 3503 4761 ate

1926 4832 2032 4886 que
2059 4811 2543 4880 circumscriptum
2590 4821 2733 4870 esse,
2776 4816 2972 4858 omnes
3028 4796 3200 4859 vestri
3251 4790 3511 4871 generosi

1926 4912 2157 4960 conatus
2190 4902 2313 4956 ideo
2334 4901 2814 4968 comparaverunt.

1998 4996 2134 5050 Cum
2156 5004 2285 5060 ergo
2307 4987 2623 5057 supradicta
2657 4984 2721 5039 ad
2766 4979 3208 5038 destructionem
3258 4987 3511 5029 arenosus

1926 5091 2125 5137 vestrm
2147 5075 2528 5133 aediﬁcationis
2558 5070 2854 5131 sullleiant.
2886 5066 3013 5123 ideo
3060 5066 3347 5117 innumera
3375 5073 3497 5113 con-

1930 5169 2216 5240 sequentia
2239 5165 2456 5232 aliaque
2480 5158 2719 5215 absurda
2774 5158 3133 5227 systematum
3187 5153 3505 5202 vestrorum

1929 5234 2292 5330 negligemus,
2320 5252 2593 5323 siquidem
2617 5248 2764 5319 quod
2790 5241 3185 5305 intellectuale,
3219 5236 3366 5330 quod
3392 5234 3506 5330 spi-t

1930 5324 2149 5410 rituale,
2176 5344 2325 5415 quod
2361 5342 2670 5413 angelicum
2701 5380 2716 5404 ,
2741 5338 2852 5392 imo
2893 5331 3049 5405 quod
3075 5338 3161 5387 est
3188 5329 3259 5385 ad
3309 5324 3507 5396 imagis

1928 5454 2055 5494 nam
2087 5437 2181 5491 Dei
2218 5434 2540 5503 ablatusque
2563 5429 2746 5501 gloriae
2793 5420 3223 5493 Omnipotentis,
3280 5430 3510 5485 eat-para

1931 5531 2080 5584 tibus
2104 5526 2451 5598 coagulatum
2478 5535 2792 5598 supponere
2818 5533 2917 5572 vos
2967 5531 3080 5571 non
3124 5508 3411 5573 dubitatis,
3439 5521 3512 5566 eo

1930 5619 2075 5690 quod
2105 5617 2251 5673 ιιιιὶιί
2274 5613 2723 5677 eredalnr.Nam,
2747 5625 2873 5665 cum
2898 5611 2974 5664 ita
3006 5606 3098 5669 sit,
3118 5604 3184 5660 ad
3208 5603 3315 5657 hoc
3338 5599 3506 5654 deve-

1932 5711 2091 5771 nistis
2124 5716 2185 5765 ut
2210 5700 2327 5764 sive
2350 5705 2660 5780 congenita,
2688 5703 2802 5758 sive
2841 5704 3151 5771 prototypa,
3175 5711 3235 5750 ac
3286 5697 3507 5753 antece-
