3912 6298
188 243 211 307 1
223 242 327 304 409

1142 236 1536 299 ADVERSUS
1575 232 2124 297 NESTORIANOS.
2162 255 2229 274 -ί-
2260 238 2407 298 LIB.
2447 233 2498 298 I.

3305 235 3452 302 illo

184 363 244 418 δὲ
277 361 370 414 ἐπὶ
404 356 644 428 συνεχῶν
690 352 902 410 ποσῶν
937 351 1114 424 μόνων
1165 352 1469 423 παράθεσιν
1505 350 1762 416 τοπικὴν

1888 363 1965 413 es,
1999 361 2164 419 atque
2215 349 2490 418 imprimis
2523 345 2591 404 de
2621 340 2902 405 continuis
2936 352 3153 422 quantis
3211 353 3451 422 privatis

193 454 398 526 μορίων
419 451 579 504 τινῶν
604 445 1047 516 συναπτομένων,
1076 445 1172 497 καὶ
1197 444 1345 497 θέσιν
1372 444 1606 513 ἐχόντων
1630 441 1765 512 πρὸς

189 545 416 615 ἄλληλα,
453 541 610 594 τοῦτο
637 537 1003 607 λογιζομένων
1035 536 1377 588 συνεστάναι.
1415 533 1659 586 Ἐοίκατε
1685 532 1764 595 δὲ,

189 630 235 689 ὦ
265 632 542 703 γεννάδαι,
568 633 630 683 ἐκ
653 630 749 698 τῆς
783 629 923 695 ἄγαν
953 627 1074 680 κατ’
1099 625 1353 693 αἴσθησιν
1395 623 1769 691 σπουδαζομέ-

192 743 288 793 νης
307 727 436 793 ὑμῖν
467 720 836 791 φυσιολογίας,
870 719 949 781 εἰς
973 717 1199 786 τοσήνδε
1228 714 1329 786 τὴν
1355 713 1770 778 ἀναισθησίαν

193 798 674 881 κατασπασθῆναι.
703 810 932 881 Ἰδωμεν
961 810 1066 880 γὰρ
1088 810 1183 862 καὶ
1207 807 1496 878 ἀκριϐέστε
1507 822 1597 874 ρον
1618 806 1767 873 ὅμως

193 909 252 961 τὸ
281 905 692 972 ἁπερίγιοαρον
723 904 850 972 ὑμῖν
888 901 1006 962 πῶς
1051 900 1266 967 λέγεται
1293 897 1372 968 τῷ
1418 898 1656 966 ὲμμερεί
1693 894 1768 963 μὴ

192 998 418 1052 δυνατὸν
450 992 590 1048 εἶναι
622 991 1002 1047 συντίθεσθαι·
1037 992 1252 1061 πρῶτον
1281 990 1377 1056 μὲν
1408 989 1519 1057 γὰρ
1551 986 1610 1038 τὸ
1633 988 1770 1038 άπε-

198 1086 500 1158 ρίγραπτόν
543 1103 594 1137 τι
684 1079 846 1142 εἶναι,
899 1079 1346 1148 ἐπιπολαιότερον
1412 1079 1476 1129 ἐκ
1516 1073 1768 1140 τοπικῆς

197 1179 431 1246 σχέσεως
467 1177 708 1243 λέγεταιο
741 1174 849 1244 ἄρα
874 1172 966 1225 οὖν
989 1173 1083 1224 καὶ
1116 1173 1182 1240 τῇ
1211 1171 1351 1222 κατὰ
1380 1169 1547 1220 τόπον
1577 1167 1768 1217 ὲνωσει

196 1265 560 1338 πχρεμποδὼν
597 1265 657 1317 τὸ
701 1264 1141 1332 ἁπερίγραπτον·
1175 1259 1315 1330 αὕτη
1344 1259 1400 1310 δὲ
1438 1256 1771 1325 παράθεσίς

198 1359 336 1421 ἐστι,
378 1359 473 1408 καὶ
506 1356 564 1407 οὺ
590 1355 838 1416 σύνθεσις
857 1369 870 1382 ·
895 1355 943 1404 εί
977 1353 1074 1421 μὲν
1103 1351 1196 1404 οὖν
1219 1349 1471 1416 τοιαύτην
1505 1346 1644 1400 εἶναι
1675 1347 1770 1398 καὶ

192 1445 292 1516 τὴν
331 1445 524 1497 ’ένωσιν
555 1444 650 1496 τοῦ
695 1444 868 1510 Λόγου
904 1442 1042 1512 πρὸς
1081 1443 1180 1509 τὴν
1217 1439 1397 1508 σάρκα
1435 1438 1614 1491 οἴεσθε
1638 1477 1652 1498 ,
1682 1437 1769 1503 ὅτι

194 1536 638 1599 ὑπερεκτείνεται
660 1534 888 1604 θατέρου
912 1535 972 1584 τὸ
998 1533 1188 1603 ἓτερον
1217 1530 1599 1600 συντιθέμενον
1632 1529 1769 1581 τῶνε

191 1630 269 1693 δε,
308 1630 400 1681 καὶ
428 1628 546 1681 δέον
579 1628 654 1690 ὠς
685 1629 754 1680 τά
792 1625 957 1678 διπλᾶ
1002 1625 1331 1695 καττύματα
1361 1621 1469 1674 τῶν
1509 1621 1764 1682 πεδίλων,

1869 440 2024 508 juxta
2065 439 2394 508 positionem
2438 439 2661 493 localcm
2713 441 3083 510 portiunculis
3118 443 3454 512 quibusdam

1875 529 2286 595 unitis.Adeo,o
2306 531 2408 584 viri
2430 531 2775 600 generosi,ex
2802 533 3114 588 ratiociniis
3143 536 3456 591 carissimis

1873 621 2076 674 vestris
2111 637 2234 690 qua:
2265 622 2601 692 nimisjuxta
2631 637 2826 677 sensus
2846 633 2997 688 sunt,
3025 624 3080 677 in
3125 624 3330 680 bancce
3361 627 3451 680 in-

1873 711 2272 765 aensibililutem
2312 713 2640 782 praecipitati
2677 713 2846 767 cstisl
2901 712 3148 782 Namque
3188 724 3450 769 caeterum

1875 803 2291 858 accuratissime
2319 805 2604 859 videamus
2641 805 2916 874 quomodo
2950 805 3220 873 infinitum
3275 806 3450 875 parti—

1875 893 1980 947 bus
2008 896 2340 949 coalescenti
2374 897 2522 951 uniri
2579 911 2688 950 non
2724 911 2884 965 posse
2926 912 2956 950 a
3001 898 3160 952 vobis
3192 897 3448 952 dicatur:

1877 984 2114 1053 primum
2163 986 2289 1054 quia
2340 1002 2407 1041 ex
2436 997 2580 1041 statu
2623 987 2782 1040 locati
2814 986 3034 1041 tenuius
3084 1000 3206 1040 esse
3247 987 3453 1040 dicitur

1877 1074 2174 1140 inﬁnitum,
2208 1079 2440 1148 ideoque
2470 1080 2660 1134 unioni
2703 1079 3006 1134 secundum
3055 1079 3236 1133 locum
3279 1079 3452 1148 impe-

1876 1164 2122 1221 dnnento
2153 1184 2274 1223 esse
2319 1161 2619 1234 inﬁnitum,
2653 1171 2770 1226 haec
2789 1180 2875 1225 est
2909 1180 3094 1225 autem
3137 1173 3448 1241 juxtaposi-

1876 1255 1968 1321 tio,
2001 1274 2111 1312 non
2147 1276 2278 1313 vero
2311 1263 2470 1327 unio;
2503 1263 2552 1315 si
2583 1277 2714 1331 ergo
2767 1271 2950 1316 autem
2981 1261 3145 1316 Verbi
3191 1261 3450 1315 unionem

1877 1361 2001 1400 cum
2031 1363 2196 1402 carne
2229 1351 2389 1404 talem
2417 1366 2538 1405 esse
2559 1351 2868 1414 sentientis“,
2902 1365 2970 1404 eo
3000 1349 3148 1420 quod
3178 1365 3346 1403 unum
3385 1365 3451 1403 ex

1879 1439 2050 1493 unitis
2072 1440 2307 1494 alterum
2339 1449 2582 1509 superat,
2626 1454 2729 1494 nec
2759 1437 2828 1493 ex
2860 1440 3078 1494 duabus
3106 1440 3452 1494 calceamen-

1879 1539 2060 1585 torum
2095 1533 2278 1594 soleis,
2315 1532 2420 1586 sibi
2468 1532 2705 1586 invicem
2746 1531 2920 1585 unitis
2968 1546 3033 1586 ac
3075 1525 3484 1602 juxtapositis,’

1878 1637 1987 1675 una
2070 1623 2218 1676 solea
2309 1624 2480 1678 al.era
2514 1628 2662 1682 solea
2717 1625 2988 1678 excelsior
3013 1639 3078 1678 ac
3126 1623 3342 1694 longior
3374 1621 3488 1678 vi-i

192 1723 262 1775 τὰ
295 1721 469 1784 οὓτως
503 1720 769 1789 ένούμενα
807 1718 1059 1787 ἀλλήλοις
1095 1717 1188 1769 καὶ
1223 1713 1653 1785 παρατιθέμενα,
1691 1713 1766 1779 μὴ

1880 1711 1987 1765 deri
2016 1712 2202 1775 debet,
2233 1722 2385 1781 patet
2443 1727 2595 1783 ergo,
2629 1713 2851 1782 hucque
2903 1714 3232 1776 devenistis,
3293 1713 3453 1768 unio-

194 1813 419 1883 θάτερον
441 1813 626 1882 ὲξέχον
659 1809 1074 1880 ἁπαιωρείσθαι
1110 1807 1206 1861 καὶ
1240 1803 1582 1874 περιττεύειν
1610 1798 1768 1854 θατέ-

198 1923 290 1976 ρου
319 1903 688 1972 καττύματος,
731 1900 988 1970 πρόδηλοι
1033 1895 1125 1952 οὖν
1178 1895 1473 1951 κάντεῦθεν
1506 1892 1769 1960 γεγόνατε

193 1997 268 2059 ὼς
299 1997 389 2049 καὶ
438 1995 535 2065 τὴν
567 1995 764 2047 ἕνωσιν
791 1993 885 2045 καὶ
915 1992 976 2044 τὸ
1004 1990 1416 2061 ἀπερίγραφον,
1459 1987 1518 2039 οὐ
1547 1985 1772 2053 θεοπρε-

205 2087 349 2152 πῶς,
378 2085 514 2138 ἀλλὰ
547 2084 798 2153 σώματος
832 2082 1053 2153 μεγέθει
1086 2079 1441 2148 φαντάζεσθε,
1461 2075 1770 2148 μυριόπηχό

194 2196 251 2231 τι
295 2180 328 2247 ἢ
385 2177 573 2239 ἁπλῶς
610 2176 978 2245 ἀπειρόποσον
1031 2173 1171 2227 κατὰ
1211 2171 1417 2242 μορίων
1457 2171 1578 2222 τινὰ
1627 2169 1772 2222 θέσιν

199 2272 334 2340 πρὸς
361 2271 548 2340 ἕτερον
579 2268 802 2320 ἔλαττόν
829 2285 882 2320 τι
903 2267 1064 2336 σῶμα
1089 2263 1460 2318 συνάπτεσθαι
1489 2261 1772 2330 λογιζόμε-

196 2379 299 2414 νοι.
336 2359 484 2428 Πλὴν
517 2357 639 2411 οὐδὲ
689 2357 738 2408 εἰ
767 2357 926 2408 τοῦτο
955 2354 1156 2416 οἴεσθε,
1187 2353 1458 2407 ἐκωλύετο
1497 2351 1563 2405 ἃν
1593 2349 1772 2403 αὐτῶν

197 2442 336 2501 εἶναι
376 2444 714 2512 παράθεσις
746 2445 868 2497 καθ’
893 2445 1058 2514 ὑμᾶς.
1104 2441 1377 2497 Ἐδὼκατε
1409 2444 1518 2508 γὰρ
1549 2440 1644 2493 καὶ
1679 2439 1774 2508 μέ-

198 2556 329 2610 ρους
367 2538 502 2608 πρὸς
540 2537 660 2589 ὅλον
697 2535 750 2589 τί
783 2552 928 2596 τινος
977 2533 1239 2602 γενέσθαι
1273 2533 1591 2595 σύνθεσιν,
1632 2531 1773 2584 ὥστε

195 2628 408 2682 καὶτοῦ
441 2627 670 2698 βραχέος
700 2625 838 2696 πρὸς
885 2625 945 2677 τὸ
993 2625 1135 2694 μέγα
1185 2625 1306 2676 ἐστὶ
1341 2622 1645 2692 παράθεσις
1670 2638 1683 2652 ·
1725 2623 1773 2673 εί

199 2720 256 2773 δὲ
288 2721 514 2784 εἴποιτε,
539 2719 651 2788 Οὐχ
683 2717 801 2770 ὅλον
830 2717 969 2786 πρὸς
1002 2716 1167 2785 μέρος
1200 2714 1341 2783 αὕτη
1374 2715 1493 2767 ἐστὶ
1530 2716 1562 2783 ἡ
1601 2713 1776 2783 παρά-

200 2809 348 2873 θεσις
375 2808 566 2873 ὅντως,
595 2807 710 2860 ἀλλ’
741 2809 803 2859 ὲκ
837 2809 1037 2877 μέρους
1065 2804 1228 2858 αὐτοῦ
1259 2804 1382 2857 ὅλου
1408 2803 1546 2871 πρὸς
1568 2804 1690 2857 ὅλον
1714 2804 1775 2856 τὸ

203 2901 390 2971 μέρος,
431 2899 685 2952 σκοπεῖτε
728 2898 876 2965 ὅμως
927 2898 1022 2950 καὶ
1059 2897 1261 2960 οὕτως’
1311 2899 1395 2950 ὅτι
1424 2890 1499 2950 ὧν
1525 2896 1592 2948 τὰ
1631 2895 1772 2966 μέρη

199 2990 573 3062 περιγραπτὰ,
606 2989 812 3041 τούτων
859 2989 954 3041 καὶ
1004 2989 1066 3041 τὸ
1121 2989 1272 3042 ὅλονο
1304 2988 1444 3042 ὥστε
1487 2991 1534 3041 εί
1568 2987 1664 3041 καὶ
1698 2987 1771 3058 μὴ

197 3083 337 3152 τῷδέ
373 3099 479 3136 τινι
515 3081 592 3152 τῷ
622 3083 874 3150 ἔμμερεῖ,
924 3079 1040 3134 ἀλλ’
1069 3081 1242 3151 ἑτέρῳ
1289 3081 1515 3150 μείζονι,
1553 3080 1664 3150 ἔχοι
1703 3079 1769 3134 ἂν

201 3177 364 3246 φύσιν
387 3174 806 3245 παρατίθεσθαι,
842 3173 937 3225 καὶ
978 3173 1036 3226 τὸ
1065 3172 1158 3226 τοῦ
1185 3173 1589 3242 παρατεθέντος
1616 3173 1768 3226 θείου

203 3266 406 3336 μέρους
437 3264 577 3327 ὅλον,
628 3261 782 3316 οὐδὲν
819 3261 928 3329 ἄρα
962 3263 1023 3314 ὲκ
1053 3261 1153 3331 τῆς
1186 3258 1440 3327 τοπικῆς
1465 3261 1773 3331 άπεριγρα-

198 3356 354 3427 ψίας,
385 3355 544 3426 φύσει
574 3354 986 3426 άπερίγραπτον
1019 3351 1416 3424 δειχθήσεται.’

286 3539 624 3609 Ἐρωτητέον
649 3538 706 3591 δὲ
740 3539 884 3610 ὑμᾶς
920 3537 1022 3592 ἔτι·
1053 3537 1127 3591 Τὸ
1159 3537 1542 3610 άπερίγραφον
1589 3536 1770 3601 τοῦτο,

199 3631 371 3700 ἤγουν
398 3631 427 3684 6
464 3629 617 3694 Θεὸς,
652 3631 982 3701 περιγράφει
1008 3629 1099 3683 τὸν
1131 3630 1416 3700 κόσμον,ῆ
1449 3627 1510 3681 οὗ
1535 3647 1548 3696 ;
1574 3628 1636 3681 El
1675 3629 1774 3698 μὲν

198 3723 309 3795 γάρ
355 3723 415 3775 οὐ
445 3722 800 3793 περιγράφει,
847 3720 971 3775 οὔτε
1018 3723 1075 3776 ὲν
1122 3721 1270 3792 αὐτῷ
1325 3724 1353 3775 6
1406 3723 1608 3791 κόσμος
1641 3722 1770 3793 ἄρα,

198 3813 325 3868 οὕτε
363 3815 531 3877 ὅντως
560 3815 802 3868 ἐλάττων
833 3813 998 3868 αὐτοῦ
1040 3815 1352 3881 ἀναγκαίως
1384 3813 1733 3884 δειχθήσεται
1755 3827 1771 3844 ⁸

199 3907 298 3960 καὶ
325 3911 374 3958 τ’
400 3904 536 3959 ἄλλα
563 3905 621 3958 δὲ
649 3905 947 3975 βλάσφημα
972 3904 1218 3973 ἕψονται.
1253 3906 1314 3957 El
1333 3904 1390 3957 δὲ
1415 3905 1771 3976 περιγράφει,

198 3997 458 4071 ιπεξπᾶν
487 3996 749 4066 ὲμμερὲς,
787 3996 901 4063 εἴγε
935 3998 1362 4066 περιγράφεται,
1395 3997 1427 4066 ἢ
1467 3995 1630 4066 μέρος
1671 3995 1778 4048 ὑπὸ

204 4087 428 4158 μέρους,
459 4085 493 4155 ἢ
532 4085 607 4148 ὡς
633 4086 753 4138 ὅλον
781 4085 884 4138 ὑπὸ
915 4086 1059 4148 ὅλου,
1103 4085 1134 4154 ἢ
1172 4085 1248 4148 ὡς
1293 4085 1460 4155 μέρος
1493 4086 1597 4138 ὑπὸ
1628 4085 1774 4147 ὅλου,

198 4177 237 4244 ἦ
268 4176 342 4239 ὼς
371 4175 490 4228 ὅλον
514 4174 616 4226 ὑπὸ
650 4173 868 4243 μέρους,
899 4175 1320 4244 περιγράφεταιο
1353 4178 1465 4239 τοῖς
1498 4176 1607 4246 γὰρ
1636 4177 1775 4245 ὑμε-

198 4267 384 4335 τέροις
415 4263 767 4335 χρησόμεθα·
801 4264 917 4317 δέον
966 4266 1182 4328 πάντως
1231 4267 1453 4337 ἐμμερῆ
1488 4261 1628 4319 εἶναι
1679 4266 1777 4320 καὶ

1872 1819 1995 1857 nem
2025 1812 2188 1872 atque
2222 1803 2519 1868 infinitum,
2552 1820 2661 1859 non
2720 1815 2778 1858 ut
2803 1806 2962 1860 decet
2984 1805 3328 1859 divinitatem
3356 1804 3451 1859 sed

1871 1896 2036 1949 modo
2059 1896 2330 1965 corporali
2380 1911 2477 1950 vos
2524 1896 2924 1966 imaginamini,
2974 1896 3185 1964 aliquid
3217 1897 3454 1949 maxime

1872 1985 2231 2055 longinquum
2267 1995 2360 2039 aut
2397 1987 2727 2054 simpliciter
2759 1989 3093 2041 immensum
3143 1987 3298 2056 juxta
3326 2001 3456 2055 par-

1873 2082 1957 2126 tes
1988 2075 2226 2142 aliquam
2255 2077 2588 2143 positionem
2617 2076 2681 2129 ad
2713 2078 2949 2132 alterum
2996 2078 3179 2132 minus
3229 2075 3456 2146 aliquod

1873 2181 2076 2234 corpus
2097 2166 2343 2220 additum
2375 2167 2770 2236 excogitantes.
2801 2171 3079 2234 Attamen,
3105 2169 3149 2223 si
3205 2169 3320 2224 haec
3369 2180 3456 2223 est

1875 2261 2145 2312 sententia
2181 2269 2381 2323 vestra,
2419 2260 2639 2312 illorum
2658 2261 3010 2330 jullaposilio
3053 2277 3218 2331 quam
3243 2262 3453 2325 dicitis,

1875 2365 1984 2402 non
2014 2350 2378 2418 impediretur
2404 2368 2417 2413 ;
2447 2352 2716 2405 docuistis
2751 2355 2896 2406 enim
2927 2364 3112 2421 partes
3131 2355 3295 2408 alicui
3355 2353 3455 2409 toti

1875 2441 2162 2510 adjunctas
2192 2442 2426 2511 alicujus
2461 2443 2718 2496 unionem
2742 2443 2880 2508 ﬁeri,
2915 2444 3310 2514 itautalicujus
3335 2445 3458 2500 bre-

1875 2530 1960 2583 vis
1991 2530 2058 2583 ad
2093 2530 2316 2598 aliquod
2377 2547 2632 2600 magnum
2697 2533 2791 2585 liat
2829 2535 3201 2605 juxtaposit—io.
3239 2536 3296 2590 Si
3324 2550 3457 2590 vero

1874 2621 2126 2684 dixeritis
2181 2637 2290 2675 non
2353 2630 2526 2677 totum
2567 2624 2636 2677 ad
2697 2634 2906 2694 partem
2946 2626 3090 2680 hanc
3143 2640 3266 2681 esse
3323 2641 3456 2681 vere

1868 2715 2362 2785 juxtapositionem,
2399 2717 2493 2770 sed
2519 2733 2586 2770 ex
2636 2728 2792 2787 parte
2819 2720 2933 2787 ipsa
2969 2721 3138 2774 totius
3181 2719 3250 2773 ad
3287 2727 3456 2774 totam

1876 2813 2110 2873 partem,
2162 2819 2334 2858 unum
2380 2814 2437 2858 et
2488 2805 2633 2860 idem
2695 2807 2984 2876 spectatis;
3040 2809 3168 2878 quia
3219 2824 3457 2879 quorum

1877 2907 2006 2949 sunt
2033 2905 2216 2964 partes
2248 2895 2434 2960 ﬁnitae,
2469 2897 2668 2951 horum
2694 2907 2752 2951 et
2781 2908 2988 2965 totum;
3024 2901 3098 2953 ita
3134 2910 3194 2954 ut
3244 2903 3292 2955 si
3329 2902 3459 2957 huic

1875 2987 2168 3057 contigerit
2199 2996 2260 3040 ut
2312 2989 2476 3042 alicui
2533 2989 2854 3058 particulari
2883 3007 2994 3044 non
3035 2992 3456 3062 juxtaponatur,

1875 3078 1972 3132 sed
2028 3079 2184 3132 alteri
2218 3081 2431 3149 majori,
2467 3089 2638 3134 totum
2693 3097 2913 3151 quoque
2963 3083 3310 3153 juxtaposita:
3335 3101 3464 3154 par-

1876 3168 1948 3222 tis
1998 3169 2200 3222 divinae
2256 3169 2598 3240 (neutiquam
2645 3185 2779 3240 ergo
2825 3186 2893 3226 ex
2949 3173 3106 3227 loculi
3166 3175 3460 3244 inﬁnitate)

1875 3261 2203 3316 naturaliter
2252 3261 2527 3316 inlinitum
2553 3263 2902 3332 probabitur.

1947 3527 1992 3579 Α
2026 3527 2181 3582 vobis
2207 3529 2610 3597 exquirendum
2638 3541 2724 3588 est
2754 3534 2938 3591 adhuc
2981 3553 2993 3590 :
3030 3535 3171 3592 Num
3203 3537 3311 3594 hoc
3337 3538 3462 3594 inll-

1879 3617 2079 3682 nitum,
2114 3633 2212 3673 seu
2245 3619 2410 3683 Deus,
2437 3623 2702 3677 mundum
2725 3624 2939 3690 deﬁnit,
2965 3630 3195 3682 annon?
3224 3629 3278 3684 Si
3309 3633 3458 3685 enim

1881 3726 1989 3765 non
2027 3710 2239 3776 definit,
2294 3727 2396 3766 nec
2428 3728 2560 3784 ergo
2608 3715 2662 3768 in
2716 3715 2836 3784 ipso
2867 3719 3142 3783 mundus,
3193 3736 3296 3775 nec
3329 3737 3460 3777 vere

1881 3804 2064 3858 minor
2093 3803 2214 3874 ipso
2280 3807 2596 3860 necessario
2653 3807 3170 3877 demonstrabitur,
3225 3813 3458 3882 aliaque

1882 3894 2242 3965 blasphemia:
2267 3907 2596 3967 sequentur.
2622 3898 2682 3954 Si
2706 3910 2891 3957 autem
2916 3902 3129 3967 deﬁnit,
3151 3921 3276 3960 cum
3311 3914 3460 3962 totus

1881 3987 2133 4058 partibus
2155 3995 2392 4053 constet,
2413 3990 2458 4043 si
2487 3999 2666 4044 tamen
2691 3990 2974 4056 delinitur,
2999 3995 3116 4049 sive
3136 4010 3263 4064 pars
3282 4005 3458 4065 parte,

1883 4079 1999 4133 sive
2035 4078 2194 4148 quasi
2233 4087 2409 4133 totum
2457 4087 2571 4134 toto
2597 4121 2611 4145 ,
2667 4081 2783 4136 sive
2824 4083 2982 4151 quasi
3008 4100 3137 4153 pars
3168 4093 3303 4148 toto,
3344 4085 3460 4140 sive

1886 4168 2043 4236 quasi
2077 4176 2250 4222 totum
2275 4178 2453 4239 parte,
2478 4169 2778 4239 delinitur;
2805 4169 3008 4228 vestris
3025 4175 3173 4229 enim
3203 4185 3455 4244 utemur;

1884 4265 2111 4320 omnino
2159 4265 2408 4334 partibus
2457 4273 2709 4319 constare
2755 4265 2919 4319 debet
2955 4266 3139 4332 Deus,
3192 4267 3462 4322 deﬁniens

199 4357 296 4410 τὸν
324 4356 455 4408 Θεὸν
483 4355 574 4408 τὸν
606 4355 1014 4425 περιγράφοντα
1053 4357 1113 4408 τὸ
1157 4356 1630 4427 περιγραφόμενον
1674 4360 1773 4426 ἐμ-

1888 4357 2036 4426 quod
2063 4357 2314 4426 partibus
2347 4364 2582 4412 constat.
2616 4357 2742 4411 llaec
2788 4372 2925 4411 vero
2957 4358 3235 4428 quomodo
3267 4374 3460 4413 rursus

206 4445 393 4516 μερές.
429 4443 616 4497 Ταῦτα
642 4443 696 4496 δὲ
724 4444 886 4497 πάλιν
917 4444 1032 4507 πῶς
1054 4444 1242 4513 λέγετε
1269 4445 1518 4512 γίνεσθαι
1537 4463 1553 4512 ;
1575 4447 1636 4498 Ei
1666 4447 1777 4518 γὰρ

201 4539 279 4601 ὡς
318 4536 478 4606 σῶμά
502 4554 554 4590 τι
587 4536 789 4606 μεῖζον,
823 4537 882 4588 τὸ
906 4536 1147 4599 ἔλαττον,
1186 4539 1278 4590 καὶ
1308 4537 1382 4602 ὡς
1409 4541 1458 4591 οἱ
1489 4541 1616 4601 τοὺς
1645 4538 1776 4593 καν·

202 4632 407 4701 θάρους
463 4631 543 4691 είς
595 4629 693 4691 τὰς
745 4629 976 4698 κηρίνας
1025 4629 1266 4698 σφαίρας
1327 4631 1776 4695 κατακλείοντες,

201 4719 349 4773 οὕτω
380 4719 715 4790 περιγράφει
738 4718 888 4784 Θεὸς,
926 4719 1090 4780 τόπος
1122 4721 1236 4770 ἐστὶ
1279 4720 1437 4789 μόνον
1458 4721 1566 4773 τῶν
1595 4725 1652 4774 ὲν
1683 4723 1779 4775 αὑ-

200 4809 303 4877 τῷ,
352 4810 446 4862 καὶ⁹
496 4810 718 4880 συνεχές
745 4827 798 4863 τι
831 4812 1026 4864 ποσόν
1053 4811 1082 4862 6
1121 4810 1274 4873 Θεὸς,
1307 4811 1469 4881 σῶμά
1498 4829 1556 4864 τε
1591 4814 1778 4880 σωμά-

201 4916 336 4960 των,
371 4899 464 4950 καὶ
495 4901 766 4969 ἐμμερὴς,
791 4902 884 4952 καὶ
912 4901 1185 4966 σύνθετος,
1223 4903 1316 4954 καὶ
1339 4903 1398 4953 οὐ
1435 4903 1594 4970 μόνον
1631 4904 1783 4956 ἐλευ-

204 4989 539 5058 θερούμενος
568 4989 868 5053 συνθέσεως
890 5032 905 5056 ,
946 4991 1080 5043 ἀλλὰ
1119 4993 1210 5044 καὶ
1259 4993 1575 5059 ἀναγκαίως
1609 5011 1782 5060 πεφυ⁹

205 5078 320 5140 κὼς
355 5077 696 5146 ἐπιδέχεσθαι
727 5079 993 5135 σύνθεσιν.
1030 5084 1091 5135 Et
1120 5083 1174 5135 δὲ
1204 5084 1378 5135 ταῦτα
1407 5085 1544 5152 μετὰ
1582 5085 1784 5156 πολλῆς

205 5170 309 5238 τῆς
340 5169 625 5239 βδελυρίας
669 5169 892 5238 ἀνόητα,
931 5172 1132 5242 ἑτέρως
1174 5170 1538 5244 περιγράφειν
1579 5176 1670 5229 τὸν
1695 5177 1778 5229 7.6-

212 5278 352 5330 σμον
379 5260 579 5326 λέγοιτ’
606 5259 671 5313 ἂν
706 5261 736 5312 ό
775 5261 929 5327 Θεὸς,
963 5263 996 5331 ἢ
1033 5263 1108 5326 ὡς
1145 5265 1216 5317 τὰ
1247 5265 1474 5334 σώματα
1516 5268 1785 5338 περιγρά-

213 5370 398 5429 φουσι.
434 5355 524 5406 Δεῖ
554 5353 663 5422 γὰρ
697 5342 912 5422 ἀληθῶς
958 5356 1153 5420 εἰπεῖν,
1193 5357 1276 5408 τιτι
1322 5360 1654 5429 περιγράφει
1687 5360 1786 5429 μὲν

211 5426 494 5501 ττπάντα
534 5444 765 5514 σώματα
801 5445 896 5498 καὶ
942 5444 1227 5514 ἀσώματα,
1258 5450 1353 5518 οὐχ
1395 5450 1470 5512 ὡς
1513 5450 1673 5520 σῶμα
1693 5453 1782 5505 δέ·

212 5539 593 5608 ἀπερίγραφός
616 5536 675 5589 τέ
713 5538 881 5601 ἐστιν,
909 5538 1005 5607 οὐχ
1035 5537 1110 5602 ὡς
1143 5538 1300 5608 σῶμα
1328 5542 1403 5613 μὴ
1433 5541 1574 5612 ἔχων
1607 5543 1696 5612 ὑφ’
1724 5538 1788 5598 οὗ

215 5629 590 5701 περιγραφιίη
623 5629 867 5700 μείζονος
893 5627 1142 5698 σώματος
1162 5645 1174 5660 ·
1203 5633 1296 5685 καὶ
1327 5633 1400 5698 ὡς
1431 5635 1489 5688 ἐν
1517 5634 1656 5707 κενῷ
1693 5652 1794 5690 που

1887 4449 2074 4504 dicitis
2106 4448 2259 4502 ﬁeri?
2281 4448 2336 4503 Si
2367 4449 2833 4518 quemadmodum
2865 4465 3069 4519 corpus
3100 4450 3321 4520 aliquod
3346 4466 3460 4504 ma-

1884 4554 2072 4610 gnum,
2127 4539 2350 4609 aliquod
2376 4539 2579 4604 minus,
2617 4556 2681 4594 ac
2725 4550 2981 4612 tanquam
3025 4543 3119 4612 qui
3154 4542 3461 4597 seat-abacos

1884 4632 1938 4685 in
1985 4631 2161 4701 globis
2193 4632 2370 4687 cereis
2392 4619 2720 4696 includunt,
2747 4634 2825 4688 sic
2852 4635 2998 4688 Deus
3028 4635 3458 4699 circumscribit,

1882 4723 2038 4777 locus
2065 4733 2274 4779 tantum
2303 4724 2413 4779 erit
2440 4726 2526 4779 bis
2546 4741 2666 4793 quae
2692 4725 2744 4778 in
2788 4726 2907 4794 ipso
2934 4735 3084 4791 sunt,
3128 4743 3192 4780 ac
3233 4727 3458 4796 aliquod

1883 4824 2141 4883 quantum
2187 4818 2511 4871 continuum
2543 4817 2705 4882 Deus,
2726 4833 2924 4886 corpus
2943 4833 3259 4886 corporum,
3289 4819 3458 4886 parti-

1886 4905 1990 4959 bus
2027 4915 2304 4971 constans,
2332 4907 2675 4974 compositus
2699 4946 2713 4968 ,
2747 4921 2928 4973 neque
2971 4907 3146 4958 solum
3189 4905 3461 4973 composi-

1889 4996 2054 5051 tionis
2090 4998 2369 5060 immunis,
2413 4997 2509 5050 sed
2541 4996 2709 5050 etiam
2750 4999 3065 5050 necessario
3100 4996 3458 5064 compositio-

1885 5103 2010 5142 nem
2041 5088 2355 5142 admittens.
2418 5087 2473 5140 Si
2515 5103 2648 5142 vero
2685 5089 2853 5142 stulta
2898 5089 3013 5142 haec
3063 5087 3247 5140 multa:
3276 5087 3458 5156 impu-

1887 5179 2087 5234 dentiae
2126 5181 2314 5250 juncta
2350 5181 2481 5242 sint,
2523 5180 2788 5233 mundum
2813 5181 2973 5233 aliter
3003 5181 3459 5237 circumscribere

1888 5269 2153 5324 dicendus
2200 5278 2289 5322 est
2324 5269 2468 5322 Dcus
2498 5285 2662 5338 quam
2695 5269 3159 5324 circumscribunt
3188 5286 3456 5340 corpora;

1887 5375 2018 5414 vere
2044 5359 2191 5414 enim
2225 5357 2524 5412 dicendum
2560 5365 2665 5421 est,
2689 5359 2840 5412 illum
2862 5358 3084 5427 quidem
3111 5359 3457 5415 circumscri-
3519 5376 3522 5378 ·

1889 5451 2020 5506 bere
2050 5451 2235 5505 omnia
2275 5466 2506 5520 corpora
2544 5459 2712 5520 atque
2760 5450 3146 5520 incorporalia,
3181 5467 3289 5506 non
3330 5469 3461 5510 vero

1892 5552 1952 5597 ut
1982 5557 2220 5611 corpus;
2252 5541 2869 5611 incircumscriptusque
2892 5551 2998 5607 est,
3027 5558 3136 5596 non
3161 5544 3314 5614 quasi
3349 5559 3469 5598 enr-

1891 5653 1993 5710 pus
2029 5651 2140 5689 non
2177 5633 2387 5689 habens
2420 5649 2452 5687 a
2473 5650 2580 5704 quo
2613 5635 2817 5707 majore
2845 5649 3076 5706 corpore
3110 5636 3460 5692 circumscri-
