3912 6298
501 209 640 289 1411

1737 206 2049 272 LEONTII
2084 200 2491 270 BYZANTINI

3655 200 3794 271 Ι-ΞΞΞ

501 341 686 404 batur,
710 342 765 394 et
790 340 1048 408 tanquam
1069 335 1127 392 in
1155 331 1278 391 loco
1303 328 1543 404 quodam
1569 345 1746 386 vacuo
1773 330 1926 386 orbis
1947 329 2074 384 uni-

2186 329 2325 399 τόπῳ
2356 323 2457 381 τοῦ
2485 323 2709 391 παντὸς,
2752 323 2892 397 μέρη
2924 325 3049 378 τινὰ
3091 324 3202 378 τῶν
3231 323 3408 378 αὑτοῦ
3445 342 3793 398 napum-

501 430 650 488 versi
685 429 949 501 quasdam
997 429 1237 499 partium
1270 439 1496 482 suarum
1529 438 1826 494 suspensas
1857 432 2072 489 tenens,

503 521 600 576 sed
633 529 890 588 tanquam
915 517 1121 572 virtute
1148 531 1247 572 sua
1266 531 1486 572 omnem
1504 523 1758 568 naturam
1779 528 2072 584 superans,
2101 575 2112 583 ε

505 625 836 680 omnemque
855 609 1040 664 locum
1065 619 1123 665 et
1149 619 1364 680 tempus
1381 607 1749 672 antecedens;
1778 621 1884 662 nec
1910 605 2078 675 igitur

505 704 731 774 quidem
761 704 952 758 unitus
982 705 1142 773 quasi
1178 719 1380 773 corpus
1410 704 1496 758 vel
1542 703 1792 772 quaedam
1824 701 2078 756 divisibi«

504 788 576 848 lis
595 803 793 848 natura
821 793 1062 858 unietur,
1097 795 1168 848 ita
1209 802 1268 847 ut
1295 793 1453 862 quasi
1489 808 1616 862 pars
1647 792 1732 847 vel
1758 801 1956 856 totum,
1986 790 2076 844 di-

505 884 742 939 visibilis
771 883 1053 953 subjectus
1105 893 1432 952 reputetur;
1480 883 1576 937 sed
1607 880 2076 952 quemadmodum

504 989 614 1028 non
646 975 961 1028 necessario
985 975 1234 1043 corporis
1259 974 1787 1043 particulariumque
1843 971 2076 1027 verbum

506 1063 584 1117 illi
614 1063 869 1118 incubuit
893 1063 960 1117 ad
983 1063 1490 1118 circumscribenda
1514 1078 1635 1132 qua:
1663 1062 1914 1132 partibus
1945 1077 2078 1117 con-

509 1163 677 1218 stant,
701 1153 777 1208 ita
807 1153 872 1208 ad
903 1169 960 1210 se
990 1155 1293 1209 unicndum
1327 1171 1449 1209 cum
1476 1155 1722 1218 homine,
1759 1151 2076 1224 hujusmodi

510 1244 898 1313 cogitationem
957 1243 1331 1300 adhaerentem
1375 1245 1481 1300 sibi
1512 1260 1624 1299 non
1669 1245 1856 1299 habet.
1902 1243 2078 1300 Aliter

506 1337 654 1390 enim
690 1352 792 1390 nec
822 1351 1080 1405 magnum
1125 1337 1198 1390 ita
1231 1345 1316 1390 est
1353 1337 1592 1400 inlinito,
1625 1337 1671 1391 si
1707 1351 1738 1390 a
1780 1335 1934 1389 [inito
1965 1350 2076 1390 non

507 1425 1030 1494 comprehenditur;
1053 1427 1158 1480 hoc
1178 1426 1324 1480 enim
1351 1427 1512 1480 datur
1535 1427 1753 1496 corpori
1783 1425 2078 1482 incircumc

505 1515 734 1584 scripto,
765 1515 980 1569 scilicet
1016 1516 1262 1582 eualesti;
1297 1517 1393 1570 sed
1436 1517 1480 1572 si
1522 1517 1576 1571 in
1610 1517 1826 1572 minore
1856 1527 2020 1586 atque
2045 1504 2103 1572 a-

505 1620 566 1660 se
608 1605 1030 1676 circumscripto
1084 1606 1262 1661 libere
1321 1605 1644 1678 iniiniteque
1703 1616 1852 1662 totus
1903 1607 2076 1677 possit

505 1695 899 1764 comprehendi
953 1696 1009 1750 in
1052 1697 1204 1750 nullo
1250 1707 1587 1760 coarctatus.
1636 1697 1692 1752 id
1746 1697 1807 1752 ﬁt
1865 1698 2076 1753 virtute

503 1785 728 1854 quidem
747 1787 1090 1841 connaturali
1129 1787 1280 1842 nulla
1302 1789 1352 1842 vi
1377 1787 1650 1842 infinitum
1676 1788 2080 1844 intercludentc

505 1883 602 1930 aut
650 1873 1138 1930 circumscribente
1163 1885 1220 1931 ut
1239 1887 1500 1946 operetur
1519 1877 1666 1947 quod
1683 1877 1942 1932 voluerit.
1966 1871 2080 1933 l-loc

425 2017 430 2027 ,
505 1974 591 2020 est
615 1966 762 2020 enim
801 1967 947 2036 quod
975 1967 1298 2021 mirabiliter
1341 1967 1507 2022 nimis
1539 1967 1747 2022 dictum
1777 1975 1864 2022 est
1909 1967 1978 2022 ab
2011 1982 2080 2022 eo

504 2057 604 2126 qui
639 2058 840 2113 asserit
869 2057 938 2113 de
965 2057 1187 2113 Christo
1213 2059 1516 2113 secundum
1551 2073 1773 2113 carnem
1803 2077 1818 2112 :
1850 2057 1985 2124 Quia
2023 2061 2078 2114 in

507 2148 619 2217 ipso
666 2148 929 2203 inhabitat
968 2150 1138 2203 omnis
1173 2148 1448 2219 plenitudo
1495 2150 1786 2205 divinitatis
1823 2165 2078 2220 corpora-

510 2236 632 2293 liter
653 2239 694 2290 '.

579 2329 718 2383 Male
743 2345 894 2400 ergo,
929 2345 964 2386 o
991 2331 1218 2398 miseri,
1250 2329 1319 2386 de
1357 2331 1476 2402 ipso
1515 2328 1630 2386 Deo
1663 2330 1826 2386 omne
1862 2329 2078 2386 unitum

505 2419 767 2492 iudicatis
790 2461 804 2483 .
863 2422 980 2476 sive
1016 2431 1075 2477 ut
1121 2429 1332 2493 partem
1361 2421 1480 2476 sive
1512 2429 1572 2474 ut
1619 2429 1792 2474 totum
1830 2421 2081 2491 partibus

511 2520 773 2566 constans
814 2511 1062 2582 profecto
1101 2512 1272 2566 uniri.
1322 2509 1644 2566 Suliiciebat
1689 2511 1858 2565 etiam
1916 2511 2081 2566 unius

513 2609 727 2657 tantum
767 2617 1020 2656 errorum
1069 2609 1381 2657 vestrorum
1425 2601 1730 2656 coniutatio
1761 2600 1827 2654 ad
1865 2601 2082 2657 destru-

511 2693 749 2747 ctionem
775 2692 1020 2746 omnium
1045 2701 1351 2746 vestrarum
1382 2691 1774 2756 munitionum,
1806 2691 2080 2762 siquidem

512 2795 623 2836 una
665 2781 792 2836 data
817 2782 1076 2848 stultitia,
1129 2797 1324 2838 omnes
1361 2783 1610 2838 stultitiae
1638 2793 1968 2855 sequuntur.
2023 2781 2080 2839 Si

512 2887 644 2927 vero
677 2871 746 2928 de
771 2871 1034 2929 omnibus
1055 2873 1257 2929 vestris
1283 2875 1760 2945 propositionibus
1777 2876 2080 2947 longiorem

2179 417 2366 490 μένος,
2397 417 2511 470 ἀλλ’
2540 417 2615 482 ὡς
2645 415 2874 485 δυνάμει
2900 417 3081 469 πᾶσαν
3110 414 3274 486 φύσιν
3307 417 3786 487 ὑπερεκπίπτων,

2177 507 2275 580 καὶ
2309 505 2510 572 παντὸς
2553 507 2722 562 τόπου
2783 509 2880 561 καὶ
2925 511 3120 579 χρόνου
3171 508 3786 578 ὑπερεξαπλοῦμενος·

2177 600 2303 654 οὔτε
2334 601 2464 670 γοῦν
2493 601 2602 672 ἄρα
2641 599 3025 669 συντιθέμενος
3047 601 3123 663 ὡς
3157 600 3320 671 σῶμα
3348 601 3384 670 ἢ
3415 603 3672 671 μεριστή
3707 619 3786 665 τις

2177 693 2346 760 φύσις
2368 692 2778 762 συν-τεθήσεται,
2814 691 2902 745 ἵνα
2930 691 3006 754 ὡς
3054 693 3220 761 μέρος
3261 691 3296 762 ἦ
3329 692 3486 756 ὅλον,
3516 697 3782 764 μεριστὴ

2181 783 2542 851 συγκείμενος
2571 781 2958 850 λογισθήσεται
2977 798 2990 811 ο
3009 781 3125 834 ἀλλ’
3146 782 3206 836 ὃν
3235 783 3452 853 τρόπον
3475 785 3588 835 οὐκ
3619 787 3781 852 άναγε

2180 873 2351 934 καίως
2392 872 2541 943 αὐτῷ
2571 873 2797 940 γέγονεν
2830 875 2858 926 ό
2899 871 2997 924 τοῦ
3031 872 3288 942 σώματος
3333 873 3506 940 λόγος
3551 877 3657 927 καὶ
3687 878 3777 945 τῆς

2177 963 2480 1034 ὲμμερείας
2531 965 2614 1028 εἰς
2667 963 2728 1017 τὸ
2775 964 3141 1036 περιγράφειν
3187 964 3257 1017 τὰ
3309 967 3576 1035 ἐμμερῆ,
3611 966 3776 1028 οὕτως

2177 1053 2299 1106 οὐδὲ
2333 1057 2412 1118 εἰς
2462 1055 2561 1125 τὴν
2597 1055 2734 1126 πρὸς
2775 1057 3061 1126 ἄνθρωπον
3102 1054 3382 1120 σύνθεσιν,
3426 1056 3537 1127 τὴν
3571 1059 3775 1110 tam}

2177 1145 2435 1200 ὑπόνοιαν
2468 1147 2809 1218 ὲπισύρεται.
2845 1148 3051 1212 ’Δλὶως
3100 1151 3212 1219 γὰρ
3255 1149 3380 1200 οὐδὲ
3421 1150 3581 1218 μέγα
3612 1149 3772 1212 οὕτως

2177 1238 2256 1308 τῷ
2285 1240 2670 1311 ἀπεριγράῳῳ,
2704 1241 2752 1292 si
2797 1241 2858 1293 οὐ
2905 1244 3166 1312 χωρείται
3214 1241 3321 1294 ὑπὸ
3365 1242 3474 1294 τοῦ
3510 1261 3772 1313 περιγρα-

2178 1331 2344 1385 πτοῦο
2381 1333 2476 1386 καὶ
2522 1332 2738 1402 σώματι
2787 1335 2899 1403 γὰρ
2948 1335 3356 1404 ἀπεριγράπτῳ
3387 1335 3591 1387 ἔνεστι
3640 1337 3769 1400 2'22,

2177 1418 2346 1490 ἤγουν
2371 1420 2450 1489 τῷ
2473 1421 2730 1492 οὐρανίῳο
2763 1422 2876 1475 ἀλλ’
2911 1423 2963 1475 ei
2995 1425 3090 1475 καὶ
3133 1425 3194 1475 ὲν
3221 1423 3304 1492 τῷ
3339 1423 3534 1492 μείονι
3567 1425 3668 1477 καὶ
3690 1441 3773 1476 εε-

2179 1509 2472 1581 ριγραπτῷ
2534 1513 2626 1563 ὑπ’
2661 1511 2828 1566 αὐτοῦ
2879 1512 3174 1574 ἀκωλύτως
3205 1513 3329 1576 ὅλος
3370 1527 3441 1566 τε
3504 1516 3608 1566 καὶ
3645 1517 3770 1568 ἅτις·

2181 1601 2501 1674 ριγράπτως
2545 1599 2770 1656 δύναιτο
2833 1607 3084 1674 χωρῆσαι
3147 1605 3207 1658 ὲν
3269 1605 3465 1658 οὐδενὶ
3510 1623 3772 1675 στενοχω-

2183 1691 2466 1763 ρούμενος,
2494 1689 2650 1745 τοῦτο
2685 1692 2898 1763 ἀληθῶς
2934 1693 3214 1763 δυνάμεως
3246 1699 3508 1766 φυσικῆς
3541 1697 3608 1749 τὸ
3644 1701 3763 1750 άπ-

2181 1779 2484 1850 ρίγραπτον
2515 1781 2693 1834 οὐδενὶ
2721 1779 2884 1852 βιαίῳ
2913 1782 3354 1854 ἀποκλειομὲνης
3378 1785 3486 1839 καὶ
3515 1803 3769 1856 περιτρα.

2181 1871 2424 1943 φομένης
2455 1875 2698 1943 ἐνεργεῖν
2724 1871 2754 1925 δ
2779 1869 3048 1944 βούλεται.
3079 1873 3253 1928 Τοῦτο
3285 1875 3401 1944 γάρ
3439 1879 3568 1930 ἔστι
3597 1879 3690 1932 καὶ
3713 1879 3766 1931 τὺ

2179 1956 2255 2023 ὡς
2301 1960 2442 2028 ἄγαν
2492 1960 2806 2032 θαυμαστὸν
2865 1963 3156 2034 ειρημένον
3211 1965 3294 2036 τῷ
3345 1969 3604 2038 φήσαντι
3649 1970 3767 2036 περὶ

2179 2047 2418 2118 Χριστοῦ
2465 2051 2560 2104 τοῦ
2589 2051 2731 2105 κατὰ
2779 2053 2959 2123 σάρκα
2983 2091 3000 2116 ,
3043 2054 3163 2106 Ὅτι
3193 2055 3264 2108 ἐν
3292 2055 3467 2120 αὐτῷ
3511 2053 3770 2112 κατοικεῖ

2181 2137 2304 2194 πᾶν
2327 2141 2394 2195 τὸ
2422 2141 2714 2214 πλήρωμα
2732 2142 2844 2214 τῆς
2875 2146 3159 2212 θεότητος
3186 2159 3584 2216 σωματικως.

2250 2319 2452 2385 Κακῶς
2469 2313 2584 2389 οὖν,
2615 2320 2862 2390 τάλανες,
2902 2319 3118 2391 ἀξιοῦτε
3146 2324 3245 2379 καὶ
3273 2325 3373 2380 ἐπὶ
3402 2327 3553 2382 Θεοῦ
3583 2331 3690 2383 πᾶν
3712 2331 3764 2382 τὸ

2183 2413 2590 2482 συντιθέμενον,
2621 2413 2654 2486 ἢ
2683 2417 2758 2478 ὡς
2797 2415 2958 2487 μέρος
2985 2415 3018 2488 ἢ
3051 2416 3127 2480 ὡς
3154 2418 3277 2472 ὅλον
3312 2420 3586 2488 μεριστὸν
3613 2421 3763 2492 δηλα-

2179 2503 2242 2571 δὴ
2271 2505 2638 2559 συντίθεσθαι.
2671 2507 2869 2576 Ἤρκει
2911 2507 3008 2576 μὲν
3037 2503 3131 2560 οὖν
3160 2509 3258 2562 καὶ
3301 2511 3440 2577 μιᾶς
3475 2510 3644 2580 μόνον
3667 2513 3760 2563 τῶν

2182 2593 2463 2668 ὑμετέρων
2504 2598 2825 2666 προτάσεων
2854 2591 3073 2668 ἔλεγχος
3107 2597 3244 2668 «pb;
3269 2600 3616 2672 καθαίρεσιν
3642 2619 3759 2656 παν-

2179 2685 2272 2749 τὸς
2303 2687 2460 2757 ὑμῶν
2489 2686 2582 2740 τοῦ
2605 2689 3056 2760 ἐπιχειρήματος·
3089 2689 3254 2759 εἴπερ
3283 2689 3412 2754 ἑνὸς
3446 2694 3662 2747 ἀτόπου
3686 2695 3759 2749 ὅθι

2181 2776 2390 2842 θέντος,
2416 2777 2596 2832 πάντα
2633 2780 2812 2834 ἄτοπα
2837 2779 3213 2852 ὡμολόγηται.
3261 2779 3396 2835 Ἰδοὺ
3440 2783 3505 2836 δὲ
3531 2785 3605 2840 δι’
3641 2788 3760 2840 ὅλων

2182 2867 2337 2938 ὑμῶν
2375 2867 2484 2922 τῶν
2513 2870 2852 2942 προτάσεων.
2883 2873 2931 2924 ει
2965 2872 3060 2926 καὶ
3085 2873 3438 2944 μακρότερον
3491 2877 3594 2930 τὸν
3627 2877 3759 2942 ελεγ·

513 2965 945 3021 confutationem
985 2967 1450 3037 protraxerimus,
1503 2967 1628 3024 ideo
1669 2968 1848 3024 omnis
1910 2969 2082 3025 vestri

2186 2977 2278 3030 χον
2325 2963 2760 3034 παρετείναμεν,
2813 2961 3177 3032 ψευδέστατον
3229 2965 3390 3035 ὑμῶν
3435 2967 3507 3021 ἰδ
3567 2971 3759 3040 augmi-

514 3057 794 3113 ratiocinii
838 3059 1122 3116 conclusio
1171 3059 1469 3115 falsissima
1517 3059 2086 3116 demonstrabitur.ln

513 3148 693 3219 prima
712 3149 883 3216 enim,
923 3150 1064 3205 male
1091 3149 1448 3205 existimastis
1499 3165 1662 3204 omne
1689 3150 1906 3205 unitum
1935 3151 2086 3207 velut

515 3247 726 3309 partem
766 3247 864 3296 aut
915 3247 1088 3296 totum
1119 3239 1395 3296 divisibile
1437 3241 1622 3308 uniri;
1674 3242 1946 3312 siquidem
1996 3260 2086 3302 res

515 3342 627 3384 non
675 3331 750 3384 ita
776 3345 835 3384 se
868 3330 1072 3384 habere
1105 3330 1400 3398 probatum
1425 3329 1615 3396 fuerit,
1643 3333 1922 3400 omnibus,
1963 3351 2086 3406 quae

517 3434 547 3474 a
575 3419 686 3474 Deo
723 3419 977 3474 ordinata
1009 3427 1156 3484 sunt,
1201 3434 1270 3474 ex
1314 3435 1426 3474 non
1462 3421 1684 3478 entibus
1725 3425 2084 3482 subsistenti—

515 3509 640 3563 bus.
668 3509 776 3564 Sed
804 3519 860 3564 et
885 3524 1114 3580 corpora
1143 3525 1211 3565 ex
1241 3527 1344 3580 quo
1369 3521 1426 3566 et
1455 3521 1658 3580 quanto
1679 3514 1921 3584 perfecta
1958 3526 2086 3573 sunt

514 3603 949 3658 substantialiter
971 3643 988 3670 ,
1025 3603 1094 3664 ,in
1135 3618 1371 3673 quorum
1422 3605 1578 3660 nullo
1629 3614 1802 3662 totum
1838 3609 1924 3664 vel
1955 3625 2086 3680 pars

512 3701 642 3776 ante
696 3693 958 3750 unionem
991 3694 1236 3764 ipsorum
1261 3711 1370 3748 non
1401 3704 1583 3766 potest
1611 3697 1744 3760 dici,
1777 3709 2001 3770 propter
2018 3717 2083 3755 ea

514 3799 635 3852 qua:
660 3800 691 3839 a
724 3784 889 3840 nobis
938 3784 1193 3855 superius
1237 3785 1382 3840 dicta
1416 3794 1564 3840 sunt.
1596 3785 1849 3842 Secunda
1897 3801 2082 3845 autem

513 3883 694 3930 vestra
733 3877 1038 3946 propositio
1071 3886 1240 3942 errat,
1258 3877 1535 3933 afﬁrmans
1563 3886 1738 3935 totum
1771 3881 1839 3936 dc
1872 3882 2085 3954 simpli-

513 3967 670 4024 cibus
701 3969 789 4023 vel
819 3969 1053 4026 iuiinitis
1087 3986 1199 4025 non
1228 3969 1381 4036 dici;
1415 3969 1964 4043 demonstratumque
1999 3983 2086 4032 est

513 4067 804 4127 punctum,
843 4060 1134 4126 unitatem,
1163 4069 1504 4116 momentum
1533 4050 1795 4130 praesens,
1822 4063 2082 4131 animam,

513 4149 696 4204 omnia
722 4149 1014 4220 simplicia,
1031 4158 1194 4221 atque
1227 4149 1600 4212 divinitatem,
1627 4153 1867 4223 propriis
1889 4153 2087 4210 distin-

521 4237 734 4309 ctisque
767 4239 994 4296 vocibus
1020 4239 1298 4296 enuntiari
1391 4247 1500 4294 tota
1579 4242 1928 4312 partiumque
1963 4258 2082 4302 esse

525 4331 794 4401 expertia,
837 4332 944 4388 etsi
976 4332 1408 4402 uniuscujusque
1437 4345 1549 4388 non
1599 4332 1672 4387 sit
1717 4332 1908 4390 eadem
1947 4335 2081 4390 sim-

523 4421 760 4490 plicitas.

591 4507 647 4563 Si
677 4521 808 4562 vero
829 4524 862 4562 a
893 4509 1049 4563 vobis
1080 4523 1401 4565 concessum
1451 4508 1620 4566 fuerit
1657 4513 1841 4569 omnia
1871 4513 2081 4586 simpli-

517 4599 603 4652 cia
633 4599 963 4662 necessario,
991 4599 1264 4670 siquidem
1289 4603 1530 4672 partium
1555 4603 1799 4673 expertia
1823 4603 1954 4668 sint,
1981 4621 2083 4664 nec

519 4701 631 4747 tota
665 4691 914 4770 dicinec
943 4710 1185 4763 unquam
1214 4696 1271 4750 in
1294 4696 1558 4752 unionem
1577 4698 1875 4755 convenire
1900 4715 2081 4770 posse,

518 4769 763 4840 libenter
801 4801 832 4841 a
864 4786 1020 4841 vobis
1063 4787 1418 4857 exquiremus
1461 4789 1738 4858 quomodo
1767 4769 1936 4860 igitur
1973 4807 2086 4848 non

518 4873 700 4927 omnia
729 4875 877 4928 entia
902 4875 1054 4930 unita
1077 4891 1143 4932 ex
1171 4877 1346 4932 unitis
1373 4876 1494 4933 ﬁeri
1527 4893 1850 4947 concessum
1883 4879 2088 4935 fuerit?

516 4955 575 5011 In
612 4955 872 5008 inﬁnitum
901 4971 1114 5025 quoque
1152 4957 1248 5014 erit
1282 4958 1751 5028 progrediendum,
1791 4962 1834 5015 si
1875 4978 1938 5016 ex
1967 4963 2092 5016 sim-

517 5046 570 5118 pl
595 5050 752 5102 ciLus
789 5064 888 5102 nou
923 5049 1054 5104 [iant
1092 5052 1264 5116 unita,
1313 5051 1578 5122 siquidem
1609 5055 1758 5122 juxta
1796 5069 1889 5108 vos
1911 5069 1975 5107 ex
2009 5056 2114 5108 his-

517 5157 640 5210 qum
671 5145 914 5212 partibus
941 5153 1128 5198 carent
1155 5161 1257 5197 llutl
1296 5144 1874 5214 possintessemrimis
1906 5148 2090 5208 nnit's,

520 5234 663 5286 unde
683 5233 1072 5296 unitisnescin,
1101 5234 1202 5287 nisi
1237 5230 1472 5288 breviter
1521 5233 1675 5288 nobis
1718 5234 2092 5288 demonstrare

521 5323 820 5378 volueritis.
877 5323 982 5378 Sed
1035 5333 1088 5377 ct
1129 5324 1399 5379 infinitum
1440 5326 1650 5380 ratione
1693 5325 1890 5379 inﬁniti
1918 5338 2087 5380 ιοτιιιιι

523 5430 660 5478 esse,
707 5419 862 5484 quasi
921 5417 1134 5472 (initum
1185 5417 1396 5474 ratione
1450 5417 1610 5486 ﬁniti,
1669 5417 1956 5488 probatum
1987 5429 2090 5485 est,

597 5581 618 5612 ’
652 5578 869 5634 Coloss.
911 5595 970 5648 ιι,
997 5581 1050 5637 9.

2117 4296 2162 4355 D

2187 3065 2374 3122 ρασμα
2396 3051 2663 3106 δέδεικται
2696 3053 2791 3107 τοῦ
2817 3053 2940 3108 ὅλου
2974 3054 3365 3125 συλλογισμοῦ.
3408 3057 3508 3110 Ἐν
3543 3061 3644 3129 μὲν
3667 3061 3760 3129 γὰρ

2183 3145 2250 3213 τῇ
2317 3142 2529 3216 πρώτῃ,
2589 3144 2777 3208 κακῶς
2822 3143 3039 3214 ἠξιοῦτε
3091 3144 3202 3198 πᾶν
3251 3143 3658 3219 συντιθέμενον
3695 3149 3761 3210 ὡς

2187 3237 2408 3308 μέροςῆ
2441 3238 2564 3292 ὅλον
2599 3235 2856 3311 μεριστὸν
2886 3239 3235 3294 συντίθεσθαι
3255 3257 3271 3272 ο
3293 3241 3636 3313 ὲλήλεγκται
3665 3247 3762 3313 γὲρ

2184 3329 2283 3399 οὐχ
2318 3327 2492 3392 οὕτως
2520 3329 2712 3405 ἔχοντα
2735 3330 2802 3384 τὰ
2841 3331 3168 3403 πράγματα,
3197 3333 3362 3403 εἰπερ
3393 3335 3464 3388 ἐκ
3493 3337 3574 3407 μὴ
3606 3337 3761 3388 ὅντων

2187 3420 2476 3487 σύγκειται
2509 3421 2626 3475 τόδε
2655 3421 2717 3474 τὸ
2748 3421 2856 3475 πᾶν
2888 3421 3008 3494 θείᾳ
3043 3422 3303 3494 βουλήσει
3342 3428 3756 3498 συναρμοσθέν·

2185 3511 2323 3564 ἀλλὰ
2357 3512 2454 3566 καὶ
2482 3513 2552 3568 τὰ
2591 3511 2821 3582 σώματα
2853 3513 2919 3566 ὲκ
2952 3513 3132 3567 ποιοῦ
3163 3531 3225 3566 τε
3257 3516 3362 3569 καὶ
3394 3519 3608 3574 ποσοῦ
3642 3536 3756 3570 2r.-

2183 3603 2491 3672 ηρτισμένα
2525 3603 2674 3659 ἐστὶν
2717 3604 3011 3668 οὑσιωδῶς·
3043 3597 3119 3657 ὦν
3157 3603 3214 3658 ὲν
3249 3605 3532 3680 οὐδετέρῳ
3561 3609 3622 3662 τῦ
3653 3611 3758 3661 ὅὶω

2183 3692 2218 3764 ἢ
2253 3694 2418 3764 μέρος
2448 3693 2558 3764 πρὸ
2580 3695 2678 3763 τῆς
2709 3695 3017 3758 συνθέσεως
3047 3695 3250 3760 αὐτῶνξ
3282 3696 3481 3765 λέγειν
3515 3699 3758 3760 Eum-3v,

2184 3783 2272 3838 διὰ
2303 3783 2373 3838 τὰ
2405 3783 2665 3854 ἀνωτέρω
2693 3782 2826 3854 ἡμῖν
2862 3785 3151 3854 εἰρημένα·
3185 3787 3219 3856 ὴ
3254 3787 3312 3838 δὲ
3341 3786 3590 3859 δευτέρα
3615 3790 3758 3858 ὑμῶν

2186 3873 2448 3946 πρότασις
2486 3876 2693 3931 ἐπλάνα
2735 3876 3023 3946 φάσκουσα
3073 3876 3135 3929 τὸ
3171 3875 3294 3929 ὅλον
3326 3878 3426 3930 ἐπὶ
3459 3881 3693 3949 ἀμερῶν
3727 3880 3756 3949 ἦ

2185 3965 2586 4036 ἀπεριγράφων
2619 3966 2693 4036 μὴ
2729 3965 3026 4034 λέγεσθαι’
3077 3967 3173 4018 καὶ
3211 3966 3439 4036 ἐδείχθη
3473 3970 3545 4022 τό
3577 3987 3638 4022 τε
3673 3986 3760 4035 π.

2187 4057 2356 4122 μεῖον,
2390 4057 2485 4110 καὶ
2531 4057 2563 4128 ἡ
2597 4056 2782 4128 μονὰς,
2829 4057 2926 4110 καὶ
2973 4056 3036 4110 τὸ
3080 4056 3198 4123 νῦν,
3231 4059 3329 4110 καὶ
3357 4057 3540 4128 ψυχὴ,
3575 4061 3670 4112 καὶ
3699 4063 3758 4109 τὰ

2185 4147 2336 4200 ἁπλᾶ
2367 4147 2566 4211 πάντα,
2599 4149 2696 4203 καὶ
2726 4149 2788 4202 τὸ
2817 4147 2994 4212 Θεϊον,
3032 4147 3130 4202 ὅλα
3158 4159 3217 4200 τε
3259 4145 3536 4216 λέγεσθαι
3569 4153 3629 4204 ὲν
3655 4155 3756 4210 τοῖς

2187 4237 2312 4292 καθ’
2347 4239 2520 4291 ἑαυτὰ
2569 4237 2769 4306 λόγοις,
2817 4239 2913 4292 καὶ
2957 4239 3137 4309 ἀμερῆ
3200 4233 3344 4292 εἶναι
3371 4279 3389 4306 ,
3439 4241 3493 4293 εἰ
3552 4242 3651 4294 καὶ
3691 4240 3758 4310 μὴ

2187 4329 2452 4394 ὡσαύτως
2482 4327 2716 4384 ἑκάστου
2749 4331 2898 4385 ἐστὶν
2930 4331 2964 4403 ἠ
3009 4331 3266 4402 ἁμέρεια.

2259 4506 2322 4562 Εἰ
2345 4507 2403 4562 δὲ
2433 4507 2529 4562 καὶ
2556 4507 2714 4578 ἐδόθη
2739 4508 2868 4578 ὑμῖν
2891 4508 3070 4563 πάντα
3109 4505 3178 4561 τὰ
3207 4507 3362 4562 ἁπλᾶ
3401 4503 3465 4574 ἐξ
3491 4510 3752 4578 ἀνάγκης.

2189 4601 2314 4654 ἐπεὶ
2347 4600 2534 4671 ἀμερῆ
2569 4602 2708 4664 ἐστι,
2752 4601 2891 4671 μήτε
2926 4600 3022 4654 ὅλα
3050 4599 3340 4668 λέγεσθαι,
3359 4601 3506 4668 μήτε
3531 4605 3614 4663 εἰς
3646 4601 3752 4654 sivo

2192 4691 2340 4744 θεσιν
2380 4689 2640 4761 ἔρχεσθαι
2670 4689 2915 4756 πώποτε,
2949 4688 3118 4758 ἡδέως
3159 4691 3226 4743 ἂν
3254 4688 3547 4760 πυθοίμην
3575 4691 3748 4761 ὑμῶν·

2191 4780 2316 4843 Πῶς
2351 4777 2444 4833 οὖν
2495 4781 2600 4834 οὐκ
2650 4783 2716 4834 ἐκ
2761 4779 3035 4833 συνθέτων
3071 4779 3331 4846 γενέσθαι
3365 4781 3437 4835 τὰ
3479 4781 3619 4836 ὄντα
3645 4782 3758 4835 triv-

2191 4871 2324 4924 θετα
2367 4871 2546 4926 πάντα
2583 4871 2804 4942 δοθείη;
2839 4873 2950 4925 Καὶ
2980 4870 3065 4924 ἐπ’
3092 4871 3322 4943 ἄπειρον
3364 4874 3468 4941 τὴν
3500 4875 3760 4928 avicum:

2191 4965 2432 5033 ποιήσει,
2466 4962 2624 5034 εἴπερ
2665 4963 2742 5034 μὴ
2784 4962 2845 5028 ἐξ
2877 4961 3063 5017 ἁπλῶν
3089 4965 3206 5016 ὲστι
3247 4965 3315 5017 τὰ
3343 4964 3606 5039 σύνθετα,
3636 4967 3764 5020 διότι

2192 5055 2292 5108 οὐκ
2325 5055 2384 5121 ἐξ
2411 5055 2636 5126 ἀμερῶν
2665 5055 2925 5108 δύνανται
2950 5051 3092 5130 εἶναι
3121 5055 3245 5108 καθ’
3277 5055 3448 5126 ὑμᾶς,
3479 5058 3598 5110 τῶν
3623 5059 3765 5129 πρὼ-

2191 5164 2300 5200 των
2349 5147 2644 5212 συνθέτων,
2695 5147 2794 5200 οὐκ
2828 5141 2946 5200 οἶδα
2978 5145 3103 5200 ὅθεν
3145 5147 3538 5206 συντεθέντων.
3570 5152 3668 5203 ἐὰν
3699 5149 3766 5215 μὴ

2195 5238 2564 5308 παρελθόντες
2596 5239 2728 5308 ἡμῖν
2755 5235 3095 5307 ὑποδείξητε.
3150 5237 3317 5290 ’Δλλὰ
3349 5237 3446 5290 καὶ
3480 5237 3548 5290 τὸ
3579 5239 3769 5306 ἀπερί-

2194 5345 2402 5400 γραφον
2429 5329 2506 5400 τῷ
2531 5329 2675 5400 λόγῳ
2701 5330 2797 5382 τοῦ
2822 5327 3208 5400 ἀπεριγράφου
3234 5329 3361 5384 ὅλον
3391 5326 3558 5390 εἶναι.
3588 5329 3770 5395 ὥσπερ

2197 5418 2294 5474 καὶ
2323 5419 2384 5473 τὸ
2420 5419 2798 5491 περιγραπτὸν
2831 5418 2907 5490 τῷ
2951 5417 3099 5486 λόγῳ
3131 5419 3230 5474 τοῦ
3266 5423 3670 5492 περιγραπττῦ
3695 5419 3774 5474 δέ·
