3912 6298
228 275 367 341 1413

1111 239 1116 244 ’
1212 274 1611 338 ADVERSUS
1653 274 2204 340 NESTORIANOS.
2235 301 2304 313 -
2329 256 2477 340 L113.
2517 279 2569 338 I.

3352 279 3488 348 1411

225 388 443 439 δεικται
463 401 478 416 ο
513 384 609 438 καὶ
635 383 982 440 συντίθεσθαι
1014 379 1108 437 οὖν
1140 383 1460 454 δυνάμενον,
1505 382 1620 450 εἴγε
1641 381 1804 436 τοῦτο

1915 384 2143 455 ideoque
2183 386 2331 441 uniri
2379 402 2582 456 posse,
2633 386 2887 456 quamvis
2947 388 3141 447 unioni
3193 392 3349 450 vobis
3378 393 3490 452 hoc

227 479 363 548 ὑμῖν
399 477 550 530 δοκεῖ
590 477 895 538 συνθέσεως
933 472 1072 528 εἶναι
1116 473 1417 526 κωλυτικόν
1443 490 1456 503 ⁸
1488 473 1583 526 καὶ
1611 473 1691 526 ὅτι
1727 472 1802 535 ὡς

227 568 599 638 περιγράφειν
640 567 702 619 τὸ
750 565 994 637 ὲμμερὲς
1030 566 1130 618 οὐκ
1187 565 1544 634 ὲμποδίζεται
1573 567 1633 618 τὸ
1663 566 1802 635 ἀμε-

230 663 346 732 ρὲς,
383 660 555 722 οὕτως
595 660 716 712 οὐδὲ
744 659 1113 723 συντίθεσθαι,
1144 659 1284 711 κατὰ
1316 658 1378 710 τὸ
1404 656 1586 726 ἑαυτῷ
1619 658 1804 727 μέντοι

227 755 449 818 οἰκεῖον,
481 753 577 804 καὶ
622 754 722 804 οὐκ
769 750 1063 821 ὲμμερῶς·
1095 749 1293 804 οὐκοῦν
1345 751 1438 801 καὶ
1491 748 1807 818 μειρακίοις

225 843 453 912 εῠδηλον
486 843 549 896 τὸ
582 843 872 913 ἀνίσχυρον
901 845 996 895 τοῦ
1033 843 1301 913 ὑμετέρου
1335 841 1568 900 ἀσεϐοῦς
1593 857 1808 909 συμπε-

230 937 534 1007 ράσματος,
566 937 628 988 τὸ
658 935 817 1003 λέγον
839 951 852 966 ⁸
894 936 1010 987 Οὐκ
1039 935 1149 1004 ἄρα
1190 933 1452 1002 συνετέθη
1479 935 1505 986 ὁ
1539 932 1672 994 Θεὸς
1701 931 1806 984 Λό-

227 1043 323 1095 γος
354 1025 432 1095 τῷ
455 1027 513 1090 ἐξ
534 1025 691 1094 ἡμῶν
714 1023 1008 1095 ἀνθρώπῳ.
1045 1023 1200 1076 Οὕτω
1237 1023 1334 1092 μὲν
1361 1019 1455 1073 οὖν
1491 1020 1622 1072 ὡσεὶ
1648 1018 1806 1088 χνοῦς

228 1114 375 1166 κατὰ
422 1115 716 1184 πρόσωπον
762 1114 965 1182 ἀνέμου
1013 1112 1244 1181 ἐξεχύθη
1279 1112 1372 1163 καὶ
1413 1110 1804 1179 διεσκορπίσθη

229 1202 410 1256 πάντα
441 1202 596 1271 ὑμῶν
629 1203 695 1255 τὰ
736 1202 1072 1270 σοφίσματα,
1111 1201 1201 1253 διά
1239 1201 1300 1252 τὸ
1317 1203 1374 1252 ὲν
1404 1200 1634 1270 ἀπιστίᾳ
1664 1217 1806 1269 συμ-

231 1295 478 1361 παγῆναι
512 1295 603 1345 mi
635 1296 691 1346 ὲν
719 1293 911 1362 ἀγνοίᾳ
941 1292 1043 1360 τῆς
1073 1290 1360 1359 δυνάμεως
1392 1287 1487 1341 τοῦ
1513 1288 1658 1340 θείου
1684 1288 1808 1358 βου-

229 1385 493 1455 λήματος.

313 1475 476 1541 Ἀλλ’,
505 1470 548 1528 ὧ
573 1469 740 1539 οὗτοι,
767 1475 814 1526 εί
845 1472 938 1526 καὶ
971 1473 1159 1542 μηδεὶς
1185 1469 1251 1543 ἦν
1274 1474 1302 1524 ὁ
1328 1472 1482 1538 λόγος
1511 1474 1539 1525 ό
1570 1471 1806 1541 ἐλέγχων

231 1568 386 1638 ὑμῶν
414 1567 514 1637 τὴν
544 1567 796 1629 ἀτοπίαν,
823 1567 932 1635 ἄρα
959 1583 1024 1633 γε
1055 1564 1230 1627 οὕτως
1263 1567 1465 1618 ἐννοεῖν
1498 1565 1557 1616 οὐ
1589 1566 1809 1634 φρίττο-

235 1677 355 1729 μεν,
389 1660 471 1712 ὅτι
501 1660 529 1710 ό
563 1659 637 1728 μὴ
682 1659 810 1712 ὄντα
840 1657 969 1709 τάδε
1031 1656 1103 1710 τὰ
1158 1657 1288 1708 ὄντα
1325 1659 1503 1710 πάντα
1563 1659 1656 1709 καὶ
1705 1657 1807 1718 τὰς

229 1722 446 1802 τοιάσδε
481 1722 664 1800 αὑτων
704 1747 987 1808 συνθέσεις
1021 1745 1260 1815 ἐξευρὼν
1296 1745 1428 1806 Θεὸς
1479 1745 1661 1806 πάσας
1714 1744 1806 1795 καὶ¹
1837 1722 1879 1776 Β

231 1841 466 1908 ποιήσας
511 1835 650 1892 εἷναί
679 1855 738 1890 τε
772 1837 935 1902 αὐτὰ,
969 1838 1064 1890 καὶ
1090 1836 1313 1890 τοιῶσὸε
1353 1831 1518 1900 εῖναι,
1545 1837 1644 1888 οὐκ
1678 1834 1804 1904 ἠδύ-

230 1949 363 1987 νατο
407 1931 731 1999 καινοτέραν
782 1931 904 1982 τινά
940 1930 1034 1981 καὶ
1080 1927 1516 1996 ἀναγκαιοτέραν
1556 1926 1805 1979 σύνθεσιν

229 2023 384 2094 παρά
425 2021 530 2083 τάς
573 2019 924 2089 ὲγνωσμένας
950 2020 1082 2088 ἡμῖν
1117 2012 1210 2090 ᾖδε
1254 2017 1678 2085 προϐάλλεσθαι,
1714 2018 1806 2069 καὶ

231 2115 483 2182 ὲφευρεῖν
517 2110 715 2180 ἑαυτῷ,
754 2110 894 2179 ὑπὲρ
925 2110 1036 2161 τῶν
1077 2108 1247 2161 ὄντων
1293 2109 1486 2163 ἑαυτὸν
1523 2109 1801 2161 συνθεῖναι

229 2202 339 2256 τῶν
368 2201 539 2254 όντων
569 2201 679 2252 τινὶ
712 2199 1054 2268 βουλόμενος,
1083 2197 1179 2251 καὶ
1208 2201 1308 2267 τὴν
1345 2200 1513 2268 μήπω
1541 2201 1804 2266 ἐντεταγ-

234 2290 404 2360 μένην
432 2292 541 2352 τοῖς
568 2283 718 2341 οὖσιν
749 2287 1048 2356 ἐμφανίσαι
1065 2303 1081 2353 ;
1101 2288 1222 2350 Πῶς
1254 2284 1366 2350 οὖν,
1391 2291 1442 2340 εί
1465 2289 1620 2340 τοῦτο
1644 2289 1805 2356 διαμ-

231 2381 606 2450 φιϐάλλοιμεν,
638 2380 759 2447 οὐχὶ
793 2379 887 2432 καὶ
932 2379 1000 2431 τά
1053 2379 1216 2432 λοιπά
1250 2380 1428 2433 πάντα
1477 2381 1586 2432 τῶν
1613 2381 1803 2442 όντων,

231 2473 295 2527 ἐκ
327 2489 490 2524 τινων
535 2470 950 2542 προγεγονότων
996 2467 1158 2532 εἶναι,
1195 2471 1421 2533 εἰκότως
1470 2470 1802 2540 δοξάσομεν;

231 2563 306 2614 Οὐ
333 2562 442 2631 γὰρ
469 2556 537 2630 ἦν
583 2560 737 2612 οὔπω
771 2575 856 2622 τις
903 2559 1222 2629 ὲγνωσμένη
1263 2559 1370 2612 τινὶ
1411 2552 1659 2621 σύνθεσις
1695 2558 1805 2610 τῶν

230 2651 426 2704 ὅντων·
458 2651 546 2703 ὅτε
589 2650 710 2702 κατ’
745 2650 924 2720 ἀρχὰς
968 2649 1088 2719 Θεῷ
1131 2650 1478 2721 ἐμηχανήθη.
1513 2652 1624 2704 Kal.
1657 2652 1806 2720 ὅμως

231 2739 448 2801 οὐδενὸς
478 2738 660 2792 αὐτῶν
691 2739 883 2808 πρώην
923 2738 1098 2801 ὄντος,
1143 2738 1373 2808 ὕστερον
1420 2743 1668 2810 ποιήσειν
1711 2741 1805 2792 τὸν

231 2828 369 2882 Θεὸν
401 2828 470 2881 τὰ
506 2831 682 2882 πάντα
725 2827 954 2882 σύνθετα
993 2830 1390 2900 ὁμολογοῦμεν.
1430 2831 1568 2882 Πότε
1611 2830 1668 2882 δὲ
1713 2832 1806 2883 καὶ

233 2922 326 2972 ποῖ
354 2919 512 2980 ἄλλος
545 2920 743 2986 γέγονε
778 2918 1036 2989 κόσμοςῆ
1065 2921 1313 2988 ἐπεφάνη
1342 2921 1548 2973 τοιόσδε
1571 2921 1806 2990 Χριστὸς

1906 477 2127 532 obstare
2156 478 2441 543 videatur,
2486 494 2551 533 ac
2573 520 2588 542 ,
2641 481 3100 548 quemadmodum
3118 485 3270 539 ‘nihil
3300 486 3488 544 obstat

1907 567 2039 634 quin
2061 568 2308 636 partibus
2333 577 2594 622 constans
2615 571 2866 638 partibus
2885 583 3113 627 carente
3143 577 3486 644 terminetur,

1908 656 1983 712 ita
2020 674 2122 714 nec
2155 660 2326 713 ullum
2373 661 2554 715 obstat
2582 663 2714 730 quin
2768 663 3017 732 partibus
3051 680 3246 721 carens
3292 684 3490 724 secun-

1907 749 2039 802 dum
2069 750 2218 818 quod
2247 754 2528 819 preprium
2580 759 2664 806 est
2695 753 2799 806 sibi
2827 792 2841 816 ,
2895 769 3000 808 nec
3039 756 3200 810 modo
3234 759 3489 826 partibus

1909 841 2280 893 constantiam
2313 842 2568 908 uniatur;
2601 843 2829 898 evidens
2855 852 2938 898 est
2957 861 3087 915 ergo
3112 847 3277 901 etiam
3301 851 3460 919 junio

1907 929 2062 983 ribus
2081 930 2262 998 impia:
2280 940 2478 986 vestrae
2497 935 2868 990 conclusionis
2886 938 3193 1002 inﬁrmitas,
3216 939 3482 996 dicentis:

1906 1020 2024 1074 Non
2055 1037 2186 1091 ergo
2212 1023 2357 1077 Deus
2377 1024 2614 1077 Verbum
2643 1026 2852 1080 homini
2885 1029 3046 1082 alicui
3076 1045 3141 1082 ex
3173 1030 3333 1085 nobis
3366 1033 3483 1086 uni-

1907 1120 1996 1165 tus
2022 1121 2124 1166 est.
2155 1112 2245 1167 Sic
2283 1128 2414 1183 ergo
2441 1125 2502 1168 ut
2535 1116 2717 1183 pulvis
2749 1128 2873 1171 ante
2908 1117 3101 1171 faciem
3132 1121 3280 1174 venti
3322 1122 3485 1176 dissi-

1907 1212 2109 1271 pantur
2141 1218 2204 1256 ac
2234 1204 2622 1273 diSperguntur
2650 1207 2833 1260 omnia
2894 1217 3078 1262 vestra
3128 1211 3481 1279 sophismata,

1906 1308 1974 1347 eo
2007 1293 2154 1360 quod
2181 1295 2234 1346 in
2265 1293 2589 1348 inﬁdelitate
2619 1297 3040 1366 ignorantiaque
3067 1299 3285 1355 virtutis
3311 1302 3484 1357 divini

1907 1384 2122 1438 consilii
2162 1385 2462 1452 composita
2497 1396 2646 1438 sunt.

1976 1474 2069 1541 At,
2097 1489 2130 1526 o
2161 1489 2257 1527 vos
2284 1514 2298 1536 ,
2331 1475 2432 1528 etsi
2462 1476 2648 1530 nullus
2675 1485 2823 1531 esset
2852 1463 3034 1534 sermo
3074 1482 3361 1536 stultitiam
3393 1497 3478 1536 ve-

1904 1562 2074 1607 stram
2103 1554 2412 1618 confntans,
2448 1570 2625 1609 nonne
2656 1556 2726 1609 ita
2752 1560 2973 1612 credere
2999 1560 3334 1626 horreamus,
3355 1575 3480 1615 cum

1908 1641 2049 1695 Deus
2094 1659 2213 1710 qua:
2257 1659 2362 1697 non
2409 1654 2570 1698 erant
2610 1646 2796 1699 omnia
2829 1649 3150 1703 exsistentia
3182 1663 3484 1720 eorumque

1905 1749 2096 1788 omnes
2157 1735 2466 1802 hujnsmodi
2522 1738 2752 1792 uniones
2819 1740 3214 1803 adinvenisset,
3281 1741 3482 1810 illaque

1907 1839 2034 1877 esse
2102 1825 2344 1891 fecisset,
2403 1827 2604 1894 talique
2655 1829 2820 1882 modo
2876 1843 3022 1893 esse,
3079 1831 3256 1899 ipsum
3308 1831 3480 1886 fuisse

1906 1917 2263 1982 impotentem
2287 1920 2648 1971 recentiorem
2666 1921 2954 1986 quamdam
2981 1924 3263 1990 magisque
3283 1938 3480 1976 neces-

1903 2008 2104 2060 sariam
2137 2009 2392 2060 unionem
2426 2021 2620 2076 praeter
2655 2023 2748 2063 eas
2779 2025 2898 2078 qua:
2925 2025 2956 2063 a
2985 2012 3144 2067 nobis
3176 2021 3317 2066 noue
3350 2021 3484 2067 sunt

1905 2100 1985 2151 sic
2015 2099 2356 2162 ostendendi,
2389 2100 2604 2167 sibique
2659 2102 3065 2167 adinveniendi,
3118 2117 3282 2173 supra
3333 2104 3482 2158 entia

1909 2185 2147 2252 Ieipsum
2174 2189 2387 2239 cuidam
2437 2191 2643 2241 entium
2704 2193 2844 2244 uniri
2903 2195 3194 2258 volentem,
3237 2195 3484 2262 hancque

1913 2277 2172 2332 unionem
2219 2280 2398 2334 adhuc
2467 2282 2769 2336 inauditam
2817 2284 2959 2337 inter
3003 2286 3150 2340 entia
3197 2286 3479 2342 rchlare?

1898 2372 2192 2437 Quomodo
2227 2372 2413 2441 igitur,
2442 2372 2486 2425 si
2520 2372 2574 2424 in
2611 2373 2716 2426 hoc
2746 2373 3126 2450 immoremvur,
3161 2390 3270 2429 non
3313 2376 3481 2430 etiam

1905 2462 2092 2515 omnia
2124 2462 2334 2529 reliqua
2377 2463 2626 2526 entium,
2657 2479 2722 2518 ex
2770 2466 3099 2534 quibusdam
3149 2483 3270 2522 esse
3320 2478 3483 2524 antea

1905 2551 2098 2613 factis,
2146 2551 2270 2620 jure
2302 2552 2658 2620 putabimus?
2705 2555 2948 2608 nondum
2992 2556 3141 2611 enim
3195 2574 3482 2628 qumquam

1907 2649 2030 2695 erat
2063 2642 2194 2693 unio
2237 2642 2448 2694 entium
2473 2643 2636 2696 alicui
2677 2653 2828 2709 nota,
2862 2647 3084 2714 quando
3117 2647 3172 2700 in
3211 2649 3483 2717 principio

1906 2730 2117 2784 creavit
2160 2731 2328 2784 Deus.
2375 2730 2624 2800 Cumque
2679 2744 2860 2790 tamen
2914 2737 3052 2790 nihil
3087 2737 3288 2791 horum
3323 2748 3485 2794 antea

1908 2829 2076 2884 esset,
2109 2830 2296 2889 postea
2325 2823 2507 2876 omnia
2534 2824 2685 2878 unita
2720 2824 2992 2880 facturum
3037 2827 3210 2882 Deum
3249 2827 3483 2882 conﬁte-

1909 2927 2052 2965 mur.
2079 2911 2310 2977 Quando
2333 2921 2515 2967 autem
2543 2922 2706 2984 atque
2732 2915 2826 2970 ubi
2850 2918 2995 2970 alius
3015 2917 3193 2972 factus
3215 2929 3300 2974 est
3323 2935 3488 2992 πψιι-

233 3008 312 3078 τῷ
349 3009 582 3077 κόσμῳ;
620 3007 788 3077 Δῆλον
826 3003 940 3074 οὖν,
974 3009 1056 3061 ὅτι
1101 3011 1159 3061 ὲν
1207 3010 1353 3080 ἀρχῇ
1400 3027 1459 3063 τε
1514 3011 1608 3064 καὶ
1633 3012 1696 3063 ὲκ
1732 3011 1804 3080 μὴ

1915 3001 2014 3057 dus
2043 3017 2141 3057 seu
2174 3003 2449 3058 revelatus
2482 3013 2567 3058 est
2613 3005 2929 3075 hujusmodi
2956 3007 3212 3074 Christus
3237 3009 3491 3064 mundo?

233 3100 425 3164 ὄντων,
487 3100 630 3154 κατά
685 3098 784 3169 τὴν
836 3099 948 3152 τῶν
989 3101 1332 3169 Χριστιανῶν
1379 3101 1667 3153 εὐσέϐειαν
1713 3102 1806 3155 καὶ

233 3191 378 3244 κατά
401 3190 501 3260 τὴν
541 3190 837 3260 Ἑϐραῖκὴν
862 3189 1222 3256 δόξαν,·ποιεῖ
1244 3190 1272 3242 ὁ
1303 3189 1436 3252 Θεὸς
1453 3190 1489 3244 ἀ
1515 3190 1765 3259 βούλεται
1787 3209 1801 3223 ο

233 3281 327 3334 καὶ
357 3281 573 3347 φύσεως
601 3281 710 3351 γὰρ
753 3279 916 3344 αὐτὸς
946 3279 1182 3351 Ποιητὴς
1209 3279 1308 3342 ὣν,
1356 3280 1474 3342 πῶς
1502 3282 1562 3333 οὺ
1589 3280 1807 3334 δύναιτο

234 3369 302 3424 ἂν
330 3364 469 3421 εἶναι
494 3368 586 3422 καὶ
617 3369 726 3420 τῶν
752 3368 1001 3437 φυσικῶν
1037 3367 1326 3438 καινιστὴς
1350 3366 1699 3437 ἀθεώρητος;

849 3545 1100 3601 ΚΕΦΑΛ.
1131 3547 1207 3600 Β’.

306 3639 423 3692 Πᾶν
455 3638 551 3693 οὖν
602 3638 984 3708 συντιθέμενον
1028 3641 1222 3710 ἑτέρῳ,
1273 3639 1650 3710 περιγραπτόν
1691 3640 1807 3694 ἐστι

235 3729 332 3783 καὶ
360 3730 624 3801 ὲμμερὲς,
651 3729 836 3794 καθὼς
871 3730 1120 3800 ἐδιδάχθη
1149 3731 1406 3802 ἀνωτέρω
1427 3748 1440 3762 ·
1474 3733 1582 3785 πᾶν
1614 3733 1672 3784 δὲ
1707 3750 1808 3784 πε-

237 3822 538 3892 ριγραπτὸν
554 3823 648 3874 καὶ
664 3824 735 3892 ὲμ
742 3840 807 3892 με
819 3822 927 3892 ρὲς,
945 3823 1029 3874 ὲτε
1039 3821 1283 3891 ροούσιόν
1304 3825 1420 3875 ἐστι
1436 3822 1514 3892 τῷ
1533 3822 1689 3890 ἁπλῷ
1713 3821 1808 3874 καὶ

234 3912 622 3982 ἀπεριγράφῳ.
656 3913 719 3963 ΕΞ
747 3912 802 3964 δὲ
837 3911 1016 3974 τοῦτο,
1042 3913 1103 3964 οὐ
1132 3913 1389 3982 συνετέθη
1423 3916 1451 3965 ὁ
1472 3913 1604 3974 Θεὸς
1630 3915 1806 3980 Λόγος

234 4000 314 4072 τῷ
336 4002 393 4067 ἐξ
421 4001 578 4070 ἡμῶν
624 3999 916 4069 ἀνθρώπῳ,
946 3999 1230 4070 ὁμοούσιος
1280 4000 1356 4056 ὢν
1389 4001 1466 4072 τῷ
1496 4002 1654 4071 ἁπλῷ
1709 4002 1806 4054 καὶ

235 4091 599 4162 ἀπεριγράφῳ
620 4078 794 4159 Πατρί
812 4089 872 4159 ’ἢ
903 4090 1199 4154 συντεθεὶς,
1227 4091 1566 4161 ἑτεροοὺσιός
1583 4093 1699 4144 ἐστι

236 4179 394 4248 ἀπλῷ
409 4180 502 4232 καὶ
521 4181 625 4232 ἀπε
636 4179 888 4249 ριγράφῳ
910 4181 1028 4233 Πατ
1038 4181 1111 4250 pi,
1133 4182 1270 4252 ὅπερ
1286 4182 1506 4246 ἀσεϐές.
1525 4182 1664 4234 Ἀλλ’
1685 4182 1804 4252 οὐχ,

237 4270 316 4333 ὼς
341 4270 628 4339 ἀπεφάνθη
692 4271 823 4340 παρ’
858 4269 1032 4341 ὑμῶν,
1073 4275 1182 4325 πᾶν
1211 4273 1391 4326 ὁτιοῦν
1421 4273 1808 4342 συντιθέμενον

1915 3097 2071 3151 Patet
2099 3111 2249 3166 ergo,
2286 3097 2340 3151 in
2372 3099 2642 3167 principio
2661 3114 2838 3168 exque
2869 3115 2976 3155 non
3013 3099 3254 3165 entibus,
3285 3115 3490 3156 secun-

1914 3187 2044 3242 dum
2066 3188 2226 3243 ﬁdem
2251 3188 2691 3246 Christianorum
2710 3193 3487 3264 doctrinamquehebraicam,

1913 3279 2094 3334 facere
2111 3280 2282 3334 Deum
2305 3282 2451 3350 quod
2474 3283 2762 3338 vult.Cum
2787 3285 2858 3339 sit
2886 3294 3067 3340 autem
3097 3286 3210 3356 ipse
3233 3285 3484 3352 Creator,

1913 3371 2190 3440 quomodo
2226 3387 2446 3440 quoque
2477 3376 2812 3429 naturalium
2853 3387 3145 3432 renovator
3192 3377 3487 3435 invisibilis

1912 3475 2034 3514 esse
2059 3462 2359 3529 nequiret?

2576 3556 2726 3611 CAP.
2759 3556 2824 3612 ῐῐ.

1983 3641 2154 3697 Omne
2179 3643 2345 3714 igitur
2363 3645 2510 3714 quod
2547 3646 2701 3700 alteri
2731 3650 2941 3713 unitur,
2968 3649 3179 3704 ﬁnitum
3210 3662 3489 3708 constans-

1914 3748 2020 3802 que
2081 3735 2332 3801 partibus
2359 3743 2484 3796 est,
2543 3735 2696 3803 juxta
2767 3739 2914 3805 quod
2975 3741 3232 3806 superius
3275 3741 3486 3795 dictum

1913 3830 2031 3885 est;
2075 3818 2236 3877 omne
2275 3831 2457 3876 autem
2485 3823 2698 3876 ﬁnitum
2730 3826 3089 3895 partibusque
3121 3839 3381 3884 constans
3409 3832 3489 3884 al-

1915 3912 2088 3965 terius
2117 3918 2202 3965 est
2229 3912 2548 3966 substantia
2580 3928 2645 3967 ac
2688 3915 2919 3983 simplex
2967 3926 3128 3986 atque
3172 3918 3482 3987 infinitum;

1915 4002 1961 4056 si
1993 4017 2124 4055 vero
2147 4001 2271 4065 hoc,
2304 4017 2413 4056 non
2448 4003 2634 4057 unitus
2662 4013 2746 4057 est
2767 4005 2911 4059 Deus
2941 4008 3178 4062 Verbum
3219 4011 3381 4064 alicui
3419 4027 3488 4066 ex

1915 4096 2094 4158 nobis,
2131 4111 2254 4150 cum
2286 4097 2358 4150 sit
2385 4099 2872 4153 consubstantialis
2896 4101 3130 4170 simplici
3161 4102 3486 4174 inﬁnitoque

1915 4186 2065 4264 Patri
2095 4203 2110 4252 ;
2158 4187 2242 4240 sin
2281 4196 2470 4241 contra
2500 4190 2711 4252 unitus,
2756 4206 2863 4243 non
2899 4202 2983 4244 est
3003 4193 3489 4248 consubstantialis

1915 4278 2154 4348 simplici
2197 4278 2522 4349 inﬁnitoque
2558 4280 2726 4343 Patri,
2751 4281 2896 4349 quod
2923 4290 3002 4336 est
3029 4283 3386 4352 blasphemia.
3420 4285 3490 4339 At

239 4361 413 4431 ἑτέρῳ
441 4359 583 4413 κατά
611 4359 709 4429 τὴν
738 4360 952 4412 οίανοῦν
979 4361 1250 4424 σύνθεσιν,
1285 4363 1663 4434 περιγραπτόν
1693 4363 1806 4415 ἐστι

1915 4385 2046 4433 ηοη,
2073 4379 2130 4423 ut
2164 4386 2192 4424 a
2220 4371 2374 4424 vobis
2399 4371 2687 4438 probatum
2725 4381 2847 4436 est,
2895 4387 3058 4428 onme
3120 4375 3489 4445 quodcunque

235 4452 334 4506 καὶ
361 4450 626 4522 ὲμμερὲς,
671 4450 746 4514 ὡς
781 4451 1076 4521 ἀπεδείχθη
1129 4451 1388 4523 ἀνωτέρω
1416 4452 1636 4522 ἀληθῶς
1675 4454 1806 4524 παρ’

233 4543 413 4614 ἡμῶν,
447 4543 540 4596 καὶ
579 4542 758 4612 μάτην
797 4542 1022 4604 ἑαυτοὺς
1055 4543 1183 4613 περὶ
1211 4543 1320 4596 τῶν
1365 4543 1639 4596 ἀϐεϐαίων
1669 4543 1808 4611 πλη-

240 4636 542 4707 ροφορεῖτε.
586 4633 708 4686 Ἐπὶ
736 4633 793 4686 δὲ
827 4635 940 4696 τοῖς
988 4633 1433 4705 ὡμολογημένοις
1459 4636 1807 4688 κατασκευά-

237 4728 351 4790 ζειν
381 4727 546 4798 έτερά
588 4743 710 4779 τινα
743 4725 878 4795 πρὸς
929 4727 1202 4792 ἀπόδειξιν
1232 4726 1341 4780 τῶν
1373 4727 1661 4796 ὑμετέρων
1689 4729 1809 4779 ἐπι-

239 4820 595 4888 χειροῦντες,’
628 4820 823 4870 ταυτὸν
871 4818 1178 4872 πεπόνθατε
1226 4822 1342 4882 τοῖς
1393 4819 1700 4887 οἰκοδομεῖν
1752 4820 1811 4870 ὲν

239 4908 444 4978 ἀέρι,ἢ
480 4909 716 4976 παπύρῳ
753 4909 1101 4978 στηρίζεσθαι
1133 4909 1502 4979 βουλομένοις.
1545 4910 1695 4962 Ἐπεὶ
1719 4905 1811 4962 οὖν

239 4999 306 5050 τὰ
335 4997 552 5051 ὲναντῐα
586 4997 785 5064 μᾶλλον
818 4991 894 5050 ὧν
929 4999 1198 5052 ὑπέθεσθε
1241 4999 1621 5052 ἀποδέδεικται
1655 5000 1808 5066 ἡμῖν,

239 5089 399 5158 δῆλον
434 5089 517 5141 ὃτι
555 5089 652 5141 καὶ
677 5087 745 5140 τά
772 5091 997 5144 ἐναντία
1037 5093 1150 5152 τοῖς
1189 5092 1478 5159 ὑμετέροις
1528 5090 1813 5159 συμπερά-

244 5197 412 5250 σμασι
445 5178 842 5248 συναχθήσεται
864 5197 875 5208 ·
903 5182 950 5233 εἰ
985 5183 1091 5252 γάρ
1121 5199 1227 5234 τινι
1265 5182 1374 5234 τῶν
1397 5183 1658 5234 ἐναντίων
1683 5182 1812 5234 ’έπε-

240 5290 352 5335 ται,
384 5273 478 5326 καὶ
503 5270 580 5341 τῷ
610 5271 838 5342 ἐναντίῳ
877 5271 1031 5326 τοῦδε
1077 5272 1294 5332 πάντως
1327 5272 1388 5324 τὸ
1423 5274 1662 5326 ἐναντίον
1685 5275 1815 5343 έψε-

239 5379 350 5416 ται.

851 5560 1106 5616 ΚΕΦΑΛ.
1135 5562 1210 5613 I".

314 5651 429 5703 ῐῐάν
468 5649 646 5704 ἀπών
697 5650 1083 5721 συντιθέμενον
1109 5651 1301 5720 ἑτέρῳ,
1337 5650 1673 5718 ἐτεροούσιόν
1700 5654 1816 5706 ἐστι

1916 4461 2078 4516 alteri
2105 4461 2322 4515 unitum
2356 4461 2509 4530 juxta
2560 4462 2998 4532 qualemcunque
3037 4463 3322 4529 unionem,
3360 4465 3487 4519 ﬁni-

1919 4534 2032 4606 tuin
2064 4561 2150 4606 est
2186 4559 2551 4620 constansque
2572 4552 2841 4620 partibus,
2874 4553 3238 4608 utevidenter
3269 4570 3300 4608 a
3325 4555 3488 4612 nobis

1917 4643 2175 4712 superius
2196 4643 2629 4698 demonstratum
2655 4651 2758 4708 est,
2788 4643 3101 4712 frustraque
3147 4644 3485 4699 incertorum
3513 4710 3515 4712 _

1917 4736 2284 4803 vosmetipsos
2315 4735 2579 4789 certiores
2616 4737 2796 4790 facere
2833 4737 3504 4805 enitimini.Vosrnetipsos

1919 4828 2369 4897 comparantibus
2395 4825 2546 4882 vobis
2575 4826 2643 4879 ad
2691 4826 2981 4895 opiniones
3018 4835 3232 4880 vestras
3263 4827 3491 4880 demon-

1921 4916 2196 4979 strandas,
2234 4915 2377 4969 idem
2413 4915 2613 4968 accidit
2661 4929 2726 4968 ac
2777 4915 2830 4968 in
2883 4917 3020 4968 aere
3052 4915 3324 4968 aediﬁcare
3347 4955 3359 4977 ,
3392 4926 3489 4969 seu

1921 5022 2128 5077 papyro
2155 5005 2315 5058 inniti
2347 5005 2680 5059 volentibus.
2709 5003 2843 5058 Cum
2869 5005 3035 5073 igitur
3058 5004 3331 5058 contraria
3374 5019 3489 5057 ma—

1923 5101 2005 5170 gis
2044 5099 2153 5152 illis
2179 5112 2301 5164 quae
2324 5095 2694 5163 supposuistis
2721 5109 2748 5147 a
2777 5095 2936 5148 nobis
2959 5095 3328 5160 demonstrata
3358 5094 3488 5158 sint,

1924 5197 2074 5259 patet
2100 5188 2264 5242 etiam
2309 5185 2584 5239 contraria
2632 5187 2829 5238 vestris
2875 5185 3324 5238 conclusionibus
3370 5197 3492 5238 esse

1924 5279 2266 5351 colligenda;
2300 5277 2345 5332 si
2371 5276 2518 5330 enim
2551 5275 2768 5344 aliquod
2789 5276 3190 5329 contrariorum
3222 5275 3490 5344 sequitur,

1925 5373 2264 5429 contrarium
2291 5383 2509 5439 quoque
2539 5367 2768 5437 hujusce
2823 5365 3126 5420 certissime
3156 5365 3492 5419 contrarium

1924 5471 2204 5534 sequetur.

2590 5549 2743 5606 CAP.
2776 5548 2862 5603 Ill.

1998 5649 2171 5703 Omne
2229 5643 2595 5716 quodcunque
2641 5641 2798 5698 alteri
2845 5638 3059 5694 unitum
3090 5681 3104 5708 ,
3159 5638 3382 5695 alterius
3405 5647 3490 5695 est
