3912 6298
106 244 113 251 ’
162 248 298 314 ιιι-ι

1098 241 1495 303 ADVERSUS
1533 227 2084 301 NESTORIANOS.
2121 251 2191 274 -‘-
2222 231 2370 297 LIB.
2403 238 2450 296 ῐ.

3272 227 3416 293 “18

160 377 267 423 θος.
302 351 452 428 *Αρα
496 354 596 411 ’διὰ
641 353 703 409 τὸ
756 352 1216 424 καταχρηστικῶς
1268 348 1410 406 εἶναι
1458 352 1586 415 Υἱὸς
1631 350 1726 404 τοῦ

1854 364 1938 404 em
1964 348 2117 402 nullo
2163 364 2229 401 ex
2258 348 2345 402 his
2369 346 2548 401 modis
2570 344 2816 418 qutcdam
2855 343 3146 402 uniunlur,
3169 357 3271 395 nee.
3299 342 3414 397 ullo

156 450 535 523 ἀπεριγράφου
584 444 866 513 συνετέθη,
902 444 934 514 ἢ
979 443 1100 497 οὐδὲ
1146 442 1236 496 διὰ
1266 442 1329 497 τὸ
1352 459 1726 514 καταχρηστισ-

156 540 289 605 κῶς,
319 539 438 593 οὐδὲ
485 539 574 591 διὰ
619 536 679 590 τὸ
730 534 970 606 κυριωςς
1035 533 1085 585 εἰ
1145 531 1203 586 δὲ
1230 531 1299 585 δι’
1335 532 1491 585 οὐδὲν
1519 530 1727 585 τούτων

1832 456 1898 495 ex
1930 441 2018 495 his
2042 455 2154 494 non
2193 438 2347 494 unita
2379 437 2802 512 permanebunt,
2846 434 2943 489 sed
2993 432 3117 488 aliis
3168 433 3413 504 prepriis

1833 532 2272 602 necessariisque
2315 531 2506 586 unioni
2548 530 2802 586 vocibus.

160 629 468 684 συντίθεται
498 645 639 691 τινα,
675 626 798 680 οὐδὲ
864 625 953 679 διά
998 641 1050 678 τι
1086 622 1294 678 τούτων
1344 622 1616 677 ἀσύνθετα
1673 624 1959 707 ςμείναεένῖ
2003 626 2051 679 τ’
2098 625 2192 689 ἂν,
2249 623 2384 678 ἀλλά
2447 623 2529 677 δι’-
2563 624 2788 694 ἑτέρους
2840 621 3078 685 οἰκείους
3147 620 3244 676 καλ⁸
3290 618 3420 673 ἀνα-

157 721 383 791 γκαίους
413 721 478 790 τῇ
509 717 757 772 συνθέσει
785 714 998 785 λόγουςι

746 852 1004 907 ΚΕΦᾹΛ.
1049 849 1125 905 E'.

231 981 386 1045 Πᾶσα
418 988 575 1043 οὐσία
618 982 1001 1057 ἀπερίγρανρος
1036 982 1333 1053 πανταχοῦ,
1366 983 1460 1036 καὶ
1514 984 1572 1036 ἐν
1601 972 1738 1036 ’ἑκά-

162 1100 271 1152 στῳ
292 1082 389 1134 καὶ
421 1080 506 1148 ἐφ’
526 1079 689 1149 ἑαυτῇ
721 1077 862 1130 κατά
891 1076 952 1129 τὸ
983 1075 1117 1129 αὐτὸ
1150 1076 1247 1129 καὶ
1268 1075 1532 1138 ὡσαύτως
1557 1076 1738 1146 ὑπάρ-

161 1192 245 1244 χει
293 1172 669 1245 ἀπερινοήτως
715 1168 853 1223 καθὸ
892 1168 1068 1229 οὐσία,
1104 1169 1225 1220 ἐπεὶ
1254 1165 1414 1221 τοῦτο
1444 1168 1576 1220 ἴδιον
1606 1169 1742 1220 ἀπε-

164 1267 466 1339 ριγράφου·
508 1265 617 1317 πᾶν
652 1263 710 1317 δὲ
771 1262 913 1315 κατὰ
946 1261 1007 1312 τὸ
1041 1260 1174 1313 αὐτὸ
1224 1260 1320 1313 καὶ
1366 1257 1630 1321 ὡσαύτως
1680 1260 1738 1311 ἐν

163 1360 331 1410 πᾶσιν
381 1357 648 1426 ὑπάρχον,
712 1353 941 1416 ἀλλοίως
990 1354 1084 1406 καὶ
1127 1350 1354 1413 ἀλλοίως
1397 1351 1458 1404 οὗ
1501 1350 1737 1425 ηδύναται

164 1446 311 1503 εἶναι
360 1448 421 1501 ἔν
471 1465 579 1500 τινι
613 1445 757 1523 καθὰ
792 1445 978 1522 οὐσία·
1019 1443 1080 1496 τὸ
1107 1442 1214 1512 γὰρ
1246 1443 1533 1509 ὡσαύτως
1579 1443 1737 1495 ἀναι-

168 1538 382 1605 ρετικὸν
412 1536 528 1589 ἐστι
560 1532 651 1588 τοῦ
679 1524 944 1597 ἀλλοίως
974 1532 1077 1585 καὶ
1111 1531 1392 1595 ἀλλοίως.
1436 1530 1593 1583 Πᾶσα
1632 1528 1740 1599 ἄρα

163 1629 322 1680 obs-fa
351 1626 729 1694 ἀπερίγραφος.
764 1623 824 1675 οὐ
861 1621 1085 1676 δύναται
1123 1614 1353 1683 ἀλλοίως
1394 1622 1485 1673 καὶ
1513 1620 1742 1682 ἀλλοέως

2498 842 2650 903 CAP.
2690 844 2753 901 ν.

1910 976 2103 1039 Omnis
2124 984 2363 1039 essentia
2387 991 2473 1038 est
2495 981 2710 1037 inﬁnita
2737 981 2963 1051 ubique,
2992 981 3048 1034 in
3082 994 3418 1050 unoquoque

1843 1083 2008 1145 atque
2058 1075 2112 1130 in
2162 1075 2456 1144 semetipsa
2510 1073 2813 1128 secundum
2864 1073 3007 1127 idem
3058 1081 3115 1127 et
3163 1072 3420 1127 similiter

1845 1168 2010 1221 modo
2040 1166 2588 1236 incomprehensibili
2622 1175 2685 1220 ut
2721 1165 2981 1227 essentia,
3008 1164 3281 1234 siquidem
3317 1165 3423 1219 hoc

1844 1258 2128 1329 proprium
2169 1267 2252 1313 est
2283 1257 2506 1312 inﬁniti.
2540 1257 2713 1311 Omne
2738 1264 2920 1310 autem
2943 1256 3245 1310 secundum
3275 1256 3419 1310 idem

1844 1365 1907 1403 ac
1937 1348 2193 1404 similiter
2223 1347 2276 1402 in
2303 1347 2564 1402 omnibus
2597 1346 2886 1407 cxsistens,
2938 1346 3100 1400 aliter
3154 1354 3211 1400 et
3262 1347 3423 1400 aliter

1842 1452 1962 1491 esse
1997 1437 2193 1508 nequit
2237 1436 2292 1490 in
2327 1436 2514 1505 aliquo
2560 1444 2619 1489 ut
2663 1434 2902 1489 essentia
2932 1450 2946 1500 ;
2981 1434 3229 1488 similiter
3274 1434 3423 1487 enim

1845 1528 2089 1581 excludit
2116 1527 2273 1581 aliter
2295 1536 2343 1580 et
2378 1526 2556 1581 aliter.
2589 1525 2782 1581 Omnis
2804 1526 3190 1595 crgoessentia
3212 1524 3423 1580 inﬁnita
3521 1513 3527 1519 ’

1847 1634 1956 1672 non
1988 1624 2170 1688 potest
2199 1618 2361 1672 aliter
2387 1626 2442 1671 et
2464 1618 2627 1671 aliter
2646 1631 2765 1671 esse
2795 1617 2849 1670 in
2867 1617 3053 1687 aliquo
3076 1624 3137 1670 ut
3160 1617 3423 1671 essentia.

167 1715 303 1770 εἶναι
329 1716 384 1767 ἕν
416 1731 524 1768 τινι
555 1713 688 1767 καθὸ
722 1712 903 1768 οὐσία,
926 1712 987 1764 Εἰ
1005 1711 1061 1764 δὲ
1082 1710 1263 1776 τοῦτο,
1293 1711 1577 1781 ζητητέον,
1595 1706 1744 1781 *Αρα

1854 1709 1904 1763 Si
1934 1724 2064 1764 vero
2095 1709 2202 1763 hoc
2231 1717 2398 1773 esset,
2444 1717 2591 1763 esset
2635 1706 2990 1778 quterendum
3031 1723 3099 1761 an
3129 1707 3426 1762 essentiam

167 1810 266 1875 τὴν
295 1806 485 1859 οὐσίαν
511 1803 606 1857 τοῦ
646 1803 783 1857 Θεοῦ
817 1803 993 1871 Λόγου
1034 1803 1419 1874 περιγραπτὴν
1456 1797 1597 1855 εἶναὶ
1641 1819 1750 1871 φα-

170 1914 292 1969 μεν,
418 1897 831 1967 ἀπερίγραφον;
884 1895 996 1949 Καὶ
1026 1896 1073 1947 εἰ
1107 1890 1208 1963 μὲν
1249 1893 1636 1964 περιγραπτὴν
1664 1892 1748 1945 εἵ-

168 2000 390 2060 ιςτοιμεν,
418 1982 685 2059 πρὸ“η).ον
712 1980 772 2039 τὸ
801 1987 1140 2056 βλάσφημον.
1174 1986 1235 2037 Ei
1256 1985 1312 2036 δὲ
1344 1984 1746 2055 ἀπερίγραφον,

164 2072 201 2151 ἦ
237 2083 372 2133 πᾶσι
410 2079 693 2146 σύγκειται
730 2079 762 2149 ἡ
791 2078 949 2130 οὐσία
978 2076 1071 2128 τοῦ
1119 2073 1254 2128 Θεοῦ
1287 2064 1544 2145 Λόγου,ἧ
1576 2074 1751 2127 οὐδενὶ

171 2166 464 2239 σύγκειται
516 2172 549 2240 ἡ
608 2168 766 2221 οὐσία
810 2167 905 2220 τοῦ
952 2164 1088 2219 Θεοῦ
1138 2160 1351 2234 Λόγου*
1383 2164 1612 2227 ἀλλοίως
1639 2163 1751 2233 γὰρ

169 2265 263 2314 καὶ
296 2262 525 2323 ἀλλοίως
542 2260 601 2313 ἐν
629 2276 737 2313 τινι
769 2259 828 2312 οὗ
859 2256 1080 2312 δύναται
1099 2253 1238 2310 εἶναι
1262 2249 1399 2309 καθὸ
1422 2253 1603 2317 οὐσία,
1623 2254 1751 2307 ἐπεὶ

170 2356 267 2407 καὶ
294 2353 708 2423 ἀπερίγραφος·
738 2349 1085 2421 ὡμολόγηται
1119 2340 1176 2402 δὲ
1198 2349 1281 2402 ὅτι
1308 2349 1476 2403 πᾶσιν
1521 2347 1584 2400 οὐ
1616 2345 1751 2413 σύγ-

170 2462 350 2499 κειται
372 2459 384 2473 ⁸
413 2443 537 2497 οὐδὲ
576 2442 685 2514 ἄρα
733 2442 841 2495 τινὶ
887 2439 1201 2508 σύγκειταιδ
1235 2441 1331 2493 καὶ
1381 2437 1672 2491 ἀσεϐοῦσιν
1700 2435 1752 2489 οἱ

169 2537 426 2605 λέγοντες
460 2530 784 2603 συγκεῖσθαι
812 2532 912 2602 τὴν
959 2524 1148 2584 οὖσίαν
1179 2523 1273 2583 τοῦ
1303 2529 1437 2582 Θεοῦ
1463 2529 1637 2593 Λόγου
1683 2530 1749 2601 τῇ

165 2623 227 2690 ἐξ
283 2625 448 2697 ἡμῶν
489 2627 570 2687 εἰς
614 2618 821 2676 οἰκείαν
866 2611 1051 2674 ἀὺτοῦ
1123 2619 1431 2691 φανέρωσιν
1482 2618 1751 2690 λησοείσῃ

163 2718 353 2789 σαρκί.
389 2718 601 2779 Ὄντως
630 2712 687 2768 ὲν
718 2713 900 2785 ἔργοις
925 2707 1033 2766 τῶν
1076 2711 1277 2782 χειρῶν
1323 2709 1489 2765 αὐτοῦ
1527 2711 1754 2782 συνελή-

161 2809 271 2880 φθη
301 2808 329 2859 ὀ
357 2808 393 2861 ἀ
412 2802 716 2877 μαρτωλδς,
752 2802 847 2857 καὶ
886 2803 1207 2871 ἐπιστρέφει
1237 2804 1264 2855 ὁ
1291 2802 1449 2863 πόνος
1481 2800 1646 2854 αὐτοῦ
1674 2801 1754 2863 εἰς

164 2898 423 2968 κεφαλὴν
455 2893 621 2948 αὐτοῦ
643 2910 655 2924 ·
685 2892 827 2957 κατὰ
853 2891 962 2961 γὰρ
993 2892 1061 2945 τὰ
1089 2891 1185 2945 νῦν
1213 2891 1344 2961 παρ’
1397 2891 1553 2962 ὑμῶν
1602 2891 1755 2962 εἰρη-

1849 1800 1943 1854 Dei
1981 1799 2141 1854 Verbi
2172 1798 2381 1853 ﬁnitam
2409 1799 2491 1852 vel
2524 1797 2793 1852 inﬁnitam
2824 1812 2945 1853 esse
2979 1795 3269 1850 dicamus?
3294 1810 3357 1849 ac
3381 1796 3427 1849 si

1850 1889 2058 1944 ﬁnitam
2099 1890 2366 1954 dicimus,
2411 1888 2639 1944 evidens
2665 1896 2749 1943 est
2794 1887 3135 1958 blasphemia
3207 1885 3262 1940 Si
3293 1902 3428 1941 vero

1850 1979 2160 2045 inﬁnitam,
2212 1978 2329 2035 sive
2379 1979 2637 2034 omnibus
2680 1980 3008 2050 subjiciatur
3058 1979 3300 2046 essentia
3329 1979 3426 2033 Dei

1849 2070 2053 2135 Verbi,
2098 2072 2217 2125 sive
2269 2070 2405 2126 nulli
2447 2072 2774 2143 subjiciatur
2806 2072 3045 2127 essentia
3089 2071 3184 2126 Dei
3226 2071 3425 2129 Verbi:

1850 2162 2011 2216 aliter
2036 2161 2185 2216 enim
2211 2168 2269 2217 et
2301 2162 2460 2216 aliter
2482 2158 2537 2216 in
2570 2161 2757 2232 aliquo
2784 2162 2976 2233 nequit
2998 2176 3119 2216 esse
3152 2169 3215 2217 ut
3239 2175 3430 2216 essen-

1853 2252 1966 2316 tia,
2011 2252 2121 2307 imo
2167 2260 2223 2307 et
2267 2250 2521 2319 inﬁnita;
2569 2252 2809 2307 fatentur
2858 2263 3040 2309 autem
3093 2268 3286 2308 omnes
3318 2268 3429 2307 non

1851 2338 2111 2400 omnibus
2128 2345 2323 2416 subjici
2343 2361 2359 2411 ς
2382 2361 2490 2400 non
2511 2361 2642 2415 ergo
2661 2340 2823 2401 alicui
2841 2330 3432 2418 sul;jicitur,blasplzc-
3506 2330 3513 2335 0

1848 2442 2113 2506 ‘mantque
2164 2437 2257 2506 qui
2309 2437 2503 2492 dicunt
2536 2440 2833 2493 essentiam
2872 2438 2969 2494 Dei
3018 2435 3182 2495 Verbi
3229 2449 3432 2495 nostra:

1853 2526 2007 2582 carni
2066 2526 2137 2581 ad
2186 2527 2272 2582 sui
2308 2521 2805 2584 man'il‘estationem
2864 2540 3156 2601 assumpta:
3209 2530 3428 2601 subjici.

1859 2612 1994 2674 Vere
2027 2618 2292 2689 operibus
2320 2618 2470 2675 illius
2493 2636 2752 2690 manuum
2772 2622 3038 2677 allevatus
3056 2630 3141 2677 est
3171 2634 3433 2693 peccator

1855 2724 2126 2780 pomaque
2161 2711 2336 2781 ipsius
2366 2712 2422 2766 in
2459 2712 2633 2783 ipsius
2655 2723 2821 2784 caput
2850 2730 3110 2772 conversa
3138 2723 3223 2771 est
3242 2732 3256 2780 ;
3275 2715 3432 2784 juxta

1854 2803 2000 2856 enim
2028 2818 2151 2871 qua:
2180 2818 2279 2857 vos
2307 2818 2456 2858 nunc
2486 2804 2691 2867 dicitis,
2746 2806 2792 2859 si
2825 2805 3030 2876 ubique
3079 2820 3141 2860 ac
3199 2807 3253 2860 in
3297 2822 3435 2860 uno-

1855 2907 2097 2962 quoque,
2140 2890 2256 2948 sive
2281 2893 2344 2947 in
2376 2909 2487 2949 uno
2534 2897 2796 2965 omnique
2828 2898 3012 2961 ﬁnito,
3055 2909 3220 2968 atque
3256 2900 3308 2953 in
3344 2916 3433 2952 sc--

168 2989 332 3058 μένα,
362 2988 418 3039 εἰ
465 2983 742 3054 πανταχοῦ
769 2985 865 3036 καὶ
912 2984 970 3035 ἐν
1014 2983 1248 3054 ἑκάστῳ,
1270 2981 1441 3053 ἤγουν
1460 2985 1521 3035 ἐν
1548 2979 1631 3036 ἑνὶ
1659 2982 1747 3036 καὶ

1858 2982 2090 3051 metipsa
2116 2982 2235 3038 sive
2264 2982 2319 3037 in
2346 2972 2568 3038 inﬁnito
2597 2985 2901 3039 secundum
2928 2986 3070 3040 idem
3095 2996 3151 3041 et
3181 2985 3434 3041 similiter

169 3077 339 3130 παντὶ
390 3071 782 3145 περιγραπτῷ,
833 3072 930 3126 καὶ
984 3072 1071 3140 ἐφ’
1120 3068 1291 3143 ἑαυτῇ
1347 3075 1514 3145 ἤγουν
1568 3075 1627 3126 ὲν
1676 3073 1756 3144 τῷ

169 3166 582 3236 ἀπεριγράπτῳ
626 3164 781 3217 κατάι
798 3164 857 3217 τὸ
883 3161 1018 3217 αὐτὸ
1044 3164 1139 3216 καὶ
1159 3161 1424 3226 ’ὡσαύτως
1451 3164 1688 3235 ὑπάρχει
1720 3167 1754 3235 ἠ

172 3261 561 3332 ἀπερίγραφος
578 3256 735 3309 οὐσία
758 3272 771 3285 ·
796 3253 1069 3309 καὶτοῦτο
1096 3251 1247 3321 ἴδιον,
1277 3254 1352 3317 ὥς
1375 3272 1533 3324 φατε,
1564 3256 1759 3327 ἀπερι-

174 3352 396 3421 γράερου
426 3348 638 3411 οὐσίας,
674 3346 751 3418 μὴ
790 3344 995 3417 ἑτέρως
1024 3340 1163 3398 εἶναι
1188 3344 1247 3398 ἐν
1271 3343 1350 3415 τῷ
1396 3344 1756 3416 περιγραπτῷ

177 3444 270 3494 καὶ
301 3442 508 3511 ἑτέρως
560 3441 620 3492 ἐν
663 3439 851 3509 ἑαυτῇ,
886 3439 1054 3508 ἤγουν
1092 3439 1158 3489 ’ὲν
1190 3434 1267 3506 τῷ
1315 3434 1753 3507 ἀπεριγράπτῳ·
1800 3428 1811 3435 ’

175 3535 273 3586 κπὶ
322 3534 383 3585 οὐ
436 3532 660 3584 δύναται
703 3531 931 3594 ἀλλοίως
962 3526 1102 3583 εἶναι
1143 3532 1202 3583 ὲν
1245 3524 1328 3592 οἷς
1376 3531 1545 3595 ἐστιν,
1574 3531 1623 3583 εἰ
1662 3530 1757 3583 καὶ

177 3624 372 3675 ἀλλοῖα
394 3622 536 3673 εἰσιν
567 3622 770 3683 ἐκεῖνα,
802 3618 983 3682 καθὼς
1005 3619 1103 3690 ἤδη
1131 3615 1401 3671 ὑπέθεσοε
1422 3632 1437 3649 ’
1470 3617 1527 3671 ἐν
1557 3636 1616 3671 τε
1648 3619 1755 3691 γὰρ

175 3717 289 3777 τοῖς
331 3711 735 3783 περιγραπτοῖς
778 3711 873 3763 καὶ
903 3711 960 3761 ἐν
990 3707 1162 3781 ἑαυτῇ
1189 3708 1592 3779 ἀπεριγράπτῳ
1619 3709 1753 3780 οὔσῃ

173 3806 380 3875 ὁμοίως
413 3804 547 3867 ἐστὶ,
580 3802 695 3865 πῶς
721 3800 808 3854 διὰ
838 3801 896 3854 τὸ
930 3800 1342 3871 ἀπερίγραπτον
1382 3796 1541 3867 εἶναι,
1565 3800 1626 3852 οὐ
1665 3801 1756 3853 δυ-

174 3895 338 3948 νατὸν
377 3890 515 3947 εἶναι
539 3894 710 3963 αὐτὴν
735 3893 793 3947 ἐν
825 3910 931 3946 τινι
958 3890 1319 3964 περιγραπτῷ
1350 3891 1543 3963 πρώην
1577 3909 1637 3945 τε
1662 3893 1755 3946 καὶ

172 3988 307 4050 νῠν;
343 3986 536 4041 Ἔσται
570 3985 679 4056 γὰρ
703 3986 845 4038 κατὰ
871 3982 932 4037 τὸ
970 3983 1266 4037 ἀκόλουθον
1299 3985 1412 4046 τοῖς
1443 3983 1752 4054 ὑμετέροις,

171 4078 297 4130 οὐδὲ
337 4079 396 4129 ἑν
450 4079 616 4146 ἑαυτῇ
668 4076 940 4147 δυναμένη
994 4072 1155 4140 εἶναι,
1192 4074 1350 4146 εἴπερ
1376 4075 1579 4145 ὁμοίως
1609 4074 1666 4127 ἕν
1694 4091 1754 4127 τε

170 4172 346 4237 ἑαυτῇ
383 4169 476 4220 καὶ
519 4170 575 4219 ἐν
619 4169 733 4230 τοῖς
771 4169 902 4238 παρ’
933 4168 1104 4238 αὐτήν
1133 4168 1281 4219 ἐστιν
1304 4184 1317 4197 ·
1353 4167 1572 4237 ἀνάγκη
1603 4163 1754 4238 δὲῆν

173 4260 410 4328 μᾶλλον,
448 4259 562 4326 εἴγε
587 4259 795 4329 ὁμοίως
818 4260 963 4311 ἐστὶν
992 4260 1049 4312 ὲν
1074 4260 1261 4324 πᾶσιν,
1297 4257 1372 4321 ὡς
1402 4258 1500 4311 καὶ
1536 4260 1594 4312 ὲν
1625 4260 1754 4312 ἐαυ-

171 4357 261 4424 τῇ,
305 4351 474 4423 μηδὲν
512 4350 903 4421 ἐμποδίζεσθαι
938 4351 1034 4405 τοῦ
1075 4346 1214 4403 εἶναι
1262 4350 1433 4422 αὐτὴν
1485 4353 1546 4403 ὲν
1594 4367 1753 4420 περι-

1857 3074 2075 3129 exsistit
2106 3074 2317 3129 inﬁnita
2348 3077 2587 3130 essentia
2615 3092 2629 3141 ;
2659 3076 2874 3145 hocque
2907 3077 3214 3146 proprium.
3255 3087 3317 3133 ut
3345 3079 3433 3133 di~

1856 3161 2001 3228 citis,
2023 3161 2248 3218 inﬁnitae
2273 3164 2548 3229 essentne,
2574 3180 2684 3219 non
2704 3166 2865 3221 aliter
2883 3169 3070 3222 essein
3093 3167 3247 3223 ﬁnito
3264 3177 3433 3239 atque

1856 3252 2018 3309 aliter
2054 3254 2109 3309 in
2146 3255 2440 3326 semetipsa
2469 3297 2484 3319 ,
2542 3256 2657 3311 sive
2706 3257 2758 3311 in
2807 3257 3063 3323 inﬁnito;
3120 3275 3222 3315 nec
3251 3270 3434 3331 potest

1855 3347 2017 3401 aliter
2039 3362 2161 3403 esse
2196 3348 2250 3402 in
2279 3348 2481 3418 quibus
2509 3358 2612 3412 est,
2652 3349 2755 3404 etsi
2787 3349 2960 3405 altera
2996 3352 3067 3405 sit
3095 3352 3206 3416 illa,
3241 3353 3433 3423 utjam

1857 3438 2259 3507 supposuistis;
2293 3438 2349 3493 in
2373 3438 2543 3494 linitis
2561 3441 2707 3495 enim
2734 3455 2797 3494 ac
2821 3440 2874 3495 in
2899 3443 3193 3512 semetipsa
3220 3443 3436 3499 inﬁnita

1856 3530 2114 3584 similiter
2143 3531 2384 3585 essentia
2412 3541 2530 3594 est,
2572 3534 2849 3602 quomodo
2876 3534 2947 3588 ob
2968 3523 3101 3589 esse
3136 3534 3433 3598 inﬁnitum,

1856 3637 1966 3675 non
2000 3631 2085 3676 est
2105 3621 2366 3691 possibile
2403 3623 2519 3677 beri
2549 3633 2606 3677 et
2635 3624 2798 3679 hodie
2828 3640 2947 3677 eam
2994 3641 3114 3680 esse
3154 3625 3209 3680 in
3249 3628 3436 3697 aliqua

1859 3712 2052 3769 ﬁnito?
2106 3713 2268 3767 Juxta
2317 3715 2465 3767 enim
2523 3717 2972 3784 consequentiam
3032 3717 3433 3786 principiorum

1857 3811 2165 3856 vestrorum
2205 3801 2333 3864 erit,
2362 3816 2465 3856 nec
2505 3802 2558 3855 in
2596 3803 2889 3873 semetipsa
2919 3820 3041 3859 esse
3073 3820 3253 3875 posse,
3281 3808 3325 3861 si
3354 3820 3438 3863 est

1857 3890 2115 3946 similiter
2147 3899 2202 3946 et
2242 3894 2296 3945 in
2321 3893 2615 3962 semetipsa
2656 3903 2712 3947 et
2748 3893 2802 3946 in
2838 3894 2924 3948 his
2949 3911 3071 3965 qua:
3111 3897 3256 3966 apud
3288 3898 3435 3951 illam

1856 3993 2004 4038 sunt.
2036 3980 2273 4038 Necesse
2294 3994 2479 4037 autem
2507 3993 2624 4038 erat
2650 3985 2854 4055 potius,
2884 3986 3157 4056 siquidem
3181 3989 3438 4044 similiter

1855 4080 1940 4127 est
1975 4073 2029 4128 in
2061 4073 2339 4139 omnibus,
2371 4074 2513 4129 sicut
2547 4083 2602 4129 et
2641 4076 2694 4129 in
2743 4077 3060 4146 semetipsa,
3111 4078 3434 4149 neutiquam

1855 4163 2108 4238 impediri
2155 4169 2290 4238 quin
2362 4177 2509 4225 esset
2544 4170 2597 4224 in
2642 4169 2818 4236 linito,
2852 4171 2946 4226 sed
3004 4174 3145 4227 utin
3196 4173 3433 4237 inﬁnite,

1856 4260 2000 4315 sicut
2033 4269 2089 4315 et
2125 4262 2180 4316 in
2211 4262 2502 4332 semetipsa
2527 4263 2877 4332 simpliciter,
2902 4264 2974 4320 ita
3007 4260 3433 4338 quidem,juxta

1854 4360 2094 4408 vestram
2165 4353 2540 4419 sententiam,
2626 4354 2682 4408 in
2769 4353 2926 4409 ﬁnito
2992 4371 3214 4426 quoque
3264 4367 3433 4412 esset.

167 4409 429 4513 γρατττίξι,
457 4409 574 4496 ἀλλ’
605 4443 681 4505 ὡς
718 4409 776 4495 ἐν
825 4442 1249 4514 ἀπεριγράπτῳ,
1276 4442 1368 4495 καὶ
1387 4409 1467 4505 ὡς
1493 4442 1552 4494 ἐν
1578 4409 1747 4513 ἑαυτῇ

1855 4443 2021 4498 Aliud
2054 4458 2186 4515 ergo
2216 4460 2245 4498 a
2272 4443 2431 4499 vobis
2466 4461 2629 4515 quam
2668 4446 2836 4502 vultis
2861 4409 3300 4504 demdnstiatum
3327 4459 3435 4513 est,

168 4535 385 4599 ἁπλῶς,
413 4534 556 4589 οὕτω
598 4552 662 4619 γε
694 4536 834 4589 κατά
864 4534 933 4588 τὰ
980 4534 1241 4605 ὑμέτερα,
1276 4533 1372 4586 καὶ
1404 4534 1462 4591 ἐν
1485 4532 1563 4603 τῷ
1592 4550 1748 4604 περι-

167 4624 406 4695 γραπτῷ
436 4621 596 4681 εἶναι.
626 4626 732 4679 Καὶ
757 4625 1070 4679 τούναντίον
1109 4625 1238 4695 ὑμῖν
1273 4622 1567 4693 ἀπεδείχθη
1603 4625 1746 4695 ἥπερ

1855 4533 1911 4587 in
1946 4534 2053 4591 hoc
2075 4525 2241 4604 atque
2274 4537 2328 4589 in
2353 4536 2801 4605 praecedentibus
2829 4539 3137 4595 ratiociniis
3159 4579 3173 4606 ,
3224 4540 3437 4596 εοίΙίοιι

1853 4625 2196 4696 impossibile
2227 4643 2347 4683 esse
2375 4627 2530 4684 ﬁnito
2556 4630 2837 4687 inﬁnitum
2870 4634 3043 4688 uniri.

168 4716 454 4786 βούλεσθε,
485 4718 543 4770 ἐν
580 4717 752 4787 τούτῳ
779 4735 840 4772 τε
896 4719 991 4772 καὶ
1054 4721 1169 4781 τοῖς
1241 4716 1608 4787 προλαϐοῦσιν
1673 4721 2086 4791 ἐπιχειρὲμασι.
2144 4722 2239 4777 τοῦ
2290 4715 2365 4785 μὴ
2409 4723 2632 4779 δυνατὸν
2674 4723 2817 4780 εἶναι
2877 4728 3222 4782 συντίθεσθαι
3280 4746 3435 4799 περι-

166 4809 407 4880 γραπτῷ
443 4810 504 4861 τὸ
541 4809 981 4882 ἀπερίγραπτον.

242 4900 308 4952 Ei
333 4900 377 4952 δ’
413 4901 507 4955 οὖν
545 4901 635 4954 διὰ
664 4902 725 4955 τὺ
766 4902 841 4974 μὴ
887 4904 1117 4967 ἀλλοίως
1148 4904 1244 4958 καὶ
1272 4903 1500 4968 ἀλλοίως
1540 4905 1742 4958 ἐνεῖναί

159 5009 280 5046 τισι
313 4992 575 5046 δύνασθαι
603 4994 664 5045 τὸ
696 4994 1134 5064 ἁπερίγραπτον,
1178 4994 1352 5058 οὕτως
1395 4996 1451 5046 ὲν
1496 4993 1740 5064 Χριστῷ,

159 5084 241 5145 ὡς
288 5085 380 5135 καὶ
420 5085 477 5136 ἐν
519 5081 686 5137 πᾶσιν
720 5080 859 5137 εἶναι
886 5086 1054 5155 αὐτὴν
1079 5085 1333 5153 βιάζεσθε
1354 5102 1370 5116 ·
1402 5085 1508 5155 ἄρα
1536 5071 1628 5138 οὖν
1657 5085 1744 5140 διὰ

159 5176 225 5231 τὸ
259 5176 547 5241 ὡσαύτως
578 5175 963 5245 ἐμφαίνεσθαι,
997 5177 1090 5229 καὶ
1109 5176 1200 5244 ἐφ’
1231 5175 1441 5243 ἑαυτῇ,
1474 5175 1550 5239 ὣς
1584 5193 1743 5243 φατε,

159 5269 241 5331 ὼς
288 5271 384 5321 καὶ
424 5270 482 5322 ἐν
524 5270 715 5333 πᾶσιν,
754 5266 930 5331 οὕτως
973 5268 1129 5321 ἔσται
1158 5270 1217 5320 ἐν
1255 5267 1430 5328 ὕδατι,
1468 5269 1560 5321 καὶ
1588 5267 1742 5340 λίθῳ,

160 5362 263 5417 καὶ
315 5360 487 5431 φυτῷ,
522 5361 613 5414 καὶ
656 5360 929 5432 μύρμηκι,
976 5360 1070 5412 καὶ
1123 5358 1287 5427 Ξχθύῖ,
1316 5360 1408 5412 καὶ
1445 5360 1616 5430 ἵππῳ,
1651 5362 1745 5413 καὶ

157 5452 465 5523 ἀνθρώπῳ,
496 5454 589 5506 καὶ
623 5453 864 5522 ἀγγέλῳ,
907 5453 1000 5505 καὶ
1043 5449 1100 5504 ὲν
1127 5453 1293 5503 πᾶσιν
1319 5450 1393 5515 ὡς
1432 5452 1517 5519 ἐφ’
1552 5450 1740 5522 ἑαυτῇ.

159 5549 225 5600 El
265 5545 323 5599 δὲ
353 5547 465 5618 οὐχ’
496 5547 700 5618 ὁμοίως
728 5546 814 5615 ἐφ’
846 5546 1012 5616 ἑιυτῇ
1051 5544 1145 5597 καὶ
1200 5547 1257 5596 ἐν
1305 5545 1554 5615 μύρμηκί
1602 5547 1738 5605 ἐστι,

154 5637 384 5689 ὶὲλυται
438 5637 495 5690 τὸ
538 5638 844 5704 ὡσαύτως,
894 5639 985 5691 καὶ
1019 5638 1172 5689 ἔσται
1217 5638 1273 5688 ἓν
1330 5637 1550 5707 Χριστῷ
1593 5639 1741 5708 πσρὶ

534 5732 799 5791 Pyram“
840 5733 951 5789 Gn.
999 5731 1247 5791 LXXX".
1277 5730 1322 5808 l.

1922 4904 1978 4959 Si
2011 4900 2174 4975 igitur
2200 4921 2266 4959 eo
2290 4905 2435 4974 quod
2464 4920 2573 4960 non
2595 4907 2756 4961 aliter
2778 4916 2831 4960 et
2848 4908 3006 4962 aliter
3025 4908 3077 4962 in
3103 4908 3430 4978 quibusdam

1852 4996 2043 5065 inesse
2061 5012 2170 5050 non
2218 5003 2399 5065 potest
2433 4997 2733 5061 inﬁnitum,
2768 4999 2841 5051 ita
2891 4998 2945 5052 in
2991 4998 3236 5064 Christo,
3286 5001 3433 5057 sicut

1850 5097 1909 5143 et
1937 5089 1992 5142 in
2022 5078 2280 5143 omnibus
2313 5102 2433 5143 eam
2465 5104 2588 5144 esse
2615 5089 2988 5153 contenditis;
3022 5105 3155 5162 ergo
3188 5100 3251 5147 ut
3280 5093 3433 5148 simi-

1854 5180 1974 5234 liter
2005 5189 2264 5250 appareat
2292 5182 2543 5250 atquein
2570 5183 2871 5251 semetipsa,
2908 5192 2969 5237 ut
2997 5182 3202 5248 dicitis,
3241 5200 3432 5252 quem-

1852 5272 2147 5328 admodum
2221 5282 2272 5329 et
2315 5273 2369 5327 in
2411 5272 2689 5337 omnibus,
2752 5274 2832 5329 sic
2884 5274 2993 5330 erit
3052 5276 3105 5329 in
3155 5291 3319 5345 aqua.
3375 5279 3433 5334 in

1853 5363 2058 5432 planta,
2112 5362 2167 5416 in
2210 5362 2456 5428 formica,
2490 5362 2544 5418 in
2578 5363 2751 5434 pisce,
2789 5363 2843 5417 in
2878 5379 3044 5433 equo,
3094 5364 3151 5419 in
3184 5365 3431 5427 homine,

1853 5455 1908 5509 in
1957 5455 2174 5526 angelo,
2215 5465 2379 5526 atque
2415 5456 2472 5511 in
2508 5456 2769 5512 omnibus
2805 5465 2868 5510 ut
2916 5457 2973 5512 in
3019 5456 3339 5528 semetipsa.
3371 5457 3432 5516 Si

1849 5562 1981 5601 vero
2010 5564 2120 5602 non
2151 5549 2413 5604 similiter
2459 5560 2544 5606 est
2576 5551 2631 5605 in
2665 5549 2962 5619 semetipsa
2994 5558 3051 5605 et
3087 5550 3143 5604 in
3171 5550 3398 5605 formica
3419 5592 3431 5608 .

1850 5638 2082 5692 solvitur
2102 5639 2364 5707 similiter,
2388 5641 2602 5711 eritque
2622 5641 2675 5695 in
2697 5639 2919 5695 Christo
2933 5654 3098 5709 supra
3125 5640 3305 5694 omnia
3326 5642 3431 5695 alia

2989 5729 3068 5792 [ιὸ
