3912 6298
532 278 672 344 “lg

1749 275 2063 340 LEONTII
2113 274 2542 337 BYZANTINI.

3708 259 3837 326 Ῑξὶθ

531 391 760 448 rulium.
809 391 1042 461 Quando
1064 391 1250 450 dicitis
1279 407 1390 450 non
1416 392 1473 448 in
1496 391 1756 449 omnibus
1781 409 1902 451 esse
1926 394 2096 459 credi,

2203 394 2332 458 τοὺς
2372 391 2569 456 ἄλλους
2615 389 2726 446 τῶν
2749 389 2940 444 ’ὄντων
2977 389 3210 453 πάντας.
3245 386 3401 458 Πρὸς
3433 383 3507 438 δι
3541 381 3624 436 τὺ
3654 381 3832 450 λέγειν

526 499 633 542 nec
651 499 785 555 ergo
818 484 874 538 in
897 484 1082 553 aliquo
1112 498 1233 540 esse
1265 483 1670 554 respondetur;
1703 485 1924 555 quando
1961 500 2096 540 vero

527 575 714 631 dicitis
762 574 818 628 in
848 574 1110 629 omnibus
1138 589 1260 630 esse
1289 575 1507 630 sicutet
1535 575 1593 630 in
1619 576 1937 645 semetipsa,
1965 589 2100 630 con-

527 666 757 722 trarium
808 664 1081 729 audietis,
1121 679 1188 720 eo
1233 666 1381 736 quod
1420 667 1606 736 potius
1657 682 1849 722 omnes
1891 681 2098 721 conve-

525 759 690 813 niunt
767 754 826 812 in
892 764 1187 826 semetipsa
1252 771 1416 822 esse,
1485 757 1715 812 evidens
1779 756 1948 827 igitur
2015 764 2100 810 est

523 847 779 904 etiamin
809 847 1068 902 omnibus
1112 861 1234 901 esse
1273 861 1443 912 vere;
1493 847 1664 902 verba
1713 847 1861 902 enim
1913 855 2097 902 vestra

524 941 719 996 dicunt
748 940 806 994 in
833 939 1090 994 omnibus
1111 939 1363 994 similiter
1389 954 1532 1004 esse,
1553 939 1698 994 sicut
1730 947 1787 994 et
1812 939 1866 993 in
1897 948 2100 994 semet-

525 1029 663 1101 ipsa.
691 1029 788 1085 Vel
813 1028 979 1100 igitur
1005 1043 1109 1083 nec
1143 1028 1197 1084 in
1229 1030 1523 1098 semetipsa
1553 1037 1658 1094 est,
1689 1029 1785 1085 sed
1814 1029 1871 1084 in
1898 1037 2100 1085 semet-

522 1121 642 1192 ipsa
669 1127 834 1190 atque
873 1135 904 1174 a
934 1118 1234 1188 semetipsa
1265 1117 1764 1188 distinguitur;vel
1797 1120 1852 1174 in
1888 1127 2096 1174 semet—

525 1213 644 1284 ipsa
683 1221 804 1277 est,
832 1219 997 1282 atque
1055 1212 1110 1266 in
1140 1213 1326 1282 aliquo
1373 1219 1431 1268 et
1471 1213 1529 1266 in
1563 1213 1820 1267 omnibus
1860 1219 1964 1268 est.
2015 1211 2097 1266 Ita

484 1326 490 1330 ·
523 1321 660 1360 vero
702 1319 774 1360 ne
809 1320 919 1359 una
947 1305 1020 1359 sit
1055 1305 1208 1368 unio,
1239 1311 1336 1359 aut
1383 1303 1584 1358 unicus
1631 1303 1828 1359 modus
1871 1301 2096 1358 unionis

522 1395 860 1462 inveniatur,
895 1396 991 1452 sed
1017 1404 1084 1452 ut
1117 1395 1332 1452 inﬁnito
1359 1411 1578 1451 omnem
1625 1395 1852 1450 modum
1899 1395 2094 1466 hujus-

527 1487 674 1543 modi
703 1489 1010 1560 agnoscatis
1038 1504 1136 1544 vos
1168 1489 1261 1560 qui
1286 1503 1544 1544 amovere
1573 1489 1742 1544 vultis
1766 1487 1932 1544 Verbi
1967 1501 2092 1543 cum

521 1596 688 1636 carne
719 1596 902 1636 veram
935 1589 992 1637 et
1035 1581 1490 1652 gloriosissimam
1519 1580 1811 1637 “unionem.

1169 1732 1323 1790 CAP.
1347 1733 1444 1791 "VL

593 1864 768 1920 Omne
793 1864 1338 1937 quodcunquealteri
1365 1866 1582 1921 unitum
1604 1865 1674 1920 ad
1701 1863 2094 1936 perﬁciendam

526 1971 690 2012 unam
727 1966 980 2013 naturam
1035 1957 1150 2012 sive
1195 1967 1253 2013 et
1290 1957 1635 2028 hypostasim
1657 1957 1935 2012 viventem
1961 1995 1976 2021 ,
2035 1955 2097 2010 lit

521 2064 649 2120 pars
689 2049 852 2121 hujus
873 2059 1082 2106 naturze
1102 2065 1198 2104 seu
1228 2049 1572 2121 hypostasis;
1599 2050 1782 2104 omnis
1811 2063 2096 2122 vero'pars

522 2139 688 2196 unius
716 2148 926 2197 natura:
951 2157 1048 2198 seu
1081 2141 1393 2213 hypostasis
1423 2141 1695 2209 viventis,
1725 2142 1965 2196 naturali
1998 2155 2096 2196 ne-

522 2232 780 2289 cessitate
794 2247 912 2288 com
920 2233 1122 2304 patitur
1139 2249 1266 2289 cum
1284 2242 1437 2304 parte
1453 2249 1690 2304 quacu
1711 2233 2093 2304 hujuscemodi

520 2334 776 2380 naturam
806 2341 904 2381 seu
927 2326 1094 2382 etiam
1123 2327 1464 2398 hypostesim
1493 2327 1746 2398 perfecit.
1771 2328 1885 2384 Nec
1904 2329 2096 2406 volens

523 2415 726 2483 anima,
760 2417 1093 2488 compatitur
1112 2431 1254 2471 .eum
1311 2432 1565 2488 corpore.
1621 2417 2094 2484 Quemadmodum

522 2515 700 2562 cessat
751 2508 1004 2578 proprias
1053 2507 1410 2576 operationcs
1481 2517 1616 2562 tunc
1657 2523 1786 2562 cum
1845 2509 2095 2563 membra

522 2601 794 2670 corporis,
828 2599 1156 2670 quibuscum
1207 2606 1470 2668 operatur
1501 2599 1629 2654 laesa
1666 2599 1893 2664 fuerint,
1927 2599 2002 2654 ita
2038 2608 2094 2655 et

521 2703 723 2758 corpus
755 2687 990 2743 naturali
1033 2688 1362 2743 necessitate
1401 2688 1583 2758 pcenis
1613 2689 1988 2758 aarumnisque
2035 2705 2095 2744 a-

2117 1745 2170 1802 Β

2206 483 2374 554 ὑμᾶς,
2409 484 2531 537 ἐπεὶ
2559 481 2913 554 ὡμολόγηται
2936 482 3019 536 ὅτι
3063 484 3124 536 ὲν
3147 483 3320 534 πᾶσιν
3348 479 3465 533 οὑκ
3500 477 3710 537 ἐστιν,
3733 477 3832 527 οἰδ·

2205 573 2315 644 ἄρα
2344 573 2402 626 ἓν
2434 573 2542 626 τινί
2590 574 2730 636 ἐστι,
2758 573 2888 636 τοὺς
2929 573 3188 636 εἰπόντας
3224 572 3315 624 ὅτι
3346 570 3416 622 ὲν
3451 570 3662 622 πᾶσιν
3693 567 3832 620 ἐστὶν

2205 665 2282 728 ὥς
2323 667 2420 719 καὶ
2460 667 2546 734 ἐφ’
2595 664 3137 736 έαυτῇ,.τοὺναντίον
3175 661 3551 724 ἀκούσεσθε,
3591 663 3690 716 ὅτι
3723 662 3828 712 ἔεεὶ

2209 757 2410 827 μᾶλλον
2436 759 2589 812 τοῦδε
2638 758 2988 827 ὡμολόγηται
3017 758 3186 810 πᾶσιν
3211 757 3297 809 ὅτι
3334 755 3399 807 ὲν
3441 755 3655 822 ἑαυτῇ
3699 755 3824 814 ἐστι,

2208 848 2378 916 σαφὲς
2406 848 2472 902 ἂν
2495 849 2608 920 εἴη,
2625 850 2705 904 ὅτι
2731 849 2940 902 Οὑκοῦν
2969 847 3065 902 καὶ
3089 849 3148 900 ὲν
3170 849 3344 901 πᾶσιν
3367 845 3572 909 ὅντως
3599 846 3751 898 ὲστί·
3771 847 3823 895 τὲ

2203 937 2312 1008 γὰρ
2356 935 2417 1002 ἐξ
2453 938 2610 1008 ὑμῶν
2649 955 2815 1006 φασιν
2849 939 2932 992 ὅτι
2971 939 3030 990 έν
3070 940 3240 992 πᾶσιν
3271 937 3504 1007 ὁμςίως
3539 936 3730 997 ἐστὶν,
3759 937 3821 997 ὡς

2204 1029 2300 1081 καὶ
2325 1030 2383 1081 ἐν
2413 1030 2603 1100 ἑαυτῇ.
2643 1031 2713 1082 Ἦ
2740 1025 2836 1083 οὖν
2859 1029 2980 1083 οὑδὲ
3004 1030 3061 1081 ὲν
3089 1031 3254 1100 ἑαυτῇ
3285 1031 3480 1093 ἐστιν,
3519 1027 3677 1081 sua
3705 1029 3818 1094 παρ’

2205 1119 2406 1192 ἑαυτήν
2447 1137 2506 1174 τε
2552 1121 2648 1174 καὶ
2691 1122 2893 1192 ἑαυτῆς
2943 1121 3394 1192 διακεκριμένη,
3454 1119 3493 1190 ἢ
3545 1121 3618 1173 ὲν
3663 1120 3810 1186 ἑαυτῇ

2203 1211 2322 1264 ἔστι
2367 1212 2464 1265 καὶ
2495 1211 2553 1264 ἔν
2595 1229 2700 1266 τινι
2741 1211 2841 1265 κα.)⁸
2874 1214 2933 1266 ὲν
2963 1213 3352 1288 πᾶσίν-ἐστιν·
3415 1211 3508 1275 ὡς
3545 1213 3809 1281 μηδεμξιτ

2203 1297 2344 1357 εἶναι
2379 1302 2412 1372 ἢ
2444 1303 2781 1358 ἐπινοεῖσθαι
2813 1305 2999 1358 λοιπὸν
3050 1304 3244 1375 μόνην,
3285 1303 3446 1358 ἀλλὰ
3497 1306 3700 1358 πᾶσαν
3748 1302 3808 1370 τῷ

2201 1393 2571 1466 ἀπεριγράφῳ
2601 1397 2998 1467 μαρτυρεῖσθαι
3034 1395 3291 1450 σύνθεσιν
3323 1398 3477 1467 παρ’
3518 1397 3692 1465 ὑμῶν
3719 1396 3806 1446 τίη

2204 1483 2548 1554 βουλομένων
2586 1486 2850 1556 ἀθετῆσαι
2882 1487 2980 1558 τὴν
3023 1487 3244 1558 ἀληθῶς
3281 1487 3394 1541 τοῦ
3436 1488 3643 1556 Λόγου
3691 1486 3807 1557 πρὸς

2200 1574 2299 1647 τὴν
2327 1577 2526 1648 σάρκα,
2551 1579 3151 1650 ὑπερένδοξονῖνωσιν.

2317 1804 2328 1814 ἱ
2783 1735 3039 1794 ΚΕΦΑΔ.
3093 1737 3182 1803 (τ’.

2250 1865 2388 1918 Ἦᾶν
2409 1863 2591 1918 ὁτιοῦν
2623 1865 3008 1937 συντιθέμενον
3036 1867 3216 1938 ἑτέρῳ
3247 1867 3341 1932 εἰς
3373 1869 3443 1922 τὸ
3481 1868 3795 1923 ἀποτελέσαι

2177 1953 2332 2025 ,μίαν
2359 1953 2524 2023 φύσιν
2547 1956 2585 2026 ἢ
2618 1957 2713 2009 καὶ
2742 1957 3041 2012 ὑπόστασιν
3088 1958 3294 2023 ζῶσαν,
3335 1959 3524 2031 μέρος
3567 1961 3794 2030 εὑρίσκε-

2195 2063 2286 2100 ται
2343 2047 2546 2117 ταύτης
2600 2046 2700 2117 τῆς
2755 2049 2971 2117 φύσεως
3018 2051 3052 2120 ἢ
3100 2051 3196 2105 καὶ
3239 2051 3665 2117 ὑποστάσεως
3703 2055 3793 2106 πᾶν

2196 2135 2255 2190 δὲ
2287 2135 2454 2207 μέρος
2477 2139 2606 2206 μιᾶς
2645 2138 2863 2206 φύσεως
2908 2139 2942 2211 ἢ
3004 2141 3102 2194 καὶ
3157 2142 3547 2205 ὑποστάσεως
3607 2144 3790 2212 ζώσης.

2197 2227 2403 2296 φυσικῇ
2439 2227 2654 2301 ἀνάγκῃ
2706 2229 3019 2298 συμπάσχει
3067 2230 3144 2301 τῷ
3205 2232 3379 2301 μέρει
3431 2233 3567 2302 μεθ’
3618 2227 3680 2287 οὗ
3712 2235 3791 2302 τήν

2194 2317 2404 2370 τοιάνδε
2459 2319 2622 2389 φύσιν
2671 2320 2706 2390 ἦ
2772 2321 2866 2374 καὶ
2899 2321 3200 2375 ὑπόστασιν
3246 2323 3450 2388 ζῶσαν
3480 2326 3788 2378 «incilia.

2321 2408 2550 2464 Θέλουσα
2595 2410 2650 2464 δὲ
2703 2413 2736 2482 ή
2773 2411 2939 2483 ψυχὴ.
2985 2415 3328 2486 -συμπὰσχει
3544 2419 3786 2488 σιέματιιο

2194 2499 2270 2562 ὠς
2323 2500 2420 2555 καὶ
2481 2501 2753 2556 παύεσθαι
2818 2505 2926 2557 τῶν
3007 2505 3228 2560 οἰκείων
3285 2509 3614 2578 ἐνεργειῶν
3658 2526 3782 2571 ποτε,

2177 2591 2306 2646 -ντῶν
2329 2591 2426 2646 τοῦ
2449 2592 2709 2663 σώματος
2743 2594 2942 2664 μελῶν,
2984 2596 3104 2666 μεθ’
3134 2591 3211 2650 ὦν
3253 2599 3516 2670 ἐνεργεῖ,
3569 2601 3782 2672 βλαπτο-

2199 2685 2379 2755 μένων
2412 2703 2428 2718 ·
2460 2687 2660 2757 ὁμοίως
2695 2689 2881 2742 καὶτὸ
2943 2691 3100 2762 σῶμα
3153 2696 3366 2762 φυσικῇ
3413 2695 3646 2765 ἀνάγκῃ
3689 2711 3782 2745 συν

521 2778 688 2833 nimte
739 2778 991 2833 tabescit.
1033 2779 1206 2835 Deum
1261 2787 1446 2834 autem
1495 2777 1736 2835 Verbum
1781 2780 2094 2836 necessario

2201 2779 2417 2846 τήκεται
2445 2781 2564 2842 ταῖς
2589 2779 2788 2844 λύπαις
2822 2780 2920 2850 τῆς
2953 2781 3131 2852 ψυχῆς
3154 2785 3251 2835 καὶ
3297 2787 3433 2844 ταῖς
3485 2789 3779 2856 μερίμναις.

523 2866 758 2936 compati
778 2881 912 2921 .cum
939 2875 1130 2924 nostra
1163 2868 1404 2923 animata
1427 2883 1595 2924 carne
1619 2869 1804 2924 dicere
1821 2911 1836 2936 ,
1871 2884 1982 2923 non
2009 2878 2094 2924 est

2201 2869 2301 2922 Τὸν
2328 2867 2385 2921 δὲ
2427 2868 2559 2922 Θεὸν
2605 2871 2780 2937 Λόγον
2828 2874 3046 2946 ἀνάγκῃ
3099 2873 3282 2941 λέγειν
3339 2877 3777 2946 συμπεπωθένιι

517 2957 761 3028 justum;
804 2973 913 3013 non
941 2973 1071 3030 ergo
1104 2959 1292 3015 unitus
1322 2967 1408 3016 est
1441 2960 1585 3016 Deus
1615 2960 1859 3015 Verbum
1921 2959 2091 3015 alicui

2201 2961 2258 3030 τῇ
2293 2960 2352 3026 ἐξ
2377 2960 2532 3030 ἡμῶν
2568 2961 2802 3034 ἐμψύχῳ
2836 2965 3022 3034 σαρκὶ,
3051 2965 3111 3017 οὑ
3146 2965 3307 3034 θέμις
3344 2983 3361 2996 ·
3392 2969 3505 3020 οὑκ
3535 2967 3650 3039 ἄρα
3679 2984 3778 3019 aw-

523 3065 555 3104 e
579 3051 741 3106 nobis
767 3050 821 3104 in
846 3051 1016 3108 unius
1042 3065 1254 3108 naturae
1303 3068 1396 3108 seu
1456 3053 1762 3125 hypostasis
1788 3053 2094 3108 subsisten-

2201 3049 2358 3120 ετέθη
2387 3052 2414 3102 ὁ
2439 3051 2571 3114 Θεὸς
2595 3053 2768 3120 Λόγος
2791 3053 2868 3122 τῷ
2893 3053 2952 3118 ἐξ
2991 3055 3149 3124 ἡμῶν
3180 3055 3472 3126 ἀνθρώπῳ
3531 3061 3620 3122 εἰς
3673 3059 3778 3126 μιᾶς

525 3142 656 3196 tiam
682 3159 697 3209 ;
727 3141 774 3197 si
803 3157 935 3198 vero
970 3143 1160 3198 unitus
1187 3151 1293 3202 est.
1330 3153 1388 3198 et
1417 3145 1732 3199 necessario
1766 3159 1960 3213 passus
1986 3153 2094 3209 est,

2201 3136 2415 3205 φύσεως
2446 3137 2479 3211 ἢ
2509 3140 2604 3193 καὶ
2625 3141 2978 3205 ὑποστάσεως
3009 3143 3390 3198 σύστασιν.-Εἰ
3419 3147 3480 3198 δὲ
3513 3149 3774 3214 συκετέθτμ

523 3233 670 3304 quod
701 3240 788 3288 est
815 3233 1155 3304 blasphemia
1175 3275 1190 3297 ,
1237 3233 1371 3290 libet
1401 3242 1528 3288 aute.
1559 3237 1745 3289 omnia
1781 3249 1882 3288 vos
1920 3234 2096 3290 inter-

2201 3229 2294 3282 καὶ
2314 3230 2581 3284 πέπονθεν
2610 3233 2848 3306 ἀνάγκῃ,
2878 3235 3015 3303 ὅπερ
3039 3234 3269 3300 ἀσεϐὲς,
3319 3237 3512 3306 ἡδέως
3555 3241 3625 3293 ᾶν
3652 3240 3772 3307 ὑμῶν

524 3339 718 3394 rogare
751 3339 821 3378 an
856 3325 1000 3378 idem
1028 3332 1278 3378 naturam
1307 3332 1362 3378 et
1394 3324 1728 3395 hyposlasim
1771 3327 2096 3384 existimetis

2201 3320 2476 3392 πυθοίμην
2515 3323 2622 3393 πρό
2677 3339 2740 3392 γε
2793 3325 3071 3392 ἁπάντων,
3118 3327 3168 3378 εἰ
3225 3326 3434 3380 ταυτὸν
3484 3329 3659 3397 φύσιν
3703 3342 3777 3382 ut

522 3417 689 3470 etiam
725 3430 843 3478 vos,
875 3414 1031 3484 quasi
1078 3424 1285 3468 natura:
1331 3414 1498 3470 unius
1533 3427 1998 3488 ~pr0pugnatores.
2037 3417 2095 3474 Si

2201 3411 2497 3466 ὑπόστασιν
2518 3413 2696 3467 οἴεσθε
2719 3414 2812 3466 καὶ
2842 3416 3019 3483 ὑμεῖς,
3079 3415 3274 3488 ὥσπερ
3325 3422 3430 3472 καὶ
3479 3422 3540 3472 οἰ
3589 3422 3776 3489 φύσεως

523 3503 672 3558 enim
699 3503 803 3558 hoc
827 3519 1048 3573 quoque
1081 3517 1177 3558 vos
1202 3503 1408 3568 dicitis,
1436 3521 1505 3560 cn
1534 3521 1564 3560 a
1589 3507 1890 3562 vobis-sine
1917 3524 2096 3578 pugna

2203 3503 2332 3571 μιᾶς
2379 3502 2855 3574 ὑπερμαχοῦντες.
2900 3505 2964 3558 Εἰ
2993 3505 3102 3576 γὰρ
3131 3507 3293 3560 τοῦτο
3317 3509 3423 3561 καὶ
3451 3510 3622 3579 ὑμεξ
3645 3524 3772 3579 φατε.

524 3602 776 3648 errantes
812 3592 1330 3664 deprehendimini,
1359 3597 1695 3668 nominaque
1728 3599 1834 3653 alia
1854 3600 2096 3670 aliasque

2201 3593 2276 3645 ῐδε
2328 3593 2556 3664 ἀκονητὶ
2616 3596 2748 3664 ἡμῖν
2806 3596 3200 3666 φωραθήσεσθε
3262 3599 3658 3668 σοφιζόμενοι,
3701 3601 3774 3652 nl

524 3699 690 3739 voces
719 3675 959 3756 plurium
985 3686 1413 3756 appellationum
1437 3690 1794 3760 usurpatione
1834 3691 2101 3746 dissimu-

524 3776 732 3840 lantes;
768 3793 798 3832 a
853 3778 1012 3833 nobis
1056 3779 1204 3834 cnim
1239 3780 1349 3835 cito
1397 3781 1454 3836 in
1507 3781 1614 3838 hoc
1653 3781 2097 3838 confutabimini.

525 3869 714 3926 Primo
745 3879 928 3926 autem
959 3871 1027 3926 de
1054 3887 1186 3926 voce
1214 3871 1526 3940 Trinitatis;
1563 3874 1607 3928 si
1653 3875 1798 3930 enim
1831 3875 1973 3928 idem
2003 3874 2100 3930 ad-

524 3963 747 4018 mittitis
793 3963 904 4018 hazc
940 3979 1086 4030 esse,
1125 3965 1211 4019 vel
1256 3974 1370 4021 tres
1409 3966 1768 4032 substantias,
1803 3967 1889 4021 vel
1934 3981 2099 4020 uuam

522 4053 846 4110 existimatis
866 4054 1108 4111 divinam
1133 4055 1489 4128 hypostasim.
1515 4056 1770 4113 Secundo
1791 4074 1942 4121 vero,
1973 4059 2102 4129 quia

523 4144 660 4200 duas
689 4156 914 4202 naturas
942 4163 1044 4203 nos
1070 4147 1327 4214 dicimus,
1345 4148 1483 4205 duas
1507 4165 1728 4221 quoque
1781 4150 2104 4224 hypostases

523 4236 742 4294 Domini
775 4253 879 4295 nos
907 4237 1075 4295 vultis
1106 4239 1335 4308 dicere;
1375 4240 1532 4312 quasi
1566 4256 1675 4298 non
1718 4242 1852 4299 satis
1891 4243 2100 4299 dictum

521 4327 721 4387 fuisset
756 4347 857 4402 pro
879 4341 1072 4388 vestra
1102 4331 1353 4388 doctrina
1379 4332 1449 4389 de
1479 4341 1678 4390 natura
1727 4333 1958 4405 duplici,
1994 4314 2101 4390 nisi

2198 3682 2268 3736 τὰ
2309 3684 2630 3756 έτερώνυμα
2676 3687 2770 3740 καὶ
2818 3689 3127 3758 έτερόσημα
3179 3689 3270 3742 διὰ
3322 3694 3666 3762 προλήψεως
3690 3692 3778 3742 tu?!

2200 3775 2576 3846 πολυωνύμων
2614 3777 2999 3844 συσκιάζοντες
3024 3795 3040 3810 ⁸
3081 3779 3486 3852 ἐλεγχθήσεσθε
3521 3785 3642 3854 γὰρ
3662 3784 3778 3843 τέδς

2201 3865 2332 3933 ἡμῖν
2380 3865 2440 3918 ὲν
2477 3864 2678 3936 τούτῳ.
2730 3867 2952 3937 Πρῶτον
3011 3869 3112 3938 μὲν
3154 3871 3298 3923 κατὰ
3339 3873 3437 3924 τὶν
3487 3873 3779 3940 τριαδιιίν

2199 3955 2404 4024 λόγον·
2459 3957 2508 4009 εἰ
2555 3960 2666 4028 γὰρ
2723 3958 2784 4011 τὸ
2821 3959 2953 4012 αὑτὸ
3007 3960 3296 4029 ἐκδέχεσθε
3357 3963 3491 4017 τάδε
3549 3961 3777 4032 ciunt

2201 4049 2352 4118 τρεῖς
2381 4047 2484 4109 τὰς
2512 4047 2718 4114 οὑσίας,
2751 4048 2785 4118 ἢ
2821 4049 2960 4118 ⁴μίαν
3007 4049 3182 4102 οἴεσθε
3225 4051 3324 4121 τὴν
3359 4051 3522 4106 θείαν
3566 4056 3778 4107 ὑπεκτι-

2203 4156 2310 4196 σιν.
2343 4140 2606 4212 Δεύτερον
2631 4139 2708 4202 δὲ,
2736 4141 2817 4194 ὅτι
2842 4144 2935 4195 καὶ
2959 4142 3054 4196 δύο
3087 4142 3279 4210 φύσεις
3313 4146 3481 4212 ἡμῶν
3502 4147 3776 4215 λεγόντων.

2200 4231 2563 4302 εἰσπράττετε
2589 4233 2738 4302 ἡμᾶς
2785 4233 2882 4287 δύο
2930 4233 3110 4302 λέγειν
3160 4237 3256 4288 καὶ
3309 4238 3660 4303 ὑποστάσεις
3703 4237 3776 4292 τεῦ

2197 4322 2414 4394 ¹Κυρίου
2441 4337 2461 4355 ⁸
2486 4319 2562 4403 ὡς
2591 4325 2690 4378 οὑιι
2732 4323 2960 4388 ἐντελῶς
2987 4326 3279 4396 εἰρημένον
3322 4331 3467 4399 πρὸς
3527 4331 3630 4402 τὴν
3667 4335 3775 4398 v33;-

521 4421 686 4476 etiam
715 4417 1015 4481 adderetur
1044 4421 1248 4494 duplex
1273 4425 1603 4497 hypostasis.
1624 4425 1742 4482 Alia
1763 4441 1982 4497 quoque
2001 4441 2096 4482 vos

2203 4414 2369 4486 τέραν
2391 4413 2550 4480 δόξαν
2571 4414 2665 4471 τοῦ
2687 4414 2870 4470 διττοῦ
2899 4415 3001 4486 τῆς
3030 4417 3271 4486 φύσεως,
3296 4419 3396 4474 ἐὰν
3417 4423 3505 4493 μὴ
3539 4424 3773 4494 πρόσεστι

519 4512 789 4567 extollunt
812 4513 879 4568 de
909 4513 1017 4568 hoc
1036 4513 1186 4569 dicto
1211 4515 1265 4570 in
1294 4517 1521 4586 proprio
1541 4515 1686 4581 loco,
1715 4515 1772 4571 in
1795 4530 1906 4586 quo
1937 4515 2102 4571 simul

521 4613 623 4655 vos
649 4610 704 4656 et
730 4602 824 4672 qui
857 4618 923 4658 ex
948 4612 1102 4674 parte
1141 4589 1268 4658 sunt
1303 4604 1588 4676 Eutychis,
1616 4605 1721 4658 hoc
1744 4604 1904 4661 nobis
1925 4605 2102 4660 medi-

525 4688 716 4746 tamini
744 4691 1013 4752 dicentes.
1040 4701 1296 4749 naturam
1322 4703 1378 4751 et
1403 4695 1741 4766 hypostasim
1769 4695 1914 4751 idem
1935 4696 2103 4768 signi-

523 4779 724 4838 ﬁcare:
757 4782 862 4839 Aut
903 4784 1068 4856 igitur
1102 4784 1236 4840 duas
1283 4801 1486 4856 quoque
1521 4785 1855 4858 hypostases,
1901 4794 1995 4842 aut
2035 4803 2102 4842 ne

522 4881 749 4930 natura:
778 4875 990 4946 quidem
1035 4875 1210 4930 dicite.
1238 4875 1354 4932 Sed
1395 4874 1538 4932 alibi
1563 4875 1636 4932 de
1665 4875 1756 4932 his
1780 4891 1878 4932 vos
1913 4887 1970 4933 et
2017 4877 2098 4933 illi

521 4964 790 5021 confutari
820 4965 976 5022 estis.

593 5229 648 5286 Si
679 5241 810 5290 vero
839 5233 974 5290 illud
999 5251 1151 5294 nunc
1172 5239 1502 5298 erubescitis
1534 5241 1742 5308 dicere,
1761 5251 1937 5314 utque
1963 5242 2097 5298 alie-

520 5339 654 5381 num
687 5331 992 5397 utrumque
1010 5331 1309 5400 usurpatis,
1338 5331 1446 5389 hoc
1477 5333 1627 5390 enim
1661 5333 1848 5392 dicere
1875 5333 2096 5394 videtur

517 5407 832 5477 (uitium-tiu
847 5419 898 5464 el
916 5428 936 5478 .;
960 5411 1141 5466 dicitis
1155 5415 1301 5466 enim
1326 5433 1339 5465 τ
1357 5431 1388 5481 ρ
1402 5415 1675 5485 rrficieudu
1686 5436 1730 5472 ιη
1749 5435 1908 5472 uuam
1931 5433 2092 5474 nutu-

520 5517 635 5555 rum
666 5502 771 5556 sive
803 5513 852 5556 et
874 5503 1196 5576 hypostasim
1233 5509 1476 5562 riualem
1499 5523 1518 5561 :
1545 5524 1666 5564 cum
1703 5527 1806 5564 non
1838 5513 2085 5568 dixeritis

521 5607 678 5646 unum
700 5597 1081 5664 uaturam,sive
1100 5598 1547 5667 Ιιῃροειαεὶηιβειι
1566 5603 1778 5657 cuidam
1796 5603 2080 5672 disjuucvi-

523 5683 980 5752 taecOujunrtioni
1001 5690 1365 5758 copulativazu
1392 5702 1441 5746 et
1461 5693 1798 5762 aildiderilis,
1821 5698 1978 5751 uobis
1999 5711 2087 5752 vo-

2201 4507 2302 4560 ,καὶ
2325 4505 2388 4560 τδ
2416 4506 2636 4561 διπλοῦν
2692 4507 2792 4578 τῆς
2839 4507 3209 4574 ὑποστάσεως.
3271 4513 3387 4567 Καὶ
3441 4516 3516 4569 τὰ
3559 4519 3694 4570 ilia.
3732 4515 3776 4567 ἃ

2164 4605 2172 4610 ’
2209 4584 2354 4668 ὑμᾶς
2377 4596 2738 4669 θριαμϐεύσει
2766 4598 2836 4654 τὰ
2883 4602 3012 4674 περὶ
3058 4605 3250 4656 τούτου
3303 4606 3360 4656 ὲν
3420 4607 3504 4677 τῷ
3563 4608 3681 4675 ἰδίῳ
3715 4609 3774 4659 εἰ·

2211 4690 2421 4762 ρημένα
2443 4689 2728 4762 κεφαλαίῳ
2747 4707 2770 4722 ’⁸
2823 4694 2884 4746 ἐν
2917 4688 2972 4760 ᾧ
3018 4693 3210 4757 κοινῶς
3269 4695 3435 4766 ὑμεῖς
3489 4717 3551 4752 τε
3601 4704 3692 4752 καὶ
3737 4699 3775 4750 οξ

2206 4782 2315 4842 ἀπὸ
2336 4782 2633 4854 Εὑτυχοῦς.
2665 4783 2826 4838 τοῦτο
2863 4787 2996 4856 ἡμῖν
3041 4789 3468 4860 ὲσκαιωρήσατε
3521 4793 3774 4862 λέγοντες.

2204 4873 2289 4926 ὃτι
2321 4871 2488 4943 φύσις
2522 4873 2616 4927 καὶ
2647 4874 2947 4939 ὑπόστασις
2989 4877 3185 4932 ταυτὸν
3216 4880 3480 4948 σημαίνει
3513 4899 3528 4913 ο
3575 4883 3658 4938 Ἦ
3686 4879 3779 4937 εἴτ

2194 4961 2314 5019 δύο
2370 4962 2470 5018 καὶ
2512 4965 2618 5031 τὰς
2656 4964 3047 5034 ὑποστάσεις.
3108 4966 3148 5036 ἢ
3200 4965 3356 5038 μηδᾶ
3419 4973 3531 5038 τὰς
3583 4977 3780 5047 φύσει(

2201 5055 2452 5124 λέγοιτ-ε.
2499 5056 2640 5109 ’.ἀλλ’
2662 5057 2898 5129 ἑτέρωσε
2941 5060 3038 5131 μὶν
3065 5061 3192 5115 τάδε
3239 5061 3371 5132 ὑμῖν
3413 5081 3480 5119 τε
3524 5072 3781 5127 nauita;

2196 5147 2540 5221 διήλεγκται.

2269 5239 2338 5296 Εἰ
2381 5240 2438 5294 δὲ
2460 5239 2622 5295 τοῦτο
2649 5241 2744 5296 νῦν
2785 5242 3026 5296 αἰδεῖσθε
3077 5244 3278 5316 λέγειν,
3335 5248 3435 5302 καὶ
3489 5251 3573 5316 ὡς
3613 5253 3781 5323 ἕτερον

2200 5331 2508 5402 λαμϐάνετε
2577 5332 2837 5406 ἑκάτερον
2861 5350 2874 5364 ·
2923 5337 3084 5393 τοῦτο
3129 5338 3240 5411 γὰρ
3293 5339 3450 5394 δοκεῖ
3490 5349 3780 5417 μαρτυρεῖν

2197 5429 2330 5498 ⁴ὑμῖν
2355 5429 2383 5482 ὁ
2411 5425 2509 5482 καὶ
2532 5428 2848 5500 σύνδεσμος,
2890 5433 3234 5500 φασκόντων,
3291 5433 3396 5502 Εἰς
3452 5435 3527 5492 τὸ
3585 5443 3780 5495 ἀπε-τευ

2197 5517 2375 5574 ,ιέσαι
2410 5520 2556 5590 μίαν
2581 5522 2776 5589 φύσιν
2811 5521 2851 5590 ἢ
2880 5523 2976 5578 καὶ
3005 5527 3358 5581 ὑπόστασιν
3379 5527 3589 5586 ζῶσαν·
3615 5547 3633 5562 ·
3675 5531 3778 5587 tusi

2197 5612 2299 5664 οὐκ
2350 5613 2610 5682 εἰρήκατε
2663 5614 2818 5681 μίαν
2865 5617 3090 5682 φύσιν,
3155 5617 3362 5672 εἷτουν
3411 5622 3774 5683 ὑπόστασιν,

2197 5699 2333 5754 ἀλλὰ
2359 5699 2701 5772 προσθετικῷ
2733 5719 2837 5757 τινι
2868 5704 3148 5776 συνδέσμῳ
3169 5709 3269 5762 καί
3298 5710 3360 5765 τὸ
3398 5710 3601 5786 ἓτερον
3657 5719 3776 5784 in,
3831 5697 3833 5737 ξ
