3912 6298
46 342 187 409 1421

1019 339 1417 406 ADVERSUS
1455 338 2006 408 NESTORIANOS.
2037 368 2108 382 *-
2143 347 2286 406 LIB.
2371 347 2419 406 Ι.

3209 321 3346 414 ηεξ

42 458 287 525 γάγετε,
360 459 530 512 τοῦτο
560 457 740 526 λέγειν
799 455 1016 524 ἔχοιμεν
1068 455 1204 524 πρὸς
1262 456 1428 524 ὑμᾶς,
1492 454 1567 517 ὡς
1619 455 1666 506 εί

1796 455 1982 510 iiscum
2023 455 2446 525 colloquendum
2477 464 2641 519 esset,
2670 455 2826 525 quasi
2873 456 2964 511 hic
3007 457 3184 512 solum
3251 475 3348 514 vos

42 549 192 622 πρὸς
229 551 368 614 τοὺς
397 551 665 620 λέγοντας
701 549 830 619 μίαν
861 547 1024 618 φύσιν
1082 549 1145 600 ἐκ
1184 546 1284 616 τῆς
1321 546 1668 611 συνθέσεως

41 643 462 697 ἀποτελεῖσθαι
492 642 846 696 ἀπετείνεοθε
884 641 1044 710 μόνον
1076 639 1165 692 διὰ
1191 640 1381 703 τῶνδε,
1411 635 1556 710 εἶχεν
1603 638 1669 692 ἄν

43 751 102 786 τι
147 733 290 804 ὑμῖν
340 734 408 785 τὸ
452 732 814 802 ἐπιχείρημα.
867 729 1091 797 Ἐπειδὴ
1136 729 1193 782 δὲ
1225 728 1362 800 πρὸς
1387 730 1514 790 τοὺς
1543 728 1670 798 μίαν

41 825 150 896 τὴν
185 826 533 890 ὑπόστασιν,
575 825 670 878 καὶ
708 825 770 876 οὑ
801 822 899 894 τὴν
928 821 1112 891 φύσιν,
1140 823 1205 874 ὲκ
1228 821 1326 892 τῆς
1371 819 1671 882 συνθέσεως

41 919 77 986 ἡ
91 919 204 986 μᾶς
225 916 674 986 ὁμολογοῦντας,
701 915 759 969 τὸ
776 915 910 968 αὑτὸ
927 913 1178 981 ἐγκαλεῖν
1198 911 1669 981 ἁπηρυθριάσατε,

47 1008 284 1079 πρῶτον
311 1005 442 1077 μὲν,
473 1007 590 1069 πῶς
619 1005 784 1077 μέρος
825 1005 962 1074 φατὲ
991 1005 1090 1074 τῆς
1129 1003 1376 1056 ὲνουσίου
1429 1001 1672 1054 ὑποστά-

47 1116 199 1160 σεως
238 1100 360 1152 πᾶν
391 1097 458 1151 τὸ
493 1096 875 1166 συντιθέμενον
911 1095 991 1152 εἰς
1028 1093 1088 1146 τὸ
1113 1091 1443 1146 ἀποτελέσαι
1476 1090 1669 1160 αὑτὴν,

45 1191 192 1244 ἀκού
204 1207 426 1262 σωμεψ
451 1193 554 1261 τῆς
575 1191 684 1258 γὰρ
707 1188 1057 1248 ὑποστάσεως
1072 1187 1106 1253 ἡ
1123 1183 1440 1254 ὑπογραφὴ,
1459 1181 1518 1246 ἐξ
1547 1183 1674 1235 ἐδιο-

45 1283 241 1351 τήτων
290 1280 469 1332 τινῶν
519 1279 673 1349 παρὰ
718 1277 784 1330 τὰ
829 1276 1090 1353 ὁμοιουσία
1111 1273 1169 1326 ἔν
1192 1289 1297 1326 τινι
1327 1271 1674 1324 ὲπουσιωδῶν

47 1374 82 1443 ἢ
138 1365 538 1425 ἐπιουσιώδῦν
570 1371 664 1422 καὶ
692 1367 1114 1439 συμϐεϐηκότων
1142 1365 1325 1428 τινῶν,
1355 1362 1674 1432 ἀχωρίστως

50 1464 234 1518 ἴοντων
265 1465 299 1536 ἢ
337 1463 777 1531 ἐπιγενομένων,
806 1459 1146 1512 συνίσταται.
1181 1456 1320 1508 Οὑτε
1369 1455 1423 1506 δὲ
1478 1455 1536 1507 αἱ
1581 1454 1674 1505 οὑ-

57 1557 177 1608 σίαι
211 1555 332 1607 τῶν
371 1555 656 1607 συνθέτων
686 1554 827 1623 μέρη
849 1551 959 1604 τῶν
989 1547 1343 1602 ὑποστάσεών
1381 1550 1486 1599 εἱσι
1518 1563 1533 1575 ·
1567 1546 1676 1598 τῶν

55 1648 174 1716 γάρ
207 1645 452 1703 οὑσιῶν,
485 1643 664 1696 οὑσιαι
695 1642 762 1694 τά
787 1641 927 1710 μέρη
957 1639 1224 1708 γίνονται,
1273 1638 1333 1690 οὑ
1373 1636 1483 1688 τῶν
1540 1637 1675 1689 ὑπο-

58 1740 348 1801 στάσεων,
393 1735 519 1789 οὑδὲ
556 1737 663 1804 μὴν
701 1732 810 1785 τῶν
841 1731 1266 1802 συμϐεϐηκότων
1296 1747 1348 1781 τι
1388 1728 1496 1782 τῶν
1528 1745 1674 1796 γινο-

1771 555 1963 602 contra
1993 562 2089 602 eos
2122 549 2217 617 qui
2251 547 2443 602 dicunt
2466 562 2630 602 unam
2657 557 2909 603 naturam
2938 549 3134 604 unione
3157 549 3346 620 perﬁci

1770 640 2188 703 contenderitis,
2223 640 2304 694 sic
2335 641 2675 710 aliquantum
2716 641 3068 696 ratiocinium
3103 652 3349 698 vestrum

1771 733 1996 786 valeret.
2011 731 2147 787 Cum
2169 741 2352 787 autem
2377 732 2668 787 adversum
2692 747 2793 787 nos
2809 747 2971 786 unam
2991 733 3348 804 hypostasim,

1771 839 1884 878 non
1916 831 2100 878 autem
2146 840 2310 878 unam
2360 833 2616 878 naturam
2670 839 2738 879 ex
2797 825 2989 878 unione
3031 823 3356 880 conﬁtentes

1772 911 2087 981 agatis,hoc
2116 911 2279 966 nobis
2304 911 2524 966 crimini
2557 919 2772 967 vertere
2797 927 2910 966 non
2937 911 3352 976 erubescentes,

1773 1005 2049 1074 quomodo
2075 1019 2292 1060 omnem
2323 1015 2532 1075 partem
2561 1020 2686 1060 cum
2720 1005 2885 1059 unius
2908 1004 3229 1059 substantia:
3260 1005 3357 1076 by-

1775 1097 1980 1165 postasi
2019 1097 2230 1151 unitam
2261 1111 2382 1152 esse
2412 1097 2480 1152 ad
2518 1097 2665 1152 illam
2695 1097 3089 1166 perﬁciendam
3137 1096 3354 1159 dicatis,

1773 1187 2011 1255 primum
2051 1187 2371 1241 audiamus:
2400 1196 2598 1242 natura
2625 1187 2773 1242 enim
2812 1187 3120 1258 hypostasis
3145 1195 3360 1242 constat

1774 1292 1842 1331 ex
1879 1278 2314 1346 pr0prietatibus
2343 1278 2675 1348 quibusdam
2707 1277 3268 1333 consubstantialium
3301 1279 3360 1332 in

1775 1369 1960 1439 aliquo
1991 1370 2369 1424 essentialium
2401 1379 2497 1423 aut
2525 1371 2684 1440 quasi
2714 1369 3095 1425 essentialium
3145 1383 3209 1423 ac
3236 1369 3362 1439 qui—

1776 1459 2006 1513 busdam
2043 1458 2426 1514 accidentibus
2457 1458 2922 1527 inseparabilibus
2967 1457 3053 1511 vel
3099 1471 3366 1527 superve-

1777 1551 2080 1605 nientibus.
2130 1552 2244 1606 Nec
2280 1565 2413 1606 vero
2460 1551 2787 1606 substantiae
2839 1550 3124 1605 unitorum
3179 1557 3366 1619 partes

1775 1651 1907 1697 sunt
1945 1643 2354 1714 bypostaseon;
2397 1643 2830 1698 substantiarum
2863 1643 3010 1697 enim
3046 1641 3367 1697 substantiae

1778 1741 1962 1801 partes
1978 1732 2135 1795 ﬁunt,
2151 1747 2262 1786 non
2281 1732 2668 1802 hypostaseon,
2685 1731 2968 1786 necetiam
2987 1731 3206 1802 aliquod
3228 1730 3368 1785 acci-

61 1832 277 1902 μένων.
337 1830 517 1900 χωρὶς
563 1829 659 1898 τῆς
693 1827 782 1880 τοῦ
819 1825 1184 1895 ὑποκειμένου
1218 1821 1571 1893 ἀναιρέσεως,
1599 1819 1673 1883 ὡς

1796 1823 2026 1877 lentium
2047 1839 2168 1893 quae
2193 1822 2349 1888 ﬁunt,
2380 1823 2531 1877 salvo
2559 1823 2828 1891 subjecto,
2852 1829 2912 1875 ut
2941 1838 3068 1890 pars
3101 1823 3152 1874 in
3185 1822 3369 1892 aliqua

61 1925 239 1994 μέρος
297 1923 359 1976 ἓν
420 1940 529 1975 τινι
559 1919 858 1973 ὑποστάσει
900 1919 1138 1988 ὑπάρχει
1169 1933 1182 1947 ο
1215 1915 1332 1968 ἀλλ’
1362 1914 1485 1967 οὑδὲ
1521 1914 1684 1968 αὑταὶ

58 2019 117 2070 αἱ
151 2016 404 2084 φυσικαὶ
467 2013 752 2080 ἰδιότητες,
806 2011 881 2079 ὡς
931 2010 1096 2079 μέρος
1131 2007 1238 2061 εἰσὶ
1295 2006 1405 2059 τῶν
1450 2006 1686 2059 ὑποστά-

62 2126 211 2161 σεων
277 2101 359 2159 ὧν
417 2107 560 2156 εἰσιν
621 2102 858 2166 οὐσιῶν,
918 2101 1057 2154 ἀλλὰ
1101 2101 1196 2153 καὶ
1243 2101 1465 2170 μερικοὶ
1513 2099 1683 2166 λόγοι.

62 2202 130 2254 Εἰ
165 2200 285 2270 γὰρ
320 2199 473 2268 μέρη
498 2198 555 2250 αἱ
605 2194 867 2262 ἰδιότητές
903 2195 1011 2245 εἱσι
1061 2194 1160 2262 τῆς
1203 2192 1578 2253 ὑποστάσεως,
1628 2189 1688 2242 τὸ

63 2291 122 2344 δὲ
155 2291 286 2343 ὅλον
324 2287 599 2353 συγγενὲς
659 2289 772 2347 τοῖς
822 2282 1016 2337 ἑαυτοῦ
1068 2283 1258 2354 μέρεσι
1317 2282 1410 2334 καὶ
1472 2281 1685 2346 ταυτὸν,

65 2384 166 2434 καὶ
195 2380 363 2433 οὐδὲν
397 2378 556 2445 γένος
583 2375 734 2444 παρᾶ
756 2376 934 2428 πάντα
963 2371 1127 2427 αὑτοῦ
1182 2373 1250 2424 τά
1311 2373 1476 2441 μέρη,
1535 2371 1688 2424 ἔσται

68 2476 171 2528 καὶ
201 2475 267 2527 τὸ
305 2472 435 2524 ὃ>ον
461 2469 559 2540 τῆς
593 2469 968 2528 ὑποστάσεως,
1015 2466 1213 2534 ἰδιότης
1258 2466 1488 2518 καθόλου
1529 2465 1688 2535 μόνον

69 2564 362 2626 ἀνούσιος.
427 2561 501 2613 Οὑ
556 2560 715 2628 μόνον
763 2558 819 2611 δὲ
869 2555 1048 2622 τοῦτο,
1079 2556 1215 2609 ἀλλὰ
1256 2557 1349 2609 καὶ
1383 2557 1506 2608 ἐπεὶ
1539 2557 1690 2608 πᾶσα

74 2657 291 2724 ἰδιότης
338 2653 462 2704 ἐστὶ
505 2652 566 2703 τὸ
603 2651 722 2702 ὅλον
755 2648 854 2718 τῆς
892 2646 1268 2708 ὑποστάσεως,
1299 2645 1460 2714 εἴπερ
1489 2644 1689 2714 ἰδιότης

74 2749 108 2818 ἢ
177 2746 382 2816 ἑτέρου
448 2743 593 2806 τινος
661 2741 812 2793 ἔσται
869 2739 1116 2807 ἰδιότης’

75 2841 168 2892 ἐπ’
222 2841 466 2910 ἄπειρον
520 2834 818 2906 ζητητέον
864 2833 918 2902 ἢ
955 2832 1056 2901 οὑχ
1111 2830 1301 2902 ἐτέρου
1354 2825 1511 2890 οὖσα,
1569 2828 1691 2881 οὑδὲ

81 2933 295 3001 ἰδιότης
339 2931 526 2991 ἔσται,
570 2927 689 2978 οὐδὲ
739 2924 1039 2986 ὑπόστασις
1092 2923 1220 2993 ἄρα.
1273 2923 1386 2974 υὺκ
1445 2921 1552 2991 ἄρα
1599 2917 1692 2981 οὖν

1171 2739 1263 2790 καὶ
1321 2735 1480 2789 τοῦτο
1528 2736 1691 2788 πάλιν

73 3030 202 3083 οὑδὲ
231 3030 290 3081 αἱ
323 3024 537 3086 οὑσίαι,
561 3022 682 3074 οὐδὲ
710 3021 781 3072 τά
821 3017 1232 3088 συμϐεϐηκότα,
1286 3015 1409 3068 οὐδὲ
1451 3017 1504 3068 αἱ
1566 3015 1692 3066 ἰδιό-

75 3136 249 3189 τητες
303 3119 364 3169 αἱ
421 3113 704 3174 οὑσιώδεις
737 3111 813 3173 ὡς
846 3111 988 3180 μέρη
1020 3110 1128 3161 εἰσὶ
1157 3109 1256 3178 τῆς
1284 3107 1526 3160 ὲνουσίου
1557 3108 1689 3159 ὑπο-

81 3213 342 3272 στάσεως
381 3225 396 3238 ·
436 3207 551 3260 ἀλλ’
582 3208 647 3256 ὲκ
678 3203 778 3272 τῆς
808 3203 1018 3264 οὐσίας,
1073 3199 1203 3268 περὶ
1261 3201 1358 3268 τὴν
1413 3199 1603 3252 οὑσίαν
1657 3199 1689 3266 ἢ

83 3305 183 3358 καὶ
224 3297 536 3370 ἀλλαχόθεν
564 3299 620 3349 ὲν
652 3295 791 3364 αὑτῇ
834 3293 926 3346 καὶ
973 3295 1102 3361 περί
1158 3289 1347 3358 αὑτὴν,
1406 3290 1529 3342 τινά
1578 3291 1694 3342 ἐστι

82 3397 216 3450 τάδε
248 3394 404 3455 ἰδίως
441 3392 497 3442 ὲν
528 3387 666 3458 τῷδέ
706 3404 814 3440 τινι
875 3384 1248 3455 θεωρούμενα.
1303 3381 1449 3450 Πλὴν
1503 3381 1550 3433 εἰ
1605 3383 1698 3434 καὶ

87 3487 256 3539 τοῦτο
281 3485 423 3553 ὑμῖν
466 3477 897 3548 συγχωρήσομεν
933 3475 1014 3542 (οὑ
1068 3474 1176 3544 γάρ
1231 3471 1519 3525 σπουδαῖον
1572 3471 1698 3540 περὶ

87 3578 289 3632 τούτου
316 3574 420 3627 νῦν
452 3569 890 3630 ἀντιτάσσεσθαι,
923 3567 1019 3620 καὶ
1057 3565 1132 3630 ὡς
1164 3564 1332 3637 μέρος
1379 3564 1463 3633 εἴη
1523 3564 1580 3614 ὲν
1629 3563 1696 3632 τῇ

91 3668 407 3725 ὑποστάσει
468 3662 666 3716 ἑαυτοῦ
705 3662 732 3714 ό
773 3660 904 3722 Θεὸς
940 3658 1160 3726 Λόγος),
1190 3655 1486 3709 ἀκόλουθον
1520 3653 1696 3716 ἔσται,

96 3761 331 3832 μείζονα
387 3756 488 3826 τῆς
542 3754 733 3814 οὐσίας
787 3753 884 3820 τῆς
918 3751 1187 3818 Θεότητος
1252 3748 1434 3832 πάσης
1466 3746 1697 3799 ἕκαστον

93 3853 206 3907 τῶν
237 3849 411 3922 τριῶν
441 3847 614 3915 ἁγίων
641 3843 954 3914 προσώπων
979 3842 1052 3904 ὡς
1085 3841 1206 3893 ὅλον
1245 3840 1340 3892 καὶ
1375 3825 1514 3892 tam
1565 3839 1700 3888 νοεῖ-

98 3945 253 3998 σθαι.
286 3945 400 3996 Καὶ
430 3940 572 3992 οὑτω
598 3938 694 4009 μὲν
727 3936 866 3989 τόδε.

188 4033 254 4086 Ἦ
291 4030 526 4092 δευτέρα
563 4028 622 4080 δὲ
656 4027 812 4096 ὑμῶν
845 4025 1109 4095 πρότασις
1137 4021 1324 4086 πάλιν,
1356 4019 1471 4084 πῶς
1501 4018 1615 4090 ἔχει
1640 4018 1703 4071 τὸ

102 4127 376 4198 βέὸαιον,
455 4122 540 4174 ὅτι
603 4123 710 4172 πᾶν
766 4119 927 4190 μέρος
983 4115 1333 4176 ὑποστάσεως
1385 4112 1700 4183 λεγόμενον,

105 4218 466 4289 συμπάσχειν
512 4212 588 4281 τῷ
639 4211 812 4280 ἑτέρῳ
851 4211 1067 4277 ἀνάγκη
1096 4225 1110 4239 ο
1174 4209 1268 4260 καὶ
1310 4204 1468 4260 τοῦτο
1492 4205 1580 4258 ἀεὶ
1609 4204 1704 4257 καὶ

104 4311 254 4365 κατὰ
289 4308 470 4360 πάντα
495 4303 836 4375 ἀδιορίστως.
871 4302 983 4370 Τῆς
1017 4302 1126 4370 γὰρ
1177 4297 1268 4352 τοῦ
1322 4299 1529 4369 κόσμου
1572 4298 1702 4351 ὑπο.

107 4403 367 4461 στάσεως
417 4398 512 4450 καὶ
545 4395 780 4462 φύσεως,
818 4394 1005 4454 ἵππος,
1030 4392 1126 4444 καὶ
1151 4389 1263 4459 γύψ
1291 4405 1304 4418 °
1331 4389 1426 4443 καὶ
1447 4389 1506 4441 οὑ
1541 4388 1700 4458 μόνον

1785 1914 2062 1986 hypostasi
2095 1915 2345 1980 exsistit;
2387 1914 2480 1969 sed
2514 1928 2615 1968 nec
2646 1913 2753 1968 illa:
2805 1914 3084 1968 naturales
3117 1913 3369 1983 proprie-

1786 2007 2113 2074 tates,quasi
2137 2021 2264 2075 pars
2287 2014 2416 2060 sunt
2433 2004 2797 2075 hypostaseon
2815 2020 2936 2074 quae
2961 2013 3090 2057 sunt
3111 2004 3372 2059 substan-

1789 2097 1897 2161 tize,
1933 2096 2028 2150 sed
2056 2104 2113 2151 et
2141 2097 2497 2166 particularia
2526 2096 2696 2150 verba
2725 2112 2740 2160 ;
2775 2098 2821 2151 si
2856 2097 3003 2150 enim
3037 2106 3219 2167 partes
3245 2112 3371 2166 pro-

1793 2190 2058 2258 prietates
2076 2198 2206 2243 sunt
2227 2190 2600 2260 hypostaseos,
2620 2198 2795 2244 totum
2811 2198 2997 2243 autem
3013 2204 3116 2242 con
3126 2191 3371 2245 naturale

1791 2281 1966 2350 ipsius
2019 2282 2268 2350 partibus
2313 2291 2370 2336 et
2425 2281 2594 2347 idem,
2625 2297 2691 2336 ac
2736 2281 2949 2335 nullum
3004 2295 3178 2349 genus
3227 2281 3373 2350 apud

1789 2389 1982 2429 omnes
2011 2375 2184 2444 ipsius
2208 2383 2416 2444 partes,
2441 2374 2548 2429 erit
2577 2389 2800 2444 quoque
2837 2381 3010 2428 totum
3043 2373 3372 2445 liypostasis.

1793 2467 2104 2536 proprietas
2139 2467 2194 2520 in
2221 2482 2422 2536 genere
2451 2474 2663 2520 tantum
2689 2481 2801 2519 non
2836 2465 3230 2520 substantialis.
3255 2467 3375 2522 Non

1793 2556 1972 2609 solum
2031 2565 2217 2611 autem
2249 2553 2374 2619 hoc,
2408 2555 2503 2611 sed
2527 2566 2582 2610 et
2608 2572 2734 2612 cum
2760 2557 2940 2612 omnis
2968 2557 3280 2626 proprietas
3305 2557 3377 2614 sit

1793 2657 1970 2703 totum
2023 2648 2354 2719 hypostasis,
2392 2664 2526 2719 ergo
2560 2649 2868 2718 praprietas
2892 2647 2973 2702 vel
2989 2649 3221 2719 alicujus
3240 2650 3379 2704 alte-

1793 2740 1910 2793 rius
1943 2740 2051 2794 erit
2096 2740 2425 2810 proprietas,
2457 2741 2670 2809 hocque
2720 2755 2940 2795 rursum
2999 2741 3052 2794 in
3103 2741 3378 2796 inﬁnitum

1791 2833 1902 2888 erit
1949 2832 2330 2902 qumrendum,
2376 2834 2462 2888 vel
2496 2849 2602 2888 non
2644 2834 2895 2897 alterius,
2930 2848 3033 2887 nec
3081 2842 3210 2887 tunc
3249 2848 3381 2902 pro-

1793 2929 1997 2997 prietas
2023 2929 2150 2994 erit,
2183 2943 2286 2983 nec
2311 2927 2439 2982 ideo
2468 2927 2794 2998 hypostasis.
2819 2926 2937 2981 Non
2961 2943 3096 2997 ergo
3127 2942 3226 2981 nec
3253 2927 3385 2982 sub-

1794 3021 2028 3085 stantia),
2069 3035 2172 3076 nec
2194 3020 2519 3082 accidentia,
2551 3035 2652 3073 uec
2678 3021 3041 3090 proprietates
3063 3022 3380 3076 essentiales

1793 3109 1951 3176 quasi
2004 3117 2188 3178 partes
2233 3116 2362 3162 sunt
2400 3108 2777 3163 substantialis
2827 3109 3151 3180 hypostasis,
3185 3111 3278 3167 sed
3313 3128 3380 3167 ex

1795 3201 2122 3264 substantia,
2156 3201 2224 3256 de
2257 3200 2564 3256 substantia
2592 3201 2676 3256 vel
2723 3208 2778 3255 et
2808 3201 3030 3257 aliunde
3083 3202 3136 3256 in
3170 3203 3287 3272 ipsa
3318 3219 3381 3258 ac

1797 3291 1864 3346 de
1940 3292 2066 3355 illa,
2119 3291 2368 3361 qumdam
2415 3299 2543 3346 sunt
2585 3291 2992 3362 particulariter
3037 3293 3092 3347 in
3143 3295 3380 3364 quodam

1796 3383 2166 3440 considerata.
2198 3383 2306 3438 Sed
2331 3383 2436 3440 etsi
2465 3383 2570 3438 hoc
2599 3385 2758 3440 vobis
2787 3387 3242 3450 concesserimus,
3271 3404 3382 3443 non

1799 3483 1983 3529 tamen
2025 3474 2398 3530 festinandum
2446 3484 2531 3530 est
2569 3484 2631 3530 ut
2679 3492 2828 3532 nunc
2879 3477 2947 3532 de
3003 3478 3108 3534 hoc
3151 3489 3381 3535 conten-

1800 3565 1984 3630 datur,
2016 3583 2142 3621 cum
2169 3566 2225 3621 in
2259 3567 2542 3637 hypostasi
2575 3569 2749 3639 ipsius
2776 3578 2930 3625 esset
2960 3579 3218 3642 tanquam
3255 3589 3384 3644 pars

1801 3659 1948 3716 Deus
2005 3662 2270 3717 Verbum.
2296 3663 2704 3732 Consequentia
2756 3666 2894 3728 erit,
2923 3668 3186 3737 majorem
3232 3670 3382 3724 omni

1801 3753 2108 3807 substantia
2184 3753 2504 3808 Divinitatis
2551 3770 2998 3826 unamquamque
3045 3759 3211 3812 trium
3260 3775 3385 3830 per-

1802 3861 2057 3900 sonarum
2086 3853 2400 3900 sanctarum
2424 3854 2484 3900 ut
2505 3854 2681 3902 totum
2709 3856 2765 3902 et
2784 3848 2960 3918 ipsum
2987 3849 3234 3921 intelligi.
3261 3852 3385 3906 Hmc

1803 3945 1987 3991 autem
2022 3937 2315 3992 sufﬁciant.

1873 4028 2123 4082 Secunda
2147 4035 2330 4083 autem
2352 4030 2876 4099 vestra‘propositio,
2903 4033 3180 4100 quomodo
3207 4034 3347 4088 valet
3370 4076 3387 4091 .

1805 4120 2049 4187 scilicet,
2085 4135 2304 4175 omnem
2341 4131 2578 4192 partem,
2626 4138 2749 4192 quae
2802 4123 3005 4178 dicitur
3056 4125 3384 4196 hypostasis,

1806 4214 2121 4269 necessario
2180 4214 2420 4284 compati
2448 4229 2572 4269 cum
2599 4215 2792 4281 altera,
2823 4215 3038 4285 hocque
3077 4232 3296 4288 semper
3336 4228 3392 4272 et

1807 4306 1862 4359 in
1907 4305 2164 4360 omnibus
2202 4305 2524 4360 indeﬁnite?
2558 4305 2744 4359 Mundi
2789 4321 2920 4360 vero
2954 4306 3264 4378 hypostasis
3295 4325 3392 4362 na-

1809 4404 2054 4466 turaeque
2084 4403 2214 4450 sunt
2246 4411 2424 4466 equus
2458 4407 2512 4452 et
2539 4396 2864 4461 vultur,nec
2897 4398 3074 4452 solum
3096 4398 3221 4452 cum
3255 4414 3392 4454 una-

104 4497 165 4548 οὑ
197 4511 263 4547 συ
275 4491 518 4562 μπάσχει
548 4487 763 4556 Θατέρῳ
783 4485 1012 4555 θάτερον
1039 4479 1199 4546 εἶδος,
1228 4482 1363 4535 ἀλλὰ
1396 4481 1491 4533 καὶ
1515 4479 1695 4533 εὑσθε⁴

1809 4503 2027 4557 quaque
2078 4503 2421 4558 unaquaeque
2457 4488 2671 4558 species
2725 4503 2835 4543 non
2883 4489 3220 4558 compatitur
3248 4531 3262 4554 ,
3295 4490 3391 4547 sed

105 4592 187 4640 νεῖ
210 4589 273 4639 τὸ
295 4584 549 4655 γὺπειον,
605 4582 788 4635 ἵππων
847 4578 1297 4649 ἀναιρουμένων·
1339 4576 1402 4629 τὸ
1441 4575 1498 4629 δὲ
1555 4575 1703 4628 λεόν-

107 4697 255 4732 τειον
289 4676 518 4732 αὐτόθεν
543 4675 664 4729 οὑδὲ
690 4673 802 4744 ἔχει
830 4673 888 4726 τὸ
915 4666 1076 4733 εἶναι,
1103 4673 1151 4723 εἰ
1199 4671 1274 4739 μὴ
1326 4669 1413 4722 διὰ
1455 4671 1554 4740 τῆς
1608 4668 1700 4721 τοῦ

112 4770 292 4840 βοείου
329 4770 494 4840 τυχὸν
544 4769 640 4821 καὶ
681 4763 1101 4838 τῶνστοιοὺτων
1155 4761 1450 4830 ἐπιϐουλῆς
1493 4801 1509 4826 ,
1569 4758 1703 4823 ζωο-

114 4861 315 4930 φθόρον
332 4877 384 4912 τι
408 4861 467 4912 ὃν
498 4862 592 4913 καὶ
621 4854 1077 4928 σαρκοφάγον.Τί
1105 4855 1160 4908 δὲ
1193 4855 1417 4908 ἂνεῐποι
1445 4871 1531 4918 τις
1559 4854 1704 4925 ὄρνις

113 4952 211 5014 θοις
239 4952 590 5015 πεπονθέναι,
611 4953 658 5002 εἰ
697 4953 904 5004 νοσοῖεν
937 4951 992 5002 αἱ
1016 4947 1218 5001 τούτων
1249 4945 1526 5000 ἐπίϐουλοι
1559 4944 1706 4998 ἀλώ-

113 5059 328 5108 πεκες;
386 5041 710 5097 Τοὺναντίον
791 5040 898 5110 γὰρ
979 5041 1128 5093 ἔστιν
1185 5039 1334 5103 ἰδεῖν,
1385 5039 1461 5102 ὡς
1513 5039 1703 5110 ἑτέρου

115 5138 420 5206 πάσχοντος
452 5136 654 5205 μέρους
675 5133 787 5186 τῶν
816 5134 873 5186 ἐν
894 5132 973 5202 τῷ
1005 5134 1215 5204 κόσμῳ,
1238 5131 1426 5202 ἕτερον
1457 5131 1702 5184 εὑεκτεῖ“

117 5229 430 5299 κα“ιὲτέρου
491 5226 870 5291 εὑθαλοῦντος,
930 5225 1118 5296 ἓτερον
1169 5225 1498 5295 δυσπραγεῖ.
1543 5221 1708 5277 Ἀλλά

120 5323 216 5375 καὶ
247 5320 341 5373 τοῦ
371 5320 484 5382 ἑνός
521 5335 668 5386 τινος
722 5314 1015 5387 ἀνθρώπου
1061 5315 1206 5369 κατά
1249 5331 1371 5367 τινα
1418 5313 1707 5377 διδάξαντα

121 5413 291 5482 ἡμᾶς,
327 5410 552 5464 κατὰτὸ
577 5409 684 5474 ἔξω
714 5407 1188 5479 διαφθειρομένου,
1235 5407 1263 5456 ὁ
1309 5407 1416 5458 ἔσω
1459 5405 1708 5460 drama-

120 5504 333 5560 νοῦται
361 5503 551 5574 ἡμέρᾳ
577 5502 674 5556 καὶ
709 5501 920 5570 ἡμέρᾳ.
952 5500 1062 5554 Καὶ
1111 5499 1221 5566 γὰρ
1246 5497 1340 5551 τοῦ
1371 5498 1538 5552 αὑτοῦ
1585 5499 1707 5552 κατ’

120 5597 354 5668 ἀριθμὸν
408 5597 548 5662 ἑνὸς,
601 5596 663 5649 τὸ
725 5595 824 5668 μὲν
866 5595 1108 5665 πνεῦμα,
1160 5593 1308 5647 κατὰ
1352 5593 1449 5658 τῆς
1506 5592 1708 5664 σαρκὸς

125 5688 382 5760 ἐπιθυμεῖ
415 5706 430 5720 ’
468 5691 501 5762 ἡ
546 5689 602 5742 δὲ
637 5689 795 5760 σὰρξ.
851 5687 992 5740 κατά
1039 5687 1134 5740 τοῦ
1194 5686 1502 5755 πνεύματος
1540 5703 1553 5716 ⁸
1615 5689 1709 5739 καὶ

125 5783 191 5834 τά
219 5781 312 5835 τοῦ
337 5784 452 5846 ινὸς
475 5783 693 5855 ὁμοφυῆ
729 5781 904 5853 πάντη
938 5781 1164 5834 πλεῖστά
1206 5779 1336 5832 ὅντα
1394 5779 1558 5850 μέρη,
1613 5780 1707 5831 ἀν-

1809 4579 1977 4633 etiam
2031 4581 2177 4633 valet
2226 4579 2529 4644 vulturina,
2571 4578 2732 4648 equis
2783 4579 3094 4635 interfectis
3127 4597 3140 4635 :
3171 4581 3392 4637 leonina

1809 4683 1942 4723 vero
1979 4671 2127 4724 unde
2156 4669 2378 4724 exsistit
2404 4669 2510 4724 nisi
2533 4684 2600 4723 ex
2627 4668 2844 4724 bovinae
2869 4678 3036 4740 atque
3072 4670 3391 4742 liujusmodi

1809 4761 2124 4826 venatione,
2146 4777 2271 4816 cum
2301 4761 2372 4815 sit
2394 4761 2652 4816 immanis
2676 4776 2738 4816 ac
2766 4762 3072 4821 carnivora.
3097 4763 3237 4830 Quid
3264 4781 3394 4820 vero

1811 4858 2070 4913 dicentur
2100 4858 2214 4928 pati
2241 4857 2514 4921 volucres,
2543 4857 2611 4921 si,
2642 4857 2836 4928 vulpes
2858 4858 3100 4928 ipsarum
3131 4875 3391 4930 aucupes.

1811 4952 2230 5023 aegrotaverint?
2247 4951 2600 5005 Contrarium
2626 4951 2774 5006 enim
2801 4951 3102 5007 videndum
3133 4963 3217 5009 est
3248 4973 3261 5008 :
3287 4971 3392 5010 una

1815 5042 1981 5113 hujus
2009 5043 2198 5098 mundi
2222 5050 2376 5112 parte
2409 5042 2718 5104 laborante,
2752 5043 2926 5097 altera
2955 5043 3144 5110 valet;
3176 5061 3395 5115 unaque

1814 5134 2069 5197 ﬂorente,
2119 5135 2289 5188 altera
2335 5141 2564 5212 marcet.
2633 5133 2703 5188 At
2754 5149 3090 5204 unoquoque
3147 5136 3392 5197 homine.

1816 5223 2125 5278 secundum
2172 5223 2317 5292 quod
2363 5238 2466 5276 nos
2511 5224 2852 5292 experimur,
2882 5239 2950 5304 es
2993 5225 3080 5280 his
3111 5243 3234 5297 qua:
3264 5227 3396 5282 foris

1816 5324 1947 5370 sunt
1988 5323 2274 5384 corrupta,
2308 5314 2406 5384 qui.
2456 5314 2610 5370 intus
2659 5325 2745 5370 est
2796 5327 3081 5371 renovatur
3117 5318 3181 5372 de
3212 5319 3296 5372 die
3345 5321 3399 5372 in

1817 5409 1976 5462 diem.
2010 5407 2101 5463 Sic
2126 5408 2276 5462 enim
2309 5408 2556 5479 ejusdem
2594 5409 2760 5464 unius
2793 5425 3026 5464 numero
3052 5411 3282 5483 spiritus
3316 5427 3401 5468 se-

1817 5500 2058 5555 cundum
2087 5515 2307 5556 carnem
2336 5501 2700 5572 concupiscit,
2726 5517 2855 5558 caro
2875 5511 3059 5559 autem
3096 5503 3398 5559 secundum

1819 5595 2106 5666 spiritum;
2149 5609 2214 5649 ac
2259 5595 2534 5666 pleneque
2569 5604 2754 5666 partes
2797 5595 2964 5652 unius
2997 5604 3118 5667 qua:
3151 5597 3399 5668 ejusdem

1819 5697 2032 5744 natum
2051 5689 2277 5745 omnino
2293 5697 2442 5752 sunt,
2457 5688 2563 5743 sibi
2589 5689 2826 5744 invicem
2851 5689 3244 5757 adversantur;
3276 5705 3402 5764 per-

1821 5797 1927 5852 que
1963 5782 2287 5836 alant-utrius
2315 5782 2550 5852 partium
2593 5783 3002 5848 tribulationes,
3037 5785 3207 5840 altera
3261 5783 3401 5839 bene
