3912 6298
165 330 303 397 14Ξῦ

1134 327 1532 421 ADVERSUS
1566 321 2117 385 NESTORIANOS.
2140 348 2208 359 —
2245 322 2391 387 LIB.
2434 323 2485 383 Ι.

3279 324 3415 390 1526

162 449 313 515 Eata;
339 442 553 508 Ἔξεστι
576 441 684 512 γὰρ
712 441 840 513 ὑμῖν
870 443 981 505 τοῖς
1004 441 1294 511 ὑμετέροις
1322 422 1736 497 ἐπισκέπταυσι,

1852 436 1990 492 enim
2022 436 2181 491 vobis
2220 435 2426 491 vestris
2452 434 2873 506 providentibus
2915 445 3216 508 nostraque
3266 436 3416 496 dicta

162 537 256 591 καὶ
284 538 363 600 εἰς
381 534 450 589 τά
482 532 578 587 νῦν
602 530 732 602 παρ’
765 531 923 603 ἡμῶν
967 530 1235 602 εἰρημένα
1266 529 1547 599 βλέπουσι,
1611 541 1738 580 συν-

160 625 514 682 αέσθάνεσθαι
541 626 641 695 τῆς
684 622 967 694 ἀληθείας,
1025 622 1123 676 καὶ
1170 621 1396 674 εἰδέναι.
1424 622 1506 673 ὅτι
1557 618 1741 686 πάσης

165 719 264 789 μὲν
320 714 673 776 ὑποστάσεως
723 712 784 764 οὐ
846 711 1280 781 περιττευούσης
1333 708 1549 779 φύσεσι,
1603 707 1740 761 ἀλλά

160 809 302 865 κατά
354 808 484 878 μίαν
538 805 663 860 τινὰ
718 804 972 858 σύνθετον
1038 803 1203 873 φύσιν
1259 800 1611 872 ὑπαρχούσης
1675 800 1741 852 ὲκ

161 900 430 972 διαφόρων
456 898 763 967 δυνάμεων,
799 897 833 967 ἡ
859 895 1062 965 φυσικὴ
1112 892 1361 957 σύνθεσις
1406 888 1544 946 οὖσα
1601 889 1757 945 κατὰΔ

162 995 357 1057 πάντα,
395 981 791 1061 συμπάσχοντα
836 987 905 1040 τά
949 984 1154 1054 φυσικά
1207 984 1378 1054 αὐτῆς
1431 983 1572 1055 μέρη
1636 981 1744 1035 δεί-

163 1101 347 1140 κνυσιν
370 1101 383 1115 ο
416 1084 467 1136 εί
487 1082 545 1135 δὲ
575 1084 640 1135 ὲκ
663 1079 924 1133 πλειόνων
953 1076 1039 1149 εἴη
1069 1076 1340 1148 φύσεωνῆ
1367 1074 1741 1139 ὑποστάσεων,
1778 1150 1783 1156 .

164 1175 304 1231 κατά
335 1172 631 1242 ἀναλογίαν
665 1172 765 1241 τῆς
796 1170 1114 1242 ὁμοιότητος
1143 1167 1323 1224 αὐτῶν
1350 1166 1485 1238 πρὸς
1507 1165 1743 1235 ἀλλήλας

164 1265 301 1322 εἶναι
327 1267 544 1336 ἀνάγκη
599 1263 692 1317 καὶ
737 1264 837 1326 τὰς
891 1260 1240 1332 συμπαθείας
1286 1259 1452 1314 τῶνδε
1502 1260 1560 1312 ὲν
1606 1257 1743 1326 αὐτῇ

167 1360 327 1431 μόνον
359 1373 374 1387 ο
407 1355 634 1425 καὶγὰρ
664 1352 807 1407 οὕτω
855 1353 948 1407 καὶ
994 1352 1093 1415 τὰς
1141 1349 1365 1414 ἐνώσεις
1418 1347 1597 1402 αὐτῶν
1647 1346 1747 1410 τὰς

169 1451 404 1522 φυσικὰς
452 1449 565 1519 ἔχει
592 1465 607 1480 ο
667 1446 822 1501 οὐδὲν
846 1446 958 1515 γὰρ
990 1444 1170 1515 πάντη
1203 1443 1331 1498 ἀνευ
1361 1440 1506 1504 τινὸς
1532 1440 1746 1493 ταυτό-

168 1557 345 1609 τητος
366 1538 462 1593 καὶ
478 1535 855 1607 συγγενείας,
877 1534 1211 1588 συνάπτεται
1239 1531 1433 1603 ἑτέρῳ,
1459 1529 1578 1583 οὐδὲ
1607 1545 1669 1581 συ
1678 1545 1748 1599 μ-

169 1633 368 1702 πάσχει
397 1629 526 1701 ἄρα,
559 1628 683 1683 οὑδὲ
720 1629 814 1682 ἐπὶ
861 1626 970 1680 τῶν
1023 1624 1267 1696 ἀψύχων.
1295 1622 1516 1694 Ἀμέλει
1568 1620 1749 1675 τοίνυν

168 1724 240 1775 τά
266 1722 417 1776 ἁπλᾶ
437 1722 678 1790 στοιχεῖα
706 1718 1003 1789 λεγόμενα,
1044 1716 1223 1770 εἵτουν
1255 1716 1310 1769 αί
1346 1714 1564 1785 πρῶται
1598 1710 1753 1766 ποιός

168 1831 331 1888 τητες
380 1812 492 1867 διὰ·
519 1812 682 1865 τοῦτο
741 1812 843 1865 οὐκ
898 1810 1038 1864 εἰσὶν
1068 1810 1126 1862 ὲν
1166 1803 1573 1885 ὑπάρξει,σκαθ’
1609 1802 1751 1857 αὑτά

169 1887 455 1976 ὑφεστῶτα
488 1918 504 1936 ο
558 1902 641 1954 ὅτι
690 1901 787 1955 καὶ
841 1901 889 1953 εί
936 1895 1099 1970 ἦσαν,
1164 1896 1414 1967 ἄχρηστοι
1462 1892 1529 1947 ἂν
1566 1887 1634 1963 ἦν
1664 1894 1747 1956 εἰς

166 1996 266 2064 τὴν
293 1991 566 2063 κοσμικὴν
597 1989 707 2043 τῶν
740 1989 1013 2059 σωμάτων
1074 1985 1325 2039 σύνθεσιν
1358 2001 1373 2016 ο
1410 1984 1473 2036 οὑ
1520 1983 1632 2054 γὰρ
1678 1978 1746 2054 ἢν

166 2088 349 2149 αὐτοῖς
374 2085 552 2154 πάντη
579 2081 927 2152 διαφέρουσιν
950 2078 1198 2149 ἀλλήλων
1217 2076 1334 2138 πῶς
1355 2072 1744 2131 συνάπτεσθαιο

170 2177 422 2248 καθάπερ
444 2173 523 2246 τῷ
543 2192 615 2227 πυ
625 2174 678 2244 pl.
706 2174 799 2225 καὶ
820 2169 992 2236 ὕδατι,
1020 2170 1114 2223 καὶ
1133 2171 1204 2240 γῇ
1240 2167 1333 2222 καὶ
1353 2164 1598 2237 άέρι,διὰ
1617 2165 1748 2236 μιᾶς

167 2265 277 2319 τῶν
311 2267 372 2319 ὲν
400 2266 583 2328 αὐτοῖς
618 2262 921 2331 ποιοτήτων
955 2259 1206 2330 ἀλλήλοις
1249 2257 1616 2328 κιρναμένων,
1659 2257 1747 2310 ὅτε

169 2360 296 2426 δέοι,
314 2358 411 2411 καὶ
431 2357 519 2411 διὰ
537 2355 637 2425 τῆς
653 2354 870 2423 ἐτέρας,
890 2353 940 2404 εί
961 2351 1093 2416 δέοι,
1113 2347 1566 2420 διακρινομένων.
1582 2347 1758 2401 Ὅθεν

168 2449 290 2505 οὐδὲ
341 2446 456 2518 πῦρ
506 2446 684 2511 ῦδατι,
717 2444 836 2497 οὑδὲ
863 2444 933 2513 γῆ
960 2441 1106 2509 ἀέρι,
1132 2440 1353 2510 ἁμέσως
1416 2438 1757 2494 συντίθεταιί

246 2539 485 2612 ’θμοίως
527 2539 584 2592 δὲ
616 2539 711 2592 καὶ
759 2536 939 2606 ψυχῆς
994 2535 1090 2587 καὶ
1137 2533 1387 2601 σώματος
1434 2529 1581 2583 ἔστιν
1622 2530 1748 2583 ἰδεῖν

170 2634 268 2688 καὶ
293 2631 512 2686 πάντων
539 2629 637 2692 τὰς
668 2628 910 2693 ἑνώεεις,
939 2626 1044 2679 ὑπὸ
1072 2624 1167 2677 τοῦ
1198 2621 1533 2695 δημιουργοῦ
1572 2620 1747 2690 Λόγου

169 2721 511 2793 τεταγμένας
541 2738 556 2752 ·
592 2719 709 2773 ἐστι
736 2718 845 2788 γάρ
893 2734 979 2780 τις
1027 2714 1177 2787 αὑτῷ
1228 2715 1450 2776 πάντως
1506 2714 1744 2786 γνωστὴ,

173 2818 208 2887 ή
218 2816 322 2883 μᾶς
341 2816 398 2868 δὲ
426 2812 689 2873 πολλάκις
713 2809 1075 2873 λανθάνουσα,
1105 2810 1164 2861 ὲν
1186 2808 1320 2860 πᾶσι
1345 2809 1458 2869 τοῖς
1486 2808 1746 2874 κτιστοῖς,

173 2903 434 2973 ὁμοίωσίς
467 2919 529 2955 τε
567 2902 662 2956 κα)⁵
691 2900 946 2970 διαφορά.
975 2899 1130 2952 Ἐπεὶ
1180 2898 1275 2951 οῦν
1330 2897 1431 2950 οὐκ
1459 2897 1516 2963 ἐξ
1547 2896 1749 2967 ὁμοιώ-

173 3017 309 3061 σεως
339 2997 439 3051 καὶ
478 2993 803 3063 συγγενείας
830 2993 1083 3061 φυσικῆς,
1127 2990 1260 3054 Θεὸς
1290 2990 1458 3062 σαρκὶ¹
1503 2990 1749 3060 φυσικῶς

1841 529 2287 601 inspicientibus,
2334 529 2629 584 assentire
2668 528 2926 595 veritati,
2964 530 3219 600 scireque
3266 532 3421 587 ortini

1840 621 2063 693 quidem
2087 620 2366 693 bypostasi
2386 635 2498 674 non
2526 620 2741 675 naturis
2763 619 3130 687 redundante,
3149 621 3246 677 sed
3266 622 3423 693 juxta

1841 713 2139 784 quamdam
2187 728 2369 767 unam
2399 720 2655 767 naturam
2698 711 2913 767 unitam
2961 711 3300 768 subsistente
3352 728 3417 768 ex

1840 805 2145 860 virtutibus
2174 804 2434 868 diversis.
2459 805 2767 860 naturalem
2798 805 3082 870 unionem,
3114 821 3238 875 quae
3264 807 3419 877 juxta

1842 898 2029 954 omnia
2064 906 2169 963 est,
2202 911 2399 952 omnes
2438 898 2719 953 naturales
2754 897 2932 967 ipsius
2964 907 3153 968 partes
3192 912 3423 967 compa-

1846 990 2047 1043 tientes
2095 988 2390 1055 exhibere;
2425 987 2472 1043 si
2503 1003 2636 1043 vero
2665 1004 2732 1043 ex
2762 988 3016 1059 pluribus
3045 990 3259 1043 naturis
3287 1004 3420 1043 con-

1845 1087 2017 1135 staret
2048 1080 2134 1133 vel
2178 1078 2592 1149 hyposlasihus,
2622 1095 2722 1149 pro
2751 1080 3005 1151 analogia
3036 1080 3431 1136 similitudinis

1843 1186 2036 1226 earum
2073 1169 2217 1225 inter
2249 1185 2328 1235 se,
2360 1170 2698 1241 sympathias
2729 1186 2920 1226 earum
2965 1171 3023 1225 in
3056 1171 3173 1241 ipsa
3211 1181 3430 1225 tantum

1846 1261 2192 1317 necessarias
2242 1276 2406 1328 esse;
2458 1262 2664 1316 etenim
2711 1262 2794 1317 sic
2838 1270 2894 1317 et
2947 1263 3180 1317 uniones
3231 1278 3427 1318 earum

1846 1356 2131 1411 naturales
2169 1355 2357 1410 habet.
2389 1353 2537 1408 Nihil
2576 1354 2726 1409 enim
2757 1354 2869 1408 ullo
2906 1355 3070 1408 modo
3103 1357 3222 1408 sine
3272 1356 3426 1408 idm-

1847 1447 2014 1501 ditate
2043 1462 2109 1501 ac
2133 1443 2585 1500 connaturalitate
2608 1444 2772 1499 alteri
2805 1452 3024 1514 aptatur
3048 1460 3150 1500 nec
3178 1459 3303 1499 cum
3332 1445 3427 1499 illo

1849 1539 2205 1608 compatitur,
2228 1552 2333 1592 nec
2359 1552 2485 1592 cum
2510 1536 2577 1591 de
2603 1536 2923 1592 inanimatis
2945 1537 3147 1608 agitur.
3172 1536 3427 1592 Profecto

1851 1631 2019 1701 igitur
2043 1628 2317 1699 simplicia
2346 1628 2885 1683 nomine'elementa
2915 1628 3031 1683 sive
3066 1629 3258 1698 primae
3286 1644 3426 1697 qua-
3524 1676 3532 1683 .

1850 1723 2034 1777 litates
2064 1721 2188 1776 ideo
2225 1735 2338 1774 non
2366 1728 2497 1774 sunt
2525 1719 2581 1773 in
2612 1720 2853 1775 essentia
2893 1721 3050 1790 juxta
3080 1721 3197 1790 ipsa
3220 1735 3427 1791 suppo-

1849 1811 1977 1876 sita,
2005 1808 2154 1883 quod
2195 1808 2241 1863 si
2279 1816 2485 1873 essent,
2517 1808 2657 1862 nihil
2691 1807 3027 1863 inservirent
3071 1808 3264 1863 mundi
3298 1824 3431 1864 cor-

1847 1906 2046 1974 porum
2076 1900 2307 1966 unioni;
2340 1897 2772 1954 nihil‘enim'eis
2802 1906 2949 1955 esset
2985 1898 3131 1954 inter
3173 1915 3231 1954 se
3267 1900 3429 1957 ditl‘c-

1848 1994 2121 2059 rentibus,
2160 1991 2307 2047 unde
2333 1991 2708 2046 coalescerent
2738 2009 2754 2044 ι
2791 1990 3253 2060 quemadmodum
3289 1994 3427 2062 igni,

1847 2100 2024 2155 aquae,
2060 2093 2219 2139 terrae
2246 2081 2494 2152 aerique,
2527 2080 2605 2159 ob
2631 2096 2797 2136 unam
2823 2081 3069 2151 ipsorum
3101 2083 3424 2153 qualitatem

1849 2178 1895 2232 si
1916 2175 2220 2248 jungenda,
2251 2174 2433 2245 obque
2470 2174 2709 2229 alterum
2746 2173 2792 2229 si
2823 2174 3187 2246 disjungenda
3218 2175 3438 2233 forent.‘

1847 2269 2004 2326 Unde
2066 2283 2170 2324 nec
2223 2266 2367 2340 ignis
2396 2282 2574 2338 aquae,
2616 2279 2719 2322 nec
2759 2269 2872 2322 aeri
2910 2277 3054 2324 terra
3111 2269 3432 2326 immediate

1850 2360 2137 2415 uniantur.

1919 2531 2072 2586 Idem
2116 2538 2302 2587 autem
2356 2529 2651 2587 dicendum
2689 2531 2759 2587 de
2810 2530 3029 2597 animae,
3072 2530 3141 2587 de
3180 2531 3430 2603 corporis

1849 2621 2028 2691 deque
2043 2622 2290 2678 omnium
2310 2623 2607 2678 unionibus
2621 2638 2652 2677 a
2674 2622 2854 2680 Verbo
2869 2632 3121 2680 creatore
3137 2623 3429 2690 ordinatis;

1851 2712 1958 2784 ipsi
1983 2714 2134 2768 enim
2162 2724 2248 2770 est
2276 2714 2522 2785 perfecte
2549 2714 2854 2786 cognitum,
2879 2714 3029 2786 quod
3058 2731 3161 2771 nos
3182 2715 3429 2785 plerume

1848 2821 1956 2875 que
1985 2805 2135 2872 latet,
2167 2806 2399 2873 scilicet,
2431 2807 2487 2862 in
2515 2807 2774 2863 omnibus
2803 2807 3094 2873 creaturis,
3126 2806 3430 2862 similitudo

1849 2896 2013 2951 simul
2036 2912 2101 2952 ac
2119 2896 2455 2953 differentia.
2481 2897 2619 2953 Cum
2636 2899 2808 2970 igitur
2830 2914 2942 2954 non
2967 2914 3036 2953 ex
3062 2898 3429 2955 similitudine

1850 2990 2317 3061 generationeque
2368 2991 2644 3056 naturali,
2692 2991 2839 3046 Deus
2887 2991 3041 3061 carni
3095 2990 3429 3046 naturaliter

173 3092 378 3161 ἥνωται
404 3126 451 3151 ,.
484 3085 605 3140 οὑδὲ
666 3083 981 3155 συλμπάσχει
1032 3083 1269 3154 ἀνάγκῃ,
1321 3084 1385 3135 ὲκ
1442 3081 1750 3154 βουλήσεως

1855 3083 2044 3139 unitus
2073 3084 2165 3150 sit,
2195 3099 2300 3140 nec
2326 3085 2640 3140 necessario
2670 3086 3026 3154 compatitur,
3053 3085 3327 3155 siquidem
3360 3101 3428 3140 ex

173 3180 465 3249 ὸὲὰγαθῆς
494 3177 587 3231 καὶ
615 3174 992 3248 εὑεργετικῆς,
1039 3174 1158 3227 κατ’
1212 3172 1459 3226 εὐδοκίαν
1516 3173 1755 3246 προσλα-

176 3274 405 3343 ϐόμενος
462 3270 654 3341 αὑτήν.
703 3269 820 3321 Ἵνα
858 3284 917 3320 τε
951 3265 1036 3337 εἴη
1062 3264 1151 3319 sta
1171 3266 1273 3336 τῆς
1293 3264 1626 3337 ὁμοιώσεως,
1662 3265 1753 3337 βε-

176 3362 307 3418 ϐαία
334 3363 369 3432 ἡ
399 3360 594 3423 ἓνωσις
643 3353 812 3412 αὑτοῦ
860 3357 997 3428 πρὸς
1039 3355 1232 3426 αὐτὴν,
1288 3358 1400 3419 καὶ,
1436 3357 1471 3426 ἡ
1519 3356 1607 3410 διὰ
1652 3357 1755 3427 τῆς

177 3454 424 3515 ἑνώσεως
447 3453 577 3522 ἡμῖν
605 3450 912 3520 εὐεργεσία,
946 3446 1374 3519 ἑαυτὸντρέψαι
1418 3448 1537 3500 κατ’
1562 3444 1772 3517 οαὺτὴνι

174 3549 238 3599 οὑ
265 3544 562 3615 δυνάμενος
596 3558 611 3574 °
640 3541 764 3595 οὑδὲ
816 3542 923 3613 μὴν
974 3540 1112 3611 πρὸς
1166 3539 1260 3611 ’δὸν
1306 3538 1500 3592 ἑαυτοῦ
1553 3538 1756 3592 σκοπὸν

174 3639 383 3692 οὑτωσὶ
406 3632 1210 3710 χρησιμουργῶν,-τοὺναντίον
1252 3630 1611 3695 συναπαθίζει
1653 3630 1755 3684 αὑ-

173 3731 278 3803 τὴν
299 3729 499 3799 ἐαυτῷ,
525 3727 621 3782 καὶ
643 3725 877 3799 τρεπτδν
904 3724 1065 3794 φύσει
1116 3722 1261 3777 κατά
1315 3720 1417 3793 τὴν
1469 3721 1757 3794 κρείττονα

177 3821 388 3893 τροπὴν
415 3822 513 3874 καὶ
542 3818 705 3888 φύσιν
729 3816 970 3886 ἐφάπαξ,
1009 3815 1179 3886 ἤγουν
1200 3814 1281 3877 εἰς
1300 3813 1401 3884 τὴν
1432 3810 1568 3864 ίδίαν
1588 3807 1756 3863 αὑτοῦ

173 3911 489 3982 ἀτρεψίανιν
522 3909 600 3964 Οὐ
653 3907 991 3980 τρεπόμενος
1043 3907 1078 3960 ὁ
1131 3905 1401 3976 ἄτρεπτος
1453 3904 1523 3973 τῇ
1571 3901 1756 3971 φύσει,

174 4007 259 4069 είς
288 4005 387 4074 τὴν
410 4002 631 4074 χείρονα
653 3999 814 4070 φύσιν
839 3996 1158 4069 ὲξωμοιώθη
1181 3997 1320 4068 αὑτῇ
1343 4011 1359 4026 σ
1382 3994 1478 4048 καὶ
1505 3992 1754 4047 σύνθεσιν

175 4096 417 4168 φυσικὴν
470 4093 656 4157 ἀϊδίως
710 4090 888 4161 ἑαυτῷ
947 4088 1356 4161 μεμηχάνηται,
1418 4084 1596 4157 ἀρχῆς
1657 4084 1760 4155 μὲν

173 4188 342 4260 τῆσδε
378 4185 681 4256 γενομένης
713 4183 811 4255 τῆς
846 4180 1091 4244 ἑνῶσεως
1128 4180 1228 4251 τῆς
1264 4178 1360 4233 τοῦ
1391 4175 1757 4247 ἀγαθοῦβου-

171 4283 276 4350 λῆς
306 4280 403 4333 καὶ
431 4276 681 4340 εὐδοκίας
710 4293 724 4306 ·
761 4274 996 4346 πέρατος
1038 4272 1097 4327 δὲ
1143 4271 1239 4326 καὶ
1291 4268 1753 4339 ἀποτελέσματος,

172 4373 275 4429 καὶ
300 4366 643 4444 βεϐαιώσεως
662 4367 765 4437 τῆς
799 4363 1191 4436 ἅφομοιὼσεως
1239 4362 1340 4434 τῆς
1383 4360 1519 4433 πρὸς
1569 4358 1754 4424 αὑτὸν,

1854 3173 1997 3229 bona
2014 3173 2371 3246 beneﬁcaque
2388 3176 2668 3229 voluntate
2694 3174 2997 3229 secundum
3020 3173 3428 3244 heneplacitum

1856 3279 1978 3319 eam
2026 3265 2407 3335 assumpserit.
2439 3264 2618 3334 thue
2664 3278 2781 3334 per,
2814 3264 3260 3331 similitudinem,
3301 3278 3428 3320 eum

1855 3354 1951 3409 illa
1981 3356 2119 3411 unio
2160 3357 2334 3427 ipsius
2361 3356 2520 3412 firma
2549 3355 2710 3420 foret,
2747 3372 2953 3426 perque
2983 3357 3132 3412 illam
3166 3357 3431 3413 unionem

1855 3447 2019 3502 nobis
2060 3447 2457 3516 beneﬁcentia;
2490 3464 2614 3504 cum
2642 3450 2798 3521 juxta
2828 3450 3001 3520 ipsam
3028 3453 3272 3522 seipsum
3300 3468 3432 3509 con-

1856 3542 2075 3591 vertere
2118 3538 2393 3607 nequiret,
2430 3553 2536 3593 nec
2588 3538 2670 3593 sic
2711 3539 2938 3609 quidem
2987 3557 3218 3611 scOpum
3269 3559 3431 3598 suum

1856 3626 2152 3683 ellicaoiter
2184 3630 2499 3700 attingeret,
2530 3645 2563 3684 e
2595 3631 2878 3685 contrario
2907 3631 3058 3686 illam
3087 3633 3155 3687 ad
3186 3636 3431 3705 seipsum

1856 3721 2088 3788 assumit
2125 3718 2329 3790 (littera
2375 3737 2389 3772 :
2430 3734 2616 3774 secum
2670 3736 2792 3775 eam
2853 3720 2986 3776 fecit
3014 3723 3431 3792 impassibilem,

1857 3809 2063 3865 oblatus
2088 3819 2162 3865 est
2195 3812 2322 3881 quia
2346 3811 2457 3882 ipse
2487 3809 2651 3883 voluit
2671 3813 2737 3881 ⁸),
2768 3812 3206 3883 mutabilemque
3233 3826 3430 3871 natura

1852 3903 2009 3974 juxta
2036 3903 2322 3959 meliorem
2359 3882 2584 3957 modum
2622 3911 2679 3958 et
2709 3910 2961 3958 naturam
3009 3882 3177 3959 semel
3232 3914 3289 3960 et
3332 3924 3435 3976 pro

1859 4007 2098 4063 semper,
2128 4008 2227 4049 seu
2268 3993 2326 4048 in
2369 3992 2652 4063 propriam
2694 3992 2866 4062 ipsius
2899 3992 3431 4052 immutabilitatem.

1857 4085 1979 4143 Non
2025 4100 2364 4153 conversus,
2399 4092 2596 4141 natura
2644 4085 3030 4153 immutabilis,
3083 4087 3139 4141 in
3187 4089 3430 4160 pejorem

1856 4185 2112 4234 naturam
2135 4178 2239 4248 ipsi
2265 4176 2599 4233 assimilatus
2610 4176 3104 4248 est,unionemque
3125 4180 3432 4235 nattrralem

1857 4269 2189 4339 sibimetipsi
2220 4269 2278 4323 in
2309 4277 2638 4340 perpetuum
2667 4268 2969 4335 adinvenit,
3004 4269 3281 4340 principio
3310 4272 3434 4341 qui-

1858 4361 1984 4417 dem
2010 4360 2324 4432 hujusmodi
2343 4359 2564 4415 unionis
2584 4369 2975 4417 consummatae
3005 4361 3237 4417 consilio
3265 4361 3436 4418 bene-

173 4467 279 4536 τῆς
322 4457 673 4531 συντεθείσης
716 4456 935 4527 φύσεως
986 4457 1086 4508 σὺν
1118 4453 1286 4525 αὐτῷ.
1315 4452 1396 4524 Τῇ
1423 4451 1534 4523 γὰρ
1557 4452 1621 4504 ὲκ
1652 4466 1752 4519 φυ-

1852 4454 2183 4525 ριαοὶιοιιυεε
2210 4452 2341 4507 boni
2390 4451 2571 4524 (Dei);
2605 4450 2711 4508 line
2762 4456 3064 4508 autem‘ac
3086 4468 3434 4509 consumma-

177 4554 343 4625 σικῆς
375 4550 714 4621 ἀγαθότητος
741 4546 959 4617 εὑδοκίᾳ
992 4545 1089 4600 καὶ
1139 4546 1253 4608 τοῖς
1298 4543 1399 4615 τὴν
1436 4541 1600 4609 φύσιν
1659 4541 1758 4595 ἀν-

175 4645 387 4716 ομοίοις
414 4642 536 4697 ὅλον
558 4640 753 4696 ἑαυτὸν
778 4641 923 4711 ἄκρᾳ
951 4639 1018 4709 τῇ
1051 4635 1352 4706 ἀγαθότητι
1368 4631 1755 4705 οχαριζόμενος,

174 4736 397 4792 ἑνοῦται
426 4733 523 4789 νῦν
568 4733 599 4786 ὁ
638 4731 759 4787 κατ’
808 4729 983 4802 ἀρχὰς
1030 4730 1131 4800 τῆς
1185 4728 1417 4789 κτίσεως
1464 4725 1559 4779 καὶ
1608 4723 1765 4795 αὑτῷ

171 4829 255 4899 τῷ
311 4826 487 4898 πάντη
548 4822 948 4894 ἀντικειμένως
1001 4818 1180 4891 ἔχοντι
1247 4817 1382 4888 πρὸς
1433 4815 1616 4879 αὑτὸν,
1663 4814 1757 4868 τὸν

172 4923 308 4975 δντα
331 4918 410 4990 τῷ
436 4917 512 4990 μὴ
531 4917 649 4970 ὄντι
670 4915 863 4971 ἑαυτόν
890 4930 1028 4981 πως,
1047 4911 1127 4976 ὡς
1144 4910 1305 4974 αὑτὸς
1323 4904 1457 4973 οἶδε,
1487 4906 1751 4977 συνάψας.

172 5012 289 5066 Καὶ⁵
308 5010 378 5064 τά
406 5008 527 5072 πῶς
562 5007 716 5071 ὄντα,
757 5005 853 5060 καὶ
877 5006 1009 5059 πότε
1040 5000 1431 5071 πάνταέαυτῷ
1470 4999 1756 5070 παραστή-

172 5120 301 5170 σας,
325 5100 419 5154 νῦν
444 5099 502 5155 δὲ
528 5096 869 5170 προϐιϐάσας
901 5096 1004 5167 ἥδη
1035 5095 1117 5158 είς
1153 5095 1214 5147 τὸ
1239 5090 1399 5156 εἶναι,
1430 5089 1549 5144 καὶ·
1577 5091 1658 5154 είς
1695 5089 1757 5143 τὸ

168 5193 507 5265 ὑψηλότερον
558 5186 697 5243 εἶναι
744 5188 885 5243 αὐτὰ
932 5186 1106 5256 ἄγων,
1150 5183 1328 5255 ἑαυτῷ
1374 5182 1754 5250 ὲνυπέστησεη

169 5286 360 5341 πάντα
389 5279 860 5351 ὲγκολπισάμενος
887 5279 984 5332 καὶ
1013 5274 1359 5348 περιπράξας
1390 5275 1419 5327 ὁ
1443 5272 1517 5326 ὣν
1549 5271 1748 5343 ἑαυτῷ,

168 5381 264 5433 ἵνα
289 5376 454 5448 μηδὲν
505 5372 587 5427 ἔτι
619 5371 729 5424 τῶν
777 5369 922 5423 ἰδίων
952 5367 1063 5447 ¹διά
1106 5368 1208 5438 τῆς
1259 5367 1484 5438 φθορᾶς,
1550 5366 1629 5429 είς
1690 5363 1761 5417 τδ

171 5471 253 5542 μὴ
285 5467 347 5521 ὃν
381 5464 545 5518 πάλιν
578 5458 883 5532 ἀνακάμψῃ
909 5473 923 5488 °
969 5457 1123 5529 μένοι
1150 5458 1208 5510 δὲ
1263 5457 1333 5511 τὰ
1378 5455 1477 5509 ὅλα
1524 5453 1622 5507 σὺν
1671 5452 1751 5524 τῷ

168 5559 448 5630 ἀφθάρτῳ
487 5554 767 5626 ἄφθαρτα,
795 5549 1000 5620 πάσης
1040 5548 1153 5619 τῆς
1209 5548 1459 5614 κτίσεως
1513 5545 1752 5601 ἐλευθε-

244 5733 269 5767 ι
299 5732 401 5788 lsa.
439 5747 550 5797 Lm,
586 5732 637 5784 7.

955 5854 969 5858 μ
979 5848 1078 5858 ...αρε

1853 4551 2005 4602 tione
2026 4543 2555 4614 conﬁrmationeque
2577 4543 2990 4600 assimilationis
3007 4546 3129 4616 ejus
3142 4545 3210 4601 ad
3228 4546 3429 4617 ipsum,

1853 4634 2013 4691 unita
2042 4642 2241 4689 natura
2270 4648 2397 4688 cum
2442 4632 2582 4703 ipso.
2615 4628 3040 4704 Beneplacentia
3084 4635 3235 4692 enim
3268 4646 3431 4692 natu-

1853 4725 1985 4782 ralis
2029 4725 2292 4781 bonitatis
2341 4723 2771 4796 diversitateque
2820 4727 3126 4782 secundum
3175 4736 3431 4783 naturam

1853 4817 2095 4887 seipsum
2149 4823 2328 4872 totum
2374 4831 2587 4871 summa
2632 4816 2878 4874 bonitate
2924 4817 3162 4883 donans,
3205 4819 3300 4888 qui
3348 4829 3433 4875 cst

1860 4909 2195 4980 principium
2227 4916 2514 4975 creaturae,
2532 4908 2603 4963 'in
2633 4917 2881 4980 tempore
2909 4911 3102 4965 unitur
3128 4913 3293 4965 etiam
3328 4912 3430 4980 ipsi

1861 4999 1957 5070 qui
2003 5000 2165 5069 plane
2208 4997 2537 5069 sibimetipsi
2567 4997 2914 5065 adversatur,
2945 5000 3303 5070 semetipsum
3334 5003 3428 5071 qui

1861 5099 1947 5146 est
1974 5105 2102 5145 cum
2133 5103 2200 5144 eo
2234 5087 2330 5158 qui
2358 5103 2470 5143 non
2512 5096 2598 5143 est
2638 5087 2803 5143 modo
2833 5104 2945 5159 quo
2990 5090 3109 5160 ipse
3155 5090 3258 5146 scit
3294 5106 3428 5146 con-

1857 5183 2114 5252 jungens.
2157 5178 2290 5246 Quae
2313 5186 2496 5234 autem
2538 5178 2722 5247 aliquo
2767 5180 2932 5235 modo
2976 5191 3138 5244 sunt,
3178 5181 3429 5252 aliquan-

1859 5271 2040 5341 doque
2069 5269 2253 5325 omnia
2279 5267 2347 5324 ad
2371 5283 2432 5324 se
2462 5267 2757 5333 advocans,
2783 5285 2933 5325 nunc
2980 5270 3199 5325 tandem
3236 5271 3294 5326 in
3323 5287 3431 5325 esse

1857 5376 2187 5433 promovens
2214 5370 2381 5431 atque
2411 5360 2479 5416 ad
2508 5360 2675 5415 altius
2699 5376 2809 5416 esse
2834 5358 3125 5431 extollens,
3149 5362 3266 5434 ipsa
3298 5362 3432 5419 sibi.

1860 5453 2079 5524 metipsi
2115 5451 2463 5523 suppositum
2510 5452 2660 5507 fecit.
2691 5451 2797 5520 Qui
2846 5470 2874 5507 a
2914 5469 2974 5509 se
3000 5456 3219 5512 exsistit
3245 5459 3428 5516 omnia

1860 5545 1916 5600 in
1946 5544 2068 5600 sinu
2097 5559 2199 5600 suo
2227 5542 2426 5615 recipit
2455 5552 2621 5614 atque
2657 5545 3008 5616 amplectitur
3032 5562 3102 5605 ne
3127 5547 3429 5622 quidquam
