3876 6310
517 301 653 369 ιιῑι
1767 302 2077 363 LEONTII
2118 299 2521 362 BYZANTINI
2982 330 2985 331 ν
3682 290 3809 356 liii

514 411 797 483 proprium
845 410 1220 481 corruptionis
1266 425 1433 465 causa
1481 408 1662 464 adhuc
1715 409 1771 463 in
1824 424 1934 463 non
1986 421 2088 462 ens

2193 407 2480 474 ρωθείσης
2503 404 2624 459 άπὸ
2645 403 2759 473 τῆς
2787 402 3070 469 δουλείας
3100 398 3213 470 τῆς
3259 399 3512 470 φθορᾶς
3558 402 3640 456 ἐν
3684 406 3807 472 Χρ-

514 516 708 556 rursus
737 508 1064 565 revertatur,
1096 508 1156 556 ut
1189 514 1323 555 vero
1357 499 1544 553 omnia
1582 513 1710 554 cum
1756 498 2085 568 incorrupto

2193 498 2335 564 στῷ.
2366 499 2466 552 Διὰ
2488 497 2600 569 γὰρ
2623 496 2723 567 τῆς
2745 497 2839 551 ἀπ’
2861 497 3035 567 ἀρχῆς
3079 495 3212 549 εὐθυ
3254 534 3272 550 .
3314 535 3336 552 .
3381 533 3400 550 .
3440 497 3526 549 τὰ
3580 497 3799 565 opaea;

513 593 834 662 incorrupta
876 602 1150 658 maneant,
1181 592 1327 647 omni
1354 600 1606 647 creatura
1653 589 1879 646 liberata
1909 609 1942 645 a
1969 607 2087 645 ser-

2193 592 2252 662 τῇ
2277 591 2526 661 άπαρχῇ,
2585 583 2709 642 εἶτα
2758 588 2854 642 καὶ
2907 586 2979 641 τὰ
3033 586 3278 655 συγγενῆ
3336 585 3580 649 τούτοις
3627 587 3797 640 στάντε

510 682 673 735 vitate
689 682 1041 751 corruptionis
1058 682 1115 735 in
1138 680 1343 738 Christo
1368 681 1409 735 ⁸.
1446 681 1663 736 Etenim
1691 696 1721 735 a
1743 680 2087 751 principio...

2193 682 2449 753 καὶπρὸς
2495 681 2597 752 τήν
2640 680 2831 752 χρείαν
2873 683 2976 750 τῆς
3032 678 3385 750 καταλλήλου
3442 679 3795 749 εὐφρσσὺνιςς

511 788 635 843 qua:
654 772 948 842 speciebus
964 772 1164 829 similia
1183 782 1344 828 erant
1361 773 1657 846 principio,
1680 771 1809 827 dein
1834 787 1956 841 quae
1979 772 2088 828 illis

2193 772 2299 826 τῶν
2320 772 2801 844 ἐλευθερωθέντων
2829 770 3065 841 πρώτως
3085 772 3364 841 γενόμενα
3395 772 3556 841 είδη,
3579 774 3792 826 πλουτεῖ

510 864 695 920 omnia
746 866 1124 920 connaturalia
1177 875 1335 920 erant
1390 864 1733 934 speciesque,
1786 863 1945 920 facta:
2018 863 2088 918 ad

2193 864 2449 929 Θεὸν,καί
2476 863 2644 918 ἔσται
2663 866 2698 918 ὁ
2727 862 2872 928 Θεὸς
2892 862 2968 917 τά
2991 861 3190 917 πάντα
3216 862 3290 916 ἐν
3319 860 3512 920 πᾶσι.

504 957 713 1028 justam
746 954 993 1010 laetitiam
1035 955 1092 1008 in
1133 956 1328 1025 primis
1358 956 1743 1020 liberaturum,
1779 955 1893 1010 Deo
1935 955 2089 1010 locu-

509 1047 676 1118 pletia
714 1054 866 1112 sunt,
899 1048 1101 1118 erith
1136 1045 1274 1101 Deus
1312 1048 1492 1102 omnia
1522 1048 1579 1102 in
1613 1047 1877 1101 omnibus.

580 1228 755 1284 Omne
793 1136 1183 1297 quodcunque:1
1186 1138 1635 1282 Aalitellii‘nitum
1670 1226 1739 1279 ad
1786 1225 1969 1280 unius.
1993 1241 2091 1280 na-

510 1333 651 1378 turae
673 1328 839 1390 atque
871 1320 1184 1392 hypostasis
1210 1317 1445 1374 viventis
1469 1315 1943 1379 constitutionem,
1964 1331 2093 1385 pars

520 1424 598 1471 ρει
649 1412 937 1468 evidenter
982 1409 1241 1481 perfectae
1274 1417 1484 1464 naturae
1522 1408 1608 1464 vel
1638 1416 1695 1463 et
1742 1407 2085 1479 bypostasis;

514 1503 700 1558 omnia
756 1511 940 1557 autem
984 1499 1128 1571 parti
1172 1508 1386 1554 natura:
1434 1499 1521 1554 vel
1563 1508 1621 1553 et
1659 1499 1972 1570 hypostasis
2006 1499 2090 1555 vi-

2783 1133 3038 1188 ΚΕΦΔΛ.
3082 1135 3160 1190 Ζ⁹.

2259 1228 2374 1280 Πᾶν
2395 1226 2574 1281 ὁτιοῦν
2597 1226 2981 1297 συντιθέμενον
3006 1227 3183 1298 ἑτέρῳ
3209 1226 3354 1298 πρὸς
3404 1228 3551 1298 μιᾶς
3582 1228 3772 1297 φῦσεεις

2189 1319 2285 1373 καὶ
2323 1318 2675 1383 ὑποστάσεως
2728 1318 2913 1389 ζώσης
2966 1318 3251 1383 σύστασιν,
3295 1319 3478 1388 μέρος
3519 1319 3771 1373 Scimus

2189 1411 2291 1481 τῆς
2317 1410 2778 1481 ἀποτελεσθείσης
2805 1410 3023 1479 φύσεως
3054 1411 3088 1482 ἦ
3125 1412 3220 1464 καὶ
3246 1412 3657 1476 ὑποστάσεως·
3682 1415 3770 1466 πᾶν

2187 1501 2245 1555 δὲ
2277 1502 2445 1573 μέρος
2478 1502 2693 1570 φύσεως
2725 1501 2757 1571 ἧ
2803 1502 2898 1554 καὶ
2947 1501 3306 1564 ὑποστάσεως
3359 1501 3584 1573 ζώσης,
3617 1503 3768 1555 δέεται

517 1595 719 1660 ventis,
753 1608 899 1663 opus
943 1602 1028 1647 est
1069 1591 1297 1647 omnino
1341 1598 1499 1661 parte
1549 1591 1643 1646 cui
1670 1592 1842 1645 ~unita
1878 1601 1985 1656 est,
2020 1591 2088 1647 ad

2193 1593 2419 1655 πάντως
2461 1591 2559 1645 τοῦ
2596 1585 2641 1660 ᾧ
2686 1590 2946 1662 συνετέθη
2999 1592 3224 1663 μέρους,
3258 1593 3408 1663 πρὸς
3464 1595 3768 1664 εὐεργεσίαν

512 1686 792 1758 propriam
825 1684 1203 1755 operationem
1237 1681 1652 1752 perﬁciendam.
1700 1681 1911 1737 Animae
1939 1682 2088 1737 enim

2193 1684 2351 1739 ίδίαν.
2375 1684 2570 1739 Δέεται
2599 1684 2709 1756 γὰρ
2732 1685 2770 1755 ή
2792 1684 2939 1754 ψυχὴ
2963 1684 3060 1738 τοῦ
3099 1684 3388 1756 σώματος,
3418 1689 3525 1740 καὶ
3552 1688 3615 1740 τὸ
3635 1688 3765 1757 alia

513 1755 763 1847 corpore,
804 1773 1135 1844 corporique
1166 1772 1353 1827 anima
1382 1786 1526 1842 opus
1568 1781 1654 1827 est
1700 1770 1768 1825 ad
1810 1771 2088 1842 propriam

2193 1778 2290 1846 τῆς
2322 1776 2499 1847 ψυχῆς
2524 1817 2537 1841 .
2564 1776 2790 1846 θάτερον
2823 1776 3055 1847 θατέρου
3083 1755 3301 1830 οίκείαν
3335 1778 3672 1849 εὐεργεσίαν
3698 1755 3717 1810 έ
3739 1782 3761 1847 ᾗ

511 1867 948 1938 uniuscujusque
1009 1864 1386 1935 Operationem
1458 1862 1850 1933 perﬁciendam
1903 1880 1919 1928 ;
1973 1863 2088 1918 haec

2193 1867 2292 1939 μὲν
2318 1866 2455 1936 πρὸς
2487 1866 2725 1937 μάθησιν
2751 1865 2859 1919 τῶν
2890 1865 3053 1918 θείων
3090 1866 3328 1920 ἐντολῶν
3358 1870 3466 1922 καὶ
3494 1869 3761 1940 εὐαρέστη-

511 1960 736 2031 quidem
774 1958 846 2014 ad
884 1956 1143 2012 mandata
1194 1955 1385 2011 divina
1429 1954 1813 2026 cognoscenda
1869 1956 2088 2025 Deoque

2193 1976 2276 2013 σιν
2310 1958 2495 2020 θείαν,
2526 1958 2589 2012 τδ
2615 1958 2673 2012 δὲ
2699 1958 2838 2028 πρὸς
2865 1959 2964 2030 τὴν
2991 1957 3140 2030 ζωὴν
3172 1961 3297 2029 μετ’
3325 1961 3521 2030 αὐτῆς
3561 1965 3656 2033 τῆς
3688 1966 3760 2015 nl

512 2048 986 2120 eomplacendum,
1009 2046 1145 2101 illud
1169 2061 1321 2110 vero,
1340 2053 1402 2100 ut
1424 2046 1538 2100 vita
1552 2060 1677 2100 cum
1697 2045 1814 2116 ipsa
1840 2058 2093 2103 servetur

514 2141 877 2209 omniumque
903 2138 1207 2194 visibilium
1235 2130 1523 2193 meliorem
1547 2137 1966 2193 aestimationem
1993 2138 2093 2192 ha-

513 2232 663 2298 bent,
704 2231 1084 2287 necessarium
1127 2238 1233 2285 est.
1293 2229 1406 2284 Deo
1446 2238 1633 2284 autem
1678 2228 1860 2285 Verbo
1904 2229 2093 2299 aliquo

515 2325 585 2380 ad
637 2324 917 2396 propriam
966 2323 1346 2393 operationem
1396 2335 1538 2390 opus
1584 2336 1707 2376 esse
1751 2321 2089 2387 existimare,

516 2430 629 2470 non
662 2420 877 2469 rectum
929 2421 1053 2478 est;
1106 2411 1255 2465 haud
1305 2426 1436 2481 ergo
1470 2410 1658 2466 unitus
1698 2420 1785 2466 est
1816 2411 1982 2465 alicui
2022 2428 2094 2468 ex

514 2507 680 2562 nobis
735 2506 793 2561 in
848 2505 1016 2560 unius
1061 2514 1273 2558 natura:
1326 2501 1412 2556 vel
1470 2500 1780 2572 bypostasis
1852 2501 2092 2558 viventis

515 2597 996 2656 constitutionem.
1042 2592 1101 2647 Si
1136 2605 1268 2646 vero
1321 2590 1511 2646 unitus
1557 2599 1665 2653 est,
1693 2588 1766 2646 illi
1782 2587 1945 2644 etiam
1970 2590 2092 2661 ipso

515 2691 586 2745 ad
651 2687 936 2759 propriam
988 2683 1369 2754 operationem
1428 2696 1570 2753 opus
1618 2690 1740 2746 est,
1802 2681 1952 2751 quod
2006 2688 2094 2737 est

516 2774 890 2845 blasphemia,
920 2787 1049 2828 eum
1100 2770 1274 2842 ipsius
1327 2770 1610 2841 potentiae,
1659 2770 1847 2841 potius
1906 2780 2091 2825 autem

517 2866 874 2939 impotentiae,
895 2863 1142 2935 praedicti
1169 2878 1201 2917 a
1224 2862 1384 2919 vobis
1415 2862 1692 2918 ratiocinii
1712 2862 1927 2932 .potius
1960 2876 2094 2916 vero

517 2957 873 3023 irratiocinii,
918 2970 1160 3027 praesens
1205 2953 1278 3010 sit
1315 2965 1728 3025 argumentum:
1760 2960 1911 3021 patet
1957 2950 2093 3005 illud

2187 2049 2297 2102 τῶν
2324 2047 2631 2119 ὁρωμένων.
2660 2049 2919 2103 ἁπάντων
2956 2049 3244 2120 κρείττονα
3278 2052 3463 2123 τιμὴν
3496 2053 3661 2125 ἔχειν.
3682 2056 3759 2109 τὸν

2189 2140 2247 2195 δὲ
2276 2140 2420 2193 Θεὸν
2438 2139 2614 2209 Λόγον
2646 2138 3055 2209 ὑπολαμϐάνειν
3097 2141 3326 2196 δέεσθαί
3356 2161 3522 2205 τινος
3550 2146 3682 2213 πρὸς
3700 2150 3757 2199 οξ.

2189 2231 2346 2286 κείαν
2376 2232 2718 2300 εὐεργεσίαν,
2754 2232 2814 2284 οὑ
2847 2230 3006 2302 θέμις
3032 2247 3048 2262 ⁸
3081 2232 3186 2285 οὐκ
3228 2233 3345 2301 ἄρα
3398 2236 3664 2304 συνετέθη

2189 2319 2250 2386 ἐξ
2293 2320 2450 2391 ήμῶν
2477 2320 2751 2391 ἀνθρώπῳ
2796 2321 2878 2383 είς
2922 2322 3052 2391 μιᾶς
3096 2320 3321 2389 φύσεως
3356 2324 3392 2392 ἢ
3435 2326 3759 2389 ὑποστάσεως

2191 2408 2373 2481 ζώσης
2403 2410 2691 2466 σύστασιν.
2717 2410 2782 2465 Εί
2817 2410 2874 2463 δὲ
2919 2411 3213 2483 συνετέθη,
3245 2414 3350 2466 καὶ
3402 2415 3597 2471 δέεται
3625 2416 3755 2469 αὐτώ

2191 2502 2330 2573 πρὸς
2378 2503 2587 2557 οἰκείαν
2638 2502 2982 2572 εὐεργεσίαν,
3013 2503 3154 2573 ὅπερ
3204 2505 3461 2576 ἀσεϐές,
3523 2510 3642 2561 ἐπεὶ
3679 2508 3754 2578 τῆς

2192 2594 2364 2663 αὐτῆς
2407 2594 2712 2663 δυνάμεως,
2748 2595 2952 2665 μᾶλλον
2988 2594 3047 2649 δὲ
3077 2596 3426 2666 ἀδυναμίας,
3464 2600 3567 2653 τοῦ
3602 2618 3755 2671 :92:-

2193 2704 2262 2759 ρη
2273 2685 2435 2757 μένου
2458 2687 2586 2756 ὑμῖν
2610 2685 2999 2757 συλλογισμοῦ,
3017 2687 3220 2757 μᾶλλον
3246 2688 3308 2741 δὲ
3332 2691 3751 2761 παραλογισμοῦ,

2192 2774 2288 2826 καὶ
2315 2773 2377 2826 τὸ
2409 2777 2584 2843 παρὸν
2635 2773 2975 2845 ἐπιχείρημά
3027 2777 3165 2839 ἐστι,
3196 2776 3365 2847 δῆλον
3418 2780 3514 2833 ὅτι
3565 2783 3652 2834 καὶ
3674 2783 3753 2850 τῆς

2190 2865 2386 2934 ὁμοίας
2423 2864 2584 2935 ἔλαχε
2614 2865 3059 2930 καταπτὼσεωςο
3092 2867 3142 2920 εί
3174 2869 3268 2921 καὶ
3312 2871 3466 2939 μετά
3494 2889 3639 2934 τινος
3656 2874 3752 2923 ἀντι

2194 2955 2430 3026 εκλογῆς
2483 2956 2704 3023 λέξεων,
2726 2959 2792 3012 ἐκ
2817 2957 2927 3012 τῶν
2951 2960 3236 3030 ἑπομένων
3264 2964 3387 3026 τοῖς
3416 2963 3677 3035 πρώτοις,
3700 2965 3752 3018 τὰ

515 3051 771 3108 similiter
800 3063 924 3105 esse
968 3047 1246 3103 ruiturum
1280 3063 1296 3113 ;
1327 3045 1432 3102 etsi
1458 3044 1680 3101 selectis
1703 3043 1915 3114 aliquot
1941 3043 2088 3098 locu-

2193 3045 2426 3119 δεύτερα
2481 3048 2829 3118 είσηγάγετε,
2892 3048 3097 3119 πλῆθος
3151 3052 3287 3121 ήμίν
3348 3054 3455 3107 καὶ
3522 3057 3751 3126 εὐπορίαν

517 3144 762 3201 tionibus
791 3158 860 3197 ex
905 3140 994 3196 his
1037 3154 1161 3210 qua
1204 3138 1382 3209 prima
1415 3135 1809 3205 sequebantur,
1845 3133 2088 3191 secunda

2194 3140 2643 3210 ἐπιχειρημάτων
2692 3140 3109 3212 ἐμφανίζοντες.
3154 3144 3231 3196 Τδ
3281 3145 3399 3218 γάρ
3454 3152 3751 3219 συμπάσχοτ

515 3232 865 3298 induxeritis,
900 3228 1316 3285 multitudinem
1349 3226 1518 3280 nobis
1540 3225 1972 3292 facilitatemque
1999 3238 2091 3278 ar-

514 3330 899 3394 gumentorum
951 3317 1348 3382 ostendentes;
1411 3315 1561 3384 quod
1626 3313 1775 3368 enim
1832 3312 2095 3371 omnibus

513 3412 813 3469 fatentibus
831 3425 959 3465 cum
988 3409 1167 3464 altero
1192 3407 1547 3477 compatitur,
1570 3420 1696 3461 eum
1727 3406 1848 3477 ipso
1869 3422 2090 3477 quoque

514 3501 824 3560 secundum
851 3499 987 3571 quid
1033 3498 1263 3555 omnino
1305 3500 1659 3570 congaudet:
1708 3501 1789 3556 illi
1817 3516 1950 3573 ergo
1984 3502 2091 3558 hoc

514 3607 655 3663 opus
690 3600 778 3646 est
806 3590 878 3646 ob
914 3588 1178 3665 gaudium
1220 3588 1533 3658 pr0prium.
1574 3590 1634 3646 Si
1676 3590 1845 3662 igitur
1891 3592 2088 3663 hujus-

515 3683 660 3739 modi
690 3680 951 3753 gaudium
981 3688 1243 3750 tanquam
1279 3679 1466 3749 aliqua
1495 3682 1752 3751 operatio
1786 3682 2087 3753 gaudentis

513 3775 767 3839 habetur,
807 3772 953 3839 idem
982 3771 1146 3827 nobis
1189 3779 1247 3827 et
1273 3787 1344 3827 ex
1382 3773 1690 3843 sympathia
1719 3773 2083 3843 praecedente,

513 3880 769 3937 nuncque
783 3880 849 3920 ex
870 3862 1191 3935 operatione
1203 3862 1474 3919 ambobus
1488 3862 1792 3919 ratiociniis
1812 3863 2087 3920 incertum

513 3955 738 4011 fecistis.
756 3953 863 4009 Sed
886 3953 942 4006 in
956 3951 1394 4022 praecedentibus
1406 3967 1509 4006 nec
1526 3960 1710 4021 partes
1724 3967 1844 4007 esse
1861 3952 2089 4008 omnino

512 4045 792 4102 naturales
832 4057 955 4113 quae
996 4051 1127 4097 sunt
1165 4042 1335 4096 unita
1377 4041 1435 4096 in
1474 4041 1814 4114 bypostasim
1853 4042 2086 4101 demon-

513 4146 744 4192 stratum
790 4142 896 4201 est,
946 4148 1053 4189 nec
1105 4132 1289 4190 unitas
1325 4133 1556 4187 omnino
1604 4132 1774 4188 etiam
1817 4135 2084 4205 compati;

512 4243 617 4283 nec
644 4228 1064 4297 compatjentes,
1089 4223 1316 4279 omnino
1343 4238 1564 4294 quoque
1592 4226 1905 4280 necessario
1933 4241 2088 4283 com-

512 4317 640 4387 pati.
702 4314 836 4381 Quoi
880 4314 1052 4387 igitur
1088 4324 1409 4369 remanente
1437 4328 1540 4369 nec
1566 4313 1809 4370 resoluto
1828 4314 1885 4369 in
1907 4316 2088 4386 primo

518 4420 695 4468 vestro
715 4417 1061 4479 argumento,
1082 4406 1151 4463 ad
1168 4408 1496 4463 alterutrum
1518 4407 1708 4464 venire
1732 4407 1852 4463 ausi
1881 4407 2084 4476 fuistis,
2118 4404 2164 4459 D

512 4504 720 4559 clarum
751 4514 863 4555 non
895 4507 1002 4554 est.

580 4589 869 4660 Quomodo
887 4588 1200 4658 exemplum
1223 4588 1292 4642 ad
1314 4585 1692 4658 cognoscenda
1711 4597 1982 4658 praecepta
2005 4588 2088 4643 di-

511 4685 640 4741 vina
664 4683 887 4750 Deoque
908 4677 1365 4749 complacendum
1393 4677 1590 4731 anima:
1626 4691 1767 4746 opus
1808 4692 1933 4733 esse
1960 4693 2086 4733 coro

512 4788 645 4845 pore
679 4787 712 4827 a
739 4769 899 4825 vobis
931 4768 1157 4824 allatum
1196 4765 1319 4822 est?
1361 4765 1475 4821 Hoc
1514 4765 1685 4831 enim,
1717 4765 1849 4821 licet
1876 4767 2088 4837 aliquo-

510 4863 675 4920 modo
715 4860 825 4917 dici
875 4858 1067 4931 possit,
1137 4857 1375 4913 feliciter
1422 4855 1572 4910 haud
1618 4855 1921 4923 attulistis;
1974 4873 2087 4914 non

511 4956 690 5011 solum
716 4953 864 5010 enim
886 4951 955 5006 ad
985 4966 1116 5005 vera
1137 4948 1434 5019 divinaque
1470 4946 1918 5018 cognoscendum
1949 4948 2086 5004 illud

513 5055 597 5101 cst
619 5046 731 5101 dux
756 5051 922 5115 atque
950 5041 1333 5113 adjumentum
1365 5039 1583 5103 animae,
1615 5039 1711 5094 sed
1761 5040 1929 5095 etiam
1958 5055 2085 5095 cum

510 5137 746 5193 maxime
792 5116 1378 5204 nocet,spiritualium
1432 5132 1777 5203 spiritualem
1837 5141 2088 5188 contem-

512 5230 811 5303 plationem
840 5226 1191 5283 sensibilium
1215 5224 1609 5296 imaginatione
1626 5225 1985 5291 obnubilans;
2015 5240 2081 5281 ex

511 5337 617 5393 qua
638 5320 890 5392 passione
919 5318 1120 5389 sapius
1140 5331 1361 5387 quoque
1384 5315 1714 5382 oll'endistis,
1743 5316 1990 5385 quaedam
2012 5331 2080 5371 ex

512 5411 787 5485 mysteriis
831 5408 1034 5465 divinis
1064 5415 1511 5479 perscrutantes;
1555 5421 1623 5462 eo
1656 5406 1805 5476 quod
1839 5405 2080 5472 rudium,

513 5502 879 5573 corporalium
910 5511 1075 5570 atque
1101 5496 1417 5571 huiusmodi
1455 5497 1799 5554 sensibilium
1825 5498 2083 5554 scientia-

590 5682 607 5711 ‘
640 5680 796 5735 Rom.
839 5694 949 5735 vni.
982 5677 1071 5731 2L

2189 3231 2299 3284 τινὶ
2360 3231 2834 3302 ὁμολογουμένως,
2869 3234 3045 3304 τούτῳ
3100 3237 3245 3290 κατά
3303 3255 3360 3290 τι
3414 3240 3641 3304 πάντως
3674 3241 3751 3294 ul

2193 3322 2521 3393 συνήδεται·
2558 3323 2718 3377 τοῦτο
2778 3323 2886 3395 ἄρα
2934 3326 3028 3381 καὶ
3068 3326 3243 3380 δεῖται
3311 3329 3492 3384 αὐτοῦ
3550 3333 3635 3387 eti

2189 3414 2400 3468 οἰκείαν
2427 3414 2641 3486 ἡδονήν.
2665 3415 2838 3487 Εῐπερ
2874 3412 2968 3471 οὖν
2995 3419 3028 3490 ή
3062 3418 3245 3485 τεῦξις
3269 3420 3377 3490 τῆς
3404 3425 3624 3479 τοιᾶσδε
3649 3426 3749 3494 ﬂio-

2190 3504 2289 3575 νῆς
2325 3505 2616 3577 εὐεργεσία
2649 3522 2737 3570 τις
2755 3505 2855 3577 ,τῷ
2887 3507 3135 3577 ἡδομένῳ
3173 3508 3526 3578 λελόγισται,
3558 3515 3619 3567 τὺ
3643 3514 3750 3567 αὐτὸ

2189 3596 2321 3667 ήμῖν
2351 3596 2413 3651 εκ
2438 3614 2500 3651 τε
2536 3596 2639 3667 τῆς
2668 3597 3017 3669 συμπαθείας
3047 3599 3262 3670 πρώην,
3287 3602 3388 3654 καὶ
3413 3602 3521 3656 νῦν
3567 3607 3630 3657 ἐκ
3671 3606 3749 3674 τῆς

2190 3686 2513 3757 εὐεργεσίας
2541 3686 2614 3741 δι’
2643 3688 2974 3760 ἀμφοτέρων
2996 3689 3107 3743 τῶν
3132 3692 3597 3763 ἐπιχειρημάτων
3632 3698 3748 3765 {rn-

2192 3777 2414 3848 ρήσατε.
2457 3777 2599 3831 Ἀλλ’
2624 3778 2684 3832 ἐν
2716 3778 2815 3849 μὲν
2846 3781 2959 3842 τοῖς
2994 3779 3290 3849 φθάσασιν,
3328 3782 3441 3837 ίδοὺ
3470 3784 3601 3838 οὔτε
3628 3787 3746 3857 μέρη

2188 3862 2331 3923 εἶναι
2378 3868 2596 3935 πάντως
2624 3870 2830 3940 φυσικὰ
2855 3871 2923 3925 τὰ
2958 3871 3318 3941 συντιθέμενα
3355 3877 3439 3939 είς
3468 3878 3749 3931 ὑπόστασιν

2189 3959 2482 4026 ἐδείκνυτο,
2504 3960 2628 4015 οὔτε
2660 3962 2987 4017 συντεθέντα
3019 3963 3239 4028 πάντως
3269 3966 3366 4019 καὶ
3395 3968 3743 4039 συμπάσχειν·

2188 4049 2312 4105 οὔτε
2368 4052 2782 4125 συμπάσχοντα,
2812 4054 3031 4119 πάντως
3077 4057 3171 4109 καὶ
3201 4058 3487 4122 ἀκουσίως
3551 4061 3744 4131 συμπέ-

2191 4159 2364 4214 σχειν.
2399 4144 2557 4208 Τίνος
2610 4144 2707 4199 οῦν
2755 4146 3099 4200 ἀκαταλύτου
3149 4149 3524 4220 φυλαχθέντος
3580 4156 3638 4205 ἑν
3686 4151 3747 4219 τῷ

2190 4234 2398 4306 πρώτῳ
2419 4235 2576 4306 ὑμῶν
2604 4238 3024 4308 ἐπιχειρήματι,
3053 4238 3192 4310 πρὸς
3231 4240 3292 4294 τὸ
3317 4240 3555 4314 θάτερον
3596 4244 3742 4297 ἐλθεῖν

2190 4324 2550 4397 ἐτολμήσατε,
2572 4326 2633 4380 οὐ
2655 4327 2911 4399 φανερόν.

2258 4588 2333 4640 Τὸ
2372 4587 2436 4667 δὲ.
2480 4587 2838 4660 παράδειγμα
2881 4588 3001 4642 τόδε
3046 4588 3107 4643 τὸ
3151 4589 3283 4661 παρ’
3309 4589 3464 4660 ὑμῶν
3505 4591 3593 4644 ὁτι
3632 4588 3740 4660 πρὸς

2191 4679 2430 4751 μάθησιν
2461 4678 2572 4732 τῶν
2602 4679 2764 4734 θείων
2790 4679 3022 4734 ἐντολῶν
3059 4681 3154 4736 καὶ
3188 4681 3557 4752 εὐαρέστησιν
3600 4682 3739 4735 δεῖται

2186 4769 2283 4825 τοῦ
2317 4768 2572 4841 σώματος
2604 4773 2637 4842 ή
2666 4769 2812 4841 ψυχὴ
2834 4811 2849 4835 ,
2880 4772 2999 4836 πῶς
3033 4773 3142 4843 ἄρα
3169 4774 3298 4844 ὑμῖν
3328 4774 3555 4844 είρηται
3580 4792 3598 4839 ;
3634 4770 3739 4827 υὔεί

2188 4862 2299 4934 γὰρ
2336 4860 2519 4930 τοῦτο,
2577 4862 2758 4917 καίτοι
2798 4881 2918 4928 πως
2942 4863 3200 4933 λέγεσθαι
3232 4865 3558 4935 δυνάμενον,
3591 4865 3739 4925 ait};

2189 4952 2349 5020 ὑμεῖς
2395 4953 2745 5025 προηγάγετε
2774 4969 2787 4984 ·
2822 4955 2918 5007 καὶ
2969 4955 3079 5024 γὰρ
3131 4956 3195 5008 οὐ
3247 4955 3383 5026 πρὸς
3432 4957 3538 5025 τὴν
3595 4956 3739 5027 μάθη-

2191 5061 2275 5098 σιν
2322 5044 2432 5098 τῶν
2473 5044 2693 5117 ἀληθῶν
2728 5045 2825 5100 καὶ
2872 5045 3055 5111 θείων,
3085 5045 3243 5113 τοῦτὸ
3292 5049 3414 5100 ἐστι
3450 5047 3517 5099 τὸ
3541 5045 3742 5119 ὁδηγεῶ

2191 5134 2285 5189 καὶ
2341 5135 2732 5205 συναιρόμενον
2777 5136 2843 5205 τῇ
2884 5134 3034 5206 ψυχῇ
3059 5150 3076 5167 ·
3107 5134 3223 5189 ἀλλ’
3253 5134 3402 5187 ἔστιν
3445 5135 3541 5189 ἕντι
3582 5133 3741 5191 καὶτὰ

2194 5226 2429 5292 μέγιστα
2457 5225 2862 5295 παραϐλάπτει,
2890 5226 2989 5296 τήν
3014 5225 3121 5279 τῶν
3150 5225 3355 5294 νοητῶν
3392 5228 3604 5297 νοητὴν
3644 5229 3739 5278 ἐτι-

2195 5315 2418 5379 σκιάζον
2447 5314 2682 5385 θεωρίαν
2711 5314 2801 5369 διὰ
2824 5316 2925 5386 τῆς
2965 5316 3071 5371 τῶν
3101 5316 3377 5388 αἰσθητῶν
3418 5317 3739 5385 φαντασίις’

2190 5400 2343 5477 ᾧπερ
2375 5408 2468 5462 καὶ
2496 5408 2835 5480 συχνοτέρως
2862 5413 3231 5479 προσπταίετε
3264 5408 3433 5462 πάθει
3483 5411 3621 5480 περὶ
3660 5404 3739 5459 πῖιτ

2192 5498 2513 5570 θεοπρεπῶν
2533 5500 2862 5571 ὲρευνῶντές
2882 5518 3001 5557 τινα
3028 5500 3346 5573 μυστηρίων
3364 5515 3380 5530 ·
3412 5500 3498 5555 ὅτι
3524 5500 3638 5572 γὰρ
3657 5493 3737 5550 τίη
