3876 6310
104 321 261 391 “29
1110 342 1507 405 ADVERSUS
1544 340 2093 405 NESTORIANOS.
2114 372 2179 381 -
2211 349 2358 410 LIB.
2400 347 2452 409 Ι.
3289 346 3432 411 H30

103 441 336 497 ὐλικῶν
379 447 489 501 καὶ
547 453 885 521 σωματικῶν
913 454 1005 506 καὶ
1035 454 1139 507 τῶν
1167 461 1288 511 κατ’
1318 457 1574 526 αἴσθησιν
1628 475 1735 529 μα-

1858 473 1962 512 ·ιιιη
2014 459 2262 530 lapides,
2301 463 2484 534 ligna,
2522 464 2780 519 animalia
2806 466 3068 531 ,ccelum,
3117 464 3236 532 sol,
3285 481 3426 536 aqua

102 534 348 627 θήσεων
401 538 564 596 λίθοι
626 544 718 597 καὶ
770 543 906 611 ξύλα
947 548 1040 600 καὶ
1075 546 1190 612 ζῶα
1238 550 1332 602 καὶ⁵
1371 551 1602 622 οὐρανὸς
1648 551 1753 605 καὶ·

1858 551 2099 622 ignisque
2131 560 2234 618 est,
2267 552 2324 608 in
2357 554 2560 624 quibus
2590 571 2751 611 casus
2780 556 3076 627 impiorum
3109 571 3176 611 ac
3203 556 3431 612 idolola-

103 625 276 697 ἥλιος
308 629 416 683 καὶ
457 630 619 704 ὕδωρ
644 635 738 688 καὶ
774 634 883 707 πῦρ
913 637 1084 702 ἐστιν,
1107 639 1166 691 ἐν
1187 636 1269 704 οἷς
1302 641 1330 692 ὁ
1373 639 1588 705 δλισθος
1630 641 1743 695 τῶν

1858 650 2085 709 trarum,
2121 644 2263 699 nihil
2298 645 2476 717 majus
2518 662 2681 717 quam
2713 625 2999 703 sensibilis
3037 647 3422 705 arbitrantiun.

103 719 350 773 ασεόὦν
413 726 523 777 και⁵
579 726 1015 798 εἰδωλολατρῶν,
1040 729 1149 782 τῶν
1198 730 1366 801 μηδὲν
1420 732 1583 786 πλέον
1631 733 1743 786 τῶν

1858 731 1917 787 ad
1946 735 2233 802 pietatem,
2255 739 2515 794 omnibus
2541 740 2772 796 evidens
2792 741 2972 797 factus
3014 750 3138 808 est;
3167 742 3425 813 quodque

101 809 441 881 ὁρωμένων
471 816 827 883 δοξασάντων
860 822 941 884 εἰς
967 820 1306 887 θεοσέὸειαν,
1336 823 1565 891 γέγονεν
1586 822 1744 891 εὔδη-

1858 816 2031 883 anima
2079 829 2295 886 ratione
2342 831 2554 887 invenit
2610 848 2722 888 non
2777 834 2893 890 sola
2937 834 3205 904 corporali
3232 849 3426 904 perce-

101 902 209 965 λος
235 906 438 961 ἅπασι
475 925 494 941 ο
527 912 629 964 καὶ
661 913 745 966 ὅτι
768 916 800 982 ή
828 912 978 984 ψυχὴ
1000 915 1062 966 οὑ
1094 913 1392 986 πειθομένη
1432 917 1499 986 τῇ
1529 915 1618 969 διὰ
1648 916 1744 970 τοῦ

1858 928 2053 983 ntimo,
2080 939 2187 980 nec
2225 939 2325 993 per
2345 926 2704 979 sensah’onem
2746 924 3086 980 invisibilem
3122 924 3289 993 hujus
3316 923 3430 979 uni.

106 995 403 1066 σώματος
432 1003 700 1074 αἰσθήσει
722 1006 858 1076 μόνῃ
880 1005 1024 1076 λόγῳ
1054 998 1205 1080 εὗρε,
1223 1007 1319 1060 καὶ
1347 1008 1407 1060 οὑ
1440 1007 1511 1061 δι’
1535 1006 1747 1073 αἰσθή-

1858 1006 1997 1061 vcrsi
2023 1005 2362 1073 Creatorem,
2396 1008 2524 1065 licet
2557 1025 2664 1065 non
2691 1022 3004 1081 perceptum
3032 1027 3267 1082 unquam
3297 1028 3425 1068 sen-
3468 1045 3473 1048 -

107 1104 286 1156 σεως
336 1092 442 1146 τὸν
499 1095 739 1165 ἀόρατον
794 1097 950 1150 τοῦδε
996 1097 1093 1151 τοῦ
1143 1097 1344 1161 παντὸς
1372 1100 1743 1170 Δημιουργδν,

1858 1098 2025 1164 sibus,
2049 1106 2144 1153 aut
2182 1101 2542 1169 corporaliter
2577 1102 2954 1168 exsistentem,
2980 1105 3203 1160 omnino
3237 1106 3426 1177 cogni-

110 1182 315 1236 καίτοι
373 1185 460 1257 μὴ
497 1186 739 1255 ὀφθέντα
783 1190 1040 1261 αἰσθήσει
1070 1193 1374 1266 πώποτε,ή
1412 1191 1747 1262 σωματικῶς

106 1274 281 1337 ὄντα,
314 1275 474 1340 ὅλως
510 1281 779 1347 γνωστὸν.
811 1284 934 1338 οὑδὲ
958 1286 1102 1355 ὑμᾶς
1136 1283 1291 1356 οἶμαι
1309 1283 1743 1356 διαμφιὸἀλλειν.

109 1365 254 1428 Πῶς
323 1367 385 1419 δὲ
447 1368 554 1421 καὶ
603 1370 664 1423 τὸ
704 1372 1010 1444 ἐπιθυμοῦν
1066 1376 1209 1429 κατὰ
1262 1374 1359 1429 τοῦ
1407 1374 1744 1446 πνεύματος,

112 1460 269 1528 πρὸς
303 1460 570 1530 μάθησιν
599 1463 708 1517 τῶν
750 1465 914 1521 θείων
954 1469 1187 1522 ἐντολῶν
1233 1471 1327 1522 καὶ
1357 1468 1744 1540 εὐαρέστησιν,

112 1552 576 1622 συμϐάλλεσθαι
610 1557 760 1628 αὑτῷ
781 1559 986 1612 εἴποιτε
1011 1560 1078 1613 ἂν
1107 1560 1305 1630 ὀρθῶς,
1331 1562 1379 1614 ει
1430 1562 1504 1631 μή
1538 1578 1593 1613 τι
1638 1560 1746 1630 ἄρα

111 1648 240 1709 τοῖς
276 1646 515 1702 τούτων
542 1651 809 1729 ἐναντίοις
846 1651 907 1705 τὸ
936 1652 1162 1723 Πνεῦμα
1196 1652 1553 1723 συναίρεσθαι
1584 1651 1747 1722 νομίο

117 1738 280 1805 ζετε,
318 1740 562 1811 ἄδηλον.
605 1743 663 1797 Ὀ
692 1742 749 1796 δὲ
788 1743 987 1814 λέγων,
1027 1746 1121 1811 Τίς
1148 1763 1224 1815 με
1248 1747 1502 1813 ῥύσεται
1531 1745 1602 1799 ἐκ
1638 1743 1747 1797 τοῦ

116 1830 434 1901 σώματος
463 1833 576 1889 τοῦ
603 1839 865 1890 θανάτου
904 1838 1141 1903 τούτου,
1176 1832 1287 1909 ἄρα
1329 1836 1426 1890 τοῦ
1466 1836 1602 1907 πρὸς
1645 1836 1750 1906 μά-

123 1922 303 1993 θησιν
326 1923 451 1978 τῶν
484 1924 650 1979 θείων
682 1928 911 1982 ἐντολῶν
935 1929 1031 1982 καὶ
1057 1930 1424 2001 εὐαρέστησιν
1453 1927 1747 2001 χρειὼδους

126 2015 428 2086 ῥυσθῆναι
458 2018 742 2087 Euam-nsi;
781 2020 891 2073 Καὶ
929 2020 1049 2083 πῶς
1077 2022 1136 2072 ἐν
1164 2021 1335 2083 ὁσίοις
1372 2018 1469 2072 καὶ
1506 2017 1749 2071 θεοδιδά-

126 2121 298 2169 κτοις
336 2106 444 2159 καὶ
482 2107 754 2174 φιλοθέοις
775 2103 930 2173 οὗτος
953 2110 1259 2182 ἐπίσημος;
1292 2108 1361 2163 Τί
1386 2109 1444 2162 δέ
1483 2107 1549 2161 ἂν
1578 2108 1752 2160 είποιο

131 2213 246 2267 μεν
276 2200 349 2251 ἐκ
388 2200 493 2270 τῆς
538 2199 866 2272 καθημέραν
892 2203 1022 2271 περὶ
1055 2202 1154 2264 τὰς
1203 2199 1522 2271 σωματικὰς
1551 2200 1750 2268 ἐπιμε-

127 2287 300 2354 λείας
353 2291 528 2361 ἡμῶν
572 2292 965 2361 πνευματικῶν
1011 2292 1305 2363 μαθήσεων
1352 2292 1443 2347 καὶ
1494 2288 1751 2362 πράξεων

130 2384 280 2452 ἡμῖν
344 2383 828 2454 ἀμϐλυνομένων;
869 2385 1013 2438 Ἀλλ’
1040 2385 1189 2438 ἐστιν
1253 2382 1470 2456 ἀληθῶς
1523 2383 1650 2437 ἰδεῖν
1684 2383 1748 2435 τὸ

131 2474 429 2529 ἐναντίον.
472 2476 543 2528 Ἦ
581 2475 841 2545 βούλεσθε
871 2475 1041 2541 δεῖξαι
1078 2493 1139 2530 κε
1151 2476 1478 2547 ρδαίνουσαν
1507 2476 1607 2545 τὴν
1647 2474 1750 2544 ψυ-

133 2567 250 2638 Χῆν
286 2568 384 2621 διὰ
425 2567 716 2638 σώματος;
746 2569 823 2639 Τῇ
850 2568 962 2640 γὰρ
995 2568 1132 2639 πρὸς
1162 2568 1323 2622 τοῦτο
1354 2569 1505 2639 μάχῃ
1545 2568 1640 2620 καὶ
1680 2568 1748 2637 τῇ

136 2657 351 2713 τούτου
412 2660 659 2732 παιδείᾳ,
697 2660 891 2730 μισθὸν
935 2662 1106 2731 ἐαυτῇ
1161 2662 1548 2732 περιποιεῖται,
1585 2658 1751 2728 μέχρι

142 2751 319 2822 μόνον
351 2752 515 2805 τοῦδε
541 2756 642 2823 τῆς
669 2753 791 2807 κατ’
818 2753 950 2806 αὑτὸ
980 2752 1260 2824 φροντίδος
1288 2751 1621 2823 ἀντεχομένη
1654 2748 1750 2803 τοῦ

146 2845 229 2917 μὴ
256 2845 494 2898 ὀδυνοῦν
524 2846 719 2916 αὐτὴν,
754 2845 864 2899 τῶν
904 2845 1050 2899 ἰδίων
1082 2844 1378 2914 ἐνεργειῶν
1407 2842 1757 2913 ἐμποδίζειν»

165 2939 201 3009 ἢ
267 2937 520 3008 θνῆσκον
566 2937 657 2990 διὰ
698 2938 761 2991 τὸ
797 2937 887 2991 ὑπ’
913 2938 1083 3008 αὑτῆς
1132 2936 1495 3008 ἀπρονόητον,
1530 2935 1752 2987 αὐτονο-

1858 2942 1979 2982 ηιεη
2029 2928 2322 2985 solutionis
2372 2945 2402 2985 a
2441 2931 2664 2987 vinculo
2715 2936 2966 3003 corporis
3017 2935 3285 2991 obtinuit.
3308 2935 3438 2990 Ideo

147 3027 290 3097 μίαν
318 3027 433 3097 τῆς
457 3027 667 3091 λύσεως
699 3029 794 3081 τοῦ
828 3028 969 3099 πρὸς
998 3029 1129 3082 αὐτο
1157 3024 1359 3097 δεσμοῦ
1395 3027 1750 3098 κατηγορεῖν.

1858 3019 2078 3089 quidem
2126 3029 2182 3075 et
2221 3036 2324 3076 nos
2373 3023 2428 3076 in
2480 3034 2648 3077 carne
2693 3023 2965 3090 viventes,
2994 3042 3103 3081 non
3134 3026 3436 3082 secundum

149 3119 247 3171 Διὸ
276 3118 346 3189 δὴ
375 3120 478 3173 καὶ
521 3119 578 3171 ἐν
620 3120 786 3190 σαρκὶ
813 3119 1036 3186 ζῶντες,
1073 3119 1148 3191 μή
1193 3118 1335 3172 κατά
1376 3117 1553 3190 σάρκα
1595 3135 1752 3191 περιρ

1858 3127 2077 3168 carnem
2124 3113 2404 3169 ambulare
2447 3114 2687 3169 ordinati
2731 3130 2943 3170 sumus.

153 3215 357 3266 πατεῖν
401 3212 886 3285 προστεταγμεθα.
1168 3199 1179 3207 ’

1847 1299 2031 1343 autent
2063 1291 2459 1360 concupiscere
2482 1292 2786 1347 secundum
2821 1291 3100 1360 spiritum,
3134 1287 3201 1341 ad
3225 1301 3431 1357 cogno-

1846 1378 2052 1435 scenda
2095 1380 2280 1436 divina
2312 1382 2568 1437 mandata
2600 1381 3166 1453 complacendumque
3205 1380 3338 1443 Deo,
3363 1377 3430 1433 ad

1847 1472 2030 1542 ipsum
2077 1473 2271 1528 referri
2318 1484 2467 1530 recte
2510 1474 2729 1541 dicetis,
2767 1476 2871 1530 nisi
2917 1475 3059 1530 forte
3112 1476 3169 1530 in
3209 1475 3433 1529 illorum

1848 1565 2146 1621 contrariis
2163 1566 2420 1636 spiritum
2444 1567 2711 1639 adiuvare
2757 1568 3108 1634 existimetis,
3131 1557 3241 1621 non
3260 1574 3429 1636 patet.

1849 1653 1954 1720 Qui
1988 1669 2126 1709 vero
2150 1655 2287 1709 dicit
2318 1673 2330 1709 :
2356 1655 2482 1721 Quis
2512 1672 2593 1710 me
2628 1655 2871 1710 liberabit
2902 1657 2965 1710 de
3009 1671 3228 1726 corpore
3250 1656 3432 1709 mortis

1850 1747 2008 1817 hujus
2048 1747 2107 1802 'l
2158 1763 2290 1802 uum
2323 1764 2395 1802 ne
2444 1747 2512 1803 de
2570 1749 2691 1802 utili
2748 1748 3130 1817 cognoscendo
3177 1748 3437 1803 mandata

1850 1794 2006 1817 --ηπ
2093 1794 2105 1802 ,
2325 1794 2394 1802 ..ν
2446 1794 2511 1803 ν,
2751 1794 3128 1817 “unum.”
3178 1794 3437 1803 .-.ην-η

1780 1794 1823 1850 Β
1853 1836 2040 1891 divina
2071 1838 2292 1909 Deoque
2332 1840 2727 1909 complaccndo
2759 1839 3030 1894 liberetur
3059 1840 3261 1895 timet?
3286 1839 3438 1906 Quo-

1852 1928 2129 1999 modoque
2175 1930 2232 1984 in
2271 1931 2478 1985 sanctis
2529 1930 2629 1985 Dei
2661 1930 2994 1985 docibilibus
3022 1938 3189 2000 atque
3223 1930 3437 1987 devotis

1852 2020 1942 2074 hic
1994 2022 2502 2092 pmcipuus'l’uit?
2548 2021 2691 2088 Quid
2723 2022 3047 2093 nosmetipsi
3091 2022 3342 2078 dicemus
3369 2022 3440 2078 de

1853 2112 2194 2181 quotidianis
2238 2114 2446 2170 nostris
2493 2115 2640 2169 circa
2690 2115 3010 2185 corporales
3058 2131 3223 2171 curas
3274 2115 3439 2186 spiri-

1853 2202 2096 2258 tualibus
2132 2203 2483 2259 documentis
2517 2206 2942 2277 actionibusque
2991 2223 3022 2262 a
3063 2207 3227 2263 nobis
3259 2207 3437 2279 negli-

1852 2300 2045 2363 genter
2075 2296 2282 2365 gestis?
2312 2295 2420 2351 Sed
2447 2298 2801 2367 contrarium
2832 2313 2966 2353 vere
2994 2298 3295 2354 videndum
3328 2305 3436 2355 εει.

1853 2382 1961 2436 Αυι
1994 2383 2161 2437 vultis
2185 2382 2564 2454 proﬁcientem
2586 2401 2655 2441 ex
2673 2402 2908 2457 corpore
2945 2387 3184 2443 animam
3209 2387 3440 2443 demon-

1854 2470 2068 2525 strare?
2106 2470 2389 2527 Adversus
2445 2473 2594 2529 enim
2647 2474 2782 2528 illud
2828 2474 3131 2546 pugnando
3188 2474 3439 2546 illudque

1853 2561 2172 2631 castigando
2209 2563 2524 2618 mercedem
2571 2565 2677 2620 sibi
2706 2577 3008 2636 comparat,
3034 2574 3226 2623 contra
3257 2566 3440 2638 ipsum

1854 2651 2234 2707 tantummodo
2271 2654 2545 2711 meditans
2582 2671 2652 2711 ne
2701 2656 2817 2727 ipsa
2873 2657 2967 2713 det
3021 2674 3233 2729 poenas,
3267 2669 3439 2730 utque

1852 2745 2268 2814 operationibus
2312 2745 2462 2802 illius
2496 2748 2784 2804 obstacula
2828 2749 3045 2806 aderat.
3081 2750 3241 2818 Quod
3272 2751 3440 2807 etiam

1851 2844 2083 2890 vocatur
2120 2838 2364 2892 moriens
2405 2853 2474 2893 eo
2517 2840 2666 2909 quod
2698 2841 2791 2896 illa
2822 2857 2933 2897 non
2963 2843 3302 2914 praeviderit,
3333 2860 3437 2899 no-

1857 1192 1992 1254 tum,
2024 1202 2127 1245 nec
2188 1204 2286 1246 vos
2340 1190 2488 1262 ipsos
2535 1191 2786 1247 dubitare
2831 1192 3107 1248 existimo.
3142 1192 3426 1261 Quomodo
3536 1240 3554 1257 .

766 3353 1019 3408 ΚΕΦΑΛ.
1076 3355 1172 3409 H'.-

233 3486 358 3541 Πᾶν
380 3486 559 3542 ὁτιοῦν
582 3488 964 3560 συντιθέμενον
991 3489 1162 3560 ἑτέρῳ
1184 3488 1509 3561 ἐτεροουσίῳ
1525 3491 1606 3556 εἶς
1625 3490 1754 3562 μίαν

159 3574 389 3645 φύσεως
419 3578 450 3648 ἢ
487 3578 840 3643 ὑποστάσεως
865 3578 1149 3643 σύστασιν,
1172 3580 1338 3652 μέρος
1362 3582 1461 3651 τῆς
1489 3582 1754 3636 ἀποτελε-

166 3664 404 3736 σθείσης
446 3665 506 3733 ἐξ
540 3667 724 3721 αὐτῶν
756 3669 971 3737 φύσεως
1006 3669 1320 3724 δείκνυται·
1356 3671 1466 3724 πᾶν
1494 3669 1552 3724 δέ
1585 3671 1757 3742 μέρος

163 3757 514 3828 ἐτεροούσιον
541 3761 672 3831 μιᾶς
694 3760 917 3831 ’φύσεως
943 3760 976 3832 ἢ
1004 3762 1379 3828 ὑποστάσεως,
1409 3763 1472 3816 οὐ
1506 3762 1756 3819 καλεῖται

164 3848 247 3919 τῷ
297 3841 527 3920 ὀνόματι
573 3851 787 3906 ἐκείνου
838 3844 989 3923 ᾧπερ
1040 3851 1366 3920 σύγκειται·
1399 3854 1497 3907 καὶ⁸
1525 3853 1618 3906 ἐπὶ
1658 3852 1755 3907 τοῦ

166 3939 463 4011 ἀνθρώπου
492 3942 624 4011 γὰρ,
655 3944 830 3997 εἶκαὶ
861 3943 928 3997 τὰ
982 3943 1126 4015 μέρη
1169 3942 1336 3997 αὑτοῦ
1382 3943 1630 3998 καλεῖται
1678 3943 1757 4015 τῷ

168 4033 268 4087 τοῦ
297 4035 417 4088 ὅλου
446 4036 674 4106 ὀνόματι
709 4036 857 4105 μετά
883 4037 1201 4109 προσθήκης
1228 4036 1372 4099 τινδς
1397 4036 1491 4090 τοῦ
1519 4036 1627 4090 ἔσω
1661 4037 1758 4091 καὶ

168 4126 302 4191 ἔξω,
346 4126 374 4195 η
408 4128 510 4180 οὐκ
558 4126 702 4181 ἄνευ
727 4127 1044 4199 προσθήκης
1085 4129 1301 4182 τοιᾶσδε
1324 4144 1338 4158 °
1369 4131 1419 4182 ei
1457 4129 1516 4183 δέ
1561 4130 1656 4183 καὶ
1694 4129 1757 4183 τὸ

169 4215 298 4269 δλον
341 4210 467 4270 ἀπο
504 4215 704 4287 μέρους
743 4216 876 4271 ποτέ
915 4218 1266 4290 σημαίνεται,
1298 4219 1415 4274 ἀλλ’
1438 4215 1531 4274 οὖν
1571 4237 1637 4288 γε
1684 4220 1756 4275 τά

69 4374 72 4378 Α
177 4303 325 4375 μέρη
353 4303 462 4357 τῶν
482 4305 688 4374 ἐτέρων
716 4304 899 4376 μερῶν
926 4306 1274 4377 οὑκήξίωται
1300 4308 1412 4362 τῶν
1444 4308 1750 4379 ὀνομάτων·

171 4392 300 4448 οὔτε
331 4395 443 4467 γὰρ
471 4395 620 4467 ψυχὴ
650 4395 789 4467 σὰρξ
816 4395 1086 4466 καλεῖται,
1117 4395 1240 4452 οὔτε
1272 4398 1411 4470 σὰρξ
1436 4399 1603 4470 ψυχή.
1637 4401 1755 4454 Πᾶν

2487 3342 2639 3400 CAP.
2676 3342 2812 3398 VIII.

1924 3476 2098 3533 Omne
2119 3479 2490 3550 quodcunque
2514 3479 2731 3535 unitum
2755 3477 2916 3535 alteri
2932 3477 3164 3533 alterius
3180 3475 3440 3533 substano
3490 3503 3496 3509 —

1858 3569 1947 3626 tia:
1973 3571 2031 3626 in
2054 3588 2220 3626 unam
2243 3579 2457 3627 naturae
2483 3570 2570 3625 vel
2607 3569 2918 3642 hypostasis
2951 3566 3436 3630 constitutionem,

1856 3661 2115 3732 perfectae
2135 3676 2202 3716 ex
2224 3662 2360 3732 ipsis
2381 3668 2598 3716 naturae
2618 3676 2749 3731 pars
2767 3661 3008 3715 videtur.
3032 3658 3227 3715 Omnis
3254 3666 3438 3712 autem

1855 3768 1984 3823 pars
2027 3752 2261 3808 alterius
2300 3751 2628 3807 substantiae
2661 3759 2872 3806 naturae
2912 3750 3079 3805 unius
3119 3749 3207 3804 vel
3236 3756 3294 3803 et
3342 3748 3442 3819 hy-

1857 3843 2116 3914 postasis,
2162 3858 2275 3898 non
2310 3843 2537 3897 nomine
2593 3850 2827 3896 vocatur
2889 3840 3040 3895 illius
3085 3840 3176 3894 cui
3220 3840 3439 3905 unitur;

1857 3936 2037 4008 deque
2073 3935 2224 3992 enim
2278 3933 2525 3999 homine,
2591 3933 2695 3988 etsi
2738 3941 2927 4003 partes
2978 3931 3131 3987 illius
3172 3938 3443 3986 vocentur

1857 4029 2081 4084 nomine
2116 4028 2290 4085 totius
2326 4036 2453 4101 post
2480 4029 2919 4085 additamentum
2955 4026 3232 4098 quoddam
3269 4027 3443 4082 inter-

1855 4136 1989 4176 num
2031 4129 2196 4191 atque
2226 4130 2542 4186 externum,
2572 4121 2660 4177 vel
2687 4120 2807 4176 sine
2847 4121 2959 4175 ullo
2991 4118 3309 4190 huiusmodi
3345 4117 3443 4172 ad-

1857 4213 2187 4278 ditamento,
2242 4213 2349 4268 ctsi
2399 4229 2534 4268 vero
2583 4220 2762 4267 totum
2814 4227 2884 4267 ex
2926 4218 3086 4282 parte
3144 4208 3441 4285 aliquando

1856 4306 2222 4379 signiﬁcetur,
2267 4306 2364 4363 sed
2414 4307 2663 4378 profecto
2698 4316 2885 4378 partes
2914 4306 3157 4377 partium
3207 4305 3440 4359 aliarum

1857 4414 1971 4454 non
2006 4398 2328 4455 nominibus
2351 4397 2531 4470 dignae
2556 4398 2910 4471 iudicantur;
2939 4414 3051 4454 non
3079 4398 3229 4453 enim
3256 4396 3439 4452 anima

173 4488 286 4559 ἄρα
314 4466 697 4558 συντιθέμενον
721 4488 894 4560 ἐτέρῳ
919 4490 1005 4542 ἐτε
1016 4491 1247 4561 ροουσίῳ
1272 4466 1357 4556 εἰς
1384 4466 1755 4561 indigno-tisse);

1861 4505 1992 4546 caro
2032 4498 2264 4545 vocatur
2318 4506 2423 4547 nec
2468 4505 2596 4546 caro
2634 4490 2838 4544 anima.
2888 4487 3062 4545 Omne
3113 4503 3244 4560 ergo
3277 4486 3443 4542 alteri

174 4579 209 4649 ἦ
247 4579 342 4632 καὶ
373 4580 722 4641 ὑποστάσεως
752 4579 1040 4647 σύστασιν,
1072 4581 1172 4635 οὑκ
1193 4580 1424 4651 ἠξίωται
1448 4581 1541 4636 τοῦ
1566 4582 1759 4654 ἐτέρου

181 4673 380 4744 μέρους
418 4673 513 4726 τοῦ
546 4673 831 4742 ὀνόματος.
866 4672 928 4725 Εἰ
962 4673 1019 4727 δὲ
1057 4672 1250 4741 τοῦτο,
1277 4673 1311 4745 ἢ
1343 4672 1405 4728 οὑ
1441 4674 1697 4746 συνετέθη
1729 4675 1759 4728 ὀ

177 4765 309 4828 Θεὸς
339 4766 512 4834 Λόγος
560 4765 639 4836 τῷ
687 4763 747 4830 ἐξ
794 4765 953 4837 ἡμῶν
980 4763 1276 4845 ἀνθρώπῳ,
1303 4764 1434 4827 Υἱὸς
1463 4764 1755 4835 ἀνθρώπου

177 4858 504 4929 λεγόμενος,
531 4857 566 4929 ἦ
625 4857 924 4925 συντεθεὶς,
955 4856 1080 4911 οὔτε
1137 4856 1302 4921 αὑτὸς
1354 4855 1570 4925 λέγεται
1627 4856 1758 4923 Υἱὸς

176 4948 505 5020 ἀνθρώπου,
559 4948 680 5002 οὑδέ
733 4948 797 5002 τὸ
854 4950 914 5015 ἐξ
973 4949 1164 5020 ἡμῶν,
1220 4948 1349 5013 Υἱὸς
1400 4947 1559 5018 Θεοῦ,
1619 4948 1758 5022 ὅπερ

177 5041 392 5106 ἀσεϐές.

247 5223 362 5278 Νῦν
422 5224 611 5294 ὥσπερ
653 5225 1033 5297 ἀμελήσαντες
1092 5225 1225 5297 περὶ
1261 5224 1372 5279 τῶν
1406 5227 1752 5296 πραγμάτων

184 5310 383 5379 ζητεῖν,
414 5316 494 5376 εἰς
523 5314 624 5383 τὴν
662 5317 793 5386 περὶ
818 5315 926 5368 τῶν
956 5316 1205 5388 κλήσεων
1248 5314 1474 5386 ἔρευναν
1511 5332 1753 5387 μετεχω-

186 5402 407 5475 ρήσατε,
438 5409 531 5460 καὶ
555 5406 871 5477 θαυμαστόν
908 5424 959 5460 τι
986 5408 1133 5477 ἡμᾶς
1173 5405 1453 5471 ἐδιδάξατε
1501 5407 1590 5462 διὰ
1620 5426 1756 5463 παν-

182 5497 270 5561 τὸς
316 5497 472 5552 τοῦδε
513 5500 608 5553 τοῦ
657 5500 1091 5571 ἐπιχειρήματος
1119 5498 1296 5571 ὑμῶν,
1327 5498 1404 5564 ὡς
1455 5499 1659 5570 μᾶλλον
1689 5501 1757 5556 ἂν

183 5587 392 5656 λέγοιτο
428 5590 509 5662 τῷ
551 5591 648 5645 τοῦ
684 5592 874 5663 ἐτέρου
905 5592 1132 5664 ὀνόματι
1162 5590 1223 5645 τὺ
1252 5588 1430 5663 πάντη
1470 5591 1636 5647 αὑτοῦ
1665 5610 1753 5649 κε-

176 5856 186 5864 .
253 5773 274 5803 '
309 5771 466 5828 Rom.
502 5788 594 5838 vu,
629 5773 718 5827 24.

1859 4584 2091 4638 alterius
2147 4583 2474 4639 substantia:
2517 4582 2735 4638 unitum
2778 4582 2836 4636 in
2896 4581 3064 4637 unius
3096 4589 3307 4637 naturae
3354 4581 3442 4635 vel

1859 4686 1917 4730 et
1967 4675 2277 4747 hypostasis
2316 4674 2794 4739 constitutionem,
2826 4689 2936 4728 non
2961 4672 3187 4744 dignum
3214 4670 3442 4727 alterius

1860 4767 2037 4837 partis
2089 4766 2315 4821 nomine
2339 4765 2644 4836 iudicatur.
2678 4763 2735 4820 Si
2767 4771 2950 4819 autem
2991 4763 3067 4818 ita
3094 4763 3188 4826 sit,
3212 4761 3302 4816 vel
3329 4776 3440 4814 non

1861 4861 2050 4916 unitus
2086 4867 2172 4915 εει
2214 4858 2382 4914 alicui
2416 4873 2486 4913 ex
2528 4857 2692 4912 nobis
2732 4856 2879 4910 Deus
2910 4855 3176 4917 Verbum,
3217 4851 3313 4923 qui
3351 4851 3441 4906 Fi-

1857 4951 1968 5007 lius
2005 4951 2248 5005 hominis
2280 4949 2508 5013 dicitur,
2548 4948 2637 5003 vel
2685 4946 2876 5001 unitus
2920 4953 3026 5009 est,
3060 4960 3164 4999 nec
3204 4944 3319 5013 ipse
3351 4943 3438 4997 di-

1859 5041 2005 5096 citur
2033 5039 2210 5095 Filius
2230 5037 2496 5104 hominis,
2519 5051 2626 5092 nec
2643 5035 2793 5106 quod
2836 5050 2904 5090 ex
2939 5033 3102 5089 nobis
3130 5040 3233 5098 est,
3270 5032 3440 5087 Filius

1856 5133 1976 5196 Dei,
2006 5129 2156 5202 quod
2184 5139 2273 5186 est
2310 5130 2542 5199 impium
2573 5170 2591 5185 .

1926 5224 2086 5279 Nunc
2109 5222 2268 5292 quasi
2288 5223 2357 5278 de
2382 5221 2551 5277 rebus
2570 5219 2918 5292 inquirendis
2938 5234 3133 5290 parum
3160 5226 3437 5282 curantes,

1862 5316 1919 5370 in
1946 5315 2379 5387 appellationum
2422 5314 2843 5386 inquisitionem
2882 5311 3179 5374 transistis,
3223 5310 3442 5380 hocque

1862 5407 2013 5464 omni
2042 5416 2230 5464 vestro
2266 5417 2592 5480 argumento
2621 5406 2899 5478 quoddam
2928 5405 3182 5461 mirabile
3204 5418 3307 5460 nos
3339 5401 3441 5457 do-

1863 5499 2080 5569 cuistis,
2108 5500 2268 5572 quasi
2312 5500 2523 5571 aliquid
2564 5500 2740 5572 magis
2783 5499 3063 5557 diceretur
3102 5498 3327 5554 nomine
3358 5496 3439 5552 al-

1863 5591 2038 5650 terius
2066 5609 2097 5650 a
2124 5605 2232 5662 quo
2264 5593 2492 5650 omnino
2520 5578 2761 5650 alienum
2788 5601 2894 5659 est,
2918 5607 3084 5664 quam
3111 5591 3258 5664 quod
3283 5591 3440 5662 iuxta
