  <div class='ocr_page' id='page_1' title='image "/cluster/home/n/w/nwhite01/storage/ocr_20150623/86 pars.1/pst.000005712878/759.png"; bbox 0 0 3876 6310; ppageno 0'>
   <div class='ocr_carea' id='block_1_1' title="bbox 485 269 615 335">
    <p class='ocr_par' dir='ltr' id='par_1_1' title="bbox 485 269 615 335">
     <span class='ocr_line' id='line_1_1' title="bbox 485 269 615 335; baseline 0 -1"><span class='ocrx_word' id='word_1_1' title='bbox 485 269 615 335; x_wconf 65' lang='grc'><strong>1431</strong></span> 
     </span>
    </p>
   </div>
   <div class='ocr_carea' id='block_1_2' title="bbox 1725 279 2471 341">
    <p class='ocr_par' dir='ltr' id='par_1_2' title="bbox 1725 279 2471 341">
     <span class='ocr_line' id='line_1_2' title="bbox 1725 279 2471 341; baseline 0 -2"><span class='ocrx_word' id='word_1_2' title='bbox 1725 279 2036 341; x_wconf 82' lang='lat' dir='ltr'><strong>LEONTII</strong></span> <span class='ocrx_word' id='word_1_3' title='bbox 2069 280 2436 341; x_wconf 75' lang='grc' dir='ltr'><strong>ΒΥΖΑΝΤΙΝ</strong></span> <span class='ocrx_word' id='word_1_4' title='bbox 2444 280 2471 339; x_wconf 89' lang='grc' dir='ltr'><strong>Ι</strong></span> 
     </span>
    </p>
   </div>
   <div class='ocr_carea' id='block_1_3' title="bbox 3649 271 3787 338">
    <p class='ocr_par' dir='ltr' id='par_1_3' title="bbox 3649 271 3787 338">
     <span class='ocr_line' id='line_1_3' title="bbox 3649 271 3787 338; baseline 0.022 -3"><span class='ocrx_word' id='word_1_5' title='bbox 3649 271 3787 338; x_wconf 64' lang='grc' dir='ltr'><strong>ΗΕ</strong></span> 
     </span>
    </p>
   </div>
   <div class='ocr_carea' id='block_1_4' title="bbox 482 366 2036 459">
    <p class='ocr_par' dir='ltr' id='par_1_4' title="bbox 482 381 2036 451">
     <span class='ocr_line' id='line_1_4' title="bbox 482 381 2036 451; baseline 0.004 -16"><span class='ocrx_word' id='word_1_6' title='bbox 482 381 786 451; x_wconf 80' lang='lat' dir='ltr'><strong>quidquam</strong></span> <span class='ocrx_word' id='word_1_7' title='bbox 834 381 996 437; x_wconf 93' lang='lat' dir='ltr'><strong>alteri</strong></span> <span class='ocrx_word' id='word_1_8' title='bbox 1046 382 1264 437; x_wconf 88' lang='lat' dir='ltr'><strong>unitum</strong></span> <span class='ocrx_word' id='word_1_9' title='bbox 1306 391 1411 439; x_wconf 87' lang='lat' dir='ltr'><strong>est.</strong></span> <span class='ocrx_word' id='word_1_10' title='bbox 1455 382 1717 450; x_wconf 83' lang='lat' dir='ltr'><strong>Quamvis</strong></span> <span class='ocrx_word' id='word_1_11' title='bbox 1763 402 1866 441; x_wconf 89' lang='lat' dir='ltr'><strong>nos</strong></span> <span class='ocrx_word' id='word_1_12' title='bbox 1912 387 2036 442; x_wconf 77' lang='lat' dir='ltr'><strong>baut</strong></span> 
     </span>
    </p>
   </div>
   <div class='ocr_carea' id='block_1_5' title="bbox 2138 366 3784 459">
    <p class='ocr_par' dir='ltr' id='par_1_5' title="bbox 2162 366 3784 459">
     <span class='ocr_line' id='line_1_5' title="bbox 2162 366 3784 459; baseline -0.001 -19"><span class='ocrx_word' id='word_1_13' title='bbox 2162 386 2582 459; x_wconf 79' lang='grc' dir='ltr'>χωρισμένον,ἢ</span> <span class='ocrx_word' id='word_1_14' title='bbox 2611 385 2671 439; x_wconf 82' lang='grc' dir='ltr'>τὸ</span> <span class='ocrx_word' id='word_1_15' title='bbox 2702 366 2918 440; x_wconf 49' lang='lat' dir='ltr'><strong>sca-td}:</strong></span> <span class='ocrx_word' id='word_1_16' title='bbox 2949 381 3102 456; x_wconf 82' lang='grc' dir='ltr'>αὐτῷ</span> <span class='ocrx_word' id='word_1_17' title='bbox 3133 387 3546 454; x_wconf 65' lang='grc' dir='ltr'>συγκείμενον.</span> <span class='ocrx_word' id='word_1_18' title='bbox 3580 383 3784 439; x_wconf 70' lang='grc' dir='ltr'>Καίτοι</span> 
     </span>
    </p>
   </div>
   <div class='ocr_carea' id='block_1_6' title="bbox 482 472 2059 546">
    <p class='ocr_par' dir='ltr' id='par_1_6' title="bbox 482 472 2059 546">
     <span class='ocr_line' id='line_1_6' title="bbox 482 472 2059 546; baseline 0.004 -20"><span class='ocrx_word' id='word_1_19' title='bbox 482 474 730 527; x_wconf 85' lang='lat' dir='ltr'><strong>dicamus</strong></span> <span class='ocrx_word' id='word_1_20' title='bbox 754 473 947 528; x_wconf 88' lang='lat' dir='ltr'><strong>eodem</strong></span> <span class='ocrx_word' id='word_1_21' title='bbox 988 472 1152 529; x_wconf 90' lang='lat' dir='ltr'><strong>modo</strong></span> <span class='ocrx_word' id='word_1_22' title='bbox 1186 474 1391 540; x_wconf 87' lang='lat' dir='ltr'><strong>vocari,</strong></span> <span class='ocrx_word' id='word_1_23' title='bbox 1439 475 1680 546; x_wconf 79' lang='lat' dir='ltr'><strong>licetque</strong></span> <span class='ocrx_word' id='word_1_24' title='bbox 1723 476 1937 532; x_wconf 91' lang='lat' dir='ltr'><strong>dicatur</strong></span> <span class='ocrx_word' id='word_1_25' title='bbox 1977 478 2059 532; x_wconf 87' lang='lat' dir='ltr'><strong>al-</strong></span> 
     </span>
    </p>
   </div>
   <div class='ocr_carea' id='block_1_7' title="bbox 484 571 2061 644">
    <p class='ocr_par' dir='ltr' id='par_1_7' title="bbox 484 571 2061 644">
     <span class='ocr_line' id='line_1_7' title="bbox 484 571 2061 644; baseline 0.004 -22"><span class='ocrx_word' id='word_1_26' title='bbox 484 577 695 623; x_wconf 89' lang='lat' dir='ltr'><strong>terutra</strong></span> <span class='ocrx_word' id='word_1_27' title='bbox 727 584 852 639; x_wconf 89' lang='lat' dir='ltr'><strong>pars</strong></span> <span class='ocrx_word' id='word_1_28' title='bbox 891 571 1180 640; x_wconf 88' lang='lat' dir='ltr'><strong>compositi</strong></span> <span class='ocrx_word' id='word_1_29' title='bbox 1215 571 1446 627; x_wconf 85' lang='lat' dir='ltr'><strong>alterius</strong></span> <span class='ocrx_word' id='word_1_30' title='bbox 1487 573 1736 641; x_wconf 81' lang='lat' dir='ltr'><strong>nomine,</strong></span> <span class='ocrx_word' id='word_1_31' title='bbox 1769 590 2061 644; x_wconf 77' lang='lat' dir='ltr'><strong>argumen—</strong></span> 
     </span>
    </p>
   </div>
   <div class='ocr_carea' id='block_1_8' title="bbox 486 661 2055 720">
    <p class='ocr_par' dir='ltr' id='par_1_8' title="bbox 486 661 2055 720">
     <span class='ocr_line' id='line_1_8' title="bbox 486 661 2055 720; baseline 0.003 -6"><span class='ocrx_word' id='word_1_32' title='bbox 486 661 747 715; x_wconf 79' lang='lat' dir='ltr'><strong>tationem</strong></span> <span class='ocrx_word' id='word_1_33' title='bbox 766 670 1002 719; x_wconf 80' lang='lat' dir='ltr'><strong>vestram</strong></span> <span class='ocrx_word' id='word_1_34' title='bbox 1039 662 1336 718; x_wconf 80' lang='lat' dir='ltr'><strong>ordinatim</strong></span> <span class='ocrx_word' id='word_1_35' title='bbox 1354 663 1656 719; x_wconf 82' lang='lat' dir='ltr'><strong>videamus.</strong></span> <span class='ocrx_word' id='word_1_36' title='bbox 1674 664 1867 720; x_wconf 87' lang='lat' dir='ltr'><strong>Dicitis</strong></span> <span class='ocrx_word' id='word_1_37' title='bbox 1880 664 2055 719; x_wconf 88' lang='lat' dir='ltr'><strong>enim:</strong></span> 
     </span>
    </p>
   </div>
   <div class='ocr_carea' id='block_1_9' title="bbox 483 750 2059 823">
    <p class='ocr_par' dir='ltr' id='par_1_9' title="bbox 483 750 2059 823">
     <span class='ocr_line' id='line_1_9' title="bbox 483 750 2059 823; baseline 0.004 -19"><span class='ocrx_word' id='word_1_38' title='bbox 483 750 648 819; x_wconf 80' lang='lat' dir='ltr'><strong>Omne</strong></span> <span class='ocrx_word' id='word_1_39' title='bbox 685 752 1032 823; x_wconf 76' lang='lat' dir='ltr'><strong>quodcunque</strong></span> <span class='ocrx_word' id='word_1_40' title='bbox 1072 756 1282 808; x_wconf 83' lang='lat' dir='ltr'><strong>unitum</strong></span> <span class='ocrx_word' id='word_1_41' title='bbox 1307 755 1466 809; x_wconf 75' lang='lat' dir='ltr'><strong>aheri</strong></span> <span class='ocrx_word' id='word_1_42' title='bbox 1499 755 1719 811; x_wconf 74' lang='lat' dir='ltr'><strong>alterius</strong></span> <span class='ocrx_word' id='word_1_43' title='bbox 1750 751 2059 812; x_wconf 70' lang='lat' dir='ltr'><strong>substantia:</strong></span> 
     </span>
    </p>
   </div>
   <div class='ocr_carea' id='block_1_10' title="bbox 484 844 2055 917">
    <p class='ocr_par' dir='ltr' id='par_1_10' title="bbox 484 844 2055 917">
     <span class='ocr_line' id='line_1_10' title="bbox 484 844 2055 917; baseline 0.004 -21"><span class='ocrx_word' id='word_1_44' title='bbox 484 844 537 917; x_wconf 81' lang='lat' dir='ltr'><strong>in</strong></span> <span class='ocrx_word' id='word_1_45' title='bbox 577 860 741 897; x_wconf 86' lang='lat' dir='ltr'><strong>unam</strong></span> <span class='ocrx_word' id='word_1_46' title='bbox 792 854 1001 900; x_wconf 60' lang='lat' dir='ltr'><strong>natura:</strong></span> <span class='ocrx_word' id='word_1_47' title='bbox 1055 845 1137 899; x_wconf 81' lang='lat' dir='ltr'><strong>vel</strong></span> <span class='ocrx_word' id='word_1_48' title='bbox 1177 855 1226 900; x_wconf 77' lang='lat' dir='ltr'><strong>et</strong></span> <span class='ocrx_word' id='word_1_49' title='bbox 1280 847 1573 917; x_wconf 72' lang='lat' dir='ltr'><strong>hypostasis</strong></span> <span class='ocrx_word' id='word_1_50' title='bbox 1611 850 2055 914; x_wconf 70' lang='lat' dir='ltr'><strong>constitutionem,</strong></span> 
     </span>
    </p>
   </div>
   <div class='ocr_carea' id='block_1_11' title="bbox 482 934 2057 1006">
    <p class='ocr_par' dir='ltr' id='par_1_11' title="bbox 482 934 2057 1006">
     <span class='ocr_line' id='line_1_11' title="bbox 482 934 2057 1006; baseline 0.005 -21"><span class='ocrx_word' id='word_1_51' title='bbox 482 934 710 1006; x_wconf 72' lang='lat' dir='ltr'><strong>perfecto</strong></span> <span class='ocrx_word' id='word_1_52' title='bbox 733 950 798 988; x_wconf 81' lang='lat' dir='ltr'><strong>ea:</strong></span> <span class='ocrx_word' id='word_1_53' title='bbox 826 936 951 1005; x_wconf 87' lang='lat' dir='ltr'><strong>ipsis</strong></span> <span class='ocrx_word' id='word_1_54' title='bbox 974 944 1184 991; x_wconf 63' lang='lat' dir='ltr'><strong>natura:</strong></span> <span class='ocrx_word' id='word_1_55' title='bbox 1210 953 1337 1005; x_wconf 73' lang='lat' dir='ltr'><strong>pars</strong></span> <span class='ocrx_word' id='word_1_56' title='bbox 1360 938 1586 991; x_wconf 81' lang='lat' dir='ltr'><strong>videtur.</strong></span> <span class='ocrx_word' id='word_1_57' title='bbox 1617 936 1664 991; x_wconf 85' lang='lat' dir='ltr'><strong>A</strong></span> <span class='ocrx_word' id='word_1_58' title='bbox 1692 937 1852 993; x_wconf 87' lang='lat' dir='ltr'><strong>nobis</strong></span> <span class='ocrx_word' id='word_1_59' title='bbox 1874 946 2057 993; x_wconf 82' lang='lat' dir='ltr'><strong>autem</strong></span> 
     </span>
    </p>
   </div>
   <div class='ocr_carea' id='block_1_12' title="bbox 477 1024 2058 1099">
    <p class='ocr_par' dir='ltr' id='par_1_12' title="bbox 477 1024 2058 1099">
     <span class='ocr_line' id='line_1_12' title="bbox 477 1024 2058 1099; baseline 0.004 -22"><span class='ocrx_word' id='word_1_60' title='bbox 477 1026 591 1095; x_wconf 88' lang='lat' dir='ltr'><strong>jam</strong></span> <span class='ocrx_word' id='word_1_61' title='bbox 633 1024 842 1082; x_wconf 89' lang='lat' dir='ltr'><strong>dictum</strong></span> <span class='ocrx_word' id='word_1_62' title='bbox 875 1036 960 1082; x_wconf 89' lang='lat' dir='ltr'><strong>est</strong></span> <span class='ocrx_word' id='word_1_63' title='bbox 998 1028 1053 1082; x_wconf 88' lang='lat' dir='ltr'><strong>in</strong></span> <span class='ocrx_word' id='word_1_64' title='bbox 1097 1028 1499 1098; x_wconf 69' lang='lat' dir='ltr'><strong>superioribus,</strong></span> <span class='ocrx_word' id='word_1_65' title='bbox 1547 1044 1709 1099; x_wconf 85' lang='lat' dir='ltr'><strong>quam</strong></span> <span class='ocrx_word' id='word_1_66' title='bbox 1745 1038 1894 1084; x_wconf 89' lang='lat' dir='ltr'><strong>recte</strong></span> <span class='ocrx_word' id='word_1_67' title='bbox 1935 1045 2058 1099; x_wconf 66' lang='lat' dir='ltr'><strong>qua</strong></span> 
     </span>
    </p>
   </div>
   <div class='ocr_carea' id='block_1_13' title="bbox 480 1118 2057 1186">
    <p class='ocr_par' dir='ltr' id='par_1_13' title="bbox 480 1118 2057 1186">
     <span class='ocr_line' id='line_1_13' title="bbox 480 1118 2057 1186; baseline 0.003 -15"><span class='ocrx_word' id='word_1_68' title='bbox 480 1133 549 1172; x_wconf 84' lang='lat' dir='ltr'><strong>ex</strong></span> <span class='ocrx_word' id='word_1_69' title='bbox 578 1118 783 1173; x_wconf 88' lang='lat' dir='ltr'><strong>unione</strong></span> <span class='ocrx_word' id='word_1_70' title='bbox 829 1135 992 1175; x_wconf 86' lang='lat' dir='ltr'><strong>unam</strong></span> <span class='ocrx_word' id='word_1_71' title='bbox 1034 1130 1288 1176; x_wconf 86' lang='lat' dir='ltr'><strong>naturam</strong></span> <span class='ocrx_word' id='word_1_72' title='bbox 1332 1121 1564 1185; x_wconf 82' lang='lat' dir='ltr'><strong>iaciunt,</strong></span> <span class='ocrx_word' id='word_1_73' title='bbox 1608 1136 1716 1176; x_wconf 86' lang='lat' dir='ltr'><strong>non</strong></span> <span class='ocrx_word' id='word_1_74' title='bbox 1750 1121 1930 1186; x_wconf 86' lang='lat' dir='ltr'><strong>nobis,</strong></span> <span class='ocrx_word' id='word_1_75' title='bbox 1960 1121 2057 1176; x_wconf 88' lang='lat' dir='ltr'><strong>sed</strong></span> 
     </span>
    </p>
   </div>
   <div class='ocr_carea' id='block_1_14' title="bbox 483 1207 2051 1278">
    <p class='ocr_par' dir='ltr' id='par_1_14' title="bbox 483 1207 2051 1278">
     <span class='ocr_line' id='line_1_14' title="bbox 483 1207 2051 1278; baseline 0.003 -18"><span class='ocrx_word' id='word_1_76' title='bbox 483 1208 571 1262; x_wconf 83' lang='lat' dir='ltr'><strong>bis</strong></span> <span class='ocrx_word' id='word_1_77' title='bbox 592 1207 687 1278; x_wconf 90' lang='lat' dir='ltr'><strong>qui</strong></span> <span class='ocrx_word' id='word_1_78' title='bbox 718 1217 971 1265; x_wconf 86' lang='lat' dir='ltr'><strong>naturam</strong></span> <span class='ocrx_word' id='word_1_79' title='bbox 992 1210 1208 1265; x_wconf 91' lang='lat' dir='ltr'><strong>Domini</strong></span> <span class='ocrx_word' id='word_1_80' title='bbox 1235 1226 1400 1265; x_wconf 90' lang='lat' dir='ltr'><strong>unam</strong></span> <span class='ocrx_word' id='word_1_81' title='bbox 1427 1225 1547 1266; x_wconf 90' lang='lat' dir='ltr'><strong>esse</strong></span> <span class='ocrx_word' id='word_1_82' title='bbox 1586 1210 1805 1274; x_wconf 88' lang='lat' dir='ltr'><strong>dicunt,</strong></span> <span class='ocrx_word' id='word_1_83' title='bbox 1826 1210 2051 1265; x_wconf 65' lang='lat' dir='ltr'><strong>alienis.</strong></span> 
     </span>
    </p>
   </div>
   <div class='ocr_carea' id='block_1_15' title="bbox 480 1297 2055 1373">
    <p class='ocr_par' dir='ltr' id='par_1_15' title="bbox 480 1297 2055 1373">
     <span class='ocr_line' id='line_1_15' title="bbox 480 1297 2055 1373; baseline 0.003 -21"><span class='ocrx_word' id='word_1_84' title='bbox 480 1297 612 1364; x_wconf 67' lang='lat' dir='ltr'><strong>Quae</strong></span> <span class='ocrx_word' id='word_1_85' title='bbox 637 1309 824 1355; x_wconf 85' lang='lat' dir='ltr'><strong>autem</strong></span> <span class='ocrx_word' id='word_1_86' title='bbox 844 1316 913 1355; x_wconf 85' lang='lat' dir='ltr'><strong>ex</strong></span> <span class='ocrx_word' id='word_1_87' title='bbox 946 1301 1170 1365; x_wconf 79' lang='lat' dir='ltr'><strong>unione,</strong></span> <span class='ocrx_word' id='word_1_88' title='bbox 1197 1318 1360 1356; x_wconf 87' lang='lat' dir='ltr'><strong>unam</strong></span> <span class='ocrx_word' id='word_1_89' title='bbox 1388 1317 1510 1357; x_wconf 89' lang='lat' dir='ltr'><strong>esse</strong></span> <span class='ocrx_word' id='word_1_90' title='bbox 1532 1301 1866 1373; x_wconf 88' lang='lat' dir='ltr'><strong>hypostasim</strong></span> <span class='ocrx_word' id='word_1_91' title='bbox 1895 1302 2055 1357; x_wconf 90' lang='lat' dir='ltr'><strong>unice</strong></span> 
     </span>
    </p>
   </div>
   <div class='ocr_carea' id='block_1_16' title="bbox 481 1390 2055 1465">
    <p class='ocr_par' dir='ltr' id='par_1_16' title="bbox 481 1390 2055 1465">
     <span class='ocr_line' id='line_1_16' title="bbox 481 1390 2055 1465; baseline 0.003 -23"><span class='ocrx_word' id='word_1_92' title='bbox 481 1390 870 1446; x_wconf 84' lang='lat' dir='ltr'><strong>subsistentem</strong></span> <span class='ocrx_word' id='word_1_93' title='bbox 901 1390 1279 1447; x_wconf 84' lang='lat' dir='ltr'><strong>demonstrata</strong></span> <span class='ocrx_word' id='word_1_94' title='bbox 1313 1401 1464 1457; x_wconf 90' lang='lat' dir='ltr'><strong>sunt,</strong></span> <span class='ocrx_word' id='word_1_95' title='bbox 1493 1392 1649 1465; x_wconf 84' lang='lat' dir='ltr'><strong>quasi</strong></span> <span class='ocrx_word' id='word_1_96' title='bbox 1687 1407 1798 1447; x_wconf 92' lang='lat' dir='ltr'><strong>non</strong></span> <span class='ocrx_word' id='word_1_97' title='bbox 1831 1391 2055 1463; x_wconf 86' lang='lat' dir='ltr'><strong>proprie</strong></span> 
     </span>
    </p>
   </div>
   <div class='ocr_carea' id='block_1_17' title="bbox 478 1480 2052 1553">
    <p class='ocr_par' dir='ltr' id='par_1_17' title="bbox 478 1480 2052 1553">
     <span class='ocr_line' id='line_1_17' title="bbox 478 1480 2052 1553; baseline 0.002 -21"><span class='ocrx_word' id='word_1_98' title='bbox 478 1480 680 1549; x_wconf 84' lang='lat' dir='ltr'><strong>aliquis</strong></span> <span class='ocrx_word' id='word_1_99' title='bbox 725 1480 938 1536; x_wconf 83' lang='lat' dir='ltr'><strong>diceret</strong></span> <span class='ocrx_word' id='word_1_100' title='bbox 958 1490 1145 1552; x_wconf 85' lang='lat' dir='ltr'><strong>partes</strong></span> <span class='ocrx_word' id='word_1_101' title='bbox 1169 1482 1477 1553; x_wconf 80' lang='lat' dir='ltr'><strong>bypostasis</strong></span> <span class='ocrx_word' id='word_1_102' title='bbox 1506 1482 1769 1553; x_wconf 87' lang='lat' dir='ltr'><strong>quasdam</strong></span> <span class='ocrx_word' id='word_1_103' title='bbox 1798 1481 2052 1552; x_wconf 88' lang='lat' dir='ltr'><strong>proprie-</strong></span> 
     </span>
    </p>
   </div>
   <div class='ocr_carea' id='block_1_18' title="bbox 481 1570 2052 1641">
    <p class='ocr_par' dir='ltr' id='par_1_18' title="bbox 481 1570 2052 1641">
     <span class='ocr_line' id='line_1_18' title="bbox 481 1570 2052 1641; baseline -0.001 -18"><span class='ocrx_word' id='word_1_104' title='bbox 481 1578 620 1624; x_wconf 72' lang='lat' dir='ltr'><strong>tates</strong></span> <span class='ocrx_word' id='word_1_105' title='bbox 648 1571 1228 1637; x_wconf 85' lang='lat' dir='ltr'><strong>substantiarum,etsi</strong></span> <span class='ocrx_word' id='word_1_106' title='bbox 1262 1586 1370 1625; x_wconf 92' lang='lat' dir='ltr'><strong>non</strong></span> <span class='ocrx_word' id='word_1_107' title='bbox 1393 1572 1509 1625; x_wconf 87' lang='lat' dir='ltr'><strong>sine</strong></span> <span class='ocrx_word' id='word_1_108' title='bbox 1535 1571 1771 1641; x_wconf 87' lang='lat' dir='ltr'><strong>propriis</strong></span> <span class='ocrx_word' id='word_1_109' title='bbox 1796 1570 2052 1625; x_wconf 84' lang='lat' dir='ltr'><strong>substan-</strong></span> 
     </span>
    </p>
   </div>
   <div class='ocr_carea' id='block_1_19' title="bbox 479 1649 2050 1730">
    <p class='ocr_par' dir='ltr' id='par_1_19' title="bbox 479 1649 2050 1730">
     <span class='ocr_line' id='line_1_19' title="bbox 479 1649 2050 1730; baseline -0.001 -14"><span class='ocrx_word' id='word_1_110' title='bbox 479 1662 571 1716; x_wconf 85' lang='lat' dir='ltr'><strong>tiis</strong></span> <span class='ocrx_word' id='word_1_111' title='bbox 589 1662 705 1717; x_wconf 71' lang='lat' dir='ltr'><strong>haec</strong></span> <span class='ocrx_word' id='word_1_112' title='bbox 718 1663 1144 1718; x_wconf 88' lang='lat' dir='ltr'><strong>considerentur</strong></span> <span class='ocrx_word' id='word_1_113' title='bbox 1161 1682 1176 1730; x_wconf 87' lang='lat'><strong>;</strong></span> <span class='ocrx_word' id='word_1_114' title='bbox 1196 1649 1412 1719; x_wconf 80' lang='lat' dir='ltr'><strong>illarum</strong></span> <span class='ocrx_word' id='word_1_115' title='bbox 1438 1663 1585 1718; x_wconf 91' lang='lat' dir='ltr'><strong>enim</strong></span> <span class='ocrx_word' id='word_1_116' title='bbox 1611 1661 1863 1716; x_wconf 88' lang='lat' dir='ltr'><strong>collectio</strong></span> <span class='ocrx_word' id='word_1_117' title='bbox 1888 1676 2050 1715; x_wconf 86' lang='lat' dir='ltr'><strong>unam</strong></span> 
     </span>
    </p>
   </div>
   <div class='ocr_carea' id='block_1_20' title="bbox 478 1750 2051 1823">
    <p class='ocr_par' dir='ltr' id='par_1_20' title="bbox 478 1750 2051 1823">
     <span class='ocr_line' id='line_1_20' title="bbox 478 1750 2051 1823; baseline 0.001 -19"><span class='ocrx_word' id='word_1_118' title='bbox 478 1750 818 1821; x_wconf 79' lang='lat' dir='ltr'><strong>bypostasim</strong></span> <span class='ocrx_word' id='word_1_119' title='bbox 849 1752 1157 1814; x_wconf 85' lang='lat' dir='ltr'><strong>constituit,</strong></span> <span class='ocrx_word' id='word_1_120' title='bbox 1191 1768 1314 1822; x_wconf 69' lang='lat' dir='ltr'><strong>qua:</strong></span> <span class='ocrx_word' id='word_1_121' title='bbox 1338 1768 1434 1821; x_wconf 88' lang='lat' dir='ltr'><strong>per</strong></span> <span class='ocrx_word' id='word_1_122' title='bbox 1477 1753 1625 1823; x_wconf 87' lang='lat' dir='ltr'><strong>ipsas</strong></span> <span class='ocrx_word' id='word_1_123' title='bbox 1652 1753 1860 1822; x_wconf 87' lang='lat' dir='ltr'><strong>absque</strong></span> <span class='ocrx_word' id='word_1_124' title='bbox 1889 1760 2051 1807; x_wconf 83' lang='lat' dir='ltr'><strong>natu-</strong></span> 
     </span>
    </p>
   </div>
   <div class='ocr_carea' id='block_1_21' title="bbox 476 1840 2048 1913">
    <p class='ocr_par' dir='ltr' id='par_1_21' title="bbox 476 1840 2048 1913">
     <span class='ocr_line' id='line_1_21' title="bbox 476 1840 2048 1913; baseline 0.001 -19"><span class='ocrx_word' id='word_1_125' title='bbox 476 1840 575 1906; x_wconf 89' lang='lat' dir='ltr'><strong>ris,</strong></span> <span class='ocrx_word' id='word_1_126' title='bbox 625 1856 731 1896; x_wconf 90' lang='lat' dir='ltr'><strong>nec</strong></span> <span class='ocrx_word' id='word_1_127' title='bbox 775 1857 898 1897; x_wconf 86' lang='lat' dir='ltr'><strong>esse</strong></span> <span class='ocrx_word' id='word_1_128' title='bbox 936 1858 1039 1896; x_wconf 89' lang='lat' dir='ltr'><strong>nec</strong></span> <span class='ocrx_word' id='word_1_129' title='bbox 1085 1841 1191 1897; x_wconf 91' lang='lat' dir='ltr'><strong>sibi</strong></span> <span class='ocrx_word' id='word_1_130' title='bbox 1234 1842 1468 1897; x_wconf 86' lang='lat' dir='ltr'><strong>invicem</strong></span> <span class='ocrx_word' id='word_1_131' title='bbox 1513 1843 1769 1913; x_wconf 81' lang='lat' dir='ltr'><strong>conjungi</strong></span> <span class='ocrx_word' id='word_1_132' title='bbox 1817 1850 2048 1911; x_wconf 91' lang='lat' dir='ltr'><strong>queunt.</strong></span> 
     </span>
    </p>
   </div>
   <div class='ocr_carea' id='block_1_22' title="bbox 473 1928 2048 2003">
    <p class='ocr_par' dir='ltr' id='par_1_22' title="bbox 473 1928 2048 2003">
     <span class='ocr_line' id='line_1_22' title="bbox 473 1928 2048 2003; baseline 0.002 -20"><span class='ocrx_word' id='word_1_133' title='bbox 473 1928 715 1997; x_wconf 80' lang='lat' dir='ltr'><strong>Quarum</strong></span> <span class='ocrx_word' id='word_1_134' title='bbox 736 1939 917 1985; x_wconf 91' lang='lat' dir='ltr'><strong>autem</strong></span> <span class='ocrx_word' id='word_1_135' title='bbox 948 1932 1188 1987; x_wconf 90' lang='lat' dir='ltr'><strong>essentia</strong></span> <span class='ocrx_word' id='word_1_136' title='bbox 1214 1932 1298 1986; x_wconf 89' lang='lat' dir='ltr'><strong>vel</strong></span> <span class='ocrx_word' id='word_1_137' title='bbox 1322 1933 1633 2003; x_wconf 78' lang='lat' dir='ltr'><strong>conjuncu&#39;o</strong></span> <span class='ocrx_word' id='word_1_138' title='bbox 1660 1932 1912 2001; x_wconf 86' lang='lat' dir='ltr'><strong>specialis</strong></span> <span class='ocrx_word' id='word_1_139' title='bbox 1937 1946 2048 1986; x_wconf 91' lang='lat' dir='ltr'><strong>non</strong></span> 
     </span>
    </p>
   </div>
   <div class='ocr_carea' id='block_1_23' title="bbox 471 2013 2047 2091">
    <p class='ocr_par' dir='ltr' id='par_1_23' title="bbox 471 2013 2047 2091">
     <span class='ocr_line' id='line_1_23' title="bbox 471 2013 2047 2091; baseline 0.001 -18"><span class='ocrx_word' id='word_1_140' title='bbox 471 2030 577 2082; x_wconf 89' lang='lat' dir='ltr'><strong>est,</strong></span> <span class='ocrx_word' id='word_1_141' title='bbox 615 2029 675 2073; x_wconf 92' lang='lat' dir='ltr'><strong>ut</strong></span> <span class='ocrx_word' id='word_1_142' title='bbox 722 2036 780 2075; x_wconf 89' lang='lat' dir='ltr'><strong>se</strong></span> <span class='ocrx_word' id='word_1_143' title='bbox 812 2020 1043 2075; x_wconf 86' lang='lat' dir='ltr'><strong>invicem</strong></span> <span class='ocrx_word' id='word_1_144' title='bbox 1077 2013 1481 2087; x_wconf 83' lang='lat' dir='ltr'><strong>comitantium,</strong></span> <span class='ocrx_word' id='word_1_145' title='bbox 1524 2021 1798 2091; x_wconf 87' lang='lat' dir='ltr'><strong>quomodo</strong></span> <span class='ocrx_word' id='word_1_146' title='bbox 1829 2020 2047 2075; x_wconf 88' lang='lat' dir='ltr'><strong>illarum</strong></span> 
     </span>
    </p>
   </div>
   <div class='ocr_carea' id='block_1_24' title="bbox 473 2111 2051 2183">
    <p class='ocr_par' dir='ltr' id='par_1_24' title="bbox 473 2111 2051 2183">
     <span class='ocr_line' id='line_1_24' title="bbox 473 2111 2051 2183; baseline 0.004 -21"><span class='ocrx_word' id='word_1_147' title='bbox 473 2111 699 2179; x_wconf 84' lang='lat' dir='ltr'><strong>propria</strong></span> <span class='ocrx_word' id='word_1_148' title='bbox 744 2111 983 2165; x_wconf 84' lang='lat' dir='ltr'><strong>totalitas</strong></span> <span class='ocrx_word' id='word_1_149' title='bbox 1024 2112 1404 2183; x_wconf 77' lang='lat' dir='ltr'><strong>intelligetur?</strong></span> <span class='ocrx_word' id='word_1_150' title='bbox 1444 2111 1766 2182; x_wconf 84' lang='lat' dir='ltr'><strong>Quibusque</strong></span> <span class='ocrx_word' id='word_1_151' title='bbox 1799 2112 2051 2171; x_wconf 64' lang='lat' dir='ltr'><strong>mutatis,</strong></span> 
     </span>
    </p>
   </div>
   <div class='ocr_carea' id='block_1_25' title="bbox 470 2203 2047 2270">
    <p class='ocr_par' dir='ltr' id='par_1_25' title="bbox 470 2203 2047 2270">
     <span class='ocr_line' id='line_1_25' title="bbox 470 2203 2047 2270; baseline 0.003 -16"><span class='ocrx_word' id='word_1_152' title='bbox 470 2217 581 2255; x_wconf 84' lang='lat' dir='ltr'><strong>non</strong></span> <span class='ocrx_word' id='word_1_153' title='bbox 632 2210 817 2257; x_wconf 88' lang='lat' dir='ltr'><strong>autem</strong></span> <span class='ocrx_word' id='word_1_154' title='bbox 873 2203 1132 2259; x_wconf 87' lang='lat' dir='ltr'><strong>omnibus</strong></span> <span class='ocrx_word' id='word_1_155' title='bbox 1183 2203 1347 2258; x_wconf 89' lang='lat' dir='ltr'><strong>simul</strong></span> <span class='ocrx_word' id='word_1_156' title='bbox 1403 2204 1457 2258; x_wconf 91' lang='lat' dir='ltr'><strong>in</strong></span> <span class='ocrx_word' id='word_1_157' title='bbox 1533 2203 1774 2270; x_wconf 87' lang='lat' dir='ltr'><strong>atomis,</strong></span> <span class='ocrx_word' id='word_1_158' title='bbox 1850 2203 2047 2259; x_wconf 88' lang='lat' dir='ltr'><strong>eadem</strong></span> 
     </span>
    </p>
   </div>
   <div class='ocr_carea' id='block_1_26' title="bbox 466 2293 2043 2366">
    <p class='ocr_par' dir='ltr' id='par_1_26' title="bbox 466 2293 2043 2366">
     <span class='ocr_line' id='line_1_26' title="bbox 466 2293 2043 2366; baseline 0.001 -21"><span class='ocrx_word' id='word_1_159' title='bbox 466 2293 626 2361; x_wconf 86' lang='lat' dir='ltr'><strong>juxta</strong></span> <span class='ocrx_word' id='word_1_160' title='bbox 659 2309 953 2348; x_wconf 87' lang='lat' dir='ltr'><strong>numerum</strong></span> <span class='ocrx_word' id='word_1_161' title='bbox 980 2294 1193 2350; x_wconf 89' lang='lat' dir='ltr'><strong>dicetur</strong></span> <span class='ocrx_word' id='word_1_162' title='bbox 1242 2310 1363 2350; x_wconf 90' lang='lat' dir='ltr'><strong>esse</strong></span> <span class='ocrx_word' id='word_1_163' title='bbox 1386 2295 1723 2366; x_wconf 85' lang='lat' dir='ltr'><strong>bypostasis;</strong></span> <span class='ocrx_word' id='word_1_164' title='bbox 1761 2310 2043 2363; x_wconf 86' lang='lat' dir='ltr'><strong>nunquam</strong></span> 
     </span>
    </p>
   </div>
   <div class='ocr_carea' id='block_1_27' title="bbox 467 2385 2044 2456">
    <p class='ocr_par' dir='ltr' id='par_1_27' title="bbox 467 2385 2044 2456">
     <span class='ocr_line' id='line_1_27' title="bbox 467 2385 2044 2456; baseline 0.004 -20"><span class='ocrx_word' id='word_1_165' title='bbox 467 2400 601 2440; x_wconf 80' lang='lat' dir='ltr'><strong>vero</strong></span> <span class='ocrx_word' id='word_1_166' title='bbox 630 2385 775 2439; x_wconf 88' lang='lat' dir='ltr'><strong>idem</strong></span> <span class='ocrx_word' id='word_1_167' title='bbox 794 2386 948 2456; x_wconf 83' lang='lat' dir='ltr'><strong>juxta</strong></span> <span class='ocrx_word' id='word_1_168' title='bbox 982 2402 1293 2451; x_wconf 90' lang='lat' dir='ltr'><strong>numerum,</strong></span> <span class='ocrx_word' id='word_1_169' title='bbox 1329 2395 1537 2442; x_wconf 88' lang='lat' dir='ltr'><strong>mutato</strong></span> <span class='ocrx_word' id='word_1_170' title='bbox 1554 2387 1737 2456; x_wconf 87' lang='lat' dir='ltr'><strong>aliquo</strong></span> <span class='ocrx_word' id='word_1_171' title='bbox 1762 2387 1846 2441; x_wconf 90' lang='lat' dir='ltr'><strong>sui</strong></span> <span class='ocrx_word' id='word_1_172' title='bbox 1871 2386 2044 2456; x_wconf 82' lang='lat' dir='ltr'><strong>ipsius</strong></span> 
     </span>
    </p>
   </div>
   <div class='ocr_carea' id='block_1_28' title="bbox 467 2475 1765 2546">
    <p class='ocr_par' dir='ltr' id='par_1_28' title="bbox 467 2475 1765 2546">
     <span class='ocr_line' id='line_1_28' title="bbox 467 2475 1765 2546; baseline 0.001 -18"><span class='ocrx_word' id='word_1_173' title='bbox 467 2475 554 2530; x_wconf 88' lang='lat' dir='ltr'><strong>vel</strong></span> <span class='ocrx_word' id='word_1_174' title='bbox 605 2476 819 2545; x_wconf 84' lang='lat' dir='ltr'><strong>aliquot</strong></span> <span class='ocrx_word' id='word_1_175' title='bbox 863 2476 1135 2546; x_wconf 86' lang='lat' dir='ltr'><strong>partibus,</strong></span> <span class='ocrx_word' id='word_1_176' title='bbox 1172 2486 1347 2532; x_wconf 85' lang='lat' dir='ltr'><strong>totum</strong></span> <span class='ocrx_word' id='word_1_177' title='bbox 1391 2477 1765 2546; x_wconf 67' lang='lat' dir='ltr'><strong>repUtabitun</strong></span> 
     </span>
    </p>
   </div>
   <div class='ocr_carea' id='block_1_29' title="bbox 536 2565 2049 2645">
    <p class='ocr_par' dir='ltr' id='par_1_29' title="bbox 536 2565 2049 2645">
     <span class='ocr_line' id='line_1_29' title="bbox 536 2565 2049 2645; baseline 0 -24"><span class='ocrx_word' id='word_1_178' title='bbox 536 2565 592 2621; x_wconf 88' lang='lat' dir='ltr'><strong>Si</strong></span> <span class='ocrx_word' id='word_1_179' title='bbox 626 2575 808 2621; x_wconf 89' lang='lat' dir='ltr'><strong>autem</strong></span> <span class='ocrx_word' id='word_1_180' title='bbox 843 2577 1029 2636; x_wconf 87' lang='lat' dir='ltr'><strong>partes</strong></span> <span class='ocrx_word' id='word_1_181' title='bbox 1059 2568 1365 2645; x_wconf 75' lang='lat' dir='ltr'><strong>hypostasis</strong></span> <span class='ocrx_word' id='word_1_182' title='bbox 1386 2577 1612 2624; x_wconf 87' lang='lat' dir='ltr'><strong>naturas</strong></span> <span class='ocrx_word' id='word_1_183' title='bbox 1643 2567 2049 2638; x_wconf 78' lang='lat' dir='ltr'><strong>proprietatum.</strong></span> 
     </span>
    </p>
   </div>
   <div class='ocr_carea' id='block_1_30' title="bbox 466 2655 2040 2728">
    <p class='ocr_par' dir='ltr' id='par_1_30' title="bbox 466 2655 2040 2728">
     <span class='ocr_line' id='line_1_30' title="bbox 466 2655 2040 2728; baseline 0.001 -19"><span class='ocrx_word' id='word_1_184' title='bbox 466 2655 640 2726; x_wconf 86' lang='lat' dir='ltr'><strong>ipsius</strong></span> <span class='ocrx_word' id='word_1_185' title='bbox 686 2655 891 2721; x_wconf 82' lang='lat' dir='ltr'><strong>dicitis,</strong></span> <span class='ocrx_word' id='word_1_186' title='bbox 942 2656 1035 2712; x_wconf 86' lang='lat' dir='ltr'><strong>vel</strong></span> <span class='ocrx_word' id='word_1_187' title='bbox 1060 2666 1117 2711; x_wconf 92' lang='lat' dir='ltr'><strong>et</strong></span> <span class='ocrx_word' id='word_1_188' title='bbox 1152 2665 1404 2711; x_wconf 88' lang='lat' dir='ltr'><strong>naturam</strong></span> <span class='ocrx_word' id='word_1_189' title='bbox 1433 2673 1555 2728; x_wconf 69' lang='lat' dir='ltr'><strong>qua:</strong></span> <span class='ocrx_word' id='word_1_190' title='bbox 1590 2659 1662 2712; x_wconf 89' lang='lat' dir='ltr'><strong>sit</strong></span> <span class='ocrx_word' id='word_1_191' title='bbox 1712 2666 1884 2713; x_wconf 88' lang='lat' dir='ltr'><strong>totum</strong></span> <span class='ocrx_word' id='word_1_192' title='bbox 1922 2672 2040 2711; x_wconf 85' lang='lat' dir='ltr'><strong>om-</strong></span> 
     </span>
    </p>
   </div>
   <div class='ocr_carea' id='block_1_31' title="bbox 464 2746 2035 2819">
    <p class='ocr_par' dir='ltr' id='par_1_31' title="bbox 464 2746 2035 2819">
     <span class='ocr_line' id='line_1_31' title="bbox 464 2746 2035 2819; baseline 0 -19"><span class='ocrx_word' id='word_1_193' title='bbox 464 2746 633 2801; x_wconf 89' lang='lat' dir='ltr'><strong>nibus</strong></span> <span class='ocrx_word' id='word_1_194' title='bbox 664 2747 917 2815; x_wconf 87' lang='lat' dir='ltr'><strong>partibus</strong></span> <span class='ocrx_word' id='word_1_195' title='bbox 945 2755 1211 2803; x_wconf 81' lang='lat' dir='ltr'><strong>constans</strong></span> <span class='ocrx_word' id='word_1_196' title='bbox 1249 2748 1489 2803; x_wconf 88' lang='lat' dir='ltr'><strong>scientes</strong></span> <span class='ocrx_word' id='word_1_197' title='bbox 1520 2764 1642 2804; x_wconf 88' lang='lat' dir='ltr'><strong>esse</strong></span> <span class='ocrx_word' id='word_1_198' title='bbox 1675 2764 1895 2803; x_wconf 90' lang='lat' dir='ltr'><strong>omnem</strong></span> <span class='ocrx_word' id='word_1_199' title='bbox 1932 2747 2035 2819; x_wconf 83' lang='lat' dir='ltr'><strong>by-</strong></span> 
     </span>
    </p>
   </div>
   <div class='ocr_carea' id='block_1_32' title="bbox 465 2837 2036 2913">
    <p class='ocr_par' dir='ltr' id='par_1_32' title="bbox 465 2837 2036 2913">
     <span class='ocr_line' id='line_1_32' title="bbox 465 2837 2036 2913; baseline 0.001 -22"><span class='ocrx_word' id='word_1_200' title='bbox 465 2837 753 2906; x_wconf 84' lang='lat' dir='ltr'><strong>postasim,</strong></span> <span class='ocrx_word' id='word_1_201' title='bbox 806 2845 1061 2893; x_wconf 89' lang='lat' dir='ltr'><strong>naturam</strong></span> <span class='ocrx_word' id='word_1_202' title='bbox 1095 2839 1391 2909; x_wconf 88' lang='lat' dir='ltr'><strong>quamdam</strong></span> <span class='ocrx_word' id='word_1_203' title='bbox 1440 2838 1651 2913; x_wconf 76' lang='lat' dir='ltr'><strong>(dicite)</strong></span> <span class='ocrx_word' id='word_1_204' title='bbox 1686 2840 1843 2911; x_wconf 81' lang='lat' dir='ltr'><strong>juxta</strong></span> <span class='ocrx_word' id='word_1_205' title='bbox 1889 2854 2036 2894; x_wconf 91' lang='lat' dir='ltr'><strong>com-</strong></span> 
     </span>
    </p>
   </div>
   <div class='ocr_carea' id='block_1_33' title="bbox 464 2929 2037 3013">
    <p class='ocr_par' dir='ltr' id='par_1_33' title="bbox 464 2929 2037 3013">
     <span class='ocr_line' id='line_1_33' title="bbox 464 2929 2037 3013; baseline 0.002 -29"><span class='ocrx_word' id='word_1_206' title='bbox 464 2929 781 2985; x_wconf 88' lang='lat' dir='ltr'><strong>mistionem</strong></span> <span class='ocrx_word' id='word_1_207' title='bbox 824 2931 1108 2986; x_wconf 89' lang='lat' dir='ltr'><strong>unitorum</strong></span> <span class='ocrx_word' id='word_1_208' title='bbox 1156 2932 1367 2987; x_wconf 88' lang='lat' dir='ltr'><strong>scilicet</strong></span> <span class='ocrx_word' id='word_1_209' title='bbox 1424 2941 1777 3013; x_wconf 64' lang='lat' dir='ltr'><strong>naturarum,</strong></span> <span class='ocrx_word' id='word_1_210' title='bbox 1816 2932 2037 3002; x_wconf 89' lang='lat' dir='ltr'><strong>imoque</strong></span> 
     </span>
    </p>
   </div>
   <div class='ocr_carea' id='block_1_34' title="bbox 2083 1725 2126 1780">
    <p class='ocr_par' dir='ltr' id='par_1_34' title="bbox 2083 1725 2126 1780">
     <span class='ocr_line' id='line_1_34' title="bbox 2083 1725 2126 1780; baseline 0 0"><span class='ocrx_word' id='word_1_211' title='bbox 2083 1725 2126 1780; x_wconf 79' lang='grc' dir='ltr'><strong><em>Β</em></strong></span> 
     </span>
    </p>
   </div>
   <div class='ocr_carea' id='block_1_35' title="bbox 2161 476 3777 550">
    <p class='ocr_par' dir='ltr' id='par_1_35' title="bbox 2161 476 3777 550">
     <span class='ocr_line' id='line_1_35' title="bbox 2161 476 3777 550; baseline -0.002 -19"><span class='ocrx_word' id='word_1_212' title='bbox 2161 477 2321 547; x_wconf 83' lang='grc' dir='ltr'>ἡμῶν</span> <span class='ocrx_word' id='word_1_213' title='bbox 2374 477 2512 550; x_wconf 75' lang='grc' dir='ltr'>μηδὲ</span> <span class='ocrx_word' id='word_1_214' title='bbox 2562 476 2723 532; x_wconf 81' lang='grc' dir='ltr'>τοῦτο</span> <span class='ocrx_word' id='word_1_215' title='bbox 2775 476 3065 546; x_wconf 84' lang='grc' dir='ltr'>λεγόντων,</span> <span class='ocrx_word' id='word_1_216' title='bbox 3130 477 3208 540; x_wconf 79' lang='grc' dir='ltr'>ὡς</span> <span class='ocrx_word' id='word_1_217' title='bbox 3251 476 3476 546; x_wconf 81' lang='grc' dir='ltr'>ὁμοίως</span> <span class='ocrx_word' id='word_1_218' title='bbox 3521 476 3777 545; x_wconf 69' lang='grc' dir='ltr'>λέγεται,</span> 
     </span>
    </p>
   </div>
   <div class='ocr_carea' id='block_1_36' title="bbox 2161 566 3774 642">
    <p class='ocr_par' dir='ltr' id='par_1_36' title="bbox 2161 566 3774 642">
     <span class='ocr_line' id='line_1_36' title="bbox 2161 566 3774 642; baseline -0.001 -20"><span class='ocrx_word' id='word_1_219' title='bbox 2161 571 2211 622; x_wconf 92' lang='grc' dir='ltr'><strong>εἰ</strong></span> <span class='ocrx_word' id='word_1_220' title='bbox 2268 570 2362 624; x_wconf 82' lang='grc' dir='ltr'><strong>καὶ</strong></span> <span class='ocrx_word' id='word_1_221' title='bbox 2405 571 2615 639; x_wconf 77' lang='grc' dir='ltr'><strong>λέγοιτο</strong></span> <span class='ocrx_word' id='word_1_222' title='bbox 2644 569 2873 642; x_wconf 83' lang='grc' dir='ltr'>θάτερον</span> <span class='ocrx_word' id='word_1_223' title='bbox 2913 570 3083 640; x_wconf 97' lang='grc' dir='ltr'>μέρος</span> <span class='ocrx_word' id='word_1_224' title='bbox 3111 567 3207 622; x_wconf 79' lang='grc' dir='ltr'>τοῦ</span> <span class='ocrx_word' id='word_1_225' title='bbox 3240 566 3525 621; x_wconf 71' lang='grc' dir='ltr'>συνθέτου</span> <span class='ocrx_word' id='word_1_226' title='bbox 3558 568 3653 638; x_wconf 72' lang='grc' dir='ltr'><strong>τῷ</strong></span> <span class='ocrx_word' id='word_1_227' title='bbox 3686 569 3774 621; x_wconf 74' lang='grc' dir='ltr'>τοῦ</span> 
     </span>
    </p>
   </div>
   <div class='ocr_carea' id='block_1_37' title="bbox 2161 657 3769 735">
    <p class='ocr_par' dir='ltr' id='par_1_37' title="bbox 2161 657 3769 735">
     <span class='ocr_line' id='line_1_37' title="bbox 2161 657 3769 735; baseline -0.004 -19"><span class='ocrx_word' id='word_1_228' title='bbox 2161 664 2350 735; x_wconf 81' lang='grc' dir='ltr'>ἑτέρου</span> <span class='ocrx_word' id='word_1_229' title='bbox 2396 663 2621 734; x_wconf 85' lang='grc' dir='ltr'>ὀνόματι</span> <span class='ocrx_word' id='word_1_230' title='bbox 2647 681 2662 695; x_wconf 80' lang='grc' dir='ltr'><strong>ο</strong></span> <span class='ocrx_word' id='word_1_231' title='bbox 2697 662 2896 731; x_wconf 74' lang='grc' dir='ltr'>ἴδωμεν</span> <span class='ocrx_word' id='word_1_232' title='bbox 2931 661 2991 715; x_wconf 82' lang='grc' dir='ltr'>δὲ</span> <span class='ocrx_word' id='word_1_233' title='bbox 3042 659 3281 731; x_wconf 77' lang='grc' dir='ltr'><strong>καθεξῆς</strong></span> <span class='ocrx_word' id='word_1_234' title='bbox 3326 657 3438 729; x_wconf 73' lang='grc' dir='ltr'>τὴν</span> <span class='ocrx_word' id='word_1_235' title='bbox 3486 657 3769 730; x_wconf 66' lang='grc' dir='ltr'>ὑμετέραν</span> 
     </span>
    </p>
   </div>
   <div class='ocr_carea' id='block_1_38' title="bbox 2161 748 3766 825">
    <p class='ocr_par' dir='ltr' id='par_1_38' title="bbox 2161 748 3766 825">
     <span class='ocr_line' id='line_1_38' title="bbox 2161 748 3766 825; baseline -0.002 -17"><span class='ocrx_word' id='word_1_236' title='bbox 2161 755 2535 825; x_wconf 84' lang='grc' dir='ltr'>κατασκευήν.</span> <span class='ocrx_word' id='word_1_237' title='bbox 2567 753 2774 822; x_wconf 84' lang='grc' dir='ltr'>Λέγετε</span> <span class='ocrx_word' id='word_1_238' title='bbox 2804 752 2914 824; x_wconf 83' lang='grc' dir='ltr'><strong>γάρ</strong></span> <span class='ocrx_word' id='word_1_239' title='bbox 2932 769 2947 784; x_wconf 76' lang='grc'><em>’</em></span> <span class='ocrx_word' id='word_1_240' title='bbox 2979 750 3113 809; x_wconf 84' lang='grc' dir='ltr'><em>Πᾶν</em></span> <span class='ocrx_word' id='word_1_241' title='bbox 3138 751 3358 806; x_wconf 79' lang='grc' dir='ltr'><strong>ὁτιοῦν</strong></span> <span class='ocrx_word' id='word_1_242' title='bbox 3385 748 3766 818; x_wconf 67' lang='grc' dir='ltr'>συντιθέμε-</span> 
     </span>
    </p>
   </div>
   <div class='ocr_carea' id='block_1_39' title="bbox 2157 843 3757 915">
    <p class='ocr_par' dir='ltr' id='par_1_39' title="bbox 2157 843 3757 915">
     <span class='ocr_line' id='line_1_39' title="bbox 2157 843 3757 915; baseline -0.003 -15"><span class='ocrx_word' id='word_1_243' title='bbox 2157 862 2270 900; x_wconf 89' lang='grc' dir='ltr'><em>νον</em></span> <span class='ocrx_word' id='word_1_244' title='bbox 2331 846 2515 915; x_wconf 73' lang='grc' dir='ltr'>ἑτάρῳ</span> <span class='ocrx_word' id='word_1_245' title='bbox 2561 846 2921 915; x_wconf 72' lang='grc' dir='ltr'>ἐτεροουσιῳ</span> <span class='ocrx_word' id='word_1_246' title='bbox 2972 846 3061 910; x_wconf 82' lang='grc' dir='ltr'><strong>εἰς</strong></span> <span class='ocrx_word' id='word_1_247' title='bbox 3098 844 3252 913; x_wconf 80' lang='grc' dir='ltr'>μίαν</span> <span class='ocrx_word' id='word_1_248' title='bbox 3296 843 3569 912; x_wconf 69' lang='grc' dir='ltr'>φύσεως</span> <span class='ocrx_word' id='word_1_249' title='bbox 3596 843 3639 909; x_wconf 83' lang='grc' dir='ltr'><strong>ἧ</strong></span> <span class='ocrx_word' id='word_1_250' title='bbox 3670 846 3757 896; x_wconf 71' lang='lat' dir='ltr'><strong>ut</strong></span> 
     </span>
    </p>
   </div>
   <div class='ocr_carea' id='block_1_40' title="bbox 2156 931 3758 1003">
    <p class='ocr_par' dir='ltr' id='par_1_40' title="bbox 2156 931 3758 1003">
     <span class='ocr_line' id='line_1_40' title="bbox 2156 931 3758 1003; baseline -0.001 -14"><span class='ocrx_word' id='word_1_251' title='bbox 2156 936 2555 1002; x_wconf 77' lang='grc' dir='ltr'><strong>ὑποστάσεως</strong></span> <span class='ocrx_word' id='word_1_252' title='bbox 2579 937 2910 1000; x_wconf 82' lang='grc' dir='ltr'>σύστασιν,</span> <span class='ocrx_word' id='word_1_253' title='bbox 2933 934 3118 1003; x_wconf 78' lang='grc' dir='ltr'>μέρος</span> <span class='ocrx_word' id='word_1_254' title='bbox 3160 931 3273 1001; x_wconf 78' lang='grc' dir='ltr'>τῆς</span> <span class='ocrx_word' id='word_1_255' title='bbox 3308 934 3733 988; x_wconf 62' lang='lat' dir='ltr'><strong>duoth</strong></span> <span class='ocrx_word' id='word_1_256' title='bbox 3744 967 3758 975; x_wconf 89' lang='lat'><strong>-</strong></span> 
     </span>
    </p>
   </div>
   <div class='ocr_carea' id='block_1_41' title="bbox 2157 1021 3751 1093">
    <p class='ocr_par' dir='ltr' id='par_1_41' title="bbox 2157 1021 3751 1093">
     <span class='ocr_line' id='line_1_41' title="bbox 2157 1021 3751 1093; baseline -0.001 -16"><span class='ocrx_word' id='word_1_257' title='bbox 2157 1038 2276 1092; x_wconf 86' lang='grc' dir='ltr'>σης</span> <span class='ocrx_word' id='word_1_258' title='bbox 2304 1024 2376 1089; x_wconf 79' lang='grc' dir='ltr'><strong>ἐξ</strong></span> <span class='ocrx_word' id='word_1_259' title='bbox 2405 1025 2609 1079; x_wconf 83' lang='grc' dir='ltr'>αὐτῶν</span> <span class='ocrx_word' id='word_1_260' title='bbox 2631 1026 2873 1093; x_wconf 77' lang='grc' dir='ltr'>φύσεως</span> <span class='ocrx_word' id='word_1_261' title='bbox 2896 1021 3220 1077; x_wconf 77' lang='grc' dir='ltr'>δείκνυται.</span> <span class='ocrx_word' id='word_1_262' title='bbox 3249 1022 3502 1093; x_wconf 70' lang='grc' dir='ltr'>Εἴρηται</span> <span class='ocrx_word' id='word_1_263' title='bbox 3536 1024 3645 1092; x_wconf 71' lang='grc' dir='ltr'>μὲν</span> <span class='ocrx_word' id='word_1_264' title='bbox 3670 1024 3751 1076; x_wconf 77' lang='grc' dir='ltr'>οὔτ</span> 
     </span>
    </p>
   </div>
   <div class='ocr_carea' id='block_1_42' title="bbox 2157 1113 3747 1187">
    <p class='ocr_par' dir='ltr' id='par_1_42' title="bbox 2157 1113 3747 1187">
     <span class='ocr_line' id='line_1_42' title="bbox 2157 1113 3747 1187; baseline -0.003 -18"><span class='ocrx_word' id='word_1_265' title='bbox 2157 1116 2288 1182; x_wconf 83' lang='grc' dir='ltr'>ἡμῖν</span> <span class='ocrx_word' id='word_1_266' title='bbox 2342 1115 2445 1187; x_wconf 67' lang='grc' dir='ltr'><strong>ἤδη</strong></span> <span class='ocrx_word' id='word_1_267' title='bbox 2493 1116 2552 1171; x_wconf 81' lang='grc' dir='ltr'><strong>έν</strong></span> <span class='ocrx_word' id='word_1_268' title='bbox 2606 1118 2722 1179; x_wconf 82' lang='grc' dir='ltr'>τοῖς</span> <span class='ocrx_word' id='word_1_269' title='bbox 2765 1113 3075 1186; x_wconf 69' lang='grc' dir='ltr'>ἔμπροσθεν</span> <span class='ocrx_word' id='word_1_270' title='bbox 3102 1113 3179 1176; x_wconf 80' lang='grc' dir='ltr'><strong>ὡς</strong></span> <span class='ocrx_word' id='word_1_271' title='bbox 3209 1114 3280 1166; x_wconf 72' lang='grc' dir='ltr'>τὰ</span> <span class='ocrx_word' id='word_1_272' title='bbox 3327 1115 3399 1166; x_wconf 74' lang='grc' dir='ltr'><strong>ἐκ</strong></span> <span class='ocrx_word' id='word_1_273' title='bbox 3445 1114 3747 1174; x_wconf 52' lang='lat' dir='ltr'><strong>autem</strong></span> 
     </span>
    </p>
   </div>
   <div class='ocr_carea' id='block_1_43' title="bbox 2159 1203 3745 1276">
    <p class='ocr_par' dir='ltr' id='par_1_43' title="bbox 2159 1203 3745 1276">
     <span class='ocr_line' id='line_1_43' title="bbox 2159 1203 3745 1276; baseline 0 -19"><span class='ocrx_word' id='word_1_274' title='bbox 2159 1205 2289 1276; x_wconf 87' lang='grc' dir='ltr'>μίαν</span> <span class='ocrx_word' id='word_1_275' title='bbox 2316 1206 2479 1275; x_wconf 80' lang='grc' dir='ltr'>φύσιν</span> <span class='ocrx_word' id='word_1_276' title='bbox 2509 1206 2788 1271; x_wconf 81' lang='grc' dir='ltr'>ποιοῦντα,</span> <span class='ocrx_word' id='word_1_277' title='bbox 2817 1205 2916 1275; x_wconf 80' lang='grc' dir='ltr'><strong>οὐχ</strong></span> <span class='ocrx_word' id='word_1_278' title='bbox 2959 1207 3112 1276; x_wconf 73' lang='grc' dir='ltr'>ἡμῖν,</span> <span class='ocrx_word' id='word_1_279' title='bbox 3142 1206 3257 1266; x_wconf 82' lang='grc' dir='ltr'>τοῖς</span> <span class='ocrx_word' id='word_1_280' title='bbox 3296 1203 3362 1255; x_wconf 83' lang='grc' dir='ltr'>δὲ</span> <span class='ocrx_word' id='word_1_281' title='bbox 3418 1204 3567 1273; x_wconf 84' lang='grc' dir='ltr'>μίαν</span> <span class='ocrx_word' id='word_1_282' title='bbox 3600 1204 3745 1273; x_wconf 66' lang='grc' dir='ltr'>φύσιν</span> 
     </span>
    </p>
   </div>
   <div class='ocr_carea' id='block_1_44' title="bbox 2155 1297 3747 1371">
    <p class='ocr_par' dir='ltr' id='par_1_44' title="bbox 2155 1297 3747 1371">
     <span class='ocr_line' id='line_1_44' title="bbox 2155 1297 3747 1371; baseline -0.003 -18"><span class='ocrx_word' id='word_1_283' title='bbox 2155 1300 2251 1353; x_wconf 79' lang='grc' dir='ltr'><strong>τοῦ</strong></span> <span class='ocrx_word' id='word_1_284' title='bbox 2296 1300 2504 1371; x_wconf 79' lang='grc' dir='ltr'>Κυρίου</span> <span class='ocrx_word' id='word_1_285' title='bbox 2543 1299 2786 1369; x_wconf 82' lang='grc' dir='ltr'>λέγουσι,</span> <span class='ocrx_word' id='word_1_286' title='bbox 2820 1297 3231 1369; x_wconf 76' lang='grc' dir='ltr'>προσαγάγοιτε</span> <span class='ocrx_word' id='word_1_287' title='bbox 3260 1297 3332 1350; x_wconf 78' lang='grc' dir='ltr'>ἂν</span> <span class='ocrx_word' id='word_1_288' title='bbox 3378 1298 3647 1359; x_wconf 76' lang='grc' dir='ltr'><strong>εἰκότως.</strong></span> <span class='ocrx_word' id='word_1_289' title='bbox 3677 1298 3747 1349; x_wconf 65' lang='grc' dir='ltr'><strong>τὰ</strong></span> 
     </span>
    </p>
   </div>
   <div class='ocr_carea' id='block_1_45' title="bbox 2153 1384 3745 1462">
    <p class='ocr_par' dir='ltr' id='par_1_45' title="bbox 2153 1384 3745 1462">
     <span class='ocr_line' id='line_1_45' title="bbox 2153 1384 3745 1462; baseline -0.004 -17"><span class='ocrx_word' id='word_1_290' title='bbox 2153 1391 2211 1445; x_wconf 81' lang='grc' dir='ltr'>δὲ</span> <span class='ocrx_word' id='word_1_291' title='bbox 2242 1393 2309 1445; x_wconf 79' lang='grc' dir='ltr'><strong>ἐκ</strong></span> <span class='ocrx_word' id='word_1_292' title='bbox 2364 1390 2687 1453; x_wconf 86' lang='grc' dir='ltr'>συνθέσεως,</span> <span class='ocrx_word' id='word_1_293' title='bbox 2727 1390 2857 1462; x_wconf 84' lang='grc' dir='ltr'>μίαν</span> <span class='ocrx_word' id='word_1_294' title='bbox 2892 1384 3034 1442; x_wconf 70' lang='grc' dir='ltr'>εἶναι</span> <span class='ocrx_word' id='word_1_295' title='bbox 3076 1389 3177 1458; x_wconf 80' lang='grc' dir='ltr'>τὴν</span> <span class='ocrx_word' id='word_1_296' title='bbox 3230 1390 3563 1443; x_wconf 70' lang='grc' dir='ltr'><strong>ὑπόστασιν</strong></span> <span class='ocrx_word' id='word_1_297' title='bbox 3599 1389 3745 1459; x_wconf 61' lang='grc' dir='ltr'>μόνον</span> 
     </span>
    </p>
   </div>
   <div class='ocr_carea' id='block_1_46' title="bbox 2155 1478 3743 1552">
    <p class='ocr_par' dir='ltr' id='par_1_46' title="bbox 2155 1478 3743 1552">
     <span class='ocr_line' id='line_1_46' title="bbox 2155 1478 3743 1552; baseline -0.003 -17"><span class='ocrx_word' id='word_1_298' title='bbox 2155 1481 2558 1552; x_wconf 85' lang='grc' dir='ltr'>παριστάνοντα</span> <span class='ocrx_word' id='word_1_299' title='bbox 2595 1481 2886 1540; x_wconf 81' lang='grc' dir='ltr'>δέδεικται,</span> <span class='ocrx_word' id='word_1_300' title='bbox 2909 1478 2985 1543; x_wconf 83' lang='grc' dir='ltr'>ὡς</span> <span class='ocrx_word' id='word_1_301' title='bbox 3015 1479 3078 1532; x_wconf 85' lang='grc' dir='ltr'><strong>οὐ</strong></span> <span class='ocrx_word' id='word_1_302' title='bbox 3107 1480 3317 1548; x_wconf 82' lang='grc' dir='ltr'><strong>κυρίως</strong></span> <span class='ocrx_word' id='word_1_303' title='bbox 3370 1481 3441 1533; x_wconf 81' lang='grc' dir='ltr'>ἄν</span> <span class='ocrx_word' id='word_1_304' title='bbox 3478 1496 3575 1541; x_wconf 72' lang='grc' dir='ltr'><strong>τις</strong></span> <span class='ocrx_word' id='word_1_305' title='bbox 3614 1478 3743 1531; x_wconf 55' lang='grc' dir='ltr'>εἶπεν</span> 
     </span>
    </p>
   </div>
   <div class='ocr_carea' id='block_1_47' title="bbox 2156 1570 3747 1643">
    <p class='ocr_par' dir='ltr' id='par_1_47' title="bbox 2156 1570 3747 1643">
     <span class='ocr_line' id='line_1_47' title="bbox 2156 1570 3747 1643; baseline -0.002 -18"><span class='ocrx_word' id='word_1_306' title='bbox 2156 1572 2299 1643; x_wconf 84' lang='grc' dir='ltr'>μέρη</span> <span class='ocrx_word' id='word_1_307' title='bbox 2325 1572 2675 1635; x_wconf 78' lang='grc' dir='ltr'><strong>ὑποστάσεως</strong></span> <span class='ocrx_word' id='word_1_308' title='bbox 2709 1571 2977 1639; x_wconf 81' lang='grc' dir='ltr'>ἰδιώματά</span> <span class='ocrx_word' id='word_1_309' title='bbox 3010 1589 3134 1625; x_wconf 85' lang='grc' dir='ltr'>τινα</span> <span class='ocrx_word' id='word_1_310' title='bbox 3162 1570 3370 1624; x_wconf 79' lang='grc' dir='ltr'>οὐσιῶν</span> <span class='ocrx_word' id='word_1_311' title='bbox 3391 1612 3409 1635; x_wconf 92' lang='grc'><strong>,</strong></span> <span class='ocrx_word' id='word_1_312' title='bbox 3450 1573 3509 1623; x_wconf 85' lang='grc' dir='ltr'><strong>εἰ</strong></span> <span class='ocrx_word' id='word_1_313' title='bbox 3544 1571 3643 1624; x_wconf 79' lang='grc' dir='ltr'><strong>καὶ</strong></span> <span class='ocrx_word' id='word_1_314' title='bbox 3680 1570 3747 1639; x_wconf 62' lang='grc' dir='ltr'>μὴ</span> 
     </span>
    </p>
   </div>
   <div class='ocr_carea' id='block_1_48' title="bbox 2153 1661 3747 1732">
    <p class='ocr_par' dir='ltr' id='par_1_48' title="bbox 2153 1661 3747 1732">
     <span class='ocr_line' id='line_1_48' title="bbox 2153 1661 3747 1732; baseline -0.005 -15"><span class='ocrx_word' id='word_1_315' title='bbox 2153 1663 2282 1717; x_wconf 80' lang='grc' dir='ltr'>ἄνευ</span> <span class='ocrx_word' id='word_1_316' title='bbox 2330 1663 2436 1718; x_wconf 86' lang='grc' dir='ltr'><strong>τῶν</strong></span> <span class='ocrx_word' id='word_1_317' title='bbox 2493 1663 2637 1718; x_wconf 80' lang='grc' dir='ltr'><strong>ἰδίων</strong></span> <span class='ocrx_word' id='word_1_318' title='bbox 2683 1661 2882 1717; x_wconf 87' lang='grc' dir='ltr'>οὐσιῶν</span> <span class='ocrx_word' id='word_1_319' title='bbox 2930 1661 3105 1715; x_wconf 80' lang='grc' dir='ltr'>ταῦτα</span> <span class='ocrx_word' id='word_1_320' title='bbox 3148 1662 3451 1732; x_wconf 73' lang='grc' dir='ltr'><strong>θεωρεῖται</strong></span> <span class='ocrx_word' id='word_1_321' title='bbox 3486 1678 3504 1693; x_wconf 87' lang='grc'><strong>·</strong></span> <span class='ocrx_word' id='word_1_322' title='bbox 3544 1662 3747 1714; x_wconf 70' lang='grc' dir='ltr'>τούτων</span> 
     </span>
    </p>
   </div>
   <div class='ocr_carea' id='block_1_49' title="bbox 2152 1752 3739 1826">
    <p class='ocr_par' dir='ltr' id='par_1_49' title="bbox 2152 1752 3739 1826">
     <span class='ocr_line' id='line_1_49' title="bbox 2152 1752 3739 1826; baseline -0.005 -17"><span class='ocrx_word' id='word_1_323' title='bbox 2152 1755 2260 1826; x_wconf 85' lang='grc' dir='ltr'><strong>γὰρ</strong></span> <span class='ocrx_word' id='word_1_324' title='bbox 2309 1756 2347 1825; x_wconf 74' lang='grc' dir='ltr'><strong>ή</strong></span> <span class='ocrx_word' id='word_1_325' title='bbox 2398 1753 2663 1825; x_wconf 85' lang='grc' dir='ltr'>άθροισις.</span> <span class='ocrx_word' id='word_1_326' title='bbox 2699 1753 2826 1824; x_wconf 87' lang='grc' dir='ltr'>μίαν</span> <span class='ocrx_word' id='word_1_327' title='bbox 2875 1752 3192 1823; x_wconf 77' lang='grc' dir='ltr'>παρέστησε</span> <span class='ocrx_word' id='word_1_328' title='bbox 3252 1752 3360 1822; x_wconf 81' lang='grc' dir='ltr'>τὴν</span> <span class='ocrx_word' id='word_1_329' title='bbox 3415 1752 3739 1810; x_wconf 75' lang='grc' dir='ltr'>ὑπόστασιν,</span> 
     </span>
    </p>
   </div>
   <div class='ocr_carea' id='block_1_50' title="bbox 2152 1838 3737 1915">
    <p class='ocr_par' dir='ltr' id='par_1_50' title="bbox 2152 1838 3737 1915">
     <span class='ocr_line' id='line_1_50' title="bbox 2152 1838 3737 1915; baseline -0.004 -17"><span class='ocrx_word' id='word_1_330' title='bbox 2152 1844 2275 1899; x_wconf 82' lang='grc' dir='ltr'>καθ’</span> <span class='ocrx_word' id='word_1_331' title='bbox 2305 1845 2446 1898; x_wconf 73' lang='grc' dir='ltr'>αὑτά</span> <span class='ocrx_word' id='word_1_332' title='bbox 2505 1844 2674 1915; x_wconf 75' lang='grc' dir='ltr'>χωρὶς</span> <span class='ocrx_word' id='word_1_333' title='bbox 2722 1844 2831 1896; x_wconf 87' lang='grc' dir='ltr'><strong>τῶν</strong></span> <span class='ocrx_word' id='word_1_334' title='bbox 2887 1842 3125 1911; x_wconf 81' lang='grc' dir='ltr'>φύσεων,</span> <span class='ocrx_word' id='word_1_335' title='bbox 3194 1840 3325 1894; x_wconf 81' lang='grc' dir='ltr'>οὐτε</span> <span class='ocrx_word' id='word_1_336' title='bbox 3386 1838 3566 1904; x_wconf 75' lang='grc' dir='ltr'>εἶναι,</span> <span class='ocrx_word' id='word_1_337' title='bbox 3624 1839 3737 1891; x_wconf 73' lang='grc' dir='ltr'>οὔτε</span> 
     </span>
    </p>
   </div>
   <div class='ocr_carea' id='block_1_51' title="bbox 2149 1925 3732 2004">
    <p class='ocr_par' dir='ltr' id='par_1_51' title="bbox 2149 1925 3732 2004">
     <span class='ocr_line' id='line_1_51' title="bbox 2149 1925 3732 2004; baseline -0.005 -15"><span class='ocrx_word' id='word_1_338' title='bbox 2149 1935 2402 2004; x_wconf 81' lang='grc' dir='ltr'>ἀλλήλοις</span> <span class='ocrx_word' id='word_1_339' title='bbox 2458 1933 2732 1987; x_wconf 76' lang='grc' dir='ltr'>συνελθεῖν</span> <span class='ocrx_word' id='word_1_340' title='bbox 2790 1932 3125 2003; x_wconf 75' lang='grc' dir='ltr'><strong>δυναμένων.</strong></span> <span class='ocrx_word' id='word_1_341' title='bbox 3154 1925 3258 1985; x_wconf 82' lang='grc' dir='ltr'>Ὧν</span> <span class='ocrx_word' id='word_1_342' title='bbox 3314 1932 3381 1985; x_wconf 78' lang='grc' dir='ltr'>δὲ</span> <span class='ocrx_word' id='word_1_343' title='bbox 3443 1930 3732 2000; x_wconf 76' lang='grc' dir='ltr'>ὖπαρξιςῆ</span> 
     </span>
    </p>
   </div>
   <div class='ocr_carea' id='block_1_52' title="bbox 2149 2021 3733 2096">
    <p class='ocr_par' dir='ltr' id='par_1_52' title="bbox 2149 2021 3733 2096">
     <span class='ocr_line' id='line_1_52' title="bbox 2149 2021 3733 2096; baseline -0.004 -17"><span class='ocrx_word' id='word_1_344' title='bbox 2149 2024 2464 2088; x_wconf 79' lang='grc' dir='ltr'>συνέλευσις</span> <span class='ocrx_word' id='word_1_345' title='bbox 2498 2024 2640 2096; x_wconf 80' lang='grc' dir='ltr'>ἰδικὴ</span> <span class='ocrx_word' id='word_1_346' title='bbox 2665 2024 2764 2077; x_wconf 84' lang='grc' dir='ltr'>οὐκ</span> <span class='ocrx_word' id='word_1_347' title='bbox 2801 2022 2947 2079; x_wconf 71' lang='grc' dir='ltr'>ἐστιν</span> <span class='ocrx_word' id='word_1_348' title='bbox 2967 2062 2981 2086; x_wconf 92' lang='grc'><strong>,</strong></span> <span class='ocrx_word' id='word_1_349' title='bbox 3010 2023 3109 2076; x_wconf 81' lang='grc' dir='ltr'>ἆτε</span> <span class='ocrx_word' id='word_1_350' title='bbox 3137 2021 3323 2085; x_wconf 68' lang='grc' dir='ltr'>ἄλλοις</span> <span class='ocrx_word' id='word_1_351' title='bbox 3355 2037 3733 2090; x_wconf 67' lang='grc' dir='ltr'>παραπεμπο-</span> 
     </span>
    </p>
   </div>
   <div class='ocr_carea' id='block_1_53' title="bbox 2149 2106 3733 2186">
    <p class='ocr_par' dir='ltr' id='par_1_53' title="bbox 2149 2106 3733 2186">
     <span class='ocr_line' id='line_1_53' title="bbox 2149 2106 3733 2186; baseline -0.003 -16"><span class='ocrx_word' id='word_1_352' title='bbox 2149 2116 2348 2186; x_wconf 84' lang='grc' dir='ltr'>μένων,</span> <span class='ocrx_word' id='word_1_353' title='bbox 2376 2114 2495 2180; x_wconf 85' lang='grc' dir='ltr'><strong>πῶς</strong></span> <span class='ocrx_word' id='word_1_354' title='bbox 2543 2115 2610 2169; x_wconf 84' lang='grc' dir='ltr'>ἂν</span> <span class='ocrx_word' id='word_1_355' title='bbox 2660 2114 2868 2170; x_wconf 80' lang='grc' dir='ltr'>τούτων</span> <span class='ocrx_word' id='word_1_356' title='bbox 2908 2114 3015 2169; x_wconf 81' lang='grc' dir='ltr'>ἰδία</span> <span class='ocrx_word' id='word_1_357' title='bbox 3062 2113 3253 2183; x_wconf 76' lang='grc' dir='ltr'>ὀλότης</span> <span class='ocrx_word' id='word_1_358' title='bbox 3292 2115 3613 2178; x_wconf 81' lang='grc' dir='ltr'>ὲπινοοίτος</span> <span class='ocrx_word' id='word_1_359' title='bbox 3644 2106 3733 2165; x_wconf 66' lang='grc' dir='ltr'>ἀν</span> 
     </span>
    </p>
   </div>
   <div class='ocr_carea' id='block_1_54' title="bbox 2146 2203 3731 2276">
    <p class='ocr_par' dir='ltr' id='par_1_54' title="bbox 2146 2203 3731 2276">
     <span class='ocr_line' id='line_1_54' title="bbox 2146 2203 3731 2276; baseline -0.004 -15"><span class='ocrx_word' id='word_1_360' title='bbox 2146 2207 2239 2261; x_wconf 74' lang='grc' dir='ltr'><strong>καὶ</strong></span> <span class='ocrx_word' id='word_1_361' title='bbox 2282 2205 2683 2276; x_wconf 78' lang='grc' dir='ltr'>ἀμειϐομένων,</span> <span class='ocrx_word' id='word_1_362' title='bbox 2714 2205 2813 2275; x_wconf 89' lang='grc' dir='ltr'><strong>οὐχ</strong></span> <span class='ocrx_word' id='word_1_363' title='bbox 2847 2204 2966 2274; x_wconf 79' lang='grc' dir='ltr'>ἅμα</span> <span class='ocrx_word' id='word_1_364' title='bbox 3006 2203 3065 2257; x_wconf 83' lang='grc' dir='ltr'>δὲ</span> <span class='ocrx_word' id='word_1_365' title='bbox 3116 2204 3339 2259; x_wconf 82' lang='grc' dir='ltr'>πάντων</span> <span class='ocrx_word' id='word_1_366' title='bbox 3377 2205 3441 2256; x_wconf 71' lang='grc' dir='ltr'>ἐν</span> <span class='ocrx_word' id='word_1_367' title='bbox 3469 2207 3593 2264; x_wconf 80' lang='grc' dir='ltr'>τοῖς</span> <span class='ocrx_word' id='word_1_368' title='bbox 3615 2203 3731 2256; x_wconf 74' lang='grc' dir='ltr'>ἀτό-</span> 
     </span>
    </p>
   </div>
   <div class='ocr_carea' id='block_1_55' title="bbox 2148 2290 3727 2367">
    <p class='ocr_par' dir='ltr' id='par_1_55' title="bbox 2148 2290 3727 2367">
     <span class='ocr_line' id='line_1_55' title="bbox 2148 2290 3727 2367; baseline -0.001 -18"><span class='ocrx_word' id='word_1_369' title='bbox 2148 2314 2299 2367; x_wconf 80' lang='grc' dir='ltr'>μοις,</span> <span class='ocrx_word' id='word_1_370' title='bbox 2322 2297 2522 2367; x_wconf 59' lang='grc' dir='ltr'>’ἰλαὺτὴ</span> <span class='ocrx_word' id='word_1_371' title='bbox 2544 2297 2664 2350; x_wconf 87' lang='grc' dir='ltr'>κατ’</span> <span class='ocrx_word' id='word_1_372' title='bbox 2692 2295 2927 2367; x_wconf 78' lang='grc' dir='ltr'>ἀριθμὸν</span> <span class='ocrx_word' id='word_1_373' title='bbox 2948 2294 3170 2362; x_wconf 81' lang='grc' dir='ltr'>λέγεται</span> <span class='ocrx_word' id='word_1_374' title='bbox 3204 2290 3355 2348; x_wconf 73' lang='grc' dir='ltr'>εἶναι</span> <span class='ocrx_word' id='word_1_375' title='bbox 3389 2296 3696 2357; x_wconf 73' lang='grc' dir='ltr'>ὑπόστασις</span> <span class='ocrx_word' id='word_1_376' title='bbox 3713 2312 3727 2325; x_wconf 91' lang='grc'><strong>·</strong></span> 
     </span>
    </p>
   </div>
   <div class='ocr_carea' id='block_1_56' title="bbox 2142 2384 3729 2456">
    <p class='ocr_par' dir='ltr' id='par_1_56' title="bbox 2142 2384 3729 2456">
     <span class='ocr_line' id='line_1_56' title="bbox 2142 2384 3729 2456; baseline -0.003 -15"><span class='ocrx_word' id='word_1_377' title='bbox 2142 2388 2399 2442; x_wconf 85' lang='grc' dir='ltr'>οὐδέποτε</span> <span class='ocrx_word' id='word_1_378' title='bbox 2427 2386 2489 2442; x_wconf 74' lang='grc' dir='ltr'>δὲ</span> <span class='ocrx_word' id='word_1_379' title='bbox 2524 2387 2588 2441; x_wconf 82' lang='grc' dir='ltr'>τὸ</span> <span class='ocrx_word' id='word_1_380' title='bbox 2622 2386 2755 2441; x_wconf 84' lang='grc' dir='ltr'>αὐτὸ</span> <span class='ocrx_word' id='word_1_381' title='bbox 2785 2388 2904 2442; x_wconf 76' lang='grc' dir='ltr'>κατ’</span> <span class='ocrx_word' id='word_1_382' title='bbox 2934 2384 3173 2456; x_wconf 84' lang='grc' dir='ltr'>ἀριθμὸν</span> <span class='ocrx_word' id='word_1_383' title='bbox 3204 2386 3335 2439; x_wconf 74' lang='grc' dir='ltr'>ὅλον</span> <span class='ocrx_word' id='word_1_384' title='bbox 3358 2385 3729 2456; x_wconf 71' lang='grc' dir='ltr'>ἁμειφθέντσς</span> 
     </span>
    </p>
   </div>
   <div class='ocr_carea' id='block_1_57' title="bbox 2142 2476 3368 2549">
    <p class='ocr_par' dir='ltr' id='par_1_57' title="bbox 2142 2476 3368 2549">
     <span class='ocr_line' id='line_1_57' title="bbox 2142 2476 3368 2549; baseline 0.001 -17"><span class='ocrx_word' id='word_1_385' title='bbox 2142 2479 2287 2542; x_wconf 65' lang='grc' dir='ltr'>τινος</span> <span class='ocrx_word' id='word_1_386' title='bbox 2315 2476 2483 2533; x_wconf 78' lang='grc' dir='ltr'>αὐτοῦ</span> <span class='ocrx_word' id='word_1_387' title='bbox 2519 2476 2553 2549; x_wconf 73' lang='grc' dir='ltr'>ἦ</span> <span class='ocrx_word' id='word_1_388' title='bbox 2582 2496 2747 2533; x_wconf 81' lang='grc' dir='ltr'>τινων</span> <span class='ocrx_word' id='word_1_389' title='bbox 2782 2478 2965 2549; x_wconf 88' lang='grc' dir='ltr'>μερῶν</span> <span class='ocrx_word' id='word_1_390' title='bbox 2997 2476 3368 2549; x_wconf 68' lang='grc' dir='ltr'><strong>ὑποληπτέον.</strong></span> 
     </span>
    </p>
   </div>
   <div class='ocr_carea' id='block_1_58' title="bbox 2210 2566 3721 2640">
    <p class='ocr_par' dir='ltr' id='par_1_58' title="bbox 2210 2566 3721 2640">
     <span class='ocr_line' id='line_1_58' title="bbox 2210 2566 3721 2640; baseline -0.001 -18"><span class='ocrx_word' id='word_1_391' title='bbox 2210 2569 2275 2622; x_wconf 85' lang='grc' dir='ltr'><strong>Εἰ</strong></span> <span class='ocrx_word' id='word_1_392' title='bbox 2302 2568 2361 2623; x_wconf 70' lang='grc' dir='ltr'>δὲ</span> <span class='ocrx_word' id='word_1_393' title='bbox 2410 2568 2551 2640; x_wconf 84' lang='grc' dir='ltr'>μέρη</span> <span class='ocrx_word' id='word_1_394' title='bbox 2600 2569 2705 2639; x_wconf 79' lang='grc' dir='ltr'>τῆς</span> <span class='ocrx_word' id='word_1_395' title='bbox 2736 2569 3088 2632; x_wconf 77' lang='grc' dir='ltr'>ὑποστάσεως</span> <span class='ocrx_word' id='word_1_396' title='bbox 3109 2569 3211 2631; x_wconf 73' lang='grc' dir='ltr'><strong>τὰς</strong></span> <span class='ocrx_word' id='word_1_397' title='bbox 3245 2567 3359 2621; x_wconf 85' lang='grc' dir='ltr'><strong>τῶν</strong></span> <span class='ocrx_word' id='word_1_398' title='bbox 3401 2567 3537 2620; x_wconf 76' lang='grc' dir='ltr'>κατ’</span> <span class='ocrx_word' id='word_1_399' title='bbox 3564 2566 3721 2635; x_wconf 72' lang='grc' dir='ltr'>αὐτὴν</span> 
     </span>
    </p>
   </div>
   <div class='ocr_carea' id='block_1_59' title="bbox 2141 2660 3721 2732">
    <p class='ocr_par' dir='ltr' id='par_1_59' title="bbox 2141 2660 3721 2732">
     <span class='ocr_line' id='line_1_59' title="bbox 2141 2660 3721 2732; baseline -0.003 -16"><span class='ocrx_word' id='word_1_400' title='bbox 2141 2661 2446 2732; x_wconf 87' lang='grc' dir='ltr'>ἰδιωμάτων</span> <span class='ocrx_word' id='word_1_401' title='bbox 2478 2660 2673 2730; x_wconf 81' lang='grc' dir='ltr'>φύσεις</span> <span class='ocrx_word' id='word_1_402' title='bbox 2710 2660 2924 2730; x_wconf 82' lang='grc' dir='ltr'><strong>λέγετε,</strong></span> <span class='ocrx_word' id='word_1_403' title='bbox 2952 2660 2986 2731; x_wconf 76' lang='grc' dir='ltr'>ἢ</span> <span class='ocrx_word' id='word_1_404' title='bbox 3019 2660 3114 2713; x_wconf 73' lang='grc' dir='ltr'><strong>καὶ</strong></span> <span class='ocrx_word' id='word_1_405' title='bbox 3137 2660 3200 2713; x_wconf 74' lang='grc' dir='ltr'>τὸ</span> <span class='ocrx_word' id='word_1_406' title='bbox 3222 2660 3350 2713; x_wconf 81' lang='grc' dir='ltr'>ὅλον</span> <span class='ocrx_word' id='word_1_407' title='bbox 3372 2660 3592 2729; x_wconf 81' lang='grc' dir='ltr'>ὁμοίως</span> <span class='ocrx_word' id='word_1_408' title='bbox 3620 2660 3721 2720; x_wconf 70' lang='lat' dir='ltr'><strong>rei;</strong></span> 
     </span>
    </p>
   </div>
   <div class='ocr_carea' id='block_1_60' title="bbox 2141 2747 3722 2828">
    <p class='ocr_par' dir='ltr' id='par_1_60' title="bbox 2141 2747 3722 2828">
     <span class='ocr_line' id='line_1_60' title="bbox 2141 2747 3722 2828; baseline -0.003 -23"><span class='ocrx_word' id='word_1_409' title='bbox 2141 2751 2335 2822; x_wconf 80' lang='grc' dir='ltr'>μέρεσι</span> <span class='ocrx_word' id='word_1_410' title='bbox 2382 2750 2542 2821; x_wconf 81' lang='grc' dir='ltr'>φύσιν</span> <span class='ocrx_word' id='word_1_411' title='bbox 2583 2751 2788 2815; x_wconf 86' lang='grc' dir='ltr'>εἰδότες</span> <span class='ocrx_word' id='word_1_412' title='bbox 2809 2752 2990 2805; x_wconf 76' lang='grc' dir='ltr'>πᾶσαν</span> <span class='ocrx_word' id='word_1_413' title='bbox 3034 2751 3364 2828; x_wconf 73' lang='grc' dir='ltr'>ὑπόστεισιν,</span> <span class='ocrx_word' id='word_1_414' title='bbox 3394 2749 3572 2818; x_wconf 76' lang='grc' dir='ltr'>φύσιν</span> <span class='ocrx_word' id='word_1_415' title='bbox 3614 2747 3722 2801; x_wconf 60' lang='grc' dir='ltr'>τινὰ</span> 
     </span>
    </p>
   </div>
   <div class='ocr_carea' id='block_1_61' title="bbox 2137 2840 3720 2914">
    <p class='ocr_par' dir='ltr' id='par_1_61' title="bbox 2137 2840 3720 2914">
     <span class='ocr_line' id='line_1_61' title="bbox 2137 2840 3720 2914; baseline -0.003 -17"><span class='ocrx_word' id='word_1_416' title='bbox 2137 2843 2281 2897; x_wconf 78' lang='grc' dir='ltr'>κατὰ</span> <span class='ocrx_word' id='word_1_417' title='bbox 2315 2842 2578 2913; x_wconf 81' lang='grc' dir='ltr'>σύγχυσιν</span> <span class='ocrx_word' id='word_1_418' title='bbox 2606 2841 2716 2895; x_wconf 90' lang='grc' dir='ltr'><strong>τῶν</strong></span> <span class='ocrx_word' id='word_1_419' title='bbox 2749 2841 3311 2914; x_wconf 43' lang='grc' dir='ltr'>συν[τε]θεισῶννῐστε</span> <span class='ocrx_word' id='word_1_420' title='bbox 3342 2840 3599 2907; x_wconf 72' lang='grc' dir='ltr'>φύσεων,</span> <span class='ocrx_word' id='word_1_421' title='bbox 3638 2840 3720 2893; x_wconf 71' lang='grc' dir='ltr'><strong>καὶ</strong></span> 
     </span>
    </p>
   </div>
   <div class='ocr_carea' id='block_1_62' title="bbox 2138 2929 3720 3004">
    <p class='ocr_par' dir='ltr' id='par_1_62' title="bbox 2138 2929 3720 3004">
     <span class='ocr_line' id='line_1_62' title="bbox 2138 2929 3720 3004; baseline -0.003 -18"><span class='ocrx_word' id='word_1_422' title='bbox 2138 2934 2261 2987; x_wconf 69' lang='grc' dir='ltr'><strong>ἐπεὶ</strong></span> <span class='ocrx_word' id='word_1_423' title='bbox 2310 2932 2565 3004; x_wconf 81' lang='grc' dir='ltr'>γέννησιν</span> <span class='ocrx_word' id='word_1_424' title='bbox 2606 2932 2799 3001; x_wconf 81' lang='grc' dir='ltr'>ἐτέρας</span> <span class='ocrx_word' id='word_1_425' title='bbox 2849 2932 3003 3004; x_wconf 74' lang='grc' dir='ltr'>παρὰ</span> <span class='ocrx_word' id='word_1_426' title='bbox 3050 2931 3151 2996; x_wconf 81' lang='grc' dir='ltr'>τὰς</span> <span class='ocrx_word' id='word_1_427' title='bbox 3195 2932 3255 2984; x_wconf 72' lang='grc' dir='ltr'><strong>έν</strong></span> <span class='ocrx_word' id='word_1_428' title='bbox 3304 2933 3372 3001; x_wconf 76' lang='grc' dir='ltr'>τῇ</span> <span class='ocrx_word' id='word_1_429' title='bbox 3426 2929 3720 2984; x_wconf 76' lang='grc' dir='ltr'>ὑποστάσει</span> 
     </span>
    </p>
   </div>
   <div class='ocr_carea' id='block_1_63' title="bbox 462 3016 2036 3121">
    <p class='ocr_par' dir='ltr' id='par_1_63' title="bbox 462 3022 2036 3095">
     <span class='ocr_line' id='line_1_63' title="bbox 462 3022 2036 3095; baseline 0.001 -20"><span class='ocrx_word' id='word_1_430' title='bbox 462 3022 832 3078; x_wconf 89' lang='lat' dir='ltr'><strong>accessionem</strong></span> <span class='ocrx_word' id='word_1_431' title='bbox 853 3023 1085 3080; x_wconf 84' lang='lat' dir='ltr'><strong>alterius</strong></span> <span class='ocrx_word' id='word_1_432' title='bbox 1110 3039 1239 3079; x_wconf 88' lang='lat' dir='ltr'><strong>cum</strong></span> <span class='ocrx_word' id='word_1_433' title='bbox 1283 3023 1373 3078; x_wconf 88' lang='lat' dir='ltr'><strong>bis</strong></span> <span class='ocrx_word' id='word_1_434' title='bbox 1390 3038 1519 3095; x_wconf 61' lang='lat' dir='ltr'><strong>qua:</strong></span> <span class='ocrx_word' id='word_1_435' title='bbox 1534 3022 1867 3095; x_wconf 84' lang='lat' dir='ltr'><strong>bypostasim</strong></span> <span class='ocrx_word' id='word_1_436' title='bbox 1889 3037 2036 3078; x_wconf 81' lang='lat' dir='ltr'><strong>eom-</strong></span> 
     </span>
    </p>
   </div>
   <div class='ocr_carea' id='block_1_64' title="bbox 2138 3016 3721 3121">
    <p class='ocr_par' dir='ltr' id='par_1_64' title="bbox 2142 3016 3721 3093">
     <span class='ocr_line' id='line_1_64' title="bbox 2142 3016 3721 3093; baseline -0.005 -17"><span class='ocrx_word' id='word_1_437' title='bbox 2142 3020 2503 3086; x_wconf 75' lang='grc' dir='ltr'>συνελθούσας</span> <span class='ocrx_word' id='word_1_438' title='bbox 2521 3036 2536 3051; x_wconf 86' lang='grc'><strong>·</strong></span> <span class='ocrx_word' id='word_1_439' title='bbox 2572 3021 2613 3093; x_wconf 61' lang='grc' dir='ltr'><strong>ἦ</strong></span> <span class='ocrx_word' id='word_1_440' title='bbox 2635 3020 2735 3074; x_wconf 86' lang='grc' dir='ltr'>οὐκ</span> <span class='ocrx_word' id='word_1_441' title='bbox 2768 3021 2971 3090; x_wconf 79' lang='grc' dir='ltr'>ὁμοίως</span> <span class='ocrx_word' id='word_1_442' title='bbox 2997 3020 3113 3082; x_wconf 77' lang='grc' dir='ltr'>τοῖς</span> <span class='ocrx_word' id='word_1_443' title='bbox 3147 3018 3381 3089; x_wconf 81' lang='grc' dir='ltr'>μέρεσιν</span> <span class='ocrx_word' id='word_1_444' title='bbox 3404 3016 3637 3082; x_wconf 74' lang='grc' dir='ltr'>ἑαυτοῦ,</span> <span class='ocrx_word' id='word_1_445' title='bbox 3666 3016 3721 3068; x_wconf 62' lang='lat' dir='ltr'><strong>ei</strong></span> 
     </span>
    </p>
   </div>
   <div class='ocr_carea' id='block_1_65' title="bbox 459 3106 2036 3187">
    <p class='ocr_par' dir='ltr' id='par_1_65' title="bbox 459 3113 2036 3187">
     <span class='ocr_line' id='line_1_65' title="bbox 459 3113 2036 3187; baseline -0.001 -19"><span class='ocrx_word' id='word_1_446' title='bbox 459 3121 711 3183; x_wconf 81' lang='lat' dir='ltr'><strong>ponunt;</strong></span> <span class='ocrx_word' id='word_1_447' title='bbox 757 3113 850 3170; x_wconf 79' lang='lat' dir='ltr'><strong>vel</strong></span> <span class='ocrx_word' id='word_1_448' title='bbox 887 3114 1200 3187; x_wconf 80' lang='lat' dir='ltr'><strong>bypostasis</strong></span> <span class='ocrx_word' id='word_1_449' title='bbox 1236 3123 1409 3171; x_wconf 85' lang='lat' dir='ltr'><strong>totum</strong></span> <span class='ocrx_word' id='word_1_450' title='bbox 1448 3130 1560 3169; x_wconf 91' lang='lat' dir='ltr'><strong>non</strong></span> <span class='ocrx_word' id='word_1_451' title='bbox 1591 3129 1714 3170; x_wconf 86' lang='lat' dir='ltr'><strong>esse</strong></span> <span class='ocrx_word' id='word_1_452' title='bbox 1764 3129 1889 3169; x_wconf 91' lang='lat' dir='ltr'><strong>cum</strong></span> <span class='ocrx_word' id='word_1_453' title='bbox 1921 3113 2036 3168; x_wconf 85' lang='lat' dir='ltr'><strong>suis</strong></span> 
     </span>
    </p>
   </div>
   <div class='ocr_carea' id='block_1_66' title="bbox 2138 3106 3724 3187">
    <p class='ocr_par' dir='ltr' id='par_1_66' title="bbox 2138 3106 3724 3185">
     <span class='ocr_line' id='line_1_66' title="bbox 2138 3106 3724 3185; baseline -0.004 -17"><span class='ocrx_word' id='word_1_454' title='bbox 2138 3114 2256 3168; x_wconf 82' lang='grc' dir='ltr'>ὅλον</span> <span class='ocrx_word' id='word_1_455' title='bbox 2284 3114 2386 3185; x_wconf 81' lang='grc' dir='ltr'>τῆς</span> <span class='ocrx_word' id='word_1_456' title='bbox 2416 3113 2779 3176; x_wconf 78' lang='grc' dir='ltr'>ὑποστάσεως</span> <span class='ocrx_word' id='word_1_457' title='bbox 2799 3106 2939 3166; x_wconf 76' lang='grc' dir='ltr'>εἶναι</span> <span class='ocrx_word' id='word_1_458' title='bbox 2975 3110 3187 3180; x_wconf 82' lang='grc' dir='ltr'>λέγετε,</span> <span class='ocrx_word' id='word_1_459' title='bbox 3214 3109 3385 3181; x_wconf 81' lang='grc' dir='ltr'>εἴπερ</span> <span class='ocrx_word' id='word_1_460' title='bbox 3417 3109 3621 3173; x_wconf 82' lang='grc' dir='ltr'>οὐσίας</span> <span class='ocrx_word' id='word_1_461' title='bbox 3658 3107 3724 3161; x_wconf 69' lang='grc' dir='ltr'>τὶ</span> 
     </span>
    </p>
   </div>
   <div class='ocr_carea' id='block_1_67' title="bbox 461 3204 2034 3278">
    <p class='ocr_par' dir='ltr' id='par_1_67' title="bbox 461 3204 2034 3278">
     <span class='ocr_line' id='line_1_67' title="bbox 461 3204 2034 3278; baseline 0.002 -22"><span class='ocrx_word' id='word_1_462' title='bbox 461 3205 716 3275; x_wconf 79' lang='lat' dir='ltr'><strong>partibus</strong></span> <span class='ocrx_word' id='word_1_463' title='bbox 743 3205 932 3272; x_wconf 76' lang='lat' dir='ltr'><strong>dicite,</strong></span> <span class='ocrx_word' id='word_1_464' title='bbox 967 3207 1240 3278; x_wconf 84' lang='lat' dir='ltr'><strong>siquidem</strong></span> <span class='ocrx_word' id='word_1_465' title='bbox 1281 3204 1603 3262; x_wconf 74' lang='lat' dir='ltr'><strong>substantia:</strong></span> <span class='ocrx_word' id='word_1_466' title='bbox 1636 3214 1839 3275; x_wconf 89' lang='lat' dir='ltr'><strong>partes,</strong></span> <span class='ocrx_word' id='word_1_467' title='bbox 1871 3206 2034 3276; x_wconf 86' lang='lat' dir='ltr'><strong>quid-</strong></span> 
     </span>
    </p>
   </div>
   <div class='ocr_carea' id='block_1_68' title="bbox 462 3296 2034 3367">
    <p class='ocr_par' dir='ltr' id='par_1_68' title="bbox 462 3296 2034 3367">
     <span class='ocr_line' id='line_1_68' title="bbox 462 3296 2034 3367; baseline 0.003 -20"><span class='ocrx_word' id='word_1_468' title='bbox 462 3296 589 3349; x_wconf 87' lang='lat' dir='ltr'><strong>dam</strong></span> <span class='ocrx_word' id='word_1_469' title='bbox 617 3312 738 3351; x_wconf 87' lang='lat' dir='ltr'><strong>esse</strong></span> <span class='ocrx_word' id='word_1_470' title='bbox 766 3297 1090 3352; x_wconf 75' lang='lat' dir='ltr'><strong>substantia:</strong></span> <span class='ocrx_word' id='word_1_471' title='bbox 1114 3313 1312 3367; x_wconf 78' lang='lat' dir='ltr'><strong>expers</strong></span> <span class='ocrx_word' id='word_1_472' title='bbox 1345 3296 1591 3361; x_wconf 87' lang='lat' dir='ltr'><strong>creditis,</strong></span> <span class='ocrx_word' id='word_1_473' title='bbox 1630 3310 1807 3365; x_wconf 80' lang='lat' dir='ltr'><strong>exque</strong></span> <span class='ocrx_word' id='word_1_474' title='bbox 1831 3296 2034 3351; x_wconf 87' lang='lat' dir='ltr'><strong>unione</strong></span> 
     </span>
    </p>
   </div>
   <div class='ocr_carea' id='block_1_69' title="bbox 460 3385 2030 3457">
    <p class='ocr_par' dir='ltr' id='par_1_69' title="bbox 460 3385 2030 3457">
     <span class='ocr_line' id='line_1_69' title="bbox 460 3385 2030 3457; baseline 0.003 -18"><span class='ocrx_word' id='word_1_475' title='bbox 460 3387 878 3442; x_wconf 76' lang='lat' dir='ltr'><strong>subsistentium</strong></span> <span class='ocrx_word' id='word_1_476' title='bbox 902 3386 1165 3457; x_wconf 81' lang='lat' dir='ltr'><strong>quiddam</strong></span> <span class='ocrx_word' id='word_1_477' title='bbox 1195 3403 1305 3444; x_wconf 89' lang='lat' dir='ltr'><strong>non</strong></span> <span class='ocrx_word' id='word_1_478' title='bbox 1333 3385 1643 3445; x_wconf 85' lang='lat' dir='ltr'><strong>subsistens</strong></span> <span class='ocrx_word' id='word_1_479' title='bbox 1666 3387 2030 3452; x_wconf 87' lang='lat' dir='ltr'><strong>concluditis;</strong></span> 
     </span>
    </p>
   </div>
   <div class='ocr_carea' id='block_1_70' title="bbox 459 3476 2039 3534">
    <p class='ocr_par' dir='ltr' id='par_1_70' title="bbox 459 3476 2039 3534">
     <span class='ocr_line' id='line_1_70' title="bbox 459 3476 2039 3534; baseline 0.003 -6"><span class='ocrx_word' id='word_1_480' title='bbox 459 3476 608 3531; x_wconf 87' lang='lat' dir='ltr'><strong>inter</strong></span> <span class='ocrx_word' id='word_1_481' title='bbox 639 3476 974 3532; x_wconf 85' lang='lat' dir='ltr'><strong>substantias</strong></span> <span class='ocrx_word' id='word_1_482' title='bbox 1007 3477 1154 3533; x_wconf 89' lang='lat' dir='ltr'><strong>enim</strong></span> <span class='ocrx_word' id='word_1_483' title='bbox 1192 3485 1252 3533; x_wconf 86' lang='lat' dir='ltr'><strong>et</strong></span> <span class='ocrx_word' id='word_1_484' title='bbox 1282 3477 1759 3534; x_wconf 85' lang='lat' dir='ltr'><strong>non-substantias</strong></span> <span class='ocrx_word' id='word_1_485' title='bbox 1792 3478 2039 3533; x_wconf 84' lang='lat' dir='ltr'><strong>medium</strong></span> 
     </span>
    </p>
   </div>
   <div class='ocr_carea' id='block_1_71' title="bbox 459 3565 2032 3640">
    <p class='ocr_par' dir='ltr' id='par_1_71' title="bbox 459 3565 2032 3640">
     <span class='ocr_line' id='line_1_71' title="bbox 459 3565 2032 3640; baseline 0.002 -20"><span class='ocrx_word' id='word_1_486' title='bbox 459 3582 571 3620; x_wconf 75' lang='lat' dir='ltr'><strong>non</strong></span> <span class='ocrx_word' id='word_1_487' title='bbox 610 3573 714 3622; x_wconf 89' lang='lat' dir='ltr'><strong>est.</strong></span> <span class='ocrx_word' id='word_1_488' title='bbox 737 3565 793 3622; x_wconf 91' lang='lat' dir='ltr'><strong>Si</strong></span> <span class='ocrx_word' id='word_1_489' title='bbox 830 3582 965 3622; x_wconf 88' lang='lat' dir='ltr'><strong>vero</strong></span> <span class='ocrx_word' id='word_1_490' title='bbox 1013 3567 1197 3624; x_wconf 88' lang='lat' dir='ltr'><strong>dicitis</strong></span> <span class='ocrx_word' id='word_1_491' title='bbox 1233 3575 1413 3637; x_wconf 91' lang='lat' dir='ltr'><strong>partes</strong></span> <span class='ocrx_word' id='word_1_492' title='bbox 1443 3567 1752 3640; x_wconf 83' lang='lat' dir='ltr'><strong>bypostasis</strong></span> <span class='ocrx_word' id='word_1_493' title='bbox 1778 3568 2032 3623; x_wconf 89' lang='lat' dir='ltr'><strong>substan-</strong></span> 
     </span>
    </p>
   </div>
   <div class='ocr_carea' id='block_1_72' title="bbox 462 3657 2030 3730">
    <p class='ocr_par' dir='ltr' id='par_1_72' title="bbox 462 3657 2030 3730">
     <span class='ocr_line' id='line_1_72' title="bbox 462 3657 2030 3730; baseline 0.004 -21"><span class='ocrx_word' id='word_1_494' title='bbox 462 3657 567 3711; x_wconf 84' lang='lat' dir='ltr'><strong>tias</strong></span> <span class='ocrx_word' id='word_1_495' title='bbox 595 3658 1068 3728; x_wconf 87' lang='lat' dir='ltr'><strong>pr0prietatesque</strong></span> <span class='ocrx_word' id='word_1_496' title='bbox 1093 3659 1213 3729; x_wconf 90' lang='lat' dir='ltr'><strong>ejus</strong></span> <span class='ocrx_word' id='word_1_497' title='bbox 1240 3674 1362 3715; x_wconf 90' lang='lat' dir='ltr'><strong>esse</strong></span> <span class='ocrx_word' id='word_1_498' title='bbox 1396 3658 1805 3724; x_wconf 87' lang='lat' dir='ltr'><strong>substantiales,</strong></span> <span class='ocrx_word' id='word_1_499' title='bbox 1843 3659 2030 3730; x_wconf 87' lang='lat' dir='ltr'><strong>sicque</strong></span> 
     </span>
    </p>
   </div>
   <div class='ocr_carea' id='block_1_73' title="bbox 461 3749 2030 3821">
    <p class='ocr_par' dir='ltr' id='par_1_73' title="bbox 461 3749 2030 3821">
     <span class='ocr_line' id='line_1_73' title="bbox 461 3749 2030 3821; baseline 0.003 -21"><span class='ocrx_word' id='word_1_500' title='bbox 461 3764 655 3805; x_wconf 85' lang='lat' dir='ltr'><strong>rursus</strong></span> <span class='ocrx_word' id='word_1_501' title='bbox 685 3750 796 3804; x_wconf 91' lang='lat' dir='ltr'><strong>imo</strong></span> <span class='ocrx_word' id='word_1_502' title='bbox 828 3749 999 3805; x_wconf 86' lang='lat' dir='ltr'><strong>simul</strong></span> <span class='ocrx_word' id='word_1_503' title='bbox 1019 3762 1075 3805; x_wconf 88' lang='lat' dir='ltr'><strong>et</strong></span> <span class='ocrx_word' id='word_1_504' title='bbox 1106 3751 1160 3805; x_wconf 90' lang='lat' dir='ltr'><strong>in</strong></span> <span class='ocrx_word' id='word_1_505' title='bbox 1189 3750 1385 3806; x_wconf 89' lang='lat' dir='ltr'><strong>eodem</strong></span> <span class='ocrx_word' id='word_1_506' title='bbox 1415 3750 1588 3821; x_wconf 90' lang='lat' dir='ltr'><strong>ipsam</strong></span> <span class='ocrx_word' id='word_1_507' title='bbox 1623 3766 1744 3806; x_wconf 90' lang='lat' dir='ltr'><strong>esse</strong></span> <span class='ocrx_word' id='word_1_508' title='bbox 1774 3751 2030 3806; x_wconf 87' lang='lat' dir='ltr'><strong>substan-</strong></span> 
     </span>
    </p>
   </div>
   <div class='ocr_carea' id='block_1_74' title="bbox 462 3838 2026 3911">
    <p class='ocr_par' dir='ltr' id='par_1_74' title="bbox 462 3838 2026 3911">
     <span class='ocr_line' id='line_1_74' title="bbox 462 3838 2026 3911; baseline 0.005 -22"><span class='ocrx_word' id='word_1_509' title='bbox 462 3838 666 3904; x_wconf 60' lang='lat' dir='ltr'><strong>sialem,</strong></span> <span class='ocrx_word' id='word_1_510' title='bbox 709 3854 819 3894; x_wconf 92' lang='lat' dir='ltr'><strong>non</strong></span> <span class='ocrx_word' id='word_1_511' title='bbox 868 3849 953 3896; x_wconf 91' lang='lat' dir='ltr'><strong>est</strong></span> <span class='ocrx_word' id='word_1_512' title='bbox 1001 3854 1132 3911; x_wconf 77' lang='lat' dir='ltr'><strong>ergo</strong></span> <span class='ocrx_word' id='word_1_513' title='bbox 1176 3842 1411 3897; x_wconf 85' lang='lat' dir='ltr'><strong>dicenda</strong></span> <span class='ocrx_word' id='word_1_514' title='bbox 1468 3857 1578 3897; x_wconf 89' lang='lat' dir='ltr'><strong>non</strong></span> <span class='ocrx_word' id='word_1_515' title='bbox 1629 3841 2026 3907; x_wconf 86' lang='lat' dir='ltr'><strong>substantialis,</strong></span> 
     </span>
    </p>
   </div>
   <div class='ocr_carea' id='block_1_75' title="bbox 458 3929 2029 4005">
    <p class='ocr_par' dir='ltr' id='par_1_75' title="bbox 458 3929 2029 4005">
     <span class='ocr_line' id='line_1_75' title="bbox 458 3929 2029 4005; baseline 0.003 -24"><span class='ocrx_word' id='word_1_516' title='bbox 458 3929 711 3984; x_wconf 79' lang='lat' dir='ltr'><strong>alterutri</strong></span> <span class='ocrx_word' id='word_1_517' title='bbox 752 3930 991 3999; x_wconf 90' lang='lat' dir='ltr'><strong>partium</strong></span> <span class='ocrx_word' id='word_1_518' title='bbox 1050 3932 1223 4002; x_wconf 85' lang='lat' dir='ltr'><strong>ipsius</strong></span> <span class='ocrx_word' id='word_1_519' title='bbox 1270 3929 1616 3987; x_wconf 81' lang='lat' dir='ltr'><strong>solummodo</strong></span> <span class='ocrx_word' id='word_1_520' title='bbox 1668 3940 1845 3986; x_wconf 89' lang='lat' dir='ltr'><strong>totum</strong></span> <span class='ocrx_word' id='word_1_521' title='bbox 1908 3932 2029 4005; x_wconf 81' lang='lat' dir='ltr'><strong>ejus</strong></span> 
     </span>
    </p>
   </div>
   <div class='ocr_carea' id='block_1_76' title="bbox 457 4020 2026 4093">
    <p class='ocr_par' dir='ltr' id='par_1_76' title="bbox 457 4020 2026 4093">
     <span class='ocr_line' id='line_1_76' title="bbox 457 4020 2026 4093; baseline 0.005 -24"><span class='ocrx_word' id='word_1_522' title='bbox 457 4029 606 4074; x_wconf 89' lang='lat' dir='ltr'><strong>recte</strong></span> <span class='ocrx_word' id='word_1_523' title='bbox 638 4020 1068 4089; x_wconf 87' lang='lat' dir='ltr'><strong>comparabitur,</strong></span> <span class='ocrx_word' id='word_1_524' title='bbox 1097 4028 1261 4091; x_wconf 90' lang='lat' dir='ltr'><strong>atque</strong></span> <span class='ocrx_word' id='word_1_525' title='bbox 1288 4022 1357 4078; x_wconf 88' lang='lat' dir='ltr'><strong>ab</strong></span> <span class='ocrx_word' id='word_1_526' title='bbox 1383 4022 1551 4077; x_wconf 86' lang='lat' dir='ltr'><strong>altera</strong></span> <span class='ocrx_word' id='word_1_527' title='bbox 1576 4021 1815 4086; x_wconf 73' lang='lat' dir='ltr'><strong>dideret,</strong></span> <span class='ocrx_word' id='word_1_528' title='bbox 1838 4023 2026 4093; x_wconf 90' lang='lat' dir='ltr'><strong>sicque</strong></span> 
     </span>
    </p>
   </div>
   <div class='ocr_carea' id='block_1_77' title="bbox 457 4108 2027 4180">
    <p class='ocr_par' dir='ltr' id='par_1_77' title="bbox 457 4108 2027 4180">
     <span class='ocr_line' id='line_1_77' title="bbox 457 4108 2027 4180; baseline 0.006 -19"><span class='ocrx_word' id='word_1_529' title='bbox 457 4108 693 4174; x_wconf 62' lang='lat' dir='ltr'><strong>primum</strong></span> <span class='ocrx_word' id='word_1_530' title='bbox 731 4109 842 4165; x_wconf 87' lang='lat' dir='ltr'><strong>erit</strong></span> <span class='ocrx_word' id='word_1_531' title='bbox 887 4110 1145 4180; x_wconf 88' lang='lat' dir='ltr'><strong>equidem</strong></span> <span class='ocrx_word' id='word_1_532' title='bbox 1182 4113 1415 4167; x_wconf 88' lang='lat' dir='ltr'><strong>alterum</strong></span> <span class='ocrx_word' id='word_1_533' title='bbox 1470 4112 1813 4169; x_wconf 87' lang='lat' dir='ltr'><strong>numerabile</strong></span> <span class='ocrx_word' id='word_1_534' title='bbox 1860 4121 1916 4168; x_wconf 89' lang='lat' dir='ltr'><strong>et</strong></span> <span class='ocrx_word' id='word_1_535' title='bbox 1956 4130 2027 4171; x_wconf 79' lang='lat' dir='ltr'><strong>ex</strong></span> 
     </span>
    </p>
   </div>
   <div class='ocr_carea' id='block_1_78' title="bbox 453 4198 2025 4276">
    <p class='ocr_par' dir='ltr' id='par_1_78' title="bbox 453 4198 2025 4276">
     <span class='ocr_line' id='line_1_78' title="bbox 453 4198 2025 4276; baseline 0.006 -24"><span class='ocrx_word' id='word_1_536' title='bbox 453 4198 760 4255; x_wconf 83' lang='lat' dir='ltr'><strong>substantia</strong></span> <span class='ocrx_word' id='word_1_537' title='bbox 788 4201 1037 4270; x_wconf 86' lang='lat' dir='ltr'><strong>partibus</strong></span> <span class='ocrx_word' id='word_1_538' title='bbox 1064 4211 1343 4269; x_wconf 85' lang='lat' dir='ltr'><strong>constans,</strong></span> <span class='ocrx_word' id='word_1_539' title='bbox 1374 4204 1649 4276; x_wconf 88' lang='lat' dir='ltr'><strong>quomodo</strong></span> <span class='ocrx_word' id='word_1_540' title='bbox 1678 4204 1893 4275; x_wconf 89' lang='lat' dir='ltr'><strong>aliquid</strong></span> <span class='ocrx_word' id='word_1_541' title='bbox 1913 4222 2025 4262; x_wconf 88' lang='lat' dir='ltr'><strong>non</strong></span> 
     </span>
    </p>
   </div>
   <div class='ocr_carea' id='block_1_79' title="bbox 452 4289 2021 4363">
    <p class='ocr_par' dir='ltr' id='par_1_79' title="bbox 452 4289 2021 4363">
     <span class='ocr_line' id='line_1_79' title="bbox 452 4289 2021 4363; baseline 0.005 -20"><span class='ocrx_word' id='word_1_542' title='bbox 452 4289 816 4347; x_wconf 83' lang='lat' dir='ltr'><strong>substantiale</strong></span> <span class='ocrx_word' id='word_1_543' title='bbox 864 4300 1032 4358; x_wconf 90' lang='lat' dir='ltr'><strong>esset,</strong></span> <span class='ocrx_word' id='word_1_544' title='bbox 1078 4293 1449 4363; x_wconf 87' lang='lat' dir='ltr'><strong>impossibile;</strong></span> <span class='ocrx_word' id='word_1_545' title='bbox 1496 4295 1582 4351; x_wconf 88' lang='lat' dir='ltr'><strong>vel</strong></span> <span class='ocrx_word' id='word_1_546' title='bbox 1617 4311 1684 4350; x_wconf 84' lang='lat' dir='ltr'><strong>ex</strong></span> <span class='ocrx_word' id='word_1_547' title='bbox 1738 4296 2021 4351; x_wconf 84' lang='lat' dir='ltr'><strong>accidente</strong></span> 
     </span>
    </p>
   </div>
   <div class='ocr_carea' id='block_1_80' title="bbox 2139 3198 3714 3276">
    <p class='ocr_par' dir='ltr' id='par_1_80' title="bbox 2139 3198 3714 3276">
     <span class='ocr_line' id='line_1_80' title="bbox 2139 3198 3714 3276; baseline -0.003 -19"><span class='ocrx_word' id='word_1_548' title='bbox 2139 3205 2307 3276; x_wconf 75' lang='grc' dir='ltr'>μέρη,</span> <span class='ocrx_word' id='word_1_549' title='bbox 2344 3203 2592 3259; x_wconf 81' lang='grc' dir='ltr'>άνοὺσιον</span> <span class='ocrx_word' id='word_1_550' title='bbox 2620 3203 2739 3256; x_wconf 84' lang='grc' dir='ltr'>τόδε</span> <span class='ocrx_word' id='word_1_551' title='bbox 2777 3219 2833 3256; x_wconf 83' lang='grc' dir='ltr'><strong>τι</strong></span> <span class='ocrx_word' id='word_1_552' title='bbox 2859 3198 2997 3257; x_wconf 74' lang='grc' dir='ltr'>εἶναι</span> <span class='ocrx_word' id='word_1_553' title='bbox 3031 3201 3309 3272; x_wconf 75' lang='grc' dir='ltr'>νομίζετε,</span> <span class='ocrx_word' id='word_1_554' title='bbox 3346 3202 3452 3258; x_wconf 68' lang='grc' dir='ltr'>καὶ</span> <span class='ocrx_word' id='word_1_555' title='bbox 3508 3203 3575 3254; x_wconf 68' lang='grc' dir='ltr'><strong>ἐκ</strong></span> <span class='ocrx_word' id='word_1_556' title='bbox 3604 3218 3714 3253; x_wconf 79' lang='grc' dir='ltr'>συν-</span> 
     </span>
    </p>
   </div>
   <div class='ocr_carea' id='block_1_81' title="bbox 2134 3292 3710 3366">
    <p class='ocr_par' dir='ltr' id='par_1_81' title="bbox 2134 3292 3710 3366">
     <span class='ocr_line' id='line_1_81' title="bbox 2134 3292 3710 3366; baseline -0.003 -17"><span class='ocrx_word' id='word_1_557' title='bbox 2134 3295 2338 3359; x_wconf 81' lang='grc' dir='ltr'>θέσεως</span> <span class='ocrx_word' id='word_1_558' title='bbox 2358 3294 2469 3349; x_wconf 84' lang='grc' dir='ltr'><strong>τῶν</strong></span> <span class='ocrx_word' id='word_1_559' title='bbox 2510 3293 2872 3366; x_wconf 78' lang='grc' dir='ltr'>ὲνυπάρκτων</span> <span class='ocrx_word' id='word_1_560' title='bbox 2922 3295 3187 3363; x_wconf 81' lang='grc' dir='ltr'>συνάγετέ</span> <span class='ocrx_word' id='word_1_561' title='bbox 3227 3310 3284 3346; x_wconf 82' lang='grc' dir='ltr'><strong>τι</strong></span> <span class='ocrx_word' id='word_1_562' title='bbox 3314 3292 3710 3365; x_wconf 69' lang='grc' dir='ltr'>ἀνύπαρκτον</span> 
     </span>
    </p>
   </div>
   <div class='ocr_carea' id='block_1_82' title="bbox 2137 3382 3708 3458">
    <p class='ocr_par' dir='ltr' id='par_1_82' title="bbox 2137 3382 3708 3458">
     <span class='ocr_line' id='line_1_82' title="bbox 2137 3382 3708 3458; baseline -0.003 -18"><span class='ocrx_word' id='word_1_563' title='bbox 2137 3386 2302 3458; x_wconf 88' lang='grc' dir='ltr'>μέσον</span> <span class='ocrx_word' id='word_1_564' title='bbox 2338 3386 2446 3458; x_wconf 84' lang='grc' dir='ltr'>γάρ</span> <span class='ocrx_word' id='word_1_565' title='bbox 2480 3404 2532 3455; x_wconf 70' lang='grc' dir='ltr'><strong>τι</strong></span> <span class='ocrx_word' id='word_1_566' title='bbox 2560 3386 2759 3440; x_wconf 83' lang='grc' dir='ltr'>οὐσιῶν</span> <span class='ocrx_word' id='word_1_567' title='bbox 2789 3387 2886 3439; x_wconf 82' lang='grc' dir='ltr'><strong>καὶ</strong></span> <span class='ocrx_word' id='word_1_568' title='bbox 2918 3386 3188 3440; x_wconf 81' lang='grc' dir='ltr'>ἁνουσίων</span> <span class='ocrx_word' id='word_1_569' title='bbox 3241 3385 3347 3439; x_wconf 82' lang='grc' dir='ltr'><strong>οὐκ</strong></span> <span class='ocrx_word' id='word_1_570' title='bbox 3384 3385 3541 3439; x_wconf 75' lang='grc' dir='ltr'>ἐστι.</span> <span class='ocrx_word' id='word_1_571' title='bbox 3577 3383 3637 3436; x_wconf 76' lang='grc' dir='ltr'>Εἰ</span> <span class='ocrx_word' id='word_1_572' title='bbox 3659 3382 3708 3435; x_wconf 68' lang='grc' dir='ltr'>δὲ</span> 
     </span>
    </p>
   </div>
   <div class='ocr_carea' id='block_1_83' title="bbox 2136 3476 3708 3549">
    <p class='ocr_par' dir='ltr' id='par_1_83' title="bbox 2136 3476 3708 3549">
     <span class='ocr_line' id='line_1_83' title="bbox 2136 3476 3708 3549; baseline -0.003 -17"><span class='ocrx_word' id='word_1_573' title='bbox 2136 3478 2276 3549; x_wconf 84' lang='grc' dir='ltr'>μέρη</span> <span class='ocrx_word' id='word_1_574' title='bbox 2311 3478 2414 3548; x_wconf 84' lang='grc' dir='ltr'>τῆς</span> <span class='ocrx_word' id='word_1_575' title='bbox 2438 3478 2813 3543; x_wconf 85' lang='grc' dir='ltr'>ὑποστάσεως,</span> <span class='ocrx_word' id='word_1_576' title='bbox 2838 3478 2939 3541; x_wconf 83' lang='grc' dir='ltr'><strong>τάς</strong></span> <span class='ocrx_word' id='word_1_577' title='bbox 2975 3494 3036 3530; x_wconf 84' lang='grc' dir='ltr'><strong>τε</strong></span> <span class='ocrx_word' id='word_1_578' title='bbox 3069 3477 3258 3541; x_wconf 79' lang='grc' dir='ltr'>οὐσίας</span> <span class='ocrx_word' id='word_1_579' title='bbox 3281 3477 3381 3530; x_wconf 76' lang='grc' dir='ltr'><strong>καὶ</strong></span> <span class='ocrx_word' id='word_1_580' title='bbox 3409 3476 3487 3529; x_wconf 73' lang='grc' dir='ltr'><strong>τὰ</strong></span> <span class='ocrx_word' id='word_1_581' title='bbox 3504 3476 3708 3529; x_wconf 71' lang='grc' dir='ltr'>ἑνούσια</span> 
     </span>
    </p>
   </div>
   <div class='ocr_carea' id='block_1_84' title="bbox 2134 3566 3707 3640">
    <p class='ocr_par' dir='ltr' id='par_1_84' title="bbox 2134 3566 3707 3640">
     <span class='ocr_line' id='line_1_84' title="bbox 2134 3566 3707 3640; baseline -0.002 -18"><span class='ocrx_word' id='word_1_582' title='bbox 2134 3568 2403 3640; x_wconf 75' lang='grc' dir='ltr'><strong>ἰδιώματα</strong></span> <span class='ocrx_word' id='word_1_583' title='bbox 2432 3569 2603 3639; x_wconf 73' lang='grc' dir='ltr'>αὐτῆς</span> <span class='ocrx_word' id='word_1_584' title='bbox 2634 3568 2847 3637; x_wconf 78' lang='grc' dir='ltr'>λέγετε,</span> <span class='ocrx_word' id='word_1_585' title='bbox 2893 3568 2988 3622; x_wconf 78' lang='grc' dir='ltr'><strong>καὶ</strong></span> <span class='ocrx_word' id='word_1_586' title='bbox 3034 3566 3176 3621; x_wconf 75' lang='grc' dir='ltr'>οὕτω</span> <span class='ocrx_word' id='word_1_587' title='bbox 3209 3567 3376 3621; x_wconf 82' lang='grc' dir='ltr'>πάλιν</span> <span class='ocrx_word' id='word_1_588' title='bbox 3420 3569 3554 3619; x_wconf 73' lang='grc' dir='ltr'><strong>ἐπεὶ</strong></span> <span class='ocrx_word' id='word_1_589' title='bbox 3605 3566 3707 3633; x_wconf 68' lang='grc' dir='ltr'>ἅμα</span> 
     </span>
    </p>
   </div>
   <div class='ocr_carea' id='block_1_85' title="bbox 2130 3656 3706 3732">
    <p class='ocr_par' dir='ltr' id='par_1_85' title="bbox 2130 3656 3706 3732">
     <span class='ocr_line' id='line_1_85' title="bbox 2130 3656 3706 3732; baseline -0.003 -19"><span class='ocrx_word' id='word_1_590' title='bbox 2130 3662 2223 3713; x_wconf 75' lang='grc' dir='ltr'>καὶ</span> <span class='ocrx_word' id='word_1_591' title='bbox 2252 3662 2309 3713; x_wconf 81' lang='grc' dir='ltr'>ὲν</span> <span class='ocrx_word' id='word_1_592' title='bbox 2342 3660 2526 3732; x_wconf 81' lang='grc' dir='ltr'>ταυτῷ</span> <span class='ocrx_word' id='word_1_593' title='bbox 2555 3660 2790 3731; x_wconf 81' lang='grc' dir='ltr'>οὑσιώδη</span> <span class='ocrx_word' id='word_1_594' title='bbox 2826 3677 2887 3714; x_wconf 85' lang='grc' dir='ltr'><strong>τε</strong></span> <span class='ocrx_word' id='word_1_595' title='bbox 2932 3656 3072 3713; x_wconf 75' lang='grc' dir='ltr'>εἶναι</span> <span class='ocrx_word' id='word_1_596' title='bbox 3121 3657 3294 3729; x_wconf 71' lang='grc' dir='ltr'>αὑτὴν</span> <span class='ocrx_word' id='word_1_597' title='bbox 3325 3658 3423 3712; x_wconf 73' lang='grc' dir='ltr'><strong>καὶ</strong></span> <span class='ocrx_word' id='word_1_598' title='bbox 3464 3658 3706 3711; x_wconf 77' lang='grc' dir='ltr'>άνοὺσισν</span> 
     </span>
    </p>
   </div>
   <div class='ocr_carea' id='block_1_86' title="bbox 2127 3750 3705 3823">
    <p class='ocr_par' dir='ltr' id='par_1_86' title="bbox 2127 3750 3705 3823">
     <span class='ocr_line' id='line_1_86' title="bbox 2127 3750 3705 3823; baseline -0.002 -19"><span class='ocrx_word' id='word_1_599' title='bbox 2127 3752 2225 3804; x_wconf 72' lang='grc' dir='ltr'>οὐκ</span> <span class='ocrx_word' id='word_1_600' title='bbox 2270 3752 2407 3819; x_wconf 75' lang='grc' dir='ltr'>ἔστι,</span> <span class='ocrx_word' id='word_1_601' title='bbox 2441 3751 2657 3823; x_wconf 82' lang='grc' dir='ltr'>θατέρῳ</span> <span class='ocrx_word' id='word_1_602' title='bbox 2688 3750 2799 3804; x_wconf 88' lang='grc' dir='ltr'><strong>τῶν</strong></span> <span class='ocrx_word' id='word_1_603' title='bbox 2829 3751 3015 3823; x_wconf 85' lang='grc' dir='ltr'>μερῶν</span> <span class='ocrx_word' id='word_1_604' title='bbox 3053 3752 3249 3804; x_wconf 74' lang='grc' dir='ltr'>ἑαυτοῦ</span> <span class='ocrx_word' id='word_1_605' title='bbox 3280 3751 3452 3819; x_wconf 73' lang='grc' dir='ltr'>μόνον</span> <span class='ocrx_word' id='word_1_606' title='bbox 3484 3750 3549 3802; x_wconf 80' lang='grc' dir='ltr'>τὸ</span> <span class='ocrx_word' id='word_1_607' title='bbox 3596 3750 3705 3802; x_wconf 73' lang='grc' dir='ltr'>ὅλον</span> 
     </span>
    </p>
   </div>
   <div class='ocr_carea' id='block_1_87' title="bbox 2128 3840 3704 3914">
    <p class='ocr_par' dir='ltr' id='par_1_87' title="bbox 2128 3840 3704 3914">
     <span class='ocr_line' id='line_1_87' title="bbox 2128 3840 3704 3914; baseline -0.003 -19"><span class='ocrx_word' id='word_1_608' title='bbox 2128 3843 2299 3913; x_wconf 85' lang='grc' dir='ltr'>αὐτῆς</span> <span class='ocrx_word' id='word_1_609' title='bbox 2326 3843 2726 3914; x_wconf 82' lang='grc' dir='ltr'>ὁμοιωθήσεται</span> <span class='ocrx_word' id='word_1_610' title='bbox 2775 3842 3023 3909; x_wconf 79' lang='grc' dir='ltr'>εἰκότως,</span> <span class='ocrx_word' id='word_1_611' title='bbox 3056 3843 3149 3894; x_wconf 76' lang='grc' dir='ltr'>καὶ</span> <span class='ocrx_word' id='word_1_612' title='bbox 3191 3840 3272 3910; x_wconf 83' lang='grc' dir='ltr'>τῷ</span> <span class='ocrx_word' id='word_1_613' title='bbox 3322 3840 3508 3909; x_wconf 73' lang='grc' dir='ltr'>ἑτέρῳ</span> <span class='ocrx_word' id='word_1_614' title='bbox 3544 3840 3704 3893; x_wconf 80' lang='grc' dir='ltr'>διενέ-</span> 
     </span>
    </p>
   </div>
   <div class='ocr_carea' id='block_1_88' title="bbox 2127 3932 3700 4005">
    <p class='ocr_par' dir='ltr' id='par_1_88' title="bbox 2127 3932 3700 4005">
     <span class='ocr_line' id='line_1_88' title="bbox 2127 3932 3700 4005; baseline -0.001 -20"><span class='ocrx_word' id='word_1_615' title='bbox 2127 3934 2299 4000; x_wconf 81' lang='grc' dir='ltr'>ξεται,</span> <span class='ocrx_word' id='word_1_616' title='bbox 2332 3936 2426 3989; x_wconf 75' lang='grc' dir='ltr'>καὶ</span> <span class='ocrx_word' id='word_1_617' title='bbox 2450 3935 2604 3992; x_wconf 75' lang='grc' dir='ltr'>ἔσται</span> <span class='ocrx_word' id='word_1_618' title='bbox 2629 3933 2804 3998; x_wconf 72' lang='grc' dir='ltr'>οὕτως</span> <span class='ocrx_word' id='word_1_619' title='bbox 2831 3934 3025 4003; x_wconf 84' lang='grc' dir='ltr'>πρῶτα</span> <span class='ocrx_word' id='word_1_620' title='bbox 3054 3934 3155 4005; x_wconf 80' lang='grc' dir='ltr'>μὲν</span> <span class='ocrx_word' id='word_1_621' title='bbox 3176 3932 3369 4003; x_wconf 75' lang='grc' dir='ltr'>ἕτερον</span> <span class='ocrx_word' id='word_1_622' title='bbox 3394 3932 3700 4002; x_wconf 65' lang='grc' dir='ltr'>ἀριθμητὸν</span> 
     </span>
    </p>
   </div>
   <div class='ocr_carea' id='block_1_89' title="bbox 2126 4021 3701 4096">
    <p class='ocr_par' dir='ltr' id='par_1_89' title="bbox 2126 4021 3701 4096">
     <span class='ocr_line' id='line_1_89' title="bbox 2126 4021 3701 4096; baseline -0.005 -16"><span class='ocrx_word' id='word_1_623' title='bbox 2126 4027 2187 4091; x_wconf 79' lang='grc' dir='ltr'>ἐξ</span> <span class='ocrx_word' id='word_1_624' title='bbox 2239 4027 2427 4090; x_wconf 79' lang='grc' dir='ltr'>οὐσίας</span> <span class='ocrx_word' id='word_1_625' title='bbox 2470 4044 2528 4080; x_wconf 83' lang='grc' dir='ltr'><strong>τε</strong></span> <span class='ocrx_word' id='word_1_626' title='bbox 2567 4025 2675 4081; x_wconf 83' lang='grc' dir='ltr'><strong>ἀπὸ</strong></span> <span class='ocrx_word' id='word_1_627' title='bbox 2740 4026 2939 4096; x_wconf 83' lang='grc' dir='ltr'>μέρους</span> <span class='ocrx_word' id='word_1_628' title='bbox 2990 4023 3073 4089; x_wconf 82' lang='grc' dir='ltr'>ὃν,</span> <span class='ocrx_word' id='word_1_629' title='bbox 3097 4022 3234 4087; x_wconf 85' lang='grc' dir='ltr'>,πῶς</span> <span class='ocrx_word' id='word_1_630' title='bbox 3287 4021 3552 4077; x_wconf 76' lang='grc' dir='ltr'>ἀνοὺσιον</span> <span class='ocrx_word' id='word_1_631' title='bbox 3599 4023 3701 4091; x_wconf 68' lang='grc' dir='ltr'>εἰη,</span> 
     </span>
    </p>
   </div>
   <div class='ocr_carea' id='block_1_90' title="bbox 2123 4112 3699 4188">
    <p class='ocr_par' dir='ltr' id='par_1_90' title="bbox 2123 4112 3699 4188">
     <span class='ocr_line' id='line_1_90' title="bbox 2123 4112 3699 4188; baseline -0.004 -17"><span class='ocrx_word' id='word_1_632' title='bbox 2123 4119 2363 4188; x_wconf 80' lang='grc' dir='ltr'>ἄπορον·</span> <span class='ocrx_word' id='word_1_633' title='bbox 2397 4116 2431 4188; x_wconf 81' lang='grc' dir='ltr'>ἢ</span> <span class='ocrx_word' id='word_1_634' title='bbox 2470 4118 2533 4170; x_wconf 83' lang='grc' dir='ltr'><strong>ὲκ</strong></span> <span class='ocrx_word' id='word_1_635' title='bbox 2585 4116 2996 4187; x_wconf 80' lang='grc' dir='ltr'>συμϐεϐηκότος</span> <span class='ocrx_word' id='word_1_636' title='bbox 3046 4114 3157 4170; x_wconf 81' lang='grc' dir='ltr'><strong>ἀπὸ</strong></span> <span class='ocrx_word' id='word_1_637' title='bbox 3208 4114 3412 4185; x_wconf 85' lang='grc' dir='ltr'>μέρους</span> <span class='ocrx_word' id='word_1_638' title='bbox 3449 4112 3516 4166; x_wconf 79' lang='grc' dir='ltr'>ὃν</span> <span class='ocrx_word' id='word_1_639' title='bbox 3545 4152 3562 4177; x_wconf 91' lang='grc'><strong>,</strong></span> <span class='ocrx_word' id='word_1_640' title='bbox 3592 4112 3699 4176; x_wconf 72' lang='grc' dir='ltr'><strong>πῶς</strong></span> 
     </span>
    </p>
   </div>
   <div class='ocr_carea' id='block_1_91' title="bbox 2121 4203 3697 4278">
    <p class='ocr_par' dir='ltr' id='par_1_91' title="bbox 2121 4203 3697 4278">
     <span class='ocr_line' id='line_1_91' title="bbox 2121 4203 3697 4278; baseline -0.003 -17"><span class='ocrx_word' id='word_1_641' title='bbox 2121 4208 2279 4262; x_wconf 76' lang='grc' dir='ltr'>οὖσία</span> <span class='ocrx_word' id='word_1_642' title='bbox 2311 4225 2396 4273; x_wconf 86' lang='grc' dir='ltr'><strong>τις</strong></span> <span class='ocrx_word' id='word_1_643' title='bbox 2425 4208 2532 4277; x_wconf 78' lang='grc' dir='ltr'>εἴη,</span> <span class='ocrx_word' id='word_1_644' title='bbox 2569 4207 2783 4278; x_wconf 75' lang='grc' dir='ltr'>ἄδηλον.</span> <span class='ocrx_word' id='word_1_645' title='bbox 2818 4207 2963 4278; x_wconf 75' lang='grc' dir='ltr'>Πρδς</span> <span class='ocrx_word' id='word_1_646' title='bbox 2995 4205 3077 4275; x_wconf 82' lang='grc' dir='ltr'>τῷ</span> <span class='ocrx_word' id='word_1_647' title='bbox 3106 4205 3225 4268; x_wconf 79' lang='grc' dir='ltr'>καὶ,</span> <span class='ocrx_word' id='word_1_648' title='bbox 3264 4206 3313 4257; x_wconf 90' lang='grc' dir='ltr'><strong>εἰ</strong></span> <span class='ocrx_word' id='word_1_649' title='bbox 3360 4203 3431 4257; x_wconf 78' lang='grc' dir='ltr'>τὰ</span> <span class='ocrx_word' id='word_1_650' title='bbox 3456 4205 3697 4265; x_wconf 75' lang='grc' dir='ltr'>ὲνοὺσια,</span> 
     </span>
    </p>
   </div>
   <div class='ocr_carea' id='block_1_92' title="bbox 2123 4296 3695 4372">
    <p class='ocr_par' dir='ltr' id='par_1_92' title="bbox 2123 4296 3695 4372">
     <span class='ocr_line' id='line_1_92' title="bbox 2123 4296 3695 4372; baseline -0.003 -17"><span class='ocrx_word' id='word_1_651' title='bbox 2123 4299 2313 4372; x_wconf 84' lang='grc' dir='ltr'>ῶσπερ</span> <span class='ocrx_word' id='word_1_652' title='bbox 2343 4302 2437 4354; x_wconf 75' lang='grc' dir='ltr'><strong>καὶ</strong></span> <span class='ocrx_word' id='word_1_653' title='bbox 2467 4299 2528 4354; x_wconf 80' lang='lat' dir='ltr'><strong>ai</strong></span> <span class='ocrx_word' id='word_1_654' title='bbox 2546 4299 2753 4365; x_wconf 83' lang='grc' dir='ltr'>οὐσίαι,</span> <span class='ocrx_word' id='word_1_655' title='bbox 2786 4300 2928 4372; x_wconf 86' lang='grc' dir='ltr'>μέρη</span> <span class='ocrx_word' id='word_1_656' title='bbox 2963 4299 3058 4352; x_wconf 75' lang='grc' dir='ltr'><strong>καὶ</strong></span> <span class='ocrx_word' id='word_1_657' title='bbox 3089 4298 3231 4353; x_wconf 77' lang='grc' dir='ltr'>αὐτὰ</span> <span class='ocrx_word' id='word_1_658' title='bbox 3254 4296 3350 4351; x_wconf 84' lang='grc' dir='ltr'>τοῦ</span> <span class='ocrx_word' id='word_1_659' title='bbox 3386 4297 3517 4352; x_wconf 81' lang='grc' dir='ltr'>ὅλου</span> <span class='ocrx_word' id='word_1_660' title='bbox 3558 4297 3695 4351; x_wconf 58' lang='lat' dir='ltr'><strong>latis</strong></span> 
     </span>
    </p>
   </div>
   <div class='ocr_carea' id='block_1_93' title="bbox 452 4384 2036 4463">
    <p class='ocr_par' dir='ltr' id='par_1_93' title="bbox 452 4384 2018 4456">
     <span class='ocr_line' id='line_1_93' title="bbox 452 4384 2018 4456; baseline 0.006 -23"><span class='ocrx_word' id='word_1_661' title='bbox 452 4391 712 4438; x_wconf 64' lang='lat' dir='ltr'><strong>constans</strong></span> <span class='ocrx_word' id='word_1_662' title='bbox 737 4384 1006 4453; x_wconf 88' lang='lat' dir='ltr'><strong>partibus,</strong></span> <span class='ocrx_word' id='word_1_663' title='bbox 1031 4386 1306 4454; x_wconf 85' lang='lat' dir='ltr'><strong>quomodo</strong></span> <span class='ocrx_word' id='word_1_664' title='bbox 1324 4387 1505 4456; x_wconf 85' lang='lat' dir='ltr'><strong>aliqua</strong></span> <span class='ocrx_word' id='word_1_665' title='bbox 1529 4394 1675 4443; x_wconf 91' lang='lat' dir='ltr'><strong>esset</strong></span> <span class='ocrx_word' id='word_1_666' title='bbox 1691 4387 2018 4454; x_wconf 89' lang='lat' dir='ltr'><strong>substantia,</strong></span> 
     </span>
    </p>
   </div>
   <div class='ocr_carea' id='block_1_94' title="bbox 2138 4384 3689 4463">
    <p class='ocr_par' dir='ltr' id='par_1_94' title="bbox 2138 4387 3689 4463">
     <span class='ocr_line' id='line_1_94' title="bbox 2138 4387 3689 4463; baseline -0.002 -19"><span class='ocrx_word' id='word_1_667' title='bbox 2138 4392 2187 4445; x_wconf 70' lang='lat' dir='ltr'><strong>iv</strong></span> <span class='ocrx_word' id='word_1_668' title='bbox 2215 4394 2337 4455; x_wconf 82' lang='grc' dir='ltr'>ταῖς</span> <span class='ocrx_word' id='word_1_669' title='bbox 2360 4391 2592 4457; x_wconf 86' lang='grc' dir='ltr'>οὐσίαις,</span> <span class='ocrx_word' id='word_1_670' title='bbox 2619 4390 2690 4446; x_wconf 80' lang='grc' dir='ltr'><strong>τὰ</strong></span> <span class='ocrx_word' id='word_1_671' title='bbox 2718 4392 2862 4463; x_wconf 82' lang='grc' dir='ltr'>μέρη</span> <span class='ocrx_word' id='word_1_672' title='bbox 2890 4390 2986 4444; x_wconf 79' lang='grc' dir='ltr'><strong>τοῦ</strong></span> <span class='ocrx_word' id='word_1_673' title='bbox 3008 4389 3131 4443; x_wconf 83' lang='grc' dir='ltr'>ὅλου</span> <span class='ocrx_word' id='word_1_674' title='bbox 3160 4391 3218 4444; x_wconf 80' lang='grc' dir='ltr'>ἐν</span> <span class='ocrx_word' id='word_1_675' title='bbox 3263 4391 3493 4461; x_wconf 86' lang='grc' dir='ltr'>μέρεσιν</span> <span class='ocrx_word' id='word_1_676' title='bbox 3541 4387 3689 4445; x_wconf 71' lang='grc' dir='ltr'>αὐτοῦ</span> 
     </span>
    </p>
   </div>
   <div class='ocr_carea' id='block_1_95' title="bbox 449 4473 2023 4547">
    <p class='ocr_par' dir='ltr' id='par_1_95' title="bbox 449 4473 2023 4547">
     <span class='ocr_line' id='line_1_95' title="bbox 449 4473 2023 4547; baseline 0.006 -24"><span class='ocrx_word' id='word_1_677' title='bbox 449 4485 560 4525; x_wconf 50' lang='lat' dir='ltr'><strong>itan</strong></span> <span class='ocrx_word' id='word_1_678' title='bbox 590 4480 757 4541; x_wconf 89' lang='lat' dir='ltr'><strong>patet.</strong></span> <span class='ocrx_word' id='word_1_679' title='bbox 786 4473 1058 4528; x_wconf 63' lang='lat' dir='ltr'><strong>Praeterea</strong></span> <span class='ocrx_word' id='word_1_680' title='bbox 1091 4473 1136 4528; x_wconf 91' lang='lat' dir='ltr'><strong>si</strong></span> <span class='ocrx_word' id='word_1_681' title='bbox 1165 4490 1384 4545; x_wconf 90' lang='lat' dir='ltr'><strong>quoque</strong></span> <span class='ocrx_word' id='word_1_682' title='bbox 1426 4476 1806 4532; x_wconf 85' lang='lat' dir='ltr'><strong>substantialia</strong></span> <span class='ocrx_word' id='word_1_683' title='bbox 1829 4493 2023 4547; x_wconf 87' lang='lat' dir='ltr'><strong>quem-</strong></span> 
     </span>
    </p>
   </div>
   <div class='ocr_carea' id='block_1_96' title="bbox 448 4560 2023 4634">
    <p class='ocr_par' dir='ltr' id='par_1_96' title="bbox 448 4560 2023 4634">
     <span class='ocr_line' id='line_1_96' title="bbox 448 4560 2023 4634; baseline 0.006 -20"><span class='ocrx_word' id='word_1_684' title='bbox 448 4560 745 4616; x_wconf 79' lang='lat' dir='ltr'><strong>admodum</strong></span> <span class='ocrx_word' id='word_1_685' title='bbox 765 4563 1084 4618; x_wconf 72' lang='lat' dir='ltr'><strong>substantiae</strong></span> <span class='ocrx_word' id='word_1_686' title='bbox 1108 4572 1238 4618; x_wconf 88' lang='lat' dir='ltr'><strong>sunt</strong></span> <span class='ocrx_word' id='word_1_687' title='bbox 1263 4574 1319 4619; x_wconf 91' lang='lat' dir='ltr'><strong>et</strong></span> <span class='ocrx_word' id='word_1_688' title='bbox 1341 4566 1456 4634; x_wconf 89' lang='lat' dir='ltr'><strong>ipsa</strong></span> <span class='ocrx_word' id='word_1_689' title='bbox 1487 4567 1657 4621; x_wconf 86' lang='lat' dir='ltr'><strong>totius</strong></span> <span class='ocrx_word' id='word_1_690' title='bbox 1689 4567 1743 4620; x_wconf 87' lang='lat' dir='ltr'><strong>in</strong></span> <span class='ocrx_word' id='word_1_691' title='bbox 1772 4567 2023 4623; x_wconf 83' lang='lat' dir='ltr'><strong>substan-</strong></span> 
     </span>
    </p>
   </div>
   <div class='ocr_carea' id='block_1_97' title="bbox 453 4649 2020 4727">
    <p class='ocr_par' dir='ltr' id='par_1_97' title="bbox 453 4649 2020 4727">
     <span class='ocr_line' id='line_1_97' title="bbox 453 4649 2020 4727; baseline 0.007 -24"><span class='ocrx_word' id='word_1_692' title='bbox 453 4649 544 4705; x_wconf 87' lang='lat' dir='ltr'><strong>llis</strong></span> <span class='ocrx_word' id='word_1_693' title='bbox 573 4660 778 4720; x_wconf 85' lang='lat' dir='ltr'><strong>partes,</strong></span> <span class='ocrx_word' id='word_1_694' title='bbox 819 4659 1004 4721; x_wconf 88' lang='lat' dir='ltr'><strong>partes</strong></span> <span class='ocrx_word' id='word_1_695' title='bbox 1043 4652 1217 4707; x_wconf 90' lang='lat' dir='ltr'><strong>totius</strong></span> <span class='ocrx_word' id='word_1_696' title='bbox 1247 4655 1305 4708; x_wconf 88' lang='lat' dir='ltr'><strong>in</strong></span> <span class='ocrx_word' id='word_1_697' title='bbox 1330 4655 1581 4725; x_wconf 88' lang='lat' dir='ltr'><strong>partibus</strong></span> <span class='ocrx_word' id='word_1_698' title='bbox 1608 4656 1782 4727; x_wconf 89' lang='lat' dir='ltr'><strong>ipsius</strong></span> <span class='ocrx_word' id='word_1_699' title='bbox 1809 4659 1864 4713; x_wconf 91' lang='lat' dir='ltr'><strong>in</strong></span> <span class='ocrx_word' id='word_1_700' title='bbox 1891 4658 2020 4714; x_wconf 79' lang='lat' dir='ltr'><strong>inii~</strong></span> 
     </span>
    </p>
   </div>
   <div class='ocr_carea' id='block_1_98' title="bbox 448 4743 2015 4819">
    <p class='ocr_par' dir='ltr' id='par_1_98' title="bbox 448 4743 2015 4819">
     <span class='ocr_line' id='line_1_98' title="bbox 448 4743 2015 4819; baseline 0.006 -22"><span class='ocrx_word' id='word_1_701' title='bbox 448 4743 651 4810; x_wconf 87' lang='lat' dir='ltr'><strong>nitum,</strong></span> <span class='ocrx_word' id='word_1_702' title='bbox 675 4759 778 4799; x_wconf 91' lang='lat' dir='ltr'><strong>nec</strong></span> <span class='ocrx_word' id='word_1_703' title='bbox 801 4744 856 4799; x_wconf 92' lang='lat' dir='ltr'><strong>in</strong></span> <span class='ocrx_word' id='word_1_704' title='bbox 888 4755 1004 4800; x_wconf 91' lang='lat' dir='ltr'><strong>toto</strong></span> <span class='ocrx_word' id='word_1_705' title='bbox 1020 4745 1347 4816; x_wconf 90' lang='lat' dir='ltr'><strong>simpliciter</strong></span> <span class='ocrx_word' id='word_1_706' title='bbox 1364 4746 1631 4802; x_wconf 79' lang='lat' dir='ltr'><strong>exsistere</strong></span> <span class='ocrx_word' id='word_1_707' title='bbox 1655 4748 2015 4819; x_wconf 84' lang='lat' dir='ltr'><strong>videbuntur;</strong></span> 
     </span>
    </p>
   </div>
   <div class='ocr_carea' id='block_1_99' title="bbox 446 4835 2019 4911">
    <p class='ocr_par' dir='ltr' id='par_1_99' title="bbox 446 4835 2019 4911">
     <span class='ocr_line' id='line_1_99' title="bbox 446 4835 2019 4911; baseline 0.005 -21"><span class='ocrx_word' id='word_1_708' title='bbox 446 4835 715 4892; x_wconf 83' lang='lat' dir='ltr'><strong>alterutra</strong></span> <span class='ocrx_word' id='word_1_709' title='bbox 761 4836 927 4890; x_wconf 88' lang='lat' dir='ltr'><strong>etiam</strong></span> <span class='ocrx_word' id='word_1_710' title='bbox 954 4845 1129 4906; x_wconf 86' lang='lat' dir='ltr'><strong>parte,</strong></span> <span class='ocrx_word' id='word_1_711' title='bbox 1156 4837 1276 4893; x_wconf 90' lang='lat' dir='ltr'><strong>sive</strong></span> <span class='ocrx_word' id='word_1_712' title='bbox 1304 4837 1609 4894; x_wconf 88' lang='lat' dir='ltr'><strong>substantia</strong></span> <span class='ocrx_word' id='word_1_713' title='bbox 1641 4851 1932 4911; x_wconf 90' lang='lat' dir='ltr'><strong>pereunte,</strong></span> <span class='ocrx_word' id='word_1_714' title='bbox 1963 4843 2019 4897; x_wconf 92' lang='lat' dir='ltr'><strong>in</strong></span> 
     </span>
    </p>
   </div>
   <div class='ocr_carea' id='block_1_100' title="bbox 356 4914 2021 5003">
    <p class='ocr_par' dir='ltr' id='par_1_100' title="bbox 356 4914 2021 5003">
     <span class='ocr_line' id='line_1_100' title="bbox 356 4914 2021 5003; baseline 0.006 -24"><span class='ocrx_word' id='word_1_715' title='bbox 356 4914 375 4923; x_wconf 83' lang='grc'><em>’</em></span> <span class='ocrx_word' id='word_1_716' title='bbox 449 4934 567 4984; x_wconf 82' lang='grc' dir='ltr'>ιοιο</span> <span class='ocrx_word' id='word_1_717' title='bbox 595 4934 793 4982; x_wconf 65' lang='lat' dir='ltr'><strong>caetera</strong></span> <span class='ocrx_word' id='word_1_718' title='bbox 828 4941 1049 4998; x_wconf 90' lang='lat' dir='ltr'><strong>quoque</strong></span> <span class='ocrx_word' id='word_1_719' title='bbox 1071 4928 1252 4998; x_wconf 89' lang='lat' dir='ltr'><strong>perire</strong></span> <span class='ocrx_word' id='word_1_720' title='bbox 1282 4944 1507 4986; x_wconf 89' lang='lat' dir='ltr'><strong>necesse</strong></span> <span class='ocrx_word' id='word_1_721' title='bbox 1534 4931 1660 4997; x_wconf 90' lang='lat' dir='ltr'><strong>erit,</strong></span> <span class='ocrx_word' id='word_1_722' title='bbox 1691 4931 1806 4987; x_wconf 87' lang='lat' dir='ltr'><strong>sive</strong></span> <span class='ocrx_word' id='word_1_723' title='bbox 1834 4941 2021 5003; x_wconf 83' lang='lat' dir='ltr'><strong>partes</strong></span> 
     </span>
    </p>
   </div>
   <div class='ocr_carea' id='block_1_101' title="bbox 444 5018 2016 5088">
    <p class='ocr_par' dir='ltr' id='par_1_101' title="bbox 444 5018 2016 5088">
     <span class='ocr_line' id='line_1_101' title="bbox 444 5018 2016 5088; baseline 0.005 -18"><span class='ocrx_word' id='word_1_724' title='bbox 444 5018 770 5074; x_wconf 74' lang='lat' dir='ltr'><strong>rssentiales</strong></span> <span class='ocrx_word' id='word_1_725' title='bbox 804 5033 926 5088; x_wconf 68' lang='lat' dir='ltr'><strong>qua:</strong></span> <span class='ocrx_word' id='word_1_726' title='bbox 966 5018 1273 5074; x_wconf 87' lang='lat' dir='ltr'><strong>accidentia</strong></span> <span class='ocrx_word' id='word_1_727' title='bbox 1310 5034 1501 5075; x_wconf 89' lang='lat' dir='ltr'><strong>omnes</strong></span> <span class='ocrx_word' id='word_1_728' title='bbox 1522 5029 1717 5088; x_wconf 87' lang='lat' dir='ltr'><strong>erunt;</strong></span> <span class='ocrx_word' id='word_1_729' title='bbox 1743 5022 1817 5077; x_wconf 89' lang='lat' dir='ltr'><strong>ita</strong></span> <span class='ocrx_word' id='word_1_730' title='bbox 1841 5032 1901 5077; x_wconf 93' lang='lat' dir='ltr'><strong>ut</strong></span> <span class='ocrx_word' id='word_1_731' title='bbox 1931 5032 2016 5078; x_wconf 88' lang='lat' dir='ltr'><strong>to-</strong></span> 
     </span>
    </p>
   </div>
   <div class='ocr_carea' id='block_1_102' title="bbox 446 5111 2016 5181">
    <p class='ocr_par' dir='ltr' id='par_1_102' title="bbox 446 5111 2016 5181">
     <span class='ocr_line' id='line_1_102' title="bbox 446 5111 2016 5181; baseline 0.003 -18"><span class='ocrx_word' id='word_1_732' title='bbox 446 5118 563 5164; x_wconf 90' lang='lat' dir='ltr'><strong>tum</strong></span> <span class='ocrx_word' id='word_1_733' title='bbox 609 5125 831 5181; x_wconf 91' lang='lat' dir='ltr'><strong>quoque</strong></span> <span class='ocrx_word' id='word_1_734' title='bbox 855 5111 1251 5181; x_wconf 88' lang='lat' dir='ltr'><strong>disperiturum</strong></span> <span class='ocrx_word' id='word_1_735' title='bbox 1274 5121 1422 5168; x_wconf 90' lang='lat' dir='ltr'><strong>esset</strong></span> <span class='ocrx_word' id='word_1_736' title='bbox 1450 5112 1613 5168; x_wconf 85' lang='lat' dir='ltr'><strong>simul</strong></span> <span class='ocrx_word' id='word_1_737' title='bbox 1644 5129 1767 5169; x_wconf 90' lang='lat' dir='ltr'><strong>cum</strong></span> <span class='ocrx_word' id='word_1_738' title='bbox 1801 5130 1907 5168; x_wconf 85' lang='lat' dir='ltr'><strong>una</strong></span> <span class='ocrx_word' id='word_1_739' title='bbox 1949 5130 2016 5169; x_wconf 80' lang='lat' dir='ltr'><strong>ex</strong></span> 
     </span>
    </p>
   </div>
   <div class='ocr_carea' id='block_1_103' title="bbox 444 5201 2013 5272">
    <p class='ocr_par' dir='ltr' id='par_1_103' title="bbox 444 5201 2013 5272">
     <span class='ocr_line' id='line_1_103' title="bbox 444 5201 2013 5272; baseline 0.003 -16"><span class='ocrx_word' id='word_1_740' title='bbox 444 5201 698 5272; x_wconf 90' lang='lat' dir='ltr'><strong>partibus</strong></span> <span class='ocrx_word' id='word_1_741' title='bbox 751 5202 888 5259; x_wconf 89' lang='lat' dir='ltr'><strong>suis.</strong></span> <span class='ocrx_word' id='word_1_742' title='bbox 942 5201 1078 5269; x_wconf 88' lang='lat' dir='ltr'><strong>Quis</strong></span> <span class='ocrx_word' id='word_1_743' title='bbox 1121 5202 1229 5258; x_wconf 84' lang='lat' dir='ltr'><strong>hoc</strong></span> <span class='ocrx_word' id='word_1_744' title='bbox 1264 5203 1510 5259; x_wconf 90' lang='lat' dir='ltr'><strong>omnium</strong></span> <span class='ocrx_word' id='word_1_745' title='bbox 1555 5205 2013 5261; x_wconf 85' lang='lat' dir='ltr'><strong>absurdissimum</strong></span> 
     </span>
    </p>
   </div>
   <div class='ocr_carea' id='block_1_104' title="bbox 442 5294 2010 5367">
    <p class='ocr_par' dir='ltr' id='par_1_104' title="bbox 442 5294 2010 5367">
     <span class='ocr_line' id='line_1_104' title="bbox 442 5294 2010 5367; baseline 0.003 -19"><span class='ocrx_word' id='word_1_746' title='bbox 442 5310 689 5351; x_wconf 84' lang='lat' dir='ltr'><strong>asserere</strong></span> <span class='ocrx_word' id='word_1_747' title='bbox 712 5294 928 5365; x_wconf 75' lang='lat' dir='ltr'><strong>posset?</strong></span> <span class='ocrx_word' id='word_1_748' title='bbox 950 5294 1234 5366; x_wconf 85' lang='lat' dir='ltr'><strong>Siquidem</strong></span> <span class='ocrx_word' id='word_1_749' title='bbox 1260 5295 1406 5351; x_wconf 89' lang='lat' dir='ltr'><strong>enim</strong></span> <span class='ocrx_word' id='word_1_750' title='bbox 1434 5296 1740 5351; x_wconf 89' lang='lat' dir='ltr'><strong>substantia</strong></span> <span class='ocrx_word' id='word_1_751' title='bbox 1763 5312 1890 5367; x_wconf 90' lang='lat' dir='ltr'><strong>pars</strong></span> <span class='ocrx_word' id='word_1_752' title='bbox 1906 5306 2010 5361; x_wconf 86' lang='lat' dir='ltr'><strong>est,</strong></span> 
     </span>
    </p>
   </div>
   <div class='ocr_carea' id='block_1_105' title="bbox 442 5384 2009 5459">
    <p class='ocr_par' dir='ltr' id='par_1_105' title="bbox 442 5384 2009 5459">
     <span class='ocr_line' id='line_1_105' title="bbox 442 5384 2009 5459; baseline 0.004 -21"><span class='ocrx_word' id='word_1_753' title='bbox 442 5384 858 5454; x_wconf 85' lang='lat' dir='ltr'><strong>accidentiaque</strong></span> <span class='ocrx_word' id='word_1_754' title='bbox 888 5400 1035 5455; x_wconf 89' lang='lat' dir='ltr'><strong>pars.</strong></span> <span class='ocrx_word' id='word_1_755' title='bbox 1069 5386 1218 5441; x_wconf 87' lang='lat' dir='ltr'><strong>Nihil</strong></span> <span class='ocrx_word' id='word_1_756' title='bbox 1245 5394 1427 5442; x_wconf 91' lang='lat' dir='ltr'><strong>autem</strong></span> <span class='ocrx_word' id='word_1_757' title='bbox 1473 5387 1582 5443; x_wconf 89' lang='lat' dir='ltr'><strong>illis</strong></span> <span class='ocrx_word' id='word_1_758' title='bbox 1625 5389 1863 5459; x_wconf 87' lang='lat' dir='ltr'><strong>amplius</strong></span> <span class='ocrx_word' id='word_1_759' title='bbox 1910 5390 2009 5445; x_wconf 92' lang='lat' dir='ltr'><strong>toti</strong></span> 
     </span>
    </p>
   </div>
   <div class='ocr_carea' id='block_1_106' title="bbox 440 5477 2007 5547">
    <p class='ocr_par' dir='ltr' id='par_1_106' title="bbox 440 5477 2007 5547">
     <span class='ocr_line' id='line_1_106' title="bbox 440 5477 2007 5547; baseline 0.005 -20"><span class='ocrx_word' id='word_1_760' title='bbox 440 5484 714 5545; x_wconf 85' lang='lat' dir='ltr'><strong>superest,</strong></span> <span class='ocrx_word' id='word_1_761' title='bbox 740 5477 1237 5547; x_wconf 87' lang='lat' dir='ltr'><strong>substantialiaque</strong></span> <span class='ocrx_word' id='word_1_762' title='bbox 1276 5478 1762 5545; x_wconf 86' lang='lat' dir='ltr'><strong>suntaccidentia;</strong></span> <span class='ocrx_word' id='word_1_763' title='bbox 1794 5479 2007 5536; x_wconf 87' lang='lat' dir='ltr'><strong>sublata</strong></span> 
     </span>
    </p>
   </div>
   <div class='ocr_carea' id='block_1_107' title="bbox 439 5563 2009 5638">
    <p class='ocr_par' dir='ltr' id='par_1_107' title="bbox 439 5563 2009 5638">
     <span class='ocr_line' id='line_1_107' title="bbox 439 5563 2009 5638; baseline 0.003 -19"><span class='ocrx_word' id='word_1_764' title='bbox 439 5563 608 5633; x_wconf 78' lang='lat' dir='ltr'><strong>igitur</strong></span> <span class='ocrx_word' id='word_1_765' title='bbox 628 5565 957 5631; x_wconf 78' lang='lat' dir='ltr'><strong>substantia,</strong></span> <span class='ocrx_word' id='word_1_766' title='bbox 989 5567 1107 5623; x_wconf 89' lang='lat' dir='ltr'><strong>sive</strong></span> <span class='ocrx_word' id='word_1_767' title='bbox 1129 5582 1237 5622; x_wconf 89' lang='lat' dir='ltr'><strong>una</strong></span> <span class='ocrx_word' id='word_1_768' title='bbox 1267 5574 1423 5638; x_wconf 88' lang='lat' dir='ltr'><strong>parte</strong></span> <span class='ocrx_word' id='word_1_769' title='bbox 1446 5568 1636 5635; x_wconf 89' lang='lat' dir='ltr'><strong>totius,</strong></span> <span class='ocrx_word' id='word_1_770' title='bbox 1670 5583 1862 5624; x_wconf 87' lang='lat' dir='ltr'><strong>omnes</strong></span> <span class='ocrx_word' id='word_1_771' title='bbox 1890 5569 2009 5625; x_wconf 78' lang='lat' dir='ltr'><strong>alia:</strong></span> 
     </span>
    </p>
   </div>
   <div class='ocr_carea' id='block_1_108' title="bbox 2124 4481 3691 4554">
    <p class='ocr_par' dir='ltr' id='par_1_108' title="bbox 2124 4481 3691 4554">
     <span class='ocr_line' id='line_1_108' title="bbox 2124 4481 3691 4554; baseline 0 -19"><span class='ocrx_word' id='word_1_772' title='bbox 2124 4483 2393 4554; x_wconf 82' lang='grc' dir='ltr'>ὑπάρχειν</span> <span class='ocrx_word' id='word_1_773' title='bbox 2443 4484 2537 4536; x_wconf 73' lang='grc' dir='ltr'><strong>ἐπ’</strong></span> <span class='ocrx_word' id='word_1_774' title='bbox 2558 4483 2809 4553; x_wconf 76' lang='grc' dir='ltr'>ἄπειρον,</span> <span class='ocrx_word' id='word_1_775' title='bbox 2835 4482 2931 4536; x_wconf 81' lang='grc' dir='ltr'><strong>καὶ</strong></span> <span class='ocrx_word' id='word_1_776' title='bbox 2977 4484 3079 4537; x_wconf 80' lang='grc' dir='ltr'>οὐκ</span> <span class='ocrx_word' id='word_1_777' title='bbox 3130 4484 3190 4537; x_wconf 83' lang='grc' dir='ltr'>ὲν</span> <span class='ocrx_word' id='word_1_778' title='bbox 3233 4483 3313 4553; x_wconf 78' lang='grc' dir='ltr'>τῷ</span> <span class='ocrx_word' id='word_1_779' title='bbox 3357 4484 3469 4554; x_wconf 79' lang='grc' dir='ltr'>’ὅλῳ</span> <span class='ocrx_word' id='word_1_780' title='bbox 3516 4481 3691 4542; x_wconf 69' lang='grc' dir='ltr'>ἁπλῶς</span> 
     </span>
    </p>
   </div>
   <div class='ocr_carea' id='block_1_109' title="bbox 2125 4571 3689 4646">
    <p class='ocr_par' dir='ltr' id='par_1_109' title="bbox 2125 4571 3689 4646">
     <span class='ocr_line' id='line_1_109' title="bbox 2125 4571 3689 4646; baseline -0.002 -21"><span class='ocrx_word' id='word_1_781' title='bbox 2125 4571 2601 4644; x_wconf 76' lang='grc' dir='ltr'>θεωρεῖσθαιοέτι</span> <span class='ocrx_word' id='word_1_782' title='bbox 2661 4572 2769 4645; x_wconf 83' lang='grc' dir='ltr'>μὴν</span> <span class='ocrx_word' id='word_1_783' title='bbox 2827 4573 2924 4627; x_wconf 73' lang='grc' dir='ltr'><strong>καὶ</strong></span> <span class='ocrx_word' id='word_1_784' title='bbox 2981 4573 3217 4646; x_wconf 78' lang='grc' dir='ltr'>θατέρου</span> <span class='ocrx_word' id='word_1_785' title='bbox 3273 4574 3503 4643; x_wconf 86' lang='grc' dir='ltr'>μέρους,</span> <span class='ocrx_word' id='word_1_786' title='bbox 3534 4576 3689 4644; x_wconf 51' lang='lat' dir='ltr'><strong>{uram</strong></span> 
     </span>
    </p>
   </div>
   <div class='ocr_carea' id='block_1_110' title="bbox 2121 4662 3687 4736">
    <p class='ocr_par' dir='ltr' id='par_1_110' title="bbox 2121 4662 3687 4736">
     <span class='ocr_line' id='line_1_110' title="bbox 2121 4662 3687 4736; baseline 0 -19"><span class='ocrx_word' id='word_1_787' title='bbox 2121 4662 2223 4732; x_wconf 84' lang='grc' dir='ltr'>τῆς</span> <span class='ocrx_word' id='word_1_788' title='bbox 2274 4662 2465 4728; x_wconf 84' lang='grc' dir='ltr'>οὐσίας</span> <span class='ocrx_word' id='word_1_789' title='bbox 2504 4663 2824 4736; x_wconf 68' lang='grc' dir='ltr'>φθαρέντος,</span> <span class='ocrx_word' id='word_1_790' title='bbox 2870 4664 2930 4718; x_wconf 73' lang='grc' dir='ltr'>ὲν</span> <span class='ocrx_word' id='word_1_791' title='bbox 2968 4664 3046 4736; x_wconf 80' lang='grc' dir='ltr'><strong>τῷ</strong></span> <span class='ocrx_word' id='word_1_792' title='bbox 3094 4664 3202 4736; x_wconf 76' lang='grc' dir='ltr'><strong>ὅλῳ</strong></span> <span class='ocrx_word' id='word_1_793' title='bbox 3260 4664 3687 4736; x_wconf 71' lang='grc' dir='ltr'>ωμφθείρεσθαι</span> 
     </span>
    </p>
   </div>
   <div class='ocr_carea' id='block_1_111' title="bbox 2122 4752 3688 4826">
    <p class='ocr_par' dir='ltr' id='par_1_111' title="bbox 2122 4752 3688 4826">
     <span class='ocr_line' id='line_1_111' title="bbox 2122 4752 3688 4826; baseline 0.001 -20"><span class='ocrx_word' id='word_1_794' title='bbox 2122 4755 2217 4806; x_wconf 81' lang='grc' dir='ltr'><strong>καὶ</strong></span> <span class='ocrx_word' id='word_1_795' title='bbox 2237 4752 2305 4807; x_wconf 83' lang='grc' dir='ltr'><strong>τὰ</strong></span> <span class='ocrx_word' id='word_1_796' title='bbox 2323 4753 2488 4825; x_wconf 73' lang='grc' dir='ltr'>ἕτερα</span> <span class='ocrx_word' id='word_1_797' title='bbox 2513 4755 2937 4826; x_wconf 60' lang='grc' dir='ltr'>άνάγκη,,ήτουν</span> <span class='ocrx_word' id='word_1_798' title='bbox 2958 4757 3028 4810; x_wconf 83' lang='grc' dir='ltr'>τὰ</span> <span class='ocrx_word' id='word_1_799' title='bbox 3042 4756 3262 4812; x_wconf 78' lang='grc' dir='ltr'>ὲνούσια</span> <span class='ocrx_word' id='word_1_800' title='bbox 3287 4755 3431 4826; x_wconf 82' lang='grc' dir='ltr'>μέρη</span> <span class='ocrx_word' id='word_1_801' title='bbox 3456 4758 3530 4809; x_wconf 73' lang='grc' dir='ltr'>τὰ</span> <span class='ocrx_word' id='word_1_802' title='bbox 3558 4772 3688 4824; x_wconf 83' lang='grc' dir='ltr'>συμ-</span> 
     </span>
    </p>
   </div>
   <div class='ocr_carea' id='block_1_112' title="bbox 2123 4844 3687 4919">
    <p class='ocr_par' dir='ltr' id='par_1_112' title="bbox 2123 4844 3687 4919">
     <span class='ocr_line' id='line_1_112' title="bbox 2123 4844 3687 4919; baseline 0.003 -22"><span class='ocrx_word' id='word_1_803' title='bbox 2123 4844 2393 4919; x_wconf 85' lang='grc' dir='ltr'>ϐεϐηκότα</span> <span class='ocrx_word' id='word_1_804' title='bbox 2431 4845 2630 4900; x_wconf 84' lang='grc' dir='ltr'>πάντα·</span> <span class='ocrx_word' id='word_1_805' title='bbox 2648 4844 2842 4900; x_wconf 81' lang='grc' dir='ltr'>οὐκοῦν</span> <span class='ocrx_word' id='word_1_806' title='bbox 2877 4847 2973 4902; x_wconf 76' lang='grc' dir='ltr'>καὶ</span> <span class='ocrx_word' id='word_1_807' title='bbox 3013 4846 3075 4899; x_wconf 80' lang='grc' dir='ltr'>τὸ</span> <span class='ocrx_word' id='word_1_808' title='bbox 3100 4846 3222 4901; x_wconf 83' lang='grc' dir='ltr'>ὅλον</span> <span class='ocrx_word' id='word_1_809' title='bbox 3255 4847 3687 4919; x_wconf 80' lang='grc' dir='ltr'>συναναιρεῖσθαι</span> 
     </span>
    </p>
   </div>
   <div class='ocr_carea' id='block_1_113' title="bbox 2120 4935 3687 5010">
    <p class='ocr_par' dir='ltr' id='par_1_113' title="bbox 2120 4935 3687 5010">
     <span class='ocr_line' id='line_1_113' title="bbox 2120 4935 3687 5010; baseline 0.005 -22"><span class='ocrx_word' id='word_1_810' title='bbox 2120 4935 2253 5006; x_wconf 80' lang='grc' dir='ltr'>τῷδε</span> <span class='ocrx_word' id='word_1_811' title='bbox 2273 4935 2351 5007; x_wconf 84' lang='grc' dir='ltr'><strong>τῷ</strong></span> <span class='ocrx_word' id='word_1_812' title='bbox 2371 4935 2452 4989; x_wconf 73' lang='grc' dir='ltr'><strong>ἑνὶ</strong></span> <span class='ocrx_word' id='word_1_813' title='bbox 2472 4936 2582 4989; x_wconf 86' lang='grc' dir='ltr'><strong>τῶν</strong></span> <span class='ocrx_word' id='word_1_814' title='bbox 2605 4937 2750 4991; x_wconf 78' lang='grc' dir='ltr'>ἰδίων</span> <span class='ocrx_word' id='word_1_815' title='bbox 2774 4938 2978 5010; x_wconf 84' lang='grc' dir='ltr'>μερῶν.</span> <span class='ocrx_word' id='word_1_816' title='bbox 2995 4939 3091 5004; x_wconf 86' lang='grc' dir='ltr'>Τίς</span> <span class='ocrx_word' id='word_1_817' title='bbox 3120 4939 3187 4994; x_wconf 71' lang='grc' dir='ltr'>ἂν</span> <span class='ocrx_word' id='word_1_818' title='bbox 3211 4940 3450 5009; x_wconf 76' lang='grc' dir='ltr'>εὐλόγως</span> <span class='ocrx_word' id='word_1_819' title='bbox 3469 4944 3617 4996; x_wconf 65' lang='lat' dir='ltr'><strong>sinet</strong></span> <span class='ocrx_word' id='word_1_820' title='bbox 3635 4942 3687 4995; x_wconf 74' lang='grc' dir='ltr'><strong>τὺ</strong></span> 
     </span>
    </p>
   </div>
   <div class='ocr_carea' id='block_1_114' title="bbox 2121 5025 3685 5101">
    <p class='ocr_par' dir='ltr' id='par_1_114' title="bbox 2121 5025 3685 5101">
     <span class='ocr_line' id='line_1_114' title="bbox 2121 5025 3685 5101; baseline 0.004 -23"><span class='ocrx_word' id='word_1_821' title='bbox 2121 5025 2338 5079; x_wconf 83' lang='grc' dir='ltr'>πάντων</span> <span class='ocrx_word' id='word_1_822' title='bbox 2351 5027 2582 5079; x_wconf 83' lang='grc' dir='ltr'>άτοπότε</span> <span class='ocrx_word' id='word_1_823' title='bbox 2591 5042 2713 5098; x_wconf 85' lang='grc' dir='ltr'>ρον;</span> <span class='ocrx_word' id='word_1_824' title='bbox 2741 5027 2913 5100; x_wconf 78' lang='grc' dir='ltr'>Εἴπερ</span> <span class='ocrx_word' id='word_1_825' title='bbox 2929 5028 3038 5101; x_wconf 83' lang='grc' dir='ltr'><strong>γὰρ</strong></span> <span class='ocrx_word' id='word_1_826' title='bbox 3061 5031 3096 5100; x_wconf 80' lang='grc' dir='ltr'><strong>ἠ</strong></span> <span class='ocrx_word' id='word_1_827' title='bbox 3119 5031 3279 5085; x_wconf 77' lang='grc' dir='ltr'>οὐσία</span> <span class='ocrx_word' id='word_1_828' title='bbox 3297 5030 3485 5101; x_wconf 78' lang='grc' dir='ltr'>μέρος,</span> <span class='ocrx_word' id='word_1_829' title='bbox 3510 5033 3607 5085; x_wconf 74' lang='grc' dir='ltr'><strong>καὶ</strong></span> <span class='ocrx_word' id='word_1_830' title='bbox 3622 5032 3685 5085; x_wconf 77' lang='grc' dir='ltr'>τὰ</span> 
     </span>
    </p>
   </div>
   <div class='ocr_carea' id='block_1_115' title="bbox 2121 5114 3684 5193">
    <p class='ocr_par' dir='ltr' id='par_1_115' title="bbox 2121 5114 3684 5193">
     <span class='ocr_line' id='line_1_115' title="bbox 2121 5114 3684 5193; baseline 0.005 -26"><span class='ocrx_word' id='word_1_831' title='bbox 2121 5114 2510 5186; x_wconf 80' lang='grc' dir='ltr'>συμϐεϐηκότα</span> <span class='ocrx_word' id='word_1_832' title='bbox 2538 5116 2706 5187; x_wconf 82' lang='grc' dir='ltr'>μέρος</span> <span class='ocrx_word' id='word_1_833' title='bbox 2726 5132 2745 5150; x_wconf 77' lang='grc' dir='ltr'><strong><em>ο</em></strong></span> <span class='ocrx_word' id='word_1_834' title='bbox 2777 5117 2989 5174; x_wconf 84' lang='grc' dir='ltr'>τούτων</span> <span class='ocrx_word' id='word_1_835' title='bbox 3014 5118 3072 5173; x_wconf 84' lang='grc' dir='ltr'>δὲ</span> <span class='ocrx_word' id='word_1_836' title='bbox 3092 5120 3245 5174; x_wconf 81' lang='grc' dir='ltr'>οὐδὲν</span> <span class='ocrx_word' id='word_1_837' title='bbox 3270 5121 3455 5174; x_wconf 84' lang='grc' dir='ltr'>πλεῖόν</span> <span class='ocrx_word' id='word_1_838' title='bbox 3476 5122 3597 5176; x_wconf 70' lang='grc' dir='ltr'>ἔστι</span> <span class='ocrx_word' id='word_1_839' title='bbox 3614 5121 3684 5193; x_wconf 72' lang='grc' dir='ltr'>τῷ</span> 
     </span>
    </p>
   </div>
   <div class='ocr_carea' id='block_1_116' title="bbox 2114 5205 3681 5285">
    <p class='ocr_par' dir='ltr' id='par_1_116' title="bbox 2114 5205 3681 5285">
     <span class='ocr_line' id='line_1_116' title="bbox 2114 5205 3681 5285; baseline 0.005 -24"><span class='ocrx_word' id='word_1_840' title='bbox 2114 5205 2242 5275; x_wconf 77' lang='grc' dir='ltr'>ὅλῳ,</span> <span class='ocrx_word' id='word_1_841' title='bbox 2265 5205 2484 5263; x_wconf 76' lang='grc' dir='ltr'>ὲνοὺσια</span> <span class='ocrx_word' id='word_1_842' title='bbox 2500 5207 2560 5262; x_wconf 70' lang='grc' dir='ltr'>δὲ</span> <span class='ocrx_word' id='word_1_843' title='bbox 2591 5208 2982 5281; x_wconf 77' lang='grc' dir='ltr'>συμϐεϐηκότα</span> <span class='ocrx_word' id='word_1_844' title='bbox 3005 5251 3020 5275; x_wconf 92' lang='grc'><strong>,</strong></span> <span class='ocrx_word' id='word_1_845' title='bbox 3043 5212 3442 5285; x_wconf 83' lang='grc' dir='ltr'>ἀναιρουμένης</span> <span class='ocrx_word' id='word_1_846' title='bbox 3474 5215 3583 5285; x_wconf 72' lang='grc' dir='ltr'>τῆς</span> <span class='ocrx_word' id='word_1_847' title='bbox 3604 5217 3681 5269; x_wconf 77' lang='grc' dir='ltr'>οὐ·</span> 
     </span>
    </p>
   </div>
   <div class='ocr_carea' id='block_1_117' title="bbox 2115 5295 3684 5371">
    <p class='ocr_par' dir='ltr' id='par_1_117' title="bbox 2115 5295 3684 5371">
     <span class='ocr_line' id='line_1_117' title="bbox 2115 5295 3684 5371; baseline 0.008 -24"><span class='ocrx_word' id='word_1_848' title='bbox 2115 5295 2240 5358; x_wconf 82' lang='grc' dir='ltr'>σίας</span> <span class='ocrx_word' id='word_1_849' title='bbox 2263 5336 2279 5360; x_wconf 93' lang='grc'><strong>,</strong></span> <span class='ocrx_word' id='word_1_850' title='bbox 2301 5295 2470 5366; x_wconf 72' lang='grc' dir='ltr'>ῆγουν</span> <span class='ocrx_word' id='word_1_851' title='bbox 2525 5295 2622 5350; x_wconf 80' lang='grc' dir='ltr'><strong>τοῦ</strong></span> <span class='ocrx_word' id='word_1_852' title='bbox 2650 5296 2770 5362; x_wconf 80' lang='grc' dir='ltr'>ένδς</span> <span class='ocrx_word' id='word_1_853' title='bbox 2805 5298 3010 5371; x_wconf 82' lang='grc' dir='ltr'>μέρους</span> <span class='ocrx_word' id='word_1_854' title='bbox 3065 5299 3161 5354; x_wconf 83' lang='grc' dir='ltr'><strong>τοῦ</strong></span> <span class='ocrx_word' id='word_1_855' title='bbox 3183 5300 3327 5366; x_wconf 81' lang='grc' dir='ltr'>ὅλου,</span> <span class='ocrx_word' id='word_1_856' title='bbox 3352 5302 3535 5356; x_wconf 85' lang='grc' dir='ltr'>πάντα</span> <span class='ocrx_word' id='word_1_857' title='bbox 3559 5319 3684 5358; x_wconf 79' lang='grc' dir='ltr'>σιν-</span> 
     </span>
    </p>
   </div>
   <div class='ocr_carea' id='block_1_118' title="bbox 2115 5388 3685 5466">
    <p class='ocr_par' dir='ltr' id='par_1_118' title="bbox 2115 5388 3685 5466">
     <span class='ocr_line' id='line_1_118' title="bbox 2115 5388 3685 5466; baseline 0.004 -24"><span class='ocrx_word' id='word_1_858' title='bbox 2115 5390 2422 5458; x_wconf 80' lang='grc' dir='ltr'>αναιρεῖται</span> <span class='ocrx_word' id='word_1_859' title='bbox 2454 5388 2523 5443; x_wconf 83' lang='grc' dir='ltr'>τὰ</span> <span class='ocrx_word' id='word_1_860' title='bbox 2558 5389 2694 5445; x_wconf 77' lang='grc' dir='ltr'>ἄλλα</span> <span class='ocrx_word' id='word_1_861' title='bbox 2736 5394 2899 5463; x_wconf 80' lang='grc' dir='ltr'>μέρη,</span> <span class='ocrx_word' id='word_1_862' title='bbox 2939 5394 3035 5448; x_wconf 73' lang='grc' dir='ltr'><strong>καὶ</strong></span> <span class='ocrx_word' id='word_1_863' title='bbox 3079 5393 3142 5446; x_wconf 78' lang='grc' dir='ltr'>τὸ</span> <span class='ocrx_word' id='word_1_864' title='bbox 3170 5394 3293 5448; x_wconf 81' lang='grc' dir='ltr'>ὅλον</span> <span class='ocrx_word' id='word_1_865' title='bbox 3329 5395 3439 5466; x_wconf 78' lang='grc' dir='ltr'>ἄρα</span> <span class='ocrx_word' id='word_1_866' title='bbox 3469 5394 3529 5459; x_wconf 70' lang='grc' dir='ltr'><strong>ἐξ</strong></span> <span class='ocrx_word' id='word_1_867' title='bbox 3571 5397 3685 5461; x_wconf 78' lang='grc' dir='ltr'>ἑνὸς</span> 
     </span>
    </p>
   </div>
   <div class='ocr_carea' id='block_1_119' title="bbox 2115 5480 3679 5559">
    <p class='ocr_par' dir='ltr' id='par_1_119' title="bbox 2115 5480 3679 5559">
     <span class='ocr_line' id='line_1_119' title="bbox 2115 5480 3679 5559; baseline 0.005 -27"><span class='ocrx_word' id='word_1_868' title='bbox 2115 5480 2312 5550; x_wconf 80' lang='grc' dir='ltr'>μέρους</span> <span class='ocrx_word' id='word_1_869' title='bbox 2340 5480 2448 5534; x_wconf 84' lang='grc' dir='ltr'><strong>τῶν</strong></span> <span class='ocrx_word' id='word_1_870' title='bbox 2476 5480 2671 5535; x_wconf 75' lang='grc' dir='ltr'>ἑαυτοῦ</span> <span class='ocrx_word' id='word_1_871' title='bbox 2700 5483 3017 5539; x_wconf 76' lang='grc' dir='ltr'>ἀπόλλυται.</span> <span class='ocrx_word' id='word_1_872' title='bbox 3051 5485 3189 5538; x_wconf 72' lang='grc' dir='ltr'>Ποῖα</span> <span class='ocrx_word' id='word_1_873' title='bbox 3221 5480 3315 5539; x_wconf 75' lang='grc' dir='ltr'>οὖν</span> <span class='ocrx_word' id='word_1_874' title='bbox 3340 5485 3511 5540; x_wconf 82' lang='grc' dir='ltr'>ταῦτα</span> <span class='ocrx_word' id='word_1_875' title='bbox 3542 5487 3679 5559; x_wconf 70' lang='grc' dir='ltr'>μέρη</span> 
     </span>
    </p>
   </div>
   <div class='ocr_carea' id='block_1_120' title="bbox 2113 5569 3677 5648">
    <p class='ocr_par' dir='ltr' id='par_1_120' title="bbox 2113 5569 3677 5648">
     <span class='ocr_line' id='line_1_120' title="bbox 2113 5569 3677 5648; baseline 0.004 -24"><span class='ocrx_word' id='word_1_876' title='bbox 2113 5569 2300 5624; x_wconf 81' lang='grc' dir='ltr'>καλεῖν</span> <span class='ocrx_word' id='word_1_877' title='bbox 2333 5569 2601 5640; x_wconf 79' lang='grc' dir='ltr'>ἠξιώσατε</span> <span class='ocrx_word' id='word_1_878' title='bbox 2628 5573 2980 5638; x_wconf 85' lang='grc' dir='ltr'>ὑποστάσεως</span> <span class='ocrx_word' id='word_1_879' title='bbox 3010 5575 3146 5646; x_wconf 82' lang='grc' dir='ltr'>πρὸς</span> <span class='ocrx_word' id='word_1_880' title='bbox 3179 5577 3349 5647; x_wconf 82' lang='grc' dir='ltr'>ἡμᾶς,</span> <span class='ocrx_word' id='word_1_881' title='bbox 3375 5579 3536 5647; x_wconf 70' lang='grc' dir='ltr'>εἴπερ</span> <span class='ocrx_word' id='word_1_882' title='bbox 3575 5597 3677 5648; x_wconf 68' lang='grc' dir='ltr'><strong>μη-</strong></span> 
     </span>
    </p>
   </div>
   <div class='ocr_carea' id='block_1_121' title="bbox 441 5654 2036 5741">
    <p class='ocr_par' dir='ltr' id='par_1_121' title="bbox 441 5654 2004 5732">
     <span class='ocr_line' id='line_1_121' title="bbox 441 5654 2004 5732; baseline 0.005 -24"><span class='ocrx_word' id='word_1_883' title='bbox 441 5664 622 5724; x_wconf 79' lang='lat' dir='ltr'><strong>partes</strong></span> <span class='ocrx_word' id='word_1_884' title='bbox 655 5654 1000 5722; x_wconf 78' lang='lat' dir='ltr'><strong>auferuntur,</strong></span> <span class='ocrx_word' id='word_1_885' title='bbox 1051 5665 1335 5729; x_wconf 88' lang='lat' dir='ltr'><strong>totumque</strong></span> <span class='ocrx_word' id='word_1_886' title='bbox 1364 5674 1493 5728; x_wconf 77' lang='lat' dir='ltr'><strong>ergo</strong></span> <span class='ocrx_word' id='word_1_887' title='bbox 1534 5676 1597 5715; x_wconf 84' lang='lat' dir='ltr'><strong>ex</strong></span> <span class='ocrx_word' id='word_1_888' title='bbox 1630 5677 1736 5717; x_wconf 90' lang='lat' dir='ltr'><strong>una</strong></span> <span class='ocrx_word' id='word_1_889' title='bbox 1768 5661 2004 5732; x_wconf 87' lang='lat' dir='ltr'><strong>partium</strong></span> 
     </span>
    </p>
   </div>
   <div class='ocr_carea' id='block_1_122' title="bbox 2138 5654 3674 5741">
    <p class='ocr_par' dir='ltr' id='par_1_122' title="bbox 2144 5663 3674 5741">
     <span class='ocr_line' id='line_1_122' title="bbox 2144 5663 3674 5741; baseline 0.007 -27"><span class='ocrx_word' id='word_1_890' title='bbox 2144 5663 2163 5714; x_wconf 73' lang='grc' dir='ltr'><strong>ὲ</strong></span> <span class='ocrx_word' id='word_1_891' title='bbox 2197 5664 2250 5715; x_wconf 85' lang='grc' dir='ltr'>αἱ</span> <span class='ocrx_word' id='word_1_892' title='bbox 2280 5663 2479 5732; x_wconf 73' lang='grc' dir='ltr'>οὐσίαι,</span> <span class='ocrx_word' id='word_1_893' title='bbox 2519 5665 2652 5736; x_wconf 73' lang='grc' dir='ltr'>μηδὲ</span> <span class='ocrx_word' id='word_1_894' title='bbox 2686 5665 2755 5721; x_wconf 81' lang='grc' dir='ltr'>τὰ</span> <span class='ocrx_word' id='word_1_895' title='bbox 2793 5666 2996 5736; x_wconf 75' lang='grc' dir='ltr'>φυσικὰ</span> <span class='ocrx_word' id='word_1_896' title='bbox 3046 5667 3307 5739; x_wconf 71' lang='grc' dir='ltr'>ἰδιώματα</span> <span class='ocrx_word' id='word_1_897' title='bbox 3337 5668 3369 5739; x_wconf 81' lang='grc' dir='ltr'><strong>ῆ</strong></span> <span class='ocrx_word' id='word_1_898' title='bbox 3400 5668 3674 5741; x_wconf 70' lang='grc' dir='ltr'>συμϐεϐη-</span> 
     </span>
    </p>
   </div>
  </div>
