3876 6310
100 310 249 381 1433
298 330 303 335 τ
1113 331 1510 394 ADVERSUS
1548 312 1716 394 NES']

1823 335 2093 397 lIANOSr.
2116 362 2185 372 -
2214 340 2360 401 LIB.
2402 340 2454 401 Ι.
3268 280 3423 408 111;?

98 439 247 485 κότα
290 433 372 498 ῶς
410 435 565 508 μέρη
594 438 733 491 εἰσὶν
766 438 824 490 ὲν
867 442 932 510 τῇ
967 441 1267 495 ὑποστάσει
1293 459 1309 509 ;
1337 442 1398 496 οὐ
1432 442 1540 513 γὰρ
1567 441 1628 495 τὸ
1660 442 1716 495 ἐν

1823 444 1998 513 ipsius
2035 444 2292 516 disperit.
2323 448 2470 515 Quas
2509 465 2642 519 ergo
2670 459 2854 521 partes
2895 450 3404 525 dignashypustast

96 539 238 587 τινι,
276 525 516 591 πάντως
559 528 653 583 καὶ
681 528 758 590 ὡς
802 529 970 599 μέρος
1012 533 1160 586 ἐστὶν
1198 534 1256 586 ἑν
1293 532 1441 603 αὑτῷ
1464 549 1480 565 ο
1519 533 1716 586 πολλα-

1823 536 1968 605 apud
1994 552 2095 592 vos
2111 539 2444 609 jndicastis?
2476 542 2532 597 Si
2571 558 2676 598 nec
2705 544 3048 609 substantiae,
3091 560 3196 601 nec
3237 554 3404 600 natu-

97 615 222 715 χῶς
245 615 367 686 γάρ
408 615 573 715 ’τὰ-εν
593 635 720 672 τινι.
834 711 845 715 Δ
1256 713 1267 715 Δ
1425 714 1432 715 7
1826 628 1973 684 rales
2015 632 2387 702 proprietates
2421 634 2508 689 vel
2537 636 2847 692 accidentia
2878 638 3034 706 quasi
3063 648 3257 708 partes
3295 638 3404 692 sint

96 707 161 761 .‘n
205 707 551 781 hypostasi;
601 727 712 767 non
756 711 905 767 enim
934 728 1098 770 omne
1126 713 1272 771 nuod
1305 723 1391 771 est
1420 714 1478 771 in
1510 715 1716 786 aliquo,
1755 722 1980 778 omnino
2002 740 2224 795 quoque
2278 734 2363 781 est
2392 730 2551 797 quasi
2577 744 2706 799 pars
2766 731 2821 784 in
2848 731 2975 798 illo;
3012 707 3231 786 diverse
3255 730 3422 784 enim.

98 809 242 856 sunt
285 817 420 873 qua:
454 803 516 860 in
550 805 736 876 aliquo
768 814 921 861 sunt.

182 893 317 949 Ἔτι
346 895 463 967 μὴν
501 898 554 951 εἰ
585 897 722 969 πρὸς
749 899 897 969 ἡμᾶς
934 898 1063 961 τοὺς
1104 900 1186 963 εἰς
1221 900 1349 969 μιᾶς
1371 900 1723 964 ὑποστάσεως

99 982 310 1040 ἕνωσιν
363 987 540 1059 μόνον
578 988 938 1054 πιστεύοντας
986 985 1130 1044 εἶναι
1188 991 1288 1062 τὴν
1335 992 1586 1046 σύνθεσιν
1613 992 1722 1046 τῶν

101 1074 338 1143 φύσεων
383 1078 781 1151 άντειρήκατε,
809 1079 950 1145 πῶς,
969 1079 1046 1144 ὡς
1069 1080 1274 1148 οἴεσθε,
1311 1083 1528 1152 εὐφυῶς
1574 1084 1722 1154 ἡμᾶς

102 1169 656 1242 παρακρουόμενοι,
692 1170 910 1242 φύσεως
944 1170 1086 1226 εἶναι
1123 1173 1264 1245 μέρη
1299 1174 1368 1228 τὰ
1394 1173 1721 1229 συντεθέντα

100 1262 189 1323 εἰς
223 1261 548 1317 ὑπόστασιν
603 1265 992 1336 ἀπεφήνασθε;
1023 1266 1085 1319 Et
1122 1267 1221 1337 μὲν
1269 1268 1377 1337 γὰρ
1404 1267 1478 1330 ὡς
1519 1269 1718 1321 ταυτὸν

101 1349 323 1414 εἰδότες
349 1350 527 1420 φύσιν
554 1369 613 1406 τε
646 1353 741 1406 καὶ
768 1352 1070 1407 ὑπόστασιν
1100 1352 1260 1406 τοῦτό
1289 1369 1454 1421 φατε,
1478 1352 1580 1423 ἤδη
1627 1352 1719 1406 διὰ

101 1441 224 1494 τῶν
273 1444 514 1507 οἰκείως
561 1444 699 1516 πρὸς
759 1445 920 1500 τοῦτο
976 1447 1310 1517 εἰρημένων,
1338 1446 1510 1517 ἤγουν
1547 1447 1607 1500 τὸ
1643 1446 1717 1518 μὴ

102 1534 319 1589 ταυτὸν
360 1536 501 1590 τάδε
535 1532 696 1602 εἶναι,
725 1537 1163 1607 καταϐέϐλησθε.
1189 1539 1253 1590 Εἰ
1281 1538 1338 1591 δὲ
1382 1537 1570 1609 ἕτερον
1613 1539 1716 1592 οἰό-

1823 1543 2083 1614 jusmodi,
2135 1560 2234 1601 vos
2283 1546 2687 1617 confregerunt.
2726 1547 2784 1602 Si
2815 1562 2948 1602 vero
2977 1542 3123 1601 aliud
3243 1555 3405 1602 natu-

110 1642 277 1695 μενοι
337 1627 534 1696 φύσιν,
570 1629 666 1681 καὶ
718 1629 906 1699 ἕτερον
943 1628 1265 1692 ὑπόστασιν,
1298 1629 1447 1698 ὅμως
1499 1630 1608 1682 πᾶν
1657 1627 1716 1681 τὸ

1826 1650 1965 1699 ram,
1989 1627 2146 1691 aliud
2245 1637 2581 1708 hypostasim
2604 1639 3001 1704 existimantes,
3028 1654 3190 1693 omne
3218 1649 3402 1695 tamen

109 1721 522 1792 συντιθέμενον
553 1724 662 1776 εἴτε
695 1726 774 1788 εἰς
797 1723 1014 1793 φύσεως
1039 1724 1291 1795 ὁλότητα,
1330 1725 1439 1778 εἴτε
1470 1725 1551 1787 εἰς
1581 1725 1716 1778 ὑπο-

1825 1726 2063 1792 unitum,
2093 1728 2211 1782 sive
2237 1727 2294 1782 in
2351 1737 2564 1784 natura;
2596 1730 2919 1785 totalitatem
2990 1729 3105 1784 sive
3144 1730 3199 1784 in
3226 1730 3404 1802 hypo-

107 1813 373 1879 στάσεως
414 1815 597 1885 Λόγου
622 1815 883 1871 σύστασιν
918 1817 998 1889 (οὗ
1024 1817 1135 1888 γὰρ
1161 1819 1312 1871 πᾶσα
1340 1814 1591 1879 σύνθεσις
1618 1815 1714 1868 καὶ

1823 1817 1979 1872 stasis
2024 1817 2193 1874 Verbi
2221 1819 2675 1875 constitutionem
2695 1821 2839 1892 )non
2872 1819 3021 1873 enim
3058 1820 3239 1875 omnis
3269 1823 3404 1875 unio

108 1908 425 1979 συναγωγὴ
456 1909 697 1978 φυσικῆς
743 1908 1167 1979 όλότητόςὲστι,
1199 1906 1365 1979 μέρος
1401 1906 1714 1962 δείκνυσθαι

1823 1918 1983 1979 atque
2033 1911 2389 1982 congregatio
2435 1911 2707 1966 naturalis
2751 1920 2838 1966 est
2869 1911 3404 1981 totalitatis).patem
3448 1927 3459 1936 '

1814 2010 2027 2055 natura:
2054 2001 2490 2056 demonstratum
2524 2000 2693 2056 fuisse
2717 2001 2989 2066 dixeritis,
3036 2000 3265 2056 evidens
3319 2011 3404 2054 est

1897 900 2193 969 Praeterea,
2227 905 2275 960 si
2317 906 2481 963 nobis
2521 908 2577 963 in
2609 908 2773 964 unius
2802 909 3111 980 hypostasis
3137 910 3406 966 unitatem

1827 1002 2039 1049 tantum
2068 998 2424 1054 credentibus
2458 1001 2720 1056 unionem
2748 1016 2870 1058 esse
2901 1010 3220 1058 naturarum
3247 1003 3405 1059 dixer-

1824 1084 1971 1151 ritis,
2001 1088 2300 1157 quomodo,
2333 1091 2429 1159 qui
2462 1099 2571 1145 tam
2593 1092 2831 1147 solerter
2852 1108 2957 1147 nos
2978 1092 3263 1162 decepisse
3290 1109 3408 1163 spe-

1825 1175 1984 1239 ratis,
2018 1185 2230 1231 naturae
2263 1188 2450 1246 partes
2472 1194 2594 1234 esse
2619 1182 2802 1235 unitas
2827 1181 2883 1236 in
2913 1181 3247 1252 hypostasim
3274 1197 3406 1251 pro-

1826 1264 2044 1321 bastis?
2080 1267 2136 1321 Si
2165 1268 2337 1333 enim,
2373 1257 2525 1325 velut
2560 1272 2710 1326 idem
2738 1272 3006 1326 habentes
3033 1280 3405 1328 naturam-at-

1824 1373 1932 1427 que
1966 1359 2324 1430 hypostasim,
2353 1362 2457 1416 hoc
2479 1362 2749 1428 dixeritis,
2769 1364 2881 1434 jam
2909 1379 3032 1433 quae
3060 1365 3129 1419 de
3159 1365 3265 1420 hoc
3302 1380 3406 1435 op-

1823 1452 2002 1520 posite
2028 1452 2175 1507 dicta
2223 1463 2373 1518 sunt,
2428 1455 2641 1509 scilicet
2666 1470 2777 1509 non
2808 1456 2954 1510 idem
2987 1471 3109 1511 esse
3150 1456 3270 1513 haec
3301 1457 3407 1511 hu-

106 2000 341 2070 φύσεώς
380 2018 528 2071 φατε
561 2040 575 2065 ,
598 2001 757 2069 δῆλον
785 2002 867 2054 ὅτι
905 2000 1047 2072 μέρη
1073 2000 1287 2068 φύσεως
1317 1998 1479 2070 τυχὸν
1509 1997 1717 2066 ἀνθρω-

48 2136 65 2152 .
105 2093 279 2156 πείας
310 2092 435 2146 ἴστε
466 2093 563 2148 καὶ
589 2091 890 2163 ξανθότητα
927 2091 1026 2146 καὶ
1062 2091 1369 2163 λευκότητα
1412 2092 1507 2144 καὶ
1550 2089 1716 2158 γλαυ-

107 2187 331 2256 κότητα
355 2202 371 2216 ·
406 2183 509 2239 καὶ
552 2183 725 2238 ταῦτα
768 2183 879 2253 γὰρ
917 2183 1290 2247 ὑποστάσεως,
1323 2184 1373 2236 ει
1421 2181 1517 2236 καὶ
1571 2180 1713 2251 μέρη

108 2276 354 2347 φυσικὰ,
391 2276 534 2330 ἀλλὰ
562 2276 781 2347 μερικοὶ
809 2276 958 2344 λόγοι
985 2275 1094 2330 τῶν
1125 2275 1183 2327 ἐν
1219 2275 1357 2344 αὐτῇ
1385 2290 1399 2304 ο
1434 2273 1589 2326 ἐσται
1620 2265 1714 2325 οὖν

109 2369 264 2423 κατὰ
309 2369 484 2436 φύσιν
533 2353 827 2440 συγγενὴς,
853 2367 888 2439 ἦ
916 2385 976 2421 τε
1011 2366 1187 2436 γύψος
1235 2366 1331 2419 καὶ
1383 2364 1583 2434 χρυσὸς
1620 2364 1716 2418 καὶ

110 2461 378 2516 θάλασσα
406 2459 488 2531 τῷ
520 2458 848 2531 ἀνθρωπείῳ
875 2459 1007 2513 εἴδει
1034 2458 1156 2512 κατ’
1180 2456 1390 2522 οὐσίαν,
1420 2457 1485 2509 ἐκ
1513 2454 1715 2527 μέρους

108 2554 322 2626 ἔχοντα
374 2551 517 2624 πρὸς
562 2551 725 2607 αὐτὸν
773 2552 874 2623 τὴν
915 2551 1173 2622 τοιαύτην
1204 2552 1263 2604 ἐν
1301 2553 1413 2614 τοῖς
1455 2548 1712 2611 τοιούτοις

109 2642 361 2716 οὐσιώδη
384 2642 707 2715 ὁμοιότητα.
740 2643 891 2714 Πλὴν
914 2644 1015 2696 οὒκ
1049 2644 1108 2697 ὲν
1131 2640 1348 2705 τούτοις
1395 2640 1558 2712 μόνον
1586 2640 1715 2710 ὑμῖν

109 2735 176 2789 τὸ
223 2734 458 2800 ἄτοπον,
519 2732 634 2789 ἀλλ’
668 2733 751 2788 ὅτι
798 2734 895 2788 καὶ
939 2733 1140 2787 εἴπατε
1185 2730 1410 2797 ἁπλῶς,
1440 2730 1510 2785 τὰ
1569 2730 1715 2803 μέρη

111 2825 214 2879 τοῦ
255 2827 415 2891 ὅλου,
439 2827 551 2879 τῶν
581 2824 785 2897 ἐτέρων
820 2824 1004 2897 μερῶν
1038 2825 1146 2880 τῶν
1186 2826 1286 2880 σὺν
1316 2824 1501 2886 αὐτοῖς
1532 2823 1590 2876 ὲν
1636 2820 1715 2892 τῷ

112 2918 229 2988 ὅλῳ
269 2918 348 2995 μὴ
382 2916 640 2983 ἀξιοῦσθε
682 2916 790 2971 τῶν
818 2916 1101 2986 ὀνομάτων
1127 2933 1143 2947 ·
1188 2912 1312 2968 οὔτε
1357 2912 1466 2984 γὰρ
1502 2912 1714 2983 ψυχὴὴ

1814 2101 2000 2162 partes
2027 2101 2257 2159 naturae,
2298 2093 2529 2149 forsitan
2584 2094 2873 2158 humanae,
2924 2094 3137 2149 futuras
3191 2093 3404 2147 scilicet

1814 2184 2160 2251 ﬂavissimas,
2197 2186 2619 2242 candidissimas
2691 2188 3037 2256 maximeque
3100 2185 3397 2250 caeruleas;

1814 2277 2018 2332 etenim
2069 2278 2187 2334 haec
2230 2295 2352 2349 qua:
2410 2289 2539 2333 sunt
2578 2279 2921 2351 hypostasis,
2961 2279 3067 2334 etsi
3118 2278 3403 2333 naturales

1814 2381 2019 2440 partes,
2046 2373 2408 2441 particulares
2432 2389 2560 2429 vero
2583 2389 2745 2429 voces
2769 2385 2898 2430 sunt
2920 2373 2974 2428 in
3000 2374 3116 2443 ipsa
3132 2373 3402 2428 exsisten-

1817 2462 1995 2528 tium;
2035 2463 2143 2518 erit
2190 2463 2339 2518 enim
2366 2474 2565 2519 natura
2593 2463 2793 2530 atlinis,
2824 2465 2938 2520 sive
2979 2479 3233 2536 gypsum,
3283 2463 3400 2517 sive

1815 2567 2032 2627 aurum,
2075 2553 2193 2610 sive
2238 2570 2390 2610 mare
2439 2555 2530 2620 sit,
2563 2555 2819 2611 humana:
2848 2557 3053 2626 speciei
3078 2558 3233 2628 juxta
3264 2555 3401 2610 sub-

1815 2641 2074 2695 stantiam
2103 2656 2227 2712 quaa
2256 2657 2324 2698 ex
2366 2653 2525 2713 parte
2577 2658 2703 2699 cum
2736 2644 2855 2713 ipsa
2888 2644 3052 2699 talem
3105 2643 3161 2697 in
3198 2636 3400 2697 talibus

1815 2732 2238 2789 substantialem
2272 2733 2694 2789 similitudinem
2734 2733 2982 2788 habebit.
3007 2735 3261 2787 Attamen
3288 2745 3397 2785 noa

1814 2841 1880 2880 ex
1916 2826 2023 2880 huc
2073 2826 2251 2881 solum
2312 2825 2626 2882 absurditas
2668 2825 2831 2880 vobis
2870 2824 3275 2895 exprobratur,
3301 2821 3400 2876 sed

1817 2920 1985 2979 etiam
2032 2920 2180 2990 quod
2231 2919 2558 2990 simpliciter
2612 2918 2930 2974 asseruistis
2980 2917 3155 2973 totius
3192 2923 3402 2985 partes,

112 3008 263 3080 σάρξ
288 3008 569 3070 καλεῖται,
598 3005 723 3061 οὔτε
754 3008 789 3077 ἡ
822 3006 970 3077 ψυχὴ
998 3005 1157 3076 σάρξ.
1185 3008 1295 3060 Καὶ
1351 3004 1457 3078 μὴν
1486 3004 1551 3058 τὸ
1591 3004 1714 3059 ὅλον

1823 3009 2052 3065 aliarum
2091 3009 2356 3080 partium,
2390 3023 2514 3079 quae
2553 3022 2678 3062 cum
2716 3007 2861 3078 ipsis
2883 3013 3011 3061 sunt
3036 3006 3092 3060 in
3129 3013 3265 3068 toto,
3297 3018 3400 3057 no-

115 3104 151 3171 ή
182 3102 326 3171 ἁγία
352 3099 552 3171 Γραφὴ
584 3098 809 3153 ἐκάλεσε
848 3097 1026 3169 σάρκα
1064 3096 1302 3166 λέγουσα
1331 3113 1348 3129 ·
1378 3100 1460 3152 οὐ
1484 3097 1572 3168 μὴ
1609 3115 1710 3152 κα-

116 3194 381 3264 ταμείνῃ
407 3192 473 3245 τὸ
499 3186 737 3259 πνεῦμά
753 3206 875 3259 μου
899 3189 970 3243 ἐν
993 3188 1117 3255 τοῖς
1153 3187 1487 3257 ἀνθρώποις
1512 3230 1529 3256 ,
1559 3188 1711 3243 διότι

118 3287 241 3341 εισι
278 3283 537 3354 σάρκες.
580 3283 670 3337 Ἐν
712 3282 771 3336 δὲ
809 3280 888 3353 τῷ
920 3281 1046 3352 ὅλῳ,
1088 3281 1256 3353 ἤγουν
1297 3279 1377 3351 τῷ
1418 3280 1712 3353 ἀνθρώπῳ,

1819 3100 1969 3155 mina
1997 3114 2108 3154 non
2157 3099 2531 3154 admittentes.
2585 3098 2707 3153 Non
2753 3096 2903 3151 enim
2950 3096 3132 3150 anima
3170 3102 3405 3150 vocatur

1813 3205 1964 3254 caro,
1999 3205 2103 3246 nec
2148 3204 2279 3244 caro
2325 3189 2527 3243 anima.
2569 3187 2640 3243 At
2672 3186 2918 3258 profecto
2969 3194 3137 3241 totum
3183 3184 3403 3241 vocavit

1813 3296 2036 3338 carnem
2085 3281 2372 3352 Scriptura
2414 3296 2568 3337 sacra
2608 3280 2800 3335 dicens
2842 3297 2854 3332 :
2913 3277 3032 3333 Non
3080 3278 3402 3350 permanebit

122 3379 202 3444 ὡς
248 3379 424 3451 μέρος
468 3375 709 3447 δηλονότι
745 3375 778 3446 ἠ
823 3373 968 3446 ψυχή
1000 3376 1141 3439 ἐστι,
1186 3371 1425 3442 μάλιστά
1470 3387 1531 3423 τε
1576 3371 1714 3442 αὐτὴ

1823 3373 2031 3442 spiritus
2064 3389 2208 3428 meus
2254 3372 2312 3427 in
2355 3371 2673 3435 hominibus,
2715 3372 2842 3444 quia
2872 3386 3060 3424 carnes
3092 3378 3213 3424 sunt
3242 3370 3286 3424 ⁸.
3343 3370 3402 3423 In

124 3471 224 3525 νύν
256 3471 649 3540 κατηγορεῖται
670 3466 930 3535 γενέσθαι
973 3465 1130 3536 σάρξ.
1170 3465 1232 3518 'H
1263 3464 1371 3535 γὰρ
1403 3462 1539 3535 σάρξ
1592 3463 1715 3517 οὐδὲ

125 3566 193 3618 ἑκ
243 3561 550 3623 κακώσεως
583 3559 786 3630 ἑαυτῆς
831 3557 1027 3627 γέγονε
1079 3555 1239 3627 σὰρξ,
1270 3556 1389 3611 οὐδὲ
1432 3556 1716 3625 ὲγκαλοττο

126 3658 196 3711 ἂν
224 3655 512 3711 ὐπὺ’Θεοίἰ
534 3656 619 3710 ὃτι
641 3655 839 3725 γέγονε
864 3652 1002 3726 σὰρξ
1036 3652 1210 3719 οὕτως
1245 3654 1338 3708 ὑπ’
1365 3653 1533 3708 αὑτοῦ
1566 3671 1719 3723 γενοι-

130 3746 301 3818 μένῃ.

199 3919 331 3984 Πῶς
360 3914 453 3974 οὖν
481 3919 582 3973 οὐκ
621 3919 849 3991 ἠξίωται
877 3919 970 4003 τοῦ
997 3918 1190 3991 ἐτέρου
1225 3918 1428 3990 μέρους
1465 3918 1560 3973 τοῦ
1599 3920 1720 3974 όνό-

134 4030 328 4083 ματος,
356 4013 417 4066 τὸ
464 4012 654 4084 ἕτερον
684 4029 700 4080 ;
732 4013 829 4065 καὶ
878 4011 1038 4066 τοῦτο
1066 4010 1202 4065 Θεοῦ
1236 4010 1424 4065 καλεῖν
1464 4010 1719 4077 εἰωθότος

1818 3472 1926 3518 toto
1958 3471 2145 3519 autem
2199 3464 2318 3521 sive
2371 3465 2430 3519 in
2477 3463 2704 3519 homine
2731 3462 2914 3517 anima
2959 3469 3216 3530 tanquam
3271 3475 3402 3530 pars

1816 3555 2103 3611 evidenter
2150 3566 2255 3621 est,
2304 3555 2650 3625 maximeque
2693 3554 2783 3609 hic
2820 3554 2939 3623 ipsa
2980 3553 3231 3624 arguitur
3274 3567 3405 3606 caro

1818 3645 1937 3701 ﬁeri
1965 3663 1979 3699 :
2014 3662 2144 3701 caro
2171 3647 2321 3701 enim
2351 3661 2461 3701 non
2492 3662 2562 3701 ex
2594 3645 2805 3700 malitia
2855 3644 3029 3713 ipsius
3079 3658 3208 3699 caro
3260 3643 3403 3698 facta

1818 3744 1923 3799 est,
1964 3750 2067 3790 nec
2094 3733 2166 3787 ita
2184 3733 2431 3804 arguitur
2455 3751 2487 3790 a
2513 3736 2626 3789 Deo
2653 3732 2917 3803 quoniam
2959 3747 3090 3787 caro
3124 3731 3267 3786 facta
3292 3740 3399 3796 est,

1821 3840 1946 3879 cum
1979 3824 2049 3879 ab
2082 3824 2202 3894 ipso
2225 3825 2301 3879 ita
2331 3823 2477 3879 facta
2505 3824 2596 3879 sit.

1892 3918 2179 3984 Quomodo
2201 3918 2370 3989 igitur
2396 3917 2622 3973 nomine
2651 3914 2879 3971 alterius
2908 3911 3082 3984 partis
3103 3928 3214 3968 non
3239 3912 3402 3983 digna

1817 4008 2062 4080 iudicata
2090 4017 2177 4064 est
2196 4009 2409 4064 altera?
2436 4010 2584 4064 Deus
2625 4015 2711 4063 est
2755 4005 2851 4077 qui
2891 4007 2965 4061 ita
2992 4020 3192 4060 vocare
3240 4004 3401 4060 solet.

128 4105 287 4175 τάδε.
310 4105 424 4158 Καὶ
451 4099 519 4174 ἢν
552 4103 658 4174 μὲν
693 4105 868 4158 εἰπεῖν
902 4104 985 4157 ὅτι
1031 4104 1130 4174 οὐχ
1168 4102 1371 4174 ὁμοίως
1408 4103 1530 4156 οὐδὲ
1560 4103 1716 4174 φύσει

1823 4100 2237 4171 Dicendumque
2274 4100 2497 4171 quidem
2547 4110 2695 4156 esset
2726 4116 2829 4155 nec
2874 4098 3130 4155 similiter
3157 4112 3262 4154 nec
3298 4113 3402 4152 na-

128 4192 376 4260 λέγεται,
403 4191 518 4261 εἴγε
541 4190 718 4264 ὀρθῶς
734 4191 1009 4255 ἐξετάζειν
1029 4190 1345 4261 ὴὸούλεσθεο
1369 4194 1464 4245 καὶ
1486 4195 1723 4265 συνεφή-

1827 4193 2082 4249 turaliter
2112 4193 2318 4259 vocari,
2355 4193 2403 4248 si
2432 4200 2615 4247 tamen
2655 4191 2894 4247 ﬁdeliter
2926 4188 3247 4259 perquirere
3276 4187 3400 4241 nol-

132 4300 309 4354 σαμεν
327 4281 394 4337 ἂν
417 4283 512 4337 καὶ
535 4284 696 4351 ἡμεῖς
708 4282 867 4338 τοῦτο
882 4283 1168 4353 ὑμῖνοούδὲ
1186 4284 1296 4355 γάρ
1322 4300 1503 4354 φαμεν
1525 4284 1716 4356 ὁμοίως

1826 4286 1987 4353 lctis;
2012 4286 2229 4356 hocque
2257 4284 2418 4340 vobis
2440 4299 2543 4340 nos
2574 4284 3061 4340 concessissemus.
3102 4279 3223 4335 Non
3252 4279 3403 4334 enim

131 4374 362 4445 Πατέρα
398 4373 491 4430 τοῦ
524 4374 705 4444 Λόγου
754 4376 850 4429 καὶ
875 4375 977 4445 τῆς
1012 4376 1215 4446 σαρκὸς
1247 4376 1390 4430 κατὰ
1420 4376 1583 4445 φύσιν
1616 4377 1710 4430 τὸν

1824 4378 2080 4434 similiter
2107 4377 2347 4433 dicimus
2368 4376 2587 4456 Patrem
2612 4375 2800 4440 Verbi,
2825 4372 3193 4441 eamdemque
3221 4369 3405 4425 carnis
3446 4378 3447 4381 ‘

131 4467 303 4523 αὐτόν
325 4486 340 4501 ο
377 4468 410 4539 ἢ
448 4467 649 4539 ὁμοίως
682 4466 893 4537 μητέρα
930 4465 1022 4521 τοῦ
1050 4466 1233 4536 Λόγου
1258 4469 1353 4521 καὶ
1381 4467 1481 4538 τῆς
1512 4468 1717 4540 σαρκὸς

132 4559 277 4614 κατὰ
333 4559 494 4628 φύσιν
531 4553 673 4613 εἶναι
724 4559 824 4629 τὴν
876 4557 1068 4629 αὐτὴν,
1099 4558 1223 4611 ὅσον
1281 4559 1426 4613 κατὰ
1474 4559 1566 4614 τὸν
1615 4561 1717 4630 τῆς

134 4649 351 4721 φύσεως
379 4651 583 4723 τρόπον
616 4652 710 4705 καὶ
740 4650 925 4719 λόγον.
962 4649 1104 4705 Ἀλλ’
1140 4649 1300 4720 ἴσμεν
1347 4651 1432 4704 ὅτι
1475 4650 1571 4707 τοῦ
1619 4651 1717 4721 μὲν

132 4740 242 4794 τῶν
279 4742 486 4813 μερῶν,
525 4742 602 4807 ὡς
630 4743 833 4806 εἰπεῖν,
865 4741 925 4794 ὲν
955 4739 1206 4811 Χριστῷ,
1242 4740 1386 4794 κατὰ
1414 4741 1602 4810 φύσινσ
1623 4741 1716 4795 τοῦ

135 4832 192 4884 δὲ
218 4834 360 4888 κατὰ
384 4835 545 4906 χάριν
569 4836 670 4904 τὴν
686 4834 774 4889 διὰ
801 4836 900 4906 τῆς
930 4833 1179 4897 ὲνὼσεως
1202 4833 1302 4902 τῆς
1329 4833 1465 4906 πρὸς
1485 4834 1546 4887 τὸ
1572 4835 1717 4889 κατὰ

138 4924 319 4994 φύσιν,
354 4928 383 4980 ό
410 4927 572 4991 αὐτὸς
607 4922 691 4992 εἷς
712 4929 904 4999 Πατήρ
926 4929 1045 4982 ἐστι
1072 4943 1087 4959 ’
1116 4927 1213 4982 καὶ
1250 4927 1458 4998 ἑτέρως
1487 4926 1584 4982 τοῦ
1616 4928 1716 4999 μὲν

138 5017 279 5071 κατὰ
313 5018 495 5088 φύσιν,
522 5019 617 5073 τοῦ
651 5019 709 5072 δὲ
739 5019 882 5073 κατὰ
903 5019 1064 5091 χάριν
1093 5019 1182 5073 διὰ
1207 5018 1307 5088 τῆς
1334 5018 1471 5089 πρὸς
1493 5017 1555 5071 τὸ
1577 5020 1721 5072 κατὰ

137 5106 299 5174 φύσιν
353 5110 638 5175 ὲνώσεως,
666 5113 701 5181 ἡ
732 5111 871 5182 αὐτὴ
929 5112 1028 5182 μία
1077 5112 1259 5183 μήτηρ
1308 5110 1444 5165 ἐστι.
1477 5110 1621 5183 Πλὴν
1660 5112 1721 5165 τὸ

138 5201 512 5273 συμπέρασμα
531 5202 592 5256 τὸ
609 5202 878 5274 ὑμέτερον
909 5202 1138 5270 φάσκον,
1169 5203 1251 5255 ὅτι
1294 5203 1368 5256 Ἢ
1384 5197 1479 5256 οὖν
1507 5202 1569 5256 οὑ
1599 5219 1723 5256 συν-

135 5290 300 5363 ετέθη
334 5294 363 5347 ό
397 5293 527 5358 Θεὸς
573 5293 747 5362 Λόγος
778 5292 857 5364 τῷ
901 5293 961 5359 ἐξ
1002 5294 1184 5365 ἡμῶν,
1219 5295 1351 5361 Υἱὸς
1399 5278 1717 5363 ἀνθρῶπου

136 5381 525 5452 λεγόμενος,ὠς
555 5386 653 5456 τῆς
686 5384 986 5450 συνθέσεως
1015 5384 1468 5457 καταργουμένης
1489 5387 1596 5440 ὑπὸ
1620 5387 1718 5457 τῆς

139 5474 382 5545 κλήσεως
401 5495 414 5509 ·
446 5478 479 5549 ἢ
507 5479 780 5543 συντεθεὶς
799 5518 814 5542 ,
843 5477 968 5533 οὗτε
995 5480 1161 5543 αὐτὸς
1190 5479 1408 5549 λέγεται
1447 5479 1579 5547 υἱὸς
1610 5480 1717 5535 ἀν-

144 5566 395 5635 θρώπου,
425 5570 636 5624 οὐδὲτὸ
689 5570 745 5637 ἐξ
788 5570 942 5640 ὑμῶν
987 5569 1115 5624 rm
1153 5570 1339 5637 Θεοῦ,
1377 5571 1614 5642 μάλιστά
1655 5589 1716 5642 γε

217 5752 236 5782 θ
258 5754 395 5809 Gen.
438 5771 515 5813 v1.
543 5755 596 5809 ὃ.

1821 4472 2126 4530 secundum
2156 4482 2447 4538 naturam;
2495 4478 2590 4526 aut
2629 4470 2883 4525 similiter
2928 4474 3158 4522 matrem
3214 4464 3403 4525 Verbi,

1821 4564 2184 4634 eamdemque
2241 4577 2364 4618 esse
2413 4560 2600 4617 carnis
2651 4557 2957 4615 secundum
2994 4563 3284 4620 naturam;
3335 4551 3403 4606 ad

1822 4665 2038 4712 naturae
2058 4654 2283 4710 modum
2314 4654 2457 4710 sicut
2483 4661 2540 4709 et
2562 4651 2634 4707 ad
2653 4666 2845 4707 vocem
2874 4646 3272 4706 attendendum
3297 4655 3404 4699 est.

1824 4746 1930 4801 Sed
1983 4745 2190 4801 scimus
2220 4744 2477 4801 eumdem
2508 4758 2680 4798 unum
2713 4756 2836 4798 esse
2868 4740 3089 4796 Patrem
3144 4737 3309 4793 unius
3336 4752 3404 4791 ex

1825 4835 1914 4891 his
1938 4837 2211 4907 partibus,
2242 4852 2365 4907 quae
2399 4836 2456 4890 in
2481 4834 2702 4891 Christo
2731 4840 2882 4896 sunt,
2913 4829 3216 4887 secundum
3247 4834 3407 4882 natu-

1824 4947 1965 4997 ram,
1991 4938 2158 5002 atque
2185 4930 2419 4985 alterius
2453 4925 2762 4983 secundum
2787 4923 3018 4995 gratiam
3045 4936 3112 4976 ex
3134 4934 3242 4989 qua
3273 4916 3404 4971 unio

1824 5020 1893 5077 ad
1927 5021 2099 5087 illam,
2133 5034 2257 5089 quae
2293 5026 2379 5074 est
2396 5018 2556 5088 juxta
2581 5022 2855 5086 naturam,
2891 5012 3036 5067 facta
3080 5017 3199 5075 est;
3234 5008 3405 5063 vicis-

1823 5113 2039 5183 simque
2063 5111 2259 5167 eadem
2293 5124 2403 5165 una
2440 5118 2526 5162 est
2550 5117 2727 5161 mater
2755 5104 2907 5159 illius
2935 5118 3058 5173 quae
3098 5099 3403 5156 secundum

1824 5212 2083 5260 naturam
2111 5209 2216 5267 est,
2249 5210 2307 5258 et
2330 5200 2482 5257 illius
2505 5213 2627 5268 qua:
2655 5194 2959 5252 secundum
2990 5190 3244 5263 gratiam,
3284 5192 3407 5258 quae

1824 5297 1892 5352 ad
1916 5311 2059 5359 eam,
2090 5309 2213 5365 quae
2249 5301 2336 5348 est
2359 5289 2664 5347 secundum
2687 5295 2961 5352 naturam,
2987 5283 3249 5339 unionem
3277 5295 3410 5351 ope-

1826 5396 1943 5442 rata
1973 5394 2079 5442 est.
2115 5384 2371 5440 Attamen
2394 5379 2576 5437 vestra
2600 5377 2882 5438 conclusio
2909 5377 3098 5432 dicens
3123 5374 3209 5430 vel
3238 5373 3410 5445 igitur

1824 5480 2000 5535 Deum
2034 5478 2275 5533 Verbum
2318 5477 2534 5531 unitum
2570 5489 2681 5529 non
2714 5471 2884 5527 fuisse
2936 5467 3101 5523 alicui
3128 5482 3197 5521 ex
3223 5463 3406 5528 nobis,

1827 5571 2035 5628 dictum
2061 5568 2236 5640 ﬁlium
2267 5567 2514 5632 hominis,
2547 5563 2702 5635 quasi
2730 5561 3095 5634 appellatione
3123 5558 3255 5615 uuio
3276 5571 3413 5613 eva-
