3876 6310
173 312 323 382 1437

1200 327 1595 389 ADVERSUS
1634 331 2180 390 NESTORIANOS.
2224 358 2286 366 -
2313 335 2458 392 ΗΒ.
2494 334 2548 393 .I.

3312 340 3333 400 1
3353 342 3456 403 £33

168 432 230 482 tv
265 430 427 502 αὑτῷ
459 431 917 507 ἀποτελουμένης
952 438 1080 506 μιᾶς
1111 437 1378 509 φύσεωςῆ
1408 440 1502 493 καὶ
1532 441 1762 493 ὑποστά·

1873 449 2211 493 monstratur
2261 441 2515 509 perfecta:
2567 442 2621 495 in
2667 441 2785 511 ipso
2833 442 3001 496 unius
3046 455 3256 500 natura?
3287 449 3369 503 vel
3399 465 3456 506 ct

168 539 320 584 σεως
348 541 362 554 ·
389 527 508 579 πᾶν
533 528 594 580 δὲ
620 529 782 598 μέρος
816 530 944 596 μιᾶς
975 528 1187 596 φύσεως
1211 531 1243 600 ἦ
1276 533 1369 584 καί
1401 532 1770 597 ὑποστάσεως,

169 615 275 669 οὑκ
311 612 426 670 οἶδε
464 619 612 683 πῶς,
645 620 678 690 ἢ
711 620 836 683 ποῦ,
868 620 901 690 ἢ
931 620 1060 673 πότε
1091 623 1350 692 συνετέθη
1378 623 1454 692 τῷ
1476 616 1628 692 ᾧπερ
1652 640 1776 676 συν-

168 707 364 777 ετέθη,
421 711 562 779 μήτε
607 728 669 778 γε
724 713 864 782 μετὰ
910 713 1088 767 ταῦτα
1124 714 1386 784 ἀμυδρῶς
1429 718 1548 778 πως
1590 714 1770 784 μάθοι.

169 799 293 850 Πᾶν
325 801 442 870 ἄρα
469 804 858 874 συντιθέμενον
877 805 1066 875 ἑτέρῳ,
1090 807 1170 867 είς
1192 807 1253 858 τὸ
1287 807 1610 859 ἀποτελέσαι
1646 807 1773 877 μίαν

168 887 344 957 φύσιν
381 892 415 961 ἢ
455 896 558 946 καὶ
590 895 921 963 ὑπόστασιν,
955 899 1056 950 οὐκ
1083 893 1189 950 οἶδε
1219 898 1336 960 πῶς
1372 898 1403 968 ἢ
1437 898 1538 950 ποῦ
1573 899 1605 969 ἦ
1640 899 1771 951 πότε

169 985 450 1055 συνετέθη
493 989 574 1058 τῷ
620 981 772 1059 ᾧπερ
825 990 1082 1060 συνετέθη
1110 1033 1125 1054 ,
1163 993 1291 1060 μήτι
1323 1007 1386 1057 γε
1423 991 1563 1060 μετά
1597 990 1771 1044 ταῦτα

168 1076 452 1146 ἀμυδρῶς
499 1097 619 1142 πως
651 1080 850 1149 μάθοι·
882 1081 930 1132 εί
970 1081 1026 1133 δὲ
1056 1079 1240 1146 τοῦτο,
1271 1080 1304 1150 ἢ
1346 1082 1405 1133 οὑ
1451 1081 1711 1148 συνετέθη
1742 1082 1770 1133 6

167 1166 310 1228 Θεὸς
339 1167 529 1236 Λόγος
560 1169 635 1239 τῷ
685 1170 744 1235 ἐξ
778 1171 933 1238 ἡμῶν
967 1170 1236 1240 ἀνθρώπῳ
1271 1171 1442 1224 πάντα
1469 1171 1769 1241 ἐπιστάμε-

166 1275 287 1322 νος,
338 1262 443 1313 καὶ
493 1263 766 1331 μηδέποτε
815 1263 980 1336 μηδὲν
1040 1262 1346 1332 μανθάνων,
1395 1262 1428 1332 ἢ
1471 1262 1766 1325 συντεθεὶς,

130 1397 136 1403 .
166 1351 274 1404 οὑκ
301 1349 418 1404 οἶδε
462 1353 587 1416 πῶς
628 1353 808 1423 ὴνώθη
834 1353 912 1422 τῷ
941 1354 1096 1423 ἡμῶν
1126 1353 1430 1424 ἀνθρώπῳ,
1463 1355 1600 1424 ὅπερ
1642 1355 1770 1408 ἀσε-

165 1441 291 1505 ΰές.
343 1444 411 1495 Ἢ
468 1445 573 1512 μὲν
611 1445 800 1515 πρώτη
851 1446 1004 1514 ὑμῶν
1037 1447 1137 1498 κάν
1164 1445 1336 1516 τούτῳ
1374 1446 1451 1515 τῷ
1484 1447 1768 1516 ἐπιχειρή-

169 1549 312 1599 ματι
351 1533 631 1603 πρότασις
659 1573 671 1597 ,
699 1530 786 1588 οἷά
819 1554 900 1597 τις
927 1532 1059 1587 οὖσα
1099 1537 1287 1604 τρόπις
1323 1538 1417 1590 καὶ
1446 1537 1538 1589 τοῦ
1578 1537 1767 1606 πρώην

164 1623 268 1676 καί
297 1624 400 1676 τοῦ
431 1625 708 1694 παρόντος
751 1624 1111 1695 συλλογισμοῦ
1142 1627 1241 1697 ἤδη
1277 1627 1683 1697 προκατέακται
1709 1629 1766 1680 ὲν

165 1717 292 1776 ταῖς
327 1715 742 1784 προλαὸούσαις
787 1716 942 1786 ἡμῶν
975 1717 1330 1787 ὑπαντήσεσι.
1365 1717 1509 1789 Πλὴν
1535 1717 1767 1771 δεδόσθω

165 1805 266 1857 καὶ
296 1805 484 1868 οὕτως
523 1805 666 1876 ἔχειν
694 1807 816 1859 καθ’
851 1809 1128 1871 ὑπόθεσιν,
1155 1809 1236 1860 ὅτι
1262 1810 1351 1861 καὶ
1385 1810 1524 1880 μέρη
1549 1810 1658 1861 εἰσὶ
1696 1809 1766 1861 τά

164 1897 271 1966 τῆς
337 1899 699 1961 ὑποστάσεως
751 1901 1070 1963 συστατικὰ,
1118 1902 1215 1954 καὶ
1255 1902 1355 1954 οὑκ
1397 1904 1543 1955 ἴσασι
1588 1901 1761 1972 πῶςῆ

168 1987 280 2040 ποῦ
325 1987 360 2057 ἢ
395 1991 532 2042 πότε
578 1990 970 2060 συνετέθησανο
1002 1991 1119 2044 ἀλλ’
1147 1986 1192 2045 ὦ
1225 1987 1396 2052 οὗτοι.
1449 1993 1568 2046 ὅλον
1606 1994 1763 2046 τοῦτο

165 2081 233 2133 οὑ
299 2081 529 2151 νοήσειέ
575 2096 658 2145 τις
711 2081 799 2146 ἂν,
846 2085 950 2137 κᾶν
985 2086 1032 2136 εἰ
1065 2085 1261 2156 μικρὸν
1287 2085 1506 2155 μετέχοι
1541 2085 1764 2156 λογικῆς

170 2169 401 2237 φύσεως
459 2169 827 2241 ἐμπύρευμα,
890 2175 972 2226 ὅτι
1036 2176 1212 2228 ταῦτα
1266 2176 1387 2228 τότε
1447 2175 1763 2244 συμϐαίνειν

170 2261 422 2331 ἀνάγκη.
466 2262 658 2315 Ἦνίκα
691 2262 748 2315 δὲ
777 2262 1124 2334 ὡμολόγηται
1164 2268 1246 2319 ὅτι
1277 2269 1306 2320 6
1334 2268 1492 2330 αὑτός
1523 2270 1638 2320 ὲστι
1665 2270 1763 2337 τῆς

171 2353 498 2415 συνθέσεως
524 2355 754 2424 ποιητὴς
774 2357 802 2408 6
832 2357 1208 2426 συγκείμενος,
1241 2358 1357 2422 πῶς
1382 2359 1449 2413 ἂν
1475 2361 1762 2430 ἀγνοήσειε

168 2441 277 2513 τὴν
313 2443 523 2495 ἑαυτοῦ
591 2442 869 2508 σύνθεσιν,
897 2445 955 2509 ὃς
984 2447 1077 2499 καὶ
1107 2450 1287 2518 πάσης
1313 2449 1612 2513 συνθέσεώς
1645 2453 1760 2504 ἐστι

172 2534 463 2604 ποιητής;
519 2534 728 2600 Ἀλλως
763 2537 818 2588 δὲ
851 2538 1012 2591 πάλιν
1055 2541 1226 2593 εἰπεῖν
1261 2543 1368 2594 πᾶν
1403 2543 1568 2612 μέρος
1609 2543 1636 2594 ὃ
1670 2543 1762 2595 τέ-

167 2625 322 2677 λειον
351 2625 595 2695 ὑπάρχει
632 2627 770 2680 κατά
811 2630 1032 2696 γνῶσιν,
1070 2634 1418 2703 προῠπάρχει
1457 2652 1516 2687 τε
1547 2635 1648 2704 τῆς
1681 2639 1763 2689 οἰ-

173 2716 335 2779 κείας
369 2717 676 2780 συνθέσεως
699 2759 713 2784 ,
749 2718 852 2772 κᾶν
882 2721 930 2772 εἰ
963 2721 1052 2790 ὑφ’
1082 2721 1274 2792 ἐτέρου
1303 2723 1648 2778 συντίθεσθαι
1672 2726 1761 2778 λέ-

171 2825 352 2874 γοιτο,
403 2808 528 2860 δέον
579 2809 674 2863 καὶ
731 2811 862 2862 αὐτὸ
909 2812 1124 2876 πάντως
1177 2814 1395 2878 είδέναι,
1432 2817 1534 2868 ποῦ
1566 2834 1624 2869 τε
1667 2820 1759 2871 καὶ

177 2900 323 2963 πῶς,
347 2901 449 2952 καλ¹
481 2900 608 2952 πότε
635 2902 916 2970 συνετέθη,
949 2906 1062 2970 εἴγε
1090 2904 1163 2974 μὴ
1193 2906 1291 2975 τῆς
1319 2907 1526 2970 οἰκείας
1550 2909 1761 2974 τελείας

174 2991 465 3058 γνώσεως,
498 2990 530 3060 ἢ
560 2992 701 3059 μετά
734 2992 833 3062 τὴν
876 2993 1124 3048 σύνθεσιν
1157 2997 1372 3067 ἐξέστη,
1405 2999 1437 3070 ἢ
1479 3000 1585 3068 πρὸ
1632 3018 1759 3054 συν-

1878 531 2224 600 hypostasis;
2255 533 2434 586 omnis
2478 542 2660 586 autem
2691 548 2816 602 pars
2852 543 3062 589 natura:
3086 538 3249 591 unius
3285 540 3367 593 vel
3397 551 3450 594 et

1875 626 2202 696 hypostasis,
2251 628 2426 681 nescit
2470 628 2765 697 quomodo,
2821 630 2906 682 vel
2944 630 3057 693 ubi,
3117 633 3199 685 vel
3232 634 3450 701 quando

1874 717 2021 774 unita
2049 717 2120 768 sit
2141 717 2445 784 cuicunque
2462 725 2606 768 tmtta
2626 725 2705 768 est
2728 731 2742 779 ;
2764 715 3038 780 multoque
3063 719 3240 767 minus
3258 718 3438 782 aliquo

1874 807 2034 859 modo
2077 813 2257 874 postea
2299 806 2554 860 disceret.
2589 805 2761 858 Omne
2791 820 2918 873 ergo
2946 805 3100 858 alteri
3132 807 3338 859 unitum
3371 808 3435 858 all

1875 896 2262 964 perficiendum
2283 910 2442 949 unam
2469 905 2713 949 naturam
2734 895 2817 947 vel
2837 905 2884 948 et
2910 895 3239 964 hypostasim
3259 897 3448 948 negt-ir

1873 989 2165 1056 quomodo,
2199 987 2277 1041 vel
2331 987 2439 1051 ubi,
2465 988 2548 1041 vel
2603 987 2816 1056 quando
2865 987 3072 1039 unitum
3116 988 3187 1039 sit
3216 987 3440 1038 (τοίς-ιιι»-

1875 1094 1983 1148 que
2008 1080 2216 1132 unitum
2244 1088 2350 1144 est,
2375 1080 2650 1145 multoque
2679 1079 2859 1131 minus
2886 1088 3072 1145 postea
3105 1093 3169 1131 ne
3211 1081 3450 1131 obscure

1877 1170 2093 1238 quidem
2135 1171 2391 1223 disceret.
2439 1171 2494 1224 Si
2532 1178 2707 1223 autem
2753 1170 2824 1223 ita
2861 1171 2950 1232 sit,
2985 1170 3071 1223 vel
3100 1185 3202 1222 non
3256 1171 3442 1223 unitus

1877 1269 1960 1314 est
1993 1259 2136 1313 Deus
2186 1260 2423 1314 Verbum
2473 1261 2633 1314 alicui
2682 1261 2886 1314 homini
2940 1276 3005 1315 ex
3054 1263 3211 1315 nobis
3258 1263 3440 1314 omnia

1877 1366 2236 1420 ceguosccns,
2267 1354 2516 1420 nihilque
2569 1369 2806 1421 unquam
2846 1353 3082 1416 discens,
3117 1354 3199 1407 vel
3237 1355 3447 1413 "uitus,

1878 1445 2112 1499 nescivit
2137 1446 2409 1510 quomodo
2429 1446 2586 1498 alicui
2610 1461 2673 1498 ex
2700 1445 2858 1498 nobis
2882 1445 3066 1498 unitus
3091 1444 3274 1510 fuerit,
3299 1446 3446 1512 quod

1884 1537 2109 1602 impium
2148 1547 2252 1591 est.
2287 1535 2466 1590 Prima
2505 1547 2686 1591 autem
2715 1546 2893 1590 vesh-a
2931 1540 3090 1590 etiam
3123 1538 3174 1588 in
3215 1539 3315 1589 hoc
3350 1553 3441 1588 aro

1879 1639 2137 1701 gumento
2199 1631 2518 1698 prepositio,
2579 1631 2729 1698 quasi
2781 1630 3027 1696 mundani
3092 1630 3238 1684 basis
3286 1638 3440 1683 auter-

1868 1719 2032 1773 rioris
2071 1718 2468 1787 praesentisque
2500 1717 2770 1771 ratiocinii
2807 1719 2916 1786 jam
2962 1717 3049 1770 his
3082 1732 3202 1785 quae
3240 1732 3444 1786 praeve-

1870 1809 2086 1863 nientes
2134 1809 2371 1863 diximus
2422 1809 2632 1878 dejecta
2662 1817 2764 1863 est.
2810 1809 2876 1862 At
2905 1808 3066 1861 detur
3103 1809 3264 1862 nobis
3289 1810 3445 1878 juxta

1867 1901 2235 1972 hypothesim,
2286 1909 2470 1970 partes
2521 1916 2640 1955 esse
2685 1902 2992 1972 hypost'asis
3039 1902 3440 1965 constitutivas,

1863 2005 1966 2044 nec
1990 1990 2128 2044 scire
2154 1989 2452 2059 quomodo,
2482 1990 2566 2043 vel
2594 1990 2706 2053 ubi,
2734 1990 2819 2042 vel
2843 1989 3066 2057 quando
3095 1989 3258 2042 unita:
3279 1997 3440 2054 sunt;

1865 2083 1982 2148 sed,
2015 2099 2048 2136 ο
2089 2099 2208 2146 vos,
2242 2099 2404 2138 nemo
2435 2083 2538 2138 hoc
2573 2093 2744 2137 totum
2771 2083 3118 2153 intelligeret,
3151 2091 3442 2151 quantum-

1864 2173 1948 2226 vis
1970 2187 2160 2241 parum
2191 2173 2262 2226 sit
2286 2172 2341 2225 in
2369 2172 2462 2225 illo
2487 2171 2767 2225 rationalis
2788 2179 3017 2230 natum,
3041 2186 3108 2224 co
3139 2171 3283 2240 quod
3313 2181 3442 2225 tunc

1865 2263 1966 2318 hos
2010 2263 2330 2333 contingere
2387 2278 2610 2317 necesse
2669 2263 2756 2315 sit.
2814 2263 2948 2317 Cum
2999 2271 3178 2316 autem
3228 2269 3442 2315 constat

1864 2352 2118 2406 eumdem
2151 2367 2271 2406 esse
2301 2350 2676 2419 factorcmque
2707 2351 2924 2405 unionis
2953 2359 3008 2404 et
3039 2352 3272 2413 unitum,
3306 2367 3443 2419 quo-

1863 2441 2027 2495 modo
2059 2456 2213 2495 suam
2247 2441 2509 2494 unionem
2555 2441 2852 2509 ignoraret,
2909 2441 3002 2508 qui
3045 2441 3208 2494 etiam
3260 2440 3440 2493 omnis

1863 2531 2086 2584 unionis
2119 2539 2310 2583 auctor
2342 2530 2468 2584 est?
2509 2529 2779 2584 Caeterum
2819 2531 2981 2584 nobis
3023 2545 3216 2584 rursus
3253 2530 3437 2584 dicen.

1862 2625 1992 2674 dum
2022 2630 2107 2674 est
2129 2636 2346 2675 omnem
2379 2630 2589 2689 partem
2625 2620 2917 2688 perfectam
2955 2621 3220 2676 exsistere
3243 2635 3438 2675 secun-

1862 2711 1990 2765 dum
2011 2713 2399 2782 cognitionem,
2419 2713 2833 2782 praacedercque
2858 2713 3131 2782 propriam
3157 2714 3433 2777 unionem,

1861 2802 1992 2856 licet
2023 2802 2091 2854 ab
2123 2802 2294 2857 altera
2323 2801 2468 2855 uniri
2511 2802 2747 2867 dicatur,
2784 2803 2924 2856 scire
2964 2818 3182 2871 quoque
3211 2803 3438 2856 omnino

1861 2891 2026 2945 debet
2055 2892 2170 2956 ubi,
2199 2893 2475 2960 quomodo
2505 2893 2838 2962 quandoque
2871 2895 3024 2948 unita
3046 2894 3136 2955 sit,
3165 2892 3269 2950 nisi
3307 2909 3437 2962 pro-

1861 2983 1981 3052 pria
2009 2983 2320 3053 cognitione
2369 2983 2644 3052 perfecta,
2697 2984 2812 3037 sive
2845 2993 2969 3052 post
3010 2983 3266 3037 unionem
3340 2997 3439 3036 cx-

178 3080 393 3143 θέσεως
422 3081 829 3134 ἀπολέλειπται.
873 3084 941 3134 Ἢ
971 3080 1064 3136 οὖν
1093 3086 1154 3138 οὑ
1195 3087 1399 3151 τέλειος
1422 3091 1521 3160 τὴν
1553 3091 1757 3159 γνῶσιν

1867 3068 2064 3135 :iderit,
2105 3073 2218 3126 sive
2264 3082 2389 3127 ante
2428 3073 2687 3126 unionem
2720 3073 3002 3126 defecerit.
3031 3074 3126 3127 Vel
3166 3088 3296 3141 ergo
3327 3089 3439 3126 non

177 3172 206 3222 6
234 3170 370 3233 Θεὸς
399 3171 591 3237 Λόγος,
624 3171 656 3242 ἢ
682 3172 740 3223 οὑ
774 3174 1143 3244 προῦπάρχων
1177 3179 1276 3245 τῆς
1305 3179 1607 3244 συνθέσεως
1635 3186 1760 3236 ἑαυ-

178 3261 274 3314 τοῦ
331 3263 464 3314 καθ’
498 3262 645 3330 ὑμᾶς
702 3262 874 3326 ἔσται,
904 3265 936 3336 ἢ
969 3265 1185 3330 πάντως
1218 3268 1316 3337 τὴν
1344 3270 1481 3324 ἰδίαν
1513 3272 1760 3328 σύνθεσιν

179 3351 415 3405 εἴσεται.
469 3350 533 3403 Τί
595 3346 687 3404 οὖν
751 3354 882 3422 ἡμῖν
924 3355 957 3423 ἡ
1011 3356 1259 3425 ἀχυρμιά
1303 3357 1410 3412 τῶν
1455 3361 1760 3430 εἰρημένων

179 3442 486 3508 ἀναγκαῖον
540 3440 806 3508 ἐπάγεται
827 3483 841 3507 ,
884 3444 966 3506 είς
996 3444 1158 3508 δεῖξιν
1191 3446 1405 3516 ἀσφαλῆ
1443 3449 1534 3504 τοῦ
1560 3450 1758 3519 λέγειν,

181 3531 259 3591 ὼς
304 3531 357 3582 εί
405 3531 659 3602 συνετέθη
699 3534 727 3584 6
765 3533 898 3595 Θεὸς
929 3535 1098 3601 Λόγος
1121 3578 1134 3602 ,
1166 3535 1267 3592 οὑκ
1303 3535 1411 3592 οῐδε
1448 3541 1620 3614 πῶςῆ
1657 3544 1759 3597 ποῦ

181 3622 368 3696 ﬂutqu
399 3624 473 3695 τῷ
501 3624 560 3692 ἐξ
593 3624 747 3696 ἡμῶν
777 3625 1050 3698 ἀνθρώπῳ
1075 3645 1089 3694 ;

783 3846 1035 3899 ΚΕΦΑΛ.
1092 3849 1152 3903 ιο.

259 3977 325 4031 Ei
356 3975 610 4039 σύνθετος
638 3977 666 4029 6
693 3977 972 4048 Δεσπότης
1019 3979 1271 4050 Χριστὸς,
1303 3980 1450 4034 καθά
1479 3999 1633 4049 φασι,
1665 3983 1760 4051 μέ-

189 4085 280 4138 ρος
299 4071 328 4121 6
356 4069 488 4130 Θεὸς
528 4067 879 4136 Λόγος,καθά
914 4069 1162 4138 βούλεται
1185 4071 1292 4123 τῶν
1325 4073 1591 4126 συνθέτων
1619 4077 1646 4127 6
1673 4075 1760 4127 νό-

188 4176 312 4229 μος·
345 4162 451 4211 πᾶν
478 4160 535 4212 δὲ
581 4160 748 4228 μέρος
772 4197 787 4223 ,
825 4159 1044 4213 ἔλαττον
1074 4163 1215 4216 κατά
1243 4180 1294 4216 τι
1327 4163 1634 4235 καθέστηκε
1664 4166 1757 4219 τοῦ

191 4247 324 4299 ἰδίου
349 4247 472 4298 ὅλου
494 4262 508 4276 ο
534 4247 770 4300 ἐλάττων
799 4247 908 4316 ἄρα
929 4250 1070 4313 τινὸς
1087 4252 1227 4305 κατά
1260 4269 1323 4304 τιι
1343 4255 1369 4304 6
1391 4253 1521 4316 Θεὸς
1551 4256 1721 4322 Λόγος
1741 4274 1755 4288 ο

185 4335 288 4388 οὑκ
309 4336 373 4387 ἂν
399 4337 508 4404 γὰρ
537 4335 620 4403 εἴη
655 4336 843 4405 μέρος,
869 4338 942 4408 μὴ
975 4339 1212 4393 ἐλάττων
1234 4339 1308 4393 ὢν
1323 4341 1417 4395 τοῦ
1449 4343 1592 4398 ὅλου.
1620 4346 1682 4397 Εἰ
1701 4347 1757 4399 δὲ

1861 3165 2138 3234 perfectus
2164 3166 2268 3218 erit
2289 3165 2590 3218 secundum
2615 3165 2982 3235 cognitionem
3008 3165 3151 3217 Deus
3172 3164 3432 3223 Verbum,

1861 3254 1946 3306 vel
1983 3254 2137 3323 juxta
2183 3268 2283 3307 vos
2333 3269 2444 3307 non
2485 3270 2638 3308 suam
2685 3254 2943 3307 unionem
3002 3255 3291 3322 praecedet,
3347 3255 3437 3309 vel

1861 3345 2084 3398 omnino
2131 3344 2406 3414 propriam
2439 3345 2696 3399 unionem
2732 3345 2889 3399 sciet.
2925 3344 3066 3410 Quid
3112 3361 3243 3416 ergo
3280 3346 3436 3415 palea

1861 3434 2131 3488 dictorum
2165 3451 2195 3488 a
2223 3435 2382 3490 nobis
2415 3435 2726 3490 necessario
2763 3437 3057 3507 spargitur,
3099 3437 3166 3490 ad
3208 3437 3428 3491 modum

1861 3526 2168 3580 docendum
2199 3535 2378 3582 tutum
2421 3528 2865 3596 dicendi,quasi,
2925 3529 2970 3583 si
3025 3529 3213 3583 unitus
3267 3529 3432 3584 fuerit

1861 3617 2005 3672 Deus
2031 3618 2292 3680 Verbum,
2323 3634 2433 3672 non
2472 3620 2637 3674 sciret
2660 3620 2958 3688 quomodo,
2989 3621 3074 3674 vel
3119 3621 3208 3675 ubi
3245 3622 3432 3676 unitus

1861 3703 2028 3759 fuerit
2051 3705 2215 3760 alicui
2243 3721 2310 3760 ex
2333 3706 2514 3761 nobis.

2526 3841 2680 3896 CAP.
2719 3839 2789 3895 X.

1933 3975 2011 4039 Si,
2047 3984 2107 4030 ut
2145 3976 2319 4038 aiunt,
2356 3975 2545 4030 unitus
2585 3976 2657 4030 sit
2684 3975 2938 4031 Christus
2966 3977 3265 4044 Dominus,
3302 3995 3428 4049 pars

1860 4076 1944 4120 est
1964 4068 2107 4120 Deus
2131 4066 2391 4126 Verbum,
2415 4073 2476 4119 ut
2508 4067 2623 4119 vult
2663 4066 2750 4120 lex
2781 4067 3060 4120 unitorum
3085 4084 3099 4131 ;
3127 4069 3305 4123 omnis
3331 4086 3429 4124 au-

1863 4163 1970 4209 tem
1999 4171 2144 4224 pars,
2179 4155 2481 4210 secundum
2509 4155 2639 4224 quid
2669 4156 2850 4210 minor
2866 4172 2966 4210 suo
2998 4166 3111 4212 toto
3138 4160 3429 4214 constitui-

1863 4256 1984 4313 tur;
2021 4248 2166 4302 Deus
2197 4247 2436 4302 Verbum
2481 4247 2661 4302 minor
2701 4247 2867 4318 igitur
2895 4259 2979 4303 est
3008 4247 3191 4318 aliquo
3225 4241 3426 4305 secun-

1860 4338 1992 4392 dum
2039 4338 2206 4408 quid;
2255 4353 2362 4390 non
2398 4337 2544 4391 enim
2587 4346 2735 4392 esset
2772 4353 2920 4407 pars,
2967 4339 3074 4393 nisi
3127 4347 3241 4394 toto
3287 4341 3427 4396 foret

186 4424 369 4493 τοῦτο,
422 4426 541 4478 οὑδὲ
592 4427 723 4490 Θεὸς
766 4427 1014 4498 ἀληθινὸς
1043 4432 1070 4482 6
1098 4430 1228 4494 Θεὸς
1269 4433 1474 4501 Λόγος·
1518 4435 1640 4488 ἐπεὶ
1671 4437 1758 4490 τὸν

1867 4432 2060 4484 minor.
2094 4430 2150 4483 Si
2196 4439 2378 4483 autem
2409 4429 2514 4484 hoc
2565 4429 2640 4484 ita
2689 4429 2781 4493 sit,
2823 4445 2931 4483 non
2959 4446 3125 4485 verus
3149 4442 3234 4486 est
3260 4433 3423 4497 Deus,

187 4517 442 4586 ἀληθινὸν
496 4518 649 4583 Θεὸν,
704 4518 917 4578 οὐδενὸς
959 4521 1216 4574 ἐλάττονα
1268 4523 1450 4591 λέγειν
1491 4526 1752 4581 δυνατόν·

187 4609 516 4681 ἀσύγκριτος
560 4611 668 4681 γὰρ
713 4613 741 4664 6
773 4611 905 4675 Θεὸς
944 4614 1178 4683 πάμπαν
1217 4617 1312 4668 καὶ
1350 4617 1754 4689 ἀπαράσλητος.

193 4701 264 4753 Ἢ
298 4702 428 4769 γοῦν
457 4702 888 4773 ὁμολογείτωσαν
911 4705 1158 4776 φανερῶς
1184 4706 1280 4776 τὴν
1305 4708 1440 4778 πρὸς
1467 4711 1592 4774 τοὺς
1624 4712 1758 4782 ἀλη-

191 4790 336 4846 θινὸν
380 4794 511 4848 Θεὸν
554 4795 762 4858 εἰδότας
806 4795 897 4848 τὸν
924 4797 1055 4849 Θεὸν
1097 4799 1272 4866 Λόγον
1315 4800 1688 4872 ἐναντιότητα,
1722 4803 1755 4873 ἢ

192 4884 591 4938 παυσάσθωσαν
621 4885 872 4938 σύνθετον
904 4887 1035 4957 ἡμῖν
1064 4889 1375 4957 εεσάγοντες
1405 4891 1591 4944 οὐσίαν
1616 4892 1680 4945 ἐκ
1699 4909 1758 4945 τε

190 4975 284 5028 τοῦ
322 4977 455 5029 Θεοῦ
485 4977 658 5044 Λόγου
701 4978 923 5046 καὶτῆς
947 4979 1104 5049 ἡμῶν
1153 4981 1356 5050 σαρκὸς
1393 4981 1659 5052 ἐμψύχου.
1692 4982 1760 5036 ΛΞ

193 5067 475 5120 καθολικαὶ
498 5067 651 5136 ὑμῶν
682 5069 1032 5136 καταφάσεις,
1087 5071 1180 5123 καὶ
1219 5073 1274 5124 αἱ
1298 5071 1362 5124 ὲκ
1399 5071 1600 5124 τούτων
1627 5073 1761 5126 ἀποι-

193 5157 404 5228 δείξεις,
434 5159 682 5228 ἀνόνητοι
713 5159 839 5228 ὑμῖν
871 5158 1087 5228 ἀληθῶς
1114 5159 1210 5212 νῦν
1234 5161 1715 5231 ἀποδειχθήσονται
1743 5179 1756 5192 ·

197 5248 260 5302 δι’
289 5244 362 5303 ὧν
407 5249 515 5318 γὰρ
562 5249 765 5319 ἰσχύειν
806 5252 1105 5320 ἡγήσασθε,
1129 5253 1216 5304 διὰ
1242 5253 1465 5318 τούτων,
1489 5272 1760 5325 προφητι-

197 5340 306 5404 κῶς
322 5358 500 5410 φαμεν
523 5341 672 5409 ὑμῖν,
695 5341 1065 5412 ἡττηθήσεσθε
1085 5361 1098 5376 ’
1113 5344 1174 5396 τὸ
1199 5343 1306 5412 γὰρ
1328 5345 1540 5418 καίριον
1564 5348 1763 5418 ἠγνοή-

197 5449 323 5486 σατε
353 5431 481 5500 περὶ
513 5433 634 5484 ὅτου
663 5434 691 5484 6
713 5432 871 5500 λόγος
893 5471 910 5498 ,
944 5434 1045 5486 οὑκ
1077 5434 1470 5503 ὲπισκέψαντες
1501 5437 1665 5490 αὑτοῦ
1696 5441 1759 5510 τῇ

198 5523 374 5590 φύσει.
408 5523 482 5575 Οὑ
519 5523 626 5592 γάρ
667 5523 854 5594 ἐπειδὴ
900 5527 1008 5576 πᾶν
1063 5525 1227 5596 μέρος
1267 5527 1484 5581 ἔλαττον
1516 5529 1609 5581 τοῦ
1638 5529 1760 5583 ὅλου

201 5615 517 5684 καθέστηκε,
556 5615 643 5667 διὰ
684 5615 841 5668 τοῦτο
874 5616 967 5668 καὶ
996 5617 1024 5670 6
1055 5617 1188 5680 Θεὸς
1229 5619 1304 5682 ὼς
1331 5619 1494 5689 μέρος
1522 5619 1759 5690 θεωρού-

201 5720 353 5776 μενος
404 5702 496 5758 τοῦ
545 5704 715 5773 Λόγου
769 5705 863 5758 καὶ
903 5705 999 5776 τῆς
1032 5708 1304 5777 σημασίας
1341 5709 1434 5761 τοῦ
1474 5710 1620 5769 ὅλου,
1662 5711 1760 5780 τῆς

1858 4523 2002 4576 Deus
2031 4521 2271 4576 Verbum
2299 4561 2313 4582 ,
2364 4521 2634 4589 siquidem
2675 4537 2842 4575 verus
2868 4520 3014 4575 Deus
3056 4522 3206 4576 nullo
3245 4523 3427 4578 minor

1857 4614 1964 4669 tlici
2014 4623 2214 4683 queat;
2267 4629 2391 4668 cum
2427 4613 2580 4669 nullo
2619 4614 2766 4666 enim
2815 4614 3019 4682 aequari
3062 4616 3425 4686 componique
3484 4624 3490 4630 '

1859 4707 1970 4759 ullo
1992 4705 2154 4759 modo
2183 4713 2364 4774 potest
2386 4706 2549 4759 Deus.
2575 4703 2684 4758 Aut
2708 4704 2876 4775 igitur
2906 4713 3095 4773 aperte
3122 4707 3423 4761 conﬁtean-

1857 4806 1949 4852 tur
1993 4815 2050 4854 se
2082 4798 2361 4854 adversari
2397 4798 2484 4853 his
2527 4797 2622 4867 qui
2658 4812 2847 4852 verum
2879 4797 3048 4852 Deum
3085 4797 3272 4852 sciunt
3302 4814 3423 4853 esse

1861 4881 2032 4936 Deum
2067 4881 2322 4947 Verbum,
2356 4894 2444 4936 aut
2473 4885 2582 4954 jam
2643 4887 2896 4940 desinant
2950 4889 3110 4942 nobis
3167 4891 3430 4947 inducere

1862 4973 2220 5029 substantiam
2289 4989 2354 5028 ex
2419 4976 2526 5030 Deo
2581 4977 2761 5031 Verbo
2809 4993 2983 5046 exque
3032 4995 3199 5034 carne
3242 4992 3426 5039 nostra
3507 4975 3512 4982 ’

1861 5067 2121 5119 animata.
2159 5065 2431 5130 Principia
2475 5077 2650 5121 vestra
2687 5071 2958 5137 generalia
3007 5081 3169 5142 atque
3217 5091 3281 5128 ex
3317 5076 3424 5132 illis

1868 5158 2236 5225 probationes,
2283 5159 2516 5214 absurda
2572 5175 2714 5214 nunc
2745 5163 2896 5216 vobis
2927 5179 3055 5218 vere
3087 5167 3430 5222 demonstra-

1862 5251 2112 5316 buntur;
2145 5267 2175 5305 e
2223 5251 2421 5321 quibus
2471 5253 2616 5308 enim
2647 5269 2744 5308 vos
2790 5256 2970 5312 valere
3008 5258 3302 5325 conﬁditis,
3360 5278 3424 5314 cx

1863 5342 1968 5395 illis
2019 5343 2344 5398 inﬁrmiores
2379 5361 2474 5398 vos
2531 5360 2794 5401 evasuros
2848 5349 3238 5419 praatlicimus;
3281 5357 3423 5422 quod

1865 5439 2015 5492 enim
2051 5439 2211 5494 decet
2242 5441 2377 5496 illud
2414 5444 2482 5499 de
2511 5462 2621 5515 quo
2656 5462 2836 5501 sermo
2867 5454 2951 5502 est
2990 5449 3290 5519 ignoratis,
3330 5468 3429 5507 na-

1869 5537 1988 5582 tura
2013 5529 2160 5585 illius
2179 5547 2288 5586 non
2312 5534 2680 5591 considerata.
2700 5537 2945 5608 Namque
2968 5555 3035 5595 eo
3055 5541 3200 5609 quod
3219 5551 3424 5610 partem

1865 5635 1966 5673 suo
1995 5629 2108 5675 toto
2156 5622 2424 5678 minorem
2467 5641 2587 5682 esse
2615 5636 2850 5692 constat,
2873 5645 2983 5683 non
3017 5631 3139 5685 ideo
3167 5632 3333 5690 Deus.
3373 5649 3425 5689 ιιι

1865 5728 1992 5783 pars
2022 5713 2184 5769 Verbi
2231 5717 2545 5784 speculatus
2592 5717 2868 5792 totiusque
2901 5723 3076 5794 signi,
3128 5725 3195 5780 ad
3251 5726 3418 5795 ipsus;
