3876 6310
479 259 614 324 Ῐ439

1719 261 2031 328 LEONTII
2070 263 2444 326 ΒΥΖΑΝΤῘΝ
2453 265 2502 325 1³

3667 267 3815 330 iii-f-

472 371 716 432 abionis.
739 372 934 428 minor
975 379 1110 441 toto,
1145 377 1229 433 sic
1252 374 1424 443 dicto,
1450 376 1522 431 ad
1556 377 1734 447 ipsum
1752 379 1922 432 συιιὶῑο
1955 379 2050 432 ha—

2167 376 2283 429 κατ’
2312 377 2480 429 αὐτὸν
2515 373 2837 445 συνθέσεωξ,
2863 379 3104 436 ἐλάττων
3128 378 3225 436 τοῦ
3263 381 3346 445 ὡς
3378 379 3520 437 ὅλου
3553 379 3806 450 λεγομε-

469 466 714 523 bebitur.
739 461 1092 524 contrarium
1115 477 1302 525 autem
1328 478 1415 526 est
1438 467 1508 523 de
1537 469 1800 524 onmibus
1833 470 2060 524 cntibus

469 558 686 614 cazteris
703 573 848 628 quae,
870 574 997 614 cum
1029 562 1141 616 sint
1163 563 1251 618 sui
1272 563 1442 620 totius
1465 573 1671 636 partes,
1698 563 1820 634 ipso
1842 564 2059 618 minora

470 650 748 706 videntur.
779 651 926 707 Deus
959 667 1092 709 vero
1123 670 1233 710 non
1267 666 1354 712 est
1389 673 1532 714 unus
1560 657 1831 720 omnium,
1869 655 1966 711 sed
2003 655 2059 709 in

469 743 732 798 omnibus
760 751 816 798 et
849 759 1017 815 super
1055 747 1244 802 omnia
1274 749 1588 805 eminenter
1615 765 1676 805 se
1699 748 1889 804 habet.
1915 747 2061 804 Con-

484 839 780 898 sequenter
836 843 940 882 non
993 830 1180 884 eodem
1234 831 1396 886 inodo
1447 847 1555 900 quo
1619 839 1802 890 omnia
1863 846 2058 896 caetera

487 929 674 988 posset
701 922 870 985 uniri,
901 920 982 974 vel
1021 933 1080 976 ut
1111 938 1238 992 pars
1290 921 1523 994 alicujus
1556 927 1726 984 tutius
1781 934 2063 1002 reputabi-

495 1025 599 1066 ΑΠ’.

540 1099 1020 1158 Considerandum
1046 1103 1309 1159 est-enim
1340 1097 1520 1170 vobis,
1541 1119 1752 1160 omnes
1771 1101 2059 1174 generales

471 1192 916 1262 propositionum
955 1194 1363 1251 declarationes
1395 1204 1527 1250 tunc
1551 1195 1910 1265 exponendas
1935 1209 2060 1250 esse

471 1300 599 1339 cum
634 1285 867 1354 alicujus
894 1285 1144 1355 ejusdem
1187 1287 1407 1358 generis
1450 1286 1810 1358 ejusdemque
1854 1286 2060 1356 speciei

415 1449 419 1452 γ
470 1393 664 1432 eorum
696 1393 818 1448 quae
859 1378 1280 1433 determinanda
1312 1386 1442 1434 sunt
1473 1377 1681 1432 veritas
1723 1378 2056 1446 exquiritur.

471 1466 720 1539 Namque
771 1470 840 1524 ad
883 1471 1338 1525 manifestandam
1389 1478 1646 1525 naturam
1697 1484 1894 1525 eorum
1937 1485 2060 1540 qum

471 1563 704 1617 alterius
726 1572 856 1618 sunt
884 1563 1087 1632 speciei
1127 1564 1215 1619 vel
1263 1564 1496 1620 alterius
1524 1564 1744 1634 generis
1792 1563 1934 1618 nihil
1974 1563 2062 1617 in-

471 1651 746 1706 servirent
769 1667 872 1707 nec
902 1651 1190 1722 generales
1216 1651 1618 1721 expositiones,
1649 1645 1780 1706 nisi!-
1799 1659 2060 1720 tanquam

2165 484 2258 521 νου
2295 467 2419 522 κατ’
2465 467 2629 522 αὐτὸν
2681 469 2942 523 συνθέτου
2980 472 3412 542 νομισθήσεται.
3447 473 3802 528 του-διαπέτει

2165 557 2268 629 μὲν
2312 557 2408 612 οὖν
2431 599 2446 623 ,
2481 559 2606 612 ἐπεὶ
2644 561 2827 614 πάντα
2869 561 2937 615 τὰ
2987 563 3128 618 ἄλλα
3159 565 3272 617 τῶν
3306 564 3505 619 ὄντων
3535 565 3800 619 συντιθέ-

2165 668 2307 721 μενα
2347 651 2430 714 ὡς
2457 651 2603 722 μέρη
2633 669 2694 706 τε
2723 652 2823 706 καὶ⁵
2855 653 3123 707 ἐλάττονα
3158 653 3258 708 τοῦ
3283 657 3514 710 οἰκείου
3544 657 3696 710 ὅλου
3721 674 3800 708 ε-

2162 739 2441 812 θεώρηται
2461 755 2479 774 ο
2507 741 2643 806 Θεὸς
2681 742 2738 796 δὲ
2765 743 2864 814 οὐχ
2893 738 2977 808 εἷς
3017 745 3130 800 τῶν
3165 747 3400 801 πάντων
3424 785 3442 811 ,
3479 747 3642 801 ἀλλὰ
3671 753 3793 817 περὶ

2161 833 2364 900 πάντα,
2397 835 2494 888 καὶ
2533 834 2677 906 ὑπὲρ
2721 836 2900 891 πάντα
2941 837 3294 910 ὑπεροχικῶς
3324 839 3451 911 ἔχει
3491 856 3511 871 ’
3556 841 3790 894 holca-

2162 925 2272 990 θως
2305 926 2426 981 οὐδὲ
2461 929 2604 982 κατὰ
2631 929 2810 983 πάντα
2832 930 2902 984 τὰ
2925 930 3064 985 ἄλλα
3101 932 3198 986 τὸν
3220 933 3392 1002 λόγον
3421 933 3555 1005 ἔχοι
3589 952 3786 988 συντεο

2163 1017 2276 1080 θείς
2296 1035 2310 1051 ·
2347 1017 2380 1088 ἢ
2415 1019 2494 1082 ὡς
2525 1019 2694 1090 μέρος
2720 1020 3108 1092 λογισθήσεται
3131 1023 3258 1077 ὅλου
3298 1024 3486 1086 τινός.

2237 1110 2397 1163 Ἔστι
2428 1111 2536 1182 γὰρ
2585 1112 2732 1182 ὑμᾶς
2767 1113 3149 1181 ἐπισκέπτειν,
3183 1114 3266 1178 ὡς
3297 1117 3490 1168 πᾶσαι
3525 1117 3591 1168 αἱ
3649 1115 3779 1167 κιθ-

2162 1199 2288 1254 όλου
2345 1186 2456 1254 τῶν
2515 1203 2850 1274 προτάσεων
2906 1205 3246 1273 ἀποφάνσεις
3279 1207 3415 1259 τότε
3466 1206 3678 1276 ἔχουσι
3725 1206 3778 1257 τὲ

2161 1292 2460 1360 ἀναγκαῖον
2489 1295 2580 1358 είς⁵
2608 1295 2909 1362 ἀπόδειξιν,
2943 1297 3112 1367 ἡνίκα
3139 1298 3290 1362 τινὸς
3319 1299 3718 1364 ταυτογενοῦς
3745 1299 3773 1366 ᾗ

2162 1385 2507 1450 ταυτοειδοῦς
2530 1387 2642 1441 τῶν
2684 1387 2792 1442 ὑπὸ
2819 1388 2912 1442 τὸν
2955 1389 3396 1461 προσδιορισμδν
3417 1393 3450 1444 ὁ
3477 1391 3658 1459 λόγος
3686 1390 3774 1459 ζη-

2161 1479 2508 1542 τεῖται..Είςρ
2532 1479 2643 1550 γὰρ
2678 1479 2927 1549 τὴν-τῶν
2968 1482 3296 1552 ἑτεροειδῶν
3337 1483 3378 1554 ἢ
3435 1483 3772 1554 ὲτερογών

2163 1569 2352 1638 φύσιν,
2399 1568 2554 1624 οὐδὲν
2592 1569 2708 1642 ἔχοι
2750 1569 2818 1624 ἂν
2846 1571 3165 1626 λυσιτελοῦν
3193 1574 3282 1635 είς
3319 1571 3624 1636 ἀπόδειξιν
3660 1575 3773 1626 οὐδὲ

2161 1660 2232 1714 τὰ
2261 1661 2492 1716 καθόλου
2515 1663 2867 1732 ἀποφαντικὰ
2885 1707 2900 1730 ,
2928 1664 3090 1735 εῐπερ
3129 1665 3206 1736 μὴ
3235 1665 3770 1737 συμπεριλαμσεϋκ

471 1743 678 1813 speciei
699 1743 949 1816 ejusdem
984 1743 1278 1814 quaesitum
1303 1743 1881 1814 comprehenderent;
1909 1743 2057 1814 quod

2167 1752 2236 1816 ὡς
2262 1752 2508 1824 ὁμοειδὲς
2533 1753 2594 1807 τὸ
2625 1753 2961 1826 ζητούμενον
2983 1773 2996 1786 ·
3029 1735 3139 1809 atat
3157 1735 3455 1810 δείκνυσιν
3486 1758 3522 1828 ἢ
3554 1735 3770 1812 admei-

471 1847 611 1892 tunc
643 1836 886 1893 ostendit
920 1837 1039 1893 sive
1072 1835 1408 1909 subjectum,
1445 1837 1562 1892 sive
1593 1836 1887 1892 excedens
1914 1836 2058 1890 veri-

470 1937 638 1982 tatem
669 1927 1116 1982 connaturalium
1153 1927 1348 1998 ipsius.
1377 1926 1615 1982 Perinde
1641 1941 1705 1981 ac
1726 1927 1770 1981 si
1796 1927 1864 1981 de
1886 1926 2058 1981 Paulo

471 2017 698 2076 homine
731 2019 1060 2089 exquiratur
1092 2036 1162 2074 an
1189 2020 1261 2076 sit
1291 2020 1534 2086 animal;
1597 2019 1873 2090 generalis
1914 2017 2059 2072 alIlr-

471 2113 642 2167 matio
672 2111 877 2182 speciei
911 2127 1129 2168 onmem
1154 2111 1437 2166 hominem
1473 2111 1673 2166 animal
1713 2125 1836 2165 esse
1866 2109 2058 2164 dicens

471 2203 540 2260 ad
570 2204 954 2275 probationem
980 2203 1196 2274 quaesiti
1229 2202 1548 2259 inserviret.
1573 2201 1838 2258 Similiter
1871 2211 2056 2258 autem

470 2313 596 2352 cum
629 2311 658 2351 a
694 2296 857 2352 nobis
889 2295 1157 2367 quaaritur
1207 2310 1276 2350 an
1314 2294 1406 2350 hic
1432 2293 1638 2350 Paulus
1681 2293 1884 2348 animal
1919 2292 2057 2348 sub-

470 2388 676 2444 stantia
727 2388 836 2454 sit,
899 2396 1215 2458 opportuna
1258 2395 1407 2440 esset
1461 2383 1756 2440 aliirmatio
1785 2385 2058 2456 generalis

471 2495 638 2536 omne
667 2473 1268 2534 animal-substantiam
1297 2491 1421 2532 esse
1452 2475 1665 2532 dicens.
1711 2475 1770 2532 Si
1809 2492 1943 2532 vero
1987 2478 2057 2534 de

469 2573 658 2643 aliquo
687 2569 918 2627 alterius
949 2568 1184 2640 generis
1202 2567 1287 2622 vel
1342 2565 1546 2637 speciei
1585 2565 1822 2636 quazstio
1846 2567 2054 2638 agitur,

472 2681 668 2724 omnes
700 2664 1096 2720 aﬂirmatioues
1127 2677 1192 2717 ac
1223 2660 1619 2732 denegationes
1638 2703 1652 2728 ,
1677 2676 1801 2730 qua:
1832 2658 2056 2730 aliquod

474 2757 791 2828 hujusmodi
819 2755 888 2810 de
917 2755 1006 2811 his
1029 2769 1152 2824 qua:
1186 2768 1295 2808 non
1333 2752 1580 2824 ejusdem
1609 2751 1816 2823 speciei
1847 2751 1936 2807 vel
1963 2764 2058 2822 ges

474 2848 626 2904 neris
642 2856 771 2904 sunt
787 2847 974 2902 dicere
993 2846 1342 2910 viderentur,
1359 2845 1552 2900 otiosa:
1569 2844 1929 2914 absurdaeque
1954 2859 2057 2914 pro

473 2937 706 3008 quaesito
732 2936 1028 2992 habentur.
1064 2934 1304 2992 Perinde
1331 2951 1395 2990 ac
1449 2934 1768 3004 si~quaasito
1821 2951 1892 2990 an
1944 2950 2056 2990 non

475 3028 768 3086 rationalis
789 3029 1108 3090 sit‘Paulus,
1140 3027 1247 3084 hoc
1278 3027 1502 3099 quidam
1534 3026 1800 3082 festinans
1823 3025 2053 3080 demon-
2082 3075 2126 3133 Β

475 3131 653 3178 strare
687 3118 1146 3177 scilicetnonesse
1167 3121 1490 3198 rationalem
1515 3161 1530 3184 ,
1579 3119 1790 3174 diceret
1832 3133 2053 3173 omnem

475 3213 716 3284 lapidem
747 3230 1077 3284 omnemque
1124 3212 1520 3283 nigritudinem
1573 3225 1684 3265 non
1719 3225 1843 3266 esse
1884 3211 2055 3266 ratio-

472 3307 644 3372 nalia;
688 3307 830 3374 nihil
869 3307 984 3362 ullo
1029 3305 1194 3360 modo
1223 3304 1522 3374 proposito'
1553 3301 1874 3373 prodesset;
1931 3304 2056 3374 jure

473 3414 609 3468 ergo
660 3397 730 3452 de
779 3399 886 3453 hoc
945 3396 1257 3460 rideretur,
1305 3410 1443 3450 cum'
1486 3395 1787 3466 generatim
1830 3395 2054 3466 quidem

475 3487 712 3543 alﬁrmet
743 3487 1038 3558 quemdam
1089 3501 1212 3541 non
1254 3503 1376 3543 esse
1431 3487 1759 3543 rationalem
1799 3489 1892 3544 sed
1947 3505 2058 3544 non

475 3578 724 3650 ejusdem
753 3579 982 3650 speciei.

547 3671 795 3728 Dicimus
817 3671 982 3744 igitur
1003 3688 1228 3744 quoque
1253 3672 1695 3744 nobismetipsis:
1719 3673 1911 3730 Omnis
1933 3687 2058 3746 pars

476 3782 578 3822 suo
596 3775 712 3823 toto
728 3765 913 3822 minor
933 3774 1052 3834 est;
1087 3767 1132 3822 si
1160 3775 1346 3822 autem
1375 3767 1637 3823 omnibus
1656 3768 1908 3837 partibus
1936 3783 2060 3838 qua:

478 3859 750 3914 uniuntur
791 3859 968 3931 majus
1019 3869 1196 3915 totum
1229 3859 1548 3930 agnoscitur
1573 3901 1589 3926 ,
1653 3859 1868 3930 hocque
1911 3859 2060 3930 quod

474 3951 720 4022 ejusdem
758 3949 979 4022 generis
1033 3951 1348 4022 specieique
1386 3966 1452 4006 ac
1508 3952 1614 4006 illa:
1660 3952 1846 4007 dicitis
1885 3953 2059 4006 Deum

477 4043 717 4099 Verbum
748 4059 892 4108 esse,
925 4045 1124 4100 merito
1163 4059 1234 4100 ex
1283 4043 1529 4114 generali
1562 4043 1924 4100 aﬂirmatione
1952 4043 2060 4114 ipsi

476 4135 726 4192 eamdem
766 4137 1174 4192 accusationem
1206 4135 1526 4207 imputatis,
1559 4135 1638 4190 ita
1684 4145 1745 4192 ut
1799 4143 2061 4205 tanquam

478 4228 666 4284 omnia
696 4227 947 4299 ejusdem
985 4227 1208 4300 generis
1251 4243 1318 4283 ac
1355 4227 1564 4298 speciei
1589 4241 1721 4299 pars
1754 4227 1954 4295 factus,
1986 4228 2061 4284 si-

479 4321 688 4376 militer
735 4322 1096 4393 semetipsum
1129 4318 1338 4376 habere
1371 4319 1518 4390 apud
1549 4335 1727 4378 suum
1760 4328 1935 4376 totum
1969 4331 2061 4375 re-

2163 1861 2328 1913 μενον
2357 1844 2390 1915 ἧ
2437 1845 2782 1917 παρασαῖνον
2808 1846 2901 1900 τὸν
2930 1846 3092 1916 λόγον
3133 1847 3249 1901 τῶν
3275 1851 3558 1920 ὁμοφυῶν
3584 1850 3764 1903 rho-3.

2160 1929 2289 1988 Οἷον
2315 1937 2365 1989 εἰ
2395 1937 2524 2008 περὶ
2543 1936 2778 1990 Παύλου
2808 1937 2904 1991 τοῦ
2931 1937 3234 2005 ἀνθρώπου
3272 1939 3516 2009 ζητοῖτο
3558 1942 3609 1992 εί
3637 1941 3766 2003 ζῶόν

2157 2028 2338 2093 ἐστιν,
2365 2030 2416 2100 ἠ,
2448 2029 2570 2082 καθ’
2600 2029 2724 2084 ὅλου
2755 2030 3067 2100 κατάφασις
3105 2030 3202 2084 τοὶ
3240 2032 3437 2095 emota;
3485 2032 3766 2102 φάσκουσι

2157 2123 2336 2176 πάντα
2362 2120 2652 2193 ἄνθρωπον
2673 2121 2812 2188 ζῶον
2841 2119 2986 2186 εἶναι
3013 2124 3394 2195 χρησιμεύσοι
3417 2124 3492 2178 ἂν
3515 2126 3654 2196 πρὸς
3675 2127 3762 2196 tif:

2157 2216 2510 2288 κατασκευὴν
2545 2215 2642 2271 τοῦ
2672 2217 3032 2289 ζητουμένου.
3081 2214 3330 2290 Ὁμοίως
3355 2219 3426 2272 δὲ
3465 2221 3566 2275 καὶ
3593 2221 3764 2286 ἐξετα-

2157 2309 2388 2378 ζομένου
2429 2311 2566 2381 ἡμῖν
2601 2312 2651 2362 ει
2698 2309 2914 2374 Παῦλος
2951 2303 3108 2374 οὗτος
3135 2310 3201 2364 ea
3227 2310 3382 2376 ζῶον
3429 2314 3600 2368 οὐσία
3633 2315 3758 2378 ἐπὶ,

2157 2400 2469 2474 πρόσφορος
2507 2400 2596 2472 εἴη
2643 2401 2711 2456 ἂν
2757 2404 2791 2472 ή
2839 2401 3070 2456 καθόλου
3107 2403 3442 2471 κατάφασις
3463 2406 3756 2474 mino-aer

2157 2495 2276 2548 Πᾶν
2306 2495 2447 2558 ζῶον
2484 2495 2662 2549 οὐσία.
2698 2494 2760 2548 El
2792 2493 2852 2546 δὲ
2883 2491 3238 2564 ἑτεφγενοῦς
3261 2511 3424 2558 τινος
3458 2497 3498 2567 ἢ
3543 2499 3754 2568 hspes:-

2155 2582 2282 2648 δοῦς
2327 2583 2558 2656 ζήτησις
2604 2584 2914 2657 πρόκειται,
2963 2586 3136 2638 πᾶσαι
3160 2585 3222 2638 αί
3264 2587 3638 2655 καταφάσεις
3673 2589 3755 2640 καὶ

2157 2677 2500 2748 ἀποφάσεις,
2530 2678 2655 2732 ὅσαι
2707 2677 2774 2732 ἂν
2817 2673 2929 2732 εἷεν
2976 2677 3052 2748 μὴ
3086 2679 3222 2748 περὶ
3261 2679 3386 2734 τῶν
3432 2682 3750 2752 ὁμοειῶπῆ

2155 2769 2439 2842 ὁμογενῶν
2470 2770 2589 2824 τόδε
2621 2784 2676 2824 τι
2721 2769 3006 2838 λέγουσαι,
3028 2771 3200 2840 ἀργαὶ
3221 2771 3327 2826 καὶ
3355 2773 3754 2844 ἀνόνητοικιθ-

2156 2862 2424 2932 εστήκασι
2446 2861 2585 2931 πρὸς
2608 2859 2670 2913 τὸ
2706 2859 3061 2930 ζητούμενον.
3089 2857 3217 2914 Οἷον
3238 2861 3600 2934 ζητουμένου
3635 2865 3681 2917 εἰ
3699 2865 3748 2916 ei.

2157 2953 2374 3022 λογικὸζ
2389 2955 2418 3007 ὁ
2448 2952 2678 3015 Παῦλος,
2697 2951 2858 3006 τοῦτό
2876 2971 2962 3017 τις
2990 2953 3320 3017 σπουδάζων
3349 2955 3749 3016 ἀποδεικνύειν,

2158 3045 2326 3116 ἤγουν
2378 3045 2460 3098 ὅτι
2499 3045 2601 3098 οὐκ
2656 3043 2774 3098 ἔστι
2811 3045 3056 3112 λογικὸς,
3085 3043 3262 3112 λέγοι,
3317 3048 3444 3110 Πᾶς
3491 3049 3643 3110 λίθος
3670 3048 3751 3098 21‘:

2161 3139 2312 3192 πᾶσα
2339 3136 2600 3208 μέλανσις
2621 3136 2834 3206 ἄλογος,
2858 3137 3014 3191 οὐδὲν
3034 3137 3271 3201 οὐδόλως
3299 3137 3387 3210 τῷ
3411 3141 3752 3210 προκειμένιρ

2159 3230 2504 3296 συνήγαγεν
2549 3225 2772 3290 εἰκότως
2810 3221 2906 3281 οὖν
2953 3226 3049 3280 ἐπὶ
3091 3225 3271 3297 τούτῳ
3301 3228 3710 3298 γελασθήσεται
3732 3246 3746 3258 ·

2158 3318 2282 3375 καθ’
2305 3319 2429 3373 ὅλου
2489 3319 2605 3390 μὲνι
2633 3319 3006 3390 καταφάσκων
3059 3319 3209 3384 τινὸς
3252 3319 3320 3373 τὸ
3378 3320 3606 3392 ἄλογον,
3649 3310 3767 3375 ἀλλ’

2159 3409 2535 3484 άνομοειδοῢς.
2549 3448 2557 3454 -

2229 3675 2538 3740 Φάσκοντες
2572 3671 2666 3730 οὖν
2694 3677 2790 3730 καὶ
2825 3677 3008 3748 ἡμεῖς,
3037 3677 3156 3732 Πᾶν
3187 3677 3383 3748 μέρος,
3411 3676 3644 3733 ἔλαττον
3665 3675 3746 3730 :03

2160 3765 2364 3820 οἰκείου
2387 3765 2532 3819 ὅλου·
2562 3766 2612 3819 εἰ
2641 3766 2744 3836 μὲν
2773 3753 2992 3821 πάντων
3036 3767 3148 3822 τῶν
3181 3769 3375 3840 μερῶν
3401 3763 3484 3824 ὧν
3515 3769 3746 3824 συντιθε-

2164 3855 2344 3926 μένων
2381 3856 2572 3928 μεῖξον
2594 3857 2656 3910 τὸ
2683 3857 2806 3912 ὅλον
2835 3859 3188 3928 γινώσκεται,
3222 3861 3319 3914 καὶ
3351 3861 3530 3916 τοῦτο
3553 3864 3746 3922 coiret;

2160 3947 2423 4018 ὁμογενὲς
2457 3949 2551 4002 καὶ
2595 3949 2840 4020 ὁμοειδές
2885 3967 3026 4019 φατε
3070 3942 3216 4006 εἶναι
3249 3948 3343 4008 τὸν
3375 3955 3520 4009 Θεὸν
3565 3957 3743 4023 Λόγον,

2162 4041 2346 4105 καλῶς
2371 4041 2472 4112 τὴν
2500 4041 2565 4095 ἐκ
2587 4041 2686 4112 τῆς
2719 4040 2951 4096 καθόλου
2984 4044 3357 4113 καταφάσεως
3378 4047 3587 4116 ὁμοίαν
3615 4047 3744 4116 αὐτῷ

2161 4134 2502 4206 κατηγορίαν
2545 4133 2814 4204 ὲπὰγετε,
2847 4134 2934 4190 ἵνα
2961 4134 3260 4199 ὡς’πάντα
3287 4139 3359 4193 τὰ
3385 4141 3634 4212 ὁμογενῆ
3665 4143 3743 4195 καὶ

2162 4224 2384 4294 ὁμοειδῆ
2433 4225 2600 4296 μέρος
2639 4225 2956 4296 γενόμενος,
2997 4226 3204 4296 ὁμοίως
3249 4227 3403 4299 ἔχειν
3451 4233 3558 4286 καὶ
3601 4233 3742 4294 uiti;

2163 4315 2303 4388 πρὸς
2325 4315 2384 4370 τὸ
2423 4317 2623 4370 οἰκεῖον
2665 4317 2786 4371 ὅλον
2824 4317 3233 4388 λογισθήσεται.
3289 4321 3355 4375 Εἰ
3395 4319 3465 4376 δὲ’
3507 4325 3667 4378 τοῦτο
3689 4323 3738 4375 ὠ

478 4422 725 4484 putetur.
760 4413 816 4471 Si
849 4430 984 4469 vero
1021 4413 1167 4469 hanc
1186 4412 1593 4484 blasphemiam
1624 4428 1738 4468 non
1773 4412 1894 4468 ausi
1933 4411 2057 4468 fue-

2167 4405 2470 4480 τολμήσετε
2491 4408 2555 4461 τὸ
2591 4407 2752 4463 ἄθεον
2782 4408 3212 4482 ἅπερεύξασθαι,
3236 4411 3326 4466 διὰ
3356 4414 3422 4467 τὸ
3457 4416 3541 4487 μὴ
3572 4418 3737 4487 φέρειν

481 4505 625 4573 ritis,
654 4505 726 4560 ob
756 4505 1198 4576 reprobans'vos
1222 4514 1613 4576 argumentum
1667 4505 1969 4576 impietatis
2003 4504 2061 4559 in

477 4611 579 4651 vos
611 4603 840 4666 repente
862 4595 1104 4662 irruens,
1135 4595 1286 4650 haud
1316 4602 1468 4650 recta
1487 4595 1706 4652 ratione
1733 4611 1830 4652 vos
1857 4597 2062 4654 dixisse

479 4696 678 4758 patet;
717 4685 990 4758 siquidem
1033 4687 1090 4740 in
1123 4685 1338 4742 caeteris
1366 4685 1716 4742 naturalibus
1739 4685 1847 4743 hoc
1869 4687 2061 4742 catho-

481 4775 590 4832 lice
628 4773 868 4840 sentitis,
889 4773 1250 4846 Verbumque
1285 4773 1342 4830 in
1377 4773 1547 4830 verbo
1580 4774 1730 4845 quod
1772 4789 1940 4845 supra
1967 4791 2066 4831 na-

480 4875 664 4924 turam
717 4882 998 4940 supraque
1045 4866 1152 4922 alia
1201 4867 1411 4924 eminet
1453 4873 1602 4923 recte
1648 4866 2060 4923 demonstratis.

479 4959 614 5016 inde
648 4968 834 5017 autem
862 4960 934 5016 ob
959 4959 1328 5031 reverentiam
1375 4960 1580 5016 unione
1610 4959 1970 5016 Divinitatem
1996 4959 2066 5014 li-

481 5053 677 5112 berare
715 5054 1066 5120 simulantes,
1093 5055 1208 5125 jam
1247 5054 1506 5126 injustius
1547 5053 1694 5109 hanc
1725 5051 2062 5122 contempsi-

481 5145 620 5211 stis,
669 5160 798 5201 cum
851 5143 993 5200 nihil
1047 5160 1216 5216 supra
1247 5145 1464 5215 reliqua
1518 5146 1744 5216 cognita
1781 5145 2064 5216 peculiare

483 5247 741 5292 naturam
775 5235 930 5292 illius
958 5235 1167 5292 habere
1191 5235 1581 5302 credideritis;
1623 5235 1751 5292 ideo
1777 5237 1932 5308 juxta
1965 5251 2066 5292 vos

480 5328 600 5400 ipse
628 5343 872 5400 quoque,
900 5327 1094 5384 eadem
1143 5328 1314 5384 verba
1347 5327 1608 5384 omnibus
1637 5329 1954 5400 imponens,
1993 5328 2063 5384 ad

481 5419 746 5476 unionem
769 5435 898 5476 cum
925 5419 1103 5476 altero
1135 5420 1402 5477 accedere
1431 5433 1637 5492 posset.

551 5513 658 5570 Ubi
675 5529 900 5584 quoque
920 5523 1050 5570 sunt
1079 5514 1283 5584 quibus
1314 5513 1394 5568 illi
1425 5513 1685 5570 unionem
1710 5514 2067 5586 denegabatis

483 5599 558 5654 ob
589 5600 766 5668 ipsius
809 5610 1066 5658 naturam
1105 5604 1415 5660 absimilem
1467 5613 1634 5674 atque
1679 5621 1846 5676 supra
1879 5607 2065 5662 omnia

485 5688 1022 5756 incomparabilem?
1051 5693 1158 5750 Sed
1193 5703 1364 5764 patet,
1401 5696 1456 5750 in
1489 5697 1694 5767 quibus
1737 5697 1941 5754 dicitur
1983 5698 2064 5753 l‘a-

2163 4499 2255 4553 τδν
2285 4498 2571 4568 λικμῶντα
2603 4499 2750 4571 ὑμᾶς
2784 4501 3006 4573 ἔλεγχον
3026 4503 3126 4573 τῆς
3160 4504 3424 4570 ἀσεϐείας
3458 4507 3738 4580 παραχρῆ-

2167 4589 2400 4664 μαοὺμῖν
2431 4593 2877 4666 ὲπισκήπτοντα.
2899 4591 3063 4666 δῆλον
3089 4598 3172 4652 ὅτι
3195 4596 3298 4652 οὐκ
3323 4598 3576 4668 εὐλόγως
3593 4618 3609 4630 ·
3639 4599 3741 4654 ἐπεὶ

2163 4686 2222 4738 ὲν
2267 4686 2384 4749 τοῖς
2417 4683 2604 4750 ἄλλοις
2640 4686 2933 4758 πράγμασι
2974 4690 3260 4758 φυσικοῖς,
3304 4689 3470 4744 τοῦτο
3533 4691 3738 4763 βλέπετε

2165 4777 2494 4842 καθολικῶς,
2528 4779 2624 4835 καὶ
2652 4779 2712 4834 ὲν
2740 4779 2818 4851 τῷ
2845 4779 2991 4852 ὑπὲρ
3019 4777 3183 4849 φύσιν
3209 4783 3307 4835 καὶ
3339 4783 3502 4854 παρὰ
3527 4785 3604 4838 τὰ
3626 4784 3741 4838 ἄλλα

2165 4869 2278 4924 ὄντι
2305 4869 2395 4924 τδν
2418 4869 2577 4940 λόγον
2604 4872 2788 4942 Λόγῳ,
2813 4871 2982 4927 τοῦτο
2993 4873 3174 4944 ὀρθῶς
3206 4874 3486 4944 φαίνεσθε.
3521 4874 3742 4930 Δῗιτὸθεν

2165 4962 2224 5016 δὲ
2245 4965 2297 5018 οἱ
2323 4961 2414 5017 διὰ
2437 4963 2608 5036 τιμὴν
2633 4963 3113 5037 προσποιούμενοι,
3139 4964 3241 5035 τῆς
3269 4963 3583 5031 συνθέσεως
3614 4967 3743 5020 ἐλίν-

2168 5055 2363 5127 θεροῦν
2392 5055 2456 5110 τὺ
2488 5055 2668 5120 Θεῖον,
2686 5052 2793 5128 ἧδὴ
2823 5055 2946 5110 λίαν
2971 5056 3229 5126 ἁθὲσμως
3265 5057 3400 5110 αὐτὸ
3427 5058 3743 5128 ἠτιμάσατε.

2167 5145 2404 5214 οἰόμενοι
2435 5145 2602 5216 μηδὲν
2631 5145 2774 5218 ἔχειν
2799 5147 2901 5215 τὴν
2921 5145 3089 5200 αὐτοῦ
3114 5145 3276 5216 φῦσιν
3307 5146 3595 5218 ἐξαίρετον
3616 5147 3744 5216 παρὰ

2165 5237 2234 5290 τὰ
2263 5236 2428 5291 λοιπὰ
2457 5239 2678 5308 γνωστά
2696 5255 2710 5268 ’
2735 5238 2816 5292 διὸ
2836 5236 3054 5292 δύναιτο
3082 5237 3149 5293 ἄν
3181 5237 3305 5292 καθ’
3337 5240 3507 5310 ὑμᾶς,
3541 5242 3745 5312 ὁμοίους

2165 5328 2364 5398 λόγους
2390 5331 2508 5394 τοῖς
2530 5333 2699 5384 πᾶσιν
2727 5331 3196 5402 εἰσπραττόμενος
3257 5333 3354 5386 καί
3384 5331 3527 5406 πρός
3575 5333 3744 5387 σύνθεο

2168 5439 2254 5476 σιν
2281 5421 2439 5492 ἥκειν
2477 5422 2572 5476 καὶ
2602 5421 2762 5486 αὐτὸς
2793 5421 2893 5476 σὺν
2922 5421 3116 5493 ἑτέρῳ.

2239 5515 2352 5568 Καὶ
2383 5513 2487 5568 ποῦ
2519 5513 2674 5586 ὑμῶν
2692 5515 2750 5570 αἱ
2771 5513 3138 5586 προκείμεναι
3159 5514 3574 5587 ἀπαγορεύσας
3601 5512 3744 5571 αὖτῶ

2167 5608 2266 5677 τῆς
2299 5606 2608 5670 συνθέσεως
2625 5647 2642 5674 ,
2671 5605 2761 5660 διὰ
2785 5605 2846 5660 τὸ
2874 5605 3210 5677 ἀσύγκριτον
3242 5607 3342 5662 καὶ
3370 5607 3745 5679 ἀπαράδλητον

2169 5697 2334 5754 αὖτοῦ
2369 5699 2466 5772 τῆς
2521 5699 2736 5770 φύσεως
2786 5696 2938 5768 παρὰ
2974 5697 3194 5766 πάντας
3240 5699 3406 5753 Ἀλλά
3453 5699 3739 5771 δῆ>.ον,ετ›;
