3876 6310
131 285 290 352 ιλιι
1194 298 1588 361 ADVERSUS
1626 300 1741 360 NE!

1861 303 2156 366 DRIANOS
2206 334 2273 342 -υ
2301 307 2446 367 LIB.
2481 308 2538 370 ’ῐ.
3313 307 3467 374 Τἐῆ

131 402 244 454 καὶ
282 402 386 472 ἐφ’
423 394 516 457 ὧν
557 403 776 475 λέγοιτό
803 423 854 458 τι
899 406 1071 458 ποιεῖν
1101 405 1133 476 ἢ
1165 407 1394 477 πάσχειν
1427 408 1558 470 Θεὸς
1589 408 1617 460 ὁ
1650 409 1741 461 ὐπέ

1891 427 2017 468 cere
2047 416 2133 469 vel
2164 417 2276 484 pati
2306 417 2450 471 Deus
2476 416 2571 485 qui
2597 432 2762 487 supra
2793 432 2895 472 nos
2917 425 3022 483 est,
3047 434 3158 475 non
3181 419 3327 475 sicut
3361 437 3464 476 nos

130 492 336 563 ἡμᾶς,
371 497 492 568 οὐχ
547 498 753 567 ὁμοίως
786 499 918 568 ἡμῖν
945 499 1002 551 ὲν
1027 499 1204 551 τοῖσδε
1255 498 1565 569 θεωρεῖται,
1598 501 1648 552 εί
1691 517 1741 553 κι

1889 506 1944 560 in
1979 507 2066 563 his
2086 523 2220 562 eum
2248 508 2450 572 videri,
2489 509 2590 563 etsi
2624 510 2712 564 his
2755 509 2941 565 verbis
2982 525 3011 563 a
3052 511 3216 566 nobis
3254 527 3464 581 suppo-

123 586 262 647 τοῖς
298 587 524 651 αὐτοῖς
559 590 693 658 ἡμῖν
718 587 1042 643 ὑποϐάλοιτο
1069 588 1270 656 λόγοις,
1301 589 1463 643 τινῶν
1478 590 1741 660 γινομένιι

1886 604 2068 662 natur,
2099 614 2224 653 cum
2249 600 2686 668 quadam-causa
2708 609 2911 655 nostrae
2931 601 3126 656 salutis
3142 603 3298 672 juxta
3315 615 3467 658 uaco-

123 677 271 728 κατ⁹
309 679 669 748 οἰκονομίαν
699 679 865 733 αὑτοῦ
885 720 900 744 ,
932 681 1012 742 εἰς
1039 679 1320 750 σωτηρίαν
1342 679 1741 751 ήμῶν-διαφόρ

1883 687 2125 741 nomiam
2159 689 2336 758 ipsius
2356 689 2541 756 ’ilunt;
2582 689 2695 760 agit
2729 691 2876 745 enim
2901 689 3125 746 diverso
3154 691 3338 756 modo,
3363 691 3463 746 sed

124 766 257 837 γὰρ
290 770 520 840 τρόπῳ
574 771 822 839 ἀναλόγῳ
867 770 968 840 τῆς
1005 771 1141 835 ἰδίας
1163 770 1399 840 φύσεως.
1431 771 1645 842 Ὥσπερ
1673 773 1741 839 γὰ

1881 788 2256 835 consentaneo
2274 782 2510 852 pr0prias
2524 790 2759 836 natura.
2779 781 3027 852 Namque
3048 782 3194 837 sicut
3213 783 3461 853 genitum

125 860 242 912 καὶ
301 864 542 933 ’γεννᾷν
585 862 788 931 ὁμοίως
823 864 954 932 ἡμῖν
1003 861 1299 932 λεγόμενος
1340 861 1435 915 καὶ
1463 861 1777 930 γεννᾶσθαι,

125 954 243 1023 οὔχ
288 954 657 1027 ὁμοτρόπως
706 956 904 1023 πάντη,
938 955 1074 1008 ἀλλὰ
1115 955 1210 1008 καὶ⁸
1237 954 1378 1028 ὑπὲρ
1419 955 1607 1025 ἡμᾶς’
1637 953 1781 1008 οὕτω

117 1041 242 1094 *καὶ
280 1043 732 1114 συντιθέμενος,
763 1047 820 1097 ὲν
854 1044 1125 1114 κρείττονι
1149 1045 1292 1115 λόγῳ
1322 1045 1432 1098 τῶν
1463 1044 1585 1098 καθ’
1607 1045 1774 1114 ἡμᾶς.

128 1133 292 1187 Οὐδὲ
331 1136 457 1206 γὰρ
493 1138 555 1188 ὲν
585 1138 696 1198 τοῖς
715 1136 995 1206 φθαρτοῖς,
1017 1139 1064 1190 εἰ
1091 1137 1181 1190 καὶ
1206 1137 1417 1204 λέγοιτο
1443 1136 1536 1188 ἐπὶ
1561 1135 1778 1188 πάντων

129 1223 433 1288 σύνθεσις
455 1268 474 1291 ,
505 1229 535 1278 ὁ
562 1227 724 1289 αὐτὸς
768 1226 924 1295 λόγος
957 1228 1051 1279 καλ⁸
1079 1228 1280 1297 τρόπος
1319 1227 1412 1280 ἐπὶ
1440 1227 1622 1296 πάσης
1655 1243 1777 1278 συν-

475 1317 599 1369 ἀλλ⁹
655 1317 870 1379 οἰκείως
930 1317 1045 1388 ἔχει
1097 1319 1191 1373 ἐπὶ
1248 1319 1484 1388 ἑκάστης
1539 1317 1774 1386 φύσεως.

143 1404 478 1474 fresh-81:
509 1407 603 1460 νῦν
631 1409 706 1471 ὡς
741 1409 840 1479 τῆς
865 1410 1040 1479 αὐτῆς
1065 1411 1196 1464 ὄντα
1228 1411 1319 1463 τὸν
1351 1409 1484 1463 Θεὸν
1521 1411 1634 1471 τοῖς
1661 1425 1776 1461 κτι-

105 1499 310 1560 τστοτς
329 1500 592 1562 οὐσίας,
611 1499 714 1552 ὑπὸ
740 1500 847 1553 τῶν
877 1501 1057 1555 αὐτῶν
1081 1501 1148 1554 τὰ
1177 1502 1268 1554 καὶ
1297 1500 1507 1564 τούτοις
1539 1499 1772 1570 συμϐαί-

105 1605 350 1654 -νοντα,
398 1591 510 1642 καὶ
539 1591 688 1659 αὐτῷ
717 1591 945 1644 ἕπεσθαι
971 1589 1244 1661 νομίζετε.
1281 1591 1466 1661 Μόνην
1491 1587 1584 1646 οὖν
1619 1591 1772 1644 ἔσται

133 1684 300 1733 νοεῖν
363 1681 507 1733 καθ’
555 1681 698 1750 ὑμᾶς
755 1681 972 1750 φύσεως
1025 1681 1176 1746 θείας
1229 1681 1629 1753 μακαριότητα,
1675 1680 1772 1751 τὴν

135 1771 428 1826 ἔκκλισιν
479 1790 539 1825 τε
582 1773 676 1826 καὶ
715 1774 1042 1844 παραίτησιν
1066 1774 1237 1844 αὐτῆς
1269 1775 1367 1844 τὴν
1402 1774 1510 1827 ἀπὸ
1542 1773 1649 1827 τῶν
1679 1773 1768 1826 δο-

139 1864 422 1917 κούντων
458 1865 860 1935 εὐτελεστέρων
881 1868 976 1920 καὶ
1002 1865 1496 1937 ταλαιπωροτέρων
1528 1865 1624 1920 καὶ
1652 1868 1770 1918 ἀτι-

144 1960 294 2028 μοτέ
305 1977 434 2030 ρων
483 1959 778 2012 διαθέσεων
803 1999 817 2023 ,
871 1960 932 2012 οὐ
963 1959 1060 2030 τὴν
1091 1960 1234 2013 κατά
1276 1959 1440 2028 φύσιν
1477 1958 1574 2012 καὶ
1615 1959 1767 2028 ἰσχὺν

141 2051 409 2121 οὺσιὼδη
456 2052 564 2103 τῶν
590 2049 848 2103 τοιούτων
888 2052 1163 2120 ὑπεροχὴν
1192 2052 1284 2103 καὶ
1307 2050 1642 2120 ἐλευθερίαν,
1675 2050 1768 2102 καὶ

141 2143 220 2196 τὸ
246 2145 405 2214 πρὸς
435 2144 537 2207 τάς
583 2143 840 2206 τοιαύτας
876 2144 1242 2208 ταπεινώσεις
1276 2145 1550 2208 ούσιωδῶς
1595 2144 1767 2214 ἀμέθ-

141 2251 325 2290 εκτον
356 2235 467 2289 καὶ
488 2236 877 2304 ἁνυπόϐλητον.
895 2234 1053 2290 Οὕτω
1080 2237 1124 2289 δ’
1151 2232 1243 2290 οὖν
1269 2237 1390 2305 ὥρα
1415 2238 1556 2308 ὑμᾶς
1586 2237 1680 2289 καὶ
1706 2236 1767 2289 τὺ

143 2329 415 2398 ἀόρατον
450 2327 637 2390 αὐτοῦ,
678 2329 754 2397 μὴ
781 2329 843 2379 ὲκ
884 2327 1117 2401 (λύσεως,
1153 2328 1267 2381 ἀλλ’
1299 2329 1356 2395 ἐξ
1402 2327 1766 2400 ἁποκρύψεώς

402 2421 861 2490 ἀντιφράττοντος
937 2419 1084 2490 αύτῷ
1162 2421 1300 2492 πρὸς
1381 2423 1564 2475 πᾶσαν
1641 2421 1765 2491 ὄψιν

132 1313 402 1380 θέσεως,

145 2437 313 2484 τινος

150 2514 548 2568 ὑποπτεύειν·
570 2514 665 2566 καὶ
699 2516 757 2568 τὺ
787 2517 1063 2586 ἄςθαρτον
1096 2516 1203 2586 ἄρα
1237 2515 1414 2576 τοῦδε,
1446 2515 1523 2583 τῷ
1557 2514 1630 2584 μὴ
1655 2533 1762 2568 πα-

145 2606 500 2677 ρεμϐαλεῖν,
526 2607 640 2659 ἀλλ’
667 2607 1032 2677 ἀφεστηκέναι
1063 2608 1172 2661 τῶν
1213 2609 1343 2677 παρ’
1371 2609 1504 2677 ἡμῖν
1537 2606 1762 2678 φθαρτι-

153 2696 278 2749 κῶν
314 2698 526 2759 τόπων,
558 2697 654 2750 καὶ
701 2699 869 2752 ποιῶν
916 2699 1103 2751 παθῶν
1137 2716 1194 2751 τε
1229 2699 1322 2752 καὶ
1351 2697 1640 2768 ἐνεργειῶν
1669 2699 1762 2750 καὶ

143 2787 365 2850 ἁπλῶς
427 2789 609 2858 πάσης
663 2791 762 2857 τῆς
794 2789 914 2842 κατ’
972 2789 1138 2842 αὑτοῦ
1209 2788 1544 2858 ἐπιϐουλῆςο
1601 2788 1762 2841 τοῦτο

156 2875 260 2932 οῦν
315 2879 444 2932 δέον
477 2881 592 2932 ἐστὶ
629 2884 769 2934 νοεῖν
798 2881 972 2950 ὑμᾶς,
1029 2881 1091 2934 τὸ
1125 2881 1220 2934 καὶ
1265 2881 1570 2952 μειρακίοις
1602 2880 1761 2950 εὔδη-

145 2969 280 3024 λον.
341 2971 422 3031 ὼς
482 2963 556 3023 ὧν
610 2975 663 3023 αἱ
717 2971 909 3038 φύσεις
968 2972 1235 3042 διάφοροι,
1303 2971 1508 3026 τούτων
1560 2973 1652 3026 καὶ
1701 2975 1756 3027 at!

148 3060 460 3122 συνθέσεις
485 3077 499 3090 ο
540 3061 634 3125 καὶ
659 3061 726 3114 τὰ
759 3061 983 3124 ταύταις
1005 3062 1384 3132 παρεπόμενα,
1412 3063 1668 3133 διάφορα.

233 3152 376 3213 Πῶς
400 3147 564 3211 οὖνεί
588 3152 648 3204 τὸ
667 3153 924 3222 διάφορον
945 3153 1043 3222 τῆς
1067 3153 1216 3216 θείας
1237 3154 1455 3222 φύσεως
1481 3155 1556 3226 μὴ
1578 3158 1758 3227 ἀρνεῖ-

159 3243 261 3295 σθε
297 3241 449 3311 πρὸς
475 3244 646 3312 ἡμᾶς,
667 3244 748 3324 ,τὸ
774 3245 962 3315 ὅμοιον
989 3246 1089 3314 τῆς
1118 3245 1421 3308 συνθέσεως
1449 3247 1620 3316 αὐτῆς
1647 3249 1756 3300 ἀπο

160 3337 385 3389 αιτεῖτε
441 3333 567 3386 καθ’
609 3336 791 3404 huic;
851 3337 992 3389 Ἀλλ’
1029 3336 1198 3399 ὄντως
1231 3336 1292 3389 τὸ
1321 3336 1496 3400 οὕτως
1532 3337 1754 3392 εύκολον

163 3425 326 3495 ὑμῶν
392 3425 472 3487 είς
517 3425 778 3479 ἀσέϐειαν
829 3427 1156 3498 φρίξαντες,
1234 3427 1345 3480 δεῖν
1411 3429 1557 3499 ὑμᾶς
1619 3431 1753 3483 ὑπο-

164 3516 512 3585 μιμνήσκειν
560 3517 887 3585 νομίζομεν,
940 3519 1022 3571 ὅτι
1061 3521 1471 3590 γραμματικοῖς
1509 3520 1611 3590 μὲν
1647 3523 1752 3590 φά-

166 3623 370 3658 σκουσι
407 3606 818 3675 σεσημειῶσθαί
848 3626 969 3662 τινα
998 3609 1144 3676 λέξιν
1175 3613 1232 3663 ἐν
1259 3613 1376 3674 τοῖς
1434 3611 1587 3675 ἰδίοις
1616 3613 1752 3665 καθ-

163 3698 382 3758 ολικοῖς
430 3697 640 3764 κανόσι,
665 3699 1106 3770 παραχωροῦμεν
1150 3701 1244 3754 καὶ
1281 3702 1624 3773 ἀνεχόμεθα,
1677 3704 1750 3774 μὴ

168 3788 532 3857 προτιθέντες
562 3791 660 3859 τῆς
686 3791 938 3862 χρήσεως
966 3791 1057 3844 τὸν
1083 3794 1288 3847 κανόνα
1311 3813 1321 3826 ·
1372 3795 1614 3864 προτέρα
1641 3796 1752 3866 γὰρ

168 3881 316 3950 αὕτη
335 3899 348 3912 ⁸
395 3883 490 3935 καὶ
520 3882 628 3954 γὰρ
660 3887 686 3936 ὁ
710 3885 890 3938 κανὼν
917 3889 1014 3956 τῆς
1041 3888 1360 3955 ἀναλογίας,
1397 3891 1461 3942 ὲκ
1490 3892 1588 3960 τῆς
1615 3895 1752 3961 χρή-

171 3992 314 4037 σεως
342 3972 572 4044 εὓρηται
599 3975 782 4039 αὐτοῖς
801 3992 814 4004 °
849 3977 942 4028 καὶ
967 3979 1063 4047 οὐχ
1090 3980 1122 4048 ἡ
1147 3980 1366 4050 χρῆσις,
1392 3983 1455 4033 ἐκ
1474 3981 1566 4034 τοῦ
1592 3983 1751 4035 κανό-

169 4083 261 4128 νος
291 4064 578 4134 εἴληπται·
609 4066 705 4118 καὶ
735 4066 948 4136 βασιλεῖ
972 4070 1098 4132 τοὺς
1123 4069 1320 4140 νόμους
1349 4071 1745 4142 ὑποτάττομεν,

169 4157 232 4208 οὐ
264 4157 378 4218 τοῖς
408 4157 593 4225 νόμους
627 4157 717 4208 τὸν
746 4157 993 4226 βασιλέα.
1025 4159 1128 4212 Τὸν
1155 4161 1211 4214 δὲ
1236 4163 1370 4217 Θεὸν
1399 4163 1490 4216 τὸν
1516 4167 1621 4234 πρὸ
1644 4167 1748 4220 πά-

173 4263 274 4313 σης
320 4263 377 4298 τε
435 4247 700 4311 κτίσεως,
762 4249 854 4301 καὶ
910 4250 1092 4320 πάσης
1138 4254 1441 4318 συνθέσεως
1486 4256 1742 4328 εὑρετὴν,

169 4335 344 4400 οὕτως
373 4338 634 4407 ἀξιοῦμεν
671 4339 744 4409 μὴ
776 4339 1037 4394 δύνασθαι
1073 4344 1223 4414 παρὰ
1255 4347 1382 4410 τοὺς
1411 4348 1580 4402 πάλαι
1611 4350 1743 4403 ταύ-

1807 1743 1848 1798 Β

1880 877 2184 942 natumque
2203 871 2381 927 fuisse
2411 872 2617 926 dicitur
2651 871 2844 926 eodem
2892 870 3056 927 modo
3093 886 3158 926 ac
3195 886 3318 936 nos,
3349 885 3461 925 non

1884 969 2064 1017 tamen
2095 964 2322 1018 omnino
2355 963 2575 1029 eodem,
2608 965 2703 1020 sed
2739 977 2794 1020 et
2822 980 2990 1034 supra
3025 981 3128 1020 nos
3151 1005 3166 1029 ,
3215 964 3298 1020 sic
3324 978 3463 1035 quo-

1870 1069 1986 1123 que
2036 1058 2242 1123 nnitus,
2306 1060 2358 1114 in
2416 1063 2640 1120 meliore
2687 1076 2836 1128 sorte
2864 1083 3024 1140 quam
3061 1088 3176 1130 nos
3225 1075 3450 1138 dicitur.

1882 1140 1992 1195 Nec
2028 1144 2172 1196 enim
2216 1148 2267 1199 in
2297 1146 2428 1215 ipsis
2471 1153 2944 1222 corruptibilibus,
2996 1161 3098 1214 etsi
3148 1162 3216 1216 de
3268 1169 3448 1222 omni-

1881 1227 1984 1282 bus
2038 1231 2176 1284 l'acta
2217 1233 2383 1290 fuisse
2438 1238 2650 1294 dicatur
2707 1242 2876 1311 unio,
2943 1248 3136 1303 eadem
3195 1253 3332 1308 ratio
3393 1265 3450 1310 et

1870 1316 2022 1371 idem
2075 1322 2264 1376 modus
2337 1326 2557 1381 unionis
2631 1342 2963 1399 servantur,
3039 1339 3134 1392 sed
3193 1339 3244 1393 in
3313 1357 3450 1395 una-

1879 1419 2098 1474 quaque
2149 1409 2363 1478 jnatura
2425 1415 2644 1483 proprie
2714 1432 2775 1473 se
2838 1421 3060 1478 habent.
3137 1425 3245 1479 Vos
3317 1443 3444 1483 vero

1883 1507 2028 1547 nunc
2091 1494 2255 1552 Deum
2318 1499 2556 1568 ejusdem
2638 1507 2953 1565 substantiae
3028 1527 3094 1566 ac
3165 1527 3447 1570 creaturas

1873 1597 2038 1650 esse,
2094 1600 2270 1656 exque
2338 1591 2528 1647 iisdem
2599 1597 2680 1651 his
2724 1606 2780 1653 et
2845 1602 2917 1654 illi
2974 1605 3272 1658 accidentia
3323 1622 3449 1661 eve-

1888 1675 2006 1732 nire
2061 1678 2404 1738 existimatis.
2456 1683 2614 1741 Juxta
2663 1703 2756 1744 vos
2796 1691 3074 1749 beatitudo
3103 1696 3278 1751 divina
3309 1699 3444 1753 nih:l

1880 1768 2024 1823 aliud
2055 1772 2159 1824 erit
2201 1789 2365 1842 quam
2420 1779 2648 1843 privatio
2697 1789 2750 1835 et
2833 1785 3022 1840 vitatio
3070 1800 3256 1842 eorum
3327 1807 3445 1860 qua:

1876 1861 2136 1918 videntur
2213 1866 2453 1934 viliora,
2525 1871 2813 1928 humiliora
2878 1887 3039 1946 atque
3091 1881 3442 1947 ignobiliora;

1881 1971 1990 2012 non
2057 1967 2239 2014 autem
2295 1975 2357 2014 ea
2401 1977 2518 2030 quae
2570 1966 2732 2020 habet
2786 1977 3031 2022 naturam
3063 2010 3076 2032 ,
3142 1973 3435 2039 potentiam

1880 2047 2251 2102 essentialiter
2300 2066 2419 2118 qua:
2454 2053 2760 2119 huiusmodi
2799 2066 2926 2110 sunt
2954 2070 3320 2127 superantem,
3375 2061 3442 2113 li-

1876 2133 2177 2199 bertatem,
2213 2137 2470 2205 quodque
2521 2154 2641 2193 cum
2677 2143 2981 2210 hujusmodi
3013 2148 3306 2202 humilibus
3337 2165 3438 2204 nec

1879 2221 2142 2275 constitui
2172 2236 2274 2276 nec
2301 2227 2532 2296 supponi
2562 2239 2759 2296 potest.
2788 2230 2867 2284 ita
2896 2247 3041 2288 nunc
3064 2234 3227 2304 igitur
3255 2237 3442 2290 invisi-

1868 2331 2136 2386 bilitatem
2168 2333 2342 2403 ipsius
2369 2349 2481 2387 non
2529 2350 2596 2388 ex
2639 2346 2835 2390 natura
2883 2349 3028 2398 esse,
3057 2332 3151 2387 sed
3193 2348 3258 2386 ex
3300 2331 3445 2386 facto

1866 2423 2149 2494 cujusdam
2183 2425 2541 2494 semetipsum
2583 2426 2731 2480 omni
2779 2432 3005 2494 aspectu
3060 2417 3446 2479 Subtrahentis

1866 2514 2255 2584 suspicamini;
2282 2517 2664 2586 munditiaque
2693 2516 2865 2586 ipsius
2893 2533 3001 2571 non
3021 2523 3165 2571 esset
3187 2531 3250 2569 ex
3272 2514 3442 2574 intus.

1865 2607 1957 2660 sed
1988 2623 2054 2662 ex
2086 2609 2393 2664 remotione
2428 2626 2456 2664 a
2489 2611 2625 2664 locis
2655 2626 2758 2664 nos
2799 2610 3202 2680 polluentibus,
3228 2607 3443 2678 passio-

1862 2695 2026 2750 nibus
2051 2737 2065 2760 ,
2128 2699 2548 2768 operationibus
2595 2701 3036 2770 simpliciterque
3078 2699 3151 2752 ab
3183 2698 3446 2752 omnibus

1863 2797 2055 2842 contra
2083 2790 2261 2859 ipsum
2291 2794 2500 2862 paratis
2531 2793 2768 2848 insidiis.
2825 2792 2938 2847 Hoc
2965 2801 3051 2847 est
3092 2791 3262 2861 igitur
3293 2789 3443 2860 quod

1860 2880 2170 2951 intelligere
2201 2884 2438 2946 debetis,
2477 2886 2733 2956 quodque
2753 2885 2920 2940 etiam
2948 2884 3196 2955 parvulis
3212 2883 3444 2939 evidens

1860 2984 1963 3038 est,
1993 2990 2228 3046 quorum
2259 2983 2472 3030 naturae
2498 2976 2766 3031 diﬂ‘erunt
2794 2978 2994 3031 horum
3036 2992 3257 3046 quoque
3284 2974 3444 3030 unio-

1859 3081 1990 3132 nes;
2023 3082 2252 3136 quaeque
2272 3067 2396 3121 illas
2414 3075 2848 3136 consequuntur.

1929 3156 2217 3222 Quomodo
2249 3157 2499 3228 igitur,si
2557 3157 2927 3212 diﬂ‘erentiam
2975 3165 3190 3211 natura:
3239 3155 3440 3210 divinze

1857 3261 1969 3299 non
2001 3245 2214 3316 negatis
2245 3244 2444 3310 nobis,
2497 3245 2920 3300 similitudinem
2960 3245 3183 3299 unionis
3209 3243 3328 3314 ejus
3355 3242 3441 3295 in-

1856 3336 2066 3391 vocatis
2090 3345 2283 3391 contra
2317 3336 2454 3390 nos?
2487 3335 2592 3390 Sed
2620 3350 2749 3389 vere
2773 3351 2844 3389 ne
2872 3334 2986 3389 cito
3012 3334 3068 3387 in
3095 3333 3437 3403 impietatem

1855 3428 2209 3498 abripiamini
2249 3429 2525 3493 timentes,
2555 3445 2653 3484 vos
2691 3428 2971 3483 recordari
3002 3427 3278 3489 volumus,
3300 3425 3440 3479 scri-

1855 3520 2105 3587 ptoribus
2159 3521 2398 3589 aliquam
2453 3520 2748 3575 lectionem
2806 3519 2861 3573 in
2916 3519 3034 3574 suis
3087 3515 3438 3588 generalibus

1855 3609 2059 3677 regulis
2088 3609 2388 3678 signiﬁcari
2441 3609 2844 3672 asserentibus,
2906 3625 3008 3662 nos
3036 3607 3236 3663 cedere
3271 3615 3437 3674 atque

1857 3699 2143 3768 indulgere
2169 3740 2183 3764 ,
2226 3715 2293 3753 eo
2321 3700 2466 3768 quod
2504 3701 2820 3754 auctoritati
2887 3700 3129 3769 regulam
3161 3713 3269 3751 non
3297 3707 3436 3759 phr-

1855 3792 2161 3858 posuimus.
2187 3792 2281 3844 illa
2304 3791 2452 3845 enim
2479 3793 2631 3860 prior
2663 3799 2766 3846 est.
2802 3791 3051 3859 Namque
3081 3789 3266 3858 regula
3299 3803 3435 3841 ana-

1853 3881 2009 3951 logiae
2040 3882 2124 3935 his
2156 3897 2220 3936 ex
2246 3882 2572 3937 auctoritate
2598 3882 2876 3935 invenitur
2899 3898 2914 3946 ;
2950 3896 3060 3934 non
3086 3894 3217 3933 vero
3241 3886 3436 3933 aucto-

1854 3975 1989 4027 ritas
2015 3989 2080 4026 ex
2103 3974 2288 4043 regula
2308 3973 2566 4027 sumitur.
2603 3973 2696 4027 Sic
2719 3972 2830 4043 regi
2851 3972 2998 4042 leges
3025 3971 3432 4041 postponimus,

1852 4081 1962 4120 non
1993 4065 2210 4135 legibus
2242 4082 2446 4136 regem.
2480 4067 2651 4120 Deum
2675 4074 2858 4120 autem
2886 4073 3014 4118 ante
3038 4079 3258 4118 omnem
3281 4079 3436 4118 crea-

1853 4156 2060 4210 tionem
2103 4167 2269 4227 atque
2305 4157 2566 4211 unionem
2613 4157 2982 4221 inventorem,
3011 4163 3213 4226 praeter
3243 4155 3435 4209 solitas

1849 4250 1970 4319 ejus
1992 4249 2161 4321 leges,
2187 4265 2313 4304 cum
2339 4248 2600 4314 voluerit,
2637 4249 2787 4303 uniri
2830 4264 2938 4302 non
2965 4262 3126 4318 posse
3153 4245 3435 4302 existima-

1849 4341 2012 4395 mus?
2040 4342 2135 4397 Vel
2157 4341 2366 4412 aliquid
2390 4343 2670 4398 recentius
2697 4357 2760 4397 ac
2790 4338 3210 4396 convenientius
3238 4335 3432 4393 unioni

169 4446 270 4498 της
293 4429 489 4499 νόμους
517 4429 853 4500 βουληθέντα
879 4432 1255 4501 συντίθεσθαι,
1315 4435 1672 4511 ἧκαινότερόν
1689 4461 1740 4496 τι

1861 4443 2034 4487 :ontra
2065 4433 2243 4502 ipsum
2273 4436 2675 4503 prmscribere?
2703 4434 2994 4501 Quomodo
3039 4446 3268 4502 quoque
3311 4429 3430 4484 haec

169 4519 264 4572 καὶ
299 4519 632 4592 ἰδικώτερον,
668 4524 733 4592 τῇ
767 4522 888 4575 κατ’
911 4523 1076 4576 αὑτὸν
1110 4527 1360 4580 συνθέσει
1390 4531 1737 4601 νομοθετετνς

169 4612 279 4663 Καὶ
331 4611 447 4674 πῶς
492 4610 667 4664 ταῦτα
715 4611 878 4664 πάλιν
927 4613 1027 4666 οὐκ
1075 4615 1155 4688 εκίς
1192 4616 1292 4686 τὴν
1331 4621 1737 4690 προειρημένην

168 4702 312 4770 ὑμᾶς
361 4702 747 4756 ἀποκλείουσιν
795 4703 1018 4770 ἀθεΐαν;
1085 4704 1192 4758 Τοῦ
1246 4708 1381 4777 μηδὲ
1426 4711 1489 4762 ἐκ
1551 4711 1624 4781 μὴ
1653 4712 1740 4764 ὀν-

166 4794 366 4846 τωνοῦν
397 4795 630 4866 ποιητὴν
659 4790 802 4847 εἶναι
833 4795 1080 4861 δοξάζειν
1109 4798 1201 4850 τὸν
1227 4798 1320 4852 τοῦ
1347 4801 1548 4865 παντὸς
1573 4805 1740 4874 Δημι-

166 4888 360 4955 ιυργδν
415 4884 506 4937 τὸν
559 4887 652 4938 καὶ
698 4887 1055 4957 σαρκωθέντα
1097 4889 1270 4957 Λόγον
1314 4891 1738 4961 ἀκαταλήπτως,

165 4976 229 5036 Τί
259 4975 316 5030 δὲ
362 4976 458 5029 καὶ
501 4977 646 5047 μόνῳ
682 4978 858 5049 τούτῳ
901 4979 1002 5049 τῆς
1043 4978 1384 5050 θεοπρεποῦς
1433 4983 1739 5050 συνθέσεως

167 5069 494 5139 ὲνεσκέψατε
525 5068 601 5138 τῷ
632 5068 969 5140 θαυμαστῷ,
1018 5073 1066 5124 εί
1098 5073 1208 5140 ἄρα
1240 5074 1433 5143 μηδενὶ
1463 5075 1570 5129 τῶν
1597 5078 1738 5148 ὑπὲρ

168 5157 321 5224 λόγον
374 5160 468 5210 καὶ
519 5159 682 5226 φύσιν
727 5161 1008 5230 ἡμετέραν
1066 5163 1396 5230 πιστεύετε;
1464 5167 1574 5220 Καὶ
1625 5169 1737 5237 γὰρ

170 5251 257 5301 xai
282 5249 476 5312 ἄλλους
509 5250 641 5320 ὑμῖν
672 5250 865 5318 λόγους
894 5253 1362 5326 παραδοξοτέρους
1391 5259 1736 5328 κηρύττομεν

171 5341 300 5394 κατὰ
320 5341 479 5408 τήνδε
505 5341 601 5394 καὶ
626 5343 754 5412 περὶ
776 5342 937 5412 τῆσδε
959 5343 1060 5414 τῆς
1084 5345 1223 5416 ὑπὲρ
1248 5346 1410 5416 φύσιν
1434 5348 1585 5414 θείας
1607 5352 1734 5404 ἐνὼ-

173 5449 334 5496 σεωξ·
387 5435 482 5487 καὶ
529 5434 638 5504 γὰρ
689 5434 783 5487 καὶ
833 5435 1074 5506 ἄσπορον
1107 5438 1373 5510 σύλληψίν
1414 5448 1594 5511 φάμεν
1636 5444 1729 5496 τοῦ

173 5525 293 5580 Θεοῦ
323 5526 477 5597 ἡμῶν
513 5527 688 5598 Ἰησοῦ
717 5527 954 5598 Χριστοῦ
973 5545 986 5558 ο
1011 5529 1069 5582 ὃν
1103 5533 1150 5584 εἰ
1181 5535 1275 5586 καὶ
1307 5524 1591 5604 ἄνθρωπον
1618 5537 1729 5589 οἴε-

175 5617 254 5671 σθε
284 5614 423 5670 εἶναι
481 5617 666 5687 ψιλὸν,
706 5619 887 5688 πολλῷ
919 5619 1121 5690 μᾶλλον
1152 5623 1506 5694 ἀπιστότερον
1535 5624 1684 5679 ἔσται
1710 5643 1723 5656 ο

1851 4514 2070 4571 riirsum
2107 4531 2207 4574 vos
2243 4517 2297 4574 in
2327 4519 2655 4575 atheismum
2677 4537 2838 4591 quem
2864 4538 3023 4592 supra
3052 4525 3288 4582 diximus
3311 4543 3416 4581 nun

1801 4611 2112 4677 "tlcjiciunt
2172 4626 2278 4665 non
2331 4612 2514 4666 omnia
2553 4629 2616 4668 ex
2665 4615 2836 4668 nihilo
2881 4615 3076 4672 fecisse
3133 4617 3418 4672 credentes

1849 4703 2094 4751 Omnium
2133 4698 2451 4756 Creatorem
2484 4717 2756 4774 supraque
2791 4707 2934 4773 quod
2983 4706 3194 4776 concipi
3241 4716 3418 4774 potest

1847 4785 2195 4840 incarnatum
2227 4789 2396 4844 fuisse
2428 4787 2688 4845 Verbum.
2726 4791 2837 4846 Cur
2885 4809 3012 4846 vero
3067 4794 3121 4846 in
3159 4795 3260 4848 hac
3297 4795 3413 4850 sola

1844 4877 2027 4930 divina
2054 4879 2255 4933 unione
2279 4880 2523 4933 mirantia
2552 4884 2860 4948 moramini,
2880 4889 2924 4938 si
2950 4886 3088 4937 forte
3113 4885 3240 4937 nulli
3268 4889 3410 4954 quod

1816 4967 1920 5035 _sit
1984 4983 2149 5037 supra
2222 4970 2492 5023 rationem
2560 4981 2921 5040 naturamque
2987 4982 3228 5027 nostram
3298 4990 3414 5027 cre-

1845 5079 2029 5132 datis?
2087 5077 2305 5130 Etenim
2349 5076 2486 5130 alias
2533 5092 2754 5146 quoque
2821 5077 3082 5130 veritates
3145 5073 3423 5128 mirabiles

1848 5169 2152 5224 secundum
2185 5167 2501 5237 hujusmo'di
2529 5184 2694 5238 supra
2722 5175 2973 5221 naturam
3002 5167 3261 5220 unionem
3288 5165 3418 5219 divi-

1842 5277 1968 5314 nam
2010 5260 2189 5329 deque
2225 5259 2393 5314 haece
2439 5260 2598 5315 vobis
2656 5261 3016 5331 praedicamus
3067 5277 3081 5312 :
3124 5260 3241 5314 sine
3272 5259 3423 5314 enim

1842 5351 2050 5406 semine
2081 5351 2499 5420 conceptionem
2527 5351 2622 5405 Dei
2657 5350 2831 5404 nostri
2878 5350 3009 5404 Jesu
3038 5346 3241 5403 Christi
3281 5345 3422 5398 dici-

1839 5459 1963 5498 mus
1987 5459 2001 5508 ;
2038 5457 2200 5512 quem
2230 5441 2275 5496 si
2300 5457 2509 5495 merum
2533 5441 2815 5497 hominem
2839 5456 2960 5496 esse
2991 5438 3214 5510 putatis,
3243 5437 3419 5491 ntttito

1837 5533 2225 5589 incredibiliur
2255 5533 2507 5601 eveniet;
2561 5534 2890 5589 naturaliter
2929 5532 3078 5586 enim
3111 5529 3414 5600 loquendo,

1835 5627 1960 5698 quis
1987 5643 2225 5697 unquam
2255 5627 2541 5681 hominum
2577 5628 2694 5683 sine
2727 5627 2937 5682 semine
2976 5632 3274 5693 conceptus
3301 5623 3415 5679 sit?

181 5705 376 5779 ws:ti
407 5707 515 5780 γὰρ
544 5706 688 5777 λόγῳ
708 5747 722 5771 ,
759 5707 844 5772 τίς
874 5709 1180 5782 ἀνθρώπων
1211 5713 1469 5785 ἀσπόρως
1501 5715 1813 5790 συνελήφθη
1849 5718 2105 5783 ﬁumen;
