3876 6310
470 246 610 312 1-1-13
1715 256 2027 340 LEONTlI
2067 255 2468 317 ΒΥΖΑΝΤΙΝΙ
3615 249 3709 314 1N
3729 251 3766 311 ἱ

537 360 840 433 Quidergo
881 358 1176 420 diceretis?
1214 362 1501 436 Siquidem
1549 366 1878 422 naturaliter
1929 381 2038 420 non

2214 366 2280 420 Τί
2319 365 2415 420 οὖν
2459 367 2706 432 sinat-re;
2759 367 2919 420 Ἐπεὶ
2973 365 3050 438 μὴ
3097 365 3261 434 φύσει
3308 363 3442 419 τόδε
3489 364 3756 422 sums.

471 451 546 508 sit
573 453 856 522 possibile,
869 469 972 508 nec
995 471 1028 510 a
1054 455 1166 511 Deo
1189 456 1308 512 fieri
1339 456 1544 527 possit?
1566 457 1661 514 Vel
1695 473 1763 512 ne
1809 458 1900 528 pie
1922 473 2042 512 cre-

2149 455 2265 510 οὐδὲ
2294 455 2400 510 ὑπὸ
2427 455 2565 510 Θεοῦ
2595 459 2880 525 γεγονέναι
2903 457 3164 521 δύναταις
3195 455 3272 508 ’Ἦ
3301 456 3394 508 δεῖ
3421 457 3758 508 τούναντίον

472 543 716 598 dendum
741 553 910 610 esset,
943 546 990 601 si
1032 562 1140 616 qua
1172 549 1442 604 naturalia
1471 546 1614 604 facta
1642 549 1775 615 sint,
1810 563 1912 606 nec
1939 547 2040 602 Dei

2149 547 2382 610 εὐσεϐῶς
2414 549 2782 617 έννοήσαντας
2810 548 2978 612 ἰδεῖν,
3034 549 3152 610 ὅτι,
3190 549 3242 601 εί
3277 546 3398 600 τῶν
3431 546 3756 616 γενομένης·

471 651 592 690 esse
617 651 784 706 Opera
816 637 912 692 sed
948 648 1160 694 natura:
1186 649 1352 709 atque
1395 656 1468 695 ex
1523 641 1616 696 illa
1659 640 1863 696 factum
1918 655 2041 697 esse

2149 637 2306 707 φύσει
2333 633 2437 708 ἣν,
2481 639 2590 692 οὐδ’
2632 640 2700 692 ἂν
2741 639 2878 692 θεοῦ
2907 638 3182 710 ἐνέργεια,
3220 637 3366 691 ἀλλὰ
3398 637 3636 706 φύσεως
3655 633 3750 706 ἦν.

461 725 842 795 quodcunque
870 727 1070 782 factum
1096 728 1300 784 fuerit?
1337 729 1476 786 Cum
1500 745 1637 786 vero
1666 732 1912 802 potentia
1943 747 2042 786 na-

2149 733 2238 784 καὶ
2265 733 2330 785 ἐκ
2350 731 2556 802 ταύτης
2577 732 2820 800 ἐγεγόνει
2841 733 2902 785 τὸ
2920 731 3240 802 γινόμενονς
3273 731 3487 784 Ἦνίκα
3513 730 3578 784 δὲ
3601 731 3752 792 θείας

472 824 613 870 tura:
647 813 849 872 divinae
887 817 1202 874 immediate
1249 819 1318 874 fit.
1340 821 1712 892 quodcunque
1775 821 1876 888 ﬁt,
1929 838 2040 878 non

2149 822 2365 892 ἁμέσως
2413 807 2633 892 φύσεως
2674 821 2892 890 γένοιτο
2931 822 3149 894 ἐπινοίᾳ
3185 823 3250 876 τδ
3290 822 3623 892 γινόμενον,
3655 823 3748 874 oin:

469 922 540 963 ex
573 909 986 978 praeexsistente
1023 911 1119 966 sed
1146 928 1215 966 ex
1236 927 1347 966 non
1379 920 1528 977 ente,
1563 913 1866 970 novissime
1899 914 2044 968 inter

2149 916 2208 968 ὲκ
2233 914 2658 986 προῦπὰρξεως,
2691 915 2811 969 ἀλλ’
2835 915 2900 968 ὲκ
2935 915 3010 984 μὴ
3036 915 3230 980 ὅντος,
3265 913 3488 974 νεωστὶ
3516 916 3636 976 τοῖς
3660 910 3744 966 εὗ-

463 1000 620 1054 entia
663 1010 1062 1056 annumeratur
1113 1011 1277 1072 atque
1313 1003 1653 1074 agnoscitur.
1687 1004 1800 1060 Nec
1839 1020 1907 1060 ex
1953 1004 2042 1060 his

2149 1023 2198 1060 σι
2253 1005 2612 1078 συντάττεται
2670 1007 2765 1060 καὶ
2811 1005 3286 1076 συνομολογεῖται.
3344 1005 3476 1059 Καὶ
3524 1005 3595 1058 οὐ
3635 1005 3740 1058 δέοι

468 1107 594 1160 quae
617 1092 729 1162 jam
761 1100 888 1147 nota
919 1101 1084 1158 sunt,
1119 1108 1285 1149 voces
1326 1103 1384 1150 et
1423 1093 1754 1165 significatio
1788 1110 2041 1150 errorum

2149 1098 2208 1151 ὲκ
2236 1097 2347 1150 τῶν
2377 1097 2546 1150 πάλαι
2574 1097 2966 1168 ἐγνωσμένων,
3009 1096 3139 1160 τοὺς
3165 1097 3373 1164 λόγους
3409 1095 3513 1149 καὶ
3541 1096 3642 1165 τὴν
3663 1095 3736 1148 δό-

466 1179 766 1247 qnaerenda
793 1187 943 1242 sunt,
968 1195 1000 1234 a
1031 1180 1191 1236 vobis
1216 1181 1311 1251 qui
1347 1182 1724 1252 quodcunque
1769 1199 1799 1237 a
1829 1183 1944 1238 Deo
1980 1184 2043 1240 tit

2149 1185 2242 1252 Εαν
2274 1187 2459 1256 ζητεῖν
2493 1185 2604 1240 τῶν
2638 1185 2963 1256 παραδόξων
2987 1224 3003 1250 ,
3059 1184 3212 1250 ἅπαξ
3249 1185 3334 1256 μὴ
3367 1185 3736 1256 ἀρνουμένους

467 1285 716 1325 errorem
749 1286 872 1326 esse
899 1272 1124 1326 omnino
1150 1274 1435 1340 asseritis;
1466 1275 1618 1345 leges
1654 1274 1803 1330 enim
1833 1283 2043 1332 natura:

469 1359 631 1415 facile
659 1377 690 1414 a
714 1361 1032 1430 legislatore
1058 1362 1114 1416 in
1148 1371 1396 1432 tempore
1433 1363 1748 1418 solvuntur.
1793 1363 2041 1434 Namque

470 1450 580 1504 nisi
606 1451 722 1505 haec
749 1452 824 1505 ita
851 1451 1204 1517 admiseritis,
1237 1453 1351 1523 jam
1392 1467 1508 1508 non
1528 1469 1596 1508 ex
1626 1463 1785 1510 utero
1813 1455 2042 1526 virginis

468 1541 698 1610 aliquod
728 1556 930 1611 corpus
957 1542 1156 1598 exiisse
1184 1542 1614 1611 conﬁteremini,
1636 1543 1788 1610 licet,
1828 1554 1891 1600 ut
1915 1545 2042 1600 vul-

473 1633 567 1695 tis,
597 1647 812 1686 merum
833 1631 1114 1688 hominem
1138 1648 1206 1688 ex
1228 1634 1320 1690 illa
1347 1641 1540 1689 natum
1567 1649 1692 1690 esse
1721 1635 1926 1704 aliquis
1952 1635 2042 1690 di-

2142 1279 2224 1332 ὅτι
2271 1279 2387 1332 ἔστι
2428 1296 2482 1332 τι
2531 1280 2628 1332 καὶ
2668 1277 2978 1348 παράδοξον
3006 1276 3262 1346 γίνεσθαι
3292 1277 3412 1330 ὑπὸ
3441 1276 3621 1330 Θεοῦ·
3660 1279 3734 1330 νό-

2147 1387 2237 1440 μοι
2269 1369 2379 1439 γὰρ
2414 1368 2631 1448 φύσεως
2679 1367 3050 1424 καταλύονται
3103 1369 3284 1440 ῥᾷστα
3335 1369 3427 1438 τῷ
3479 1368 3734 1438 νομοθέτῃ

2142 1461 2200 1514 ὲν
2235 1459 2445 1532 καιρῷ.
2503 1461 2566 1512 El.
2599 1460 2710 1530 7&9
2755 1459 2830 1529 μὴ
2866 1456 3043 1521 οὕτως
3093 1457 3278 1512 ταῦτα
3325 1457 3732 1527 καταδέχεσθε.

2145 1552 2274 1624 ὥρα
2297 1553 2465 1623 ὑμᾶς,
2493 1551 2750 1622 μηδὲτὴν
2774 1553 2840 1604 ἐκ
2862 1549 3134 1621 παρθένου
3163 1549 3391 1620 μήτρας
3419 1550 3734 1618 προέλενεττ

2145 1644 2472 1716 προσίεσθαι
2517 1643 2833 1698 οὑτινοσοῦν
2875 1641 3131 1712 σώματος
3151 1681 3168 1705 ,
3225 1641 3340 1695 κᾶν
3369 1641 3458 1704 ὡς
3493 1640 3734 1710 βούλεσθε

471 1731 583 1778 cat.
617 1721 789 1778 Omne
817 1723 969 1779 enim
995 1738 1198 1794 corpus
1238 1739 1339 1794 per
1377 1739 1582 1796 corpus
1628 1725 1839 1791 exiens,
1883 1726 2047 1783 alter-

2149 1709 2440 1808 ἀνθρώπου
2486 1735 2650 1807 ψιλοῦ
2703 1750 2789 1798 τις
2831 1709 2974 1788 εἶναι
3008 1732 3166 1800 λέγοι
3201 1733 3312 1804 τὴν
3344 1709 3619 1804 γέννησιν
3651 1732 3736 1799 τὴν

475 1827 662 1870 utrum
688 1816 930 1871 divisum
961 1816 1229 1872 ostendit.
1261 1817 1370 1874 Sed
1395 1833 1502 1874 nec
1529 1818 1680 1874 sicco
1710 1818 1853 1890 pede
1877 1834 2046 1890 supra

475 1933 625 1974 mare
657 1919 970 1975 amhuiandi
999 1921 1228 1977 mortale
1265 1937 1464 1992 corpus
1507 1922 1896 1992 proprietatem
1946 1924 2043 1978 ba-

477 2009 701 2078 buisset,
729 2009 842 2066 imo
896 2025 964 2066 ne
1004 2013 1314 2068 naturalem
1359 2012 1574 2082 quidem
1607 2013 2038 2070 verisimilitudio

475 2116 600 2156 nem
625 2117 644 2170 ;
673 2101 873 2158 leviora
898 2103 1047 2159 enim
1075 2103 1442 2172 gravioribus,
1468 2118 1572 2160 non
1597 2105 1845 2172 graviora
1869 2105 2038 2159 levio-

475 2193 626 2249 r;bus
669 2193 921 2250 innatant
943 2195 1298 2265 corporibus.
1329 2193 1438 2250 Nec
1481 2195 1648 2251 etiam
1702 2210 1767 2251 ex
1822 2195 1936 2250 luto
1984 2204 2044 2250 et

475 2294 635 2354 sputo
664 2285 806 2340 oculi
837 2300 1080 2356 unquam
1099 2283 1333 2342 fuissent
1363 2285 1535 2348 uncti,
1562 2299 1664 2340 nec
1688 2284 1870 2340 statim
1898 2285 2046 2339 visus

477 2391 626 2432 caeco
647 2391 714 2430 ex
749 2376 1042 2432 nativitato
1078 2377 1324 2432 redditus
1350 2375 1567 2440 fuisset,
1597 2389 1696 2429 nec
1722 2391 1754 2429 e
1795 2373 2044 2442 sepulcro

479 2468 676 2520 mortui
701 2467 1152 2530 resurrexissent,
1171 2481 1275 2520 nec
1297 2465 1352 2518 in
1367 2464 1490 2518 allis
1502 2464 1775 2519 similibus
1801 2465 2044 2518 miracu-

478 2555 546 2609 lis
567 2555 742 2609 virtus
767 2555 970 2610 Christi
995 2555 1078 2609 vel
1104 2564 1419 2608 sanctorum
1450 2553 1595 2608 foret
1613 2551 1950 2617 confitenda,
1973 2551 2046 2605 si.

477 2647 697 2714 quidem
736 2646 1043 2702 rationibus
1069 2647 1409 2702 naturalibus
1441 2645 1790 2717 praecognitis
1825 2646 2046 2714 probari

477 2738 788 2806 nequirent.
853 2735 973 2791 Jam
1035 2739 1202 2809 igitur
1265 2753 1373 2794 non
1439 2741 1509 2794 ob
1571 2752 1726 2793 suam
1791 2739 2042 2796 unionem

479 2840 688 2900 partem
718 2830 1094 2902 imperfectam
1125 2831 1478 2901 perfectionis
1504 2831 1702 2887 divina:
1719 2831 1846 2902 jure
1867 2845 2050 2900 repre-

433 2923 438 2930 '
480 2919 778 2985 bendetis;
814 2919 960 2974 Deus
987 2921 1136 2976 enim
1162 2933 1218 2975 ut
1251 2937 1377 2991 pars
1411 2921 1588 2976 dictus
1610 2919 1838 2988 hujusce
1884 2921 2050 2975 totius

2145 1829 2242 1883 ἀπ’
2272 1829 2465 1899 αὐτῆς.
2502 1829 2620 1882 Πᾶν
2647 1827 2758 1897 γὰρ
2785 1825 2944 1896 σῶμα
2973 1824 3064 1878 διὰ
3092 1821 3356 1894 σώματος
3382 1821 3738 1894 χωροῦνβὰ-

2145 1937 2303 1991 τερον
2326 1919 2489 1985 δείξει
2512 1917 2818 1989 διαιρεθὲν·
2847 1915 2964 1970 ἁλλ’
3021 1915 3146 1969 οὐδὲ
3204 1913 3444 1984 ἀϐρόχῳ
3483 1912 3610 1965 ποδὶ
3653 1929 3734 1962 πε-

2147 2011 2334 2080 ζεύειν
2363 2011 2460 2064 ἐπὶ
2481 2011 2760 2080 θαλάσσης
2783 2008 3028 2080 ἀνδρεῖον
3063 2007 3227 2078 σῶμα
3253 2005 3380 2076 ἔχοι
3415 1999 3610 2074 ὶὸτον,
3627 2005 3733 2056 ἐπὶ

2151 2101 2288 2174 μηδὲ
2323 2099 2562 2172 φυσικὴν
2594 2097 2931 2169 πιθανότητα
2951 2113 2964 2126 ”
3027 2097 3097 2150 τὰ
3133 2095 3244 2170 7&9
3280 2095 3611 2166 κουψότερα
3639 2095 3735 2154 ’.εἰς

2149 2191 2498 2264 βαρυτέροις,
2527 2190 2588 2244 οὐ
2614 2190 2685 2244 τὰ
2713 2187 2995 2260 βαρύτερα
3019 2190 3133 2250 τοῖς
3159 2187 3544 2257 κουφοτέροις
3565 2185 3735 2250 ἐπινή-

2147 2301 2304 2355 χεται
2353 2282 2624 2354 σώμασιν.
2688 2281 2832 2336 Ἀλλ’
2867 2281 2990 2335 οὐδὲ
3021 2281 3130 2334 ὑπὸ
3161 2279 3346 2351 πηλοῦ
3381 2280 3485 2332 καὶ
3517 2277 3731 2331 πτυέλου

2143 2375 2464 2447 ὀφθαλμοὺς
2492 2373 2898 2430 δια-πεπλάσθαι
2928 2374 3085 2437 ποτε,
3122 2372 3222 2426 καὶ
3253 2373 3400 2442 πρὸς
3429 2371 3541 2440 τὴν
3571 2385 3730 2438 παρτ-

2147 2469 2340 2540 χρῆμα
2367 2465 2628 2539 ὁρατικὴν
2657 2467 2944 2536 ἐνέργειαν
2967 2463 3386 2535 ἀπαρτίζεσθαι
3412 2459 3520 2515 τοῦ
3546 2462 3613 2513 ἐκ
3660 2476 3731 2524 τεο

2161 2561 2319 2631 νετῆς
2351 2559 2554 2628 τυφλοῦ
2573 2599 2590 2624 ,
2639 2559 2760 2612 οὐδὲ
2805 2557 3037 2628 νεκροὺς
3082 2558 3148 2610 ἐκ
3179 2556 3362 2623 τάφου
3392 2552 3727 2610 ἀνίσταεθαι.

2148 2651 2272 2706 οὔτε
2309 2652 2368 2705 δέ
2401 2669 2524 2705 τινα
2551 2651 2660 2704 τῶν
2692 2650 2869 2706 ἄλλων
2901 2648 3108 2719 ὁμοίων
3139 2646 3623 2716 θαυματουργιῶ
3651 2643 3728 2696 5-3-

2149 2761 2314 2814 ναμιν
2367 2742 2462 2797 τοῦ
2507 2743 2746 2816 Χριστοῦ
2799 2740 2832 2812 ἢ
2881 2740 2988 2794 τῶν
3025 2739 3202 2808 ἁγίων
3237 2738 3546 2808 ὁμολογεῖν
3579 2736 3729 2794 ἔστιν,

2149 2834 2272 2888 ἐπεὶ
2311 2833 2387 2904 μὴ
2416 2835 2529 2895 τοῖς
2559 2833 2810 2901 φυσικοῖς
2837 2829 3024 2898 λόγοις
3055 2829 3544 2898 προεγνωσμένην
3569 2829 3730 2896 έχουσι

2148 2924 2247 2994 τῆς
2280 2921 2462 2986 αἰτίας
2495 2921 2592 2991 τὴν
2623 2919 2926 2985 ἀπόδειξιν.
2985 2917 3227 2980 Οὐκοῦν,
3259 2917 3367 2970 οὐκ
3399 2918 3470 2968 ὲκ
3498 2917 3597 2969 τοῦ
3627 2933 3732 2968 συν-

481 3006 614 3060 uuiti
645 3009 869 3062 omnino
893 3007 1223 3074 intellectus,
1270 3009 1343 3062 ita
1374 3017 1554 3064 totum
1603 3009 1829 3079 aliquod
1873 3007 2047 3078 majus

2149 3015 2372 3086 τεθῆναι
2430 3013 2530 3084 ἤδη
2594 3011 2835 3080 εὐλόγως
2886 3011 2985 3081 τῆς
3036 3008 3190 3074 θείας
3234 3006 3596 3078 τελειότητος
3645 3024 3732 3076 με.

479 3095 659 3162 seipso
693 3106 752 3151 ut
795 3108 952 3166 parte
1005 3099 1210 3154 habere
1241 3114 1350 3153 non
1403 3097 1755 3168 intelligetur,
1789 3097 1878 3152 his
1929 3113 2052 3166 quae

487 3195 733 3239 naturam
764 3187 956 3256 ipsius,
974 3201 1096 3256 quas
1119 3189 1374 3242 unionem
1395 3195 1804 3256 consequuntur
1827 3189 2049 3242 vincen-

481 3271 644 3326 tibus.
693 3272 750 3326 Si
787 3274 936 3328 enim
986 3273 1182 3328 divina!
1235 3273 1452 3328 unionis
1482 3273 1625 3327 ratio
1679 3281 1849 3327 totum
1889 3287 2050 3328 suum

482 3360 657 3430 majus
683 3373 806 3414 esse
836 3373 933 3414 sua
966 3369 1120 3428 parte
1147 3359 1282 3423 vult,
1321 3369 1374 3412 at
1425 3365 1632 3414 naturae
1659 3358 1859 3414 divina:
1909 3361 2050 3415 ratio

480 3445 621 3500 nihil
650 3447 766 3514 ipsa
794 3446 970 3514 majus
997 3448 1112 3499 vult
1141 3446 1292 3517 fingi.
1322 3445 1454 3512 Qua
1483 3462 1613 3517 ergo
1643 3461 1710 3502 ex
1732 3448 1816 3504 his
1835 3448 2050 3506 duobus

490 3533 792 3590 rationibus
835 3534 1076 3590 adversis
1111 3537 1289 3606 potius
1321 3551 1483 3606 quam
1523 3536 2054 3612 alterajfrangeturl

476 3642 534 3696 Si
567 3643 898 3714 vcro‘tgitur
931 3653 1127 3700 natura
1154 3646 1393 3701 vincitur
1421 3646 1552 3701 unio
1571 3686 1587 3712 ,
1633 3663 1742 3702 non
1768 3663 1902 3703 vero
1923 3649 2048 3704 vin-

475 3735 572 3798 cit,
598 3737 876 3805 quomodo
907 3746 1118 3794 naturae
1151 3754 1260 3793 non
1303 3739 1664 3796 condonanda
1691 3749 1840 3796 esset
1872 3741 2049 3797 unio?

477 3823 534 3880 Si
561 3834 739 3880 autem
767 3827 839 3882 ita
873 3843 986 3882 non
1023 3843 1083 3884 se
1110 3829 1296 3892 habet,
1323 3827 1570 3898 profecto
1591 3843 1722 3900 ergo
1745 3844 1914 3899 supra
1947 3846 2048 3886 nan

479 3922 659 3972 turam
693 3917 927 3973 tenenda
955 3928 1042 3974 est
1069 3921 1220 3974 unio.
1255 3921 1412 3976 Patet
1461 3921 1630 3991 igitur
1679 3936 1749 3976 ex
1798 3921 2050 3991 probatis

474 4007 755 4072 omnibus,
792 4017 851 4064 ut
880 4019 1094 4079 partem
1126 4011 1234 4066 dici
1270 4011 1510 4068 Verbum
1529 4020 1557 4081 ,'
1575 4027 1687 4066 non
1719 4027 1845 4068 cum
1875 4013 2048 4083 parti-

475 4099 646 4154 culari
677 4099 1132 4172 imperfectione;
1187 4104 1514 4174 unitumque
1537 4142 1552 4167 ,
1584 4119 1720 4172 non,
1748 4112 1810 4160 ut
1841 4105 2046 4171 dicitis,

477 4189 581 4260 legi
607 4191 1040 4247 substantiarum
1079 4194 1223 4249 inter
1275 4209 1335 4249 se
1387 4195 1668 4250 unitarum
1721 4193 2046 4266 subjicitur;

477 4297 582 4338 nec
603 4285 788 4340 minus
815 4293 899 4341 est
924 4301 991 4340 eo
1020 4285 1169 4356 quod
1197 4285 1400 4341 dicitur
1421 4295 1621 4351 totum,
1648 4287 1804 4357 juxta
1826 4285 2048 4342 modum

2134 3741 2248 3814 -τῆς
2274 3738 2489 3808 φύσεως
2522 3738 2624 3807 τῆς
2655 3737 2809 3800 θείας
2841 3738 3070 3790 ἀπαιτεῖ
3103 3734 3270 3804 λόγος
3293 3777 3310 3798 θ

2151 3105 2310 3174 ρικὴν
2332 3103 2581 3157 ἀτέλειαν
2607 3103 3052 3173 κατηγορήσετε·
3085 3102 3116 3154 ὁ
3146 3101 3257 3170 γὰρ
3281 3101 3364 3164 ὡς
3393 3101 3570 3170 μέρος
3587 3099 3728 3166 λεγό-

2151 3212 2308 3266 μενος
2352 3192 2512 3248 τοῦδε
2565 3193 2662 3246 τοῦ
2711 3193 2836 3246 ὅλου
2888 3191 3154 3246 συνθέτου
3198 3191 3340 3255 Θεδς
3394 3191 3554 3256 ἅπαξ
3595 3190 3728 3245 vae-J-

2153 3303 2349 3358 μενος,
2397 3286 2475 3349 ὡς
2519 3285 2641 3339 ὅλον
2679 3301 2733 3338 τι
2774 3282 2959 3355 μεῖζον
2989 3282 3140 3353 ἔχειν
3168 3281 3374 3336 ἑαυτοῦ
3408 3281 3486 3346 ὡς
3521 3282 3728 3353 μέροος,

2150 3377 2209 3430 οὐ
2255 3375 2584 3447 νοηθήσεται
2609 3392 2621 3404 ·
2680 3373 2790 3428 τῶν
2831 3373 2932 3442 τῆς
2970 3373 3189 3442 φύσεως
3219 3372 3396 3427 αὐτοῦ
3431 3372 3732 3427 ἀκολούθυν

2149 3467 2323 3536 λόγων
2369 3465 2680 3531 νικώντων,
2737 3465 2836 3518 καὶ
2881 3465 3012 3528 τοὺς
3059 3465 3160 3534 τῆς
3203 3463 3530 3528 συνθέσεως
3561 3463 3729 3518 αὐτοῦ.

2151 3561 2212 3612 Εἰ
2260 3559 2372 3629 γὰρ
2423 3557 2518 3611 καὶ
2562 3558 2660 3625 τῆς
2704 3555 3008 3620 συνθέσεως
3049 3557 3150 3624 τῆς
3189 3555 3346 3618 θείας
3377 3557 3409 3608 ὅ
3443 3554 3616 3622 λόγος
3641 3558 3734 3608 ἆτ-

2150 3651 2312 3714 αιτεῖ,
2355 3648 2541 3718 μεῖζον
2581 3643 2726 3700 εἶναι
2769 3646 2863 3700 τοῦ
2904 3649 3108 3716 μέρους
3151 3647 3213 3698 τὸ
3246 3645 3384 3700 ἴδιον
3417 3645 3571 3708 ὅλον,
3611 3646 3734 3699 ilia

3364 3736 3545 3807 μηδὲν
3576 3737 3708 3804 αἰρτῆ
3711 3753 3734 3798 ς

2152 3829 2336 3900 μεῖζον
2384 3827 2758 3882 ἐπινοεῖσθαιο
2815 3827 2922 3880 τῶν
2966 3826 3062 3880 δύο
3100 3823 3198 3879 οὖν
3241 3827 3516 3880 ἐναντίων
3547 3827 3733 3895 λόγων.

2147 3921 2233 3983 τίς
2281 3917 2485 3990 μᾶλλον
2533 3917 2613 3989 τῷ
2653 3919 2829 3991 ὲτέρῳ
2871 3918 3359 3988 ἁνατραπήσεται;
3419 3915 3485 3970 Ei
3525 3918 3630 3988 μὲν
3652 3913 3734 3971 οὖν

2146 4015 2214 4082 τῇ
2241 4011 2404 4080 φύσει
2435 4012 2843 4080 συναναιρεῖται
2869 4010 2902 4080 ἡ
2933 4007 3206 4072 σύνθεσις,
3225 4008 3288 4060 οὗ
3319 4010 3732 4080 συναναιρεῖῑὲ,

2152 4102 2270 4167 πῶς
2318 4103 2380 4156 οὐ
2424 4102 2544 4156 δέον
2597 4104 2665 4173 τῇ
2713 4100 2876 4170 φύσει
2924 4100 3284 4171 παραχωρεῖν
3315 4098 3419 4170 τὴν
3451 4100 3734 4165 caveas-tv;

2151 4191 2214 4246 Εί
2249 4193 2305 4246 δὲ
2345 4193 2420 4264 μὴ
2449 4191 2626 4256 οὕτως
2650 4191 2764 4263 ἔχει
2788 4232 2804 4258 ,
2864 4191 3024 4262 δῆλον
3076 4192 3155 4256 ὡς
3187 4191 3310 4244 δέον
3341 4195 3578 4263 κρατεῖν
3608 4193 3736 4262 ὑπὲρ

2151 4285 2252 4356 τὴν
2281 4285 2442 4353 φύσιν
2475 4285 2576 4356 τὴν
2603 4283 2877 4339 σύνθεσιν.
2913 4282 3154 4353 Φανερὺν
3183 4277 3280 4336 οῦν
3311 4283 3378 4336 ὲκ
3404 4283 3519 4336 τῶν
3546 4283 3734 4337 ἀποδε-

476 4376 769 4444 quemdam
799 4377 1091 4447 compositi
1132 4377 1588 4448 signiﬁcationis;
1629 4386 1724 4432 aut
1747 4377 2047 4434 secundum

2153 4375 2454 4446 δειγμένων
2483 4375 2726 4440 πάντων,
2759 4373 2838 4436 ὡς
2866 4374 2961 4429 καὶ
2994 4373 3160 4446 μέρος
3189 4373 3218 4428 ὅ
3298 4373 3470 4442 όγος,
3506 4375 3575 4427 οὐ
3606 4372 3732 4442 μεεᾶ

475 4475 854 4522 creaturarum
887 4467 1325 4524 mediocritatem
1361 4476 1418 4524 et
1439 4469 1689 4524 habitum
1722 4469 2051 4534 naturalem,

477 4572 632 4612 suam
669 4559 968 4614 increatam
1013 4561 1378 4618 substantiam
1414 4563 1771 4633 perfectionis
1825 4563 2053 4622 infinita:

481 4649 714 4703 revelat.
740 4649 858 4704 Non
893 4667 1026 4721 ergo
1058 4652 1241 4706 minor
1277 4661 1364 4707 est
1392 4653 1579 4723 aliquo
1611 4661 1706 4708 aut
1745 4655 2050 4710 secundum

475 4739 608 4810 quid
638 4739 786 4795 Deus
813 4740 1078 4804 Verbum,
1128 4742 1215 4796 vel
1255 4741 1446 4796 unitus
1469 4781 1482 4806 ,
1535 4741 1624 4796 vel
1671 4757 1780 4796 non
1815 4744 2044 4810 unitus;

477 4839 924 4901 evanescuntque
977 4831 1142 4890 modo
1193 4831 1330 4887 fumi
1381 4833 1663 4897 resoluta,
1730 4832 2048 4891 insolubilia

479 4931 682 4988 vestra,
709 4931 769 4977 ut
794 4923 998 4986 dicitis.
1023 4933 1190 4994 atque
1211 4924 1658 4996 inexpugnabilia
1687 4925 2046 4996 sophismata.
2075 4996 2080 5000 δ

479 5013 575 5070 His
611 5031 742 5086 ergo
783 5031 842 5070 se
888 5015 1225 5072 habentibus
1250 5056 1268 5082 ,
1321 5031 1425 5072 nos
1461 5017 1701 5072 Verbum
1741 5017 2046 5074 secundum

476 5105 648 5174 ipsius
675 5107 1038 5164 substantiam
1066 5108 1134 5163 ad
1157 5117 1402 5164 nostram
1428 5108 1794 5164 substantiam
1831 5108 2046 5164 unitum

473 5196 731 5264 dicimus,
759 5210 928 5268 utque
959 5210 1168 5270 partem
1215 5202 1386 5256 totius
1418 5200 1712 5272 compositi
1735 5241 1750 5265 ,
1773 5187 1935 5270 quod
1961 5209 2050 5256 est

473 5289 749 5358 Christus,
784 5293 1197 5364 distinguimus,
1226 5293 1592 5363 compositum
1615 5308 1750 5347 vero
1771 5307 1894 5347 esse
1926 5293 2048 5346 uni-

473 5397 594 5436 cam
627 5385 1012 5450 substantiam,
1053 5400 1120 5440 cx
1171 5395 1359 5441 nostra
1395 5385 1711 5456 ipsiusque,
1761 5400 2046 5455 nunquam

474 5467 733 5534 diximus,
771 5471 914 5533 absit
941 5473 955 5525 !

2158 4469 2392 4540 μερικῆς
2441 4467 2690 4531 ἀτελείας
2734 4465 2954 4534 λέγεται
2981 4481 2996 4496 ⁸
3055 4466 3150 4518 καὶ
3200 4463 3633 4534 συντιθέμενος,
3674 4463 3730 4514 ὠ

2155 4557 2342 4622 καθώς
2394 4575 2532 4626 φατε
2581 4557 2659 4628 τῷ
2700 4557 2852 4628 νόμῳ
2900 4557 3011 4611 τῶν
3061 4555 3338 4610 συνθέτων
3380 4555 3592 4610 οὐσιῶν
3635 4554 3734 4606 τῶν

2155 4652 2285 4723 παρ’
2318 4650 2499 4704 αὐτῶν
2529 4649 2894 4704 ὑποϐάλλεται
2915 4665 2931 4680 ο
2980 4648 3104 4702 οὔτε
3130 4647 3352 4702 ἔλαττον
3378 4647 3481 4702 τοῦ
3507 4647 3734 4716 λεγομέ-

2155 4759 2248 4796 νου
2276 4742 2422 4806 ὅλου,
2455 4741 2599 4795 κατά
2625 4757 2747 4812 τινα
2773 4740 2976 4810 τρόπον
3009 4739 3283 4810 σημασίας
3313 4738 3413 4792 τοῦ
3445 4738 3729 4792 συνθέτου·

2155 4835 2188 4906 ἢ
2229 4833 2372 4888 κατὰ
2396 4832 2497 4902 τὴν
2521 4831 2632 4886 τῶν
2659 4831 2894 4886 κτιστῶν
2925 4831 3264 4904 σμικρότητα
3297 4831 3394 4884 καὶ
3420 4830 3618 4900 σχέσιν
3641 4846 3735 4899 τευ-υ

2157 4927 2358 4993 σικὴν,
2428 4925 2527 4996 τὴν
2587 4923 2786 4978 ἑαυτοῦ
2836 4924 3092 4978 ἄκτιστον
3139 4922 3371 4994 οὑσιὼδη
3414 4921 3735 4990 τελειότητα

2153 5011 2577 5072 ἐπιδείκνυται.’
2607 5017 2724 5070 Οὐκ
2753 5017 2974 5070 ἔλαττον
3003 5010 3100 5071 οὗν
3124 5015 3232 5085 ἄρα
3259 5013 3402 5076 τινος
3439 5013 3476 5086 ἢ
3512 5014 3664 5068 κατά
3686 5029 3736 5064 τι

2153 5111 2181 5164 ὁ
2207 5109 2340 5172 Θεὸς
2367 5108 2542 5176 Λόγος
2560 5147 2576 5169 ,
2635 5107 2760 5161 οὐδὲ
2805 5107 3213 5176 συντιθέμενος,
3247 5105 3371 5158 οὐδὲ
3398 5105 3732 5165 ἀσύνθετος·

2150 5203 2246 5254 καὶ
2270 5203 2476 5270 οἴχεται
2495 5201 2524 5252 ὑ
2534 5199 2650 5270 μῶν
2677 5199 2888 5253 καπνοῦ
2917 5199 3074 5270 δίκην
3099 5197 3421 5254 διαλυθέντα
3445 5199 3518 5252 τὲ
3537 5198 3732 5260 ἄλυτα.

2151 5290 2226 5354 ὡς
2271 5290 2470 5355 οἴεσθε,
2498 5291 2594 5344 καὶ
2640 5290 3130 5357 δυσκαταγώνιστα
3181 5290 3520 5360 σοφίσματα.
3590 5290 3735 5358 Πλὴν

2148 5382 2244 5435 καὶ
2291 5381 2500 5434 τούτων
2551 5379 2724 5444 οὕτως
2773 5380 3010 5450 ἐχόντων
3033 5422 3050 5446 ,
3104 5382 3273 5451 ἡμεῖς
3329 5379 3593 5434 σύνθετον
3643 5381 3732 5450 μὲι

2147 5472 2266 5526 κατ’
2293 5471 2485 5524 οὐσίαν
2537 5471 2635 5542 τὴν
2680 5469 2848 5524 αὐτοῦ
2901 5471 3039 5540 πρὸς
3079 5473 3180 5538 τὴν
3220 5471 3510 5542 ἡμετέραν
3545 5471 3735 5524 οὐσίαν

477 5558 656 5624 φαμὲν
683 5559 775 5612 τὸν
806 5560 975 5626 Λόγον
995 5577 1010 5592 ο
1067 5562 1160 5616 καὶ
1191 5561 1264 5624 ὡς
1305 5561 1472 5632 μέρος
1505 5561 1599 5614 τοῦ
1631 5561 1890 5616 συνθέτου
1917 5564 2040 5618 ὅλου
2079 5561 2318 5631 Χριστοῦ
2349 5561 2773 5633 διαστέλλομενο
2811 5559 3066 5616 σύνθετον
3129 5561 3187 5616 δί
3247 5549 3464 5630 oleis»,
3499 5561 3610 5616 ἀπὺ
3639 5561 3732 5631 τῆς

482 5645 645 5698 αὐτοῦ
673 5666 729 5700 τε
760 5652 850 5721 ita!
883 5652 979 5720 τῆς
1011 5653 1288 5722 ἡμετέρας
1313 5692 1326 5715 ,
1368 5651 1430 5704 οὗ
1467 5654 1650 5723 φαμέν
1681 5671 1830 5719 ποτε,
1866 5657 1941 5726 μὴ
1970 5654 2199 5723 γένοιτο.
