3876 6310
76 261 224 331 1445

700 381 951 436 ΚΕΦΔΛ.
985 378 1086 435 lA'.

143 468 314 520 Πᾶσα
374 466 480 538 μία
525 467 693 537 φύσις
760 469 793 540 ἢ
846 469 941 522 καὶ
993 468 1296 534 ὑπόστασις
1344 468 1687 542 συγκειμένη

68 559 139 610 ἐκ
194 559 393 628 μερῶν
444 559 846 628 ἐτεροουσίων,
921 559 1036 630 ἔχει
1082 560 1240 624 τινάς
1281 561 1588 633 ἐνεργείας,
1623 559 1691 622 ἃς

68 647 187 701 οὐδ’
222 648 530 718 ὁπότερον,
564 648 624 712 ἐξ
649 643 725 702 ὧν
755 649 1080 718 συνέστηκε,
1115 650 1344 704 δύναται
1376 649 1501 702 καθ’
1527 647 1691 701 έαυτὸ

68 741 172 790 καὶ
224 741 408 810 χωρὶς
459 741 566 810 τῆς
602 739 698 793 τοῦ
731 740 922 808 ἑτέρου
955 741 1241 811 ἐνεργείας
1267 740 1552 794 ἐκτελέσαι
1581 739 1690 791 τινὶ

67 834 269 902 τρόπῳ
302 832 460 884 ποτέ.
519 829 645 885 Οἷον
673 832 820 903 ψυχὴ
861 833 956 887 καὶ
995 833 1176 904 σῶμα,
1203 833 1418 886 δέονται
1445 832 1690 901 ἀλλήλων

69 928 153 987 είς
191 925 256 976 τὸ
289 925 636 996 καταρτίσαι
665 925 874 986 πλεῖον,
904 925 1264 995 οἰκοδομῆσαι
1291 921 1461 988 οἷκον,
1487 924 1690 992 ὑφᾶναι

69 1016 310 1085 χιτῶνα,
339 1018 442 1070 καλ⁵
469 1018 590 1069 εἴτι
620 1015 864 1069 τοιοῦτον
887 1033 902 1047 ο
927 1018 1083 1088 ὅπερ,
1105 1017 1182 1079 ὡς
1209 1014 1385 1082 εἷπον,
1418 1015 1691 1069 ἀδύνατον

71 1112 156 1164 ἐνί
199 1111 396 1163 αὑτῶν
445 1112 621 1182 χωρὶς
656 1113 757 1180 τῆς
789 1111 1022 1182 θατέρου
1052 1112 1348 1183 συνεργίας
1379 1110 1689 1172 ἐκτελέσαι,

77 1198 150 1250 δι’
196 1198 486 1268 οῦδὴποτε
532 1199 760 1267 τρόπου.
818 1199 883 1252 Εί
929 1199 1110 1251 τοίνυν
1165 1199 1263 1268 μία
1305 1197 1554 1268 φύσις,·ἢ
1591 1199 1690 1268 μία

78 1288 408 1350 ὑπόστασις
446 1287 789 1358 ἀπετελέσθη
827 1290 892 1340 ἐκ
919 1288 1244 1353 συνθέσεως,
1289 1289 1365 1352 ῶς
1397 1306 1553 1356 φασι,
1589 1290 1692 1358 τῆς

70 1381 174 1434 τοῦ
209 1379 360 1433 Θεοῦ
390 1380 575 1448 Λόγου
629 1379 766 1449 πρὸς
808 1379 904 1432 τὸν
949 1379 1010 1444 ἐξ
1044 1381 1205 1451 ἡμῶν
1230 1380 1547 1451 ἄνθρωπον,
1586 1381 1693 1435 εἰσί

70 1489 232 1534 τινες
261 1472 563 1541 ἐνέργειαι
594 1471 691 1540 τῆς
713 1471 928 1524 τοιᾶσδε
953 1472 1293 1542 φύσεωςκαὶ
1316 1474 1688 1536 ὑποστάσεως,

70 1561 142 1623 ἀς
193 1561 222 1612 6
256 1560 402 1621 Θεὸς
430 1561 608 1627 Λόγος
638 1560 761 1612 καθ’
783 1562 983 1614 ,ἑαυτὸν
1014 1563 1115 1616 οὐκ
1141 1561 1377 1632 ἠδύνατο
1406 1563 1692 1635 πληρῶσαί

75 1669 187 1705 τινι
217 1652 420 1722 τρόπῳ
452 1653 536 1722 (τὸ
558 1653 614 1704 δὲ
638 1653 725 1720 μὴ
754 1653 1075 1720 δύνασθαι,
1107 1653 1271 1724 διχῶς
1298 1655 1516 1722 λέγεται
1534 1654 1691 1725 παρά

1055 273 1470 336 .‘ADVERSUS
1503 275 2052 339 NESTOPJANOS.
2082 303 2152 311 -
2173 279 2335 338 'LI‘B.
2366 277 2428 338 'I.

1716 394 1762 447 Α

3222 282 3354 348 li-iG

2433 384 2585 440 CAP-
2613 385 2713 441 ’Xl.

1859 472 2054 528 Omnis
2082 488 2190 527 una
2219 481 2418 528 natura
2449 475 2535 530 vel
2573 485 2629 530 et
2677 475 2990 546 hypostasis
3016 493 3082 534 ex
3113 483 3364 551 partibus

1789 564 2016 620 alterius
2050 564 2271 634 generis
2303 565 2608 634 composita
2637 607 2651 630 ,
2695 568 2959 635 quasdam
3012 573 3365 640 operationes

1791 653 2001 718 habet,
2049 670 2186 722 quas
2214 662 2408 708 neutra
2446 669 2512 708 ex
2557 655 2644 710 his
2675 673 2706 710 e
2749 659 2952 726 quibus
2982 662 3361 727 constituitur,

1790 746 2095 801 secundum
2141 746 2286 799 idem
2335 747 2567 818 sineque
2596 750 2827 805 alterius
2879 755 3202 822 operatione
3249 757 3368 812 ullo

1783 837 1962 892 emodo
1987 852 2225 907 unquam
2249 837 2509 906 perﬁcere
2535 847 2732 908 potest.
2749 843 2832 896 _lta
2858 846 3049 900 anima:
3075 858 3128 902 et
3149 850 3365 917 corpori

1801 944 1919 984 sese
1969 931 2198 986 invicem
2243 946 2384 1000 epus
2433 944 2513 986 est
2564 936 2628 986 ad
2677 952 2864 991 uatem
2918 941 3362 1005 construendam,

1790 1021 2165 1074 :edilicandam
2184 1021 2430 1086 domum,
2463 1025 2704 1080 tunicam
2732 1029 3044 1094 texendam,
3079 1045 3142 1085 ac
3165 1034 3208 1086 si
3234 1034 3365 1101 quid

1792 1109 2142 1179 huiusmodi;
2174 1113 2322 1180 quod
2356 1114 2510 1169 nullo
2543 1131 2785 1185 unquam
2818 1120 2983 1173 modo
3033 1122 3126 1173 uni
3176 1138 3243 1175 ex
3280 1123 3368 1176 his

1793 1199 1912 1254 sine
1929 1200 2252 1256 alterutrius
2267 1204 2590 1272 operatione
2610 1208 2856 1276 perfecta
2886 1209 3146 1279 possibile
3163 1211 3364 1266 dicam.

1793 1290 1849 1345 Si
1879 1301 2061 1346 tamen
2092 1309 2201 1347 una
2233 1303 2452 1356 natura,
2484 1298 2569 1350 vel
2605 1314 2712 1352 una
2758 1299 3070 1369 hypostasis
3123 1303 3368 1371 perfecta

1781 1384 1867 1438 sit
1895 1400 1962 1438 ex
1983 1384 2308 1449 .unione,-ut
2335 1388 2512 1452 aiunt,
2554 1389 2652 1443 Dei
2683 1392 2847 1446 Verbi
2883 1394 2949 1446 ad
2981 1403 3233 1448 naturam
3264 1412 3368 1451 no-

1793 1484 1986 1538 stram,
2009 1484 2140 1531 sunt
2169 1478 2419 1546 quaedam
2449 1481 3131 1553 operationesbujusmodi
3157 1496 3368 1543 natura)

1781 1576 1957 1636 atque
1989 1567 2315 1638 hypostasis,
2360 1585 2499 1639 quas
2529 1572 2675 1626 Deus
2700 1573 2943 1628 Verbum
2986 1593 3086 1647 per
3125 1579 3367 1647 scipsum

1794 1659 2074 1728 complere
2102 1659 2216 1713 ullo
2248 1661 2414 1714 modo
2451 1663 2648 1732 nequit
2691 1665 2932 1736 (nequire
2950 1677 3133 1724 autem
3162 1669 3368 1740 duplici

77 1737 149 1812 τῇ
183 1744 317 1816 θείᾳ
347 1745 549 1814 Γραφῇ
585 1745 680 1796 καὶ
707 1744 766 1797 ἐν
794 1747 861 1814 τῇ
889 1747 1042 1816 κοινῇ
1076 1745 1364 1816 συνηθείᾳο
1396 1746 1428 1814 ἢ
1458 1746 1534 1805 ὼς
1555 1724 1690 1798 ἀδύ-

1797 1749 1957 1804 modo
1984 1750 2192 1804 dicitur
2231 1752 2286 1806 in
2308 1752 2602 1824 Scriptura
2638 1772 2792 1811 sacra
2818 1771 3192 1830 consuetaque
3217 1762 3380 1817 locu.

81 1853 248 1888 νατον
299 1836 400 1888 τὸν
448 1836 584 1887 Θεὸν
631 1835 976 1904 ψεύσασθαι,
1030 1836 1118 1888 διὰ
1151 1837 1212 1889 τὸ
1237 1837 1689 1907 ἀπερίγραπτον’

63 1929 114 1997 ,ἢ
167 1928 248 1989 ὼς
286 1927 449 1997 δῶρά
477 1945 536 1978 τε
570 1929 662 1978 καὶ
693 1926 854 1980 θυσία
900 1927 974 1997 μὴ
1001 1927 1284 1997 δυνάμενα
1340 1928 1484 1980 κατά
1516 1927 1692 1980 συνεί-

1780 1841 1977 1894 .tione:
2003 1841 2090 1895 vel
2109 1850 2169 1896 ut
2193 1843 2534 1912 impossibile
2560 1854 2645 1900 est
2666 1847 2838 1901 Deum
2865 1852 3112 1916 mentiri,
3146 1863 3372 1922 propter

1789 1933 2164 2003 inﬁnitatem;
2194 1939 2280 1992 vel
2317 1949 2376 1993 ut
2408 1939 2551 1994 dona
2585 1949 2641 1995 et
2688 1942 2884 1998 hostia;
2924 1961 3046 2014 qua:
3089 1957 3370 2016 nequeunt

77 2019 246 2086 ,δησιν
281 2017 585 2071 τελειῶσαι
618 2017 708 2070 τὸν
738 2017 1096 2087 λατρεύοντα,
1130 2018 1219 2071 διὰ
1251 2019 1314 2069 τὸ
1346 2018 1570 2081 ἀσθενὲς
1600 2018 1694 2071 καὶ

1797 2028 1941 2097 iuxta
1973 2030 2368 2083 conscientiam
2395 2032 2720 2088 offerentem
2760 2037 3062 2104 perfectum
3111 2037 3292 2092 facere
3323 2043 3368 2104 ',

79 2113 394 2180 ἀνέφικτον
448 2109 671 2163 οἰασοῦν
719 2111 1022 2180 ἐνεργείας,
1061 2113 1108 2163 εἰ
1138 2109 1474 2179 δώσουσιν),
1524 2110 1590 2174 ἀς
1630 2112 1691 2164 οὐ

65 2203 400 2272 δυνάμενος
457 2203 484 2254 6
529 2201 663 2265 Θεὸς
707 2201 884 2270 Λόγος
929 2201 1218 2272 πληρῶσαι
1254 2203 1378 2256 καθ’
1403 2201 1587 2268 αὑτὸν,
1625 2204 1692 2274 τῇ

80 2296 180 2349 τοῦ
209 2293 521 2365 ἀνθρώπου
547 2294 802 2364 ἐνεργείᾳ
827 2292 1235 2358 ἐξετέλεσεν.Ἦ
1258 2293 1461 2362 ἀσθενῆ
1482 2293 1698 2346 δεικνύ-

61 2401 209 2437 -ουσι
244 2384 342 2434 τὸν
370 2384 511 2434 Θεὸν
541 2384 736 2450 Λόγον,
775 2382 808 2452 ἦ
845 2383 1172 2453 πεπραχότα
1202 2383 1272 2436 τά
1297 2383 1547 2453 ἀπρεπῆ.
1581 2383 1694 2436 Καὶ

85 2478 136 2528 εί
173 2476 277 2545 μὲν
312 2474 378 2526 τὸ
403 2475 659 2544 πρῶτον,
707 2474 786 2528 ἔτι
820 2475 912 2527 καὶ
939 2473 1034 2527 νῦν
1065 2475 1092 2526 6
1125 2474 1311 2544 Πατὴρ
1340 2475 1524 2527 ἀτονεῖ
1556 2475 1695 2545 πρὸς

73 2569 188 2641 ,τὴν
213 2569 625 2638 ἀποπλήρωσιν
649 2569 754 2620 τῶν
781 2568 1001 2622 τοιῶνδε
1029 2569 1346 2638 ἐνεργειῶν,
1377 2568 1450 2638 μὴ
1475 2569 1696 2638 συγκεί-

93 2679 263 2731 μενος
301 2659 381 2729 τῷ
416 2659 477 2722 ἐξ
505 2659 662 2728 ἡμῶν
690 2658 999 2729 ἀνθρώπῳ’
1051 2659 1148 2712 καὶ
1179 2659 1320 2712 κατά
1349 2659 1536 2723 τοῦτο,
1577 2660 1695 2729 μεί-

91 2752 206 2817 ζων
236 2755 266 2805 6
297 2753 434 2814 Υἱὸς
464 2751 557 2804 τοῦ
589 2750 824 2821 Πατρὸς,
868 2752 1007 2823 ὅπερ
1038 2752 1234 2814 ἀσεϐές
1261 2768 1274 2782 ·
1325 2754 1373 2803 εί
1402 2752 1457 2804 δὲ
1488 2753 1549 2804 τὸ
1575 2751 1696 2804 δεύ-

88 2861 283 2915 τερον,
323 2843 597 2915 πρόδηλον
627 2843 687 2895 τὸ
722 2842 1083 2913 βλάσφημον·
1139 2845 1168 2896 ό
1219 2843 1352 2906 Θεὸς
1385 2844 1495 2913 γάρ
1541 2843 1696 2896 οὐδὲν

94 2937 207 2991 τῶν
241 2940 517 3007 ἀπρεπῶν
551 2939 965 3008 διαπράττεται,
1003 2937 1127 2990 οὔτε
1163 2939 1287 2992 καθ’
1312 2939 1534 3000 ἑαυτὸν,
1568 2938 1695 2991 οὔτε

101 3030 228 3099 μεθ’
248 3031 480 3098 ¹ἑτέρου.
525 3031 585 3081 Εἰ
616 3029 672 3081 δέ
703 3029 985 3101 οὐδέτερον
1012 3029 1202 3083 δοῦναι
1231 3031 1398 3092 ὅσιον,
1433 3031 1555 3083 οὑδέ
1584 3029 1693 3100 ἄρα

102 3214 161 3280 ἐξ
195 3214 360 3284 ἡμῶν
393 3211 706 3282 ἀνθρώπου.

176 3303 414 3372 Ὅμοιόν
455 3320 505 3355 τι
554 3302 881 3356 πεπονθέναι
926 3303 1056 3374 ἡμῖν
1094 3302 1302 3355 δοκεῖτε
1348 3307 1461 3365 τοῖς
1506 3303 1694 3372 ἀφυῶς

102 3397 161 3446 ἐν
191 3397 318 3456 ταῖς
369 3393 601 3456 τοξείαις
643 3393 752 3447 τῶν
792 3394 1007 3446 σκοπῶν
1055 3393 1563 3464 ὑπερακοντίζουσι,
1600 3394 1697 3446 καὶ

102 3488 370 3557 ἀτεχνίαν
395 3487 592 3556 μᾶλλον
615 3487 759 3556 ἢπερ
789 3486 1075 3555 εὐστοχίαν
1100 3485 1594 3556 ἐπιδεικνυμένοις,
1620 3485 1698 3557 τῷ

109 3578 186 3648 μὴ
219 3578 424 3630 εἰδέναι
481 3577 601 3629 καθ’
651 3570 711 3630 οὗ
740 3594 799 3628 τε
828 3578 923 3629 καὶ
955 3579 1082 3630 ὅσον
1121 3576 1218 3630 καὶ
1286 3578 1436 3640 ὅπως
1466 3577 1532 3628 τά
1568 3577 1695 3646 βέλη

107 3670 230 3722 δέον
273 3669 742 3739 ἀποπέμπεσθαι·
779 3669 873 3720 καὶ
904 3668 1014 3738 γὰρ
1049 3668 1142 3721 καὶ
1183 3669 1242 3721 έν
1277 3668 1452 3738 τούτῳ
1496 3670 1697 3738 μᾶλλον

108 3761 250 3829 πρὸς
281 3761 408 3821 τοὺς
440 3759 568 3829 μίαν
595 3760 696 3831 τὴν
727 3759 890 3830 φύσιν
926 3760 1187 3826 λέγοντας
1216 3760 1522 3828 ἀντιλέγειν
1559 3762 1668 3815 ὀνει

111 3851 554 3920 ροπολήσαντες,
585 3849 774 3919 ῶσπερ
822 3851 924 3902 κάν
957 3848 1034 3919 τῷ
1073 3849 1178 3918 πρὸ
1209 3848 1364 3901 τοῦδε
1409 3851 1697 3921 ἐπιχειρή-

113 3959 270 4010 ματι,
300 3941 396 3992 νῦν
427 3939 616 4010 ὥσπερ
646 3944 710 4010 τῇ
743 3941 890 4012 ῥύμῃ
913 3941 1010 4009 τῆς
1043 3940 1178 4010 πρὸς
1213 3941 1546 4008 φιλονεικίαν
1598 3944 1696 4010 ἐφ-

110 4051 307 4095 εσεως,
336 4035 430 4086 καὶ
480 4033 614 4102 πρὸς
644 4033 791 4102 ἡμᾶς
832 4035 957 4096 τοὺς
989 4033 1116 4103 μίαν
1149 4033 1407 4103 λέγοντας
1437 4036 1534 4106 τὴν
1564 4037 1698 4089 ὑπό-

115 4141 308 4177 στασιν
340 4124 434 4177 καὶ
467 4125 589 4194 οὐχὶ
614 4124 710 4194 τὴν
739 4123 922 4192 φύσιν,
947 4126 1039 4177 ἐπὶ
1066 4125 1160 4178 τοῦ
1186 4127 1391 4189 Κυρίου
1415 4127 1572 4196 ἡμῶν
1599 4129 1699 4198 Ἰη-

116 4217 214 4269 σοῦ
248 4215 486 4286 Χριστοῦ
523 4215 903 4286 ἀντιφέρεσθε.
952 4216 1092 4269 Ἀλλ’
1127 4218 1286 4287 ἡμεῖς
1317 4234 1380 4285 γε
1415 4220 1700 4290 συντόμως

118 4307 280 4376 ὑμῶν
327 4307 425 4376 τὴν
483 4305 832 4377 κατασκευὴν
883 4308 1357 4377 ἀνασκευάσομεν.
1384 4311 1544 4364 Πᾶσα
1590 4313 1699 4381 γάρ

119 4398 399 4467 ἐνέργεια,
435 4401 500 4450 ἐκ
527 4395 806 4466 δυνάμεώς
842 4399 986 4450 ἐστι·
1021 4400 1170 4451 πᾶσα
1221 4399 1278 4451 δὲ
1325 4399 1556 4468 δύναμις
1587 4403 1696 4454 τῶν
1731 4393 1772 4446 D

121 4487 418 4551 συνθέτων,
447 4487 479 4557 ἢ
513 4490 576 4540 ἐκ
600 4487 707 4540 τῶν
738 4486 859 4540 κατ’
887 4487 1024 4539 αὑτά
1050 4488 1250 4559 μερῶν,
1284 4489 1316 4560 ἦ
1354 4491 1418 4543 ἐκ
1446 4489 1546 4559 τῆς
1570 4507 1696 4544 συν⁸

119 4579 327 4640 θέσεως
360 4579 530 4650 αὐτῆς
559 4577 862 4649 ἐνυπῆρξεν
913 4579 1116 4641 αὐτοῖς.
1164 4581 1335 4650 Εἴπερ
1378 4575 1471 4633 οὖν
1507 4580 1568 4634 τὸ
1597 4581 1696 4651 μὲν

117 4671 176 4723 ἒν
204 4671 368 4740 μέρος
396 4671 555 4740 τῆσδε
579 4671 680 4738 τῆς
704 4669 960 4723 συνθέτου
993 4670 1347 4734 ὑποστάσεως
1364 4673 1528 4736 αὑτός
1550 4673 1701 4726 ἐστιν

117 4763 144 4814 6
176 4761 310 4823 Θεὸς
343 4763 535 4828 Λόγος,
567 4761 662 4814 τοῦ
691 4761 746 4814 δὲ
777 4763 967 4834 ἐτέρου
1003 4762 1203 4832 μέρους
1235 4763 1330 4815 τοῦ
1374 4764 1471 4816 σὺν
1522 4763 1695 4834 αὐτῷ,

119 4853 216 4904 καὶ
239 4853 336 4922 τῆς
371 4853 564 4905 ἐαυτοῦ
587 4854 644 4906 δὲ
659 4853 798 4923 πρὸς
828 4856 1007 4906 ἐκεῖνο
1033 4853 1336 4917 συνθέσεως
1360 4854 1523 4916 αὑτός
1552 4855 1701 4906 ἐστιν

119 4944 318 5006 αἴτιος,
351 4946 458 4997 πᾶν
479 4945 533 4997 δὲ
557 4946 745 5004 αἴτιον,
787 4946 971 5014 μεῖζον
994 4947 1092 5015 τήν
1124 4961 1183 4996 τε
1217 4945 1450 5015 δύναμιν
1478 4947 1574 4998 καὶ
1602 4946 1699 5010 τὰς

121 5041 404 5110 ἐνεργείας
442 5041 580 5110 ὑπὲρ
623 5039 690 5091 τά
725 5039 834 5092 ἴδια
865 5040 1108 5093 αἰτιατόν
1143 5040 1261 5103 πῶς
1297 5041 1356 5092 τὸ
1388 5042 1532 5094 κατά
1563 5043 1700 5112 Χρι-

122 5130 248 5182 στὸν
292 5131 322 5184 ὃ
352 5149 404 5183 τι
445 5131 510 5182 ἄν
564 5147 648 5193 τις
679 5131 822 5184 εἴποι
855 5132 1078 5200 γεγονὸς
1127 5132 1412 5196 σύνθετον,
1469 5135 1697 5203 μείζονα

122 5223 236 5287 ἕξει
267 5223 392 5277 τινὰ
421 5226 703 5294 ἐνέργειαν
747 5223 840 5276 τοῦ
893 5226 950 5277 ἐν
1006 5225 1154 5294 αὑτῷ
1188 5225 1308 5295 μὲν,
1339 5227 1513 5279 αἰτίου
1530 5227 1587 5279 δὲ
1628 5223 1695 5280 αὖ

121 5315 215 5368 τοῦ
261 5315 481 5386 μέρους,
509 5318 676 5386 ἤγουν
696 5315 788 5368 τοῦ
821 5315 968 5369 θείου
1005 5319 1210 5384 Λόγους
1258 5317 1396 5371 Ἀλλ’
1418 5319 1540 5371 ἐπεὶ
1567 5321 1698 5390 περὶ

127 5407 319 5460 εὐσιῶν
343 5410 474 5477 ἡμῖν
505 5408 745 5478 παρέσχε
769 5407 878 5460 τῶν
899 5409 1184 5476 ὑμετέρων
1202 5399 1452 5462 ἀτοπιῶν
1475 5412 1506 5481 ἡ
1535 5410 1699 5481 ὑπερ-

129 5495 396 5560 ὅλύζουσα
445 5496 658 5564 ἀλογία,
691 5499 770 5549 ἐτι
813 5499 907 5550 καὶ
955 5497 1163 5552 τοίτων
1221 5499 1392 5561 οὕτως
1442 5501 1694 5568 ἐχόντων,

199 5673 220 5704 ⁷
245 5673 390 5727 liebr
413 5689 502 5738 vn,
540 5678 613 5731 Η).

1783 2125 2022 2186 propter
2036 2117 2416 2174 inﬁrmitatem
2429 2131 2486 2176 et
2504 2123 2751 2178 umbram
2769 2128 3128 2195 operationis,
3151 2131 3371 2199 quando

1792 2207 2302 2280 oﬂ’eruntur),quas
2319 2213 2714 2269 DeusVerbum
2743 2219 3018 2287 complere
3043 2237 3150 2274 non
3176 2231 3369 2291 potens

1793 2315 1894 2368 per
1922 2300 2188 2370 seipsum,
2225 2310 2434 2357 natura:
2470 2304 2724 2360 humana:
2749 2309 3066 2376 operatione
3116 2311 3368 2380 perfecit.

1792 2390 1891 2444 Vel
1925 2382 2406 2446 inﬁrmum'Deum
2443 2395 2683 2449 Verbum
2729 2400 3070 2464 ostendunt,
3106 2404 3191 2456 vel
3247 2420 3370 2472 quae

1793 2495 1902 2533 non
1944 2480 2144 2534 decent
2174 2482 2492 2538 facientem.
2529 2485 2582 2539 Si
2621 2487 2862 2555 primum
2887 2530 2901 2553 ,
2934 2491 3235 2546 etiamnum
3271 2495 3374 2548 Pa-

1795 2577 1900 2635 ter,
1933 2573 2027 2641 qui
2053 2573 2306 2628 humanae
2340 2586 2552 2630 natura:
2585 2595 2693 2632 non
2720 2581 2971 2650 subjacet
3001 2622 3016 2646 ,
3070 2583 3136 2637 ad
3180 2585 3372 2653 hujus-

1796 2659 1942 2713 modi
1979 2663 2333 2730 operationes
2366 2667 2725 2735 complendas
2759 2670 3032 2740 impotens
3052 2683 3169 2737 est;
3206 2683 3371 2743 atque

1796 2753 2099 2806 secundum
2135 2754 2241 2809 hoc
2266 2797 2279 2822 ,
2321 2758 2495 2828 major
2521 2759 2680 2814 Patre
2716 2761 2887 2816 Filius
2931 2773 3016 2816 est
3042 2805 3056 2826 ,
3103 2766 3248 2834 quod
3287 2776 3372 2820 est

1794 2843 2024 2912 impium
2050 2863 2063 2897 :
2089 2845 2134 2899 si
2155 2863 2286 2902 vero
2305 2849 2630 2914 secundum,
2650 2851 2877 2908 evidens
2897 2864 2979 2908 est
2997 2855 3369 2925 blasphemia;

1797 2951 2036 3006 namque
2064 2938 2208 2992 Deus
2241 2939 2382 2992 nihil
2410 2939 2556 3008 quod
2585 2956 2695 2994 non
2733 2943 2925 2997 deceat
2957 2944 3105 3007 facit,
3137 2962 3242 3000 nec
3275 2963 3373 3015 per

1721 3063 1764 3120 ο
1799 3019 2056 3090 δεῖρεηιη,
2108 3044 2212 3084 nec
2259 3044 2384 3084 cum
2417 3031 2612 3086 altero.
2655 3031 2712 3086 Si
2747 3049 2879 3086 vero
2908 3044 3167 3090 neutrum
3196 3036 3376 3090 dicere

99 3122 228 3175 οὐδὲ
285 3123 318 3190 ἡ
361 3120 616 3182 σύνθεσις
646 3119 943 3191 γεγένηται
974 3121 1067 3173 τοῦ
1097 3121 1234 3174 Θεοῦ
1263 3121 1438 3189 Λόγου
1475 3122 1569 3175 καὶ
1595 3122 1692 3175 τοῦ

1797 3113 2013 3185 ρίυῐηθεῑ
2047 3159 2060 3182 ,
2096 3136 2206 3175 non
2247 3136 2408 3192 ergo,
2462 3138 2572 3177 non
2606 3124 2740 3178 unio
2774 3125 2917 3179 facta
2956 3135 3040 3181 est
3070 3128 3166 3182 Dei
3201 3129 3365 3184 Verbi

1795 3220 2117 3281 natumque
2151 3212 2428 3267 humanae.

1865 3300 2088 3369 Aliquid
2116 3301 2296 3355 simile
2332 3301 2469 3355 mihi
2496 3317 2657 3372 agere
2707 3303 2968 3358 videmini
2994 3305 3178 3375 inepte
3207 3323 3371 3376 supe-

1797 3389 2051 3443 rantibus
2072 3405 2299 3460 scopum
2354 3392 2460 3446 tela
2489 3393 2768 3462 iaciendo,
2816 3394 3147 3463 imperitiam
3189 3399 3372 3466 potius

1797 3495 1959 3549 quam
1990 3482 2268 3535 solertiam
2292 3484 2741 3549 ostendentibus,
2766 3485 2840 3538 ita
2873 3495 2931 3538 ut
2963 3486 3214 3540 nesciant
3238 3503 3368 3556 quo,

1797 3577 2064 3638 quantum
2099 3572 2490 3641 quomodoque
2532 3574 2637 3628 tela
2673 3575 2926 3642 iacienda
2959 3575 3108 3630 sint:
3135 3592 3371 3647 namque

1798 3676 1921 3714 cum
1951 3661 2005 3714 in
2029 3661 2137 3716 hoc
2159 3663 2342 3731 potius
2369 3664 2747 3718 asserentibus
2767 3681 2930 3718 unam
2962 3677 3211 3720 naturam
3240 3684 3373 3721 con-

1799 3753 2069 3808 tradicere
2105 3754 2578 3819 somniavissetis,
2634 3756 2864 3824 perinde
2924 3772 2989 3812 ac
3023 3761 3371 3826 praecedente

1798 3858 2143 3920 argumento,
2163 3853 2243 3906 sic
2268 3861 2322 3907 et
2353 3869 2502 3907 nunc
2527 3853 2802 3909 mediante
2827 3842 3200 3911 contentionis
3225 3858 3372 3913 desi-

1799 3942 1976 4007 derio,
2013 3945 2305 3998 adversum
2337 3961 2440 3998 nos
2471 3960 2690 4014 quoque
2716 3961 2880 4000 unam
2909 3933 3248 4018 bypostasim
3271 3965 3375 4005 nec

1798 4042 2053 4089 naturam
2079 4045 2391 4090 asserentes
2427 4035 2479 4088 in
2512 4035 2744 4089 Domino
2778 4049 2972 4091 nostro
2994 4038 3121 4092 Jesu
3153 4039 3376 4093 Christo

1801 4127 2099 4183 irruimini.
2157 4126 2260 4181 Sed
2304 4141 2406 4180 nos
2455 4134 2788 4180 structuram
2826 4135 3066 4180 vestram
3122 4128 3375 4182 breviter

1800 4220 2170 4275 destruemus.
2203 4218 2393 4273 Omnis
2422 4218 2570 4272 enim
2601 4218 2850 4286 operatio
2879 4233 2944 4271 ex
2978 4218 3222 4286 potentia
3249 4226 3370 4283 est;

1801 4312 1982 4366 omnis
2006 4320 2190 4365 autem
2224 4311 2473 4380 potentia
2501 4309 2808 4373 unitorum,
2856 4309 2971 4362 sive
3020 4325 3084 4363 ex
3125 4309 3374 4377 partibus

1801 4404 1947 4458 inter
1980 4418 2060 4466 se,
2100 4403 2216 4456 sive
2242 4417 2308 4455 ex
2353 4400 2467 4470 ipsa
2506 4398 2710 4453 unione
2744 4399 2800 4452 in
2831 4397 2965 4467 ipsis
3014 4398 3282 4452 subsistit.
3317 4398 3373 4452 Si

1800 4509 1932 4565 ergo
1982 4501 2038 4548 et
2077 4508 2205 4563 pars
2254 4507 2363 4545 una
2412 4491 2578 4545 unita:
2614 4489 2924 4562 hypostasis
2965 4489 3035 4544 sit
3074 4489 3190 4559 ipse
3232 4490 3375 4544 Deus

1799 4586 2090 4650 Verbum,
2158 4585 2496 4653 alteriusque
2554 4583 2730 4652 partis
2789 4582 3144 4645 comitantis,
3211 4592 3376 4651 atque

1798 4675 1884 4728 sui
1908 4674 2083 4744 ipsius
2103 4672 2328 4727 unionis
2350 4688 2474 4727 cum
2505 4672 2596 4726 illa
2623 4671 2738 4740 ipse
2756 4681 2840 4725 est
2869 4685 3052 4736 causa;
3075 4670 3255 4725 omnis
3277 4685 3376 4724 au-

1800 4775 1905 4820 tem
1936 4781 2103 4821 causa
2147 4780 2273 4819 cum
2315 4765 2387 4819 sit
2414 4759 2587 4834 major
2608 4762 2852 4832 potentia
2883 4770 2939 4816 et
2963 4761 3376 4831 operationibus

1797 4858 2038 4914 causalis
2063 4855 2504 4926 suis,.quomodo
2518 4854 2794 4918 Christus,
2810 4853 2854 4908 si
2875 4853 3000 4922 quis
3022 4867 3148 4906 eum
3176 4851 3377 4904 dixerit

1797 4950 2054 5014 unitum,
2110 4949 2380 5018 majorem
2418 4945 2651 4999 habebit
2698 4946 2939 5014 aliquam
2998 4943 3375 5012 operationem

1796 5057 1959 5111 quam
1994 5056 2125 5110 pars
2212 5054 2336 5108 quae
2377 5045 2465 5091 est
2491 5037 2546 5089 in
2582 5037 2961 5105 ip'so,quazque
2997 5035 3195 5088 iterum
3218 5034 3385 5099 panis

1795 5142 2096 5194 estcausa,
2128 5129 2244 5184 sive
2276 5129 2447 5186 Verbi
2481 5127 2694 5181 divini?
2742 5129 2809 5181 At
2836 5125 3108 5196 siquidem
3143 5124 3374 5179 stultitia

1803 5223 2172 5277 absurdorum
2206 5229 2517 5274 vestrorum
2547 5233 2761 5272 summa
2803 5217 2870 5271 de
2907 5216 3231 5272 substantiis
3259 5231 3374 5269 ser-

1804 5329 2026 5369 monem
2057 5312 2320 5374 adduxit.
2372 5312 2674 5366 etiamnum
2706 5310 2793 5363 his
2826 5309 2902 5363 ita
2935 5325 2993 5364 se
3025 5306 3374 5369 habentibus.

1800 5407 1962 5461 nobis
1997 5415 2178 5460 tamen
2209 5403 2314 5457 hoc
2348 5418 2569 5473 quoque
2595 5402 2890 5457 dicendum
2925 5410 3041 5466 est,
3081 5400 3126 5454 si
3164 5399 3379 5453 intelle-

1801 5497 2138 5552 ctuabilibus
2189 5496 2367 5551 oculis
2424 5493 2762 5559 intendatis,
2824 5509 2921 5548 vos
2979 5492 3137 5549 facile
3188 5489 3377 5545 videre
