3876 6310
11 247 113 312 [57

1009 266 1409 329 ADVERSUS
1448 270 1999 334 NESTORIANOS.
2044 298 2116 310 --
2154 271 2302 337 LIB.
2342 277 2393 339 Ι.

3121 232 3125 237 ’
3184 280 3326 347 1453

18 378 49 462 ς
81 362 302 462 ὁμοία,
339 370 454 423 καὶ
497 370 765 446 δώσομεν
815 376 911 429 καὶ
950 378 1115 447 ἡμεῖς
1145 377 1399 433 σύνθεσιν
1429 379 1464 451 ἡ
1496 380 1627 435 κατὰ

1741 399 1976 455 musque
2006 394 2064 442 et
2097 402 2200 442 nos
2248 388 2510 444 unionem
2558 404 2684 460 qua:
2708 389 2904 445 unioni
2950 390 3126 462 ipsius
3167 392 3322 462 juxta

11 451 161 508 ἀντα
204 454 344 513 ἐστὶ
380 462 459 532 τῇ
495 464 636 517 κατ’
662 464 826 518 αὐτὴν
863 466 1112 520 συνθέσει
1161 468 1341 538 ὁμοία.
1381 469 1442 523 El
1473 470 1530 524 δὲ
1562 473 1627 543 μή

1741 476 1928 533 omnia
1960 479 2035 535 sit
2066 479 2283 536 similis.
2320 478 2377 536 Si
2415 488 2600 537 autem
2629 496 2741 537 non
2783 493 2868 539 est
2901 490 3098 538 natura
3129 489 3325 540 huncce

11 559 93 596 ττι
134 546 331 613 φύσις
384 551 543 623 τῷδε
579 555 767 625 ὁμοία,
801 556 961 627 δῆλον
998 557 1074 622 ὡς
1103 559 1227 613 οὐδὲ
1260 560 1510 627 σύνθεσις
1541 581 1647 632 φυσι.

11 636 105 708 ,κὴ
142 640 334 712 ὁμοία
368 645 450 715 τῇ
482 645 679 702 τοῦδε.
726 643 801 702 UO
848 649 960 722 γὰρ
1000 651 1100 705 οὐκ
1144 651 1292 707 ἔστιν
1329 654 1518 722 ὅμοιον
1543 655 1639 727 δρ-

11 746 148 782 ινον
198 736 512 801 μουσικὸν
545 739 612 792 ὲν
635 741 750 805 τοῖς
778 734 952 809 οὖσιν,
977 743 1194 816 ἀνάγκη
1233 745 1331 799 καὶ
1352 744 1445 800 τὸν
1473 744 1649 816 φθόγι

11 839 67 874 ›ν
103 822 362 881 πάντων
398 828 527 884 τῶν
570 830 742 886 ὄντων
769 833 1195 904 παραλλάσσειν.
1223 838 1362 909 Ὥρα
1383 838 1440 894 δὲ
1471 840 1639 911 ὑμᾶς,

11 915 103 968 real.
147 918 235 988 μὴ
283 920 680 995 εὐποροῦμεν
722 924 912 998 ἕτερόν
951 945 1074 982 τινα
1103 929 1275 996 δεῖξαι
1303 931 1639 1004 δημιουργὸν

11 1027 34 1061 ι
96 1009 188 1097 μὴ
241 1011 444 1068 ὄντων
508 1018 835 1087 προάγοντα
867 1019 938 1074 τὰ
963 1021 1253 1092 γινόμενα,
1305 1041 1382 1097 μη
1416 1025 1479 1080 δὲ
1518 1026 1639 1080 τόδε

12 1098 110 1167 sp".
145 1096 310 1153 Θεοῦ
362 1105 826 1177 καταδέχεσθαι·
866 1109 982 1163 ἀλλ’
1010 1110 1132 1164 οὐδὲ
1165 1113 1388 1184 Πατέρα
1413 1115 1638 1171 τοιῶσδε

11 1190 290 1246 εννῶντα
354 1193 539 1258 Θεὸν,
583 1199 613 1269 ἢ
660 1199 789 1254 Υἱὸν
834 1201 1057 1257 τοιῶσδε
1087 1206 1452 1276 γεννώμενον,
1502 1207 1639 1262 Θεὸν

18 1278 323 1336 ιστεύειν·
359 1282 507 1339 οὕτε
544 1287 601 1340 δὲ
640 1289 877 1365 Χοιστὸν
906 1291 1070 1346 αὐτόν
1104 1308 1168 1361 γε
1206 1292 1299 1348 τὸν
1334 1294 1457 1349 καθ’
1488 1297 1638 1369 ἡμᾶς

11 1389 168 1437 ντως
215 1378 548 1444 γενέσθαι·
578 1380 699 1434 ἀλλ’
728 1383 851 1436 οὐδὲ
885 1384 979 1438 τὸν
1011 1386 1136 1439 καθ’
1162 1387 1310 1458 ὑμᾶς
1332 1388 1638 1462 διαγραφό·

11 1480 188 1518 ,ενονο
229 1468 380 1522 ἐπεὶ
430 1470 661 1541 μήποτε
686 1472 893 1528 τοιόνδε
923 1475 1046 1530 τινὰ
1073 1474 1234 1531 ἄλλον
1278 1477 1479 1551 ἔχομεν
1507 1480 1635 1552 ύμῖν

11 1557 440 1651 πιδείξασθαι,
478 1563 517 1634 ἢ
563 1564 723 1637 ὑμεῖς
762 1568 923 1637 ὴμτνθ
956 1570 1004 1622 εί
1033 1568 1110 1641 μὴ
1135 1570 1244 1642 ἄρα
1274 1574 1387 1634 τοῖς
1414 1573 1637 1647 προφή-

16 1665 120 1710 αις
173 1650 366 1705 αὑτὸν
419 1650 547 1706 ἴσον
591 1656 768 1729 πάντη
796 1656 987 1727 λέγετε
1020 1659 1164 1715 κατά
1195 1661 1295 1734 τὴν
1336 1662 1433 1718 νῦν
1466 1660 1633 1720 οὖσαν

11 1738 340 1813 ιουδαῖκὴν
399 1743 662 1816 γνώμην.
700 1747 812 1801 Καὶ
857 1749 1042 1813 ἁπλῶς
1075 1751 1253 1807 πάντα
1307 1754 1377 1808 τά
1427 1758 1633 1812 σπάνια

11 1837 89 1887 ιαὶ
123 1835 524 1907 ὑπερέχοντα
573 1838 673 1910 τὴν
706 1839 870 1910 φύσιν
910 1843 1007 1896 καὶ
1032 1844 1103 1899 τὰ
1132 1844 1391 1917 θαύματα
1435 1851 1532 1903 καὶ⁸
1561 1844 1637 1905 ὧν

11 1926 102 1979 νύκ
141 1929 211 1981 ἐν
244 1920 454 1983 ’πᾶσιν
486 1931 521 2000 ἡ
549 1930 750 1998 γνῶσίς
790 1932 961 2000 ἐστιν,
990 1928 1066 1990 ὧν
1112 1955 1172 1991 τε
1204 1938 1282 2011 μὴ
1327 1940 1513 1996 κανὼν
1540 1944 1639 1998 καὶ

11 2015 214 2087 ιέχνης
263 2016 449 2091 λόγος
503 2020 839 2092 περιγράφει
883 2022 985 2095 τὴν
1024 2028 1360 2100 ἐπιστήμην,
1396 2031 1428 2103 ἢ
1477 2026 1559 2095 οἷς
1603 2035 1637 2105 ἡ

11 2110 179 2179 τεῐρα
218 2109 305 2180 μὴ
345 2114 912 2183 μαρτυρεϊιπάντων
955 2118 989 2188 ἡ
1019 2118 1302 2191 ἀναίρεσις
1327 2123 1451 2176 καθ’
1491 2124 1638 2195 ὑμᾶς

11 2199 195 2266 locat,
230 2201 269 2273 ἦ
298 2204 386 2268 ὼς
418 2205 605 2260 εἰπεῖν
629 2206 698 2260 δι’
718 2207 886 2279 ὑμᾶς.
917 2211 1029 2264 Καὶ
1057 2211 1111 2264 τί
1135 2214 1343 2270 τούτων
1377 2218 1505 2289 ὑμῖν
1530 2224 1641 2290 χεῖ-

11 2308 106 2365 ρον
144 2293 222 2348 ἄν
259 2311 358 2359 τις
397 2297 789 2367 ὲγκαλέσειεν;
831 2301 895 2355 El
941 2302 1001 2356 δὲ
1035 2304 1101 2377 δὴ
1133 2307 1271 2372 ὅλως
1301 2309 1398 2363 τοῦ
1432 2327 1637 2382 γραφι-

11 2386 112 2440 κοῦ
142 2388 328 2458 λόγου
359 2391 474 2460 τῆς
514 2391 864 2461 διδασκαλίας
898 2394 1233 2470 ἀξιούμενοι,
1262 2406 1637 2473 κατανύγεσθε

11 2480 362 2552 πεισθῆναι,
403 2484 594 2550 καθὼς
624 2487 721 2540 νῦν
764 2489 897 2559 ἡμῖν
946 2490 1273 2563 ὑπέσχεσθε,
1318 2495 1409 2550 καὶ
1446 2497 1544 2570 τὴν
1575 2503 1638 2555 ὲκ

11 2572 125 2626 τῶν
177 2573 592 2633 θεοπνεύστων
621 2579 822 2649 λογίων
862 2585 1178 2656 μαρτυρίαν
1223 2589 1635 2660 παραδέχεσθε,

11 2662 117 2734 ὀψὲ
143 2665 289 2735 γοῦν
324 2668 700 2738 διεγνωκότες
740 2673 826 2727 ὅτι
856 2675 1146 2747 ἐμώρανεν
1182 2682 1211 2733 ὁ
1247 2680 1380 2745 Θεὸς
1421 2681 1521 2753 τὴν
1550 2701 1639 2738 σο-

11 2755 155 2825 φίαν
191 2756 294 2811 τοῦ
328 2759 555 2830 κόσμου
582 2761 799 2831 τούτου,
839 2767 1066 2838 μυρίαις
1110 2769 1177 2823 ἂν
1220 2772 1368 2841 ὑμᾶς
1412 2772 1637 2846 ἔχοιμεν

15 2848 370 2923 δυσωπῆσαι
406 2855 860 2927 ταῖςχρήσε-σιψ
900 2859 978 2924 ὼς
1019 2860 1157 2916 Θεοῦ
1209 2865 1446 2935 ἀληθοῦς
1497 2871 1638 2940 πρὸς

14 2943 335 3017 ἄνθρωπον
374 2946 558 3019 ἀληθῆ
597 2950 822 3019 γέγονεν
867 2953 1088 3026 ἀληθῶς
1118 2961 1154 3029 ἡ
1191 2962 1398 3034 φυσικὴ
1447 2964 1635 3019 σύνθε-

22 3051 117 3099 σις
149 3034 254 3089 τοῦ
304 3037 592 3092 Δεσπότου
630 3040 790 3110 ἡμῶν
840 3043 1018 3114 Ἰησοῦ
1056 3048 1294 3117 Χριστοῦ
1319 3069 1334 3084 ο
1379 3056 1442 3108 οὐ
1502 3073 1634 3126 προ-

23 3126 371 3198 ῠποστάσης
399 3131 502 3196 τῆς
529 3129 668 3202 πρὸς
710 3131 804 3187 τὸν
844 3134 1024 3203 Λόγον
1058 3139 1303 3205 ἐνώσεως
1339 3144 1437 3211 τῆς
1471 3146 1636 3214 ἁγίας

26 3215 207 3308 αὑτοῦ
241 3217 482 3288 σαρκὸς,
512 3220 630 3275 ἀλλ’
656 3219 776 3295 ἅμα
797 3240 858 3278 τε
890 3224 1054 3295 φύσις
1088 3227 1181 3281 καὶ
1215 3231 1530 3303 συμφύησις
1557 3235 1636 3308 τῷ

25 3304 348 3377 ὑπερφυεῖ.

105 3397 400 3454 Σκεπτόω
439 3400 496 3455 δὲ
527 3404 623 3457 καὶ
658 3403 834 3470 οὕτως
866 3404 952 3461 ἔτι
985 3410 1118 3482 περὶ
1162 3411 1358 3466 τούτου
1403 3415 1472 3470 τὰ
1504 3419 1634 3487 παρ’

30 3490 203 3561 ἡμῶν
226 3509 244 3525 ο
282 3493 376 3547 ὅτι
408 3494 532 3548 τινὰ
573 3495 845 3567 ὀργανικὰ
881 3500 1048 3574 μόρια
1082 3505 1144 3557 ὲν
1179 3505 1314 3576 ἡμῖν
1336 3505 1446 3561 τῶν
1478 3526 1636 3579 φυσι-

32 3583 151 3638 κῶν
191 3601 256 3638 τε
306 3585 411 3639 καὶ
467 3587 804 3644 ίδικωτάτων
844 3592 1144 3665 ἐνεργειῶν
1194 3598 1342 3653 εισι·
1385 3602 1484 3656 καὶ
1532 3603 1633 3674 οὐχ

34 3675 192 3732 ἁπλᾶ
239 3676 458 3749 ὄργανα
506 3677 582 3743 ὡς
622 3678 825 3745 ἔξωθεν
862 3684 1238 3758 ἐνεργούμενα
1294 3692 1501 3745 νοοίντο
1540 3692 1627 3759 ἂν,

37 3766 181 3822 ἀλλὰ
210 3771 315 3823 καὶ
347 3772 715 3842 συνεργοῦντα
750 3777 866 3840 τοῖς
890 3777 952 3830 ὲν
999 3779 1187 3843 αὐτοῖς
1219 3798 1282 3834 τε
1314 3782 1407 3837 καὶ
1434 3782 1503 3837 δι’
1529 3784 1633 3839 αύ-

36 3860 151 3914 τῶν
182 3862 483 3933 ἐνεργοῦσι
515 3865 660 3919 κατὰ
695 3865 893 3936 φύσιν,
917 3870 1015 3924 καὶ
1063 3872 1183 3942 μετ’
1213 3872 1395 3930 αὐτῶν
1418 3891 1472 3928 τι
1501 3893 1635 3949 προσ

39 3952 310 4018 ἀγουσιν·
347 3952 539 4024 ὥσπερ
574 3954 851 4030 ἀνθρώπῳ
887 3960 1105 4029 γλῶττα
1157 3964 1252 4017 καὶ
1275 3965 1504 4038 ύπερῴα
1538 3969 1633 4024 καὶ

38 4046 109 4096 sit
139 4042 316 4098 λοιπὰ
356 4045 653 4121 φωνητιή
682 4065 744 4102 τε
786 4051 883 4105 καὶ
919 4052 1239 4109 διαλεκτικὰ
1281 4054 1315 4127 ἢ
1346 4057 1442 4111 καὶ
1470 4059 1648 4126 γελα--

42 4136 215 4192 στικά
249 4137 438 4208 μόρια.
487 4138 641 4192 Ἒπεὶ
667 4135 761 4195 οὖν
795 4141 1089 4216 ίδικωτάτη
1113 4148 1215 4218 τῆς
1231 4145 1381 4212 θείας
1412 4148 1633 4217 φύσεως

42 4226 308 4298 ἐνέργεια
358 4228 710 4303 ὡμολόγηται
742 4235 777 4305 ἡ
807 4235 919 4289 τῶν
952 4237 1180 4308 μηδέπω
1214 4238 1350 4310 μηδὲ
1400 4240 1630 4312 δυνάμει

40 4317 237 4384 ὄντων,
297 4319 414 4374 ἀλλ’
464 4322 597 4377 ἄνευ
638 4323 857 4394 φύσεώς
901 4345 1049 4393 τινος
1092 4330 1316 4401 ἀμέσως
1361 4330 1422 4400 ἐξ
1448 4332 1619 4389 αὐτοῦ

1662 3088 1704 3145 C

1742 569 1962 637 similis,
1995 587 2100 628 nec
2134 574 2396 629 unionem
2429 575 2739 630 naturalem
2771 575 2963 631 unioni
2996 575 3144 631 illius
3166 577 3325 631 simi-

1739 662 1849 718 lem
1876 680 1997 721 esse
2025 673 2197 736 patet.
2225 665 2348 722 Non
2372 667 2525 722 enim
2564 674 2650 723 est
2679 668 2736 724 in
2772 667 2999 724 eutibus
3019 668 3322 742 quidquam

1741 756 2174 816 instrumentum
2229 759 2504 835 musicum
2550 758 2731 816 simile
2765 800 2782 827 ,
2835 774 3177 831 necesseque
3238 767 3324 842 est

1741 853 2448 911 tonum'omniumrentium
2475 853 2723 911 dill‘erre.
2755 852 3000 925 Tempus
3030 863 3117 910 est
3137 864 3321 910 autem

1739 956 1858 1006 vos,
1885 941 2169 1012 siquidem
2185 943 2425 1015 aliquem
2470 944 2653 1000 alium
2688 943 2982 1000 ostendere
3012 952 3322 1000 creatorem

1738 1049 2082 1103 nequeamus
2124 1051 2190 1091 ex
2236 1052 2348 1092 non
2388 1036 2633 1093 entibus.
2659 1044 2845 1093 creata
2906 1034 3323 1104 producentem,

1740 1126 1888 1182 haud
1916 1128 2167 1198 profecto
2205 1129 2345 1184 i-llud
2379 1145 2409 1184 a
2450 1131 2564 1186 Deo
2589 1138 2935 1201 exspectare,
2961 1127 3070 1184 sed
3088 1144 3192 1184 nec
3214 1129 3336 1185 Pa--

1739 1228 1884 1275 trem
1913 1220 1989 1276 ita
2016 1229 2376 1293 generantem
2398 1221 2595 1288 Deum,
2625 1237 2732 1278 nec
2755 1221 2962 1278 Filium
2988 1221 3065 1276 ita
3093 1236 3327 1292 genera-

1739 1320 1879 1378 tum,
1914 1312 2089 1369 Deum
2119 1313 2370 1380 credere,
2414 1328 2521 1370 nec
2550 1312 2837 1370 Christum
2881 1314 3065 1385 ipsum
3094 1313 3321 1385 quidem

1735 1396 2024 1469 iaxtanos
2051 1402 2298 1471 factum,
2351 1405 2463 1461 sed:
2487 1420 2593 1462 nec
2633 1406 2794 1478 juxta
2840 1421 2941 1462 vos
2990 1405 3319 1474 deﬁnitum;
3395 1440 3407 1452 κ

1737 1513 1866 1554 cum
1896 1513 2180 1569 nunquam
2213 1498 2509 1570 quemdam
2557 1500 2794 1557 alterum
2822 1499 3140 1572 hujusmodi
3167 1501 3324 1557 vobis

1737 1590 2148 1648 ostendendum
2177 1607 2283 1648 nos
2308 1592 2697 1658 habuerimus,
2720 1608 2825 1648 nec
2866 1607 2966 1648 vos
2988 1592 3184 1659 nobis;
3214 1593 3318 1650 nisi

1734 1680 1844 1752 jam
1875 1682 2165 1754 praphetis
2193 1684 2424 1741 omnino
2460 1683 2698 1739 similem
2733 1684 2917 1755 ipsum
2955 1685 3319 1755 dicatisjuxta

1736 1786 1982 1842 praesens
2006 1772 2201 1845 dogma
2231 1774 2568 1831 Judaorum;
2601 1773 2800 1831 Omnia
2837 1789 3060 1845 quoque
3111 1774 3322 1845 simpli-

1737 1864 1879 1920 citer
1931 1880 2094 1931 rara,
2141 1875 2395 1921 naturam
2437 1866 2869 1931 antecellentia,
2927 1866 3179 1937 prodigia
3230 1866 3322 1922 illa

1737 1972 1977 2027 quorum
2010 1974 2121 2016 non
2145 1959 2306 2030 plana
2332 1960 2578 2032 cognitio
2599 1970 2705 2027 est,
2732 1975 3083 2032 quorumque
3112 1962 3201 2016 lex
3233 1962 3320 2016 vel

1738 2053 1995 2111 technica
2026 2067 2129 2108 vox
2159 2067 2271 2108 non
2304 2055 2592 2110 scientiam
2631 2053 2847 2121 definit,
2895 2055 2983 2110 vel
3030 2070 3157 2126 qua:
3208 2070 3319 2110 non

1738 2147 1937 2216 probat
1967 2148 2329 2217 experientia.
2382 2148 2654 2205 tolluntur
2701 2163 2733 2203 e
2775 2147 2960 2203 medio
2990 2148 3146 2218 juxta
3198 2164 3317 2213 vos,

1738 2236 1825 2292 vel
1857 2238 2021 2294 aliter
2072 2254 2174 2309 per
2223 2255 2343 2296 vos.
2394 2239 2539 2307 Quid
2584 2240 2742 2311 pejus
2791 2239 2952 2295 vobis
2992 2239 3318 2309 exprobrari

1738 2328 1964 2396 posset?
1998 2328 2057 2384 Si
2080 2338 2287 2394 autem,
2316 2340 2610 2401 postquam
2643 2329 2876 2386 verbum
2908 2331 3183 2401 scriptum
3215 2329 3316 2385 do-

1738 2418 1932 2475 ctrinze
1952 2421 2112 2490 plane
2140 2421 2484 2492 receperitis,
2510 2437 2708 2492 parere
2740 2421 3060 2486 renueritis,
3086 2432 3147 2478 ut
3169 2438 3317 2476 nunc

1738 2509 1902 2563 nobis
1942 2511 2272 2578 ostenditis,
2317 2527 2496 2582 exque
2530 2512 2736 2568 divinis
2774 2513 3019 2569 oraculis
3059 2515 3316 2568 testimo-

1737 2600 1894 2654 nium
1931 2602 2199 2672 recipitis,
2236 2612 2388 2659 certe
2439 2612 2730 2675 postquam
2773 2620 2898 2660 sero
2944 2606 3317 2676 coguoveritis

1737 2690 1910 2745 Deum
1927 2692 2254 2763 sapientiam
2281 2695 2448 2766 hujus
2469 2696 2661 2751 mundi
2684 2696 2909 2751 stultam
2938 2696 3141 2753 facere.
3167 2698 3317 2751 mille

1736 2783 1979 2837 oraculis
2035 2798 2133 2837 vos
2186 2785 2517 2841 convincere
2579 2787 2922 2856 poterimus,
2972 2787 3069 2842 Dei
3102 2787 3217 2842 veri
3246 2788 3314 2842 ad

1739 2872 2020 2928 hominem
2038 2891 2229 2931 verum
2249 2892 2381 2933 vere
2404 2877 2604 2933 factam
2631 2877 2803 2935 fuisse
2824 2880 3133 2935 naturalem
3158 2880 3318 2934 unio-

1737 2980 1863 3020 nem
1899 2966 2118 3021 Domini
2165 2967 2342 3023 nostri
2387 2968 2521 3025 Jesu
2565 2968 2814 3038 Christi,
2866 2972 3068 3027 unione
3112 2981 3317 3028 sanctae

1737 3055 1925 3111 carnis
1941 3056 2115 3126 ipsius
2136 3057 2203 3113 ad
2220 3057 2471 3113 Verbum
2489 3074 2601 3114 non
2624 3061 3061 3130 praeexsistente,
3096 3061 3191 3117 sed
3218 3077 3317 3116 na-

1740 3154 1864 3202 tura
1894 3147 2436 3220 participationeque
2461 3152 2755 3209 naturain
2789 3152 2981 3224 coqui
3012 3168 3181 3223 supra
3211 3169 3315 3208 na-

1735 3248 1915 3299 turam
1941 3248 2022 3296 est
2041 3242 2392 3299 consociatis.

1808 3420 1980 3477 Nobis
2006 3431 2190 3479 autem
2217 3423 2421 3479 adhuc
2443 3422 2513 3479 de
2554 3423 2660 3478 hoc
2685 3421 3164 3479 considerandum
3203 3431 3311 3484 est.

1737 3514 1792 3569 in
1825 3514 1986 3570 nobis
2007 3530 2131 3571 esse
2164 3516 2430 3586 quasdam
2451 3524 2639 3587 partes
2656 3516 2949 3588 organicas
2972 3514 3313 3570 naturalium

1735 3608 2171 3678 specialiumque
2215 3610 2603 3679 operationum
2624 3627 2640 3676 ;
2658 3625 2777 3664 nec
2792 3610 3078 3680 simplicia
3108 3623 3315 3680 organa

1735 3706 2001 3769 tanquam
2034 3700 2282 3755 exterius
2311 3701 2600 3771 operantia
2628 3701 2861 3771 intelligi
2892 3710 3159 3779 possent,
3215 3701 3312 3757 sed

1734 3798 1995 3860 tanquam
2026 3791 2383 3861 cooperantia
2412 3791 2682 3847 cumxillis
2712 3806 2835 3860 quae
2866 3790 2921 3846 in
2954 3792 3091 3860 ipsis
3131 3800 3188 3846 et
3216 3806 3315 3861 per

1735 3884 1853 3955 ipsa
1879 3869 2036 3956 juxta
2056 3892 2313 3940 naturam
2336 3874 2662 3954 operantur,
2688 3898 2928 3953 cumque
2961 3882 3071 3936 illis
3101 3882 3312 3952 aliquid

1733 3977 2067 4049 producunt;
2096 3987 2159 4033 ut
2183 3977 2239 4031 in
2256 3976 2481 4032 homine
2507 3977 2712 4046 lingua,
2739 3975 2983 4046 palatum
3000 3983 3312 4047 caeteraque

1731 4071 1800 4126 ad
1835 4086 2057 4137 sonum,
2091 4085 2287 4127 vocem
2315 4070 2403 4126 vel
2436 4069 2608 4125 risum
2641 4069 2969 4140 spectantia.
3009 4068 3148 4125 Cum
3178 4084 3310 4140 ergo

1730 4162 1966 4219 maxime
2007 4171 2235 4233 naturae,
2267 4162 2469 4219 divinae
2508 4162 2732 4232 propria
2760 4171 3092 4232 agnoscatur
3116 4176 3309 4216 eorum

1730 4271 1855 4327 quae
1881 4254 2132 4311 nondum
2160 4271 2268 4311 nec
2301 4255 2547 4326 potentia
2562 4263 2704 4310 sunt
2725 4253 2978 4325 operatio
2998 4295 3013 4318 ,
3064 4253 3160 4311 sed
3189 4256 3308 4308 sine

1731 4345 1845 4400 ulla
1869 4353 2067 4400 natura
2089 4344 2406 4401 immediate
2434 4359 2509 4400 ex
2543 4344 2665 4415 ipso
2687 4344 3130 4415 provenientium
3156 4360 3302 4399 crea-

47 4409 448 4506 προαγομένων
479 4412 735 4506 ποίησιςη
754 4417 844 4506 οἶα
873 4419 1022 4474 ἐστὶν
1048 4422 1085 4491 ἡ
1111 4421 1221 4476 ἀπὸ
1255 4422 1364 4492 γῆς
1394 4424 1493 4497 τῆς
1529 4425 1627 4480 ἀν-

1735 4436 2035 4506 tio,prout
2061 4444 2147 4492 est
2187 4452 2263 4492 ετ-
2300 4444 2457 4491 terra
2501 4409 2703 4492 carnis
2726 4435 2983 4491 humanae
3021 4409 3089 4492 ad
3137 4436 3306 4493 vitam

47 4494 335 4570 θρωπὶνης
384 4502 586 4573 σαρκὸς
640 4504 778 4575 πρὸς
826 4505 974 4581 ζωὴν
1020 4509 1219 4577 πλάσις
1257 4494 1487 4584 (ταύτην
1510 4515 1567 4569 δὲ
1598 4517 1630 4570 ὁ

47 4589 330 4675 ᾼεσπότης
361 4593 645 4665 ἡμῶνκκαὶ
676 4596 812 4662 Θεὸς
847 4599 1060 4671 Ἰησοῦς
1094 4604 1123 4656 ὁ
1150 4604 1389 4675 Χριστὸς
1418 4606 1630 4661 ἐπεδεί-

50 4674 180 4739 ξατο
206 4679 300 4734 ὲπὶ
332 4682 430 4736 τοῦ
464 4683 529 4737 ἐκ
568 4687 798 4759 γενετῆς
832 4688 1064 4759 τυφλοῦ,
1100 4674 1217 4746 και
1249 4693 1340 4747 διά
1374 4693 1628 4765 σώματος

49 4767 254 4821 οἰκείου
287 4770 496 4845 ταύτην
527 4774 825 4848 ἐνήργησε,
859 4777 1155 4845 δακτύλοις
1184 4782 1501 4853 πηλοποιῶν
1534 4788 1629 4840 καὶ

48 4856 392 4916 διαπλάττων
416 4866 585 4920 αὑτοῦ
602 4871 728 4933 τοὺς
744 4870 1081 4943 ὀφθαλμοὺς,
1104 4873 1283 4932 καίτοι
1304 4873 1449 4946 λόγῳ
1481 4877 1628 4950 μόνῳ

50 4951 177 5004 τάδε
208 4957 388 5009 ποιεῖν.
410 4955 743 5030 δυνάμενος)
767 4976 781 4990 ·
810 4962 970 5031 δῆλον
1019 4965 1096 5030 ὡς
1146 4967 1290 5022 κατά
1327 4967 1491 5039 φύσιν
1527 4970 1627 5042 τὴν

52 5042 231 5113 σάρκα
267 5047 435 5101 αὑτοῦ
486 5052 778 5123 παριστῶν
805 5055 956 5133 αὐτῷ
992 5058 1340 5126 συγκεῖσθαι,
1385 5061 1512 5115 τάδε
1543 5062 1627 5117 οὔ·

52 5152 158 5199 τως
192 5141 364 5192 ποιεῖ·
401 5139 540 5194 διότι
571 5143 642 5197 τά
674 5143 1010 5213 ίδικωτάτως
1047 5148 1216 5204 αὑτοῦ
1260 5150 1369 5222 τῆς.
1407 5152 1624 5221 φύσεως

53 5226 201 5290 ὄντα,
230 5229 320 5284 διά
360 5232 456 5286 τοῦ
494 5230 769 5306 σώματος,
799 5239 1162 5311 ἀνθρωπίνως
1193 5244 1438 5315 ζενεεργῶν
1477 5263 1618 5318 προ-

54 5318 323 5377 ϐάλλεται.
359 5324 576 5396 ’Ὥσπερ
613 5322 708 5381 οὖν
749 5346 833 5392 τις
881 5331 1004 5385 οὐδὲ
1034 5332 1273 5403 θελήσας
1299 5333 1524 5392 δύναιτο
1555 5337 1627 5394 ἃν.

56 5413 122 5467 δι’
149 5414 376 5486 ὀργάνου
418 5421 566 5485 τινὸς
595 5422 889 5478 ἀσυνθέτου
927 5426 1064 5499 πρὸς
1093 5428 1259 5484 αὑτὸν
1293 5428 1446 5496 θντος
1480 5433 1623 5487 κατά

59 5504 233 5595 φύσιν,
268 5509 431 5575 αὐτὸς
460 5512 647 5568 λαλεῖν
695 5515 728 5587 ἢ
761 5516 926 5589 γελᾷν
971 5519 1070 5574 καὶ
1099 5522 1619 5595 προσδιαλέγεσθαι,

59 5593 223 5664 οὕτως
248 5600 368 5655 οὐδὲ
400 5600 532 5667 Θεὸς
567 5605 641 5678 μὴ
679 5607 824 5661 κατά
853 5609 1019 5678 φύσιν
1051 5614 1118 5683 τῇ
1156 5612 1262 5685 ἰδίᾳ
1285 5593 1455 5688 σαρκὶ
1488 5634 1621 5688 συγ-

64 5688 319 5785 κείμενος,
351 5695 447 5762 τὰς
481 5697 808 5767 ίδικωτάτας
837 5702 973 5758 Θεοῦ
1017 5706 1297 5778 ἐνεργείας
1348 5709 1435 5764 διὰ
1485 5727 1618 5784 σαρ-

1730 4524 1942 4595 plasma
1971 4525 2146 4596 (hanc
2174 4535 2358 4581 autem
2388 4525 2658 4582 Dominus
2682 4535 2876 4581 noster
2895 4535 2953 4582 et
2983 4527 3128 4583 Deus
3147 4514 3307 4584 Jesus

1728 4613 1985 4672 Christus
2007 4616 2255 4672 ostendit
2276 4616 2333 4670 in
2348 4630 2416 4672 eo
2435 4616 2530 4687 qui
2561 4631 2630 4671 ex
2647 4616 2937 4672 nativitate
2959 4626 3077 4672 erat
3103 4634 3303 4682 cmcus.

1729 4720 1794 4762 ac
1821 4720 1922 4776 per
1947 4720 2108 4761 suum
2132 4720 2336 4776 corpus
2367 4706 2653 4773 exercuit,
2683 4706 2873 4777 digitis
2897 4707 3075 4763 lutum
3103 4708 3308 4765 faciens

1728 4796 2043 4868 liniensque
2071 4798 2264 4854 oculos
2287 4797 2431 4868 ejus,
2455 4797 2563 4854 etsi
2608 4799 2783 4855 verbo
2812 4800 2931 4855 solo
2964 4800 3084 4856 haec
3125 4801 3305 4859 facere
3418 4804 3424 4813 '

1722 4888 2054 4960 potuisset);
2078 4897 2141 4944 ut
2160 4906 2386 4948 carnem
2409 4907 2565 4948 suam
2585 4891 2740 4962 juxta
2766 4901 3023 4947 naturam
3055 4893 3303 4947 sibimet-

1729 4978 1834 5049 ipsi
1865 4978 2027 5034 uniri-
2042 4978 2382 5048 ostenderet,
2401 4981 2484 5036 sic
2504 4994 2571 5035 ea
2600 4979 2781 5035 facere
2808 4991 2991 5051 patet;
3012 4990 3303 5051 propterea

1727 5085 1851 5141 quae
1874 5078 2005 5126 sunt
2030 5072 2267 5127 maxime
2287 5070 2715 5142 propria‘ipsius
2732 5080 2944 5127 natura:
2963 5111 2979 5133 .
3012 5087 3112 5142 per
3142 5088 3302 5128 suum

1727 5176 1952 5233 corpus,
1986 5162 2425 5218 humano-modo
2448 5178 2616 5232 agens
2640 5164 2912 5234 propalat.
2932 5163 3301 5231 Quemadmuv

1725 5251 1858 5307 dum
1888 5269 2021 5325 ergo
2054 5254 2276 5325 aliquis,
2299 5255 2405 5310 etsi
2431 5257 2618 5322 vellet,
2657 5272 2756 5327 per
2775 5272 3043 5330 organum
3078 5257 3301 5327 aliquod

1724 5359 1836 5399 non
1862 5345 1930 5399 ad
1961 5345 2141 5416 ipsum
2167 5346 2381 5401 unitum
2403 5347 2561 5419 juxta
2584 5357 2860 5415 naturam,
2891 5349 3043 5420 loqui
3091 5349 3175 5404 vel
3230 5351 3296 5403 ri-

1724 5435 1858 5492 dere
1889 5438 1976 5492 vel
2007 5436 2263 5493 conferre
2302 5438 2599 5509 nequiret,
2649 5438 2724 5493 ita
2772 5455 2878 5497 nec
2917 5438 3101 5505 Deus,
3147 5440 3299 5510 juxta

1723 5537 1977 5584 naturam
2020 5530 2258 5601 propriae
2313 5531 2466 5585 carni
2515 5547 2625 5586 non
2674 5516 2901 5597 unitus,
2951 5532 3304 5601 operationrs

1723 5621 1961 5676 maxime
1983 5621 2095 5676 Deo
2124 5621 2380 5691 proprias
2420 5638 2520 5693 per
2567 5638 2789 5678 carnem
2834 5638 2943 5678 non
2991 5623 3303 5679 exhiberet.

1702 5711 1793 5789 bAt
1817 5728 1947 5770 vere
1982 5714 2097 5770 sola
2124 5724 2366 5786 potestas
2399 5715 2584 5773 divina
2618 5716 2895 5772 mediante
2918 5719 3144 5789 proprio
3182 5734 3291 5773 cor-
