3876 6310
0 255 120 319 εει

1062 275 1460 336 ADVERSUS
1497 274 2048 336 NESTORIANOS.
2079 299 2150 309 -
2188 275 2337 334 LIB.
2380 274 2431 333 Ι.

3240 274 3260 336 l
3281 268 3376 336 ἱθὲ

0 388 130 440 περ
170 373 425 439 ἀσεϐὲς
453 416 473 442 ,
515 382 634 433 xa‘t
685 382 974 456 βλάστημα
1012 385 1229 456 Ἀρείου
1285 402 1350 437 τε
1377 386 1472 438 καὶ
1512 386 1664 440 Ἀ-πο-

1784 400 1918 440 vero
1949 385 2154 456 agitur,
2193 384 2407 440 recidat
2438 401 2511 440 ex.
2549 385 2656 442 hoc
2706 383 3052 456 blasphemia
3100 382 3155 439 in
3204 393 3370 455 caput

2 466 311 534 ιναρίου·
383 472 446 524 εί
521 473 596 526 δὲ
652 477 873 544 ἄγεται,
931 478 1220 550 τετράφθω
1267 478 1333 532 τὸ
1377 480 1443 532 ἐκ
1491 479 1684 534 τούτου

6 555 375 630 λὰδφημον
443 567 544 628 εἰς
601 568 848 639 κεφαλὴν
877 570 990 624 τῶν
1040 571 1364 638 συγκεῖσθαι
1409 571 1684 639 λεγόντων

4 649 78 700 ὸν
139 650 309 706 Θεὸν
378 656 600 725 Λόγον
637 659 717 729 τῷ
754 660 814 725 ἐξ
847 663 1004 732 ἡμῶν
1039 662 1335 733 ἀνθρώπῳ.
1381 664 1442 717 Εἰ
1471 663 1528 716 δὲ
1559 663 1684 718 οὐδὲ

0 741 122 808 ιγει
154 743 250 807 ὡς
279 747 352 798 ὲν
399 749 712 816 συνθέσει,
747 754 835 807 διὰ
867 756 930 808 τὺ
960 754 1036 826 μὴ
1071 755 1266 824 ἄλογον
1290 752 1432 809 εἶναι
1455 757 1548 809 τὸν
1574 758 1686 810 Κυ-

0 835 213 889 ιιακδν
281 838 667 914 ἄνθρωποψ
719 846 853 917 μηδὲ
907 847 1070 900 πάλιν
1118 847 1465 916 ἄγεται,διὰ
1522 847 1584 900 τὸ
1618 849 1684 901 ὲκ

0 923 215 978 τούτου
263 926 762 1004 ὡμολογημένον
831 935 1177 1007 βλάσφημον,
1227 937 1350 990 οὐδὲ
1407 937 1516 1008 ἄρα
1560 931 1686 992 οὑδὲ

0 1014 308 1086 ςυνετέθη
347 1019 449 1091 τῷ
512 1022 586 1086 ἐξ
634 1024 792 1094 ἡμῶν
843 1022 1291 1098 ἀνθρώπῳοπᾶν
1342 1028 1452 1099 γὰρ
1505 1029 1684 1083 ὁτιοῦν

0 1110 474 1180 νυν-τιθέμενον
510 1116 714 1187 ἑτέρῳ,
744 1118 777 1188 ἢ
812 1118 930 1188 ἄγει
969 1119 1226 1191 ἢᾶγεται
1270 1120 1302 1191 ἢ
1349 1121 1472 1175 οὐδὲ
1524 1121 1686 1176 τοῦτο

0 1201 133 1254 ιὺδὲ
165 1203 420 1271 ἐκεῖνο,
465 1208 670 1273 καθὼς
702 1211 956 1282 εἴπομεν.

68 1293 568 1364 Θαυμάσαντος
621 1301 772 1366 ὅπως
814 1302 914 1364 τὰς
948 1303 1164 1358 τοιάσδε
1212 1305 1322 1360 τῶν
1351 1305 1685 1374 ἀναγκαστι-

0 1385 126 1438 itth
159 1388 622 1461 συλλογισμῶν
671 1394 930 1463 μεθόδους
965 1397 1348 1468 ὲφευρίσκετε,
1382 1398 1682 1468 εὐξαίμεθα

0 1479 74 1531 ἂν
105 1478 234 1546 τῆς
276 1482 547 1536 τοιᾶσδε
592 1485 747 1556 ὑμῶν
773 1487 1047 1552 συνέσεως
1085 1488 1161 1560 μὴ
1200 1489 1392 1560 μαθεῖν
1435 1491 1535 1562 τὴν
1567 1490 1682 1544 δει⁴

0 1569 265 1639 νότητα.
329 1573 412 1625 Τί
460 1575 586 1646 γὰρ
626 1577 757 1646 ὑμῖν
804 1580 885 1642 εἰς
914 1579 1184 1633 πίστωσιν
1212 1581 1309 1633 τοῦ
1342 1583 1420 1650 μὴ
1459 1586 1682 1650 συγκεί-

1 1661 152 1714 σθαι
182 1662 296 1716 τὸν
338 1665 547 1733 Λόγον
581 1670 646 1739 τῇ
683 1670 848 1740 σαρκὶ
897 1670 1082 1741 ἔχουσι
1127 1671 1196 1726 τὰ
1244 1673 1512 1744 εἰρημένα
1555 1693 1680 1729 σκο-

2 1754 248 1823 πητέον
274 1770 290 1784 ⁸
333 1755 483 1821 ἐξὸν
546 1759 658 1830 γὰρ
706 1761 856 1831 ἡμᾶς
899 1763 1396 1834 ἀντιστρέψαντας,
1451 1769 1680 1821 τούναν-

5 1847 143 1899 τίον
174 1849 268 1911 εἰς
297 1847 502 1914 δεῖξιν
532 1851 633 1920 τῆς
655 1851 981 1921 συνθέσεως,
1001 1858 1117 1920 τοῖς
1147 1858 1438 1929 ὑμετέροις
1463 1860 1680 1930 χρήσα-

11 1938 162 1991 σθαι
195 1940 478 2011 ῥήμασι,
512 1940 774 2010 λέγοντας
803 1944 1008 2010 οὕτως’
1033 1948 1150 2001 Πᾶν
1178 1949 1356 2002 ὁτιοῦν
1398 1950 1474 2021 μὴ
1501 1968 1681 2005 συντι-

17 2029 286 2099 θέμενον
307 2032 587 2104 ὲτέρῳ,ῆ
613 2033 738 2102 ἄγει
756 2037 817 2090 τὸ
834 2030 878 2105 ᾧ
897 2039 961 2090 οὐ
991 2038 1297 2107 σύγκειται,
1319 2041 1510 2114 ὥσπερ
1533 2047 1561 2097 ὁ
1579 2044 1678 2097 κύ-

21 2121 252 2190 ϐερνος
283 2124 408 2193 τὴν
445 2122 607 2189 ναῦν,
646 2125 679 2196 ἢ
713 2125 910 2194 ἄγεται
936 2129 1030 2182 ὑπ’
1057 2129 1247 2194 αὑτοῦ,
1274 2129 1520 2204 ὥσπερὴ
1549 2133 1680 2197 ναῦς

27 2213 151 2266 ὑπὸ
181 2213 290 2267 τοῦ
321 2215 618 2289 κυϐέρνου
638 2235 650 2248 ·
689 2219 722 2290 ἢ
755 2218 881 2272 οὔτε
911 2220 1047 2289 ἄγει.
1072 2221 1197 2275 οὔτε
1243 2223 1460 2292 ἄγεται,
1489 2224 1679 2298 ὥσπερ

23 2305 96 2357 τὸ
143 2305 300 2359 Σινᾶ
347 2307 496 2378 ὄρος
529 2309 634 2362 ὑπὸ
669 2310 769 2380 τῆς
804 2311 1107 2382 θαλάσσης.
1142 2314 1259 2367 Πᾶν
1279 2313 1336 2367 δὲ
1367 2315 1427 2368 τὺ
1456 2317 1682 2370 ἀσυνθέ-

30 2414 152 2459 τως
185 2397 356 2468 ἕχον,
386 2401 499 2452 καὶ
530 2400 562 2471 ἢ
595 2402 872 2472 ἀγόμενον
921 2404 1106 2475 μόνον,
1138 2406 1170 2476 ἢ
1207 2407 1346 2478 μήτε
1375 2407 1508 2475 ἄγον
1541 2409 1680 2479 μήτε

34 2489 375 2560 ἀγόμενον,
415 2492 622 2560 ἄλογόν
649 2494 709 2545 τέ
741 2497 859 2547 ἐστι
892 2497 988 2549 καὶ
1013 2498 1197 2560 ἄνουν,
1231 2498 1486 2573 καθάπερ
1514 2499 1582 2552 τὰ
1603 2503 1681 2554 εί-

44 2580 312 2650 ρημὲνα.
351 2580 434 2639 Εἰ,¹
466 2583 648 2637 τοίνυν
674 2585 736 2637 οὐ
766 2585 1026 2656 συνετέθη
1058 2587 1086 2638 ὁ
1117 2587 1292 2654 Λόγος
1324 2587 1401 2656 τῷ
1438 2586 1497 2652 ἑξ
1519 2588 1680 2658 ἡμῶν

43 2673 386 2745 ἀνθρώπῳ,
422 2675 522 2726 καὶ
547 2676 709 2740 αὐτὸς
758 2676 791 2746 ἢ
838 2676 962 2746 ἄγει
993 2677 1024 2748 ἢ
1060 2677 1276 2746 ἄγεται,
1312 2679 1346 2748 ἢ
1377 2679 1680 2734 οὐδὲτοῦτο

47 2767 182 2819 οὐδὲ
218 2768 428 2822 ἐκεῖνό
453 2785 468 2800 ·
495 2770 591 2822 καὶ
620 2771 670 2822 εί
701 2770 804 2840 μὲν
839 2771 988 2840 ἄγει,
1019 2771 1174 2824 ἔσται
1212 2774 1240 2826 ὁ
1276 2772 1337 2836 ἐξ
1379 2773 1540 2844 ἡμῶν
1581 2774 1678 2829 ἄν·

53 2856 299 2928 θρωπος
333 2859 542 2926 ἄλογός
568 2876 628 2911 τε
658 2860 752 2912 καὶ
784 2859 980 2924 ἄνους’
1033 2863 1081 2914 εἰ
1125 2859 1183 2912 δὲ
1231 2859 1446 2929 ἄγεται,
1480 2861 1678 2932 τετρά-

55 2947 188 3018 φθω
237 2947 308 3002 τὸ
357 2948 692 3018 βλάσφημον
725 2951 805 3013 είς
847 2949 1091 3019 κεφαλὴν
1118 2949 1213 3003 τοῦ
1255 2949 1550 3019 δράκοντος
1579 2950 1675 3004 τοῦ

1787 491 1982 531 eorum
2040 477 2136 547 qui
2195 477 2374 546 ipsum
2409 487 2622 534 natura:
2674 487 2881 534 nostra:
2927 477 3144 532 unitum
3202 475 3374 530 luisse

1788 569 2003 624 dicunt.
2031 568 2088 623 Si
2112 579 2300 624 autem
2328 585 2434 626 nec
2462 571 2575 641 agit
2605 579 2778 640 prout
2797 570 3105 632 in-unione,
3134 584 3201 623 eo
3227 568 3373 638 quod

1791 661 2110 716 Dominicus
2157 662 2323 717 homo
2356 663 2574 717 ratione
2622 662 2808 716 orbari
2868 677 2980 715 non
3017 670 3236 731 potest.
3270 676 3374 713 nee

1789 754 1992 808 iterum
2027 755 2210 825 agitur
2250 762 2477 826 propter
2513 755 2915 827 blasphemiam
2953 770 3076 826 quze
3123 753 3371 807 omnium

1788 861 2064 902 consensu
2119 864 2188 902 ex
2235 847 2343 904 hoc
2396 849 2798 918 consequitur,
2841 863 2946 904 nee
2980 861 3116 917 ergo
3168 854 3373 898 nostra:

1785 948 2002 994 natura!
2055 941 2245 995 uultus
2273 949 2394 1006 est;
2433 956 2596 996 omne
2626 941 2776 996 enim
2808 939 3181 1010 quodcunque
3212 937 3369 992 alteri

1788 1034 2028 1098 unitum,
2060 1034 2145 1088 vel
2191 1035 2323 1105 agit,
2357 1035 2441 1091 vel
2491 1035 2696 1106 agitur,
2729 1034 2815 1089 vel
2861 1042 3148 1097 neutrum,
3202 1039 3372 1101 prout

1787 1121 2052 1178 diximus.

1857 1304 2144 1372 Quomodo
2183 1305 2501 1376 huiusmodi
2535 1303 2860 1359 methodum
2906 1301 3233 1360 instantium
3280 1315 3369 1352 ar-

1786 1405 2172 1469 gumentorum
2211 1397 2511 1452 inveniatis
2558 1397 2843 1459 mirantes,
2880 1394 3092 1448 hancce
3128 1391 3370 1446 solertia!

1784 1494 1983 1541 vestrae
2031 1487 2293 1542 astutiam
2346 1485 2492 1542 haud
2548 1486 2766 1542 diseere
2811 1495 3156 1554 optaremus.
3211 1481 3367 1547 Quod

1785 1581 1934 1636 enim
1970 1596 1999 1635 a
2051 1580 2212 1635 vobis
2252 1580 2464 1634 dictum
2497 1588 2584 1636 est
2625 1580 2694 1635 ad
2743 1578 3095 1650 probandum
3128 1576 3369 1644 Verbum

1784 1675 1934 1729 carni
1952 1689 2061 1729 non
2080 1667 2293 1730 unitum
2319 1675 2510 1738 fuisse,
2543 1671 2994 1744 perpendendum
3019 1679 3104 1726 est
3121 1687 3151 1724 a
3172 1670 3333 1724 nobis
3353 1713 3366 1731 .

1782 1783 2022 1836 namque
2071 1768 2202 1822 licet
2250 1767 2412 1821 nobis
2459 1774 2786 1834 retorquere
2820 1765 3109 1819 adversam
3161 1778 3364 1832 propo-

1782 1860 2048 1914 sitionem
2067 1860 2507 1930 ad'probandam
2543 1861 2829 1927 unionem,
2863 1858 3050 1912 verbis
3078 1857 3366 1911 utentibus

1779 1951 2004 2013 vestris,
2070 1950 2261 2019 sicque
2295 1951 2520 2006 dicere:
2557 1950 2733 2006 Omne
2781 1949 3154 2018 quodcunque
3206 1948 3363 2002 alteri

1780 2057 1896 2096 non
1928 2041 2166 2109 unitum,
2206 2042 2292 2096 vel
2333 2043 2444 2112 agit
2481 2042 2615 2097 illud
2649 2042 2738 2096 cui
2777 2057 2886 2096 non
2923 2040 3143 2099 unitur.
3184 2049 3366 2094 utna-

1779 2151 1902 2192 vem
1934 2137 2290 2206 gubernator,
2323 2135 2409 2190 vel
2439 2135 2622 2206 agitur
2654 2134 2724 2189 ab
2751 2135 2866 2199 illo,
2902 2142 2962 2188 ut
2994 2132 3152 2187 navis
3185 2149 3214 2186 a
3262 2149 3363 2202 gu-
3425 2137 3427 2142 '

1780 2227 2097 2293 bernatore,
2132 2229 2218 2282 vel
2249 2243 2356 2282 nec
2387 2227 2499 2297 agit
2531 2242 2636 2282 nec
2665 2226 2869 2296 agitur,
2904 2233 2966 2279 ut
2995 2224 3146 2278 Sinai
3201 2240 3363 2277 mons

1783 2336 1814 2375 a
1849 2321 2009 2374 mari.
2047 2319 2220 2375 Omne
2255 2329 2438 2374 autem
2482 2335 2594 2373 non
2628 2319 2866 2382 unitum,
2905 2332 2969 2371 ac
3019 2317 3103 2369 vel
3153 2316 3353 2369 solum-

1782 2413 1946 2466 modo
1971 2423 2176 2475 actum,
2205 2411 2292 2466 vel
2319 2426 2423 2466 nec
2455 2425 2623 2481 agens
2651 2425 2760 2465 nec.
2783 2421 2992 2473 aetum,
3026 2408 3240 2462 ratione
3276 2406 3361 2460 in-

1784 2501 2118 2569 tellectuque
2150 2508 2321 2564 caret,
2379 2506 2548 2568 prout
2601 2497 2942 2568 supradicta.
2980 2496 3035 2551 Si
3069 2511 3202 2566 ergo
3254 2511 3359 2549 non

1783 2591 1998 2645 unitum
2037 2598 2123 2644 est
2155 2589 2400 2644 Verbum
2452 2597 2654 2644 nostra:
2710 2596 2945 2648 naturae.
2989 2587 3220 2655 ipseque
3277 2587 3362 2638 vel

1781 2681 1916 2752 agit,
1962 2682 2046 2736 vel
2095 2681 2298 2752 agitur,
2338 2681 2423 2736 vel
2459 2688 2756 2746 neutrum;
2810 2680 2856 2734 si
2909 2679 3021 2748 agit
3066 2677 3361 2747 equidem,

1779 2773 1889 2827 erit
1915 2773 2079 2826 homo
2110 2773 2322 2826 ratione
2348 2771 2824 2840 inteiligentiaque
2855 2770 3120 2832 orbatus;
3155 2769 3199 2822 si
3233 2784 3362 2820 vero

1780 2863 1982 2932 agitur,
2037 2862 2244 2916 recidat
2275 2862 2618 2931 blasphemia
2660 2862 2714 2915 in
2750 2871 2917 2931 caput
2950 2862 3226 2931 serpentis
3259 2861 3362 2914 hu~

1775 2953 2019 3024 jusmodi
2050 2953 2364 3022 impietates
2388 2953 2548 3007 vobis
2582 2955 2822 3022 primum
2857 2954 3239 3022 praedicantis.
3273 2953 3363 3006 Sic

57 3039 322 3107 πρώτως
354 3040 433 3094 τὰ
471 3040 701 3094 τοιαῦτα
748 3042 876 3112 ὑμῖν
922 3043 1294 3114 ἐνηχήσαντος
1329 3043 1664 3114 ἀσεϐήματα.

1783 3063 1914 3119 ergo
1946 3047 2240 3102 stultitiam
2291 3048 2564 3102 dictorum
2599 3055 2916 3101 vestrorum
2967 3047 3359 3115 intelligemus.

59 3134 350 3196 Συνέντες
389 3128 488 3186 οὖν
518 3133 627 3187 τῶν
649 3133 823 3198 οὕτως
843 3135 1155 3205 εἰρημένων
1190 3135 1318 3205 ὑμῖν
1340 3135 1402 3187 τὸ
1423 3136 1674 3207 ἀνόητον,

61 3229 115 3280 εἰ
177 3226 598 3282 ὲπαναλάὸοιτε
643 3230 893 3293 ἑαυτοὺς,
952 3230 1043 3282 καὶ
1096 3227 1206 3283 ἀπὸ
1260 3228 1363 3298 τῆς
1419 3229 1676 3300 δευτέρας

64 3318 232 3388 ὑμῶν
267 3319 625 3390 προτάσεως,
656 3321 756 3388 τῆς
798 3323 1149 3391 κατασκευῆς
1188 3319 1378 3372 λοιπὸν
1408 3319 1672 3390 ἄρχοισθε

66 3411 167 3463 τοῦ
227 3412 608 3482 συλλογισμοῦ
664 3411 809 3465 οὕτω
858 3413 1113 3482 λέγοντες
1169 3415 1336 3475 ῐσως⁶
1366 3414 1447 3465 ὅτι
1500 3414 1576 3466 Τὰ
1608 3413 1678 3466 ἐν

64 3505 379 3558 συνθέσει
440 3504 723 3572 ἀγόμενα,
785 3507 976 3575 ἄλογα
1036 3507 1216 3574 ἴσμεν
1271 3505 1491 3570 πάντα,
1560 3508 1675 3575 οὐχ

67 3596 294 3662 ἁπλῶς
325 3595 430 3648 διὰ
472 3596 537 3650 τὸ
562 3597 838 3666 ἄγεσθαι,
869 3599 1029 3654 ἀλλὰ
1057 3599 1154 3653 διὰ
1187 3599 1252 3654 τὸ
1285 3599 1355 3652 ἑν
1383 3598 1674 3653 συνθέσει

70 3694 226 3747 ὄντα
252 3693 537 3764 ἄγεσθαι·
615 3693 850 3764 ἐροῦμεν
886 3695 982 3746 καὶ
1018 3695 1153 3765 πρὸς
1177 3693 1334 3747 τοῦτο
1361 3710 1373 3723 ·
1407 3689 1552 3763 τΑρα
1581 3689 1674 3747 οὖν

71 3786 254 3839 ταῦτα
284 3784 378 3838 διὰ
407 3785 470 3837 τὺ
509 3787 566 3838 ὲν
601 3784 846 3839 συνθέσει
882 3785 1134 3853 ἄγεσθαι,
1162 3786 1195 3854 ἢ
1228 3785 1290 3838 τὸ
1333 3784 1521 3847 ἁπλῶς
1543 3787 1674 3852 ἄγε-

74 3879 232 3945 σθαι,
261 3879 438 3947 ἄλογα.
467 3879 614 3944 ἵστες
639 3879 673 3948 ἢ
705 3878 795 3931 διὰ
819 3878 881 3931 τὸ
907 3882 973 3949 τῇ
1013 3879 1174 3948 φύσει
1215 3877 1396 3930 αὐτῶν
1437 3879 1525 3930 ἀεὶ
1562 3895 1674 3930 τοι·

77 3969 223 4023 αῦτά
249 3986 376 4023 τινα
403 3965 578 4034 εἷναι;
605 3968 723 4023 Κᾶν
756 3970 865 4039 ἰδίᾳ
891 3987 951 4022 τε
973 3969 1075 4022 κᾶν
1098 3971 1155 4022 ὲν
1179 3968 1424 4022 συνθέσει
1447 3970 1673 4038 λεγόμε-

76 4077 168 4128 να,
211 4063 310 4115 καὶ
341 4059 698 4138 θεωρούμενα
728 4061 835 4130 εἴη,
867 4060 1040 4128 ἄλογα
1063 4060 1442 4132 γνωριζόμενα
1473 4061 1578 4113 ὑπό
1614 4079 1671 4114 τε

77 4152 192 4206 τῶν
237 4152 624 4222 συγκειμένων
663 4153 758 4205 καὶ
797 4151 906 4205 τῶν
940 4152 1015 4222 μὴ
1059 4153 1434 4223 συγκειμένων
1465 4153 1668 4216 αὐτοῖς,

85 4246 243 4315 ίσχὺν
290 4244 348 4297 δὲ
393 4242 533 4306 ὅλως
581 4244 678 4297 τοῦ
721 4245 877 4311 ἄγειν
907 4244 1048 4298 αὐτὰ
1099 4245 1335 4315 ἐχόντων
1369 4246 1668 4316 φερόμενα.

80 4339 158 4391 Οὐ
191 4337 302 4407 γὰρ
335 4337 395 4390 τὸ
429 4337 596 4406 φύσει
624 4337 846 4406 λογικὸν
880 4339 939 4391 ἐν
966 4338 1215 4391 συνθέσει
1245 4339 1438 4407 ἄλογον
1473 4340 1670 4408 ἐσόμε-

83 4446 174 4481 νον
223 4428 454 4494 δείξετε,
503 4429 535 4500 ῆ
583 4429 929 4499 τοῦμπαλινο
976 4430 1065 4483 διὰ
1107 4429 1206 4502 τὴν
1247 4429 1662 4504 σύνθεσιν-γὰρ,

1779 4423 2018 4476 futurum
2057 4438 2178 4478 esse
2206 4430 2265 4476 ut
2305 4421 2358 4476 in
2396 4422 2598 4476 unione
2637 4422 2851 4476 ratione
2897 4431 3084 4475 careat
3117 4437 3222 4473 nou
3255 4419 3466 4478 dels...
3503 4469 3510 4474 _
3551 4467 3556 4470 .
3619 4466 3636 4478 ,

84 4523 238 4575 οὐδὲν
268 4516 435 4595 ἦττον
463 4522 683 4593 λογικόν
711 4525 882 4577 ἐστιν.

159 4703 220 4754 Εἰ
269 4703 366 4772 μὲν
407 4701 502 4757 οὖν
549 4704 648 4774 οὐχ
697 4703 888 4766 οὕτως·
923 4703 1100 4758 ταῦτα
1132 4701 1273 4758 εἶναι
1322 4703 1661 4768 συντίθεσθε,

87 4793 223 4847 ἀλλὰ
257 4794 343 4846 διὰ
374 4795 437 4847 τὸ
488 4797 547 4847 ὲν
580 4799 649 4866 τῇ
686 4797 936 4850 συνθέσει
973 4797 1228 4865 ἄγεσθαι,
1269 4795 1465 4864 ἄλογον
1505 4797 1660 4864 γενέ-

88 4884 210 4937 σθαι
243 4884 304 4935 τὸ
333 4883 494 4953 σῶμα
531 4885 799 4953 λογίζετε,
843 4889 968 4941 καθ’
996 4889 1160 4941 ἑαυτὸ
1194 4887 1302 4958 ἄρα
1344 4888 1660 4955 γενόμενον,

73 4955 300 5042 Ἰογικὸν
335 4975 451 5028 ίστε
495 4976 772 5045 δηλονότν
811 4979 874 5031 τὺ
905 4979 964 5031 δὲ
996 4955 1290 5032 ἀσύνθετον
1321 4978 1456 5048 πρὸς
1483 4977 1663 5048 ψυχὴν

87 5069 368 5138 γινόμενον
421 5068 608 5140 σῶμα,
645 5072 700 5122 ὲν
733 5070 791 5123 δὲ
824 5075 890 5142 τῇ
923 5073 1058 5142 πρὸς
1106 5074 1206 5142 τὴν
1234 5071 1458 5141 λογικὴν
1483 5070 1662 5142 ψυχὴν

92 5162 327 5214 συνθέσει
390 5161 836 5233 μεταλαμϐάνειν
867 5165 964 5235 τῆς
1019 5165 1244 5232 ἀλογίας
1297 5164 1494 5217 οἴεσθε.
1552 5165 1661 5216 Καὶ

89 5257 168 5316 τίς
201 5254 441 5320 ἀνέξεται
477 5255 579 5324 τῆς
613 5255 873 5326 τοιαύτης
903 5257 1126 5324 ἀλογίας
1144 5257 1252 5310 τῶν
1279 5255 1454 5311 ταῦτα
1477 5257 1659 5328 οἰομέ-

93 5365 223 5408 νωνς
261 5347 377 5401 Ἔτι
407 5347 464 5400 δὲ
496 5350 595 5418 τῆς
645 5347 952 5412 συνθέσεως
997 5349 1295 5419 γινομένης
1327 5350 1509 5412 αίτίας
1560 5351 1659 5419 τῆς

92 5439 299 5507 ἀλογίας
330 5439 405 5510 τῷ
433 5439 670 5510 σώματι,
703 5440 751 5492 εί
785 5440 994 5509 ταύτην
1049 5441 1253 5512 κυρίως
1312 5441 1495 5494 αἰτίαν
1553 5442 1656 5510 τῆς

98 5531 303 5602 ἀλογίας
333 5533 681 5598 ὑποτίθεσθε,
722 5533 817 5586 καὶ
856 5533 956 5606 τὴν
983 5533 1164 5605 ψυχὴν
1204 5535 1410 5606 ὁμοίως
1437 5535 1655 5603 ἁλογείν

101 5625 331 5693 βιάσεσοε
363 5625 452 5690 ἂν,
485 5629 607 5680 ἐπεὶ
646 5627 742 5680 καὶ
769 5627 908 5698 αὑτὴ
937 5628 1220 5697 συνετέθη.
1275 5629 1336 5681 Et
1369 5627 1423 5680 δὲ
1449 5629 1652 5696 ἀλογεῖ,

103 5719 185 5771 καὶ
218 5719 343 5790 αὐτὴ
385 5720 619 5792 ἄγεται·
653 5723 701 5775 εἰ
750 5721 805 5776 δὲ
841 5721 1028 5792 ἄγοιτο
1076 5724 1132 5776 ὲν
1160 5725 1224 5794 τῇ
1261 5722 1532 5791 συνθέσει,
1562 5723 1656 5776 καὶ

1781 3138 1825 3193 si
1865 3139 2233 3208 vosmetipsos
2273 3138 2712 3207 reprehendatis,
2764 3147 2932 3208 atque
2981 3137 3052 3191 ob
3094 3137 3359 3206 reliquam

1779 3232 2164 3302 probationem
2208 3231 2464 3286 sccumize
2512 3241 2705 3285 vestne
2752 3231 3148 3300 propositionis
3196 3247 3358 3299 argu-

1779 3335 2023 3378 mentum
2067 3324 2346 3393 incipiatis
2379 3323 2459 3379 sic
2509 3324 2715 3393 pariter
2767 3324 3055 3378 dicentes:
3112 3324 3196 3377 Ea
3242 3340 3361 3389 qum

1777 3417 1833 3469 in
1862 3419 2055 3470 unione
2087 3425 2211 3470 sunt
2262 3425 2415 3481 acta,
2462 3433 2555 3469 nos
2619 3419 2798 3469 omnia
2830 3417 3035 3468 ratione
3054 3413 3244 3464 scimus
3267 3432 3358 3468 ca-

1779 3523 1914 3569 rere,
1948 3525 2050 3561 non
2092 3507 2405 3578 simpliciter
2448 3525 2508 3561 eo
2534 3507 2673 3575 quod
2712 3514 2837 3561 sunt
2888 3516 3030 3569 acta,
3078 3505 3168 3558 sed
3199 3507 3356 3574 quod,

1777 3617 1896 3653 cum
1922 3603 1976 3654 in
2002 3602 2197 3654 unione
2233 3609 2378 3666 sunt,
2405 3608 2673 3670 aguntur;
2701 3599 2769 3654 ad
2804 3599 2910 3653 hoc
2961 3613 3184 3667 quoque
3217 3597 3356 3649 dici-

1777 3709 1937 3748 mus:
1994 3694 2073 3748 An
2113 3693 2378 3763 igitur-eo
2423 3693 2570 3760 quod
2616 3693 2716 3744 ista
2749 3691 2802 3743 in
2845 3691 3048 3742 unione
3095 3699 3355 3755 aguntur,

1775 3787 1861 3842 vel
1895 3786 2238 3855 simpliciter.
2275 3786 2487 3839 ratione
2517 3798 2707 3837 carere
2737 3780 2929 3835 scitis?
2951 3781 3045 3833 vel
3085 3781 3154 3830 ob
3194 3794 3360 3846 prcu-

1775 3881 1966 3935 liarem
2005 3881 2247 3948 ipsorum
2276 3886 2528 3932 naturam
2563 3875 2814 3946 quaedam
2845 3889 3066 3941 semper
3098 3872 3356 3940 hujusce-

1775 3971 1924 4025 modi
1953 3971 2111 4024 esse?
2141 3969 2294 4025 Licet
2327 3984 2457 4038 ergo
2486 3970 2540 4023 in
2574 3983 2672 4022 sua
2706 3974 2904 4020 natura
2940 3964 3027 4017 vel
3059 3963 3113 4016 in
3149 3961 3357 4014 unione

1774 4061 2032 4115 dicantur
2073 4069 2128 4115 et
2171 4068 2514 4129 spectentur,
2556 4059 2770 4113 ratione
2823 4071 3016 4112 carere
3053 4054 3358 4124 probantur

1774 4151 1844 4205 ab
1880 4151 1968 4205 his
1998 4166 2128 4220 qme
2170 4149 2278 4203 sibi
2313 4149 2582 4203 uniuntur
2634 4158 2809 4218 atque.
2849 4147 2918 4201 ab
2972 4146 3068 4200 his.
3094 4161 3215 4214 quae
3248 4161 3357 4199 non

1775 4242 2064 4305 liniuntur,
2097 4240 2396 4310 potentiam
2423 4240 2799 4294 omnimodam
2823 4238 2913 4314 illa
2937 4253 3058 4308 quae
3103 4238 3358 4291 feruntur

1773 4332 1970 4402 agendi
1999 4332 2279 4386 habentia.
2314 4333 2530 4386 Etenim
2559 4332 2710 4402 quod
2747 4341 2946 4386 natura
2977 4330 3246 4384 rationale
3274 4341 3356 4384 est

1770 4515 2171 4578 monstrabitis,
2192 4515 2278 4569 vel
2305 4516 2427 4570 vice
2452 4531 2633 4582 versa,
2657 4523 2888 4586 propter
2909 4515 3072 4570 enim
3088 4513 3349 4568 unionem

1767 4609 1905 4662 nihil
1939 4609 2123 4664 minus
2159 4608 2424 4664 rationale
2457 4617 2560 4663 est.

1837 4701 1893 4756 Si
1923 4710 2106 4756 autem
2149 4702 2320 4773 igitur
2373 4702 2518 4756 haud
2554 4702 2671 4757 haec
2708 4699 3352 4770 ita-esseprzetcnditis,
3505 4706 3547 4751 τη

3415 4798 3516 4814 -'~—-J

1767 4793 1862 4846 sed
1909 4808 1978 4847 eo
2028 4792 2177 4862 quod
2227 4793 2282 4846 in
2343 4793 2552 4846 unione
2606 4792 2820 4862 agitur,
2879 4806 3077 4845 carens
3136 4791 3350 4844 ratione

1766 4897 1968 4952 corpus
2015 4881 2130 4937 ﬁeri
2162 4881 2370 4944 dicitis,
2407 4897 2532 4950 cum
2567 4896 2700 4950 ergo
2729 4882 2771 4936 si
2794 4880 2967 4936 solum
2993 4881 3179 4944 fuerit,
3212 4880 3347 4933 illud

1765 4989 1887 5029 esse
1932 4974 2200 5029 rationale
2239 4973 2526 5027 evidenter
2559 4972 2925 5039 existimatis;
2979 4988 3184 5042 corpus
3214 4989 3348 5026 vero

1764 5081 1874 5120 non
1912 5064 1978 5119 ad
2006 5065 2246 5118 animam
2271 5065 2628 5133 eonjunctum
2661 5064 2926 5118 exsistere
2964 5080 3146 5133 posse.
3180 5075 3345 5134 atque

1767 5157 1820 5212 in
1868 5159 2074 5212 unione
2119 5158 2185 5212 ad
2218 5157 2456 5212 animam
2504 5157 2830 5211 rationalem
2874 5157 3148 5211 rationem
3180 5158 3342 5211 amit-
3376 5178 3406 5187 ·-
3533 5182 3564 5189 --
3601 5183 3606 5186 -

3255 4629 3320 4658 ἐξ
3521 4641 3590 4666 με.
3611 4651 3628 4665 ι.
3661 4657 3670 4662 .

1765 5259 1878 5306 tere
1919 5265 2078 5320 posse
2115 5250 2464 5305 existimatis.
2510 5247 2646 5315 Quis
2674 5264 2805 5319 ergo
2838 5250 2964 5303 talia
2996 5239 3358 5318 opinantium
3417 5235 3514 5251 ip"

1763 5351 2052 5404 stultitiam
2090 5349 2427 5404 sustinebit?
2456 5349 2571 5403 lmo
2599 5362 2728 5402 cum
2763 5347 2898 5400 unio
2923 5362 3086 5401 causa
3128 5347 3199 5402 sit
3244 5362 3348 5411 cur

1764 5445 1977 5498 ratione
2035 5455 2220 5499 careat
2275 5458 2496 5512 corpus,
2545 5441 2589 5496 si
2646 5441 2790 5496 hanc
2835 5441 3060 5511 proprie
3110 5439 3420 5495 rationis

1762 5539 2008 5593 absent-is
2039 5554 2258 5593 causam
2308 5553 2429 5590 esse
2464 5536 2811 5606 supponatis,
2849 5534 3057 5604 pariter
3116 5549 3339 5603 quoque

1762 5628 1998 5683 animam
2033 5629 2240 5683 ratione
2271 5643 2462 5682 carere
2493 5626 2928 5688 contenderetis,
2977 5625 3250 5695 siquidem
3287 5634 3340 5678 et

1763 5723 1877 5794 ipsa
1918 5725 1989 5778 sit
2027 5723 2198 5777 unita.
2238 5722 2293 5776 Si
2331 5737 2460 5776 vero
2493 5721 2706 5776 ratione
2753 5729 2924 5784 caret,
2949 5720 3078 5790 ipsa
3119 5734 3349 5790 qucque
