  <div class='ocr_page' id='page_1' title='image "/cluster/home/n/w/nwhite01/storage/ocr_20150623/86 pars.1/pst.000005712878/778.png"; bbox 0 0 3876 6310; ppageno 0'>
   <div class='ocr_carea' id='block_1_1' title="bbox 273 284 415 352">
    <p class='ocr_par' dir='ltr' id='par_1_1' title="bbox 273 284 415 352">
     <span class='ocr_line' id='line_1_1' title="bbox 273 284 415 352; baseline -0.014 0"><span class='ocrx_word' id='word_1_1' title='bbox 273 284 415 352; x_wconf 76' lang='grc'><strong>1469</strong></span> 
     </span>
    </p>
   </div>
   <div class='ocr_carea' id='block_1_2' title="bbox 1224 295 2545 366">
    <p class='ocr_par' dir='ltr' id='par_1_2' title="bbox 1224 295 2545 366">
     <span class='ocr_line' id='line_1_2' title="bbox 1224 295 2545 366; baseline 0.009 -12"><span class='ocrx_word' id='word_1_2' title='bbox 1224 297 1618 359; x_wconf 83' lang='lat' dir='ltr'><strong>ADVERSUS</strong></span> <span class='ocrx_word' id='word_1_3' title='bbox 1656 295 2203 363; x_wconf 75' lang='lat' dir='ltr'><strong>NESTOIHANOS.</strong></span> <span class='ocrx_word' id='word_1_4' title='bbox 2238 329 2311 341; x_wconf 92' lang='grc'><strong>-·</strong></span> <span class='ocrx_word' id='word_1_5' title='bbox 2343 306 2486 366; x_wconf 89' lang='lat' dir='ltr'><strong>LIB.</strong></span> <span class='ocrx_word' id='word_1_6' title='bbox 2516 307 2545 365; x_wconf 86' lang='lat' dir='ltr'>I</span> 
     </span>
    </p>
   </div>
   <div class='ocr_carea' id='block_1_3' title="bbox 3396 312 3536 380">
    <p class='ocr_par' dir='ltr' id='par_1_3' title="bbox 3396 312 3536 380">
     <span class='ocr_line' id='line_1_3' title="bbox 3396 312 3536 380; baseline 0.021 -3"><span class='ocrx_word' id='word_1_7' title='bbox 3396 312 3536 380; x_wconf 82' lang='grc'>1470</span> 
     </span>
    </p>
   </div>
   <div class='ocr_carea' id='block_1_4' title="bbox 272 379 1862 493">
    <p class='ocr_par' dir='ltr' id='par_1_4' title="bbox 272 380 1847 476">
     <span class='ocr_line' id='line_1_4' title="bbox 272 380 1847 476; baseline 0.008 -26"><span class='ocrx_word' id='word_1_8' title='bbox 272 380 366 466; x_wconf 71' lang='grc' dir='ltr'><strong>ρον</strong></span> <span class='ocrx_word' id='word_1_9' title='bbox 389 398 611 469; x_wconf 76' lang='grc' dir='ltr'>σπέρμα</span> <span class='ocrx_word' id='word_1_10' title='bbox 644 399 783 452; x_wconf 78' lang='grc' dir='ltr'>κατὰ</span> <span class='ocrx_word' id='word_1_11' title='bbox 810 400 985 466; x_wconf 76' lang='grc' dir='ltr'>γένος,</span> <span class='ocrx_word' id='word_1_12' title='bbox 1024 402 1115 454; x_wconf 77' lang='grc' dir='ltr'>καὶ</span> <span class='ocrx_word' id='word_1_13' title='bbox 1146 402 1326 473; x_wconf 70' lang='grc' dir='ltr'>ψυχὰς</span> <span class='ocrx_word' id='word_1_14' title='bbox 1369 396 1615 476; x_wconf 75' lang='grc' dir='ltr'>ἑρπετῶν</span> <span class='ocrx_word' id='word_1_15' title='bbox 1640 407 1847 473; x_wconf 77' lang='grc' dir='ltr'>ζωσῶν,</span> 
     </span>
    </p>
   </div>
   <div class='ocr_carea' id='block_1_5' title="bbox 1968 379 3534 493">
    <p class='ocr_par' dir='ltr' id='par_1_5' title="bbox 1968 414 3534 493">
     <span class='ocr_line' id='line_1_5' title="bbox 1968 414 3534 493; baseline 0.01 -26"><span class='ocrx_word' id='word_1_16' title='bbox 1968 415 2190 483; x_wconf 72' lang='lat' dir='ltr'><strong>bamque</strong></span> <span class='ocrx_word' id='word_1_17' title='bbox 2254 415 2364 470; x_wconf 79' lang='lat' dir='ltr'><strong>feni</strong></span> <span class='ocrx_word' id='word_1_18' title='bbox 2416 414 2681 472; x_wconf 70' lang='lat' dir='ltr'><strong>facientes</strong></span> <span class='ocrx_word' id='word_1_19' title='bbox 2725 434 2914 474; x_wconf 80' lang='lat' dir='ltr'><strong>semen</strong></span> <span class='ocrx_word' id='word_1_20' title='bbox 2942 420 3095 491; x_wconf 75' lang='lat' dir='ltr'><strong>juxta</strong></span> <span class='ocrx_word' id='word_1_21' title='bbox 3128 436 3305 493; x_wconf 78' lang='lat' dir='ltr'><strong>genus</strong></span> <span class='ocrx_word' id='word_1_22' title='bbox 3346 441 3534 492; x_wconf 89' lang='lat' dir='ltr'><strong>suum,</strong></span> 
     </span>
    </p>
   </div>
   <div class='ocr_carea' id='block_1_6' title="bbox 262 488 1853 569">
    <p class='ocr_par' dir='ltr' id='par_1_6' title="bbox 262 488 1853 569">
     <span class='ocr_line' id='line_1_6' title="bbox 262 488 1853 569; baseline 0.006 -27"><span class='ocrx_word' id='word_1_23' title='bbox 262 490 360 542; x_wconf 81' lang='grc' dir='ltr'><strong>καὶ</strong></span> <span class='ocrx_word' id='word_1_24' title='bbox 386 490 452 543; x_wconf 76' lang='grc' dir='ltr'>τὰ</span> <span class='ocrx_word' id='word_1_25' title='bbox 479 489 643 543; x_wconf 78' lang='grc' dir='ltr'>λοιπά</span> <span class='ocrx_word' id='word_1_26' title='bbox 666 508 678 520; x_wconf 85' lang='grc'><em>’</em></span> <span class='ocrx_word' id='word_1_27' title='bbox 711 488 881 553; x_wconf 73' lang='grc' dir='ltr'>οὕτως</span> <span class='ocrx_word' id='word_1_28' title='bbox 905 490 1011 545; x_wconf 78' lang='grc' dir='ltr'>ἔδει</span> <span class='ocrx_word' id='word_1_29' title='bbox 1075 494 1168 546; x_wconf 80' lang='grc' dir='ltr'>καὶ</span> <span class='ocrx_word' id='word_1_30' title='bbox 1202 494 1297 548; x_wconf 90' lang='grc' dir='ltr'><strong>νῦν</strong></span> <span class='ocrx_word' id='word_1_31' title='bbox 1346 496 1521 567; x_wconf 82' lang='grc' dir='ltr'>ἑτέρῳ</span> <span class='ocrx_word' id='word_1_32' title='bbox 1556 498 1704 569; x_wconf 84' lang='grc' dir='ltr'><strong>μέσῳ</strong></span> <span class='ocrx_word' id='word_1_33' title='bbox 1755 501 1853 568; x_wconf 81' lang='grc' dir='ltr'><strong>τὴν</strong></span> 
     </span>
    </p>
   </div>
   <div class='ocr_carea' id='block_1_7' title="bbox 261 580 1854 662">
    <p class='ocr_par' dir='ltr' id='par_1_7' title="bbox 261 580 1854 662">
     <span class='ocr_line' id='line_1_7' title="bbox 261 580 1854 662; baseline 0.007 -30"><span class='ocrx_word' id='word_1_34' title='bbox 261 580 625 650; x_wconf 69' lang='grc' dir='ltr'><strong>δημιουργίαν</strong></span> <span class='ocrx_word' id='word_1_35' title='bbox 643 581 1034 652; x_wconf 68' lang='grc' dir='ltr'>ἐπιτρέψαντα,</span> <span class='ocrx_word' id='word_1_36' title='bbox 1066 585 1140 655; x_wconf 72' lang='grc' dir='ltr'>μὴ</span> <span class='ocrx_word' id='word_1_37' title='bbox 1172 586 1364 639; x_wconf 70' lang='grc' dir='ltr'>ἑαυτὸν</span> <span class='ocrx_word' id='word_1_38' title='bbox 1391 588 1481 640; x_wconf 78' lang='grc' dir='ltr'>διὰ</span> <span class='ocrx_word' id='word_1_39' title='bbox 1502 590 1602 658; x_wconf 84' lang='grc' dir='ltr'><strong>τῆς</strong></span> <span class='ocrx_word' id='word_1_40' title='bbox 1625 591 1854 662; x_wconf 81' lang='grc' dir='ltr'>αὐτουρ-</span> 
     </span>
    </p>
   </div>
   <div class='ocr_carea' id='block_1_8' title="bbox 263 672 1853 748">
    <p class='ocr_par' dir='ltr' id='par_1_8' title="bbox 263 672 1853 748">
     <span class='ocr_line' id='line_1_8' title="bbox 263 672 1853 748; baseline 0.008 -27"><span class='ocrx_word' id='word_1_41' title='bbox 263 673 395 737; x_wconf 77' lang='grc' dir='ltr'>γὶας</span> <span class='ocrx_word' id='word_1_42' title='bbox 426 673 522 742; x_wconf 83' lang='grc' dir='ltr'>τῆς</span> <span class='ocrx_word' id='word_1_43' title='bbox 565 672 918 742; x_wconf 75' lang='grc' dir='ltr'><strong>ἀνθρωπίνης</strong></span> <span class='ocrx_word' id='word_1_44' title='bbox 956 676 1229 747; x_wconf 84' lang='grc' dir='ltr'>ποιήσεως</span> <span class='ocrx_word' id='word_1_45' title='bbox 1260 678 1616 748; x_wconf 77' lang='grc' dir='ltr'>καθυϐρίζειν</span> <span class='ocrx_word' id='word_1_46' title='bbox 1637 697 1648 709; x_wconf 76' lang='grc' dir='ltr'><strong><em>ο</em></strong></span> <span class='ocrx_word' id='word_1_47' title='bbox 1675 681 1755 733; x_wconf 80' lang='grc' dir='ltr'>ἔτι</span> <span class='ocrx_word' id='word_1_48' title='bbox 1795 682 1853 735; x_wconf 80' lang='grc' dir='ltr'>δὲ</span> 
     </span>
    </p>
   </div>
   <div class='ocr_carea' id='block_1_9' title="bbox 268 752 1854 844">
    <p class='ocr_par' dir='ltr' id='par_1_9' title="bbox 268 752 1854 844">
     <span class='ocr_line' id='line_1_9' title="bbox 268 752 1854 844; baseline 0.008 -30"><span class='ocrx_word' id='word_1_49' title='bbox 268 763 406 831; x_wconf 74' lang='grc' dir='ltr'>μηδὲ</span> <span class='ocrx_word' id='word_1_50' title='bbox 439 767 557 816; x_wconf 80' lang='grc' dir='ltr'>κατ’</span> <span class='ocrx_word' id='word_1_51' title='bbox 605 765 789 818; x_wconf 79' lang='grc' dir='ltr'><strong>εἰκόνα</strong></span> <span class='ocrx_word' id='word_1_52' title='bbox 821 766 959 820; x_wconf 85' lang='grc' dir='ltr'>ἰδίαν</span> <span class='ocrx_word' id='word_1_53' title='bbox 989 769 1083 820; x_wconf 74' lang='grc' dir='ltr'><strong>καὶ</strong></span> <span class='ocrx_word' id='word_1_54' title='bbox 1115 769 1374 838; x_wconf 86' lang='grc' dir='ltr'>ὁμοίωσιν</span> <span class='ocrx_word' id='word_1_55' title='bbox 1394 752 1854 844; x_wconf 38' lang='grc' dir='ltr'>τοῦτονδπροαγα-</span> 
     </span>
    </p>
   </div>
   <div class='ocr_carea' id='block_1_10' title="bbox 267 855 1852 932">
    <p class='ocr_par' dir='ltr' id='par_1_10' title="bbox 267 855 1852 932">
     <span class='ocr_line' id='line_1_10' title="bbox 267 855 1852 932; baseline 0.007 -26"><span class='ocrx_word' id='word_1_56' title='bbox 267 857 408 921; x_wconf 83' lang='grc' dir='ltr'>γεῖν,</span> <span class='ocrx_word' id='word_1_57' title='bbox 444 856 535 908; x_wconf 80' lang='grc' dir='ltr'><strong>καὶ</strong></span> <span class='ocrx_word' id='word_1_58' title='bbox 563 856 653 907; x_wconf 71' lang='grc' dir='ltr'>τὸν</span> <span class='ocrx_word' id='word_1_59' title='bbox 689 855 819 910; x_wconf 76' lang='grc' dir='ltr'>ἴδιον</span> <span class='ocrx_word' id='word_1_60' title='bbox 841 859 1172 929; x_wconf 75' lang='grc' dir='ltr'>χαρακτῆρα</span> <span class='ocrx_word' id='word_1_61' title='bbox 1201 862 1259 932; x_wconf 81' lang='grc' dir='ltr'>ἐν</span> <span class='ocrx_word' id='word_1_62' title='bbox 1286 860 1367 932; x_wconf 79' lang='grc' dir='ltr'>τῷ</span> <span class='ocrx_word' id='word_1_63' title='bbox 1421 862 1590 932; x_wconf 83' lang='grc' dir='ltr'>χοῖκῷ</span> <span class='ocrx_word' id='word_1_64' title='bbox 1623 864 1852 917; x_wconf 85' lang='grc' dir='ltr'>καταϐι-</span> 
     </span>
    </p>
   </div>
   <div class='ocr_carea' id='block_1_11' title="bbox 262 929 1854 1023">
    <p class='ocr_par' dir='ltr' id='par_1_11' title="bbox 262 929 1854 1023">
     <span class='ocr_line' id='line_1_11' title="bbox 262 929 1854 1023; baseline 0.006 -26"><span class='ocrx_word' id='word_1_65' title='bbox 262 944 451 1009; x_wconf 71' lang='grc' dir='ltr'>ϐάζειν</span> <span class='ocrx_word' id='word_1_66' title='bbox 485 948 768 1018; x_wconf 75' lang='grc' dir='ltr'>φυράματι</span> <span class='ocrx_word' id='word_1_67' title='bbox 791 964 809 981; x_wconf 76' lang='grc' dir='ltr'><strong>ο</strong></span> <span class='ocrx_word' id='word_1_68' title='bbox 865 949 945 1002; x_wconf 77' lang='grc' dir='ltr'>ἔτι</span> <span class='ocrx_word' id='word_1_69' title='bbox 982 950 1039 1004; x_wconf 84' lang='grc' dir='ltr'>δὲ</span> <span class='ocrx_word' id='word_1_70' title='bbox 1062 929 1314 1018; x_wconf 58' lang='grc' dir='ltr'>’μάλιστα</span> <span class='ocrx_word' id='word_1_71' title='bbox 1339 929 1483 1022; x_wconf 78' lang='grc' dir='ltr'>μηδὲ</span> <span class='ocrx_word' id='word_1_72' title='bbox 1519 929 1696 1023; x_wconf 72' lang='grc' dir='ltr'>ψυχὴν</span> <span class='ocrx_word' id='word_1_73' title='bbox 1748 954 1854 1016; x_wconf 75' lang='grc' dir='ltr'><strong>ζῶ-</strong></span> 
     </span>
    </p>
   </div>
   <div class='ocr_carea' id='block_1_12' title="bbox 262 1038 1850 1114">
    <p class='ocr_par' dir='ltr' id='par_1_12' title="bbox 262 1038 1850 1114">
     <span class='ocr_line' id='line_1_12' title="bbox 262 1038 1850 1114; baseline 0.006 -26"><span class='ocrx_word' id='word_1_74' title='bbox 262 1053 365 1088; x_wconf 86' lang='grc' dir='ltr'><strong>σαν</strong></span> <span class='ocrx_word' id='word_1_75' title='bbox 400 1038 493 1089; x_wconf 73' lang='grc' dir='ltr'>καὶ</span> <span class='ocrx_word' id='word_1_76' title='bbox 546 1038 719 1109; x_wconf 84' lang='grc' dir='ltr'>πνοὴν</span> <span class='ocrx_word' id='word_1_77' title='bbox 776 1039 921 1111; x_wconf 76' lang='grc' dir='ltr'>ζωῆς</span> <span class='ocrx_word' id='word_1_78' title='bbox 977 1039 1057 1111; x_wconf 81' lang='grc' dir='ltr'>τῷ</span> <span class='ocrx_word' id='word_1_79' title='bbox 1109 1040 1223 1112; x_wconf 81' lang='grc' dir='ltr'>ἰδίῳ</span> <span class='ocrx_word' id='word_1_80' title='bbox 1273 1044 1630 1114; x_wconf 81' lang='grc' dir='ltr'>ὲμφυσήματι</span> <span class='ocrx_word' id='word_1_81' title='bbox 1652 1045 1850 1099; x_wconf 75' lang='grc' dir='ltr'>ἐνιέναι</span> 
     </span>
    </p>
   </div>
   <div class='ocr_carea' id='block_1_13' title="bbox 261 1127 1851 1206">
    <p class='ocr_par' dir='ltr' id='par_1_13' title="bbox 261 1127 1851 1206">
     <span class='ocr_line' id='line_1_13' title="bbox 261 1127 1851 1206; baseline 0.006 -27"><span class='ocrx_word' id='word_1_82' title='bbox 261 1127 431 1197; x_wconf 77' lang='grc' dir='ltr'>αὐτῷ,</span> <span class='ocrx_word' id='word_1_83' title='bbox 465 1129 560 1183; x_wconf 73' lang='grc' dir='ltr'>καὶ</span> <span class='ocrx_word' id='word_1_84' title='bbox 587 1130 878 1195; x_wconf 78' lang='grc' dir='ltr'>ὲνοικίζειν</span> <span class='ocrx_word' id='word_1_85' title='bbox 910 1132 1103 1184; x_wconf 75' lang='grc' dir='ltr'>ἑαυτὸν</span> <span class='ocrx_word' id='word_1_86' title='bbox 1132 1132 1192 1198; x_wconf 75' lang='grc' dir='ltr'>ἐξ</span> <span class='ocrx_word' id='word_1_87' title='bbox 1231 1134 1410 1204; x_wconf 80' lang='grc' dir='ltr'>ἀρχῆς</span> <span class='ocrx_word' id='word_1_88' title='bbox 1440 1135 1518 1205; x_wconf 82' lang='grc' dir='ltr'><strong>τῷ</strong></span> <span class='ocrx_word' id='word_1_89' title='bbox 1544 1135 1718 1206; x_wconf 81' lang='grc' dir='ltr'>πηλῷ,</span> <span class='ocrx_word' id='word_1_90' title='bbox 1756 1138 1851 1189; x_wconf 66' lang='grc' dir='ltr'><strong>καί⁹</strong></span> 
     </span>
    </p>
   </div>
   <div class='ocr_carea' id='block_1_14' title="bbox 262 1219 1850 1294">
    <p class='ocr_par' dir='ltr' id='par_1_14' title="bbox 262 1219 1850 1294">
     <span class='ocr_line' id='line_1_14' title="bbox 262 1219 1850 1294; baseline 0.004 -21"><span class='ocrx_word' id='word_1_91' title='bbox 262 1219 455 1291; x_wconf 73' lang='grc' dir='ltr'>ὥσπερ</span> <span class='ocrx_word' id='word_1_92' title='bbox 476 1222 771 1293; x_wconf 72' lang='grc' dir='ltr'>ἀρραϐῶνα</span> <span class='ocrx_word' id='word_1_93' title='bbox 797 1222 897 1293; x_wconf 78' lang='grc' dir='ltr'>τῆς</span> <span class='ocrx_word' id='word_1_94' title='bbox 928 1224 1065 1294; x_wconf 66' lang='grc' dir='ltr'>πρὸς</span> <span class='ocrx_word' id='word_1_95' title='bbox 1102 1225 1265 1278; x_wconf 77' lang='grc' dir='ltr'>αὐτὸν</span> <span class='ocrx_word' id='word_1_96' title='bbox 1328 1224 1637 1290; x_wconf 79' lang='grc' dir='ltr'><strong>συνθέσεως</strong></span> <span class='ocrx_word' id='word_1_97' title='bbox 1685 1245 1850 1280; x_wconf 89' lang='grc' dir='ltr'>κατα-</span> 
     </span>
    </p>
   </div>
   <div class='ocr_carea' id='block_1_15' title="bbox 264 1314 1851 1392">
    <p class='ocr_par' dir='ltr' id='par_1_15' title="bbox 264 1314 1851 1392">
     <span class='ocr_line' id='line_1_15' title="bbox 264 1314 1851 1392; baseline 0.006 -26"><span class='ocrx_word' id='word_1_98' title='bbox 264 1314 554 1369; x_wconf 76' lang='grc' dir='ltr'>ϐάλλεσθαι</span> <span class='ocrx_word' id='word_1_99' title='bbox 587 1318 650 1369; x_wconf 82' lang='grc' dir='ltr'>ἐκ</span> <span class='ocrx_word' id='word_1_100' title='bbox 689 1317 790 1386; x_wconf 85' lang='grc' dir='ltr'>τῆς</span> <span class='ocrx_word' id='word_1_101' title='bbox 821 1318 1028 1381; x_wconf 79' lang='grc' dir='ltr'><strong>οἰκείας</strong></span> <span class='ocrx_word' id='word_1_102' title='bbox 1053 1317 1267 1386; x_wconf 84' lang='grc' dir='ltr'>φύσεως</span> <span class='ocrx_word' id='word_1_103' title='bbox 1295 1319 1428 1392; x_wconf 79' lang='grc' dir='ltr'>πρὸς</span> <span class='ocrx_word' id='word_1_104' title='bbox 1464 1321 1565 1390; x_wconf 86' lang='grc' dir='ltr'>τὴν</span> <span class='ocrx_word' id='word_1_105' title='bbox 1608 1321 1718 1374; x_wconf 84' lang='grc' dir='ltr'><strong>ἀπὸ</strong></span> <span class='ocrx_word' id='word_1_106' title='bbox 1747 1324 1851 1392; x_wconf 80' lang='grc' dir='ltr'><strong>γῆς</strong></span> 
     </span>
    </p>
   </div>
   <div class='ocr_carea' id='block_1_16' title="bbox 266 1409 1851 1482">
    <p class='ocr_par' dir='ltr' id='par_1_16' title="bbox 266 1409 1851 1482">
     <span class='ocr_line' id='line_1_16' title="bbox 266 1409 1851 1482; baseline 0.004 -23"><span class='ocrx_word' id='word_1_107' title='bbox 266 1409 448 1476; x_wconf 70' lang='grc' dir='ltr'>σάρκα</span> <span class='ocrx_word' id='word_1_108' title='bbox 485 1425 498 1436; x_wconf 89' lang='grc'><strong>·</strong></span> <span class='ocrx_word' id='word_1_109' title='bbox 537 1410 598 1462; x_wconf 89' lang='grc' dir='ltr'><strong>ού</strong></span> <span class='ocrx_word' id='word_1_110' title='bbox 623 1410 731 1478; x_wconf 87' lang='grc' dir='ltr'>γὰρ</span> <span class='ocrx_word' id='word_1_111' title='bbox 751 1410 816 1480; x_wconf 81' lang='grc' dir='ltr'><strong>δὴ</strong></span> <span class='ocrx_word' id='word_1_112' title='bbox 845 1409 934 1463; x_wconf 83' lang='grc' dir='ltr'>διά</span> <span class='ocrx_word' id='word_1_113' title='bbox 966 1428 1085 1463; x_wconf 88' lang='grc' dir='ltr'>τινα</span> <span class='ocrx_word' id='word_1_114' title='bbox 1118 1411 1328 1465; x_wconf 90' lang='grc' dir='ltr'>οἰκείαν</span> <span class='ocrx_word' id='word_1_115' title='bbox 1366 1412 1851 1482; x_wconf 81' lang='grc' dir='ltr'>εὐεργεσίαν,οὑδὲ</span> 
     </span>
    </p>
   </div>
   <div class='ocr_carea' id='block_1_17' title="bbox 262 1498 1851 1574">
    <p class='ocr_par' dir='ltr' id='par_1_17' title="bbox 262 1498 1851 1574">
     <span class='ocr_line' id='line_1_17' title="bbox 262 1498 1851 1574; baseline 0.003 -24"><span class='ocrx_word' id='word_1_116' title='bbox 262 1498 388 1551; x_wconf 67' lang='grc' dir='ltr'>τάδε</span> <span class='ocrx_word' id='word_1_117' title='bbox 424 1500 739 1571; x_wconf 74' lang='grc' dir='ltr'>πέπρακεν·</span> <span class='ocrx_word' id='word_1_118' title='bbox 791 1502 839 1554; x_wconf 87' lang='grc' dir='ltr'><strong>εἰ</strong></span> <span class='ocrx_word' id='word_1_119' title='bbox 891 1502 946 1555; x_wconf 83' lang='grc' dir='ltr'>δὲ</span> <span class='ocrx_word' id='word_1_120' title='bbox 997 1503 1191 1567; x_wconf 86' lang='grc' dir='ltr'>ταῦτα,</span> <span class='ocrx_word' id='word_1_121' title='bbox 1224 1502 1420 1574; x_wconf 78' lang='grc' dir='ltr'>ἑτέραν</span> <span class='ocrx_word' id='word_1_122' title='bbox 1477 1504 1574 1573; x_wconf 80' lang='grc' dir='ltr'>μὲν</span> <span class='ocrx_word' id='word_1_123' title='bbox 1621 1502 1851 1573; x_wconf 81' lang='grc' dir='ltr'>δυνάμει</span> 
     </span>
    </p>
   </div>
   <div class='ocr_carea' id='block_1_18' title="bbox 267 1587 1853 1664">
    <p class='ocr_par' dir='ltr' id='par_1_18' title="bbox 267 1587 1853 1664">
     <span class='ocr_line' id='line_1_18' title="bbox 267 1587 1853 1664; baseline 0.003 -23"><span class='ocrx_word' id='word_1_124' title='bbox 267 1590 490 1658; x_wconf 72' lang='grc' dir='ltr'>μείζονα</span> <span class='ocrx_word' id='word_1_125' title='bbox 518 1587 583 1660; x_wconf 73' lang='grc' dir='ltr'>ἦν</span> <span class='ocrx_word' id='word_1_126' title='bbox 622 1590 714 1644; x_wconf 74' lang='grc' dir='ltr'><strong>τοῦ</strong></span> <span class='ocrx_word' id='word_1_127' title='bbox 736 1594 911 1645; x_wconf 81' lang='grc' dir='ltr'>ποιεῖν</span> <span class='ocrx_word' id='word_1_128' title='bbox 932 1608 945 1621; x_wconf 88' lang='grc'><strong>·</strong></span> <span class='ocrx_word' id='word_1_129' title='bbox 983 1593 1043 1645; x_wconf 89' lang='grc' dir='ltr'><strong>ού</strong></span> <span class='ocrx_word' id='word_1_130' title='bbox 1074 1592 1181 1664; x_wconf 78' lang='grc' dir='ltr'>γὰρ</span> <span class='ocrx_word' id='word_1_131' title='bbox 1211 1592 1274 1662; x_wconf 81' lang='grc' dir='ltr'>δή</span> <span class='ocrx_word' id='word_1_132' title='bbox 1297 1611 1351 1645; x_wconf 90' lang='grc' dir='ltr'><strong>τι</strong></span> <span class='ocrx_word' id='word_1_133' title='bbox 1371 1592 1544 1654; x_wconf 72' lang='grc' dir='ltr'>οὓτως</span> <span class='ocrx_word' id='word_1_134' title='bbox 1567 1591 1718 1655; x_wconf 86' lang='grc' dir='ltr'>θείας</span> <span class='ocrx_word' id='word_1_135' title='bbox 1753 1593 1853 1662; x_wconf 83' lang='grc' dir='ltr'><strong>φύ-</strong></span> 
     </span>
    </p>
   </div>
   <div class='ocr_carea' id='block_1_19' title="bbox 266 1687 1851 1756">
    <p class='ocr_par' dir='ltr' id='par_1_19' title="bbox 266 1687 1851 1756">
     <span class='ocr_line' id='line_1_19' title="bbox 266 1687 1851 1756; baseline 0.001 -18"><span class='ocrx_word' id='word_1_136' title='bbox 266 1701 404 1747; x_wconf 86' lang='grc' dir='ltr'>σεως</span> <span class='ocrx_word' id='word_1_137' title='bbox 438 1687 935 1756; x_wconf 81' lang='grc' dir='ltr'>χαρακτηριστικόν</span> <span class='ocrx_word' id='word_1_138' title='bbox 995 1688 1169 1749; x_wconf 81' lang='grc' dir='ltr'>ἐστιν,</span> <span class='ocrx_word' id='word_1_139' title='bbox 1230 1688 1303 1751; x_wconf 84' lang='grc' dir='ltr'>ὡς</span> <span class='ocrx_word' id='word_1_140' title='bbox 1360 1688 1420 1740; x_wconf 76' lang='grc' dir='ltr'>τὸ</span> <span class='ocrx_word' id='word_1_141' title='bbox 1462 1689 1570 1742; x_wconf 86' lang='grc' dir='ltr'><strong>τῶν</strong></span> <span class='ocrx_word' id='word_1_142' title='bbox 1617 1689 1851 1755; x_wconf 76' lang='grc' dir='ltr'><strong>λογικῶν</strong></span> 
     </span>
    </p>
   </div>
   <div class='ocr_carea' id='block_1_20' title="bbox 1962 505 3533 583">
    <p class='ocr_par' dir='ltr' id='par_1_20' title="bbox 1962 505 3533 583">
     <span class='ocr_line' id='line_1_20' title="bbox 1962 505 3533 583; baseline 0.008 -23"><span class='ocrx_word' id='word_1_143' title='bbox 1962 505 2174 560; x_wconf 90' lang='lat' dir='ltr'><strong>animas</strong></span> <span class='ocrx_word' id='word_1_144' title='bbox 2227 522 2449 577; x_wconf 90' lang='lat' dir='ltr'><strong>quoque</strong></span> <span class='ocrx_word' id='word_1_145' title='bbox 2514 508 2819 562; x_wconf 89' lang='lat' dir='ltr'><strong>viventium</strong></span> <span class='ocrx_word' id='word_1_146' title='bbox 2879 512 3163 581; x_wconf 90' lang='lat' dir='ltr'><strong>reptilium</strong></span> <span class='ocrx_word' id='word_1_147' title='bbox 3193 522 3251 568; x_wconf 91' lang='lat' dir='ltr'><strong>et</strong></span> <span class='ocrx_word' id='word_1_148' title='bbox 3298 526 3533 583; x_wconf 68' lang='lat' dir='ltr'><strong>caatera;</strong></span> 
     </span>
    </p>
   </div>
   <div class='ocr_carea' id='block_1_21' title="bbox 1961 597 3536 667">
    <p class='ocr_par' dir='ltr' id='par_1_21' title="bbox 1961 597 3536 667">
     <span class='ocr_line' id='line_1_21' title="bbox 1961 597 3536 667; baseline 0.007 -17"><span class='ocrx_word' id='word_1_149' title='bbox 1961 597 2042 651; x_wconf 90' lang='lat' dir='ltr'><strong>sic</strong></span> <span class='ocrx_word' id='word_1_150' title='bbox 2081 613 2189 652; x_wconf 88' lang='lat' dir='ltr'><strong>non</strong></span> <span class='ocrx_word' id='word_1_151' title='bbox 2223 597 2278 651; x_wconf 90' lang='lat' dir='ltr'><strong>in</strong></span> <span class='ocrx_word' id='word_1_152' title='bbox 2310 599 2490 667; x_wconf 90' lang='lat' dir='ltr'><strong>ipsum</strong></span> <span class='ocrx_word' id='word_1_153' title='bbox 2517 599 2585 653; x_wconf 86' lang='lat' dir='ltr'><strong>ad</strong></span> <span class='ocrx_word' id='word_1_154' title='bbox 2619 600 2852 655; x_wconf 89' lang='lat' dir='ltr'><strong>alterum</strong></span> <span class='ocrx_word' id='word_1_155' title='bbox 2906 601 3147 658; x_wconf 92' lang='lat' dir='ltr'><strong>medium</strong></span> <span class='ocrx_word' id='word_1_156' title='bbox 3197 606 3536 661; x_wconf 84' lang='lat' dir='ltr'><strong>creationem</strong></span> 
     </span>
    </p>
   </div>
   <div class='ocr_carea' id='block_1_22' title="bbox 1959 694 3537 761">
    <p class='ocr_par' dir='ltr' id='par_1_22' title="bbox 1959 694 3537 761">
     <span class='ocr_line' id='line_1_22' title="bbox 1959 694 3537 761; baseline 0.007 -19"><span class='ocrx_word' id='word_1_157' title='bbox 1959 697 2374 743; x_wconf 74' lang='lat' dir='ltr'><strong>convertentem</strong></span> <span class='ocrx_word' id='word_1_158' title='bbox 2409 699 2636 760; x_wconf 85' lang='lat' dir='ltr'><strong>propter</strong></span> <span class='ocrx_word' id='word_1_159' title='bbox 2672 707 2811 761; x_wconf 88' lang='lat' dir='ltr'><strong>opus</strong></span> <span class='ocrx_word' id='word_1_160' title='bbox 2839 708 3000 747; x_wconf 90' lang='lat' dir='ltr'><strong>suum</strong></span> <span class='ocrx_word' id='word_1_161' title='bbox 3032 694 3259 751; x_wconf 71' lang='lat' dir='ltr'><strong>factum</strong></span> <span class='ocrx_word' id='word_1_162' title='bbox 3283 696 3537 753; x_wconf 77' lang='lat' dir='ltr'><strong>humanae</strong></span> 
     </span>
    </p>
   </div>
   <div class='ocr_carea' id='block_1_23' title="bbox 1961 776 3535 846">
    <p class='ocr_par' dir='ltr' id='par_1_23' title="bbox 1961 776 3535 846">
     <span class='ocr_line' id='line_1_23' title="bbox 1961 776 3535 846; baseline 0.008 -16"><span class='ocrx_word' id='word_1_163' title='bbox 1961 776 2397 832; x_wconf 86' lang='lat' dir='ltr'><strong>redundaturum</strong></span> <span class='ocrx_word' id='word_1_164' title='bbox 2448 790 2569 834; x_wconf 89' lang='lat' dir='ltr'><strong>erat</strong></span> <span class='ocrx_word' id='word_1_165' title='bbox 2616 778 2896 846; x_wconf 84' lang='lat' dir='ltr'><strong>dedecus;</strong></span> <span class='ocrx_word' id='word_1_166' title='bbox 2948 797 3052 838; x_wconf 91' lang='lat' dir='ltr'><strong>nec</strong></span> <span class='ocrx_word' id='word_1_167' title='bbox 3097 784 3265 838; x_wconf 88' lang='lat' dir='ltr'><strong>etiam</strong></span> <span class='ocrx_word' id='word_1_168' title='bbox 3311 801 3434 841; x_wconf 90' lang='lat' dir='ltr'><strong>cum</strong></span> <span class='ocrx_word' id='word_1_169' title='bbox 3464 788 3535 842; x_wconf 88' lang='lat' dir='ltr'><strong>ad</strong></span> 
     </span>
    </p>
   </div>
   <div class='ocr_carea' id='block_1_24' title="bbox 1960 867 3533 940">
    <p class='ocr_par' dir='ltr' id='par_1_24' title="bbox 1960 867 3533 940">
     <span class='ocr_line' id='line_1_24' title="bbox 1960 867 3533 940; baseline 0.007 -20"><span class='ocrx_word' id='word_1_170' title='bbox 1960 867 2252 939; x_wconf 77' lang='lat' dir='ltr'><strong>imaginem</strong></span> <span class='ocrx_word' id='word_1_171' title='bbox 2309 885 2465 924; x_wconf 90' lang='lat' dir='ltr'><strong>suam</strong></span> <span class='ocrx_word' id='word_1_172' title='bbox 2517 886 2581 925; x_wconf 90' lang='lat' dir='ltr'><strong>ac</strong></span> <span class='ocrx_word' id='word_1_173' title='bbox 2626 871 3047 928; x_wconf 87' lang='lat' dir='ltr'><strong>similitudinem</strong></span> <span class='ocrx_word' id='word_1_174' title='bbox 3094 875 3247 929; x_wconf 91' lang='lat' dir='ltr'><strong>illum</strong></span> <span class='ocrx_word' id='word_1_175' title='bbox 3305 876 3533 940; x_wconf 88' lang='lat' dir='ltr'><strong>faceret,</strong></span> 
     </span>
    </p>
   </div>
   <div class='ocr_carea' id='block_1_25' title="bbox 1961 959 3536 1029">
    <p class='ocr_par' dir='ltr' id='par_1_25' title="bbox 1961 959 3536 1029">
     <span class='ocr_line' id='line_1_25' title="bbox 1961 959 3536 1029; baseline 0.007 -17"><span class='ocrx_word' id='word_1_176' title='bbox 1961 959 2415 1029; x_wconf 88' lang='lat' dir='ltr'><strong>imprimeretque</strong></span> <span class='ocrx_word' id='word_1_177' title='bbox 2442 962 2819 1018; x_wconf 84' lang='lat' dir='ltr'><strong>characterem</strong></span> <span class='ocrx_word' id='word_1_178' title='bbox 2850 979 3009 1019; x_wconf 90' lang='lat' dir='ltr'><strong>suum</strong></span> <span class='ocrx_word' id='word_1_179' title='bbox 3040 965 3097 1020; x_wconf 90' lang='lat' dir='ltr'><strong>in</strong></span> <span class='ocrx_word' id='word_1_180' title='bbox 3150 965 3324 1020; x_wconf 80' lang='lat' dir='ltr'><strong>inﬁmi</strong></span> <span class='ocrx_word' id='word_1_181' title='bbox 3359 983 3536 1023; x_wconf 83' lang='lat' dir='ltr'><strong>massa</strong></span> 
     </span>
    </p>
   </div>
   <div class='ocr_carea' id='block_1_26' title="bbox 1958 1050 3539 1128">
    <p class='ocr_par' dir='ltr' id='par_1_26' title="bbox 1958 1050 3539 1128">
     <span class='ocr_line' id='line_1_26' title="bbox 1958 1050 3539 1128; baseline 0.007 -26"><span class='ocrx_word' id='word_1_182' title='bbox 1958 1050 2094 1116; x_wconf 88' lang='lat' dir='ltr'><strong>luti;</strong></span> <span class='ocrx_word' id='word_1_183' title='bbox 2129 1065 2230 1105; x_wconf 88' lang='lat' dir='ltr'><strong>nec</strong></span> <span class='ocrx_word' id='word_1_184' title='bbox 2252 1051 2305 1105; x_wconf 92' lang='lat' dir='ltr'><strong>in</strong></span> <span class='ocrx_word' id='word_1_185' title='bbox 2328 1052 2521 1121; x_wconf 81' lang='lat' dir='ltr'><strong>primis</strong></span> <span class='ocrx_word' id='word_1_186' title='bbox 2543 1068 2667 1107; x_wconf 90' lang='lat' dir='ltr'><strong>cum</strong></span> <span class='ocrx_word' id='word_1_187' title='bbox 2698 1054 2935 1109; x_wconf 87' lang='lat' dir='ltr'><strong>animam</strong></span> <span class='ocrx_word' id='word_1_188' title='bbox 2954 1057 3229 1112; x_wconf 82' lang='lat' dir='ltr'><strong>viventem</strong></span> <span class='ocrx_word' id='word_1_189' title='bbox 3254 1059 3539 1128; x_wconf 85' lang='lat' dir='ltr'><strong>spiritum-</strong></span> 
     </span>
    </p>
   </div>
   <div class='ocr_carea' id='block_1_27' title="bbox 1958 1140 3537 1217">
    <p class='ocr_par' dir='ltr' id='par_1_27' title="bbox 1958 1140 3537 1217">
     <span class='ocr_line' id='line_1_27' title="bbox 1958 1140 3537 1217; baseline 0.006 -24"><span class='ocrx_word' id='word_1_190' title='bbox 1958 1157 2065 1209; x_wconf 88' lang='lat' dir='ltr'><strong>que</strong></span> <span class='ocrx_word' id='word_1_191' title='bbox 2095 1140 2222 1195; x_wconf 64' lang='lat' dir='ltr'><strong>vitae</strong></span> <span class='ocrx_word' id='word_1_192' title='bbox 2260 1158 2360 1196; x_wconf 93' lang='lat' dir='ltr'><strong>suo</strong></span> <span class='ocrx_word' id='word_1_193' title='bbox 2412 1142 2594 1197; x_wconf 82' lang='lat' dir='ltr'><strong>alllatu</strong></span> <span class='ocrx_word' id='word_1_194' title='bbox 2636 1144 2690 1198; x_wconf 91' lang='lat' dir='ltr'><strong>in</strong></span> <span class='ocrx_word' id='word_1_195' title='bbox 2749 1161 2879 1199; x_wconf 90' lang='lat' dir='ltr'><strong>eum</strong></span> <span class='ocrx_word' id='word_1_196' title='bbox 2926 1146 3227 1216; x_wconf 85' lang='lat' dir='ltr'><strong>inspiraret</strong></span> <span class='ocrx_word' id='word_1_197' title='bbox 3272 1164 3440 1217; x_wconf 86' lang='lat' dir='ltr'><strong>seque</strong></span> <span class='ocrx_word' id='word_1_198' title='bbox 3468 1164 3537 1203; x_wconf 80' lang='lat' dir='ltr'><strong>ex</strong></span> 
     </span>
    </p>
   </div>
   <div class='ocr_carea' id='block_1_28' title="bbox 1958 1230 3537 1305">
    <p class='ocr_par' dir='ltr' id='par_1_28' title="bbox 1958 1230 3537 1305">
     <span class='ocr_line' id='line_1_28' title="bbox 1958 1230 3537 1305; baseline 0.006 -23"><span class='ocrx_word' id='word_1_199' title='bbox 1958 1230 2234 1300; x_wconf 75' lang='lat' dir='ltr'><strong>principio</strong></span> <span class='ocrx_word' id='word_1_200' title='bbox 2265 1231 2381 1286; x_wconf 92' lang='lat' dir='ltr'><strong>luto</strong></span> <span class='ocrx_word' id='word_1_201' title='bbox 2412 1232 2768 1299; x_wconf 87' lang='lat' dir='ltr'><strong>immisceret,</strong></span> <span class='ocrx_word' id='word_1_202' title='bbox 2799 1237 2958 1305; x_wconf 87' lang='lat' dir='ltr'><strong>quasi</strong></span> <span class='ocrx_word' id='word_1_203' title='bbox 2988 1237 3210 1292; x_wconf 90' lang='lat' dir='ltr'><strong>unionis</strong></span> <span class='ocrx_word' id='word_1_204' title='bbox 3262 1238 3331 1292; x_wconf 88' lang='lat' dir='ltr'><strong>ad</strong></span> <span class='ocrx_word' id='word_1_205' title='bbox 3380 1239 3537 1292; x_wconf 88' lang='lat' dir='ltr'><strong>illum</strong></span> 
     </span>
    </p>
   </div>
   <div class='ocr_carea' id='block_1_29' title="bbox 1957 1325 3536 1399">
    <p class='ocr_par' dir='ltr' id='par_1_29' title="bbox 1957 1325 3536 1399">
     <span class='ocr_line' id='line_1_29' title="bbox 1957 1325 3536 1399; baseline 0.004 -23"><span class='ocrx_word' id='word_1_206' title='bbox 1957 1338 2024 1377; x_wconf 83' lang='lat' dir='ltr'><strong>ex</strong></span> <span class='ocrx_word' id='word_1_207' title='bbox 2072 1325 2293 1393; x_wconf 89' lang='lat' dir='ltr'><strong>propria</strong></span> <span class='ocrx_word' id='word_1_208' title='bbox 2339 1335 2535 1380; x_wconf 88' lang='lat' dir='ltr'><strong>natura</strong></span> <span class='ocrx_word' id='word_1_209' title='bbox 2569 1327 2636 1380; x_wconf 91' lang='lat' dir='ltr'><strong>ad</strong></span> <span class='ocrx_word' id='word_1_210' title='bbox 2688 1342 2909 1383; x_wconf 90' lang='lat' dir='ltr'><strong>carnem</strong></span> <span class='ocrx_word' id='word_1_211' title='bbox 2944 1344 3012 1383; x_wconf 80' lang='lat' dir='ltr'><strong>ex</strong></span> <span class='ocrx_word' id='word_1_212' title='bbox 3064 1339 3207 1384; x_wconf 85' lang='lat' dir='ltr'><strong>terra</strong></span> <span class='ocrx_word' id='word_1_213' title='bbox 3263 1339 3536 1399; x_wconf 88' lang='lat' dir='ltr'><strong>sumptam</strong></span> 
     </span>
    </p>
   </div>
   <div class='ocr_carea' id='block_1_30' title="bbox 1986 1416 3545 1487">
    <p class='ocr_par' dir='ltr' id='par_1_30' title="bbox 1986 1416 3545 1487">
     <span class='ocr_line' id='line_1_30' title="bbox 1986 1416 3545 1487; baseline -0.001 -14"><span class='ocrx_word' id='word_1_214' title='bbox 1986 1420 2348 1474; x_wconf 86' lang='lat' dir='ltr'><strong>arrhabonem</strong></span> <span class='ocrx_word' id='word_1_215' title='bbox 2382 1420 2600 1475; x_wconf 84' lang='lat' dir='ltr'><strong>tradens</strong></span> <span class='ocrx_word' id='word_1_216' title='bbox 2633 1435 2650 1487; x_wconf 90' lang='lat'><strong>;</strong></span> <span class='ocrx_word' id='word_1_217' title='bbox 2709 1433 2816 1471; x_wconf 86' lang='lat' dir='ltr'><strong>non</strong></span> <span class='ocrx_word' id='word_1_218' title='bbox 2853 1418 2998 1472; x_wconf 90' lang='lat' dir='ltr'><strong>enim</strong></span> <span class='ocrx_word' id='word_1_219' title='bbox 3057 1416 3279 1486; x_wconf 76' lang='lat' dir='ltr'><strong>propter</strong></span> <span class='ocrx_word' id='word_1_220' title='bbox 3329 1418 3545 1486; x_wconf 82' lang='lat' dir='ltr'><strong>aliquod</strong></span> 
     </span>
    </p>
   </div>
   <div class='ocr_carea' id='block_1_31' title="bbox 1977 1494 3545 1589">
    <p class='ocr_par' dir='ltr' id='par_1_31' title="bbox 1977 1494 3545 1589">
     <span class='ocr_line' id='line_1_31' title="bbox 1977 1494 3545 1589; baseline -0.002 -22"><span class='ocrx_word' id='word_1_221' title='bbox 1977 1528 2138 1567; x_wconf 88' lang='lat' dir='ltr'><strong>suum</strong></span> <span class='ocrx_word' id='word_1_222' title='bbox 2165 1494 2510 1567; x_wconf 85' lang='lat' dir='ltr'><strong>commodum</strong></span> <span class='ocrx_word' id='word_1_223' title='bbox 2534 1526 2635 1567; x_wconf 89' lang='lat' dir='ltr'><strong>nec</strong></span> <span class='ocrx_word' id='word_1_224' title='bbox 2663 1512 2791 1565; x_wconf 70' lang='lat' dir='ltr'><strong>ta‘ia</strong></span> <span class='ocrx_word' id='word_1_225' title='bbox 2818 1511 3129 1589; x_wconf 77' lang='lat' dir='ltr'><strong>huiusmodi</strong></span> <span class='ocrx_word' id='word_1_226' title='bbox 3155 1518 3415 1579; x_wconf 77' lang='lat' dir='ltr'><strong>operatus</strong></span> <span class='ocrx_word' id='word_1_227' title='bbox 3438 1520 3545 1564; x_wconf 81' lang='lat' dir='ltr'><strong>est.</strong></span> 
     </span>
    </p>
   </div>
   <div class='ocr_carea' id='block_1_32' title="bbox 1981 1602 3546 1672">
    <p class='ocr_par' dir='ltr' id='par_1_32' title="bbox 1981 1602 3546 1672">
     <span class='ocr_line' id='line_1_32' title="bbox 1981 1602 3546 1672; baseline -0.004 -13"><span class='ocrx_word' id='word_1_228' title='bbox 1981 1603 2038 1659; x_wconf 89' lang='lat' dir='ltr'><strong>Si</strong></span> <span class='ocrx_word' id='word_1_229' title='bbox 2070 1620 2199 1660; x_wconf 85' lang='lat' dir='ltr'><strong>vero</strong></span> <span class='ocrx_word' id='word_1_230' title='bbox 2252 1605 2366 1659; x_wconf 75' lang='lat' dir='ltr'><strong>haec</strong></span> <span class='ocrx_word' id='word_1_231' title='bbox 2398 1606 2470 1659; x_wconf 82' lang='lat' dir='ltr'><strong>ita</strong></span> <span class='ocrx_word' id='word_1_232' title='bbox 2506 1621 2565 1661; x_wconf 82' lang='lat' dir='ltr'><strong>se</strong></span> <span class='ocrx_word' id='word_1_233' title='bbox 2600 1605 2866 1668; x_wconf 76' lang='lat' dir='ltr'><strong>habeant,</strong></span> <span class='ocrx_word' id='word_1_234' title='bbox 2901 1604 3034 1657; x_wconf 84' lang='lat' dir='ltr'><strong>alias</strong></span> <span class='ocrx_word' id='word_1_235' title='bbox 3063 1602 3280 1672; x_wconf 83' lang='lat' dir='ltr'><strong>quidem</strong></span> <span class='ocrx_word' id='word_1_236' title='bbox 3342 1602 3546 1667; x_wconf 83' lang='lat' dir='ltr'><strong>majora</strong></span> 
     </span>
    </p>
   </div>
   <div class='ocr_carea' id='block_1_33' title="bbox 1985 1693 3549 1764">
    <p class='ocr_par' dir='ltr' id='par_1_33' title="bbox 1985 1693 3549 1764">
     <span class='ocr_line' id='line_1_33' title="bbox 1985 1693 3549 1764; baseline -0.003 -13"><span class='ocrx_word' id='word_1_237' title='bbox 1985 1706 2113 1751; x_wconf 89' lang='lat' dir='ltr'><strong>sunt</strong></span> <span class='ocrx_word' id='word_1_238' title='bbox 2144 1698 2348 1751; x_wconf 72' lang='lat' dir='ltr'><strong>virtute</strong></span> <span class='ocrx_word' id='word_1_239' title='bbox 2402 1710 2790 1764; x_wconf 74' lang='lat' dir='ltr'><strong>quantopere;</strong></span> <span class='ocrx_word' id='word_1_240' title='bbox 2829 1695 2975 1749; x_wconf 81' lang='lat' dir='ltr'><strong>nulla</strong></span> <span class='ocrx_word' id='word_1_241' title='bbox 3016 1695 3162 1749; x_wconf 82' lang='lat' dir='ltr'><strong>enim</strong></span> <span class='ocrx_word' id='word_1_242' title='bbox 3211 1703 3294 1748; x_wconf 90' lang='lat' dir='ltr'><strong>est</strong></span> <span class='ocrx_word' id='word_1_243' title='bbox 3349 1693 3549 1747; x_wconf 70' lang='lat' dir='ltr'><strong>divinae</strong></span> 
     </span>
    </p>
   </div>
   <div class='ocr_carea' id='block_1_34' title="bbox 264 1775 1862 1852">
    <p class='ocr_par' dir='ltr' id='par_1_34' title="bbox 264 1775 1855 1849">
     <span class='ocr_line' id='line_1_34' title="bbox 264 1775 1855 1849; baseline 0.001 -20"><span class='ocrx_word' id='word_1_244' title='bbox 264 1775 419 1842; x_wconf 78' lang='grc' dir='ltr'>ζώων</span> <span class='ocrx_word' id='word_1_245' title='bbox 451 1777 867 1849; x_wconf 73' lang='grc' dir='ltr'>δημιουργικὸν,</span> <span class='ocrx_word' id='word_1_246' title='bbox 905 1778 1029 1831; x_wconf 89' lang='grc' dir='ltr'>καθ’</span> <span class='ocrx_word' id='word_1_247' title='bbox 1058 1778 1086 1830; x_wconf 88' lang='grc' dir='ltr'>ὃ</span> <span class='ocrx_word' id='word_1_248' title='bbox 1111 1779 1328 1832; x_wconf 77' lang='grc' dir='ltr'>πάντων</span> <span class='ocrx_word' id='word_1_249' title='bbox 1357 1778 1468 1832; x_wconf 89' lang='grc' dir='ltr'><strong>τῶν</strong></span> <span class='ocrx_word' id='word_1_250' title='bbox 1497 1778 1735 1832; x_wconf 85' lang='grc' dir='ltr'>κτιστῶν</span> <span class='ocrx_word' id='word_1_251' title='bbox 1760 1780 1855 1831; x_wconf 74' lang='grc' dir='ltr'><strong>καὶ</strong></span> 
     </span>
    </p>
   </div>
   <div class='ocr_carea' id='block_1_35' title="bbox 1968 1775 3546 1852">
    <p class='ocr_par' dir='ltr' id='par_1_35' title="bbox 1986 1785 3546 1852">
     <span class='ocr_line' id='line_1_35' title="bbox 1986 1785 3546 1852; baseline -0.004 -12"><span class='ocrx_word' id='word_1_252' title='bbox 1986 1798 2193 1842; x_wconf 69' lang='lat' dir='ltr'><strong>natura!</strong></span> <span class='ocrx_word' id='word_1_253' title='bbox 2213 1799 2338 1843; x_wconf 84' lang='lat' dir='ltr'><strong>nota</strong></span> <span class='ocrx_word' id='word_1_254' title='bbox 2359 1787 2683 1849; x_wconf 61' lang='lat' dir='ltr'><strong>evidention</strong></span> <span class='ocrx_word' id='word_1_255' title='bbox 2713 1800 2875 1852; x_wconf 80' lang='lat' dir='ltr'><strong>quam</strong></span> <span class='ocrx_word' id='word_1_256' title='bbox 2897 1785 3148 1837; x_wconf 77' lang='lat' dir='ltr'><strong>animalia</strong></span> <span class='ocrx_word' id='word_1_257' title='bbox 3176 1785 3382 1835; x_wconf 69' lang='lat' dir='ltr'><strong>ratione</strong></span> <span class='ocrx_word' id='word_1_258' title='bbox 3407 1799 3546 1848; x_wconf 63' lang='lat' dir='ltr'><strong>prae-</strong></span> 
     </span>
    </p>
   </div>
   <div class='ocr_carea' id='block_1_36' title="bbox 267 1868 1855 1940">
    <p class='ocr_par' dir='ltr' id='par_1_36' title="bbox 267 1868 1855 1940">
     <span class='ocr_line' id='line_1_36' title="bbox 267 1868 1855 1940; baseline 0.003 -20"><span class='ocrx_word' id='word_1_259' title='bbox 267 1868 473 1938; x_wconf 88' lang='grc' dir='ltr'>νοερῶν</span> <span class='ocrx_word' id='word_1_260' title='bbox 495 1871 523 1922; x_wconf 87' lang='grc' dir='ltr'>ὁ</span> <span class='ocrx_word' id='word_1_261' title='bbox 557 1869 717 1936; x_wconf 81' lang='grc' dir='ltr'>μόνος</span> <span class='ocrx_word' id='word_1_262' title='bbox 753 1869 999 1940; x_wconf 77' lang='grc' dir='ltr'><strong>Κτίστης</strong></span> <span class='ocrx_word' id='word_1_263' title='bbox 1032 1869 1141 1923; x_wconf 88' lang='grc' dir='ltr'><strong>τῶν</strong></span> <span class='ocrx_word' id='word_1_264' title='bbox 1168 1869 1379 1939; x_wconf 82' lang='grc' dir='ltr'>νοητῶν</span> <span class='ocrx_word' id='word_1_265' title='bbox 1411 1887 1472 1923; x_wconf 85' lang='grc' dir='ltr'><strong>τε</strong></span> <span class='ocrx_word' id='word_1_266' title='bbox 1500 1871 1594 1924; x_wconf 79' lang='grc' dir='ltr'>καὶ</span> <span class='ocrx_word' id='word_1_267' title='bbox 1622 1871 1855 1939; x_wconf 77' lang='grc' dir='ltr'>λογικῶν</span> 
     </span>
    </p>
   </div>
   <div class='ocr_carea' id='block_1_37' title="bbox 268 1957 1856 2029">
    <p class='ocr_par' dir='ltr' id='par_1_37' title="bbox 268 1957 1856 2029">
     <span class='ocr_line' id='line_1_37' title="bbox 268 1957 1856 2029; baseline 0.003 -19"><span class='ocrx_word' id='word_1_268' title='bbox 268 1957 488 2011; x_wconf 80' lang='grc' dir='ltr'>πάντων</span> <span class='ocrx_word' id='word_1_269' title='bbox 516 1957 891 2012; x_wconf 79' lang='grc' dir='ltr'>διαστέλλεται</span> <span class='ocrx_word' id='word_1_270' title='bbox 910 1974 923 1988; x_wconf 84' lang='lat'><strong><em>°</em></strong></span> <span class='ocrx_word' id='word_1_271' title='bbox 961 1960 1015 2013; x_wconf 87' lang='grc' dir='ltr'><strong>τί</strong></span> <span class='ocrx_word' id='word_1_272' title='bbox 1044 1959 1175 2028; x_wconf 79' lang='grc' dir='ltr'>ὑμῖν</span> <span class='ocrx_word' id='word_1_273' title='bbox 1200 1960 1545 2029; x_wconf 76' lang='grc' dir='ltr'>ἀπεμφαῖνον</span> <span class='ocrx_word' id='word_1_274' title='bbox 1569 1961 1746 2028; x_wconf 78' lang='grc' dir='ltr'>ἔδοξεν</span> <span class='ocrx_word' id='word_1_275' title='bbox 1773 1963 1856 2023; x_wconf 85' lang='grc' dir='ltr'><strong>είς</strong></span> 
     </span>
    </p>
   </div>
   <div class='ocr_carea' id='block_1_38' title="bbox 266 2033 1855 2121">
    <p class='ocr_par' dir='ltr' id='par_1_38' title="bbox 266 2033 1855 2121">
     <span class='ocr_line' id='line_1_38' title="bbox 266 2033 1855 2121; baseline 0.001 -18"><span class='ocrx_word' id='word_1_276' title='bbox 266 2049 334 2103; x_wconf 75' lang='grc' dir='ltr'>τὰ</span> <span class='ocrx_word' id='word_1_277' title='bbox 356 2047 458 2119; x_wconf 82' lang='grc' dir='ltr'><strong>τῆς</strong></span> <span class='ocrx_word' id='word_1_278' title='bbox 488 2048 721 2113; x_wconf 81' lang='grc' dir='ltr'><strong>κτίσεως</strong></span> <span class='ocrx_word' id='word_1_279' title='bbox 736 2047 832 2102; x_wconf 87' lang='grc' dir='ltr'><strong>τοῦ</strong></span> <span class='ocrx_word' id='word_1_280' title='bbox 858 2048 1152 2119; x_wconf 87' lang='grc' dir='ltr'>ἀνθρώπου</span> <span class='ocrx_word' id='word_1_281' title='bbox 1180 2036 1371 2121; x_wconf 72' lang='grc' dir='ltr'>μηδενὶ</span> <span class='ocrx_word' id='word_1_282' title='bbox 1391 2033 1564 2121; x_wconf 70' lang='grc' dir='ltr'>ἑτέρῳ</span> <span class='ocrx_word' id='word_1_283' title='bbox 1586 2053 1693 2107; x_wconf 86' lang='grc' dir='ltr'><strong>τῶν</strong></span> <span class='ocrx_word' id='word_1_284' title='bbox 1725 2054 1855 2120; x_wconf 83' lang='grc' dir='ltr'>παρ’</span> 
     </span>
    </p>
   </div>
   <div class='ocr_carea' id='block_1_39' title="bbox 267 2141 1856 2213">
    <p class='ocr_par' dir='ltr' id='par_1_39' title="bbox 267 2141 1856 2213">
     <span class='ocr_line' id='line_1_39' title="bbox 267 2141 1856 2213; baseline 0 -18"><span class='ocrx_word' id='word_1_285' title='bbox 267 2141 431 2195; x_wconf 81' lang='grc' dir='ltr'>αὑτὸν</span> <span class='ocrx_word' id='word_1_286' title='bbox 469 2142 564 2194; x_wconf 75' lang='grc' dir='ltr'><strong>καὶ</strong></span> <span class='ocrx_word' id='word_1_287' title='bbox 597 2142 685 2194; x_wconf 80' lang='grc' dir='ltr'>ὑπ’</span> <span class='ocrx_word' id='word_1_288' title='bbox 718 2141 881 2196; x_wconf 78' lang='grc' dir='ltr'>αὐτὸν</span> <span class='ocrx_word' id='word_1_289' title='bbox 915 2142 1085 2206; x_wconf 78' lang='grc' dir='ltr'>ὅντως</span> <span class='ocrx_word' id='word_1_290' title='bbox 1131 2142 1604 2213; x_wconf 81' lang='grc' dir='ltr'>ὲγχειρισάμενος,</span> <span class='ocrx_word' id='word_1_291' title='bbox 1644 2144 1738 2198; x_wconf 74' lang='grc' dir='ltr'><strong>καὶ</strong></span> <span class='ocrx_word' id='word_1_292' title='bbox 1763 2142 1856 2195; x_wconf 88' lang='grc' dir='ltr'><strong>νῦν</strong></span> 
     </span>
    </p>
   </div>
   <div class='ocr_carea' id='block_1_40' title="bbox 266 2233 1857 2305">
    <p class='ocr_par' dir='ltr' id='par_1_40' title="bbox 266 2233 1857 2305">
     <span class='ocr_line' id='line_1_40' title="bbox 266 2233 1857 2305; baseline 0 -19"><span class='ocrx_word' id='word_1_293' title='bbox 266 2234 335 2288; x_wconf 80' lang='grc' dir='ltr'><strong>τὰ</strong></span> <span class='ocrx_word' id='word_1_294' title='bbox 362 2236 459 2305; x_wconf 78' lang='grc' dir='ltr'><strong>τῆς</strong></span> <span class='ocrx_word' id='word_1_295' title='bbox 481 2234 817 2297; x_wconf 88' lang='grc' dir='ltr'>ἀνακτίσεως</span> <span class='ocrx_word' id='word_1_296' title='bbox 857 2233 1023 2287; x_wconf 76' lang='grc' dir='ltr'>αὐτοῦ</span> <span class='ocrx_word' id='word_1_297' title='bbox 1056 2233 1437 2303; x_wconf 81' lang='grc' dir='ltr'>αύτουργικῶς</span> <span class='ocrx_word' id='word_1_298' title='bbox 1464 2234 1625 2299; x_wconf 83' lang='grc' dir='ltr'>αὐτὸς</span> <span class='ocrx_word' id='word_1_299' title='bbox 1656 2233 1857 2303; x_wconf 79' lang='grc' dir='ltr'>ὑπεδύ-</span> 
     </span>
    </p>
   </div>
   <div class='ocr_carea' id='block_1_41' title="bbox 272 2324 1858 2394">
    <p class='ocr_par' dir='ltr' id='par_1_41' title="bbox 272 2324 1858 2394">
     <span class='ocr_line' id='line_1_41' title="bbox 272 2324 1858 2394; baseline 0.001 -16"><span class='ocrx_word' id='word_1_300' title='bbox 272 2342 441 2392; x_wconf 86' lang='grc' dir='ltr'>σατο;</span> <span class='ocrx_word' id='word_1_301' title='bbox 477 2325 558 2379; x_wconf 76' lang='grc' dir='ltr'>ἔτι</span> <span class='ocrx_word' id='word_1_302' title='bbox 582 2326 640 2379; x_wconf 79' lang='grc' dir='ltr'>δὲ</span> <span class='ocrx_word' id='word_1_303' title='bbox 670 2326 724 2378; x_wconf 89' lang='grc' dir='ltr'><strong>τί</strong></span> <span class='ocrx_word' id='word_1_304' title='bbox 768 2324 835 2378; x_wconf 83' lang='grc' dir='ltr'><strong>ἂν</strong></span> <span class='ocrx_word' id='word_1_305' title='bbox 871 2325 1081 2379; x_wconf 78' lang='grc' dir='ltr'>εἴποιτε</span> <span class='ocrx_word' id='word_1_306' title='bbox 1122 2327 1403 2389; x_wconf 82' lang='grc' dir='ltr'>Μωῦσέως</span> <span class='ocrx_word' id='word_1_307' title='bbox 1451 2326 1681 2394; x_wconf 79' lang='grc' dir='ltr'>ἄγγελον</span> <span class='ocrx_word' id='word_1_308' title='bbox 1738 2343 1858 2380; x_wconf 84' lang='grc' dir='ltr'>συν-</span> 
     </span>
    </p>
   </div>
   <div class='ocr_carea' id='block_1_42' title="bbox 271 2412 1859 2488">
    <p class='ocr_par' dir='ltr' id='par_1_42' title="bbox 271 2412 1859 2488">
     <span class='ocr_line' id='line_1_42' title="bbox 271 2412 1859 2488; baseline -0.002 -16"><span class='ocrx_word' id='word_1_309' title='bbox 271 2417 556 2487; x_wconf 85' lang='grc' dir='ltr'>οδοιπόρον</span> <span class='ocrx_word' id='word_1_310' title='bbox 590 2417 684 2470; x_wconf 77' lang='grc' dir='ltr'>καὶ</span> <span class='ocrx_word' id='word_1_311' title='bbox 718 2416 913 2487; x_wconf 76' lang='grc' dir='ltr'>ὁδηγὸν</span> <span class='ocrx_word' id='word_1_312' title='bbox 956 2417 1094 2487; x_wconf 71' lang='grc' dir='ltr'>πρὸς</span> <span class='ocrx_word' id='word_1_313' title='bbox 1137 2415 1235 2488; x_wconf 80' lang='grc' dir='ltr'>τὴν</span> <span class='ocrx_word' id='word_1_314' title='bbox 1259 2416 1364 2485; x_wconf 86' lang='grc' dir='ltr'>γῆν</span> <span class='ocrx_word' id='word_1_315' title='bbox 1396 2417 1495 2485; x_wconf 81' lang='grc' dir='ltr'><strong>τῆς</strong></span> <span class='ocrx_word' id='word_1_316' title='bbox 1526 2412 1859 2484; x_wconf 66' lang='grc' dir='ltr'>ἐπαγγελίας</span> 
     </span>
    </p>
   </div>
   <div class='ocr_carea' id='block_1_43' title="bbox 272 2506 1855 2578">
    <p class='ocr_par' dir='ltr' id='par_1_43' title="bbox 272 2506 1855 2578">
     <span class='ocr_line' id='line_1_43' title="bbox 272 2506 1855 2578; baseline -0.002 -16"><span class='ocrx_word' id='word_1_317' title='bbox 272 2508 332 2574; x_wconf 76' lang='grc' dir='ltr'><strong>ἐξ</strong></span> <span class='ocrx_word' id='word_1_318' title='bbox 353 2508 634 2577; x_wconf 80' lang='grc' dir='ltr'>Αἰγύπτου</span> <span class='ocrx_word' id='word_1_319' title='bbox 688 2509 765 2578; x_wconf 80' lang='grc' dir='ltr'>μὴ</span> <span class='ocrx_word' id='word_1_320' title='bbox 816 2508 1255 2578; x_wconf 78' lang='grc' dir='ltr'>καταδεχομένου</span> <span class='ocrx_word' id='word_1_321' title='bbox 1300 2508 1490 2561; x_wconf 88' lang='grc' dir='ltr'>λαϐεῖν</span> <span class='ocrx_word' id='word_1_322' title='bbox 1521 2545 1536 2571; x_wconf 89' lang='grc'><em>,</em></span> <span class='ocrx_word' id='word_1_323' title='bbox 1588 2508 1681 2560; x_wconf 87' lang='grc' dir='ltr'><strong>τοῦ</strong></span> <span class='ocrx_word' id='word_1_324' title='bbox 1718 2506 1855 2560; x_wconf 87' lang='grc' dir='ltr'>Θεοῦ</span> 
     </span>
    </p>
   </div>
   <div class='ocr_carea' id='block_1_44' title="bbox 267 2597 1858 2672">
    <p class='ocr_par' dir='ltr' id='par_1_44' title="bbox 267 2597 1858 2672">
     <span class='ocr_line' id='line_1_44' title="bbox 267 2597 1858 2672; baseline -0.003 -18"><span class='ocrx_word' id='word_1_325' title='bbox 267 2599 428 2654; x_wconf 86' lang='grc' dir='ltr'>τοῦτο</span> <span class='ocrx_word' id='word_1_326' title='bbox 459 2601 838 2672; x_wconf 83' lang='grc' dir='ltr'>προτείνοντος</span> <span class='ocrx_word' id='word_1_327' title='bbox 870 2597 1021 2670; x_wconf 77' lang='grc' dir='ltr'>αὐτῷ</span> <span class='ocrx_word' id='word_1_328' title='bbox 1039 2617 1056 2666; x_wconf 88' lang='grc'>;</span> <span class='ocrx_word' id='word_1_329' title='bbox 1077 2598 1223 2652; x_wconf 81' lang='grc' dir='ltr'>Ἀλλ’</span> <span class='ocrx_word' id='word_1_330' title='bbox 1249 2601 1298 2652; x_wconf 82' lang='grc' dir='ltr'><strong>εί</strong></span> <span class='ocrx_word' id='word_1_331' title='bbox 1331 2600 1428 2669; x_wconf 83' lang='grc' dir='ltr'>μὲν</span> <span class='ocrx_word' id='word_1_332' title='bbox 1456 2599 1618 2661; x_wconf 78' lang='grc' dir='ltr'>αὐτὸς</span> <span class='ocrx_word' id='word_1_333' title='bbox 1645 2615 1858 2668; x_wconf 87' lang='grc' dir='ltr'>συμπο-</span> 
     </span>
    </p>
   </div>
   <div class='ocr_carea' id='block_1_45' title="bbox 273 2689 1860 2766">
    <p class='ocr_par' dir='ltr' id='par_1_45' title="bbox 273 2689 1860 2766">
     <span class='ocr_line' id='line_1_45' title="bbox 273 2689 1860 2766; baseline -0.003 -20"><span class='ocrx_word' id='word_1_334' title='bbox 273 2691 441 2766; x_wconf 79' lang='grc' dir='ltr'>ρεύσῃ</span> <span class='ocrx_word' id='word_1_335' title='bbox 469 2691 589 2761; x_wconf 81' lang='grc' dir='ltr'>μεθ’</span> <span class='ocrx_word' id='word_1_336' title='bbox 620 2692 799 2763; x_wconf 81' lang='grc' dir='ltr'>ἡμῶν,</span> <span class='ocrx_word' id='word_1_337' title='bbox 844 2692 1140 2762; x_wconf 78' lang='grc' dir='ltr'>φήσαντος,</span> <span class='ocrx_word' id='word_1_338' title='bbox 1203 2689 1409 2744; x_wconf 78' lang='grc' dir='ltr'>ὲπείτοι</span> <span class='ocrx_word' id='word_1_339' title='bbox 1434 2707 1496 2759; x_wconf 87' lang='grc' dir='ltr'><strong>γε</strong></span> <span class='ocrx_word' id='word_1_340' title='bbox 1527 2690 1630 2744; x_wconf 80' lang='grc' dir='ltr'><strong>οὐκ</strong></span> <span class='ocrx_word' id='word_1_341' title='bbox 1652 2690 1860 2759; x_wconf 84' lang='grc' dir='ltr'>ἀναϐη-</span> 
     </span>
    </p>
   </div>
   <div class='ocr_carea' id='block_1_46' title="bbox 271 2782 1860 2856">
    <p class='ocr_par' dir='ltr' id='par_1_46' title="bbox 271 2782 1860 2856">
     <span class='ocr_line' id='line_1_46' title="bbox 271 2782 1860 2856; baseline -0.003 -16"><span class='ocrx_word' id='word_1_342' title='bbox 271 2787 513 2856; x_wconf 84' lang='grc' dir='ltr'>σόμεθα·</span> <span class='ocrx_word' id='word_1_343' title='bbox 572 2787 669 2840; x_wconf 69' lang='grc' dir='ltr'>καὶ</span> <span class='ocrx_word' id='word_1_344' title='bbox 723 2788 821 2856; x_wconf 84' lang='grc' dir='ltr'>τῆς</span> <span class='ocrx_word' id='word_1_345' title='bbox 868 2785 1211 2856; x_wconf 85' lang='grc' dir='ltr'>θεοπρεποῦς</span> <span class='ocrx_word' id='word_1_346' title='bbox 1278 2783 1699 2855; x_wconf 77' lang='grc' dir='ltr'>φιλανθρωπίας</span> <span class='ocrx_word' id='word_1_347' title='bbox 1754 2782 1860 2835; x_wconf 89' lang='grc' dir='ltr'><strong>τοῦ</strong></span> 
     </span>
    </p>
   </div>
   <div class='ocr_carea' id='block_1_47' title="bbox 275 2871 1862 2944">
    <p class='ocr_par' dir='ltr' id='par_1_47' title="bbox 275 2871 1862 2944">
     <span class='ocr_line' id='line_1_47' title="bbox 275 2871 1862 2944; baseline -0.004 -15"><span class='ocrx_word' id='word_1_348' title='bbox 275 2874 484 2944; x_wconf 80' lang='grc' dir='ltr'>ἀγαθοῦ</span> <span class='ocrx_word' id='word_1_349' title='bbox 511 2875 729 2929; x_wconf 78' lang='grc' dir='ltr'>πάντων</span> <span class='ocrx_word' id='word_1_350' title='bbox 751 2875 980 2944; x_wconf 81' lang='grc' dir='ltr'>Κυρίου,</span> <span class='ocrx_word' id='word_1_351' title='bbox 1008 2874 1103 2927; x_wconf 80' lang='grc' dir='ltr'>καὶ</span> <span class='ocrx_word' id='word_1_352' title='bbox 1130 2872 1292 2927; x_wconf 86' lang='grc' dir='ltr'>τοῦτο</span> <span class='ocrx_word' id='word_1_353' title='bbox 1338 2871 1660 2940; x_wconf 76' lang='grc' dir='ltr'>διακονῆσαι</span> <span class='ocrx_word' id='word_1_354' title='bbox 1719 2871 1862 2924; x_wconf 80' lang='grc' dir='ltr'>κατὰ</span> 
     </span>
    </p>
   </div>
   <div class='ocr_carea' id='block_1_48' title="bbox 275 2960 1859 3036">
    <p class='ocr_par' dir='ltr' id='par_1_48' title="bbox 275 2960 1859 3036">
     <span class='ocr_line' id='line_1_48' title="bbox 275 2960 1859 3036; baseline -0.002 -18"><span class='ocrx_word' id='word_1_355' title='bbox 275 2967 388 3036; x_wconf 78' lang='grc' dir='ltr'>τὴν.</span> <span class='ocrx_word' id='word_1_356' title='bbox 403 2965 498 3019; x_wconf 87' lang='grc' dir='ltr'><strong>τοῦ</strong></span> <span class='ocrx_word' id='word_1_357' title='bbox 536 2965 669 3028; x_wconf 72' lang='grc' dir='ltr'>ἰδίου</span> <span class='ocrx_word' id='word_1_358' title='bbox 699 2965 1031 3036; x_wconf 78' lang='grc' dir='ltr'>θεράποντος</span> <span class='ocrx_word' id='word_1_359' title='bbox 1056 2964 1336 3030; x_wconf 82' lang='grc' dir='ltr'>ἀπόφασιν</span> <span class='ocrx_word' id='word_1_360' title='bbox 1375 2960 1821 3030; x_wconf 79' lang='grc' dir='ltr'>καταδεξαμένης</span> <span class='ocrx_word' id='word_1_361' title='bbox 1843 2979 1859 2993; x_wconf 83' lang='grc'><strong>·</strong></span> 
     </span>
    </p>
   </div>
   <div class='ocr_carea' id='block_1_49' title="bbox 278 3050 1864 3127">
    <p class='ocr_par' dir='ltr' id='par_1_49' title="bbox 278 3050 1864 3127">
     <span class='ocr_line' id='line_1_49' title="bbox 278 3050 1864 3127; baseline -0.005 -15"><span class='ocrx_word' id='word_1_362' title='bbox 278 3058 411 3112; x_wconf 72' lang='grc' dir='ltr'><strong>καὶὸ</strong></span> <span class='ocrx_word' id='word_1_363' title='bbox 428 3057 606 3127; x_wconf 83' lang='grc' dir='ltr'>φήσας</span> <span class='ocrx_word' id='word_1_364' title='bbox 633 3056 690 3109; x_wconf 82' lang='grc' dir='ltr'><strong>δὲ</strong></span> <span class='ocrx_word' id='word_1_365' title='bbox 714 3056 1020 3125; x_wconf 75' lang='grc' dir='ltr'>προφήτηςο</span> <span class='ocrx_word' id='word_1_366' title='bbox 1040 3056 1163 3107; x_wconf 73' lang='grc' dir='ltr'><strong>Οὐκ</strong></span> <span class='ocrx_word' id='word_1_367' title='bbox 1180 3054 1455 3124; x_wconf 75' lang='grc' dir='ltr'>ἄγγελος,</span> <span class='ocrx_word' id='word_1_368' title='bbox 1475 3052 1613 3106; x_wconf 74' lang='grc' dir='ltr'><strong>ἀλλ’</strong></span> <span class='ocrx_word' id='word_1_369' title='bbox 1632 3050 1814 3116; x_wconf 82' lang='grc' dir='ltr'>αὐτὸς</span> <span class='ocrx_word' id='word_1_370' title='bbox 1831 3053 1864 3104; x_wconf 83' lang='grc' dir='ltr'><em>ὀ</em></span> 
     </span>
    </p>
   </div>
   <div class='ocr_carea' id='block_1_50' title="bbox 273 3142 1858 3217">
    <p class='ocr_par' dir='ltr' id='par_1_50' title="bbox 273 3142 1858 3217">
     <span class='ocr_line' id='line_1_50' title="bbox 273 3142 1858 3217; baseline -0.006 -13"><span class='ocrx_word' id='word_1_371' title='bbox 273 3149 491 3216; x_wconf 82' lang='grc' dir='ltr'>Κύριος</span> <span class='ocrx_word' id='word_1_372' title='bbox 518 3150 754 3202; x_wconf 75' lang='grc' dir='ltr'>ἔσωσεν</span> <span class='ocrx_word' id='word_1_373' title='bbox 784 3145 965 3217; x_wconf 75' lang='grc' dir='ltr'>ἡμᾶς,</span> <span class='ocrx_word' id='word_1_374' title='bbox 1001 3145 1117 3209; x_wconf 83' lang='grc' dir='ltr'><strong>πῶς</strong></span> <span class='ocrx_word' id='word_1_375' title='bbox 1148 3146 1210 3198; x_wconf 82' lang='grc' dir='ltr'><strong>οὐ</strong></span> <span class='ocrx_word' id='word_1_376' title='bbox 1235 3143 1356 3197; x_wconf 88' lang='grc' dir='ltr'>καθ’</span> <span class='ocrx_word' id='word_1_377' title='bbox 1389 3144 1533 3214; x_wconf 77' lang='grc' dir='ltr'>ὑμᾶς</span> <span class='ocrx_word' id='word_1_378' title='bbox 1549 3143 1728 3196; x_wconf 85' lang='grc' dir='ltr'>ταῦτα</span> <span class='ocrx_word' id='word_1_379' title='bbox 1757 3142 1858 3213; x_wconf 72' lang='grc' dir='ltr'>ἤδη</span> 
     </span>
    </p>
   </div>
   <div class='ocr_carea' id='block_1_51' title="bbox 272 3233 1865 3313">
    <p class='ocr_par' dir='ltr' id='par_1_51' title="bbox 272 3233 1865 3313">
     <span class='ocr_line' id='line_1_51' title="bbox 272 3233 1865 3313; baseline -0.006 -15"><span class='ocrx_word' id='word_1_380' title='bbox 272 3241 542 3308; x_wconf 77' lang='grc' dir='ltr'>ἀπαξιοῦν</span> <span class='ocrx_word' id='word_1_381' title='bbox 567 3242 898 3313; x_wconf 84' lang='grc' dir='ltr'>ἡγούμενος,</span> <span class='ocrx_word' id='word_1_382' title='bbox 933 3240 1027 3293; x_wconf 80' lang='grc' dir='ltr'><strong>τὸν</strong></span> <span class='ocrx_word' id='word_1_383' title='bbox 1087 3237 1254 3310; x_wconf 81' lang='grc' dir='ltr'>μηδὲν</span> <span class='ocrx_word' id='word_1_384' title='bbox 1306 3237 1390 3299; x_wconf 89' lang='grc' dir='ltr'><strong>εἰς</strong></span> <span class='ocrx_word' id='word_1_385' title='bbox 1445 3235 1657 3289; x_wconf 82' lang='grc' dir='ltr'>οἰκείαν</span> <span class='ocrx_word' id='word_1_386' title='bbox 1702 3233 1865 3304; x_wconf 82' lang='grc' dir='ltr'>φύσιν</span> 
     </span>
    </p>
   </div>
   <div class='ocr_carea' id='block_1_52' title="bbox 276 3326 1869 3405">
    <p class='ocr_par' dir='ltr' id='par_1_52' title="bbox 276 3326 1869 3405">
     <span class='ocr_line' id='line_1_52' title="bbox 276 3326 1869 3405; baseline -0.006 -16"><span class='ocrx_word' id='word_1_387' title='bbox 276 3334 609 3405; x_wconf 78' lang='grc' dir='ltr'>ὠνούμενον,</span> <span class='ocrx_word' id='word_1_388' title='bbox 636 3334 736 3403; x_wconf 83' lang='grc' dir='ltr'>τὴν</span> <span class='ocrx_word' id='word_1_389' title='bbox 797 3332 1073 3403; x_wconf 85' lang='grc' dir='ltr'>ἡμετέραν</span> <span class='ocrx_word' id='word_1_390' title='bbox 1132 3328 1406 3399; x_wconf 76' lang='grc' dir='ltr'>σωτηρίαν</span> <span class='ocrx_word' id='word_1_391' title='bbox 1441 3328 1508 3382; x_wconf 88' lang='grc' dir='ltr'>δι’</span> <span class='ocrx_word' id='word_1_392' title='bbox 1530 3326 1725 3390; x_wconf 75' lang='grc' dir='ltr'>ἑαυτοῦ</span> <span class='ocrx_word' id='word_1_393' title='bbox 1775 3326 1869 3380; x_wconf 87' lang='grc' dir='ltr'>ἀν-</span> 
     </span>
    </p>
   </div>
   <div class='ocr_carea' id='block_1_53' title="bbox 287 3418 1869 3499">
    <p class='ocr_par' dir='ltr' id='par_1_53' title="bbox 287 3418 1869 3499">
     <span class='ocr_line' id='line_1_53' title="bbox 287 3418 1869 3499; baseline -0.006 -18"><span class='ocrx_word' id='word_1_394' title='bbox 287 3427 668 3499; x_wconf 75' lang='grc' dir='ltr'>επαισχύντως</span> <span class='ocrx_word' id='word_1_395' title='bbox 695 3422 1049 3497; x_wconf 75' lang='grc' dir='ltr'>ἐργάζεσθαι,</span> <span class='ocrx_word' id='word_1_396' title='bbox 1068 3422 1184 3479; x_wconf 86' lang='grc' dir='ltr'>ἀλλ’</span> <span class='ocrx_word' id='word_1_397' title='bbox 1233 3423 1293 3475; x_wconf 86' lang='grc' dir='ltr'><strong>ού</strong></span> <span class='ocrx_word' id='word_1_398' title='bbox 1329 3422 1480 3492; x_wconf 82' lang='grc' dir='ltr'>μέσῳ</span> <span class='ocrx_word' id='word_1_399' title='bbox 1506 3419 1614 3473; x_wconf 82' lang='grc' dir='ltr'>τινὶ</span> <span class='ocrx_word' id='word_1_400' title='bbox 1637 3418 1869 3489; x_wconf 84' lang='grc' dir='ltr'>διακόνῳ</span> 
     </span>
    </p>
   </div>
   <div class='ocr_carea' id='block_1_54' title="bbox 279 3510 1864 3589">
    <p class='ocr_par' dir='ltr' id='par_1_54' title="bbox 279 3510 1864 3589">
     <span class='ocr_line' id='line_1_54' title="bbox 279 3510 1864 3589; baseline -0.005 -18"><span class='ocrx_word' id='word_1_401' title='bbox 279 3518 582 3589; x_wconf 78' lang='grc' dir='ltr'>κεχρῆσθαι</span> <span class='ocrx_word' id='word_1_402' title='bbox 606 3520 685 3581; x_wconf 87' lang='grc' dir='ltr'><strong>εἰς</strong></span> <span class='ocrx_word' id='word_1_403' title='bbox 722 3516 822 3588; x_wconf 82' lang='grc' dir='ltr'>τὴν</span> <span class='ocrx_word' id='word_1_404' title='bbox 854 3515 976 3569; x_wconf 80' lang='grc' dir='ltr'>καθ’</span> <span class='ocrx_word' id='word_1_405' title='bbox 999 3515 1148 3585; x_wconf 79' lang='grc' dir='ltr'>ἡμᾶς</span> <span class='ocrx_word' id='word_1_406' title='bbox 1171 3514 1304 3583; x_wconf 82' lang='grc' dir='ltr'>παρ’</span> <span class='ocrx_word' id='word_1_407' title='bbox 1325 3510 1488 3566; x_wconf 80' lang='grc' dir='ltr'>αὑτοῦ</span> <span class='ocrx_word' id='word_1_408' title='bbox 1519 3510 1864 3580; x_wconf 80' lang='grc' dir='ltr'>εὐεργεσίαν,</span> 
     </span>
    </p>
   </div>
   <div class='ocr_carea' id='block_1_55' title="bbox 279 3600 1870 3679">
    <p class='ocr_par' dir='ltr' id='par_1_55' title="bbox 279 3600 1870 3679">
     <span class='ocr_line' id='line_1_55' title="bbox 279 3600 1870 3679; baseline -0.007 -15"><span class='ocrx_word' id='word_1_409' title='bbox 279 3611 359 3679; x_wconf 72' lang='grc' dir='ltr'>πῆ</span> <span class='ocrx_word' id='word_1_410' title='bbox 389 3608 498 3663; x_wconf 88' lang='grc' dir='ltr'><strong>τῶν</strong></span> <span class='ocrx_word' id='word_1_411' title='bbox 526 3608 726 3675; x_wconf 84' lang='grc' dir='ltr'>λογίων</span> <span class='ocrx_word' id='word_1_412' title='bbox 754 3606 1155 3679; x_wconf 76' lang='grc' dir='ltr'>διεμαρτύρετο</span> <span class='ocrx_word' id='word_1_413' title='bbox 1176 3607 1233 3673; x_wconf 74' lang='grc' dir='ltr'>ςὸ</span> <span class='ocrx_word' id='word_1_414' title='bbox 1258 3606 1366 3675; x_wconf 66' lang='grc' dir='ltr'><strong>γαρ</strong></span> <span class='ocrx_word' id='word_1_415' title='bbox 1393 3600 1661 3673; x_wconf 84' lang='grc' dir='ltr'>αἰσχύνης</span> <span class='ocrx_word' id='word_1_416' title='bbox 1693 3617 1870 3655; x_wconf 86' lang='grc' dir='ltr'>κατα-</span> 
     </span>
    </p>
   </div>
   <div class='ocr_carea' id='block_1_56' title="bbox 282 3690 1870 3773">
    <p class='ocr_par' dir='ltr' id='par_1_56' title="bbox 282 3690 1870 3773">
     <span class='ocr_line' id='line_1_56' title="bbox 282 3690 1870 3773; baseline -0.006 -18"><span class='ocrx_word' id='word_1_417' title='bbox 282 3703 563 3773; x_wconf 82' lang='grc' dir='ltr'>φρονήσας</span> <span class='ocrx_word' id='word_1_418' title='bbox 585 3700 819 3756; x_wconf 85' lang='grc' dir='ltr'>θανάτου</span> <span class='ocrx_word' id='word_1_419' title='bbox 848 3697 1109 3769; x_wconf 87' lang='grc' dir='ltr'>σταυροῦ,</span> <span class='ocrx_word' id='word_1_420' title='bbox 1133 3696 1295 3760; x_wconf 77' lang='grc' dir='ltr'>αὐτὸς</span> <span class='ocrx_word' id='word_1_421' title='bbox 1324 3692 1478 3759; x_wconf 76' lang='grc' dir='ltr'>οὗτος</span> <span class='ocrx_word' id='word_1_422' title='bbox 1499 3690 1591 3766; x_wconf 76' lang='grc' dir='ltr'><strong>ἦν,</strong></span> <span class='ocrx_word' id='word_1_423' title='bbox 1616 3693 1759 3747; x_wconf 86' lang='grc' dir='ltr'><strong>κατά</strong></span> <span class='ocrx_word' id='word_1_424' title='bbox 1778 3692 1870 3746; x_wconf 76' lang='grc' dir='ltr'>τὸν</span> 
     </span>
    </p>
   </div>
   <div class='ocr_carea' id='block_1_57' title="bbox 295 3783 1864 3858">
    <p class='ocr_par' dir='ltr' id='par_1_57' title="bbox 295 3783 1864 3858">
     <span class='ocr_line' id='line_1_57' title="bbox 295 3783 1864 3858; baseline -0.006 -11"><span class='ocrx_word' id='word_1_425' title='bbox 295 3793 619 3846; x_wconf 83' lang='grc' dir='ltr'>’Δπόστολον</span> <span class='ocrx_word' id='word_1_426' title='bbox 636 3792 727 3845; x_wconf 78' lang='grc' dir='ltr'><strong>τὸν</strong></span> <span class='ocrx_word' id='word_1_427' title='bbox 757 3790 1119 3856; x_wconf 72' lang='grc' dir='ltr'>θεοδίδακτον,</span> <span class='ocrx_word' id='word_1_428' title='bbox 1144 3789 1215 3843; x_wconf 71' lang='grc' dir='ltr'><em>ἐν</em></span> <span class='ocrx_word' id='word_1_429' title='bbox 1238 3786 1445 3858; x_wconf 75' lang='grc' dir='ltr'>μορφῇ</span> <span class='ocrx_word' id='word_1_430' title='bbox 1478 3785 1629 3844; x_wconf 80' lang='grc' dir='ltr'>Θεοῦ</span> <span class='ocrx_word' id='word_1_431' title='bbox 1674 3783 1864 3852; x_wconf 80' lang='grc' dir='ltr'>ὑπάρ-</span> 
     </span>
    </p>
   </div>
   <div class='ocr_carea' id='block_1_58' title="bbox 284 3876 1417 3955">
    <p class='ocr_par' dir='ltr' id='par_1_58' title="bbox 284 3876 1417 3955">
     <span class='ocr_line' id='line_1_58' title="bbox 284 3876 1417 3955; baseline -0.007 -17"><span class='ocrx_word' id='word_1_432' title='bbox 284 3901 412 3955; x_wconf 78' lang='grc' dir='ltr'><strong>χων</strong></span> <span class='ocrx_word' id='word_1_433' title='bbox 434 3883 534 3937; x_wconf 84' lang='grc' dir='ltr'><strong>καί</strong></span> <span class='ocrx_word' id='word_1_434' title='bbox 563 3882 782 3936; x_wconf 77' lang='grc' dir='ltr'>ἑαυτὸν</span> <span class='ocrx_word' id='word_1_435' title='bbox 811 3886 911 3951; x_wconf 82' lang='grc' dir='ltr'><strong>οὐχ</strong></span> <span class='ocrx_word' id='word_1_436' title='bbox 930 3880 1120 3950; x_wconf 74' lang='grc' dir='ltr'>ἕτερον</span> <span class='ocrx_word' id='word_1_437' title='bbox 1153 3876 1417 3941; x_wconf 83' lang='grc' dir='ltr'>κενώσας.</span> 
     </span>
    </p>
   </div>
   <div class='ocr_carea' id='block_1_59' title="bbox 355 3957 1868 4042">
    <p class='ocr_par' dir='ltr' id='par_1_59' title="bbox 355 3957 1868 4042">
     <span class='ocr_line' id='line_1_59' title="bbox 355 3957 1868 4042; baseline -0.008 -14"><span class='ocrx_word' id='word_1_438' title='bbox 355 3975 420 4028; x_wconf 85' lang='grc' dir='ltr'>Εἰ</span> <span class='ocrx_word' id='word_1_439' title='bbox 449 3973 509 4028; x_wconf 81' lang='grc' dir='ltr'>δὲ</span> <span class='ocrx_word' id='word_1_440' title='bbox 561 3971 709 4026; x_wconf 76' lang='grc' dir='ltr'>ἔστιν</span> <span class='ocrx_word' id='word_1_441' title='bbox 768 3972 914 4042; x_wconf 76' lang='grc' dir='ltr'>ὑμᾶς</span> <span class='ocrx_word' id='word_1_442' title='bbox 967 3968 1211 4032; x_wconf 81' lang='grc' dir='ltr'>εὐσεϐῶς</span> <span class='ocrx_word' id='word_1_443' title='bbox 1243 3966 1568 4031; x_wconf 78' lang='grc' dir='ltr'>ἀνοίξαντας</span> <span class='ocrx_word' id='word_1_444' title='bbox 1626 3966 1701 4018; x_wconf 84' lang='grc' dir='ltr'><strong>τά</strong></span> <span class='ocrx_word' id='word_1_445' title='bbox 1755 3957 1868 4018; x_wconf 81' lang='grc' dir='ltr'>ὦτα</span> 
     </span>
    </p>
   </div>
   <div class='ocr_carea' id='block_1_60' title="bbox 283 4056 1870 4137">
    <p class='ocr_par' dir='ltr' id='par_1_60' title="bbox 283 4056 1870 4137">
     <span class='ocr_line' id='line_1_60' title="bbox 283 4056 1870 4137; baseline -0.007 -16"><span class='ocrx_word' id='word_1_446' title='bbox 283 4067 663 4137; x_wconf 78' lang='grc' dir='ltr'>ἀνοιγομένοις</span> <span class='ocrx_word' id='word_1_447' title='bbox 680 4065 919 4136; x_wconf 77' lang='grc' dir='ltr'>χείλεσιν</span> <span class='ocrx_word' id='word_1_448' title='bbox 934 4061 1295 4117; x_wconf 80' lang='grc' dir='ltr'>ὑποτίθεσθαι</span> <span class='ocrx_word' id='word_1_449' title='bbox 1328 4060 1425 4114; x_wconf 78' lang='grc' dir='ltr'>καὶ</span> <span class='ocrx_word' id='word_1_450' title='bbox 1488 4059 1696 4129; x_wconf 75' lang='grc' dir='ltr'>ἑτέρως</span> <span class='ocrx_word' id='word_1_451' title='bbox 1721 4075 1778 4111; x_wconf 85' lang='grc' dir='ltr'><strong>τι</strong></span> <span class='ocrx_word' id='word_1_452' title='bbox 1807 4056 1870 4110; x_wconf 86' lang='grc' dir='ltr'>τὸ</span> 
     </span>
    </p>
   </div>
   <div class='ocr_carea' id='block_1_61' title="bbox 283 4148 1870 4231">
    <p class='ocr_par' dir='ltr' id='par_1_61' title="bbox 283 4148 1870 4231">
     <span class='ocr_line' id='line_1_61' title="bbox 283 4148 1870 4231; baseline -0.008 -17"><span class='ocrx_word' id='word_1_453' title='bbox 283 4159 721 4231; x_wconf 85' lang='grc' dir='ltr'>προσγενόμενον</span> <span class='ocrx_word' id='word_1_454' title='bbox 777 4157 1127 4229; x_wconf 81' lang='grc' dir='ltr'>εὐεργέτημα</span> <span class='ocrx_word' id='word_1_455' title='bbox 1155 4156 1311 4225; x_wconf 84' lang='grc' dir='ltr'>ἡμῖν,</span> <span class='ocrx_word' id='word_1_456' title='bbox 1345 4153 1442 4207; x_wconf 77' lang='grc' dir='ltr'><strong>καὶ</strong></span> <span class='ocrx_word' id='word_1_457' title='bbox 1470 4151 1550 4222; x_wconf 80' lang='grc' dir='ltr'>τῷ</span> <span class='ocrx_word' id='word_1_458' title='bbox 1602 4148 1870 4220; x_wconf 82' lang='grc' dir='ltr'>Κυριακῷ</span> 
     </span>
    </p>
   </div>
   <div class='ocr_carea' id='block_1_62' title="bbox 289 4243 1870 4322">
    <p class='ocr_par' dir='ltr' id='par_1_62' title="bbox 289 4243 1870 4322">
     <span class='ocr_line' id='line_1_62' title="bbox 289 4243 1870 4322; baseline -0.008 -17"><span class='ocrx_word' id='word_1_459' title='bbox 289 4250 587 4322; x_wconf 79' lang='grc' dir='ltr'>ἀνθρώπῳ,</span> <span class='ocrx_word' id='word_1_460' title='bbox 614 4250 716 4303; x_wconf 85' lang='grc' dir='ltr'><strong>οὐκ</strong></span> <span class='ocrx_word' id='word_1_461' title='bbox 740 4249 870 4304; x_wconf 81' lang='grc' dir='ltr'>ἀνευ</span> <span class='ocrx_word' id='word_1_462' title='bbox 928 4247 1030 4318; x_wconf 78' lang='grc' dir='ltr'>τῆς</span> <span class='ocrx_word' id='word_1_463' title='bbox 1066 4246 1203 4319; x_wconf 81' lang='grc' dir='ltr'>πρὸς</span> <span class='ocrx_word' id='word_1_464' title='bbox 1231 4244 1324 4299; x_wconf 80' lang='grc' dir='ltr'><strong>τὸν</strong></span> <span class='ocrx_word' id='word_1_465' title='bbox 1361 4243 1518 4312; x_wconf 88' lang='grc' dir='ltr'>λόγον</span> <span class='ocrx_word' id='word_1_466' title='bbox 1565 4243 1870 4305; x_wconf 80' lang='grc' dir='ltr'>συνθέσεως</span> 
     </span>
    </p>
   </div>
   <div class='ocr_carea' id='block_1_63' title="bbox 287 4333 1870 4413">
    <p class='ocr_par' dir='ltr' id='par_1_63' title="bbox 287 4333 1870 4413">
     <span class='ocr_line' id='line_1_63' title="bbox 287 4333 1870 4413; baseline -0.008 -15"><span class='ocrx_word' id='word_1_467' title='bbox 287 4343 477 4405; x_wconf 82' lang='grc' dir='ltr'>αὑτοῦ,</span> <span class='ocrx_word' id='word_1_468' title='bbox 511 4344 612 4397; x_wconf 82' lang='grc' dir='ltr'><strong>οὐκ</strong></span> <span class='ocrx_word' id='word_1_469' title='bbox 640 4342 872 4413; x_wconf 78' lang='grc' dir='ltr'>ἠδύνατο</span> <span class='ocrx_word' id='word_1_470' title='bbox 926 4339 1221 4394; x_wconf 83' lang='grc' dir='ltr'>διαϐαίνειν</span> <span class='ocrx_word' id='word_1_471' title='bbox 1267 4338 1348 4401; x_wconf 86' lang='grc' dir='ltr'><strong>εἰς</strong></span> <span class='ocrx_word' id='word_1_472' title='bbox 1385 4338 1558 4407; x_wconf 75' lang='grc' dir='ltr'>ἡμᾶς,</span> <span class='ocrx_word' id='word_1_473' title='bbox 1623 4335 1722 4389; x_wconf 74' lang='grc' dir='ltr'><strong>σὺν</strong></span> <span class='ocrx_word' id='word_1_474' title='bbox 1748 4333 1870 4404; x_wconf 83' lang='grc' dir='ltr'><strong>Θεῷ</strong></span> 
     </span>
    </p>
   </div>
   <div class='ocr_carea' id='block_1_64' title="bbox 286 4422 1871 4507">
    <p class='ocr_par' dir='ltr' id='par_1_64' title="bbox 286 4422 1871 4507">
     <span class='ocr_line' id='line_1_64' title="bbox 286 4422 1871 4507; baseline -0.008 -16"><span class='ocrx_word' id='word_1_475' title='bbox 286 4434 365 4506; x_wconf 77' lang='grc' dir='ltr'>τῷ</span> <span class='ocrx_word' id='word_1_476' title='bbox 391 4436 608 4507; x_wconf 83' lang='grc' dir='ltr'>Σωτῆρι</span> <span class='ocrx_word' id='word_1_477' title='bbox 646 4434 803 4506; x_wconf 79' lang='grc' dir='ltr'>ἡμῶν</span> <span class='ocrx_word' id='word_1_478' title='bbox 850 4429 1336 4502; x_wconf 80' lang='grc' dir='ltr'>ἀποκρινούμεθα·</span> <span class='ocrx_word' id='word_1_479' title='bbox 1370 4429 1463 4483; x_wconf 81' lang='grc' dir='ltr'><strong>καὶ</strong></span> <span class='ocrx_word' id='word_1_480' title='bbox 1508 4427 1700 4499; x_wconf 80' lang='grc' dir='ltr'>χρείαν</span> <span class='ocrx_word' id='word_1_481' title='bbox 1728 4422 1871 4480; x_wconf 83' lang='grc' dir='ltr'>εἶναι</span> 
     </span>
    </p>
   </div>
   <div class='ocr_carea' id='block_1_65' title="bbox 287 4518 1868 4597">
    <p class='ocr_par' dir='ltr' id='par_1_65' title="bbox 287 4518 1868 4597">
     <span class='ocr_line' id='line_1_65' title="bbox 287 4518 1868 4597; baseline -0.008 -14"><span class='ocrx_word' id='word_1_482' title='bbox 287 4528 508 4593; x_wconf 85' lang='grc' dir='ltr'>πάντως</span> <span class='ocrx_word' id='word_1_483' title='bbox 538 4529 802 4597; x_wconf 82' lang='grc' dir='ltr'>φήσομεν,</span> <span class='ocrx_word' id='word_1_484' title='bbox 839 4526 936 4580; x_wconf 72' lang='grc' dir='ltr'>καὶ</span> <span class='ocrx_word' id='word_1_485' title='bbox 981 4522 1297 4592; x_wconf 81' lang='grc' dir='ltr'>ἀναγκαίως</span> <span class='ocrx_word' id='word_1_486' title='bbox 1342 4519 1601 4590; x_wconf 82' lang='grc' dir='ltr'>γενέσθαι</span> <span class='ocrx_word' id='word_1_487' title='bbox 1630 4518 1719 4571; x_wconf 81' lang='grc' dir='ltr'>διὰ</span> <span class='ocrx_word' id='word_1_488' title='bbox 1769 4518 1868 4588; x_wconf 82' lang='grc' dir='ltr'><strong>τῆς</strong></span> 
     </span>
    </p>
   </div>
   <div class='ocr_carea' id='block_1_66' title="bbox 287 4612 1868 4691">
    <p class='ocr_par' dir='ltr' id='par_1_66' title="bbox 287 4612 1868 4691">
     <span class='ocr_line' id='line_1_66' title="bbox 287 4612 1868 4691; baseline -0.006 -19"><span class='ocrx_word' id='word_1_489' title='bbox 287 4619 427 4691; x_wconf 82' lang='grc' dir='ltr'>πρὸς</span> <span class='ocrx_word' id='word_1_490' title='bbox 471 4619 635 4675; x_wconf 77' lang='grc' dir='ltr'>αὐτὸν</span> <span class='ocrx_word' id='word_1_491' title='bbox 688 4617 995 4680; x_wconf 79' lang='grc' dir='ltr'>συνθέσεως</span> <span class='ocrx_word' id='word_1_492' title='bbox 1051 4616 1150 4686; x_wconf 85' lang='grc' dir='ltr'>τὴν</span> <span class='ocrx_word' id='word_1_493' title='bbox 1206 4613 1486 4685; x_wconf 80' lang='grc' dir='ltr'>ἡμετέραν</span> <span class='ocrx_word' id='word_1_494' title='bbox 1535 4612 1868 4666; x_wconf 67' lang='grc' dir='ltr'>ἀνανέωσιν*</span> 
     </span>
    </p>
   </div>
   <div class='ocr_carea' id='block_1_67' title="bbox 288 4704 1874 4782">
    <p class='ocr_par' dir='ltr' id='par_1_67' title="bbox 288 4704 1874 4782">
     <span class='ocr_line' id='line_1_67' title="bbox 288 4704 1874 4782; baseline -0.005 -18"><span class='ocrx_word' id='word_1_495' title='bbox 288 4709 479 4781; x_wconf 67' lang='grc' dir='ltr'>ὥσπερ</span> <span class='ocrx_word' id='word_1_496' title='bbox 506 4711 615 4782; x_wconf 89' lang='grc' dir='ltr'><strong>γάρ</strong></span> <span class='ocrx_word' id='word_1_497' title='bbox 651 4708 707 4763; x_wconf 82' lang='grc' dir='ltr'><strong>εἰ</strong></span> <span class='ocrx_word' id='word_1_498' title='bbox 731 4726 814 4772; x_wconf 82' lang='grc' dir='ltr'><strong>τις</strong></span> <span class='ocrx_word' id='word_1_499' title='bbox 843 4708 907 4762; x_wconf 74' lang='grc' dir='ltr'><strong>ἐκ</strong></span> <span class='ocrx_word' id='word_1_500' title='bbox 937 4725 1081 4770; x_wconf 87' lang='grc' dir='ltr'>τινος</span> <span class='ocrx_word' id='word_1_501' title='bbox 1115 4706 1402 4760; x_wconf 85' lang='grc' dir='ltr'>δακτυλίου</span> <span class='ocrx_word' id='word_1_502' title='bbox 1447 4704 1721 4774; x_wconf 85' lang='grc' dir='ltr'>σφραγῖδα</span> <span class='ocrx_word' id='word_1_503' title='bbox 1745 4705 1874 4756; x_wconf 87' lang='grc' dir='ltr'>ἀνα-</span> 
     </span>
    </p>
   </div>
   <div class='ocr_carea' id='block_1_68' title="bbox 288 4794 1872 4872">
    <p class='ocr_par' dir='ltr' id='par_1_68' title="bbox 288 4794 1872 4872">
     <span class='ocr_line' id='line_1_68' title="bbox 288 4794 1872 4872; baseline -0.006 -17"><span class='ocrx_word' id='word_1_504' title='bbox 288 4802 683 4872; x_wconf 74' lang='grc' dir='ltr'>τυπωσάμενος</span> <span class='ocrx_word' id='word_1_505' title='bbox 712 4804 770 4855; x_wconf 82' lang='grc' dir='ltr'>ὲν</span> <span class='ocrx_word' id='word_1_506' title='bbox 801 4801 962 4870; x_wconf 85' lang='grc' dir='ltr'>φύσει</span> <span class='ocrx_word' id='word_1_507' title='bbox 987 4798 1155 4867; x_wconf 84' lang='grc' dir='ltr'>ἁγνοῦ</span> <span class='ocrx_word' id='word_1_508' title='bbox 1185 4795 1381 4867; x_wconf 87' lang='grc' dir='ltr'>κηροῦ,</span> <span class='ocrx_word' id='word_1_509' title='bbox 1415 4795 1622 4864; x_wconf 86' lang='grc' dir='ltr'>ταύτην</span> <span class='ocrx_word' id='word_1_510' title='bbox 1648 4794 1703 4848; x_wconf 84' lang='grc' dir='ltr'>δὲ</span> <span class='ocrx_word' id='word_1_511' title='bbox 1734 4794 1872 4847; x_wconf 85' lang='grc' dir='ltr'><strong>κατά</strong></span> 
     </span>
    </p>
   </div>
   <div class='ocr_carea' id='block_1_69' title="bbox 290 4886 1872 4961">
    <p class='ocr_par' dir='ltr' id='par_1_69' title="bbox 290 4886 1872 4961">
     <span class='ocr_line' id='line_1_69' title="bbox 290 4886 1872 4961; baseline -0.004 -18"><span class='ocrx_word' id='word_1_512' title='bbox 290 4891 395 4961; x_wconf 83' lang='grc' dir='ltr'>γῆς</span> <span class='ocrx_word' id='word_1_513' title='bbox 413 4890 688 4945; x_wconf 88' lang='grc' dir='ltr'>πεσοῦσαν</span> <span class='ocrx_word' id='word_1_514' title='bbox 713 4891 809 4945; x_wconf 75' lang='grc' dir='ltr'><strong>καὶ</strong></span> <span class='ocrx_word' id='word_1_515' title='bbox 836 4891 982 4945; x_wconf 85' lang='grc' dir='ltr'>κόνει</span> <span class='ocrx_word' id='word_1_516' title='bbox 1011 4888 1498 4961; x_wconf 84' lang='grc' dir='ltr'>προσπλασθεῖσαν</span> <span class='ocrx_word' id='word_1_517' title='bbox 1548 4886 1761 4949; x_wconf 80' lang='grc' dir='ltr'>λοιπὸν,</span> <span class='ocrx_word' id='word_1_518' title='bbox 1822 4887 1872 4937; x_wconf 90' lang='grc' dir='ltr'><strong>εἰ</strong></span> 
     </span>
    </p>
   </div>
   <div class='ocr_carea' id='block_1_70' title="bbox 295 4978 1873 5054">
    <p class='ocr_par' dir='ltr' id='par_1_70' title="bbox 295 4978 1873 5054">
     <span class='ocr_line' id='line_1_70' title="bbox 295 4978 1873 5054; baseline -0.004 -18"><span class='ocrx_word' id='word_1_519' title='bbox 295 4981 635 5054; x_wconf 82' lang='grc' dir='ltr'>θεασάμενος</span> <span class='ocrx_word' id='word_1_520' title='bbox 657 4982 810 5054; x_wconf 77' lang='grc' dir='ltr'>εὖροι</span> <span class='ocrx_word' id='word_1_521' title='bbox 838 4983 927 5036; x_wconf 82' lang='grc' dir='ltr'>διὰ</span> <span class='ocrx_word' id='word_1_522' title='bbox 968 4982 1061 5035; x_wconf 82' lang='grc' dir='ltr'><strong>τὸν</strong></span> <span class='ocrx_word' id='word_1_523' title='bbox 1095 4980 1487 5051; x_wconf 81' lang='grc' dir='ltr'>ὲμπλασθὲντα</span> <span class='ocrx_word' id='word_1_524' title='bbox 1517 4979 1650 5050; x_wconf 80' lang='grc' dir='ltr'>χοῦν</span> <span class='ocrx_word' id='word_1_525' title='bbox 1685 4980 1749 5030; x_wconf 82' lang='grc' dir='ltr'>ὲκ</span> <span class='ocrx_word' id='word_1_526' title='bbox 1775 4978 1873 5047; x_wconf 80' lang='grc' dir='ltr'>τῆς</span> 
     </span>
    </p>
   </div>
   <div class='ocr_carea' id='block_1_71' title="bbox 293 5068 1874 5146">
    <p class='ocr_par' dir='ltr' id='par_1_71' title="bbox 293 5068 1874 5146">
     <span class='ocr_line' id='line_1_71' title="bbox 293 5068 1874 5146; baseline -0.011 -8"><span class='ocrx_word' id='word_1_527' title='bbox 293 5075 400 5145; x_wconf 74' lang='grc' dir='ltr'><strong>γῆς</strong></span> <span class='ocrx_word' id='word_1_528' title='bbox 425 5076 802 5146; x_wconf 68' lang='grc' dir='ltr'>ἀμαυρότατω</span> <span class='ocrx_word' id='word_1_529' title='bbox 847 5071 951 5144; x_wconf 72' lang='grc' dir='ltr'>ἠδη</span> <span class='ocrx_word' id='word_1_530' title='bbox 977 5073 1272 5143; x_wconf 82' lang='grc' dir='ltr'>γενόμενον</span> <span class='ocrx_word' id='word_1_531' title='bbox 1298 5073 1394 5126; x_wconf 76' lang='grc' dir='ltr'><strong>καὶ</strong></span> <span class='ocrx_word' id='word_1_532' title='bbox 1444 5069 1784 5140; x_wconf 79' lang='grc' dir='ltr'>ἀγνώριστον</span> <span class='ocrx_word' id='word_1_533' title='bbox 1813 5068 1874 5120; x_wconf 75' lang='grc' dir='ltr'><strong>τὸ</strong></span> 
     </span>
    </p>
   </div>
   <div class='ocr_carea' id='block_1_72' title="bbox 295 5160 1878 5237">
    <p class='ocr_par' dir='ltr' id='par_1_72' title="bbox 295 5160 1878 5237">
     <span class='ocr_line' id='line_1_72' title="bbox 295 5160 1878 5237; baseline -0.004 -18"><span class='ocrx_word' id='word_1_534' title='bbox 295 5167 523 5237; x_wconf 75' lang='grc' dir='ltr'>ἔναγχος</span> <span class='ocrx_word' id='word_1_535' title='bbox 548 5164 758 5219; x_wconf 68' lang='grc' dir='ltr'>ἔνδοθὲν</span> <span class='ocrx_word' id='word_1_536' title='bbox 779 5163 858 5234; x_wconf 81' lang='grc' dir='ltr'>τῷ</span> <span class='ocrx_word' id='word_1_537' title='bbox 882 5162 1038 5234; x_wconf 82' lang='grc' dir='ltr'>κηρῷ</span> <span class='ocrx_word' id='word_1_538' title='bbox 1056 5166 1354 5234; x_wconf 74' lang='grc' dir='ltr'>ἐκμαγεῖον</span> <span class='ocrx_word' id='word_1_539' title='bbox 1385 5162 1478 5216; x_wconf 86' lang='grc' dir='ltr'><strong>τοῦ</strong></span> <span class='ocrx_word' id='word_1_540' title='bbox 1528 5160 1878 5232; x_wconf 74' lang='grc' dir='ltr'>χαρακτῆρος</span> 
     </span>
    </p>
   </div>
   <div class='ocr_carea' id='block_1_73' title="bbox 295 5252 1881 5325">
    <p class='ocr_par' dir='ltr' id='par_1_73' title="bbox 295 5252 1881 5325">
     <span class='ocr_line' id='line_1_73' title="bbox 295 5252 1881 5325; baseline -0.006 -12"><span class='ocrx_word' id='word_1_541' title='bbox 295 5257 391 5313; x_wconf 81' lang='grc' dir='ltr'><strong>τοῦ</strong></span> <span class='ocrx_word' id='word_1_542' title='bbox 440 5255 754 5319; x_wconf 86' lang='grc' dir='ltr'>δακτυλίου,</span> <span class='ocrx_word' id='word_1_543' title='bbox 788 5255 1113 5325; x_wconf 57' lang='grc' dir='ltr'>βουλόμενπ</span> <span class='ocrx_word' id='word_1_544' title='bbox 1164 5255 1221 5307; x_wconf 86' lang='grc' dir='ltr'>δὲ</span> <span class='ocrx_word' id='word_1_545' title='bbox 1255 5254 1532 5325; x_wconf 87' lang='grc' dir='ltr'>τρανῶσαι</span> <span class='ocrx_word' id='word_1_546' title='bbox 1571 5253 1735 5306; x_wconf 72' lang='grc' dir='ltr'>πάλιν</span> <span class='ocrx_word' id='word_1_547' title='bbox 1787 5252 1881 5304; x_wconf 64' lang='grc' dir='ltr'><strong>καὶ⁵</strong></span> 
     </span>
    </p>
   </div>
   <div class='ocr_carea' id='block_1_74' title="bbox 297 5343 1882 5418">
    <p class='ocr_par' dir='ltr' id='par_1_74' title="bbox 297 5343 1882 5418">
     <span class='ocr_line' id='line_1_74' title="bbox 297 5343 1882 5418; baseline -0.006 -16"><span class='ocrx_word' id='word_1_548' title='bbox 297 5347 712 5418; x_wconf 83' lang='grc' dir='ltr'>ἀνανεῶσαιτὴν</span> <span class='ocrx_word' id='word_1_549' title='bbox 746 5345 939 5417; x_wconf 81' lang='grc' dir='ltr'>πρώην</span> <span class='ocrx_word' id='word_1_550' title='bbox 962 5344 1307 5398; x_wconf 84' lang='grc' dir='ltr'>τυπωθεῖσαν</span> <span class='ocrx_word' id='word_1_551' title='bbox 1332 5344 1603 5414; x_wconf 80' lang='grc' dir='ltr'>σφραγῖδα</span> <span class='ocrx_word' id='word_1_552' title='bbox 1626 5343 1727 5413; x_wconf 77' lang='grc' dir='ltr'><strong>τὴν</strong></span> <span class='ocrx_word' id='word_1_553' title='bbox 1750 5359 1882 5411; x_wconf 89' lang='grc' dir='ltr'>συγ-</span> 
     </span>
    </p>
   </div>
   <div class='ocr_carea' id='block_1_75' title="bbox 302 5433 1875 5509">
    <p class='ocr_par' dir='ltr' id='par_1_75' title="bbox 302 5433 1875 5509">
     <span class='ocr_line' id='line_1_75' title="bbox 302 5433 1875 5509; baseline -0.005 -15"><span class='ocrx_word' id='word_1_554' title='bbox 302 5438 669 5509; x_wconf 78' lang='grc' dir='ltr'>καλυφθεῖσαν</span> <span class='ocrx_word' id='word_1_555' title='bbox 686 5438 780 5491; x_wconf 71' lang='grc' dir='ltr'>ἐπὶ</span> <span class='ocrx_word' id='word_1_556' title='bbox 816 5441 882 5508; x_wconf 78' lang='grc' dir='ltr'>τῇ</span> <span class='ocrx_word' id='word_1_557' title='bbox 910 5435 1312 5506; x_wconf 71' lang='grc' dir='ltr'>συναναφύρσει</span> <span class='ocrx_word' id='word_1_558' title='bbox 1342 5433 1438 5488; x_wconf 88' lang='grc' dir='ltr'><strong>τοῦ</strong></span> <span class='ocrx_word' id='word_1_559' title='bbox 1472 5435 1593 5505; x_wconf 80' lang='grc' dir='ltr'>χοὸς</span> <span class='ocrx_word' id='word_1_560' title='bbox 1618 5437 1687 5505; x_wconf 81' lang='grc' dir='ltr'>τῇ</span> <span class='ocrx_word' id='word_1_561' title='bbox 1718 5451 1875 5501; x_wconf 88' lang='grc' dir='ltr'>γενο-</span> 
     </span>
    </p>
   </div>
   <div class='ocr_carea' id='block_1_76' title="bbox 306 5525 1868 5605">
    <p class='ocr_par' dir='ltr' id='par_1_76' title="bbox 306 5525 1868 5605">
     <span class='ocr_line' id='line_1_76' title="bbox 306 5525 1868 5605; baseline -0.004 -20"><span class='ocrx_word' id='word_1_562' title='bbox 306 5533 443 5605; x_wconf 76' lang='grc' dir='ltr'>μένῃ</span> <span class='ocrx_word' id='word_1_563' title='bbox 471 5530 611 5602; x_wconf 83' lang='grc' dir='ltr'>πρὸς</span> <span class='ocrx_word' id='word_1_564' title='bbox 645 5529 836 5600; x_wconf 84' lang='grc' dir='ltr'>κηρὸν,</span> <span class='ocrx_word' id='word_1_565' title='bbox 872 5527 964 5582; x_wconf 84' lang='grc' dir='ltr'><strong>τὸν</strong></span> <span class='ocrx_word' id='word_1_566' title='bbox 1016 5526 1304 5580; x_wconf 84' lang='grc' dir='ltr'>δακτύλιον</span> <span class='ocrx_word' id='word_1_567' title='bbox 1337 5525 1502 5579; x_wconf 78' lang='grc' dir='ltr'>πάλιν</span> <span class='ocrx_word' id='word_1_568' title='bbox 1536 5525 1721 5589; x_wconf 70' lang='grc' dir='ltr'>αὑτὸν,</span> <span class='ocrx_word' id='word_1_569' title='bbox 1776 5527 1868 5593; x_wconf 75' lang='grc' dir='ltr'><strong>ἀφ’</strong></span> 
     </span>
    </p>
   </div>
   <div class='ocr_carea' id='block_1_77' title="bbox 376 5702 1388 5773">
    <p class='ocr_par' dir='ltr' id='par_1_77' title="bbox 376 5702 1388 5773">
     <span class='ocr_line' id='line_1_77' title="bbox 376 5702 1388 5773; baseline -0.007 -11"><span class='ocrx_word' id='word_1_570' title='bbox 376 5708 417 5739; x_wconf 83' lang='grc'>¹¹</span> <span class='ocrx_word' id='word_1_571' title='bbox 454 5706 559 5761; x_wconf 79' lang='lat' dir='ltr'><strong>lsa.</strong></span> <span class='ocrx_word' id='word_1_572' title='bbox 591 5722 734 5770; x_wconf 75' lang='lat' dir='ltr'><strong>mu,</strong></span> <span class='ocrx_word' id='word_1_573' title='bbox 766 5704 817 5759; x_wconf 80' lang='grc' dir='ltr'>θ.</span> <span class='ocrx_word' id='word_1_574' title='bbox 900 5705 942 5737; x_wconf 79' lang='grc'>¹¹</span> <span class='ocrx_word' id='word_1_575' title='bbox 973 5703 1211 5773; x_wconf 79' lang='lat' dir='ltr'><strong>Philipp.</strong></span> <span class='ocrx_word' id='word_1_576' title='bbox 1246 5718 1306 5767; x_wconf 81' lang='grc' dir='ltr'>ιι,</span> <span class='ocrx_word' id='word_1_577' title='bbox 1334 5702 1388 5755; x_wconf 82' lang='lat'><strong>7.</strong></span> 
     </span>
    </p>
   </div>
   <div class='ocr_carea' id='block_1_78' title="bbox 1957 1870 3541 1942">
    <p class='ocr_par' dir='ltr' id='par_1_78' title="bbox 1957 1870 3541 1942">
     <span class='ocr_line' id='line_1_78' title="bbox 1957 1870 3541 1942; baseline 0.002 -19"><span class='ocrx_word' id='word_1_578' title='bbox 1957 1870 2071 1924; x_wconf 88' lang='lat' dir='ltr'><strong>dita</strong></span> <span class='ocrx_word' id='word_1_579' title='bbox 2105 1885 2317 1936; x_wconf 86' lang='lat' dir='ltr'><strong>creare,</strong></span> <span class='ocrx_word' id='word_1_580' title='bbox 2350 1885 2477 1925; x_wconf 89' lang='lat' dir='ltr'><strong>cum</strong></span> <span class='ocrx_word' id='word_1_581' title='bbox 2519 1870 2589 1924; x_wconf 91' lang='lat' dir='ltr'><strong>ab</strong></span> <span class='ocrx_word' id='word_1_582' title='bbox 2633 1870 2893 1925; x_wconf 91' lang='lat' dir='ltr'><strong>omnibus</strong></span> <span class='ocrx_word' id='word_1_583' title='bbox 2926 1872 3312 1940; x_wconf 82' lang='lat' dir='ltr'><strong>corporalibus</strong></span> <span class='ocrx_word' id='word_1_584' title='bbox 3340 1886 3403 1925; x_wconf 90' lang='lat' dir='ltr'><strong>ac</strong></span> <span class='ocrx_word' id='word_1_585' title='bbox 3430 1870 3541 1942; x_wconf 64' lang='lat' dir='ltr'><strong>spi-</strong></span> 
     </span>
    </p>
   </div>
   <div class='ocr_carea' id='block_1_79' title="bbox 1957 1957 3543 2031">
    <p class='ocr_par' dir='ltr' id='par_1_79' title="bbox 1957 1957 3543 2031">
     <span class='ocr_line' id='line_1_79' title="bbox 1957 1957 3543 2031; baseline 0.001 -19"><span class='ocrx_word' id='word_1_586' title='bbox 1957 1959 2254 2013; x_wconf 80' lang='lat' dir='ltr'><strong>ritualibus</strong></span> <span class='ocrx_word' id='word_1_587' title='bbox 2277 1960 2429 2013; x_wconf 89' lang='lat' dir='ltr'><strong>solus</strong></span> <span class='ocrx_word' id='word_1_588' title='bbox 2456 1957 2687 2014; x_wconf 83' lang='lat' dir='ltr'><strong>Creator</strong></span> <span class='ocrx_word' id='word_1_589' title='bbox 2718 1959 3170 2014; x_wconf 84' lang='lat' dir='ltr'><strong>intellectualium</strong></span> <span class='ocrx_word' id='word_1_590' title='bbox 3209 1975 3273 2014; x_wconf 87' lang='lat' dir='ltr'><strong>ac</strong></span> <span class='ocrx_word' id='word_1_591' title='bbox 3294 1960 3543 2031; x_wconf 80' lang='lat' dir='ltr'><strong>rationa-</strong></span> 
     </span>
    </p>
   </div>
   <div class='ocr_carea' id='block_1_80' title="bbox 1956 2048 3544 2119">
    <p class='ocr_par' dir='ltr' id='par_1_80' title="bbox 1956 2048 3544 2119">
     <span class='ocr_line' id='line_1_80' title="bbox 1956 2048 3544 2119; baseline 0.001 -16"><span class='ocrx_word' id='word_1_592' title='bbox 1956 2048 2151 2103; x_wconf 90' lang='lat' dir='ltr'><strong>bilium</strong></span> <span class='ocrx_word' id='word_1_593' title='bbox 2174 2048 2551 2119; x_wconf 72' lang='lat' dir='ltr'><strong>dignoscatur.</strong></span> <span class='ocrx_word' id='word_1_594' title='bbox 2574 2049 2717 2116; x_wconf 85' lang='lat' dir='ltr'><strong>Quid</strong></span> <span class='ocrx_word' id='word_1_595' title='bbox 2742 2050 2900 2105; x_wconf 84' lang='lat' dir='ltr'><strong>vobis</strong></span> <span class='ocrx_word' id='word_1_596' title='bbox 2920 2066 3030 2105; x_wconf 92' lang='lat' dir='ltr'><strong>non</strong></span> <span class='ocrx_word' id='word_1_597' title='bbox 3058 2050 3360 2105; x_wconf 86' lang='lat' dir='ltr'><strong>verisimile</strong></span> <span class='ocrx_word' id='word_1_598' title='bbox 3390 2050 3544 2105; x_wconf 85' lang='lat' dir='ltr'><strong>vide-</strong></span> 
     </span>
    </p>
   </div>
   <div class='ocr_carea' id='block_1_81' title="bbox 1960 2139 3544 2211">
    <p class='ocr_par' dir='ltr' id='par_1_81' title="bbox 1960 2139 3544 2211">
     <span class='ocr_line' id='line_1_81' title="bbox 1960 2139 3544 2211; baseline 0.002 -19"><span class='ocrx_word' id='word_1_599' title='bbox 1960 2148 2051 2193; x_wconf 88' lang='lat' dir='ltr'><strong>tur</strong></span> <span class='ocrx_word' id='word_1_600' title='bbox 2082 2139 2139 2193; x_wconf 92' lang='lat' dir='ltr'><strong>in</strong></span> <span class='ocrx_word' id='word_1_601' title='bbox 2187 2139 2430 2195; x_wconf 90' lang='lat' dir='ltr'><strong>hominis</strong></span> <span class='ocrx_word' id='word_1_602' title='bbox 2480 2142 2760 2198; x_wconf 88' lang='lat' dir='ltr'><strong>creatione</strong></span> <span class='ocrx_word' id='word_1_603' title='bbox 2810 2142 2856 2197; x_wconf 92' lang='lat' dir='ltr'><strong>si</strong></span> <span class='ocrx_word' id='word_1_604' title='bbox 2907 2142 3044 2195; x_wconf 88' lang='lat' dir='ltr'><strong>nulli</strong></span> <span class='ocrx_word' id='word_1_605' title='bbox 3098 2142 3257 2196; x_wconf 87' lang='lat' dir='ltr'><strong>alteri</strong></span> <span class='ocrx_word' id='word_1_606' title='bbox 3289 2156 3458 2211; x_wconf 85' lang='lat' dir='ltr'><strong>supra</strong></span> <span class='ocrx_word' id='word_1_607' title='bbox 3486 2151 3544 2196; x_wconf 87' lang='lat' dir='ltr'><strong>et</strong></span> 
     </span>
    </p>
   </div>
   <div class='ocr_carea' id='block_1_82' title="bbox 1960 2230 3544 2301">
    <p class='ocr_par' dir='ltr' id='par_1_82' title="bbox 1960 2230 3544 2301">
     <span class='ocr_line' id='line_1_82' title="bbox 1960 2230 3544 2301; baseline 0.003 -16"><span class='ocrx_word' id='word_1_608' title='bbox 1960 2230 2104 2285; x_wconf 82' lang='lat' dir='ltr'><strong>infra</strong></span> <span class='ocrx_word' id='word_1_609' title='bbox 2130 2230 2283 2285; x_wconf 91' lang='lat' dir='ltr'><strong>illum</strong></span> <span class='ocrx_word' id='word_1_610' title='bbox 2320 2230 2530 2297; x_wconf 79' lang='lat' dir='ltr'><strong>favens,</strong></span> <span class='ocrx_word' id='word_1_611' title='bbox 2564 2249 2715 2288; x_wconf 89' lang='lat' dir='ltr'><strong>nunc</strong></span> <span class='ocrx_word' id='word_1_612' title='bbox 2755 2233 3202 2289; x_wconf 82' lang='lat' dir='ltr'><strong>reformationem</strong></span> <span class='ocrx_word' id='word_1_613' title='bbox 3249 2233 3399 2289; x_wconf 89' lang='lat' dir='ltr'><strong>illius</strong></span> <span class='ocrx_word' id='word_1_614' title='bbox 3427 2234 3544 2301; x_wconf 78' lang='lat' dir='ltr'><strong>ipse</strong></span> 
     </span>
    </p>
   </div>
   <div class='ocr_carea' id='block_1_83' title="bbox 1958 2322 3544 2396">
    <p class='ocr_par' dir='ltr' id='par_1_83' title="bbox 1958 2322 3544 2396">
     <span class='ocr_line' id='line_1_83' title="bbox 1958 2322 3544 2396; baseline 0 -19"><span class='ocrx_word' id='word_1_615' title='bbox 1958 2322 2314 2392; x_wconf 77' lang='lat' dir='ltr'><strong>susceperit?</strong></span> <span class='ocrx_word' id='word_1_616' title='bbox 2346 2323 2488 2389; x_wconf 86' lang='lat' dir='ltr'><strong>Quid</strong></span> <span class='ocrx_word' id='word_1_617' title='bbox 2544 2324 2727 2379; x_wconf 89' lang='lat' dir='ltr'><strong>adhuc</strong></span> <span class='ocrx_word' id='word_1_618' title='bbox 2755 2325 3037 2388; x_wconf 84' lang='lat' dir='ltr'><strong>diceretis,</strong></span> <span class='ocrx_word' id='word_1_619' title='bbox 3078 2325 3260 2396; x_wconf 75' lang='lat' dir='ltr'><strong>Moyse</strong></span> <span class='ocrx_word' id='word_1_620' title='bbox 3290 2324 3544 2394; x_wconf 77' lang='lat' dir='ltr'><strong>angelum</strong></span> 
     </span>
    </p>
   </div>
   <div class='ocr_carea' id='block_1_84' title="bbox 1959 2415 3546 2486">
    <p class='ocr_par' dir='ltr' id='par_1_84' title="bbox 1959 2415 3546 2486">
     <span class='ocr_line' id='line_1_84' title="bbox 1959 2415 3546 2486; baseline -0.001 -17"><span class='ocrx_word' id='word_1_621' title='bbox 1959 2416 2219 2469; x_wconf 88' lang='lat' dir='ltr'><strong>comitem</strong></span> <span class='ocrx_word' id='word_1_622' title='bbox 2264 2415 2574 2485; x_wconf 77' lang='lat' dir='ltr'><strong>ducemque</strong></span> <span class='ocrx_word' id='word_1_623' title='bbox 2599 2415 2813 2471; x_wconf 87' lang='lat' dir='ltr'><strong>itineris</strong></span> <span class='ocrx_word' id='word_1_624' title='bbox 2840 2416 2908 2470; x_wconf 87' lang='lat' dir='ltr'><strong>ad</strong></span> <span class='ocrx_word' id='word_1_625' title='bbox 2934 2425 3136 2471; x_wconf 88' lang='lat' dir='ltr'><strong>terram</strong></span> <span class='ocrx_word' id='word_1_626' title='bbox 3162 2415 3546 2486; x_wconf 88' lang='lat' dir='ltr'><strong>promissionis</strong></span> 
     </span>
    </p>
   </div>
   <div class='ocr_carea' id='block_1_85' title="bbox 1959 2504 3548 2578">
    <p class='ocr_par' dir='ltr' id='par_1_85' title="bbox 1959 2504 3548 2578">
     <span class='ocr_line' id='line_1_85' title="bbox 1959 2504 3548 2578; baseline -0.001 -19"><span class='ocrx_word' id='word_1_627' title='bbox 1959 2520 2084 2560; x_wconf 91' lang='lat' dir='ltr'><strong>cum</strong></span> <span class='ocrx_word' id='word_1_628' title='bbox 2111 2520 2179 2559; x_wconf 80' lang='lat' dir='ltr'><strong>ex</strong></span> <span class='ocrx_word' id='word_1_629' title='bbox 2221 2504 2457 2576; x_wconf 67' lang='lat' dir='ltr'><strong>Egypto</strong></span> <span class='ocrx_word' id='word_1_630' title='bbox 2479 2507 2654 2561; x_wconf 82' lang='lat' dir='ltr'><strong>exiret</strong></span> <span class='ocrx_word' id='word_1_631' title='bbox 2694 2507 2850 2577; x_wconf 80' lang='lat' dir='ltr'><strong>sequi</strong></span> <span class='ocrx_word' id='word_1_632' title='bbox 2897 2509 3143 2573; x_wconf 89' lang='lat' dir='ltr'><strong>nolente,</strong></span> <span class='ocrx_word' id='word_1_633' title='bbox 3180 2508 3403 2578; x_wconf 87' lang='lat' dir='ltr'><strong>quando</strong></span> <span class='ocrx_word' id='word_1_634' title='bbox 3442 2507 3548 2560; x_wconf 88' lang='lat' dir='ltr'><strong>hoc</strong></span> 
     </span>
    </p>
   </div>
   <div class='ocr_carea' id='block_1_86' title="bbox 1960 2597 3548 2668">
    <p class='ocr_par' dir='ltr' id='par_1_86' title="bbox 1960 2597 3548 2668">
     <span class='ocr_line' id='line_1_86' title="bbox 1960 2597 3548 2668; baseline -0.001 -17"><span class='ocrx_word' id='word_1_635' title='bbox 1960 2597 2341 2667; x_wconf 70' lang='lat' dir='ltr'><strong>adiumentum</strong></span> <span class='ocrx_word' id='word_1_636' title='bbox 2389 2598 2496 2667; x_wconf 81' lang='lat' dir='ltr'><strong>ipsi</strong></span> <span class='ocrx_word' id='word_1_637' title='bbox 2539 2598 2795 2653; x_wconf 86' lang='lat' dir='ltr'><strong>mittebat</strong></span> <span class='ocrx_word' id='word_1_638' title='bbox 2822 2599 3007 2653; x_wconf 85' lang='lat' dir='ltr'><strong>Deus?</strong></span> <span class='ocrx_word' id='word_1_639' title='bbox 3038 2599 3143 2653; x_wconf 89' lang='lat' dir='ltr'><strong>Sed</strong></span> <span class='ocrx_word' id='word_1_640' title='bbox 3195 2599 3241 2653; x_wconf 89' lang='lat' dir='ltr'><strong>si</strong></span> <span class='ocrx_word' id='word_1_641' title='bbox 3281 2598 3397 2668; x_wconf 84' lang='lat' dir='ltr'><strong>ipse</strong></span> <span class='ocrx_word' id='word_1_642' title='bbox 3423 2597 3548 2665; x_wconf 86' lang='lat' dir='ltr'><strong>qui-</strong></span> 
     </span>
    </p>
   </div>
   <div class='ocr_carea' id='block_1_87' title="bbox 1960 2689 3546 2758">
    <p class='ocr_par' dir='ltr' id='par_1_87' title="bbox 1960 2689 3546 2758">
     <span class='ocr_line' id='line_1_87' title="bbox 1960 2689 3546 2758; baseline 0.001 -13"><span class='ocrx_word' id='word_1_643' title='bbox 1960 2689 2085 2745; x_wconf 89' lang='lat' dir='ltr'><strong>dem</strong></span> <span class='ocrx_word' id='word_1_644' title='bbox 2112 2689 2400 2745; x_wconf 88' lang='lat' dir='ltr'><strong>nobiscum</strong></span> <span class='ocrx_word' id='word_1_645' title='bbox 2430 2690 2820 2755; x_wconf 89' lang='lat' dir='ltr'><strong>ambulaverit,</strong></span> <span class='ocrx_word' id='word_1_646' title='bbox 2852 2690 2973 2758; x_wconf 87' lang='lat' dir='ltr'><strong>ipso</strong></span> <span class='ocrx_word' id='word_1_647' title='bbox 2989 2690 3154 2745; x_wconf 88' lang='lat' dir='ltr'><strong>etiam</strong></span> <span class='ocrx_word' id='word_1_648' title='bbox 3179 2698 3546 2756; x_wconf 85' lang='lat' dir='ltr'><strong>contestante,</strong></span> 
     </span>
    </p>
   </div>
   <div class='ocr_carea' id='block_1_88' title="bbox 1962 2781 3549 2848">
    <p class='ocr_par' dir='ltr' id='par_1_88' title="bbox 1962 2781 3549 2848">
     <span class='ocr_line' id='line_1_88' title="bbox 1962 2781 3549 2848; baseline 0.001 -11"><span class='ocrx_word' id='word_1_649' title='bbox 1962 2798 2151 2838; x_wconf 88' lang='lat' dir='ltr'><strong>nonne</strong></span> <span class='ocrx_word' id='word_1_650' title='bbox 2194 2781 2604 2837; x_wconf 85' lang='lat' dir='ltr'><strong>ascendemus?</strong></span> <span class='ocrx_word' id='word_1_651' title='bbox 2640 2782 2871 2848; x_wconf 89' lang='lat' dir='ltr'><strong>Quando</strong></span> <span class='ocrx_word' id='word_1_652' title='bbox 2903 2782 3087 2837; x_wconf 86' lang='lat' dir='ltr'><strong>divina</strong></span> <span class='ocrx_word' id='word_1_653' title='bbox 3118 2782 3364 2838; x_wconf 86' lang='lat' dir='ltr'><strong>charitas</strong></span> <span class='ocrx_word' id='word_1_654' title='bbox 3415 2782 3549 2838; x_wconf 87' lang='lat' dir='ltr'><strong>boni</strong></span> 
     </span>
    </p>
   </div>
   <div class='ocr_carea' id='block_1_89' title="bbox 1961 2873 3552 2929">
    <p class='ocr_par' dir='ltr' id='par_1_89' title="bbox 1961 2873 3552 2929">
     <span class='ocr_line' id='line_1_89' title="bbox 1961 2873 3552 2929; baseline 0.002 -3"><span class='ocrx_word' id='word_1_655' title='bbox 1961 2873 2212 2926; x_wconf 91' lang='lat' dir='ltr'><strong>omnium</strong></span> <span class='ocrx_word' id='word_1_656' title='bbox 2245 2873 2343 2928; x_wconf 87' lang='lat' dir='ltr'><strong>Dei</strong></span> <span class='ocrx_word' id='word_1_657' title='bbox 2372 2875 2538 2928; x_wconf 89' lang='lat' dir='ltr'><strong>etiam</strong></span> <span class='ocrx_word' id='word_1_658' title='bbox 2560 2873 2665 2928; x_wconf 89' lang='lat' dir='ltr'><strong>hoc</strong></span> <span class='ocrx_word' id='word_1_659' title='bbox 2700 2874 3014 2928; x_wconf 85' lang='lat' dir='ltr'><strong>ministrare</strong></span> <span class='ocrx_word' id='word_1_660' title='bbox 3042 2874 3217 2929; x_wconf 88' lang='lat' dir='ltr'><strong>invito</strong></span> <span class='ocrx_word' id='word_1_661' title='bbox 3247 2888 3348 2928; x_wconf 87' lang='lat' dir='ltr'><strong>suo</strong></span> <span class='ocrx_word' id='word_1_662' title='bbox 3385 2890 3552 2929; x_wconf 78' lang='lat' dir='ltr'><strong>servo</strong></span> 
     </span>
    </p>
   </div>
   <div class='ocr_carea' id='block_1_90' title="bbox 1963 2964 3550 3036">
    <p class='ocr_par' dir='ltr' id='par_1_90' title="bbox 1963 2964 3550 3036">
     <span class='ocr_line' id='line_1_90' title="bbox 1963 2964 3550 3036; baseline 0 -18"><span class='ocrx_word' id='word_1_663' title='bbox 1963 2964 2222 3034; x_wconf 76' lang='lat' dir='ltr'><strong>dignatus</strong></span> <span class='ocrx_word' id='word_1_664' title='bbox 2253 2964 2439 3019; x_wconf 86' lang='lat' dir='ltr'><strong>fuerit.</strong></span> <span class='ocrx_word' id='word_1_665' title='bbox 2472 2964 2611 3019; x_wconf 87' lang='lat' dir='ltr'><strong>Cum</strong></span> <span class='ocrx_word' id='word_1_666' title='bbox 2651 2965 2854 3019; x_wconf 87' lang='lat' dir='ltr'><strong>dixerit</strong></span> <span class='ocrx_word' id='word_1_667' title='bbox 2883 2966 3154 3035; x_wconf 86' lang='lat' dir='ltr'><strong>propheta</strong></span> <span class='ocrx_word' id='word_1_668' title='bbox 3181 2983 3195 3019; x_wconf 93' lang='lat'><strong>:</strong></span> <span class='ocrx_word' id='word_1_669' title='bbox 3241 2965 3359 3019; x_wconf 85' lang='lat' dir='ltr'><strong>Non</strong></span> <span class='ocrx_word' id='word_1_670' title='bbox 3387 2981 3550 3036; x_wconf 84' lang='lat' dir='ltr'><strong>ange-</strong></span> 
     </span>
    </p>
   </div>
   <div class='ocr_carea' id='block_1_91' title="bbox 1967 3054 3549 3126">
    <p class='ocr_par' dir='ltr' id='par_1_91' title="bbox 1967 3054 3549 3126">
     <span class='ocr_line' id='line_1_91' title="bbox 1967 3054 3549 3126; baseline 0.001 -16"><span class='ocrx_word' id='word_1_671' title='bbox 1967 3054 2072 3119; x_wconf 80' lang='lat' dir='ltr'><strong>lus,</strong></span> <span class='ocrx_word' id='word_1_672' title='bbox 2106 3056 2197 3111; x_wconf 83' lang='lat' dir='ltr'><strong>sed</strong></span> <span class='ocrx_word' id='word_1_673' title='bbox 2221 3057 2335 3126; x_wconf 78' lang='lat' dir='ltr'><strong>ipse</strong></span> <span class='ocrx_word' id='word_1_674' title='bbox 2357 3055 2612 3110; x_wconf 77' lang='lat' dir='ltr'><strong>Dominus</strong></span> <span class='ocrx_word' id='word_1_675' title='bbox 2634 3055 2860 3110; x_wconf 78' lang='lat' dir='ltr'><strong>saluauit</strong></span> <span class='ocrx_word' id='word_1_676' title='bbox 2885 3073 2977 3110; x_wconf 85' lang='lat' dir='ltr'><strong>nos</strong></span> <span class='ocrx_word' id='word_1_677' title='bbox 3000 3057 3041 3087; x_wconf 84' lang='lat'>“</span> <span class='ocrx_word' id='word_1_678' title='bbox 3071 3074 3084 3121; x_wconf 92' lang='lat'><strong>;</strong></span> <span class='ocrx_word' id='word_1_679' title='bbox 3130 3056 3408 3124; x_wconf 87' lang='lat' dir='ltr'><strong>quomodo</strong></span> <span class='ocrx_word' id='word_1_680' title='bbox 3435 3073 3549 3111; x_wconf 89' lang='lat' dir='ltr'><strong>non</strong></span> 
     </span>
    </p>
   </div>
   <div class='ocr_carea' id='block_1_92' title="bbox 1963 3145 3550 3216">
    <p class='ocr_par' dir='ltr' id='par_1_92' title="bbox 1963 3145 3550 3216">
     <span class='ocr_line' id='line_1_92' title="bbox 1963 3145 3550 3216; baseline 0.001 -18"><span class='ocrx_word' id='word_1_681' title='bbox 1963 3146 2122 3216; x_wconf 79' lang='lat' dir='ltr'><strong>juxta</strong></span> <span class='ocrx_word' id='word_1_682' title='bbox 2166 3160 2267 3199; x_wconf 90' lang='lat' dir='ltr'><strong>vos</strong></span> <span class='ocrx_word' id='word_1_683' title='bbox 2318 3145 2437 3201; x_wconf 74' lang='lat' dir='ltr'><strong>haec</strong></span> <span class='ocrx_word' id='word_1_684' title='bbox 2488 3145 2913 3215; x_wconf 79' lang='lat' dir='ltr'><strong>dedignaturum</strong></span> <span class='ocrx_word' id='word_1_685' title='bbox 2951 3145 3063 3216; x_wconf 87' lang='lat' dir='ltr'><strong>jam</strong></span> <span class='ocrx_word' id='word_1_686' title='bbox 3122 3145 3367 3210; x_wconf 79' lang='lat' dir='ltr'><strong>duxisse,</strong></span> <span class='ocrx_word' id='word_1_687' title='bbox 3398 3145 3550 3200; x_wconf 89' lang='lat' dir='ltr'><strong>hunc</strong></span> 
     </span>
    </p>
   </div>
   <div class='ocr_carea' id='block_1_93' title="bbox 1967 3237 3550 3308">
    <p class='ocr_par' dir='ltr' id='par_1_93' title="bbox 1967 3237 3550 3308">
     <span class='ocr_line' id='line_1_93' title="bbox 1967 3237 3550 3308; baseline 0 -17"><span class='ocrx_word' id='word_1_688' title='bbox 1967 3253 2079 3291; x_wconf 87' lang='lat' dir='ltr'><strong>non</strong></span> <span class='ocrx_word' id='word_1_689' title='bbox 2108 3237 2165 3291; x_wconf 92' lang='lat' dir='ltr'><strong>in</strong></span> <span class='ocrx_word' id='word_1_690' title='bbox 2186 3253 2286 3293; x_wconf 86' lang='lat' dir='ltr'><strong>sua</strong></span> <span class='ocrx_word' id='word_1_691' title='bbox 2312 3249 2510 3293; x_wconf 87' lang='lat' dir='ltr'><strong>natura</strong></span> <span class='ocrx_word' id='word_1_692' title='bbox 2529 3237 2896 3307; x_wconf 84' lang='lat' dir='ltr'><strong>redemptum,</strong></span> <span class='ocrx_word' id='word_1_693' title='bbox 2928 3246 3172 3292; x_wconf 81' lang='lat' dir='ltr'><strong>nostram</strong></span> <span class='ocrx_word' id='word_1_694' title='bbox 3192 3238 3424 3292; x_wconf 89' lang='lat' dir='ltr'><strong>salutem</strong></span> <span class='ocrx_word' id='word_1_695' title='bbox 3448 3253 3550 3308; x_wconf 80' lang='lat' dir='ltr'><strong>per</strong></span> 
     </span>
    </p>
   </div>
   <div class='ocr_carea' id='block_1_94' title="bbox 1967 3327 3551 3397">
    <p class='ocr_par' dir='ltr' id='par_1_94' title="bbox 1967 3327 3551 3397">
     <span class='ocr_line' id='line_1_94' title="bbox 1967 3327 3551 3397; baseline -0.002 -12"><span class='ocrx_word' id='word_1_696' title='bbox 1967 3327 2210 3396; x_wconf 83' lang='lat' dir='ltr'><strong>scipsum</strong></span> <span class='ocrx_word' id='word_1_697' title='bbox 2250 3344 2353 3383; x_wconf 89' lang='lat' dir='ltr'><strong>nec</strong></span> <span class='ocrx_word' id='word_1_698' title='bbox 2385 3328 2805 3383; x_wconf 88' lang='lat' dir='ltr'><strong>erubescentem</strong></span> <span class='ocrx_word' id='word_1_699' title='bbox 2841 3328 3081 3397; x_wconf 89' lang='lat' dir='ltr'><strong>operari,</strong></span> <span class='ocrx_word' id='word_1_700' title='bbox 3119 3327 3214 3382; x_wconf 90' lang='lat' dir='ltr'><strong>sed</strong></span> <span class='ocrx_word' id='word_1_701' title='bbox 3247 3327 3401 3382; x_wconf 84' lang='lat' dir='ltr'><strong>nullo</strong></span> <span class='ocrx_word' id='word_1_702' title='bbox 3433 3344 3551 3383; x_wconf 85' lang='lat' dir='ltr'><strong>me-</strong></span> 
     </span>
    </p>
   </div>
   <div class='ocr_carea' id='block_1_95' title="bbox 1969 3416 3539 3507">
    <p class='ocr_par' dir='ltr' id='par_1_95' title="bbox 1969 3416 3539 3507">
     <span class='ocr_line' id='line_1_95' title="bbox 1969 3416 3539 3507; baseline 0.008 -35"><span class='ocrx_word' id='word_1_703' title='bbox 1969 3416 2182 3474; x_wconf 77' lang='lat' dir='ltr'><strong>diatme</strong></span> <span class='ocrx_word' id='word_1_704' title='bbox 2213 3421 2463 3477; x_wconf 82' lang='lat' dir='ltr'><strong>ministro</strong></span> <span class='ocrx_word' id='word_1_705' title='bbox 2486 3439 2641 3507; x_wconf 70' lang='lat' dir='ltr'><strong>usum</strong></span> <span class='ocrx_word' id='word_1_706' title='bbox 2670 3440 2787 3479; x_wconf 88' lang='lat' dir='ltr'><strong>esse</strong></span> <span class='ocrx_word' id='word_1_707' title='bbox 2827 3425 2878 3478; x_wconf 88' lang='lat' dir='ltr'><strong>in</strong></span> <span class='ocrx_word' id='word_1_708' title='bbox 2906 3428 3188 3481; x_wconf 66' lang='lat' dir='ltr'><strong>henelaeto</strong></span> <span class='ocrx_word' id='word_1_709' title='bbox 3216 3430 3358 3493; x_wconf 84' lang='lat' dir='ltr'><strong>quod</strong></span> <span class='ocrx_word' id='word_1_710' title='bbox 3380 3431 3539 3485; x_wconf 76' lang='lat' dir='ltr'><strong>nonis</strong></span> 
     </span>
    </p>
   </div>
   <div class='ocr_carea' id='block_1_96' title="bbox 1968 3508 3535 3585">
    <p class='ocr_par' dir='ltr' id='par_1_96' title="bbox 1968 3508 3535 3585">
     <span class='ocr_line' id='line_1_96' title="bbox 1968 3508 3535 3585; baseline 0.009 -23"><span class='ocrx_word' id='word_1_711' title='bbox 1968 3508 2036 3563; x_wconf 76' lang='lat' dir='ltr'><strong>ab</strong></span> <span class='ocrx_word' id='word_1_712' title='bbox 2086 3509 2180 3564; x_wconf 85' lang='lat' dir='ltr'><strong>illo</strong></span> <span class='ocrx_word' id='word_1_713' title='bbox 2233 3526 2553 3569; x_wconf 45' lang='lat' dir='ltr'><strong>aonceSNuln</strong></span> <span class='ocrx_word' id='word_1_714' title='bbox 2609 3528 2715 3581; x_wconf 77' lang='lat' dir='ltr'><strong>est,</strong></span> <span class='ocrx_word' id='word_1_715' title='bbox 2772 3519 3017 3585; x_wconf 67' lang='lat' dir='ltr'><strong>quaalam</strong></span> <span class='ocrx_word' id='word_1_716' title='bbox 3052 3520 3274 3573; x_wconf 69' lang='lat' dir='ltr'><strong>oracula</strong></span> <span class='ocrx_word' id='word_1_717' title='bbox 3338 3531 3535 3576; x_wconf 75' lang='lat' dir='ltr'><strong>testata</strong></span> 
     </span>
    </p>
   </div>
   <div class='ocr_carea' id='block_1_97' title="bbox 1967 3596 3540 3672">
    <p class='ocr_par' dir='ltr' id='par_1_97' title="bbox 1967 3596 3540 3672">
     <span class='ocr_line' id='line_1_97' title="bbox 1967 3596 3540 3672; baseline 0.007 -17"><span class='ocrx_word' id='word_1_718' title='bbox 1967 3602 2147 3656; x_wconf 74' lang='lat' dir='ltr'><strong>sunt?</strong></span> <span class='ocrx_word' id='word_1_719' title='bbox 2176 3602 2391 3657; x_wconf 77' lang='lat' dir='ltr'><strong>Etenim</strong></span> <span class='ocrx_word' id='word_1_720' title='bbox 2426 3609 2810 3672; x_wconf 75' lang='lat' dir='ltr'><strong>turpitudinen)</strong></span> <span class='ocrx_word' id='word_1_721' title='bbox 2864 3612 3056 3664; x_wconf 79' lang='lat' dir='ltr'><strong>mortis</strong></span> <span class='ocrx_word' id='word_1_722' title='bbox 3082 3596 3262 3665; x_wconf 69' lang='lat' dir='ltr'><strong>erucis</strong></span> <span class='ocrx_word' id='word_1_723' title='bbox 3294 3623 3540 3666; x_wconf 76' lang='lat' dir='ltr'><strong>contem-</strong></span> 
     </span>
    </p>
   </div>
   <div class='ocr_carea' id='block_1_98' title="bbox 1973 3694 3539 3770">
    <p class='ocr_par' dir='ltr' id='par_1_98' title="bbox 1973 3694 3539 3770">
     <span class='ocr_line' id='line_1_98' title="bbox 1973 3694 3539 3770; baseline 0.01 -27"><span class='ocrx_word' id='word_1_724' title='bbox 1973 3705 2131 3756; x_wconf 84' lang='lat' dir='ltr'><strong>nens,</strong></span> <span class='ocrx_word' id='word_1_725' title='bbox 2161 3694 2245 3748; x_wconf 91' lang='lat' dir='ltr'><strong>hic</strong></span> <span class='ocrx_word' id='word_1_726' title='bbox 2297 3695 2414 3762; x_wconf 78' lang='lat' dir='ltr'><strong>ipse</strong></span> <span class='ocrx_word' id='word_1_727' title='bbox 2444 3709 2562 3750; x_wconf 82' lang='lat' dir='ltr'><strong>erat</strong></span> <span class='ocrx_word' id='word_1_728' title='bbox 2597 3701 2744 3765; x_wconf 70' lang='lat' dir='ltr'><strong>juxta</strong></span> <span class='ocrx_word' id='word_1_729' title='bbox 2802 3701 3076 3754; x_wconf 81' lang='lat' dir='ltr'><strong>doctorem</strong></span> <span class='ocrx_word' id='word_1_730' title='bbox 3117 3703 3433 3770; x_wconf 69' lang='lat' dir='ltr'><strong>Apostolum</strong></span> <span class='ocrx_word' id='word_1_731' title='bbox 3481 3705 3539 3758; x_wconf 74' lang='lat' dir='ltr'><strong>in</strong></span> 
     </span>
    </p>
   </div>
   <div class='ocr_carea' id='block_1_99' title="bbox 1970 3783 3406 3854">
    <p class='ocr_par' dir='ltr' id='par_1_99' title="bbox 1970 3783 3406 3854">
     <span class='ocr_line' id='line_1_99' title="bbox 1970 3783 3406 3854; baseline 0.013 -21"><span class='ocrx_word' id='word_1_732' title='bbox 1970 3783 2141 3852; x_wconf 76' lang='lat' dir='ltr'><strong>[arma</strong></span> <span class='ocrx_word' id='word_1_733' title='bbox 2178 3787 2269 3834; x_wconf 64' lang='lat' dir='ltr'><strong>nos</strong></span> <span class='ocrx_word' id='word_1_734' title='bbox 2296 3788 2548 3854; x_wconf 71' lang='lat' dir='ltr'><strong>seipsum,</strong></span> <span class='ocrx_word' id='word_1_735' title='bbox 2582 3805 2688 3841; x_wconf 90' lang='lat' dir='ltr'><strong>non</strong></span> <span class='ocrx_word' id='word_1_736' title='bbox 2731 3791 2965 3845; x_wconf 79' lang='lat' dir='ltr'><strong>alterum</strong></span> <span class='ocrx_word' id='word_1_737' title='bbox 2999 3795 3316 3850; x_wconf 78' lang='lat' dir='ltr'><strong>exinaniens</strong></span> <span class='ocrx_word' id='word_1_738' title='bbox 3345 3798 3406 3851; x_wconf 83' lang='grc'><strong>¹¹.</strong></span> 
     </span>
    </p>
   </div>
   <div class='ocr_carea' id='block_1_100' title="bbox 2014 3966 3536 4038">
    <p class='ocr_par' dir='ltr' id='par_1_100' title="bbox 2014 3966 3536 4038">
     <span class='ocr_line' id='line_1_100' title="bbox 2014 3966 3536 4038; baseline 0 -15"><span class='ocrx_word' id='word_1_739' title='bbox 2014 3966 2100 4023; x_wconf 63' lang='lat' dir='ltr'><strong>’Si</strong></span> <span class='ocrx_word' id='word_1_740' title='bbox 2153 3982 2247 4023; x_wconf 87' lang='lat' dir='ltr'><strong>vos</strong></span> <span class='ocrx_word' id='word_1_741' title='bbox 2280 3968 2368 4038; x_wconf 90' lang='lat' dir='ltr'><strong>pie</strong></span> <span class='ocrx_word' id='word_1_742' title='bbox 2416 3969 2481 4022; x_wconf 81' lang='lat' dir='ltr'><strong>ad</strong></span> <span class='ocrx_word' id='word_1_743' title='bbox 2529 3967 2675 4024; x_wconf 83' lang='lat' dir='ltr'><strong>labia</strong></span> <span class='ocrx_word' id='word_1_744' title='bbox 2726 3978 2913 4025; x_wconf 87' lang='lat' dir='ltr'><strong>nostra</strong></span> <span class='ocrx_word' id='word_1_745' title='bbox 2966 3977 3153 4038; x_wconf 80' lang='lat' dir='ltr'><strong>aperta</strong></span> <span class='ocrx_word' id='word_1_746' title='bbox 3200 3979 3411 4023; x_wconf 63' lang='lat' dir='ltr'><strong>vestras</strong></span> <span class='ocrx_word' id='word_1_747' title='bbox 3475 3978 3536 4023; x_wconf 87' lang='lat' dir='ltr'><strong>et</strong></span> 
     </span>
    </p>
   </div>
   <div class='ocr_carea' id='block_1_101' title="bbox 1968 4054 3625 4133">
    <p class='ocr_par' dir='ltr' id='par_1_101' title="bbox 1968 4054 3625 4133">
     <span class='ocr_line' id='line_1_101' title="bbox 1968 4054 3625 4133; baseline -0.003 -16"><span class='ocrx_word' id='word_1_748' title='bbox 1968 4074 2132 4117; x_wconf 76' lang='lat' dir='ltr'><strong>aures</strong></span> <span class='ocrx_word' id='word_1_749' title='bbox 2179 4062 2525 4130; x_wconf 76' lang='lat' dir='ltr'><strong>aperueritis,</strong></span> <span class='ocrx_word' id='word_1_750' title='bbox 2572 4063 2732 4118; x_wconf 60' lang='lat' dir='ltr'><strong>aliter</strong></span> <span class='ocrx_word' id='word_1_751' title='bbox 2783 4078 3000 4133; x_wconf 85' lang='lat' dir='ltr'><strong>quoque</strong></span> <span class='ocrx_word' id='word_1_752' title='bbox 3054 4061 3380 4130; x_wconf 55' lang='lat' dir='ltr'><strong>quaesieritis</strong></span> <span class='ocrx_word' id='word_1_753' title='bbox 3434 4076 3536 4115; x_wconf 90' lang='lat' dir='ltr'><strong>cur</strong></span> <span class='ocrx_word' id='word_1_754' title='bbox 3620 4054 3625 4059; x_wconf 88' lang='grc'><em>’</em></span> 
     </span>
    </p>
   </div>
   <div class='ocr_carea' id='block_1_102' title="bbox 1971 4152 3537 4224">
    <p class='ocr_par' dir='ltr' id='par_1_102' title="bbox 1971 4152 3537 4224">
     <span class='ocr_line' id='line_1_102' title="bbox 1971 4152 3537 4224; baseline 0.001 -18"><span class='ocrx_word' id='word_1_755' title='bbox 1971 4153 2145 4221; x_wconf 68' lang='lat' dir='ltr'><strong>gratia</strong></span> <span class='ocrx_word' id='word_1_756' title='bbox 2180 4156 2338 4209; x_wconf 79' lang='lat' dir='ltr'><strong>nobis</strong></span> <span class='ocrx_word' id='word_1_757' title='bbox 2386 4169 2672 4217; x_wconf 85' lang='lat' dir='ltr'><strong>concessa,</strong></span> <span class='ocrx_word' id='word_1_758' title='bbox 2705 4152 3045 4224; x_wconf 85' lang='lat' dir='ltr'><strong>bominique’</strong></span> <span class='ocrx_word' id='word_1_759' title='bbox 3069 4154 3376 4219; x_wconf 79' lang='lat' dir='ltr'><strong>Dominico,</strong></span> <span class='ocrx_word' id='word_1_760' title='bbox 3429 4169 3537 4208; x_wconf 91' lang='lat' dir='ltr'><strong>non</strong></span> 
     </span>
    </p>
   </div>
   <div class='ocr_carea' id='block_1_103' title="bbox 1966 4246 3541 4316">
    <p class='ocr_par' dir='ltr' id='par_1_103' title="bbox 1966 4246 3541 4316">
     <span class='ocr_line' id='line_1_103' title="bbox 1966 4246 3541 4316; baseline -0.001 -14"><span class='ocrx_word' id='word_1_761' title='bbox 1966 4246 2089 4302; x_wconf 86' lang='lat' dir='ltr'><strong>sine</strong></span> <span class='ocrx_word' id='word_1_762' title='bbox 2117 4246 2289 4316; x_wconf 89' lang='lat' dir='ltr'><strong>ipsius</strong></span> <span class='ocrx_word' id='word_1_763' title='bbox 2329 4248 2531 4303; x_wconf 88' lang='lat' dir='ltr'><strong>unione</strong></span> <span class='ocrx_word' id='word_1_764' title='bbox 2561 4250 2628 4303; x_wconf 89' lang='lat' dir='ltr'><strong>ad</strong></span> <span class='ocrx_word' id='word_1_765' title='bbox 2661 4246 2917 4309; x_wconf 82' lang='lat' dir='ltr'><strong>Verbum.</strong></span> <span class='ocrx_word' id='word_1_766' title='bbox 2954 4248 3099 4301; x_wconf 89' lang='lat' dir='ltr'><strong>nullo</strong></span> <span class='ocrx_word' id='word_1_767' title='bbox 3131 4248 3292 4302; x_wconf 76' lang='lat' dir='ltr'><strong>modo</strong></span> <span class='ocrx_word' id='word_1_768' title='bbox 3342 4247 3396 4301; x_wconf 90' lang='lat' dir='ltr'><strong>in</strong></span> <span class='ocrx_word' id='word_1_769' title='bbox 3445 4262 3541 4301; x_wconf 85' lang='lat' dir='ltr'><strong>nos</strong></span> 
     </span>
    </p>
   </div>
   <div class='ocr_carea' id='block_1_104' title="bbox 1968 4338 3553 4407">
    <p class='ocr_par' dir='ltr' id='par_1_104' title="bbox 1968 4338 3553 4407">
     <span class='ocr_line' id='line_1_104' title="bbox 1968 4338 3553 4407; baseline -0.003 -15"><span class='ocrx_word' id='word_1_770' title='bbox 1968 4339 2206 4393; x_wconf 87' lang='lat' dir='ltr'><strong>transire</strong></span> <span class='ocrx_word' id='word_1_771' title='bbox 2224 4340 2483 4407; x_wconf 80' lang='lat' dir='ltr'><strong>potuerit,</strong></span> <span class='ocrx_word' id='word_1_772' title='bbox 2510 4355 2635 4393; x_wconf 89' lang='lat' dir='ltr'><strong>cum</strong></span> <span class='ocrx_word' id='word_1_773' title='bbox 2665 4338 2776 4394; x_wconf 91' lang='lat' dir='ltr'><strong>Deo</strong></span> <span class='ocrx_word' id='word_1_774' title='bbox 2797 4350 2990 4394; x_wconf 83' lang='lat' dir='ltr'><strong>nostro</strong></span> <span class='ocrx_word' id='word_1_775' title='bbox 3008 4338 3290 4393; x_wconf 87' lang='lat' dir='ltr'><strong>Salvatore</strong></span> <span class='ocrx_word' id='word_1_776' title='bbox 3316 4351 3553 4403; x_wconf 51' lang='lat' dir='ltr'><strong>respono&#39;</strong></span> 
     </span>
    </p>
   </div>
   <div class='ocr_carea' id='block_1_105' title="bbox 1975 4425 3539 4492">
    <p class='ocr_par' dir='ltr' id='par_1_105' title="bbox 1975 4425 3539 4492">
     <span class='ocr_line' id='line_1_105' title="bbox 1975 4425 3539 4492; baseline -0.002 -12"><span class='ocrx_word' id='word_1_777' title='bbox 1975 4425 2250 4492; x_wconf 85' lang='lat' dir='ltr'><strong>dehimus,</strong></span> <span class='ocrx_word' id='word_1_778' title='bbox 2274 4437 2327 4482; x_wconf 77' lang='lat' dir='ltr'><strong>et</strong></span> <span class='ocrx_word' id='word_1_779' title='bbox 2352 4430 2805 4484; x_wconf 82' lang='lat' dir='ltr'><strong>restaurationem</strong></span> <span class='ocrx_word' id='word_1_780' title='bbox 2834 4438 3073 4483; x_wconf 87' lang='lat' dir='ltr'><strong>nostram</strong></span> <span class='ocrx_word' id='word_1_781' title='bbox 3095 4437 3149 4483; x_wconf 86' lang='lat' dir='ltr'><strong>et</strong></span> <span class='ocrx_word' id='word_1_782' title='bbox 3176 4426 3539 4482; x_wconf 74' lang='lat' dir='ltr'><strong>iiecessariam</strong></span> 
     </span>
    </p>
   </div>
   <div class='ocr_carea' id='block_1_106' title="bbox 1972 4510 3560 4582">
    <p class='ocr_par' dir='ltr' id='par_1_106' title="bbox 1972 4510 3560 4582">
     <span class='ocr_line' id='line_1_106' title="bbox 1972 4510 3560 4582; baseline -0.004 -10"><span class='ocrx_word' id='word_1_783' title='bbox 1972 4516 2199 4572; x_wconf 85' lang='lat' dir='ltr'><strong>omnino</strong></span> <span class='ocrx_word' id='word_1_784' title='bbox 2229 4530 2371 4578; x_wconf 86' lang='lat' dir='ltr'><strong>esse,</strong></span> <span class='ocrx_word' id='word_1_785' title='bbox 2393 4514 2815 4582; x_wconf 78' lang='lat' dir='ltr'><strong>necessarioque</strong></span> <span class='ocrx_word' id='word_1_786' title='bbox 2844 4511 2962 4567; x_wconf 81' lang='lat' dir='ltr'><strong>fieri</strong></span> <span class='ocrx_word' id='word_1_787' title='bbox 2990 4527 3090 4582; x_wconf 87' lang='lat' dir='ltr'><strong>per</strong></span> <span class='ocrx_word' id='word_1_788' title='bbox 3125 4512 3382 4566; x_wconf 88' lang='lat' dir='ltr'><strong>unionem</strong></span> <span class='ocrx_word' id='word_1_789' title='bbox 3407 4510 3474 4565; x_wconf 88' lang='lat' dir='ltr'><strong>ad</strong></span> <span class='ocrx_word' id='word_1_790' title='bbox 3491 4511 3560 4565; x_wconf 90' lang='lat' dir='ltr'><strong>il-</strong></span> 
     </span>
    </p>
   </div>
   <div class='ocr_carea' id='block_1_107' title="bbox 1970 4602 3561 4672">
    <p class='ocr_par' dir='ltr' id='par_1_107' title="bbox 1970 4602 3561 4672">
     <span class='ocr_line' id='line_1_107' title="bbox 1970 4602 3561 4672; baseline -0.006 -8"><span class='ocrx_word' id='word_1_791' title='bbox 1970 4610 2086 4665; x_wconf 86' lang='lat' dir='ltr'><strong>lum</strong></span> <span class='ocrx_word' id='word_1_792' title='bbox 2134 4608 2408 4664; x_wconf 87' lang='lat' dir='ltr'><strong>dicemus.</strong></span> <span class='ocrx_word' id='word_1_793' title='bbox 2459 4604 2937 4672; x_wconf 83' lang='lat' dir='ltr'><strong>Quemadmodum</strong></span> <span class='ocrx_word' id='word_1_794' title='bbox 2972 4603 3119 4658; x_wconf 91' lang='lat' dir='ltr'><strong>enim</strong></span> <span class='ocrx_word' id='word_1_795' title='bbox 3148 4602 3191 4657; x_wconf 92' lang='lat' dir='ltr'><strong>si</strong></span> <span class='ocrx_word' id='word_1_796' title='bbox 3217 4604 3342 4672; x_wconf 90' lang='lat' dir='ltr'><strong>quis</strong></span> <span class='ocrx_word' id='word_1_797' title='bbox 3375 4602 3561 4670; x_wconf 91' lang='lat' dir='ltr'><strong>aliquo</strong></span> 
     </span>
    </p>
   </div>
   <div class='ocr_carea' id='block_1_108' title="bbox 1972 4692 3561 4773">
    <p class='ocr_par' dir='ltr' id='par_1_108' title="bbox 1972 4692 3561 4773">
     <span class='ocr_line' id='line_1_108' title="bbox 1972 4692 3561 4773; baseline -0.007 -17"><span class='ocrx_word' id='word_1_798' title='bbox 1972 4701 2177 4756; x_wconf 90' lang='lat' dir='ltr'><strong>annulo</strong></span> <span class='ocrx_word' id='word_1_799' title='bbox 2211 4699 2450 4770; x_wconf 76' lang='lat' dir='ltr'><strong>sigillum</strong></span> <span class='ocrx_word' id='word_1_800' title='bbox 2485 4698 2541 4751; x_wconf 90' lang='lat' dir='ltr'><strong>in</strong></span> <span class='ocrx_word' id='word_1_801' title='bbox 2576 4712 2715 4766; x_wconf 88' lang='lat' dir='ltr'><strong>pura</strong></span> <span class='ocrx_word' id='word_1_802' title='bbox 2769 4710 2898 4771; x_wconf 79' lang='lat' dir='ltr'><strong>cera</strong></span> <span class='ocrx_word' id='word_1_803' title='bbox 2944 4694 3308 4764; x_wconf 87' lang='lat' dir='ltr'><strong>impresserit.</strong></span> <span class='ocrx_word' id='word_1_804' title='bbox 3346 4692 3561 4773; x_wconf 85' lang='lat' dir='ltr'><strong>hocque</strong></span> 
     </span>
    </p>
   </div>
   <div class='ocr_carea' id='block_1_109' title="bbox 1972 4781 3563 4854">
    <p class='ocr_par' dir='ltr' id='par_1_109' title="bbox 1972 4781 3563 4854">
     <span class='ocr_line' id='line_1_109' title="bbox 1972 4781 3563 4854; baseline -0.007 -9"><span class='ocrx_word' id='word_1_805' title='bbox 1972 4790 2029 4844; x_wconf 92' lang='lat' dir='ltr'><strong>in</strong></span> <span class='ocrx_word' id='word_1_806' title='bbox 2076 4797 2281 4844; x_wconf 88' lang='lat' dir='ltr'><strong>terram</strong></span> <span class='ocrx_word' id='word_1_807' title='bbox 2345 4786 2550 4841; x_wconf 88' lang='lat' dir='ltr'><strong>cadens</strong></span> <span class='ocrx_word' id='word_1_808' title='bbox 2597 4784 2797 4840; x_wconf 90' lang='lat' dir='ltr'><strong>deinde</strong></span> <span class='ocrx_word' id='word_1_809' title='bbox 2853 4784 3077 4854; x_wconf 89' lang='lat' dir='ltr'><strong>pulvere</strong></span> <span class='ocrx_word' id='word_1_810' title='bbox 3141 4781 3563 4851; x_wconf 87' lang='lat' dir='ltr'><strong>superindutum</strong></span> 
     </span>
    </p>
   </div>
   <div class='ocr_carea' id='block_1_110' title="bbox 1972 4871 3568 4948">
    <p class='ocr_par' dir='ltr' id='par_1_110' title="bbox 1972 4871 3568 4948">
     <span class='ocr_line' id='line_1_110' title="bbox 1972 4871 3568 4948; baseline -0.006 -13"><span class='ocrx_word' id='word_1_811' title='bbox 1972 4879 2173 4946; x_wconf 82' lang='lat' dir='ltr'><strong>fuerit;</strong></span> <span class='ocrx_word' id='word_1_812' title='bbox 2198 4879 2245 4934; x_wconf 93' lang='lat' dir='ltr'><strong>si</strong></span> <span class='ocrx_word' id='word_1_813' title='bbox 2263 4880 2374 4948; x_wconf 86' lang='lat' dir='ltr'><strong>jam</strong></span> <span class='ocrx_word' id='word_1_814' title='bbox 2400 4877 2472 4932; x_wconf 88' lang='lat' dir='ltr'><strong>ob</strong></span> <span class='ocrx_word' id='word_1_815' title='bbox 2505 4884 2882 4947; x_wconf 80' lang='lat' dir='ltr'><strong>tegumentum</strong></span> <span class='ocrx_word' id='word_1_816' title='bbox 2930 4873 3139 4929; x_wconf 89' lang='lat' dir='ltr'><strong>sordidi</strong></span> <span class='ocrx_word' id='word_1_817' title='bbox 3171 4871 3415 4942; x_wconf 74' lang='lat' dir='ltr'><strong>pulveris</strong></span> <span class='ocrx_word' id='word_1_818' title='bbox 3469 4871 3568 4925; x_wconf 83' lang='lat' dir='ltr'><strong>ob-</strong></span> 
     </span>
    </p>
   </div>
   <div class='ocr_carea' id='block_1_111' title="bbox 1974 4964 3568 5036">
    <p class='ocr_par' dir='ltr' id='par_1_111' title="bbox 1974 4964 3568 5036">
     <span class='ocr_line' id='line_1_111' title="bbox 1974 4964 3568 5036; baseline -0.006 -9"><span class='ocrx_word' id='word_1_819' title='bbox 1974 4979 2249 5028; x_wconf 87' lang='lat' dir='ltr'><strong>scuratam</strong></span> <span class='ocrx_word' id='word_1_820' title='bbox 2322 4985 2425 5024; x_wconf 91' lang='lat' dir='ltr'><strong>nec</strong></span> <span class='ocrx_word' id='word_1_821' title='bbox 2464 4970 2577 5036; x_wconf 89' lang='lat' dir='ltr'><strong>jam</strong></span> <span class='ocrx_word' id='word_1_822' title='bbox 2664 4965 3066 5036; x_wconf 80' lang='lat' dir='ltr'><strong>agnoscendam</strong></span> <span class='ocrx_word' id='word_1_823' title='bbox 3121 4965 3263 5019; x_wconf 88' lang='lat' dir='ltr'><strong>hanc</strong></span> <span class='ocrx_word' id='word_1_824' title='bbox 3312 4964 3367 5017; x_wconf 91' lang='lat' dir='ltr'><strong>in</strong></span> <span class='ocrx_word' id='word_1_825' title='bbox 3424 4964 3568 5018; x_wconf 89' lang='lat' dir='ltr'><strong>inte-</strong></span> 
     </span>
    </p>
   </div>
   <div class='ocr_carea' id='block_1_112' title="bbox 1974 5056 3569 5131">
    <p class='ocr_par' dir='ltr' id='par_1_112' title="bbox 1974 5056 3569 5131">
     <span class='ocr_line' id='line_1_112' title="bbox 1974 5056 3569 5131; baseline -0.007 -12"><span class='ocrx_word' id='word_1_826' title='bbox 1974 5066 2126 5119; x_wconf 88' lang='lat' dir='ltr'><strong>riore</strong></span> <span class='ocrx_word' id='word_1_827' title='bbox 2176 5079 2304 5118; x_wconf 85' lang='lat' dir='ltr'><strong>cera</strong></span> <span class='ocrx_word' id='word_1_828' title='bbox 2351 5061 2775 5131; x_wconf 88' lang='lat' dir='ltr'><strong>impressionem</strong></span> <span class='ocrx_word' id='word_1_829' title='bbox 2824 5059 2986 5130; x_wconf 81' lang='lat' dir='ltr'><strong>sigilli</strong></span> <span class='ocrx_word' id='word_1_830' title='bbox 3033 5058 3225 5113; x_wconf 88' lang='lat' dir='ltr'><strong>annuli</strong></span> <span class='ocrx_word' id='word_1_831' title='bbox 3255 5056 3569 5121; x_wconf 87' lang='lat' dir='ltr'><strong>invenerit;</strong></span> 
     </span>
    </p>
   </div>
   <div class='ocr_carea' id='block_1_113' title="bbox 1988 5144 3576 5221">
    <p class='ocr_par' dir='ltr' id='par_1_113' title="bbox 1988 5144 3576 5221">
     <span class='ocr_line' id='line_1_113' title="bbox 1988 5144 3576 5221; baseline -0.007 -11"><span class='ocrx_word' id='word_1_832' title='bbox 1988 5166 2123 5210; x_wconf 89' lang='lat' dir='ltr'><strong>tunc</strong></span> <span class='ocrx_word' id='word_1_833' title='bbox 2165 5154 2357 5208; x_wconf 90' lang='lat' dir='ltr'><strong>volens</strong></span> <span class='ocrx_word' id='word_1_834' title='bbox 2414 5167 2678 5221; x_wconf 88' lang='lat' dir='ltr'><strong>apparere</strong></span> <span class='ocrx_word' id='word_1_835' title='bbox 2716 5151 2917 5205; x_wconf 90' lang='lat' dir='ltr'><strong>iterum</strong></span> <span class='ocrx_word' id='word_1_836' title='bbox 2960 5146 3369 5215; x_wconf 83' lang='lat' dir='ltr'><strong>restaurarique</strong></span> <span class='ocrx_word' id='word_1_837' title='bbox 3417 5144 3576 5214; x_wconf 78' lang='lat' dir='ltr'><strong>prius</strong></span> 
     </span>
    </p>
   </div>
   <div class='ocr_carea' id='block_1_114' title="bbox 1986 5239 3571 5317">
    <p class='ocr_par' dir='ltr' id='par_1_114' title="bbox 1986 5239 3571 5317">
     <span class='ocr_line' id='line_1_114' title="bbox 1986 5239 3571 5317; baseline -0.009 -15"><span class='ocrx_word' id='word_1_838' title='bbox 1986 5247 2133 5317; x_wconf 91' lang='lat' dir='ltr'><strong>quod</strong></span> <span class='ocrx_word' id='word_1_839' title='bbox 2158 5247 2489 5315; x_wconf 89' lang='lat' dir='ltr'><strong>impressum</strong></span> <span class='ocrx_word' id='word_1_840' title='bbox 2513 5244 2694 5297; x_wconf 84' lang='lat' dir='ltr'><strong>fuerat</strong></span> <span class='ocrx_word' id='word_1_841' title='bbox 2718 5242 2981 5312; x_wconf 70' lang='lat' dir='ltr'><strong>sigillum,</strong></span> <span class='ocrx_word' id='word_1_842' title='bbox 3005 5240 3101 5296; x_wconf 91' lang='lat' dir='ltr'><strong>sed</strong></span> <span class='ocrx_word' id='word_1_843' title='bbox 3121 5239 3267 5309; x_wconf 88' lang='lat' dir='ltr'><strong>quod</strong></span> <span class='ocrx_word' id='word_1_844' title='bbox 3290 5239 3571 5293; x_wconf 87' lang='lat' dir='ltr'><strong>obtectum</strong></span> 
     </span>
    </p>
   </div>
   <div class='ocr_carea' id='block_1_115' title="bbox 1982 5329 3573 5409">
    <p class='ocr_par' dir='ltr' id='par_1_115' title="bbox 1982 5329 3573 5409">
     <span class='ocr_line' id='line_1_115' title="bbox 1982 5329 3573 5409; baseline -0.007 -15"><span class='ocrx_word' id='word_1_845' title='bbox 1982 5339 2092 5394; x_wconf 89' lang='lat' dir='ltr'><strong>fuit</strong></span> <span class='ocrx_word' id='word_1_846' title='bbox 2122 5345 2441 5409; x_wconf 79' lang='lat' dir='ltr'><strong>legumento</strong></span> <span class='ocrx_word' id='word_1_847' title='bbox 2464 5334 2712 5406; x_wconf 89' lang='lat' dir='ltr'><strong>pulveris</strong></span> <span class='ocrx_word' id='word_1_848' title='bbox 2735 5349 2873 5388; x_wconf 84' lang='lat' dir='ltr'><strong>cerae</strong></span> <span class='ocrx_word' id='word_1_849' title='bbox 2897 5331 3094 5397; x_wconf 92' lang='lat' dir='ltr'><strong>additi,</strong></span> <span class='ocrx_word' id='word_1_850' title='bbox 3129 5330 3394 5386; x_wconf 88' lang='lat' dir='ltr'><strong>annulum</strong></span> <span class='ocrx_word' id='word_1_851' title='bbox 3424 5329 3573 5383; x_wconf 92' lang='lat' dir='ltr'><strong>hunc</strong></span> 
     </span>
    </p>
   </div>
   <div class='ocr_carea' id='block_1_116' title="bbox 1984 5420 3573 5500">
    <p class='ocr_par' dir='ltr' id='par_1_116' title="bbox 1984 5420 3573 5500">
     <span class='ocr_line' id='line_1_116' title="bbox 1984 5420 3573 5500; baseline -0.009 -14"><span class='ocrx_word' id='word_1_852' title='bbox 1984 5432 2192 5486; x_wconf 89' lang='lat' dir='ltr'><strong>iterum</strong></span> <span class='ocrx_word' id='word_1_853' title='bbox 2244 5443 2357 5500; x_wconf 90' lang='lat' dir='ltr'><strong>quo</strong></span> <span class='ocrx_word' id='word_1_854' title='bbox 2404 5429 2674 5498; x_wconf 86' lang='lat' dir='ltr'><strong>impressa</strong></span> <span class='ocrx_word' id='word_1_855' title='bbox 2720 5424 2889 5479; x_wconf 89' lang='lat' dir='ltr'><strong>fuerit</strong></span> <span class='ocrx_word' id='word_1_856' title='bbox 2928 5424 3082 5494; x_wconf 88' lang='lat' dir='ltr'><strong>prior</strong></span> <span class='ocrx_word' id='word_1_857' title='bbox 3123 5423 3325 5491; x_wconf 78' lang='lat' dir='ltr'><strong>imago,</strong></span> <span class='ocrx_word' id='word_1_858' title='bbox 3357 5420 3413 5472; x_wconf 91' lang='lat' dir='ltr'><strong>in</strong></span> <span class='ocrx_word' id='word_1_859' title='bbox 3447 5433 3573 5474; x_wconf 77' lang='lat' dir='ltr'><strong>cera</strong></span> 
     </span>
    </p>
   </div>
   <div class='ocr_carea' id='block_1_117' title="bbox 1976 5510 3578 5596">
    <p class='ocr_par' dir='ltr' id='par_1_117' title="bbox 1976 5510 3578 5596">
     <span class='ocr_line' id='line_1_117' title="bbox 1976 5510 3578 5596; baseline -0.011 -16"><span class='ocrx_word' id='word_1_860' title='bbox 1976 5522 2299 5596; x_wconf 88' lang='lat' dir='ltr'><strong>superponit</strong></span> <span class='ocrx_word' id='word_1_861' title='bbox 2335 5530 2392 5577; x_wconf 90' lang='lat' dir='ltr'><strong>et</strong></span> <span class='ocrx_word' id='word_1_862' title='bbox 2413 5520 2791 5579; x_wconf 87' lang='lat' dir='ltr'><strong>accommodat</strong></span> <span class='ocrx_word' id='word_1_863' title='bbox 2810 5517 3158 5592; x_wconf 62' lang='lat' dir='ltr'><strong>validiusque</strong></span> <span class='ocrx_word' id='word_1_864' title='bbox 3184 5511 3361 5584; x_wconf 74' lang='lat' dir='ltr'><strong>infigit</strong></span> <span class='ocrx_word' id='word_1_865' title='bbox 3377 5510 3578 5566; x_wconf 89' lang='lat' dir='ltr'><strong>iterum</strong></span> 
     </span>
    </p>
   </div>
  </div>
