3876 6310
227 304 382 377 “.73

1204 315 1599 380 ADVERSUS
1639 312 2187 384 NESTORIANOS.
2219 348 2285 358 -ν
2316 317 2460 383 LIB.
2501 322 2552 381 Ῑ.

3372 312 3481 380 ιη

229 428 334 479 καὶ
371 424 431 476 οὐ
469 420 716 494 τῷλόγῳ
741 423 800 476 ἐν
821 415 866 490 ᾧ
898 423 958 476 τὸ
988 424 1109 475 κατ’
1138 425 1324 477 οὐσίαν
1347 441 1360 456 ·
1391 425 1546 480 ἔσται
1577 428 1632 480 δέ
1656 427 1828 488 οὕτως

1935 430 2129 502 Spiritu
2175 434 2240 484 η.
2275 430 2482 501 Spiritu
2508 444 2638 497 ergo
2667 427 2999 495 iustiﬁcatus
3025 432 3129 491 est,
3175 439 3284 479 non
3319 422 3494 483 Verba

224 517 336 568 καὶ
361 516 422 567 οὐ
473 515 876 586 προαιρετικὸν,
906 515 1020 567 ἀλλ’
1060 516 1318 578 οὐσιῶδες
1359 517 1418 569 τὸ
1465 518 1821 588 κατόρθωμα.

314 693 528 763 ’Ὠσπερ
570 694 620 746 οί
657 694 754 758 τάς
805 696 1048 764 μεγάλας
1100 699 1376 766 πυρκαϊὰς
1425 699 1680 763 ἐξάπτειν
1703 701 1821 752 ἐθέ-

233 786 445 847 λοντες,
476 786 672 859 καὶτῷ
706 790 992 858 παμφάγῳ
1024 791 1157 860 πυρὶ
1185 790 1502 861 νικώμενοι,
1540 795 1678 859 μετᾶ
1725 795 1826 866 τὴν

232 875 342 944 τῆς
390 876 684 948 ἁδροτέρας
714 878 846 946 ὕλης
876 880 1123 950 δαπάνην
1161 882 1559 952 μαραγγιῶσαν
1591 883 1693 954 ήδη
1730 886 1827 938 αὺ-

232 970 356 1032 τοῖς
384 969 482 1039 τὴν
522 968 696 1038 φλόγα
748 969 1034 1039 θεώμενοι,
1096 972 1192 1024 καὶ
1225 971 1299 1042 μὴ
1345 973 1672 1043 διαρκοῦσαν
1726 975 1827 1044 τὴν

236 1057 378 1130 ὓλην
417 1061 496 1124 είς
523 1062 844 1132 παραμονὴν
869 1061 964 1114 τοῦ
993 1062 1438 1132 σπουδαζομένου
1470 1064 1823 1134 κεκτημένοι,

238 1152 638 1221 καρφολογίαις
693 1153 804 1206 τισὶ
854 1153 1061 1223 ταύτην
1115 1153 1175 1230 ἐξ
1222 1157 1459 1226 ἀπορίας
1507 1155 1826 1226 ἐπιτρέφειν

237 1242 662 1307 σπουδάζουσιν,
693 1243 782 1296 ἵνα
819 1245 891 1313 μὴ
916 1243 1138 1308 τελείως
1165 1245 1347 1308 αὐτοῖς
1377 1247 1410 1315 ἠ
1440 1245 1664 1316 λαμπὰς
1693 1248 1826 1299 ἁπο-

238 1333 535 1387 σϐέννυται
557 1351 571 1366 ·
606 1335 750 1388 οὓτω
776 1334 840 1405 δὴ
877 1336 970 1388 καὶ
1007 1336 1167 1405 ὑμεῖς
1206 1336 1299 1388 νῦν
1323 1335 1423 1406 τῆς
1477 1335 1587 1388 τῶν
1617 1335 1823 1405 προτά-

239 1439 387 1476 σεων
431 1424 583 1492 ὑμῶν
614 1423 1049 1490 ἐξαναλωθείσης
1079 1424 1260 1492 πάσης
1302 1423 1632 1492 ὑλαιοτάτης
1690 1434 1823 1491 συρ-

239 1515 567 1583 φετολογίας
615 1517 692 1585 τῷ
732 1516 826 1569 τοῦ
890 1515 1122 1584 ψεύδους
1164 1515 1484 1585 ἀναλωτικῷ
1540 1515 1676 1586 πυρὶ
1726 1514 1825 1582 τῆς

239 1605 527 1674 ἀληθείας,
561 1605 935 1674 βαττολογίαις
967 1607 1078 1658 τισὶ
1131 1605 1292 1676 μόνον
1318 1605 1416 1676 τὴν
1463 1605 1824 1658 ἐκκαυθεῖσαν

239 1692 373 1767 ὖμϊν
426 1698 564 1769 έριν,
620 1697 756 1768 πρὸς
807 1699 950 1767 ὑμᾶς
1008 1699 1435 1769 παρυφάπτετεο
1502 1697 1664 1750 ποίαν
1715 1696 1824 1767 γὰρ

237 1791 379 1858 ἡμῖν
433 1790 681 1859 ἀνάγκην
715 1789 904 1853 ἐπάξει
939 1789 1236 1860 καθολικῆς
1264 1791 1650 1860 ὁμοιότητοςλή
1685 1790 1823 1860 πρός

238 1895 295 1932 τι
328 1879 425 1932 τοῦ
478 1879 922 1950 παραδείγματος
947 1881 1046 1950 τῆς
1077 1880 1256 1950 ψυχῆς
1297 1881 1392 1934 καὶ
1420 1880 1514 1933 τοῦ
1572 1880 1824 1948 σώματος

242 1969 308 2034 ἐξ
336 1969 492 2038 ὑμῶν
507 1970 774 2040 εἰρημένη
816 1965 1320 2040 παράθεσις;⁷Αρα
1346 1969 1455 2039 γὰρ
1486 1969 1649 2021 πάλιν
1678 1969 1826 2038 ὑμᾶς

240 2055 740 2133 ὕπομνήσομεν,ὡς
770 2060 929 2114 τοῦτο
958 2050 1288 2132 ἡγνοήσατε,
1313 2055 1358 2115 ὧ
1390 2059 1713 2130 σοφώτατοι,
1743 2063 1825 2114 ὅτι

241 2155 305 2207 οὺ
341 2154 560 2216 πάντως
595 2146 672 2207 ὧν
695 2153 752 2205 αἱ
778 2153 1062 2216 συνθέσεις
1083 2154 1141 2206 αἱ
1166 2154 1328 2207 αὐταὶ
1359 2152 1502 2206 κατά
1531 2151 1826 2216 τι,τούτων

243 2249 342 2301 καὶ
365 2250 420 2300 αἱ
447 2247 722 2316 ἐνέργειαι
773 2247 830 2300 αί
862 2247 1027 2299 αὐταὶ
1079 2247 1274 2308 πᾶσαι,
1311 2246 1345 2316 ἢ
1391 2245 1462 2298 τὰ
1506 2244 1680 2307 ἄλλως
1706 2244 1828 2298 ἐπό-

249 2354 424 2406 μενα;
453 2337 565 2390 ἀλλ’
597 2337 699 2389 οὐκ
722 2335 878 2405 οἶμαι
901 2334 1061 2388 τοῦτο
1108 2335 1256 2405 ὑμᾶς
1289 2335 1412 2388 ὅλον
1461 2332 1824 2403 ἠγνοηκέναιο

244 2427 389 2498 ἀνὴρ
407 2425 517 2498 γὰρ
537 2425 692 2497 ἀνδρὶ
717 2425 1035 2482 κατάἶτόπον
1063 2426 1270 2495 ἥνωται
1297 2424 1388 2478 τδν
1413 2425 1472 2478 ἐν
1493 2423 1826 2493 Ἐκκλησία·

246 2515 346 2571 καὶ
394 2517 568 2586 ψηφὶς
615 2515 810 2586 ψηφῖδι
841 2515 1042 2585 ὁμοίως
1095 2516 1239 2570 κατά
1284 2516 1450 2569 τόπον
1508 2515 1715 2585 ἥνωται
1771 2516 1829 2566 ἐν

246 2609 386 2677 αὐτῇ
409 2625 423 2638 ο
457 2605 551 2661 nt
580 2606 660 2677 τῷ
691 2607 788 2675 μὲν
817 2607 851 2676 ἡ
886 2605 1136 2664 σύνθεσις
1167 2606 1198 2676 ἢ
1232 2605 1563 2677 παράθεσις,
1609 2605 1829 2675 ὁμιλίαν

246 2710 308 2751 τε
341 2699 435 2750 καὶ
465 2698 674 2768 θέρμην
708 2695 806 2767 τὴν
829 2697 888 2762 ἐξ
913 2695 1159 2765 ἀλλήλων
1186 2695 1282 2750 καὶ
1308 2697 1375 2748 τὰ
1392 2696 1557 2750 λοιπᾶ
1590 2695 1830 2766 ἀμφοτέο

250 2805 366 2858 ροις
392 2788 709 2859 χαρίζεται·
762 2785 872 2840 τῶν
927 2785 984 2838 δὲ
1033 2788 1068 2856 ἠ
1113 2785 1365 2850 σύνθεσις
1401 2787 1556 2840 οὐδὲν
1587 2785 1829 2840 τοιοῦτον

248 2877 652 2932 ἐπιδείκνυται·
677 2876 798 2930 δέον
844 2877 904 2929 δὲ
936 2877 1081 2946 ὑμᾶς
1129 2872 1198 2948 ἦν
1247 2877 1409 2930 τοῦτο
1450 2877 1826 2942 ἐπισκέπτειν,

247 2972 328 3034 ὡς
348 2963 422 3023 ὧν
448 2971 502 3022 αἱ
530 2969 724 3038 φύσεις
753 2969 852 3036 οὐχ
905 2967 962 3019 αἱ
998 2967 1182 3028 αὑταὶ,
1212 2968 1332 3020 οὐδὲ
1370 2970 1423 3020 αἱ
1472 2967 1788 3038 μεταδόσεις
1812 2983 1826 2997 ο

1932 524 1984 576 in
2033 540 2142 593 quo
2177 523 2478 577 secundum
2529 519 2893 575 substantiam
2943 518 3141 572 inerat.
3178 516 3271 573 Sic
3315 525 3498 573 autem

1927 613 2034 666 erit
2067 629 2176 666 non
2225 613 2396 666 libera
2453 611 2548 665 sed
2582 609 2892 664 essentialis
2929 607 3227 663 rectitudo.

1997 705 2466 771 Quemadmodum
2500 704 2534 758 ii
2567 703 2659 773 qui
2687 703 2962 771 ingentem
2985 700 3170 770 ignem
3191 699 3501 755 accendere

1928 795 2140 860 volunt,
2197 811 2347 861 cum,
2394 802 2720 864 consumpta
2765 792 2914 848 omni
2962 791 3218 857 materia,
3241 791 3348 846 sibi
3388 792 3497 863 iam

1927 885 2370 955 languescentem
2410 885 2682 939 ﬂammam
2738 883 3006 949 videant,
3047 882 3362 937 devorantis
3447 880 3496 931 i-

1923 975 2345 1050 gnisvoracitate
2363 977 2628 1048 superati,
2654 976 2914 1046 quoniam
2946 975 3012 1029 ad
3037 975 3294 1029 alendum
3316 977 3494 1041 ignem

1928 1082 2037 1120 non
2081 1067 2324 1135 suppetit
2357 1082 2456 1137 par
2490 1056 2779 1130 materies,
2814 1065 3140 1135 colligendis
3173 1063 3396 1132 stipulis
3428 1063 3499 1116 ob

1929 1155 2166 1224 inopiam
2197 1154 2330 1208 dant
2369 1170 2591 1224 operam
2630 1155 2835 1224 quibus
2883 1154 3101 1208 flamma
3125 1155 3406 1208 nutriatur
3432 1168 3502 1208 ne

1926 1246 2151 1300 omnino
2202 1247 2389 1300 lumen
2412 1247 2829 1317 exstinguatnr:
2869 1245 2942 1299 ita
2975 1253 3030 1299 et
3073 1260 3173 1300 vos
3198 1285 3212 1307 ,
3249 1259 3318 1299 eo
3354 1243 3499 1314 quod

1927 1336 2181 1392 immanis
2210 1345 2519 1391 vestrorum
2563 1345 3017 1406 argumentorum
3061 1351 3225 1406 agger
3256 1334 3502 1390 veritatis

1928 1429 2053 1498 igne
2101 1427 2515 1482 mendaciorum
2569 1427 2740 1482 edace
2785 1427 3006 1496 penitus
3045 1426 3372 1496 absumptus
3395 1436 3500 1486 est,

1928 1517 2131 1588 ineptis
2177 1527 2388 1572 tantum
2447 1517 2893 1572 cavillationibus
2952 1517 3193 1587 iurgium
3242 1516 3505 1572 adversus

1926 1626 2028 1666 nos
2053 1611 2354 1680 inemptum
2381 1609 2529 1697 alitis
2555 1627 2568 1662 :
2595 1609 2873 1680 quomodo
2899 1609 3104 1663 etenim
3135 1609 3501 1663 universalem

1928 1703 2346 1758 similitudinem
2398 1702 2625 1757 inducet
2668 1702 2762 1756 illa
2799 1702 3140 1772 comparatio
3173 1701 3422 1770 corporis
3450 1709 3505 1756 el
3548 1750 3557 1760 .

1926 1795 2122 1849 animae
2150 1793 2352 1848 avobis
2373 1793 2429 1846 in
2455 1792 2679 1847 modum
2707 1793 2944 1862 exempli
2974 1793 3172 1847 allata?
3198 1791 3336 1846 Illud
3353 1792 3502 1844 enim

1889 1876 1896 1878 ﬁ
1922 1885 2082 1940 vobis
2104 1885 2158 1940 in
2184 1885 2506 1939 memoriam
2530 1883 2913 1938 revocabimus
2963 1882 3120 1952 quasi
3155 1880 3503 1952 ignoraretis,

1924 1973 2338 2044 sapientissimi,
2388 1988 2499 2028 non
2537 1972 2765 2028 omnino
2798 1972 3014 2027 scilicet
3055 1971 3478 2042 coniunctiones

1925 2069 2167 2132 illarum,
2201 2083 2323 2138 quae
2363 2065 2668 2120 secundum
2710 2063 2841 2133 quid
2870 2062 3081 2118 similes
3111 2069 3258 2127 sunt,
3281 2077 3403 2116 esse
3425 2060 3504 2115 si-

1925 2157 2084 2211 miles
2104 2165 2226 2210 actu
2258 2155 2352 2208 aut
2373 2169 2563 2208 earum
2584 2162 2780 2207 caatera
2806 2151 3180 2206 consectaria?
3197 2151 3304 2204 Vos
3321 2159 3504 2205 autem

1927 2248 2151 2302 minime
2173 2261 2373 2300 censeo
2399 2246 2515 2300 haec
2537 2243 2721 2298 omnia
2755 2242 3039 2314 ignorasse
3063 2260 3075 2294 :
3103 2242 3188 2296 vir
3212 2241 3359 2296 enim
3384 2241 3510 2294 viro

1927 2337 2231 2393 secundum
2279 2336 2462 2390 locum
2504 2334 2560 2388 in
2601 2334 2845 2388 Ecclesia
2879 2330 3235 2402 coniungitur
3275 2341 3332 2385 et
3368 2330 3510 2400 lapis

1926 2428 2132 2498 lapidi:
2164 2428 2267 2480 viri
2293 2436 2474 2481 autem
2501 2425 2817 2496 coniunctio
2838 2465 2852 2487 ,
2888 2439 2983 2478 seu
3021 2422 3380 2493 iuxtapositio
3430 2421 3510 2476 fa-

1927 2519 2302 2573 miliaritatem
2354 2533 2449 2572 seu
2491 2517 2818 2572 charitatem
2886 2523 3135 2569 mutuam
3194 2522 3251 2568 et
3309 2523 3510 2585 caetera

1927 2606 2247 2678 huiusmodi
2303 2607 2359 2660 in
2411 2605 2646 2659 alterum
2699 2603 2894 2674 gignit,
2934 2602 3179 2672 lapidum
3212 2616 3346 2656 vero
3373 2616 3509 2654 con-

1922 2698 2140 2770 iunctio
2181 2696 2320 2750 nihil
2353 2696 2533 2750 simile
2567 2694 2744 2764 parit;
2789 2692 2926 2746 illud
2969 2703 3153 2747 autem
3200 2691 3360 2746 vobis
3392 2697 3512 2745 erat

1928 2786 2290 2858 spectandum
2311 2801 2548 2856 quorum
2578 2801 2689 2839 non
2717 2787 2923 2841 eaedem
2957 2793 3164 2838 natura:
3200 2797 3387 2836 eorum
3417 2797 3515 2834 ne~

1929 2895 2036 2949 que
2079 2877 2298 2932 easdem
2330 2891 2451 2931 esse
2490 2877 3069 2942 communicationes;
3105 2874 3375 2943 siquidem
3418 2887 3520 2932 nes

1927 2987 2034 3042 que
2057 2980 2186 3025 sunt
2216 2967 2418 3026 eaedem
2441 2968 2834 3038 proprietates,
2868 2983 2971 3022 nec
2990 2968 3193 3022 eaedem
3223 2965 3516 3019 facultates

252 3060 376 3113 ἐπεὶ
410 3059 544 3130 μηδέ
577 3059 635 3111 αἱ
671 3055 956 3127 ποιότητες
995 3057 1052 3109 αἱ
1080 3057 1242 3109 αὐταί
1278 3059 1415 3110 εἰσιν
1442 3098 1456 3121 ,
1495 3058 1629 3130 μηδέ
1654 3059 1710 3111 αί
1731 3059 1822 3111 δυ-

1935 3073 2025 3118 aut
2062 3062 2343 3134 potentiaa,
2374 3063 2589 3118 etiamsi
2618 3062 3039 3134 coniunctiones
3066 3061 3272 3115 eaedem
3303 3074 3513 3129 suppo-

249 3149 494 3222 νάμειςῆ
523 3146 580 3203 αί
611 3147 882 3219 ἐνέργειαι
907 3146 1149 3216 γένοιντο
1166 3145 1232 3203 ἂν
1266 3147 1323 3200 αἱ
1350 3148 1535 3211 αὐταὶ,
1568 3150 1617 3201 εἰ
1649 3151 1742 3202 καὶ
1765 3151 1820 3202 αἱ

253 3242 530 3307 συνθέσεις
558 3239 669 3295 εἷεν
721 3244 776 3295 αί
822 3240 983 3294 αὐταί
1019 3257 1134 3302 πως
1172 3238 1488 3309 νοούμεναιο
1516 3239 1688 3292 ταῦτα
1733 3236 1826 3294 οὖν

251 3336 390 3407 πρὸς
417 3336 478 3389 τὸ
512 3336 764 3389 ἀπαιτεῖν
791 3335 939 3402 ἡμᾶς
967 3331 1200 3403 φυτικὴν
1236 3332 1383 3402 ζωὴν
1421 3331 1518 3385 καὶ
1570 3332 1822 3402 αἴσθησιν

249 3428 478 3498 τοπικὴν
526 3429 589 3480 ἐκ
617 3425 710 3478 τοῦ
732 3420 904 3493 Λόγου
947 3423 1117 3488 δεῖξαι
1163 3425 1229 3493 τῇ
1279 3424 1444 3492 σαρκὶ
1497 3423 1819 3492 γενομένην,

1931 3164 2138 3209 nuntur
2159 3172 2172 3208 :
2205 3163 2543 3226 quapropter
2565 3156 2910 3226 postulamus
2927 3163 2988 3208 ut
3010 3153 3172 3208 nobis
3189 3151 3519 3206 ostendatur

1931 3247 2099 3302 vitam
2129 3247 2516 3318 vegetativam,
2563 3263 2786 3304 sensum
2835 3254 2890 3302 et
2929 3247 3160 3302 localem
3211 3243 3516 3298 motionem

1930 3354 1998 3393 ex
2049 3339 2231 3394 Verbo
2295 3339 2450 3394 carni
2501 3339 2818 3409 provenire,
2856 3339 2985 3409 quia
3054 3326 3173 3392 hinc
3211 3334 3397 3390 omnia
3445 3350 3513 3388 ex

1930 3427 2114 3482 anima
2145 3430 2366 3499 corpori
2408 3432 2704 3502 coniuncta
2749 3431 3029 3486 eveniant.

248 3517 385 3569 διότι
407 3514 581 3568 ταῦτα
610 3515 673 3566 ἐκ
703 3512 881 3583 ψυχῆς
912 3512 1122 3580 πέφυκε
1168 3510 1412 3578 γίνεσθαι
1439 3510 1826 3582 συντιθεμένης
1862 3513 1938 3585 τῷ
1967 3515 2201 3586 σώματι,

333 3603 553 3675 Ἐπειδὴ
604 3604 662 3656 δὲ
688 3605 736 3657 εί
792 3603 884 3656 καὶ
941 3601 1112 3674 μὴτά
1144 3603 1241 3673 τῆς
1263 3602 1466 3673 ψυχῆς,
1509 3603 1623 3656 ἀλλ’
1678 3604 1828 3674 ὅμως

251 3695 355 3751 κᾶν
375 3696 563 3768 ἔτερόν
587 3713 640 3749 τι
686 3695 816 3748 ἰδεῖν
851 3695 958 3748 τῶν
998 3696 1150 3764 παρὰ
1211 3693 1306 3747 τοῦ
1341 3690 1512 3759 Λόγου
1541 3695 1606 3764 τῇ
1662 3695 1830 3763 σαρκὶ

252 3787 684 3860 κερδαινομένωιν
713 3787 858 3855 ἡμᾶς
883 3785 1262 3851 είσπράττετε,
1284 3785 1422 3853 εἴγε,
1457 3787 1532 3847 ὣς
1555 3799 1717 3852 φατε,
1753 3784 1828 3854 μὴ

257 3879 441 3951 μέλλοι
468 3880 645 3950 πάντη
676 3878 935 3945 ἀνόνητος
967 3875 1144 3946 ταύτῃ
1175 3871 1316 3929 εἶναι
1338 3861 1448 3943 τῆς
1471 3873 1624 3937 θείας
1647 3871 1830 3926 συνθέ-

257 3990 392 4036 σεως
429 3972 694 4044 ἐτρόπος,
738 3970 903 4043 μηδέν
932 3989 985 4024 τι
1011 3970 1118 4023 τῶν
1144 3969 1244 4040 τῆς
1267 3969 1447 4039 ψυχῆς
1478 3971 1510 4039 ἡ
1539 3969 1678 4038 ὑπὲρ
1701 3966 1831 4020 ταύ-

253 4079 354 4134 την
386 4064 523 4134 αὐτῇ
555 4061 897 4134 δωρούμενος
919 4079 936 4095 ο
986 4063 1146 4116 τοῦτο
1167 4063 1288 4132 ζγὰρ
1317 4060 1563 4130 βούλεται
1610 4060 1765 4130 ὑμῶν
1798 4061 1831 4132 ή

257 4155 415 4224 ῥῆσις
437 4153 742 4221 φάσκουσα,
771 4153 856 4205 ὅτι
885 4153 948 4205 Et
980 4153 1248 4206 ἀπάθειαν
1295 4151 1390 4206 καὶ
1423 4152 1732 4222 ἀφθαρσίαν
1764 4153 1832 4223 τῇ

257 4244 500 4298 συνθέσει
534 4246 1007 4316 μαρτυρήσοιμεν,
1049 4245 1392 4315 ψευδόμεθαο
1428 4244 1586 4298 τοῦτο
1631 4244 1740 4314 γὰρ
1775 4243 1833 4311 ἐξ

254 4337 607 4401 ἀναστάσεως
637 4337 931 4408 ἐσχηκέναι
952 4339 980 4390 ό
1008 4337 1291 4408 Κυριακδς
1312 4337 1598 4410 ἄνθρωπος
1622 4355 1837 4409 μεμαρ-

254 4427 486 4502 τύρηται
507 4446 522 4461 ·
551 4429 854 4484 ἀκούσεσθε
877 4429 1007 4502 παρ’
1039 4430 1196 4501 ἡμῶν
1226 4430 1319 4483 καὶ
1351 4432 1478 4501 περὶ
1499 4431 1651 4484 τοῦδε
1681 4429 1828 4495 τάδε,

254 4523 305 4576 οἱ
341 4522 449 4580 τῶν
481 4522 639 4576 θείων
667 4521 886 4592 δωρεῶν
918 4522 1329 4586 ἀνεπίσκεπτοι,
1351 4524 1432 4576 ὅτι
1463 4523 1573 4576 Καὶ
1607 4522 1836 4576 πλεῖστά

256 4615 362 4668 εἱσι
391 4614 461 4668 τὰ
489 4616 554 4668 ἐκ
584 4612 678 4667 τοῦ
717 4615 896 4682 Λόγου
941 4615 1009 4684 τῇ
1051 4615 1216 4685 σαρκὶ
1242 4601 1547 4684 δωρήματα
1591 4615 1686 4667 καὶ
1742 4614 1836 4683 μέ-

2003 3607 2141 3663 Cum
2174 3619 2358 3665 autem
2395 3626 2424 3665 a
2465 3612 2627 3665 nobis
2665 3609 2899 3680 exigatis
2938 3620 3034 3677 ut,
3081 3609 3188 3664 nisi
3233 3623 3354 3678 quae
3387 3616 3516 3662 sunt

1932 3698 2129 3753 anima)
2159 3740 2173 3764 ,
2214 3699 2364 3754 aliud
2411 3700 2592 3754 tamen
2644 3699 2777 3768 quid
2834 3714 3205 3769 agnoscamus
3252 3714 3283 3752 a
3334 3696 3524 3752 Verbo

1932 3804 2155 3844 carnem
2186 3792 2464 3860 accepisse
2485 3831 2500 3856 ,
2548 3805 2618 3844 ne
2649 3789 2878 3843 omnino
2903 3830 2925 3855 τ
2970 3798 3031 3843 ut
3085 3788 3271 3842 dicitis
3299 3828 3313 3852 ,
3360 3787 3412 3841 ei
3446 3787 3519 3841 sit

1932 3881 2146 3936 inuti-lis
2179 3881 2365 3936 divina
2396 3882 2548 3948 unio,
2581 3883 2625 3938 si
2660 3897 2841 3952 neque
2881 3897 2945 3936 ea
2978 3897 3101 3951 qua:
3136 3882 3335 3935 animte
3366 3889 3520 3944 sunt,

1933 3987 2116 4041 neque
2144 3972 2249 4027 alia
2279 3988 2402 4043 quae
2437 3988 2606 4042 super
2631 3987 2752 4027 eam
2775 4015 2789 4039 ,
2818 3973 2946 4026 inde
2977 3971 3131 4025 carni
3171 3979 3468 4040 suppetant
3505 3989 3521 4022 :

1935 4064 2070 4119 illud
2101 4065 2249 4119 enim
2297 4064 2401 4120 sibi
2448 4063 2568 4119 vult
2595 4063 2650 4118 id
2681 4062 2829 4134 quod
2865 4063 3082 4126 dicitis,
3129 4077 3232 4136 nos
3265 4059 3526 4125 mentiri,

1937 4155 2432 4225 impassibilitatem
2496 4161 2554 4208 et
2634 4153 3222 4223 incorruptibilitatem
3297 4149 3524 4203 unionis

1939 4257 2199 4317 tanquam
2239 4262 2420 4302 causa:
2455 4245 2765 4301 tribuentes
2788 4284 2803 4311 ,
2850 4260 2977 4299 cum
3011 4259 3076 4298 ex
3109 4240 3528 4297 resurrectione

1937 4338 2054 4393 haec
2074 4337 2337 4392 habuisse
2367 4336 2647 4391 hominem
2679 4335 3026 4391 Dominicum
3063 4335 3224 4404 plane
3249 4341 3465 4388 constet
3505 4349 3522 4384 ι

1937 4446 1968 4485 a
2002 4431 2164 4486 nobis
2197 4431 2456 4495 audietis,
2492 4429 2819 4485 odonorum
2843 4428 2938 4483 D'ei
2969 4426 3167 4498 ignari,
3202 4427 3374 4480 multa
3400 4439 3527 4479 esse

1939 4533 1998 4577 et
2041 4523 2501 4593 prmstantissima
2538 4522 2684 4577 dona
2717 4537 2745 4575 a
2781 4520 2962 4576 Verbo
3000 4520 3154 4575 carni
3200 4519 3441 4574 collata:
3476 4517 3528 4571 si

1937 4617 2142 4672 etenim
2174 4625 2231 4670 et
2251 4615 2750 4686 impassibilitatem
2773 4622 2830 4668 et
2854 4613 3438 4683 incorruptibilitatem
3457 4625 3528 4664 ex

258 4721 450 4773 γιστα”
485 4708 534 4758 εἰ
557 4707 669 4775 γὰρ
708 4706 805 4759 καὶ
831 4704 929 4776 τὴν
968 4705 1241 4758 ἀπάθειαν
1268 4707 1363 4758 καὶ
1396 4706 1496 4775 τὴν
1523 4704 1828 4776 ἀφθαρσίαν

1940 4711 2348 4765 resurrectione
2389 4708 2621 4776 habuit,
2660 4713 2771 4762 non
2796 4707 2952 4762 aliter
2978 4721 3043 4761 ac
3075 4721 3271 4760 omnes
3299 4721 3398 4759 nos
3429 4704 3532 4758 ho-
3579 4690 3588 4710 ⁸

258 4800 317 4864 ἐξ
371 4800 720 4864 ἀναστάσεως
773 4800 1088 4867 ἐπεδέξατο,
1114 4801 1260 4853 καθὰ
1310 4801 1508 4864 πάντες
1565 4800 1835 4870 μέλλομεν

259 4891 399 4962 ἔχειν
437 4892 486 4944 ot
521 4892 821 4963 ἄνθρωποι,
851 4891 988 4945 ἀλλά
1017 4894 1114 4945 καὶ
1143 4891 1252 4964 πρὸ
1295 4892 1671 4956 ἀναστάσεως,
1700 4893 1835 4945 πᾶσι

257 4985 368 5045 τοῖς
402 4985 615 5045 πιστοῖς
644 4982 714 5034 τὰ
759 4982 899 5054 ὑπὲρ
930 4982 1241 5054 ἄνθρωπον,
1280 4983 1449 5054 ἤγουν
1488 4983 1836 5054 θαυματουρ-

261 5071 390 5142 γικά
425 5071 728 5144 δεδώρηται
743 5075 1062 5143 χαρίσματα
1082 5091 1096 5105 ο
1133 5075 1228 5128 καὶ
1246 5074 1630 5147 ἀναμαρτησία
1655 5074 1711 5126 δέ
1741 5076 1836 5128 καί

263 5163 476 5230 ἐξουσία
505 5164 672 5235 πολλή
706 5181 765 5217 τε
797 5167 890 5216 καὶ
926 5165 1186 5228 ποικίλως
1217 5165 1634 5236 μαρτυρηθέντα
1671 5165 1840 5236 αὐτῇ,

265 5253 424 5311 πόθεν
453 5255 852 5325 προσγενέσθαι
873 5258 936 5326 τῇ
965 5257 1129 5327 σαρκὶ
1151 5258 1400 5328 εἴποιμεν
1426 5259 1562 5328 αὐτῇ
1586 5275 1602 5322 ;
1636 5259 1696 5309 οὐ
1724 5258 1834 5326 γὰρ

264 5347 327 5399 ἂν
373 5345 564 5428 ἁπλῶς
601 5365 686 5410 τις
717 5347 860 5399 εἴποι
909 5348 1048 5400 ἀὐτὸ
1077 5347 1240 5402 τοῦτο
1297 5350 1356 5402 τὸ
1389 5351 1445 5402 ὲν
1489 5350 1834 5419 ὑποκειμένῳ

263 5438 629 5509 θεωρούμενον
663 5441 916 5509 πρᾶγμα,
964 5441 1057 5493 καὶ
1088 5441 1161 5511 μὴ
1226 5441 1358 5495 αὐτὸ
1394 5441 1626 5511 βεϐηκὸς
1679 5442 1834 5496 νοού-

266 5547 444 5600 μενον,
474 5531 640 5601 ἦγουν
661 5533 759 5601 τὴν
800 5534 1118 5597 ἀνάστασιν,
1140 5534 1310 5607 ¹φύσιν
1344 5533 1482 5588 εἷναί
1505 5551 1628 5588 τινα
1681 5536 1836 5603 ἐνερ-

265 5622 492 5692 γητικὴν
521 5625 794 5694 ἐγέρσεως
816 5629 910 5678 καὶ
943 5626 1213 5689 ἀπαθείας
1252 5630 1346 5681 καὶ
1372 5625 1684 5697 ἀφθαρσίας
1731 5625 1834 5679 σώ-

335 5744 374 5776 ”
410 5744 430 5796 ι
464 5742 608 5796 Tim.
645 5760 720 5809 ut,
774 5745 865 5798 16,

1941 4803 2126 4857 ηιίιιοε
2147 4818 2338 4857 sumus
2368 4801 2638 4866 habituri,
2663 4807 2905 4854 attamen
2932 4805 2989 4853 ct
3020 4806 3148 4852 ante
3169 4797 3535 4852 resurrectiov

1942 4910 2068 4949 nem
2105 4893 2364 4947 omnibus
2421 4891 2678 4946 ﬁdelibus
2738 4904 2803 4943 ea
2851 4905 2972 4959 quae
3031 4904 3198 4957 super
3247 4887 3527 4942 hominem

1943 4994 2094 5049 sunt,
2126 4985 2242 5040 sive
2272 4982 2713 5055 thaumaturgica
2753 4981 2896 5035 dona
2924 4980 3150 5050 largitus
3178 4989 3263 5034 est
3283 5021 3296 5042 ,
3325 4967 3540 5047 imperi.

1943 5075 2197 5130 cabilitas
2223 5089 2444 5143 quoque
2469 5083 2526 5126 et
2563 5087 2757 5142 magna
2793 5071 3037 5140 potentia
3079 5069 3226 5122 varie
3291 5068 3478 5120 maniﬁ
3502 5089 3530 5101 -

1945 5175 2086 5221 stata
2115 5205 2129 5229 ,
2174 5165 2322 5219 unde
2361 5165 2514 5218 carni
2565 5165 2676 5216 huc
2709 5163 3008 5217 accessisse
3059 5159 3342 5214 dicemus?
3409 5158 3525 5212 Non

1941 5258 2090 5313 enim
2137 5256 2468 5328 insipienter
2513 5255 2797 5310 diceretur
2843 5253 2976 5307 illud
3006 5261 3216 5307 tantum
3259 5249 3405 5319 quod
3445 5257 3531 5302 est

1941 5348 2315 5405 essentialiter
2339 5348 2395 5401 in
2421 5346 2672 5415 subiecto
2698 5388 2712 5412 ,
2759 5361 2869 5399 non
2897 5352 3083 5398 autem
3119 5343 3269 5413 quod
3308 5354 3364 5394 et
3396 5357 3527 5409 sup-

1942 5449 2244 5511 poneretur
2283 5455 2384 5510 per
2414 5438 2675 5493 accidens
2701 5438 2988 5499 accedere,
3020 5436 3203 5506 qualis
3231 5443 3316 5489 est
3346 5447 3531 5487 resur—

1947 5535 2148 5596 rectio,
2183 5533 2291 5586 vim
2328 5532 2620 5601 quamdam
2648 5546 2772 5584 esse
2802 5528 3142 5584 effectricem
3165 5524 3531 5584 resurrectio-

1946 5623 2031 5680 nis
2051 5665 2066 5689 ,
2093 5623 2552 5694 impassibilitatis
2573 5631 2628 5677 et
2646 5619 3086 5691 ineorruptionis
3102 5619 3350 5692 corporis
3367 5615 3533 5672 Chri-
