3876 6310
400 295 540 360 1475

1655 293 1961 356 LEONTII
2001 261 2402 354 BYZANTIN-I

3535 288 3684 352 Μιῗό

389 406 458 462 sti
479 423 495 469 ;
519 420 627 460 non
658 404 807 460 enim
840 403 1014 457 uisiin
1033 401 1360 458 substantiis
1390 402 1672 458 invenitur
1693 403 1961 474 quidquid

2071 419 2237 472 ματος
2289 401 2544 472 Χριστοῦ·
2595 399 2755 468 μόνον
2795 398 2904 468 γὰρ
2936 401 3056 463 ταῖς
3095 400 3314 462 οὗσὶαις
3348 398 3680 468 ὲνθεωρούο

389 497 729 558 ιοςεριιιίοιεμ
764 495 1072 552 accidentia
1111 488 1292 549 autem
1325 495 1379 549 iu
1406 510 1594 557 carne,
1629 504 1686 550 ut
1708 504 1838 550 sunt
1869 495 1955 549 in-

389 585 710 648 carccratio,
746 582 1000 646 elevatio,
1024 582 1335 638 humiliatio
1351 591 1407 638 et
1423 583 1658 650 similia;
1683 599 1804 654 qua:
1830 583 1960 638 facit

390 674 697 730 substantia
726 682 782 729 et
806 673 861 728 in
893 674 1198 728 substantia
1233 672 1350 728 fieri
1377 682 1627 741 possunt,
1654 690 1757 729 nec
1776 683 1960 729 tamen

389 765 596 833 scripta
645 763 826 823 facere
871 771 968 818 aut
1010 763 1277 834 quidquid
1318 765 1472 820 alius
1519 779 1590 818 ex
1665 765 1861 831 seipsis
1901 763 1960 820 in

392 856 717 911 substantiis
762 871 1002 926 unquam
1038 864 1299 926 poterunt
1333 873 1348 910 :
1381 873 1505 910 nam
1537 872 1718 927 neque
1746 857 1958 924 Lazari,

393 943 733 1018 nequmlilize
779 948 938 1013 Jairi,
977 958 1074 1002 aut
1104 960 1429 1005 ceterorum
1479 950 1816 1006 resurrectio
1858 951 1963 1022 ali-_

389 1038 522 1107 quid
555 1037 610 1091 in
641 1039 724 1092 eis
752 1054 818 1092 ex
851 1054 910 1092 se
949 1039 1153 1093 eﬂ‘ecit.

460 1128 747 1194 Quomodo
770 1144 902 1198 ergo
933 1129 1118 1183 dicitis
1148 1129 1266 1184 lucc
1308 1146 1375 1184 ex
1416 1130 1823 1186 resurrectione
1861 1131 1961 1186 ha-

391 1216 577 1272 buisse
602 1218 880 1272 hominem
903 1217 1247 1272 Dominicum
1267 1218 1359 1272 ?Si
1379 1219 1526 1273 enim
1557 1234 1587 1273 a
1610 1235 1672 1275 re
1688 1236 1796 1274 non
1815 1221 1963 1276 exsi-

391 1307 558 1362 stenti
609 1309 976 1379 habuit’,'jam
1020 1324 1129 1362 non
1169 1309 1519 1377 reputabitur
1545 1325 1738 1364 eorum
1761 1317 1818 1364 et
1853 1311 1962 1366 sibi

391 1407 447 1452 et
477 1399 638 1454 nobis
669 1399 838 1455 fuisse
859 1415 1044 1465 causa,
1078 1399 1172 1470 qui
1203 1409 1321 1454 erat
1347 1409 1402 1454 et
1437 1401 1580 1454 Deus
1601 1410 1752 1466 crat,
1781 1416 1961 1471 neque

391 1491 537 1545 Deus
561 1506 688 1545 eum
737 1493 1123 1558 resuscitasse;
1149 1492 1194 1546 si
1221 1499 1402 1546 autem
1426 1493 1699 1546 exsisteus
1727 1492 1960 1562 aliquid,

393 1581 496 1637 hoc
541 1591 662 1637 erat
710 1591 768 1637 et
811 1583 1058 1653 quasdam
1101 1583 1184 1637 vis
1209 1599 1400 1638 eorum
1430 1583 1682 1639 eﬂ‘ectrix
1703 1594 1758 1640 et
1798 1599 1962 1640 causa

392 1672 849 1742 impassibilitatis
869 1682 924 1728 et
944 1674 1508 1744 incorruptibilitatis,
1532 1677 1662 1746 quia
1688 1677 1834 1731 nulla
1857 1675 1962 1731 alia

2064 493 2224 562 μενόν
2240 491 2290 545 τί
2311 495 2445 551 ἐστι,
2459 490 2552 544 καὶ
2567 487 2960 556 ἑπισυμὸαῖνον
2976 489 3140 560 αὐτῇ,
3167 489 3372 557 ὥσπερ
3387 489 3496 541 καὶ
3515 491 3552 558 ή
3575 507 3680 540 κα-

2061 583 2335 644 τάκλεισις
2357 583 2449 634 καὶ
2481 580 2690 650 ὕψωσις
2716 580 2811 634 καὶ
2832 579 3161 644 ταπείνωσις
3185 582 3280 634 καὶ
3302 581 3374 633 τά
3403 580 3672 634 τοιαῦτα·

2060 672 2232 727 ταῦτα
2266 673 2372 742 γὰρ
2404 670 2560 724 οὐσία
2597 669 2696 740 μέν
2727 687 2811 732 τις
2840 671 3152 743 ἐνεργήσοι.
3210 670 3311 724 καὶ
3339 673 3427 732 εἰς
3469 670 3674 723 οὐσίαν

2062 763 2379 834 ὲνεργηθείη
2405 765 2470 818 άν
2494 781 2508 796 ο
2535 763 2676 818 αὐτά
2698 765 2880 834 μέντοι
2935 764 3060 820 οὔτε
3080 766 3276 828 ἑαυτά,
3301 764 3442 818 οὔτε
3471 765 3670 835 ἕτερόν

2061 872 2116 908 τι
2159 855 2217 920 ἐξ
2253 855 2460 909 ἑαυτῶν
2506 857 2562 908 έν
2602 855 2810 918 οὐσίαις
2882 857 3172 928 ὲνεργήσοι
3217 855 3497 910 πώττοτε’
3543 858 3667 910 οὐδὲ

2061 946 2169 1017 γὰρ
2195 947 2228 1016 ἡ
2261 946 2514 1018 Λαζάρου
2538 947 2659 1000 οὐδὲ
2679 948 2779 1016 τῆς
2805 948 2996 1011 παιδὸς
3011 949 3243 1018 Ἰαείρου
3283 948 3320 1018 ἢ
3336 947 3459 1000 τῶν
3481 947 3664 1001 illum

2063 1037 2360 1100 ἀνάστασίς
2378 1054 2429 1089 τι
2452 1037 2752 1106 πεποίηκεν
2779 1039 2859 1101 εἰς
2877 1039 3075 1101 αὐτοὺς
3090 1039 3230 1106 αὕτη
3245 1038 3659 1108 αὑτουργιιιῶς.

2133 1127 2257 1187 Πῶς
2309 1124 2404 1181 οὖν
2452 1128 2540 1200 ἐξ,
2575 1128 2922 1192 ἀναστάσεως
2975 1129 3152 1182 ταῦτα
3204 1129 3525 1198 ἐσχηκέναι
3572 1129 3660 1180 τὶν

2063 1219 2340 1290 κυριακὸν
2369 1218 2654 1287 ἄνθρωπόν
2689 1235 2860 1288 φατες
2897 1221 2948 1272 εἰ
2981 1220 3091 1290 γὰρ
3146 1220 3212 1271 ἐκ
3247 1217 3348 1271 τοῦ
3401 1219 3659 1284 ἀνυπάρ-

2064 1325 2196 1362 κτου
2226 1309 2553 1379 πράγματος
2581 1309 2758 1363 ταῦτα
2785 1309 3010 1377 γέγονεν
3043 1309 3216 1378 αὐτῷ,
3245 1309 3352 1378 οὐχ
3401 1311 3432 1362 ό
3483 1309 3660 1376 ὑπάρ-

2063 1418 2172 1471 χων
2205 1402 2300 1454 καὶ
2349 1399 2424 1453 ὢν
2470 1399 2604 1464 Θεὸς
2656 1400 2864 1455 τούτων
2907 1401 3080 1462 αἴτιος
3113 1401 3246 1470 ἡμῖν
3276 1417 3342 1453 τε
3374 1401 3474 1453 καὶ
3509 1399 3658 1467 αὐτῷ

2061 1489 2466 1560 λογισθήσεται,
2528 1491 2654 1544 οὐδὲ
2707 1493 2737 1544 ὁ
2787 1490 2921 1554 Θεὸς
2968 1491 3131 1544 αὐτὸν
3183 1491 3432 1558 ἔγειρεν·
3520 1489 3654 1540 eiEi

2063 1581 2310 1652 ὑπάρχον
2339 1583 2392 1635 τι
2419 1583 2558 1648 ἐστι,
2601 1581 2696 1636 καὶ
2722 1581 2883 1650 φύσις
2911 1581 3061 1634 ἐστὶν
3095 1583 3130 1651 ἠ
3153 1580 3335 1657 ταῇτα
3373 1583 3652 1650 ποιήσασα

2063 1674 2158 1728 καὶ
2189 1674 2456 1746 λεγομένη
2503 1675 2775 1738 ἀπαθείας
2809 1673 2906 1727 καὶ
2953 1673 3267 1745 ἀφθαρσίας
3298 1669 3450 1728 εἶναι
3495 1694 3652 1746 1&9:-

391 1773 586 1820 uatura
630 1779 752 1820 esse
802 1774 984 1836 potest
1030 1765 1226 1821 horum
1259 1767 1510 1822 eﬂ‘ectrix
1543 1779 1742 1838 praeter
1788 1769 1958 1824 Deum

2064 1765 2221 1833 στική
2246 1779 2260 1794 ο
2303 1762 2430 1816 ἐπεὶ
2468 1763 2568 1834 οὐχ
2615 1763 2776 1833 έτέρα
2807 1761 2971 1832 φύσις
3012 1762 3170 1816 ἔσται
3191 1764 3410 1818 τούτων
3443 1783 3653 1835 παρει-

393 1857 524 1930 (non
553 1855 702 1912 enim
725 1857 969 1912 hominis
991 1865 1096 1922 est,
1123 1859 1269 1913 sicut
1298 1857 1507 1913 dictum
1530 1860 1634 1930 est)
1668 1877 1680 1912 :
1720 1860 1844 1929 quis
1875 1869 1961 1916 est

390 1945 557 2002 homo
585 1947 682 2017 qui
709 1946 858 2003 vivet
887 1957 944 2003 et
966 1965 1076 2003 non
1101 1949 1312 2004 videbit
1331 1959 1585 2016 mortem,
1612 1951 1813 2022 eripiet
1837 1952 1958 2006 ani-

391 2053 536 2090 mam
571 2053 725 2092 suam
764 2038 832 2093 de
863 2054 1026 2094 manu
1066 2039 1266 2095 inferi?
1309 2041 1457 2096 Deus
1496 2056 1664 2097 verus
1709 2043 1816 2097 erit
1863 2043 1958 2113 qui

391 2126 509 2181 hzec
535 2129 717 2182 omnia
748 2127 907 2194 facit;
937 2139 995 2184 et
1025 2129 1153 2184 inde
1182 2130 1341 2185 vobis
1361 2131 1469 2186 erit
1495 2131 1796 2202 intelligere
1831 2149 1959 2188 eum

295 2266 307 2277 ,
390 2214 560 2270 fuisse
583 2233 776 2272 eorum
822 2233 1045 2274 causam
1074 2227 1130 2274 et
1153 2230 1434 2275 auctorem
1456 2221 1960 2292 ,,impassibilitatis

392 2308 601 2364 scilicet
647 2318 705 2364 et
759 2310 1322 2382 incorruptibilitatis,
1358 2313 1507 2382 quod
1541 2329 1672 2369 vere
1719 2313 1960 2383 seipsum

392 2397 686 2454 suscitasse
719 2399 956 2464 dicatur,
991 2401 1086 2471 qui
1122 2416 1320 2470 nempe
1349 2401 1488 2456 dixit
1517 2419 1530 2456 :
1565 2403 1679 2473 Ego
1707 2420 1825 2457 sum
1851 2406 1960 2459 vita

391 2496 441 2538 et
471 2489 784 2541 resurrectio
806 2488 876 2550 ¹⁶,
901 2489 1047 2558 quod
1078 2489 1309 2544 verbum
1337 2505 1435 2545 vos
1460 2491 1695 2546 maxime
1715 2493 1850 2548 estis
1870 2509 1960 2550 asc

391 2580 645 2645 pernati;
692 2595 795 2650 ego
819 2589 1000 2636 tamen
1043 2581 1143 2634 tibi
1175 2580 1303 2636 dico
1331 2567 1463 2651 quid
1500 2584 1908 2641 ostendendum
1944 2603 1958 2640 :

389 2669 488 2728 sed
531 2673 714 2728 edocti
764 2689 794 2728 a
851 2675 1025 2730 verbo
1067 2674 1481 2737 accidentaliter
1512 2677 1760 2733 sensibili
1787 2719 1802 2744 ,
1853 2695 1961 2736 una

391 2775 516 2815 cum
567 2777 760 2817 sorore
806 2762 1022 2828 Lazari,
1079 2762 1328 2818 sensibili
1377 2764 1624 2833 corporis
1653 2765 1962 2822 voluntarie

391 2853 545 2906 surdi
570 2853 706 2908 estis
731 2870 744 2906 :
770 2856 936 2918 Sicut,
968 2855 1046 2908 ait
1068 2889 1083 2914 ,
1115 2854 1282 2909 Pater
1323 2857 1545 2910 suscitat
1573 2866 1808 2912 mortuos
1833 2896 1850 2921 ,
1887 2860 1964 2914 sic

395 2940 536 2996 Filio
585 2951 896 3014 potestatem
928 2944 1070 2998 dedit
1105 2955 1337 3001 mortuos
1369 2949 1626 3002 suscitare
1656 2949 1718 3003 ³⁷.
1761 2948 1818 3004 Si
1833 2965 1966 3020 ergo

393 3027 510 3084 haec
542 3030 700 3086 vobis
729 3031 797 3086 ad
821 3032 1156 3088 credendum
1193 3034 1329 3090 satis
1365 3044 1514 3099 sunt,
1549 3045 1745 3092 cetera
1767 3039 1964 3094 saltem

391 3119 630 3176 audietis
660 3136 856 3178 eorum
892 3140 1014 3194 qua:
1061 3141 1090 3179 a
1138 3126 1298 3182 vobis
1325 3137 1455 3184 sunt
1485 3127 1630 3184 dicta
1662 3147 1675 3182 :
1707 3129 1753 3184 si
1791 3130 1960 3198 enim,

389 3211 850 3277 quemadmodum
882 3229 1077 3270 omnes
1103 3213 1358 3270 homines
1397 3218 1758 3273 resurrecturi
1792 3228 1960 3286 sunt,

391 3300 472 3354 sic
496 3305 800 3358 resurrexit
821 3303 1103 3368 Dominus,
1120 3321 1238 3378 cur
1267 3322 1495 3362 necesse
1538 3307 1643 3362 fuit
1661 3324 1787 3363 eum
1810 3309 1964 3378 prius

391 3396 719 3464 resurgere?
757 3396 812 3450 Si
844 3396 995 3450 enim
1039 3403 1098 3450 ut
1131 3412 1232 3451 nos
1268 3399 1575 3452 resurrexit
1597 3425 1618 3462 ,-
1647 3406 1705 3454 et
1731 3415 1832 3454 nos
1859 3401 1961 3471 ipsi

277 3537 282 3540 .
364 3492 454 3537 aut
499 3486 592 3538 ille
649 3501 1018 3555 resurgemus,
1081 3487 1212 3556 quid
1259 3503 1400 3557 opus
1453 3488 1558 3545 fuit
1605 3491 1726 3562 ejus
1757 3507 1964 3561 praece-

391 3575 530 3644 cisse
561 3577 1054 3635 resurrectionem?
1069 3579 1125 3634 Si
1149 3588 1330 3634 tamen
1349 3595 1462 3636 non
1487 3591 1713 3652 propter
1725 3599 1845 3639 eam
1861 3601 1962 3641 nos

393 3664 496 3734 ipsi
529 3663 942 3735 resurgimu‘s'et
967 3683 1034 3723 eo
1068 3669 1216 3740 quod
1251 3669 1368 3740 ipsa
1397 3672 1712 3741 praecessit;
1751 3673 1846 3728 illo
1875 3682 1961 3729 et-

390 3756 541 3810 enim
567 3771 678 3810 non
709 3767 1030 3828 resurgeute
1055 3799 1070 3824 ,
1119 3761 1214 3830 qui
1250 3775 1376 3816 eum
1417 3772 1479 3817 ut
1506 3778 1608 3819 nos
1637 3764 1958 3831 suscitavit,

391 3863 494 3902 nos
535 3862 756 3918 quoque
787 3849 1080 3905 suscitaret
1109 3860 1170 3907 ut
1219 3867 1370 3915 eum,
1403 3869 1471 3908 ex
1503 3854 1556 3908 vi
1593 3856 1963 3912 communiter

391 3940 448 3994 in
471 3941 728 3996 omnibus
750 3942 1052 3998 exsistente
1075 3951 1133 3998 et
1170 3943 1318 4000 illius
1347 3945 1548 4012 simili;
1576 3945 1652 4002 ita
1679 3947 1848 4018 igitur
1878 3949 1963 4019 ip-

390 4046 512 4087 sum
535 4049 604 4088 ex
627 4033 926 4104 semetipso
953 4036 1324 4092 resurrexisse
1356 4046 1638 4094 ostensum
1656 4049 1742 4095 est
1777 4048 1834 4096 et
1862 4055 1967 4096 nos

388 4141 459 4178 ex
489 4127 694 4183 unione
720 4125 906 4182 carnis
932 4135 988 4182 et
1020 4127 1188 4183 Verbi
1220 4143 1530 4200 resurgere.

2059 1855 2185 1924 τικὴ
2228 1854 2365 1925 πλὴν
2411 1854 2546 1932 θεοῦ
2580 1873 2594 1886 ’
2639 1853 2762 1909 οὔτε
2804 1855 2912 1924 γὰρ
2957 1854 3248 1925 ἀνθρώπου
3279 1857 3434 1923 τόδε,
3470 1858 3650 1920 καθὼς

2060 1948 2307 2016 εἴρηται·
2339 1945 2422 2009 τίς
2457 1947 2607 2000 ἐστιν
2647 1946 2935 2018 ἅνθρωπος
2983 1945 3046 2009 ὃς
3101 1945 3334 2015 ζήσεται
3403 1951 3505 2002 καὶ
3555 1951 3650 2002 οἰκ

2059 2036 2249 2107 ὄψεται
2277 2037 2528 2103 θάνατον,
2556 2035 2780 2108 ῥύσεται
2824 2037 2923 2108 τὴν
2969 2037 3150 2109 ψυχὴν
3176 2039 3349 2092 αὐτοῦ
3380 2041 3448 2092 ἐκ
3467 2041 3650 2109 lupa;

2059 2127 2187 2198 ᾅδου
2213 2144 2229 2192 ;
2259 2127 2392 2190 Θεὸς
2419 2126 2674 2198 ἀληθινὸς
2703 2127 2857 2181 ἔσται
2909 2128 2968 2181 τὸ
3014 2128 3185 2180 τῶνδε
3225 2132 3525 2198 ποιητικὸν
3561 2132 3646 2184 ai-

2058 2235 2173 2271 τιον
2195 2234 2208 2248 ·
2241 2218 2336 2271 καὶ
2369 2217 2524 2272 ἔσται
2551 2217 2767 2290 ἀληθῶς
2797 2217 3047 2271 ἐντεῦθεν
3093 2219 3226 2272 ἰδεῖν
3256 2220 3410 2288 ὑμᾶς
3447 2221 3528 2283 ὡς
3555 2223 3645 2272 afo-

2058 2309 2152 2370 τὸς
2191 2303 2260 2378 ἦν
2305 2310 2333 2360 ὁ
2373 2307 2542 2361 τῶνδε
2597 2307 2792 2374 αἴτιος,
2826 2309 2922 2362 καὶ
2955 2307 3080 2361 τάδε
3119 2308 3318 2374 ποιιῖιν,
3345 2309 3525 2378 ἤγουν
3551 2311 3646 2378 τὴν

2059 2399 2328 2456 ἀπάθειαν
2355 2401 2448 2454 καὶ
2475 2398 2819 2470 ἀφθαρσίαν*
2855 2401 3014 2470 εἴπερ
3043 2400 3208 2464 αὐτὸς
3240 2402 3445 2455 ἑαυτὸν
3477 2405 3648 2463 ὄντως

2061 2491 2366 2559 ἀναστῆσαι
2409 2489 2648 2560 λέγεται,
2680 2492 2710 2544 ὁ
2742 2493 2837 2546 καὶ
2879 2493 3060 2562 φήσας
3079 2509 3092 2522 ⁸
3137 2493 3283 2563 Ἐγὼ
3309 2497 3434 2564 ειμι
3465 2497 3508 2563 ἠ
3535 2494 3642 2562 Qui]

2061 2583 2160 2636 καὶ
2195 2584 2232 2650 ἡ
2267 2581 2606 2649 ἀνάστασις
2634 2623 2648 2644 ,
2683 2577 2752 2654 ἦς
2806 2583 3005 2653 μᾶλλον
3059 2583 3217 2653 ὑμεῖς
3266 2585 3460 2653 φωνῆς
3509 2603 3644 2652 παρ-

2062 2673 2581 2743 ηκούσατεοκαίτοι,
2603 2673 2746 2743 Ἐγώ
2796 2676 2912 2743 ειμι
2939 2676 2966 2726 ό
3000 2673 3178 2726 λαλῶν
3217 2692 3328 2737 σοι,
3371 2677 3644 2729 δεικτικὴ

2061 2764 2121 2818 ὅν
2143 2781 2158 2796 ·
2195 2767 2290 2818 καὶ
2317 2767 2382 2818 ὲκ
2407 2765 2503 2818 τοῦ
2539 2767 2687 2818 κατά
2709 2764 2811 2836 τὴν
2833 2764 3155 2835 προσφορὰν
3185 2766 3457 2834 αἰσθητοῦ
3490 2766 3644 2834 λόγου

2064 2855 2260 2926 ἔνηχού
2269 2871 2424 2924 μενοι
2476 2853 2617 2925 μετὰ
2656 2857 2758 2924 τῆς
2811 2854 3052 2926 ἀδελφῆς
3092 2855 3354 2926 Λαζάρου
3405 2859 3648 2925 αἰσθητῷ

2067 2947 2280 3017 σώματι
2327 2946 2506 3000 ἑκοντὶ
2555 2945 2836 3016 κωφεύετε
2857 2947 3301 3020 ·”Ωσπερ,φησὶ,
3371 2950 3412 3000 ὁ
3441 2949 3642 3016 Πατὴρ

2065 3039 2278 3107 ἐγείρει
2315 3038 2457 3104 τοὺς
2485 3037 2762 3106 νεκροὺς,
2797 3037 2898 3091 καὶ
2921 3037 3114 3103 οὕτως
3150 3037 3254 3092 καὶ
3283 3036 3366 3102 τῷ
3403 3037 3519 3103 Υιῷ
3551 3039 3643 3091 δέ-

2063 3129 2255 3183 δωκεν
2297 3128 2591 3193 ἐξουσίαν
2633 3127 2890 3196 ἐγείρειν
2931 3127 3072 3194 τοὺς
3121 3129 3408 3195 νεκρούς.
3443 3129 3508 3183 Et
3545 3130 3644 3199 μὲν

2061 3216 2156 3274 οὖν
2188 3220 2352 3290 ἀρκεῖ
2387 3218 2561 3273 ταῦτα
2589 3219 2718 3291 ὑμῖν
2743 3221 2825 3283 εἰς
2862 3220 3145 3283 πίστωσιν,
3184 3219 3312 3272 ἐπει
3337 3221 3427 3272 to!
3458 3237 3522 3288 γε
3551 3223 3643 3273 καὶ

2061 3312 2265 3383 ἑτέρων
2320 3310 2622 3365 ἀκούσεσθε
2669 3310 2983 3380 λεγομένων
3021 3311 3173 3380 ὑμῖν·
3227 3312 3280 3364 ei
3331 3312 3448 3382 γὰρ
3503 3312 3646 3365 καθὶ

2063 3403 2262 3467 πάντες
2319 3402 2604 3472 μέλλουσιν
2661 3401 2807 3472 ἔχειν
2851 3403 2902 3455 οι
2946 3402 3245 3473 ἅνθρωποι,
3295 3402 3428 3472 ἔσχε
3478 3403 3576 3456 καὶ
3620 3407 3646 3454 ὲ

2061 3495 2268 3565 Κύριος
2298 3493 2400 3564 τὴν
2434 3493 2758 3556 ἀνάστασιν,
2785 3493 2872 3570 τίς
2913 3493 2946 3564 ή
2990 3491 3150 3562 χρεία
3183 3491 3279 3545 τοῦ
3312 3494 3486 3546 αὑτὸν
3517 3494 3644 3546 ἀνα-

2063 3587 2259 3657 στῆσαι
2283 3585 2502 3656 πρῶτον
2522 3601 2538 3648 ;
2558 3585 2610 3637 ει
2631 3585 2740 3654 γάρ
2768 3583 2864 3637 καὶ
2891 3583 3055 3647 αὐτὸς
3078 3584 3205 3637 καθ’
3232 3586 3386 3655 ἡμᾶς
3418 3585 3640 3651 ἀνέστη,

2059 3677 2155 3730 καὶ
2193 3677 2358 3746 ἡμεῖς
2391 3675 2512 3729 κατ’
2550 3674 2712 3728 αὑτὸν
2747 3674 3112 3743 ἀνιστάμεθα,
3142 3675 3228 3738 τίς
3266 3677 3302 3744 ή
3353 3676 3524 3744 χρεία
3550 3675 3644 3727 τοῦ

2063 3763 2428 3837 προγενέσθαι
2461 3763 2631 3818 αὐτοῦ
2671 3764 2772 3835 τὴν
2815 3765 3152 3831 ἀνάστασιν;
3184 3764 3348 3836 εἰπερ
3369 3767 3538 3836 ήμεξς
3567 3768 3644 3836 μὴ

2061 3855 2128 3911 δι’
2155 3857 2324 3926 αὐτῆς
2353 3855 2724 3933 άνιστάμεθα,
2749 3855 2864 3930 αα)
2907 3855 2986 3930 τῷ
3035 3856 3401 3927 προγενέσθαι
3434 3858 3606 3925 αὐτήν
3625 3873 3642 3886 ·

2064 3948 2159 4003 καὶ
2192 3947 2358 4002 αὑτοῦ
2385 3948 2497 4018 γὰρ
2542 3948 2618 4018 μὴ
2655 3946 3009 4009 ἀναστάντος,
3048 3948 3078 4000 ὁ
3122 3937 3442 4017 ἀναστήῖηις
3479 3946 3641 4000 αὑτὸν

2066 4039 2187 4095 καθ’
2218 4041 2390 4112 ἡμᾶς,
2426 4040 2623 4112 ἀνιστᾷ
2655 4039 2723 4095 ἂν
2749 4041 2896 4111 qua;
2929 4039 3052 4092 κατ’
3076 4038 3244 4092 αὐτὸν
3276 4039 3371 4092 διὰ
3395 4039 3508 4108 τῆς
3530 4055 3647 4092 κοι-

2065 4129 2175 4194 νῶς
2224 4132 2283 4184 ὲν
2325 4131 2498 4184 ἀπασι
2556 4131 2851 4202 γινομένης
2891 4131 2988 4185 καὶ
3037 4129 3232 4200 ὁμοίας
3285 4129 3458 4182 αὐτοῦ
3492 4131 3648 4198 ἔνερ-

390 4216 544 4282 γεξας
567 4233 580 4248 ·
605 4214 749 4270 οὕτω
783 4217 882 4286 μὲν
913 4210 1004 4269 οὖν
1042 4216 1308 4270 δέδεικται
1342 4218 1509 4271 αὑτοῦ
1551 4234 1611 4272 τε
1645 4220 1678 4289 ἡ
1711 4219 2010 4285 ἀνάστασις
2044 4219 2436 4290 αὐτοενέργεια
2497 4215 2664 4284 εἶναι,
2693 4220 2792 4274 καὶ
2818 4219 2978 4292 ήμῶν
3044 4220 3110 4272 ἐκ
3171 4217 3488 4282 συνθέσεως
3547 4221 3646 4290 τῆς

391 4311 528 4380 πρὸς
555 4309 644 4363 τὸν
668 4309 840 4377 Λόγον
873 4311 970 4380 τῆς
999 4309 1202 4383 σαρκὸς
1224 4309 1542 4374 ἀνάστασις.

459 4403 620 4458 Nunc
657 4401 1121 4458 considerandum
1143 4403 1294 4458 aliud
1315 4419 1346 4458 a
1377 4404 1535 4460 vobis
1561 4405 1768 4460 dictum
1789 4447 1804 4474 ,
1834 4423 1961 4462 nam

2136 4406 2446 4478 Σκοπητέον
2474 4406 2532 4459 δὲ
2559 4405 2748 4460 λοιπὸν
2786 4405 2882 4460 καὶ
2922 4403 2983 4459 τὸ
3019 4403 3210 4473 ἕτερον
3235 4403 3298 4456 τὸ
3325 4401 3462 4472 παρ’
3490 4402 3641 4502 ὑμῶν

391 4494 542 4564 quod
573 4503 659 4548 est
679 4494 932 4551 mirabile
959 4493 1014 4548 in
1038 4492 1226 4548 divina
1255 4495 1375 4564 ejus
1404 4495 1715 4561 nativitate,
1738 4497 1805 4552 ad
1833 4497 1961 4572 Spi-

391 4587 560 4639 ritum
577 4593 823 4640 sanctum
838 4583 1054 4638 refertis
1071 4593 1127 4638 et
1153 4585 1272 4655 ejus
1287 4583 1502 4656 signum
1527 4601 1649 4642 esse
1673 4589 1916 4644 censetis
1938 4605 1956 4655 ;

392 4693 502 4732 non
535 4684 718 4734 autem
751 4675 950 4744 pignus
980 4676 1356 4731 substantialis
1385 4678 1607 4733 unionis
1640 4677 1806 4736 Verbi
1835 4699 1850 4747 ;
1881 4681 1968 4735 di-

389 4767 500 4823 cite
527 4764 694 4836 igitur
727 4781 845 4828 vos,
905 4781 1006 4820 cur
1041 4766 1259 4821 tandem
1289 4767 1345 4822 in
1371 4768 1486 4822 sola
1518 4768 1638 4838 ejus
1684 4769 1969 4826 nativitate

392 4856 529 4912 illud
567 4857 641 4912 sit
659 4855 894 4917 factum.
938 4873 1048 4927 qua
1077 4857 1145 4912 de
1173 4872 1358 4923 causa,
1393 4847 1706 4914 istiusmodi
1745 4859 1964 4932 signum

392 4950 534 5006 hanc
564 4949 736 5006 solam
767 4948 1112 5003 nativitatem
1141 4964 1263 5005 esse
1297 4950 1557 5014 voluerit,
1600 4951 1874 5022 siquidem
1897 4967 1965 5007 ex

392 5043 593 5098 vestris
616 5040 906 5112 principiis
964 5040 1274 5107 habemus,
1323 5056 1558 5110 quorum
1615 5041 1964 5098 insociabiles

393 5142 624 5199 natum,
685 5134 778 5189 illa
829 5147 939 5187 non
995 5146 1155 5202 posse
1205 5132 1456 5188 eamdem
1508 5133 1963 5205 compositionem

393 5223 659 5293 recipere.
695 5221 855 5276 Nunc
903 5221 1100 5292 igitur,
1164 5235 1233 5276 ex
1277 5230 1465 5277 vestro
1523 5239 1704 5293 nuper
1755 5223 1965 5292 prolato

393 5311 701 5382 principio,
735 5311 843 5366 hoc
866 5311 1080 5366 axioma
1123 5319 1316 5366 contra
1345 5311 1507 5368 tinem
1534 5329 1566 5368 a
1594 5314 1750 5368 vobis
1781 5315 1968 5370 inten-

397 5412 512 5460 tum
541 5418 812 5474 ponemus
855 5419 872 5456 :
907 5417 1145 5472 quorum
1190 5415 1392 5473 nempe
1467 5400 1967 5470 incomparabiliter

395 5491 623 5548 diversae
673 5501 803 5548 sunt
853 5493 1200 5559 nativitates,
1229 5509 1424 5550 eorum
1453 5511 1732 5567 nunquam
1759 5495 1963 5551 eaedem

472 5669 516 5699 “
537 5667 696 5722 Joau.
717 5667 892 5724 “.25.
969 5669 1010 5704 ¹⁷
1037 5671 1194 5746 Joan.
1230 5687 1287 5738 v,
1316 5669 1406 5725 2|.

2063 4497 2354 4570 εἰρημένον
2374 4510 2389 4526 ο
2423 4495 2486 4549 τὺ
2515 4495 2624 4568 γὰρ
2652 4495 2959 4567 παράδοξον
2987 4495 3085 4564 τῆς
3107 4492 3451 4562 θεοπρεποῦς
3481 4492 3639 4547 αὑτοῦ

2064 4589 2392 4659 γεννήσεως,
2432 4588 2524 4642 ἐπὶ
2545 4588 2608 4641 τδ
2635 4588 2794 4655 ἀγιον
2830 4586 3054 4658 Πνεῦμα
3087 4587 3341 4654 ἀνάγετε,
3374 4586 3476 4638 καὶ
3506 4585 3640 4653 σύμ-

2067 4679 2222 4733 ϐολον
2255 4676 2397 4732 εἶναι
2433 4678 2641 4748 ταύτην
2669 4679 2863 4732 τούτου
2885 4677 3163 4748 νομίζετε,
3192 4677 3290 4728 καὶ
3323 4676 3425 4728 οὐκ
3452 4673 3643 4728 οὐσιῶ-

2068 4771 2192 4834 δους
2225 4769 2546 4841 συμπλοκῆς
2596 4765 2693 4822 τοῦ
2733 4770 2910 4837 Λόγου
2948 4769 3252 4839 τεκμήριον
3275 4782 3288 4794 ⁸
3318 4766 3520 4819 εῖτ-,ατε
3547 4763 3640 4819 οὖν

2071 4863 2204 4933 ήμῖν
2233 4861 2424 4925 ὅντως,
2459 4856 2504 4914 ὦ
2531 4852 2704 4926 οὗτοι,
2732 4860 2820 4913 διὰ
2860 4859 2912 4912 τί
2935 4859 3030 4912 ἐπὶ
3055 4858 3156 4926 τῆς
3183 4856 3378 4910 τούτου
3407 4862 3507 4910 καὶ
3552 4856 3641 4925 μό-

2069 4967 2160 5003 νου
2213 4949 2522 5018 γεννήσεως
2570 4947 2731 5002 τοῦτο
2774 4947 3116 5018 γεγένηταις
3165 4946 3260 4998 καὶ
3285 4945 3379 4998 διὰ
3399 4945 3451 4998 τί
3485 4943 3637 5014 τήνδε

2067 5039 2165 5110 τὴν
2215 5039 2376 5093 αὑτοῦ
2433 5037 2690 5108 τοιαύτην
2719 5039 2996 5108 γέννησιν,
3024 5037 3086 5090 τὸ
3111 5035 3314 5089 τοιόνδε
3372 5033 3637 5105 σύμῦολον

2068 5131 2438 5202 κατηρτισατο
2469 5133 2666 5202 μόνον;
2697 5131 2793 5184 καὶ
2823 5131 2934 5200 γάρ
2956 5129 3020 5182 ὲκ
3047 5127 3159 5180 τῶν
3187 5126 3472 5195 ὑμετέρων
3499 5126 3637 5194 113p-

2071 5224 2257 5295 μάτων
2295 5222 2514 5294 ἔχομεν,
2543 5224 2626 5276 ὅτι
2680 5214 2756 5276 ὧν
2805 5221 3154 5290 ἀσυγκρίτως
3199 5215 3637 5286 διαφέρουσινώ

2069 5316 2284 5385 φύσεις,
2314 5315 2526 5378 τούτοις
2561 5315 2624 5368 ού
2651 5313 2878 5368 δυνατὸν
2899 5310 2998 5382 τὴν
3031 5309 3201 5380 αὐτὴν
3235 5308 3491 5361 σύνθεσιν
3521 5312 3639 5361 ἐπι-

2069 5404 2423 5476 συμϐαίνειν·
2464 5403 2560 5458 νῦν
2589 5398 2684 5459 οὖν
2737 5401 2870 5471 ὑμῖν
2915 5399 3006 5453 διὰ
3038 5398 3099 5452 τὸ
3127 5398 3397 5467 ὑμέτερον
3441 5397 3640 5464 ἀρτίως

2069 5496 2232 5567 θέμα,
2266 5496 2528 5560 ἐναντίως
2567 5495 2670 5565 μὶν
2720 5492 2798 5564 τῷ
2850 5489 3036 5560 σκοπῷ
3083 5487 3203 5542 τόδε
3248 5486 3384 5542 αὐτὸ
3427 5487 3642 5554 ἀξεωμα
