3876 6310
178 289 325 365 1477

1138 293 1533 363 ADVERSUS
1570 292 2116 359 NESTORIANOS.
2159 319 2230 332 ·-
2266 297 2413 357 LI‘B.
2453 293 2502 357 Ῑ.

3309 268 3452 355 itis

184 413 461 481 φήσομεν,
497 409 580 462 ὅτι
612 401 685 462 ὧν
723 411 779 463 αἱ
808 410 1094 479 γεννήσεις
1123 410 1370 478 διάφοροι
1392 409 1765 478 ἀσυγγρίτως.

1878 415 2035 461 erunt
2066 414 2314 462 naturae:
2349 408 2477 476 quia
2517 407 2583 461 ad
2621 420 2789 462 unum
2813 420 2980 461 nemo
3003 403 3246 476 ambiget
3269 421 3334 460 ea
3362 408 3448 462 in-

176 501 447 556 ούδέποτε
469 501 524 552 at
554 499 717 553 αὐταὶ
749 500 938 570 φύσεις
968 502 1292 570 γενήσονται
1315 515 1330 530 ’
1361 501 1444 552 ὅτι
1479 499 1589 569 γὰρ
1614 498 1674 550 τὸ
1706 499 1765 550 ὲν

184 593 447 663 ἀνομίαις
473 592 846 663 συλληφθῆναι
878 592 1215 663 ἀσύγκριτον
1250 590 1362 661 ἔχει
1392 591 1453 643 τὸ
1483 590 1763 661 διάφορον,
1800 638 1803 641 λ

183 685 292 738 οὐκ
336 682 634 754 ἀμφιόάλοι
670 684 736 737 ἂν
768 684 890 737 οὐδὲ
931 684 1067 746 ὅλως
1104 701 1189 746 τις
1218 684 1328 736 τῶν
1356 682 1526 736 ὄντων
1551 697 1564 711 ·
1605 680 1767 734 ἔτιδὲ

184 778 290 830 καὶ⁵
331 775 505 838 οὕτως
555 774 718 829 πάλιν
766 775 1038 847 ἐροῦμεν·
1092 777 1153 828 Εἰ
1199 774 1260 828 τὸ
1307 770 1508 843 ἐκοτῆς
1543 774 1765 843 σαρκὸς,

188 866 333 938 σάρξ
369 867 508 932 ἔστι,
560 865 621 919 τὸ
654 865 710 918 δὲ
737 867 804 920 ἐκ
835 865 926 919 τοῦ
964 864 1300 936 πνεύματος,
1342 864 1564 935 πνεῦμά
1609 865 1725 917 ἐστι
1752 881 1766 896 ·

190 954 333 1023 σὰρξ
364 954 420 1006 δὲ
454 955 548 1008 καὶ
594 953 819 1025 Πνεῦμα
848 956 909 1008 οὐ
938 956 1037 1025 τῆς
1088 955 1257 1024 αὐτῆς
1300 954 1486 1017 οὐσίας
1509 970 1521 984 ·
1554 955 1661 1018 πᾶς
1713 954 1771 1007 δὲ

185 1046 483 1115 ἄνθρωπος
513 1045 651 1116 σὰρξ
673 1047 737 1099 ὲκ
762 1045 964 1117 σαρκός
985 1061 998 1075 ο
1030 1045 1117 1098 διὸ
1141 1044 1236 1098 καὶ
1266 1046 1330 1097 ἐκ
1353 1045 1556 1115 σαρκὸς
1579 1047 1772 1116 ὁμοου-

190 1137 328 1199 σίως
362 1135 669 1206 σαρκωθεὶς
703 1135 1002 1207 ὲγεννήθη’
1043 1137 1072 1189 ὁ
1116 1135 1174 1188 δὲ
1216 1136 1417 1207 Κύριος
1467 1136 1627 1207 ἡμῶν
1667 1138 1771 1207 ’1η-

188 1228 325 1291 ’σοῦς
358 1229 422 1280 ἐκ
449 1227 763 1298 Πνεύματος
800 1228 958 1296 ἁγίου
989 1229 1081 1281 καὶ
1116 1228 1333 1299 Μαρίας
1358 1229 1457 1298 τῆς
1492 1228 1770 1300 Παρθένου

193 1316 307 1369 τῶν
338 1317 695 1388 ὲτεροουσίων
729 1316 1030 1389 σαρκωθεὶς
1071 1318 1341 1389 ἐγεννήθη
1364 1336 1380 1351 ο
1413 1319 1527 1382 πῶς
1555 1315 1648 1373 οὖν
1669 1320 1771 1373 οὐκ

192 1408 495 1471 οὐσιώδους
525 1408 845 1479 συμπλοκῆς
884 1407 979 1460 τοῦ
1014 1409 1190 1475 Λόγου
1224 1411 1589 1481 τεκμήριον,ἠ
1622 1410 1772 1465 τοιά-

191 1499 254 1551 δε
288 1498 543 1569 γέννησις
570 1500 631 1552 ὲν
727 1499 789 1553 τὸ
818 1500 912 1553 τοῦ
939 1500 1097 1568 ἁγίου
1127 1500 1444 1571 Πνεύματος
1476 1501 1768 1572 σύμϐολον,

184 1589 274 1653 ὼς
305 1589 589 1660 ἐνομίζετε
631 1589 1038 1660 ὑμεῖς,γὲγονε;
1069 1592 1165 1644 καὶ
1202 1591 1264 1645 τὸ
1290 1587 1382 1645 οὖν
1410 1595 1475 1646 ἐκ
1518 1593 1769 1664 Πνεύμα-

192 1696 292 1743 τος
338 1681 435 1735 καὶ
463 1680 691 1751 Πνεῦμα
728 1677 869 1735 εἶναι
925 1683 1065 1752 μετὰ
1121 1681 1217 1736 τοῦ
1269 1683 1366 1738 καὶ
1415 1685 1614 1756 σάρκα,
1648 1686 1770 1740 τόδε

1869 498 2333 567 compossibiliter
2357 497 2582 552 diti'erre
2614 513 2734 567 quae
2770 497 2828 551 in
2860 497 3128 566 oppositis
3154 496 3447 553 continen-

1868 600 1993 655 tur;
2025 590 2106 645 sic
2123 605 2345 658 quoque
2366 603 2586 643 rursum
2603 590 2880 643 dicemus:
2900 588 2958 645 Si
2984 587 3134 658 quod
3163 603 3233 643 ex
3255 600 3445 655 carne,

1868 697 1998 736 caro
2032 691 2136 747 est,
2168 681 2315 751 quod
2355 691 2537 736 autem
2568 697 2633 735 ex
2669 662 2890 751 spiritu,
2921 681 3153 750 spiritus
3179 689 3265 737 est
3285 697 3299 744 ;
3319 696 3448 736 caro

1868 787 2003 826 vero
2035 779 2090 827 et
2119 772 2350 842 spiritus
2373 788 2482 827 non
2506 781 2636 827 sunt
2656 772 2901 844 ejusdem
2926 775 3183 829 essentia:
3205 790 3220 840 ;
3265 774 3449 829 omnis

1870 875 2056 919 autem
2088 864 2259 919 homo
2292 879 2361 919 ex
2396 854 2582 926 carne,
2609 881 2676 919 eo
2718 864 2867 934 quod
2897 865 3450 921 consubstantialiter

1868 970 1934 1010 ex
1975 971 2142 1011 carne
2173 956 2245 1010 sit
2271 957 2510 1026 genitus.
2538 957 2804 1011 Dominus
2852 964 3035 1011 autem
3074 962 3264 1011 noster
3289 955 3451 1010 Jesus

1828 1060 1837 1065 ‘
1871 1063 1902 1103 e
1932 1047 2143 1118 Spiritu
2168 1058 2362 1104 sancto
2389 1055 2444 1104 et
2474 1049 2640 1103 Maria
2678 1048 2903 1118 Virgine
2944 1061 3053 1102 non
3084 1047 3331 1118 ejusdem
3353 1062 3451 1102 na-

1871 1148 2008 1195 tura:
2019 1141 2451 1205 incarnatusest;
2466 1140 2884 1211 quomodoergo
2898 1139 3280 1195 substantialis
3296 1139 3450 1195 unio-

1870 1231 1960 1286 nis
1976 1229 2138 1287 Verbi
2163 1232 2380 1302 signum
2412 1246 2521 1286 non
2548 1242 2692 1286 esset
2719 1231 3030 1287 istiusmodi
3051 1231 3311 1285 nativitas
3334 1270 3350 1295 ,
3391 1230 3449 1285 in

1871 1336 1978 1392 qua
2003 1320 2244 1392 Spiritus
2265 1323 2440 1377 sancti
2472 1322 2712 1393 signum,
2742 1333 2805 1378 ut
2822 1322 2982 1378 vobis
3010 1323 3213 1391 placet,
3244 1320 3450 1375 factum

1870 1421 1956 1467 est
1977 1413 2001 1466 ?
2022 1413 2104 1467 Ex
2132 1413 2329 1483 Spiritu
2364 1429 2486 1469 esse
2514 1422 2571 1468 et
2599 1413 2855 1483 spiritum
2890 1427 3012 1468 esse
3040 1412 3207 1467 simul
3240 1426 3306 1467 ac
3330 1426 3453 1467 car-

1871 1520 2021 1572 nem,
2050 1506 2157 1560 hoc
2187 1506 2341 1560 illum
2372 1505 2700 1568 constituit;
2723 1505 2967 1576 Spiritus
2989 1514 3171 1560 autem
3205 1504 3372 1570 Deus,
3396 1511 3454 1559 et

1871 1596 2139 1650 Dominus
2157 1594 2441 1665 spiritus:
2503 1604 2803 1666 conceptus
2835 1604 2921 1652 est
2960 1596 3110 1651 enim
3137 1595 3206 1650 de
3242 1593 3452 1665 Spiritu

1873 1695 2096 1753 sancto,
2132 1701 2246 1741 non
2296 1687 2444 1741 enim
2488 1687 2811 1756 simpliciter
2866 1688 2930 1742 de
2960 1689 3153 1757 spiritu
3203 1684 3451 1749 dicitur;

192 1769 530 1841 παρίστησιν
553 1770 716 1824 αὐτόν
738 1785 752 1802 ο
783 1771 1009 1842 Πνεῦμα
1031 1773 1092 1827 δὲ
1125 1774 1153 1826 ὁ
1180 1774 1315 1838 Θεός
1335 1790 1348 1805 ο
1376 1776 1471 1828 καὶ
1490 1754 1533 1830 -ὁ
1566 1776 1772 1847 Κύριος

1878 1779 1968 1833 illa
1992 1793 2127 1834 vero
2162 1779 2274 1834 sint
2298 1779 2444 1834 dicta
2478 1779 2546 1834 de
2577 1754 2641 1835 ea
2689 1795 2811 1849 quae
2852 1754 3124 1833 mirabilis
3153 1776 3312 1832 vobis
3340 1789 3454 1830 non

193 1860 259 1912 τὸ
279 1860 671 1930 Πνεῦμάεὲστι·
701 1862 1009 1934 συνελήφθη
1040 1863 1150 1935 γὰρ
1178 1866 1241 1916 ὲκ
1261 1863 1574 1934 Πνεύματος
1590 1868 1770 1936 ἁγίου·

1879 1870 2334 1936 videtur,-divina
2370 1870 2672 1926 Salvatoris
2708 1870 2890 1925 nostri
2922 1868 3237 1924 nativitate.

188 1955 260 2007 οὐ
306 1954 418 2025 γὰρ
460 1952 649 2016 ἁπλῶς
679 1956 1018 2029 πνεύματος
1057 1957 1272 2043 εἴρηται
1293 1972 1307 1986 ·
1336 1957 1511 2011 ταῦτα
1550 1961 1648 2029 μὲν
1680 1960 1775 2016 οὖν
1812 1964 1906 2018 καὶ
1934 1963 2062 2033 περὶ
2091 1964 2188 2034 τῆς
2218 1964 2278 2016 οὐ
2324 1963 2585 2034 δοκούσης
2620 1964 2750 2032 ὑμῖν
2810 1961 3114 2029 παραδόξου
3180 1959 3331 2023 θείας
3359 1958 3453 2014 τοῦ

197 2047 452 2117 Σωτῆρος
484 2048 517 2115 ἡ
525 2045 645 2117 μῶν
673 2048 1002 2117 γεννήσεως.

270 2134 343 2187 Τδ
395 2132 452 2187 δὲ
498 2133 690 2205 ἕτερον
737 2134 837 2203 τῆς
884 2133 1157 2204 ὑμετέρας
1193 2131 1468 2203 διαϐολῆς,
1498 2135 1557 2188 ὲν
1587 2129 1622 2209 ᾗ
1658 2153 1774 2202 πως

193 2226 298 2288 τὰς
348 2225 681 2295 θεοσημείας
742 2224 837 2278 τοῦ
891 2224 1152 2278 δεσπότου
1201 2224 1277 2288 ὡς
1330 2225 1484 2278 οὐδὲν
1537 2225 1681 2297 ἔχειν
1707 2228 1778 2281 δι’

186 2315 410 2380 οξκείας
440 2315 774 2381 ἀποδείξεως
802 2316 1307 2386 παρεγχαράσσειν.
1350 2354 1365 2369 .
1411 2354 1425 2370 .
1467 2315 1593 2370 ὅθεν
1646 2319 1777 2388 ὑμῖν

190 2406 362 2461 ’τοῦτο
403 2407 477 2478 μὴ
533 2405 690 2461 Θεοῦ.
736 2446 749 2460 .
795 2444 810 2460 .
866 2406 1066 2470 Ἡδέως
1130 2406 1197 2461 ἂν
1247 2405 1408 2461 τοῦτο
1461 2406 1776 2478 πυθοίμεθα

197 2499 332 2570 παρ’
361 2499 544 2570 ὑμῶν·
567 2479 708 2571 Ἀρά
739 2514 803 2568 γε
839 2498 1101 2568 βασιλέως
1140 2499 1549 2571 λοιδορήσαντος
1569 2500 1603 2570 ἢ
1623 2501 1781 2555 άπει-

193 2593 479 2663 -λήσαντος
499 2590 645 2661 λόγῳ
689 2591 838 2661 μόνῳ
886 2590 1017 2658 τινὶ,
1048 2590 1159 2645 τῶν
1204 2591 1262 2645 δὲ
1313 2591 1503 2647 τούτου
1535 2595 1776 2647 ὑπασπι-

201 2683 344 2736 στῶν
388 2682 522 2752 παρ’
554 2678 696 2734 αὐτὰ
727 2681 820 2733 καὶ
873 2679 1198 2745 αἰκιζόντων
1231 2680 1494 2746 πολλάκις
1537 2681 1570 2752 ἢ
1625 2683 1778 2757 ἀναι-

205 2773 446 2845 ρούντων
498 2772 591 2827 τὸν
647 2772 975 2844 ύῦρισθέντα
1029 2772 1134 2826 ὑπὸ
1184 2772 1280 2827 τοῦ
1332 2773 1540 2844 Κυρίου
1575 2774 1778 2839 αὐτῶν,

201 2866 328 2918 ἐπεὶ
355 2863 604 2935 μείζονες
636 2866 692 2918 αἱ
734 2864 941 2935 πληγαὶ
990 2866 1190 2930 αὐτῶν,
1237 2866 1455 2935 μείζους
1489 2867 1523 2938 ἢ
1562 2868 1779 2938 ὁμοίους

201 2955 314 3024 ἄρα
345 2953 585 3016 καὶτοὺς
615 2955 899 3023 ὑπηρέτας
920 2954 1014 3007 τοῦ
1047 2956 1309 3023 βασιλέως
1334 2955 1586 3027 εἴποιμεν
1607 2953 1781 3026 sivest;-

202 3048 367 3101 πάλιν
403 3048 461 3099 ὲν
492 3045 831 3115 εὐεργεσίαις
873 3044 1047 3099 ταῦτα
1072 3046 1335 3116 -δρῶντες
1376 3048 1770 3118 συμϐαίνοντα,

1936 2139 2021 2194 Et
2073 2139 2142 2195 de
2183 2140 2356 2194 altera
2400 2149 2582 2194 vestra
2612 2140 2887 2195 calumnia
2914 2180 2929 2204 ,
2972 2140 3027 2194 in
3059 2154 3168 2210 qua
3201 2142 3452 2213 magistri

1852 2229 2353 2303 ‘manifestationes
2377 2272 2391 2296 ,
2431 2239 2692 2300 tanquam
2738 2230 2877 2285 nihil
2921 2231 3192 2287 habentes
3218 2249 3328 2303 quo
3355 2249 3457 2304 per

1876 2322 2132 2391 proprias
2158 2330 2320 2377 notas
2350 2322 2815 2393 signarentur.....
2854 2323 3002 2378 unde
3054 2324 3214 2379 vobis
3240 2340 3348 2379 non
3386 2340 3485 2380 ex-

1878 2414 2236 2469 Deo.....hoc
2265 2429 2296 2469 a
2316 2415 2475 2469 vobis
2491 2414 2689 2469 vellem
2711 2429 2980 2484 quarere,
2997 2417 3267 2481 utrum,si
3288 2432 3454 2487 quem

1878 2519 1909 2558 a
1933 2519 2062 2575 rege
2090 2505 2265 2559 verbo
2295 2514 2459 2560 tenus
2481 2505 2703 2575 probris
2731 2513 2789 2560 et
2818 2506 2988 2561 minis
3035 2506 3293 2562 atl‘ectum
3332 2507 3457 2563 vul-

1877 2607 2139 2652 nerarent
2162 2605 2258 2652 aut
2280 2598 2445 2652 etiam
2469 2598 2856 2654 interimerent
2885 2600 3024 2670 regii
3055 2600 3320 2655 satellites
3345 2642 3359 2666 ,
3387 2596 3456 2656 eo

1878 2687 2027 2756 quod
2059 2688 2286 2742 istorum
2323 2686 2639 2742 acerbiores
2683 2696 2871 2743 essent
2914 2689 3057 2745 ictus
3080 2730 3095 2755 ,
3143 2689 3458 2747 diceremus

1879 2779 2118 2848 majores
2150 2780 2454 2834 autsaltem
2491 2781 2735 2849 aequales
2767 2780 2883 2850 regi
2913 2781 3184 2836 satellites
3211 2782 3236 2836 '!
3264 2782 3471 2838 Denuo

1882 2868 2124 2936 idipsum
2168 2870 2225 2924 in
2275 2870 2581 2926 benefactis
2633 2871 2751 2926 ﬁeri
2775 2872 3049 2937 videntes,
3089 2889 3214 2928 cum
3237 2873 3455 2928 scilicet

1876 2958 2020 3027 quia
2045 2972 2172 3028 rege
2188 2958 2466 3028 colloquio
2481 2966 2692 3013 tantum
2718 2968 2777 3014 et
2798 2974 3055 3015 sermone
3075 2959 3334 3029 dignatus
3348 2968 3456 3028 est,

1877 3061 2004 3101 eum
2038 3046 2368 3102 muneribus
2412 3047 2580 3103 variis
2603 3054 2659 3103 et
2682 3047 2991 3102 honoribus
3010 3051 3291 3103 cumulant
3318 3049 3457 3120 regii

194 3140 283 3203 ’ὡς
334 3132 494 3208 ᾧτινι
544 3138 703 3206 λόγου
737 3137 900 3209 μόνου
934 3138 1258 3205 μεταδίδωσι
1285 3140 1379 3192 καὶ
1418 3142 1708 3211 συντυχίας
1744 3142 1774 3193 ό

1878 3136 2139 3202 ministri,
2164 3138 2398 3208 majores
2419 3128 2560 3193 'esse
2605 3138 2991 3194 benefactores
3012 3139 3293 3193 ministros
3329 3118 3460 3194 cen-

204 3231 485 3303 βασιλεὺς,
536 3229 692 3300 δῶρά
732 3247 793 3282 τε
848 3229 1071 3283 ποικίλα
1128 3231 1224 3283 καὶ
1269 3231 1429 3300 τιμαὶ
1465 3233 1618 3302 παρὰ
1669 3232 1776 3287 τῶν

201 3323 462 3392 ὑπηκόων
493 3321 586 3375 τοῦ
628 3320 893 3392 βασιλέως
919 3321 1344 3393 προσφέρονται,
1389 3322 1642 3391 μείζονας
1689 3324 1781 3375 εὐ-

197 3413 434 3481 εργὲτας
497 3407 642 3465 εἶναι
699 3413 944 3481 φήσομεν
998 3413 1125 3475 τοὺς
1181 3413 1560 3485 ύπηκόους;ἢ
1610 3413 1778 3477 ὅντως

201 3505 323 3558 δέον
351 3504 549 3557 ειδέναι
574 3504 702 3566 τοὺς
729 3505 858 3574 περὶ
882 3503 1074 3557 τούτου
1102 3503 1585 3572 διαγινώσκοντας.
1617 3504 1781 3559 πόθεν

205 3600 240 3666 ἠ
271 3595 413 3667 ἀρχὴ
437 3595 533 3649 τοῦ
562 3596 855 3666 γενομένου
890 3598 984 3649 καὶ
1011 3595 1156 3660 τίνος
1187 3596 1474 3667 δυνάμεως
1504 3597 1777 3668 ἐνέργεια,

204 3689 305 3743 καὶ
355 3689 438 3752 τίς
469 3691 503 3760 ἡ
549 3688 756 3742 τούτων
791 3686 1024 3759 πρώτως
1069 3689 1219 3742 αἰτία
1252 3690 1776 3760 παρασκευαστικής

203 3781 257 3834 εί
298 3779 407 3851 γὰρ
443 3780 519 3851 μὴ
564 3778 779 3843 τούτοις
815 3778 1207 3850 ὲπισκέψομεν,
1251 3779 1346 3833 καὶ
1399 3780 1500 3852 τὴν
1543 3780 1781 3850 μάστιγα

198 3864 345 3922 εἶναι
378 3868 602 3939 μείζονα
634 3868 884 3941 εἴποιμεν
911 3869 991 3923 ἃν¹
1021 3870 1114 3924 τοῦ
1138 3872 1379 3941 ἡνιόχου,
1414 3868 1509 3923 καὶ
1537 3870 1599 3923 τὺ
1625 3869 1780 3940 βέλος

201 3960 300 4014 τοῦ
325 3960 569 4027 τοξότου,
604 3963 698 4015 καὶ
737 3964 830 4015 τὸν
879 3960 1127 4033 μαθητὴν
1172 3961 1267 4015 τοῦ
1301 3961 1651 4026 διδασκάλου,
1685 3963 1782 4014 καὶ

202 4054 372 4119 πόδας
417 4055 511 4108 ἐπὶ
548 4053 815 4125 κεφαλὴν,
836 4054 898 4107 τὸ
927 4054 991 4124 δὴ
1016 4053 1329 4124 λεγόμενον,
1357 4052 1736 4124 ἀνατρέψομεν
1755 4069 1771 4086 ο

202 4144 381 4208 ἄλλως
409 4144 468 4198 δὲ
508 4144 698 4199 πάλινο
736 4144 800 4197 Et
841 4144 964 4197 καθ’
998 4144 1143 4215 ὑμᾶς
1196 4145 1309 4198 ἴσον
1350 4144 1513 4198 αὐτὸν
1571 4145 1781 4206 ἑαυτοῖς

201 4237 256 4288 ot
289 4235 579 4289 ἀπόστολοι
623 4234 791 4288 αὐτοῦ
839 4238 1014 4308 γήϊνοι
1054 4236 1208 4300 ὄντες
1236 4236 1644 4306 διεγνώκεισαν,
1685 4238 1781 4290 καὶ

204 4326 370 4389 αὐτὸς
421 4326 450 4377 6
507 4326 714 4380 τούτων
761 4328 860 4381 καὶ
916 4327 1085 4399 ἡμῶν
1140 4327 1348 4399 Κύριος
1379 4366 1395 4393 ,
1468 4326 1586 4391 πῶς
1643 4327 1781 4399 μηδὲ

204 4418 435 4510 πατέρα
511 4419 646 4489 μηδὲ
714 4419 880 4491 ραὄὸὶ
937 4420 1078 4489 μηδὲ
1150 4420 1340 4492 κύριον
1414 4420 1447 4491 ἢ
1529 4419 1778 4492 καθηγηο
1808 4455 1852 4510 D

202 4509 305 4580 τ’ὴν
353 4509 542 4563 καλεῖν
599 4527 722 4564 τινα
779 4510 889 4565 τῶν
963 4511 1057 4564 ἐπὶ
1106 4513 1211 4583 γῆς
1268 4511 1772 4583 προσταττομένου,

202 4601 412 4672 Κύριον
466 4600 630 4656 αὑτὸν
683 4603 780 4656 καὶ
837 4602 971 4657 Θεὸν
1013 4602 1243 4657 ἐκάλουν
1293 4604 1390 4656 καὶ
1420 4603 1775 4671 διδάσκαλονς

216 4692 381 4749 Ἀλλά
410 4694 505 4748 καὶ
524 4696 553 4749 ὁ
572 4694 747 4750 ταῦτα
769 4695 951 4759 αὐτοῖς
982 4695 1315 4767 προστάξας,
1339 4695 1414 4760 ὡς
1436 4696 1616 4759 καλῶς
1645 4694 1779 4767 παρ’

205 4784 387 4838 αὐτῶν
443 4785 570 4839 τάδε
646 4786 917 4858 λεγόμενα
981 4786 1131 4859 αύτῷ
1186 4787 1517 4858 ἀπεδέχετο,
1568 4787 1771 4841 εἰπών·

220 4872 408 4940 Ὑμεῖς
438 4874 686 4941 φωνεῖτέ
716 4892 815 4944 με,
863 4878 897 4930 d
940 4877 1155 4945 Κύριος
1181 4877 1279 4930 καὶ
1316 4879 1350 4931 ὁ
1380 4874 1775 4941 διδάσκαλος,

203 4963 306 5017 καὶ
333 4963 533 5029 κακῶς
568 4964 774 5035 λέγετε
793 4981 806 4996 ·
853 4966 972 5035 ειμι
1004 4966 1117 5036 γάρ
1140 4982 1155 4996 ·
1196 4965 1395 5019 οὐκοῦν
1427 4965 1596 5032 σαφὲς
1625 4963 1698 5028 ὥς
1729 4966 1778 5018 εί

1876 3230 2165 3295 seremus?
2188 3230 2381 3284 Nonne
2407 3245 2532 3285 vere
2555 3228 3019 3285 considerandum
3046 3230 3118 3285 iis
3137 3231 3231 3300 qui
3262 3230 3330 3286 de
3354 3231 3460 3287 hoc

1872 3320 2124 3391 judicare
2153 3321 2386 3385 volunt,
2414 3320 2560 3376 unde
2592 3321 2725 3376 facti
2758 3321 3095 3391 prindipium
3120 3361 3135 3388 ,
3166 3323 3456 3391 cujbsnam

1877 3412 2139 3480 potentiae
2172 3413 2225 3466 vi
2255 3421 2472 3477 ortum,
2523 3412 2648 3482 quis
2677 3413 2874 3468 horum
2911 3414 3123 3482 primus
3171 3422 3336 3469 Causa
3379 3404 3501 3470 ef-I‘
3608 3420 3619 3427 ’

1878 3501 2112 3557 ﬁciens?
2138 3503 2253 3557 Nisi
2281 3505 2488 3559 etenim
2515 3505 2582 3559 ad
2614 3504 2732 3560 haec
2749 3505 3121 3571 attendamus,
3146 3505 3462 3562 diceremus

1876 3589 2107 3661 ﬂagrum
2141 3593 2333 3663 auriga
2365 3604 2651 3663 praestare,
2675 3596 2927 3666 sagittam
2958 3596 3264 3667 sagittario,
3292 3598 3462 3655 disci-

1878 3680 2070 3749 pulum
2113 3681 2378 3750 magistro
2407 3690 2483 3747 et,
2513 3691 2575 3736 ut
2603 3683 2679 3738 ita
2708 3685 2887 3738 dicam
2911 3725 2927 3749 ,
2958 3686 3128 3755 capiti
3164 3687 3335 3755 pedes
3361 3701 3462 3741 an-

1878 3780 2172 3827 tevertere.
2211 3773 2371 3828 Nunc
2422 3783 2606 3828 autem
2660 3775 2865 3830 aliter:
2897 3775 2965 3840 si,
3007 3784 3071 3831 ut
3107 3766 3458 3844 existimatis,

1877 3866 2000 3934 ejus
2027 3865 2289 3934 discipuli
2314 3906 2329 3930 ,
2354 3865 2450 3934 qui
2482 3881 2549 3920 ex
2581 3872 2729 3920 terra
2755 3875 2912 3934 erant
2938 3907 2953 3932 ,
2980 3883 3107 3923 eum
3138 3869 3242 3923 sibi
3270 3885 3459 3940 aequa-

1877 3956 1983 4010 lem
2019 3956 2361 4022 habuissent,
2390 3973 2561 4028 quare
2596 3973 2722 4013 cum
2753 3974 2945 4014 eorum
2973 3968 3028 4015 et
3051 3970 3241 4015 noster
3276 3962 3461 4016 Domi-

1878 4063 1984 4103 nus
2027 4047 2297 4103 vetuisset
2327 4065 2398 4104 ne
2426 4064 2590 4119 quem
2625 4049 2682 4103 in
2711 4049 2877 4104 terris
2911 4059 3178 4105 vocarent
3212 4060 3306 4106 aut
3356 4066 3457 4121 pa-

1880 4149 2041 4208 trem,
2071 4150 2167 4196 aut
2199 4142 2544 4211 magistrum,
2575 4149 2668 4195 aut
2692 4141 3007 4208 Dominum,
3039 4151 3460 4212 autprzncepto-

1881 4248 2020 4298 rem,
2072 4233 2150 4288 illi
2205 4248 2331 4288 eum
2362 4234 2542 4304 ipsum
2563 4234 2859 4297 vocabant,
2886 4233 3176 4287 Dominum
3202 4242 3259 4288 et
3284 4233 3458 4288 Deum

1879 4334 1937 4381 et
1968 4327 2405 4397 pmceptorem?
2457 4326 2565 4381 Sed
2596 4325 2699 4380 ille
2747 4325 2866 4395 ipse
2898 4325 2993 4395 qui
3027 4326 3219 4380 ita-cis
3245 4341 3457 4396 praece-

1881 4424 2060 4487 perat,
2112 4431 2235 4485 quae
2272 4416 2343 4470 ab
2379 4416 2461 4471 eis
2494 4416 2825 4471 dicebantur
2858 4425 2918 4471 ut
2969 4424 3121 4471 recte
3165 4417 3271 4471 sibi
3299 4418 3458 4471 attri-

1880 4506 2015 4561 buta
2043 4505 2298 4577 probavit
2319 4505 2554 4561 dicens:
2589 4502 2684 4560 Vos
2737 4507 2934 4560 vocatis
2975 4521 3095 4560 me:
3146 4504 3366 4560 Domine
3405 4513 3456 4559 et

1878 4599 2153 4670 Magister,
2183 4607 2230 4652 et
2252 4598 2380 4653 bene
2402 4598 2573 4653 dicitis
2602 4615 2619 4652 :
2652 4614 2769 4652 sum
2795 4599 2989 4652 etenim
3008 4598 3062 4665 ’ς
3096 4598 3243 4675 unde
3282 4600 3458 4669 liquet
3511 4651 3519 4667 κ

1880 4692 1928 4746 si
1954 4690 2157 4746 similia
2179 4699 2238 4745 et
2256 4690 2424 4746 etiam
2451 4690 2660 4760 majora
2689 4689 2756 4744 ab
2788 4689 2856 4744 iis
2882 4701 3180 4761 agerentur
3208 4706 3304 4745 eos
3329 4705 3460 4745 con-

1879 4782 2056 4838 fessos
2075 4797 2194 4838 esse
2206 4796 2317 4836 non
2336 4797 2403 4836 ex
2419 4782 2538 4852 pari
2556 4781 2804 4852 potentia
2819 4780 2995 4836 fuisse
3009 4781 3173 4844 facta,
3194 4780 3288 4835 sed
3303 4780 3371 4833 ab
3390 4796 3458 4834 eo

1882 4885 2141 4943 tanquam
2172 4888 2202 4928 a
2234 4873 2489 4937 Domino,
2511 4887 2543 4926 a
2572 4887 2631 4927 se
2658 4880 2842 4927 autem
2869 4880 3128 4942 tanquam
3155 4888 3185 4926 a
3210 4872 3385 4927 servis
3403 4879 3462 4926 et

1880 4963 2173 5018 ministris.

204 5058 302 5110 καὶ
333 5056 404 5109 τὰ
434 5055 629 5125 αὐτάῆ
659 5056 753 5109 καὶ
781 5057 1002 5126 μείζονα
1036 5058 1188 5128 παρὰ
1215 5058 1324 5111 τῶν
1386 5059 1568 5112 αὐτῶν
1614 5058 1842 5126 ἐγίνετο,
1879 5056 1979 5127 οὐχ
2034 5056 2236 5126 ὁμοίως
2288 5055 2410 5109 οὐδὲ
2446 5052 2507 5118 ἐξ
2559 5053 2760 5124 ὁμοίων
2790 5054 3041 5122 γίνεσθαι
3068 5054 3458 5139 ὡμολόγησανξ

203 5148 320 5203 ἀλλ’
356 5149 422 5201 ἐκ
451 5146 606 5201 τοῦδε
661 5148 782 5218 μὲν,
815 5148 890 5212 ὡς
940 5149 1149 5221 Κυρίου
1180 5149 1382 5214 αὐτῶν,
1414 5152 1480 5202 ὲκ
1525 5150 1693 5204 τῶνδε
1720 5149 1777 5202 δὲ
1813 5149 1888 5212 ὡς
1919 5147 2122 5202 δούλων
2148 5146 2312 5201 αὐτοῦ
2343 5148 2438 5201 καὶ
2466 5146 2817 5217 λειτουργῶν.
2970 5146 2981 5157 ’

275 5242 421 5314 Πλὴν
447 5244 541 5296 καὶ
571 5244 777 5297 τούτων
824 5245 904 5306 εἰς
954 5244 1176 5313 ἔλεγχον
1205 5243 1303 5311 τῆς
1334 5242 1638 5312 ἁποτομίας
1666 5243 1776 5295 τῶν

201 5332 512 5401 εἰρημένων
561 5332 712 5402 ὑμῖν,
761 5371 775 5386 .
819 5371 833 5385 .
877 5330 958 5384 ἔτι
1014 5331 1212 5401 μαθεῖν
1271 5332 1421 5401 ὅμως
1474 5330 1777 5402 βουλόμεθα

201 5414 334 5494 παρ’
366 5423 543 5493 ὑμῶν,
574 5424 677 5477 ποῦ
723 5423 756 5494 ἢ
804 5423 937 5477 πότε
964 5418 1110 5478 οὗτοι
1141 5426 1190 5477 εί
1222 5425 1316 5478 καὶ
1337 5424 1404 5477 τά
1437 5424 1596 5478 αὐτὰ.
1637 5463 1656 5479 .
1697 5461 1712 5476 .
1759 5463 1775 5478 .

203 5515 349 5570 κατὰ
375 5515 466 5569 τὸν
506 5516 668 5579 αὐτὸν
701 5517 904 5588 τρόπον
933 5516 1084 5587 αύτῷ
1113 5516 1287 5571 ταῦτα
1319 5515 1705 5589 προεϐάλοντο,
1737 5516 1771 5585 ἢ

280 5692 480 5748 ’Joan.
523 5709 642 5759 xm,
675 5694 761 5747 15.

1952 5243 2246 5306 Praeterea,
2263 5230 2345 5295 ‘ad
2477 5240 2858 5300 refutationem
2884 5244 3076 5295 eorum
3101 5255 3224 5309 qua:
3246 5254 3276 5293 a
3299 5238 3459 5293 vobis

1881 5332 2261 5387 dicuntur....’.
2297 5330 2511 5386 avobis
2532 5332 2699 5388 etiam
2739 5331 2954 5386 discere
2993 5331 3229 5385 velimus
3276 5329 3370 5383 ubi
3404 5339 3462 5385 et

1882 5422 2108 5495 quando
2138 5423 2217 5481 illi
2246 5424 2293 5479 si
2316 5424 2626 5479 eadem.....
2656 5423 2850 5480 eodem
2881 5422 3139 5478 modo’ac
3166 5423 3267 5492 ipsi
3303 5421 3454 5477 face-

1885 5522 2028 5580 rent,
2066 5515 2148 5568 vel
2170 5529 2228 5571 se
2256 5513 2496 5586 aequales
2528 5514 2608 5569 illi
2640 5513 2697 5570 in
2727 5513 2808 5570 eis
2842 5529 2962 5584 quae
2988 5529 3154 5584 supra
3186 5513 3464 5567 hominem
