3876 6310
117 216 247 284 1481

1096 214 1499 278 ADVERSUS’
1532 205 2082 274 NESTORIANOS‘.
2109 239 2169 249 —
2204 215 2351 277 LIB.
2394 216 2443 280 Ι.

3229 217 3370 284 1482

114 332 209 387 καὶ
260 328 334 399 τῇ
381 328 436 383 δέ
479 340 587 382 τινι
641 324 1150 397 μεταδίδονται,ὄτε
1203 322 1513 386 ἀσυνθέτως
1569 321 1684 392 ἔχει

1792 332 1987 378 cantur
2015 339 2140 378 cum
2174 325 2265 379 ille
2298 326 2393 395 qui
2421 325 2488 381 iis
2517 335 2668 384 caret
2689 340 2981 400 separatur
3007 331 3078 387 ab
3096 327 3165 388 eo
3188 334 3285 403 qui
3307 349 3375 390 ea

116 424 249 494 πρὸς
275 421 362 474 τὸν
393 419 605 491 ἔχοντα,
630 421 658 472 6
697 418 772 488 μὴ
798 418 938 487 ἔχων
979 416 1117 470 αὐτὰ
1146 416 1289 470 κατά
1317 415 1499 485 φύσιν,
1532 415 1565 485 ἢ
1594 415 1684 468 ὅτε

114 514 247 585 πρὸς
285 512 432 566 τόνδε
465 510 722 579 συνετέθη
747 527 761 572 ;
787 507 852 561 Τί
889 507 1088 579 δήποτε
1122 502 1237 572 οὖν,
1270 505 1483 561 πολλῶν
1516 505 1687 559 ὄντων

113 606 222 659 τῶν
266 602 576 657 ἀσυνθέτων
620 600 758 672 πρὸς
784 599 877 653 τὸν
917 598 1110 669 ἔχοντα
1147 599 1274 654 τάδε
1307 597 1574 669 φυσικῶς,
1606 599 1718 652 ἐνὶ·

118 698 263 768 μόνῳ
287 694 421 765 τῷδε
452 693 725 759 δέδονται;
766 691 875 745 ἰδοὺ
903 692 1012 761 γὰρ
1040 682 1099 744 ὲν
1130 691 1537 763 παραδείγματι
1563 689 1687 761 βλές-

110 804 305 857 πομεν,
341 786 415 848 ὡς
463 784 629 857 ἡνίκα
682 784 824 838 κατὰ
870 782 1034 852 φύσιν
1075 782 1303 854 συντεθῇ
1360 782 1422 835 τὸ
1453 781 1564 853 πῦρ
1610 780 1688 849 τῷ

108 884 335 954 σιδήρῳ,
380 881 507 949 τότε
554 878 955 950 πεπυρωμένος
999 876 1217 944 λέγεται
1264 877 1293 929 6
1342 874 1580 945 σίδηρος,
1626 873 1689 926 τδ

107 975 277 1045 ὄνομα
317 976 410 1027 καὶ
459 973 558 1043 τὴν
598 973 673 1036 ὡς
723 972 790 1026 ἄν
833 988 920 1034 τις
951 969 1096 1023 εῐποι
1137 968 1293 1035 ἀξίαν
1328 965 1565 1037 φυσικὴν
1592 964 1686 1019 τοῦ

106 1069 299 1139 πυρὸς,
332 1070 397 1121 ἐκ
433 1068 534 1138 τῆς
567 1066 870 1128 συνθέσεως
904 1062 1393 1136 προσκτησάμενος
1421 1079 1434 1091 ·
1476 1062 1571 1115 καὶ
1597 1061 1688 1115 ὅτε

105 1163 220 1235 φῶς
255 1162 334 1233 τῷ
366 1161 519 1215 ὕδατι
547 1159 837 1231 είσκραθὲν
868 1158 1029 1212 τοῦτο
1060 1157 1290 1226 φωτίσει
1342 1155 1484 1209 κατὰ
1506 1153 1690 1207 σύνθε-

103 1273 209 1315 σιν.
238 1253 652 1323 πεφωτισμένον
675 1250 1016 1322 ὀνομάζεται
1044 1249 1188 1321 ὕδωρ
1209 1265 1222 1279 ·
1257 1248 1355 1302 καὶ
1380 1248 1471 1300 ὅτε
1500 1245 1689 1317 χρυσῷ

100 1344 489 1415 ἐπιχριόμενος
537 1342 737 1412 δνωθῇ,
767 1341 888 1394 τότε
944 1339 1176 1412 χρύσεος
1214 1337 1471 1408 ἀνδριάς·⁸
1497 1336 1586 1389 ὅτε
1631 1335 1689 1389 δὲ

99 1437 178 1507 τῷ
212 1438 509 1506 σκεπάρνῳ
535 1437 615 1498 είς
643 1433 926 1502 ἐνέργειαν
958 1432 1123 1500 μόνον
1152 1431 1357 1502 χρῆται
1394 1429 1422 1482 6
1456 1429 1686 1492 τέκτων,

98 1529 156 1579 οὐ
179 1527 324 1580 κατά
354 1524 609 1593 σύνθεσιν
638 1524 879 1593 φυσικὴν
906 1521 1057 1593 αὐτῷ
1090 1520 1394 1594 ἡνωμένος,
1425 1520 1545 1572 τότε
1567 1517 1689 1571 οὐδὲ

98 1619 156 1671 τὸ
194 1619 372 1690 ὖνομα
416 1617 542 1672 οὐδὲ
583 1616 682 1687 τὴν
728 1615 888 1681 ἀξίαν
929 1614 1096 1668 αὐτοῦ
1135 1613 1464 1684 μεταδίδωσι
1494 1610 1571 1683 τῷ
1599 1612 1690 1683 όρ-

1787 415 2122 470 naturaliter
2154 416 2344 480 habet,
2391 433 2461 471 an
2516 433 2644 473 cum
2700 421 2750 475 ei
2790 423 3184 494 coniungitur?
3208 425 3375 492 Quo-

1789 508 1955 563 modo
1985 509 2193 575 autem,
2219 525 2344 564 cum
2376 519 2455 565 tot
2476 511 2587 566 sint
2609 516 2847 583 separati
2878 517 2946 572 ab
2971 533 3039 573 eo
3060 519 3156 588 qui
3185 534 3250 574 ca
3272 534 3375 575 m-

1790 601 2044 656 turaliter
2060 602 2341 667 habet,illi
2364 604 2466 659 soli
2495 604 2620 660 data
2651 605 3092 675 fuissent?Quod
3124 609 3179 664 in
3196 625 3377 673 exem-

1783 691 1897 762 plis
1930 693 2212 749 videmus:
2233 710 2358 750 cum
2384 711 2582 768 nempe
2608 698 2750 770 ignis
2775 703 3081 758 secundum
3118 714 3373 760 naturam

1789 784 1942 840 ferro
1995 787 2388 858 coniungitur,
2419 797 2555 846 tunc
2604 792 2834 863 ignitum
2892 795 3101 852 dicitur
3134 798 3374 866 ferrum,

1786 877 2016 932 nomine
2045 886 2100 933 et
2125 917 2141 945 ,
2179 889 2240 935 ut
2264 880 2337 935 ita
2368 882 2548 938 dicam
2574 924 2588 948 ,
2641 888 2883 942 naturali
2918 887 3187 960 dignitate
3234 891 3376 962 ignis

1790 980 2016 1039 accepta
2041 971 2094 1026 vi
2123 974 2570 1043 coniunctionis;
2618 976 2874 1034 similiter
2909 995 3037 1035 eum
3079 983 3177 1038 lux
3218 999 3376 1055 aqua:

1794 1060 2039 1118 immista
2065 1079 2187 1119 eam
2221 1062 2499 1122 illuminat
2527 1067 2576 1121 vi
2606 1071 3034 1140 coniunctionis,
3065 1074 3374 1132 illuminata

1790 1153 1996 1208 dicitur
2025 1170 2199 1225 aqua;
2232 1171 2451 1213 necnon
2496 1168 2553 1215 et
2581 1176 2707 1216 eum
2739 1173 2919 1219 statua
2954 1181 3089 1222 auro
3115 1165 3373 1234 illinitur,

1793 1251 1925 1299 tunc
1967 1254 2157 1301 aurata
2183 1247 2417 1316 dicitur;
2450 1266 2577 1306 cum
2610 1261 2794 1309 autem
2837 1257 2985 1311 ascia
3017 1258 3373 1318 instrumenti

1793 1344 2005 1391 tantum
2039 1337 2095 1393 in
2135 1339 2361 1395 modum
2401 1342 2578 1397 utitur
2604 1343 2764 1400 faber
2787 1388 2800 1411 ,
2836 1363 2948 1402 non
2987 1351 3037 1405 ci
3070 1352 3377 1408 secundum

1790 1438 2048 1482 naturam
2079 1430 2411 1502 coniunctus
2433 1474 2447 1497 ,
2484 1443 2823 1508 tuneneque
2854 1454 3057 1495 nomen
3083 1457 3243 1497 suum
3271 1460 3374 1498 ne-

1790 1530 1900 1601 que
1949 1516 2276 1588 dignitatem
2326 1520 2699 1580 instrumento
2748 1528 3161 1596 communicat,
3195 1547 3377 1603 neque

1791 1594 1865 1663 ab
1890 1607 2265 1667 instrumento
2295 1613 2501 1684 accipit
2530 1616 2874 1674 artifex.Sed
2904 1635 3087 1692 neque
3120 1594 3214 1679 rex
3240 1666 3255 1690 ,
3280 1594 3379 1680 aut

97 1709 282 1778 γάνῳ,
335 1709 368 1778 ἢ
414 1705 547 1775 παρ’
590 1704 756 1759 αὑτοῦ
820 1703 1193 1776 μεταλήψεται
1233 1705 1262 1757 6
1298 1700 1688 1775 ἐργαζόμενος.

1793 1698 2181 1758 nobilissimus
2208 1703 2447 1775 quisque
2466 1748 2480 1772 ,
2516 1707 2559 1761 si
2588 1724 2758 1764 unum
2788 1726 2817 1765 e
2844 1714 2961 1768 suis
2990 1715 3165 1770 servis
3203 1734 3379 1789 quan-

111 1800 253 1854 Ἀλλ’
270 1800 381 1853 οὐδ’
414 1800 444 1853 ὀ
485 1797 759 1869 βασιλεὺς,
792 1797 826 1868 ἢ
868 1797 1098 1867 εὐγενής
1146 1813 1230 1859 τις
1259 1793 1539 1849 ὁντιναοῦν
1576 1791 1688 1846 τῶν

96 1893 317 1948 οἰκείων
374 1891 729 1962 θεραπόντων
783 1891 830 1942 εί
879 1888 1264 1960 προσλάϐοιτο,
1297 1887 1392 1941 καὶ
1448 1883 1686 1939 οίαισοῦν

97 1983 274 2050 ἀξίαις
304 1984 553 2055 τιμήσει,
581 1980 724 2035 κατὰ
760 1980 922 2050 φύσιν
956 1981 1012 2033 δὲ
1039 1979 1188 2050 αὐτῷ
1220 1978 1295 2050 μὴ
1389 1977 1686 2045 συγκείμε-

95 2096 209 2143 νος,
241 2076 366 2131 οὓτε
400 2076 463 2130 τὺ
509 2075 699 2145 ὄνομα,
748 2072 871 2126 οὔτε
920 2074 1018 2142 τὴν
1056 2072 1214 2137 ἀξίαν
1245 2073 1340 2126 καὶ
1365 2069 1686 2125 δεσποτείαν

97 2171 199 2243 τὴν
236 2171 550 2242 βασιλικὴν,
580 2167 706 2222 οὔτε
740 2167 837 2239 τὴν
864 2166 1148 2235 εὐγένειαν
1178 2164 1345 2219 αὐτοῦ
1375 2163 1513 2234 τῷδε
1550 2179 1686 2230 συγ-

96 2265 405 2337 χωρήσειεν
428 2276 442 2291 °
474 2260 596 2314 οὐδὲ
632 2260 739 2329 γὰρ
772 2257 997 2311 δυνατόν
1021 2259 1170 2311 ἐστιν
1185 2254 1308 2337 οὐδὲ
1336 2255 1385 2307 εί
1421 2252 1683 2323 βούλοιτο,

95 2336 294 2426 ὥσπερ
344 2352 441 2407 οὖν
491 2350 868 2419 ὑποδείξομεν,
899 2350 1024 2403 ὅσον
1058 2347 1125 2402 ἂν
1176 2336 1514 2399 κάλλωπίσοι
1559 2342 1684 2397 τινα
1725 2415 1739 2426 .

96 2448 208 2504 τῶν
237 2447 389 2500 ίδὲων
417 2433 624 2507 ἵππων,
650 2443 937 2513 ἄνθρωπον
972 2439 1135 2492 αὐτὸν
1155 2436 1443 2509 ὀνομάζειν
1468 2433 1686 2504 ἀληθῶς

91 2538 232 2594 εἶναι
274 2535 710 2607 ὡμολογημένον
746 2533 1031 2603 ὀνόματος,
1067 2530 1160 2584 καὶ
1194 2530 1254 2583 οὗ
1281 2528 1376 2583 δύο
1407 2528 1516 2582 τῶν
1546 2527 1686 2598 ὑπὲρ

94 2637 272 2701 πάντα
302 2633 372 2687 τὰ
415 2630 619 2701 φυσικά
649 2629 890 2699 ὀνόματα
911 2644 925 2659 ο
963 2629 1092 2700 τρία
1122 2626 1233 2698 γὰρ
1266 2625 1360 2680 καὶ
1394 2625 1493 2696 οὐχ
1541 2622 1599 2676 ἓν
1634 2624 1686 2676 εἰ

94 2694 159 2780 τὲι
202 2720 555 2778 ὑποστατικά
599 2719 720 2773 θεῖα
773 2718 871 2772 καὶ
909 2717 1247 2789 ὑπερέχοντα
1284 2716 1357 2786 φῇ
1388 2731 1494 2778 τις,
1536 2715 1586 2765 τί
1619 2712 1686 2767 ἂν

91 2818 222 2874 ἄλλο
244 2818 411 2872 τοῦτο
443 2814 595 2868 ἔσται
626 2813 658 2883 ἢ
690 2813 719 2864 6
749 2810 883 2875 Θεὸς
904 2812 1000 2865 καὶ
1024 2811 1226 2881 Κύριος
1255 2811 1283 2863 6
1308 2807 1502 2879 φύσεις
1533 2807 1561 2861 ὃ
1599 2805 1688 2860 θέ-

96 2925 180 2962 σει
210 2910 321 2978 γὰρ
360 2903 489 2960 οὔτε
542 2903 689 2973 μόνῳ
732 2901 882 2972 αὐτῷ
924 2900 1188 2972 χαρισθὲν
1235 2898 1361 2953 οὔτε
1403 2900 1544 2970 ὑπὲρ
1578 2899 1687 2952 πᾶν

93 3000 276 3069 ὄνομά
308 2999 463 3050 ἐστι·
499 2992 712 3046 πολλῶν
743 2992 909 3045 ὄντων
944 2991 1086 3046 κατά
1119 3008 1174 3044 τι
1206 2991 1521 3060 λεγομένων
1548 2989 1686 3044 θεῶν

94 3112 154 3147 τε
185 3094 279 3146 καὶ
311 3088 521 3159 κυρίων
566 3088 624 3140 ἐν
662 3084 876 3156 οὐρανῷ
906 3101 966 3136 τε
1010 3084 1103 3138 καὶ
1134 3085 1226 3152 γῇ.
1273 3083 1335 3137 Ei
1377 3078 1469 3136 οὗν
1501 3081 1688 3152 ἕτερος

95 3184 259 3240 τοῦτο
311 3180 471 3236 λάϐοι
509 3178 663 3253 παρὰ
702 3179 794 3231 τὸν
833 3175 1002 3238 ὅντως
1052 3174 1214 3243 φύσει
1258 3173 1414 3234 Θεὸν,
1469 3171 1686 3242 ἀνάγκη

96 3280 251 3334 ἐστὶν
283 3277 318 3348 ἢ
342 3275 626 3345 ἀνώνυμον
663 3275 841 3343 μεῖναι
862 3271 952 3324 τὸν
981 3269 1216 3341 δόντα,ἢ
1251 3270 1307 3322 ἐν
1353 3267 1565 3338 θατέρῳ
1594 3266 1692 3319 αὐ·-

95 3370 207 3424 τῶν
239 3368 454 3439 ψευδῶς
485 3364 849 3436 ὀνομάζεσθαι
879 3362 1065 3416 λοιπὸν
1091 3360 1253 3415 τοῦτο
1276 3376 1290 3391 ·
1317 3360 1350 3433 ἢ
1377 3359 1487 3431 γάρ
1508 3361 1572 3413 ὲκ
1597 3357 1690 3411 τοῦ

97 3462 440 3533 προσφάτως
470 3458 601 3511 αὐτὸ
622 3454 992 3525 λαμϐάνοντος
1016 3452 1359 3522 έτεροουσίου
1387 3451 1560 3513 ὄντος.
1594 3449 1692 3503 καὶ

96 3554 159 3607 οὐ
201 3550 415 3621 κυρίως
466 3547 600 3602 αὐτὸ
650 3544 1018 3616 κτησαμένου,
1066 3543 1277 3614 ψευδῶς
1330 3542 1689 3614 κέκληται”ἢ

96 3647 192 3699 ἐπὶ
229 3642 328 3696 τοῦ
383 3639 574 3712 πρώην
617 3638 833 3708 ἔχοντος
892 3636 1044 3702 αὐτὸ,
1078 3638 1178 3690 οὐκ
1223 3634 1441 3706 ἀληθῶς
1469 3635 1689 3704 λέγεται

95 3736 311 3800 λοιπὸν,
331 3732 409 3797 ὡς
434 3732 629 3786 νεωστὶ
648 3729 1130 3801 ἀποκτησαμένου.
1154 3727 1250 3781 καὶ
1279 3728 1352 3798 μὴ
1382 3728 1687 3797 μείναντος,

100 3827 241 3898 μηδὲ
297 3825 358 3876 ὲν
390 3824 457 3894 τῇ
494 3822 602 3894 ἰδίᾳ
633 3822 792 3890 φύσει
843 3819 939 3873 τοῦ
977 3819 1261 3890 ὀνόματος.
1307 3819 1421 3871 Πᾶν
1450 3816 1559 3887 γὰρ
1589 3832 1692 3884 φυ-

97 3918 255 3973 σικδν
291 3914 481 3985 κύριον
530 3914 721 3983 ὄνομα,
761 3913 892 3983 μιᾶς
941 3913 1036 3965 καὶ
1079 3911 1140 3966 οὐ
1178 3911 1273 3964 δύο
1324 3910 1542 3980 φύσεων
1571 3909 1689 3964 διαά

95 4014 289 4083 φόρων
341 4007 525 4062 ἐστίν’
571 4008 605 4079 ἢ
645 4001 739 4060 οὖν
782 4006 843 4060 οὺ
880 4006 1088 4076 κυρίως
1134 4006 1228 4060 καὶ
1271 4002 1489 4074 ἀληθῶς
1533 4001 1692 4054 τοῦτο

93 4101 355 4159 δεδόσθαι
375 4098 596 4168 λέγεταί
627 4114 758 4164 τινι,
792 4097 825 4170 ἦ
852 4101 902 4151 εί
931 4097 1181 4166 ἅψευδῶς
1209 4096 1440 4159 δέδοται,
1473 4097 1539 4148 ἐκ
1561 4111 1689 4147 συν-

94 4197 309 4256 θέσεως
359 4192 526 4246 αὑτοῦ
559 4190 652 4244 τοῦ
693 4189 885 4244 τούτου
917 4191 1082 4261 μόνου
1113 4188 1330 4257 ἀληθῶς
1358 4187 1691 4259 ὀνομαζομέ-

95 4305 193 4342 νου
230 4284 359 4339 κατ’
386 4284 520 4338 αὐτὸ
558 4284 651 4336 καὶ
699 4283 835 4354 πρὸς
860 4282 921 4336 τὸ
956 4281 1157 4354 ἑτέρως
1184 4281 1466 4353 μετεδόθη.
1497 4280 1686 4345 Οὕτως

1796 1792 2091 1864 tiscunque
2130 1795 2440 1854 honoribus
2488 1802 2879 1869 cumulat-erit,
2926 1821 3030 1862 nec
3079 1816 3261 1865 tamen
3295 1812 3375 1867 illi

1790 1886 2184 1956 coniungatur,
2210 1904 2410 1946 nomen
2438 1932 2451 1957 ,
2479 1901 2574 1946 aut
2620 1894 2973 1964 dignitatem.
3027 1909 3123 1955 aut
3168 1903 3374 1972 regiam

1793 1983 2122 2044 potestatem
2150 2020 2164 2045 ,
2196 1989 2295 2035 aut
2323 1982 2672 2040 nobilitatem
2706 1986 2781 2041 illi
2811 1988 3097 2058 impertire
3133 2009 3374 2063 unquam

1776 2068 2015 2133 ’posset;
2067 2084 2177 2124 non
2223 2072 2375 2126 enim
2414 2074 2677 2144 possibile
2708 2087 2815 2141 est,
2847 2079 2950 2133 etsi
2984 2081 3135 2146 velit,
3163 2083 3245 2137 uti
3280 2100 3373 2138 οδε

1796 2156 2109 2224 tendemus,
2157 2164 2567 2230 quantumlibet
2593 2182 2766 2221 unum
2797 2183 2828 2222 e
2852 2170 2969 2225 suis
2996 2173 3156 2242 equis
3203 2174 3373 2231 deco-

1794 2252 1899 2311 ret,
1930 2248 2084 2303 illum
2114 2266 2313 2306 vocare
2344 2253 2626 2310 hominem
2657 2272 2872 2321 verum,
2904 2260 3177 2331 siquidem
3203 2281 3370 2321 unum
3428 2281 3461 2300 ὀ

1793 2339 2141 2398 solummodo
2191 2360 2395 2402 nomen
2428 2358 2748 2419 receptum,
2780 2367 2891 2407 non
2922 2366 3106 2411 autem
3131 2356 3243 2413 duo
3271 2375 3374 2429 pro

1794 2430 1881 2485 bis
1910 2448 2033 2502 quae
2059 2444 2191 2491 sunt
2208 2454 2376 2509 super
2399 2441 2585 2496 omnia
2608 2446 2882 2501 naturalia
2904 2448 3127 2519 nomina
3145 2468 3158 2519 ;
3178 2452 3223 2507 si
3248 2454 3374 2522 quis

1790 2524 2209 2595 enimtrcs,non
2243 2539 2426 2588 autem
2458 2550 2622 2591 unam
2658 2553 2949 2608 personam
2982 2547 3376 2612 praestantissi-

1792 2631 1936 2674 mam
1964 2618 2018 2674 in
2047 2620 2252 2678 divinis
2288 2624 2455 2692 dicat,
2489 2627 2623 2697 quid
2648 2631 2757 2686 nisi
2784 2632 2879 2701 qui
2904 2642 3104 2691 natura
3126 2637 3273 2695 Deus
3291 2647 3377 2695 est

1792 2719 1849 2763 et
1886 2708 2196 2767 Dominus?
2222 2713 2380 2780 Quod
2413 2716 2728 2787 adoptionis
2757 2730 2860 2788 est,
2896 2738 3077 2795 neque
3108 2727 3208 2783 soli
3238 2744 3375 2785 con-

1792 2800 1964 2866 venit,
2021 2819 2203 2875 neque
2258 2816 2346 2862 est
2393 2823 2561 2878 super
2611 2826 2775 2868 omne
2826 2830 3053 2885 nomen,
3106 2835 3232 2874 cum
3266 2821 3381 2878 sint

1799 2893 1963 2946 multi
1992 2894 2048 2948 in
2075 2896 2233 2951 ccelis
2259 2905 2315 2953 et
2346 2898 2400 2972 in
2437 2909 2586 2957 terra
2614 2904 2919 2960 secundum
2950 2908 3083 2977 quid
3115 2910 3248 2967 dicti
3284 2913 3374 2969 dei

1793 2995 1849 3040 et
1865 2986 2108 3056 domini;
2130 2989 2176 3044 si
2196 2990 2364 3061 igitur
2382 3007 2586 3049 nomen
2612 2995 2749 3051 illud
2773 2998 3009 3068 quilibet
3023 3002 3164 3058 alius
3179 3013 3378 3074 praeter

1793 3095 1985 3135 verum
1998 3080 2170 3136 Deum
2186 3087 2669 3153 usurpet,necesse
2680 3096 2766 3143 est
2778 3089 2865 3144 vel
2884 3089 3003 3148 sine
3014 3095 3238 3151 nomine
3251 3113 3377 3154 esse

1792 3185 1917 3225 eum
1941 3172 2034 3241 qui
2058 3172 2232 3239 dedit,
2257 3175 2343 3230 vel
2372 3174 2427 3230 in
2471 3176 2741 3235 alterutro
2772 3182 3006 3239 mendax
3026 3201 3147 3242 esse
3172 3204 3374 3246 nomen

1744 3328 1757 3339 1
1792 3262 1924 3317 illud
1952 3280 1966 3328 ;
1995 3264 2267 3336 siquidem
2297 3279 2393 3324 aut
2425 3267 2471 3323 is
2509 3270 2604 3340 qui
2639 3285 2833 3328 recens
2860 3277 3101 3346 accepit,
3129 3294 3255 3336 cum
3305 3286 3379 3339 sit

1796 3355 2031 3412 diversae
2084 3366 2318 3425 naturae,
2372 3376 2476 3417 nec
2530 3362 2753 3434 proprie
2791 3363 2977 3434 habet,
3031 3371 3379 3428 mendaciter

1789 3448 2126 3512 nominatur;
2152 3451 2246 3521 qui
2273 3461 2454 3508 autem
2485 3454 2794 3525 antiquitus
2819 3456 3112 3527 habuerat,
3126 3463 3238 3534 iam
3265 3481 3377 3521 non

1788 3551 1921 3590 vere
1970 3540 2310 3605 nominatur,
2360 3542 2565 3613 quippe
2595 3544 2693 3614 qui
2734 3556 2916 3616 nuper
2948 3549 3230 3617 alienavit,
3273 3570 3378 3612 nec

1790 3627 1845 3681 in
1875 3630 2098 3697 propria
2132 3632 2376 3687 nominis
2410 3644 2607 3689 natura
2642 3639 2970 3705 permansit.
3024 3640 3198 3698 Omne
3224 3648 3373 3701 enim

1789 3719 2072 3788 proprium
2096 3729 2152 3774 et
2180 3723 2431 3777 naturale
2459 3738 2684 3789 nomen,
2719 3726 2885 3782 unius
2918 3739 3129 3786 tantum
3161 3744 3375 3791 natum

1789 3824 1992 3866 nomen
2032 3818 2145 3877 est,
2181 3826 2294 3867 non
2338 3821 2525 3869 autem
2570 3816 2805 3873 duarum
2832 3819 3175 3879 diversarum
3207 3835 3370 3883 natu-

1791 3917 2012 3970 rarum;
2051 3903 2199 3960 unde
2246 3904 2333 3959 vel
2374 3920 2487 3962 non
2540 3917 2726 3978 potest
2755 3909 2864 3966 dici
2898 3915 3122 3985 proprie
3153 3925 3211 3973 et
3242 3935 3373 3976 vere

1790 3995 1956 4050 alicui
1986 4010 2109 4052 esse
2146 3997 2368 4063 datum,
2393 3999 2481 4055 vel
2517 4001 2561 4055 si
2597 4003 2822 4072 preprie
2850 4004 3040 4061 datum
3078 4010 3196 4075 est,
3235 4027 3374 4084 non.

1790 4085 1896 4141 nisi
1928 4103 1994 4142 ex
2028 4088 2419 4159 coniunctione
2452 4089 2603 4146 illius
2634 4095 2726 4162 qui
2762 4095 2913 4151 solus
2939 4112 3066 4153 vere
3096 4114 3163 4155 co
3188 4104 3370 4160 nomi-

1791 4188 1971 4244 natur,
1998 4196 2123 4236 eum
2154 4182 2265 4237 alio
2294 4182 2537 4251 diverso,
2572 4185 2762 4242 datum
2784 4196 2890 4243 est.
2929 4190 3021 4247 Sic
3049 4193 3197 4250 enim
3231 4205 3288 4252 et
3315 4197 3371 4254 in

1789 4272 1986 4326 eodem
2030 4273 2254 4343 proprio
2288 4274 2511 4331 nomine
2555 4284 2612 4331 et
2638 4278 2803 4333 simul
2847 4279 2901 4335 in
2936 4282 3046 4336 alio
3077 4286 3203 4351 erit,
3237 4303 3371 4358 pro-

94 4382 208 4450 γάρ
244 4373 344 4431 καὶ
372 4376 450 4430 ἔτι
478 4375 555 4447 τῷ
584 4375 735 4448 αὐτῷ
764 4366 1127 4445 ἐνυπάρχοντι
1148 4374 1371 4444 ὀνόματι
1395 4374 1491 4426 καὶ
1520 4374 1578 4426 ὲν
1610 4374 1688 4445 τῷ

1792 4370 1939 4434 ptcr‘
1969 4379 2096 4419 eum
2146 4366 2241 4436 qui
2287 4366 2344 4421 in
2398 4367 2518 4438 ipso
2547 4367 2724 4425 factus
2753 4380 2839 4426 cst
2879 4387 3030 4429 :non
3061 4377 3207 4432 enim
3242 4395 3373 4444 vero

94 4475 275 4539 ἑτέρῳ
324 4468 501 4535 ἔσται,
548 4468 638 4522 διὰ
681 4468 773 4522 τὸν
822 4467 1119 4535 γενόμενον
1163 4467 1222 4519 ὲν
1271 4464 1456 4536 αὐτῷ’
1487 4465 1548 4518 οὐ
1579 4469 1689 4535 γάρ

93 4564 218 4617 ἐστι
279 4578 337 4614 τι
385 4560 487 4630 τῆς
533 4559 749 4631 φύσεως
819 4558 989 4629 ὄνομα
1056 4556 1273 4628 ἀληθῶς
1331 4556 1690 4626 ὀνομάζεσθαι

93 4651 437 4723 ἀποχωροῦν
476 4652 568 4705 τοῦ
629 4651 761 4704 ἰδίου
788 4650 1151 4720 ὑποκειμένου
1174 4664 1188 4677 ·
1222 4648 1425 4719 ὁμοίως
1455 4648 1510 4703 δὲ
1545 4649 1636 4702 καὶ
1663 4650 1693 4701 ὁ

90 4745 194 4812 τῆς
231 4740 392 4808 ἀξίας
420 4742 515 4795 καὶ
540 4741 857 4804 δεσποτείας
889 4740 1046 4809 λόγος
1099 4739 1194 4795 καὶ
1228 4740 1294 4793 τὰ
1332 4740 1492 4794 λοιπά
1515 4741 1692 4794 πάντα

90 4840 327 4891 νοεῖται.
534 4884 535 4887 η

182 4927 346 4980 Ἐπεὶ
378 4920 471 4978 οὖν
496 4925 582 4979 διὰ
608 4926 784 4980 ταῦτα
807 4928 942 4996 ἡμῖν
978 4927 1078 4997 μὲν
1103 4926 1168 4980 ὲκ
1196 4925 1300 4994 τῆς
1337 4925 1553 4995 φύσεως
1601 4925 1689 4979 δο-

95 5022 271 5089 οῆναι
324 5018 419 5070 καί
451 5017 513 5070 τὸ
555 5018 656 5082 τῆς
687 5018 843 5084 ἀξίας
887 5017 1081 5087 ὄνομα,
1117 5018 1210 5071 καὶ
1233 5017 1395 5086 φύσιν
1421 5012 1559 5071 εἶναι
1590 5018 1691 5082 τὴν

95 5110 268 5176 ἀξίαν
298 5107 389 5160 ἐπὶ
443 5104 603 5169 Θεοῦ,
637 5107 701 5159 οὐ
740 5107 851 5178 γὰρ
888 5106 1183 5176 ῑπίκτητόν
1223 5124 1346 5160 τινα
1372 5106 1689 5180 περιϐολὴν,

94 5208 237 5270 ὑμῖν
274 5202 334 5256 δὲ
368 5202 443 5265 ὡς
472 5200 668 5261 ἔοικεν,
694 5200 818 5270 οὐχὶ
840 5198 1016 5253 ταῦτα
1043 5199 1219 5262 οὕτως
1243 5197 1387 5269 ἔχειν
1418 5199 1687 5268 φαίνεται,

93 5259 300 5349 cirrata
335 5289 389 5344 τί
425 5259 685 5361 ’μάλιστα
734 5259 988 5360 βδύλεσθε
1055 5259 1211 5358 {litati
1257 5259 1398 5342 (δεῖν
1472 5259 1689 5360 ἀληθῶέ

92 5382 273 5439 οῧσαν
306 5382 406 5451 τὴν
427 5379 572 5434 κατά
598 5378 835 5451 Χριστὸν
857 5377 1018 5444 ἀξίαν
1040 5377 1136 5432 καὶ
1163 5378 1486 5432 δεσποτείαν
1516 5380 1610 5431 καὶ
1631 5380 1692 5431 τὸ

93 5476 283 5542 ὄνομα
317 5490 329 5502 ο
375 5472 468 5524 καὶ
501 5469 736 5540 εἰδῶμεν
763 5469 812 5522 εί
846 5468 922 5538 μὴ
954 5468 1173 5531 πάντως
1202 5468 1325 5522 ὅσον
1350 5466 1417 5522 ἂν
1447 5469 1523 5541 τῷ
1556 5470 1689 5540 μᾶλ-

94 5569 190 5618 λον
221 5560 486 5632 ὑπερέχοι
508 5562 578 5613 τὰ
609 5559 730 5614 καθ’
757 5561 925 5630 ἡμᾶς,
953 5559 1323 5631 τὸλεγόμενον
1353 5560 1485 5632 παρ’
1514 5561 1686 5631 ὑμῶν,

97 5656 229 5715 ἐπεὶ
270 5650 405 5715 εἶδος
436 5650 593 5706 τοῦτο
621 5654 724 5708 οὐκ
754 5651 1098 5717 ἐξαλλάσσει.
1165 5652 1273 5704 Καὶ
1309 5653 1416 5723 sip
1451 5652 1515 5705 ἂν
1549 5652 1690 5707 οὓτω

372 5760 383 5767 '
434 5743 701 5802 Ριτιιοι..
748 5742 866 5800 Ωιι.
906 5743 1244 5805 LXXXVI.

1794 4456 1902 4512 dici
1936 4458 1988 4511 id
2022 4467 2203 4528 potest
2246 4474 2448 4515 nomen
2501 4469 2712 4518 natura:
2741 4465 2889 4535 quod
2919 4483 2949 4522 a
2981 4471 3206 4541 proprio
3241 4475 3375 4529 sub-

1787 4548 1937 4617 iecto
1991 4548 2273 4618 discedit;
2327 4551 2588 4609 similiter
2645 4565 2829 4611 autem
2889 4559 3249 4631 iudicandum
3301 4566 3372 4624 de

1794 4638 2056 4707 dignitate
2078 4649 2423 4713 etpotestate
2452 4654 2616 4714 atque
2652 4647 2878 4716 paribus
2916 4653 3149 4709 cmtcris.

1862 4913 1999 4969 Cum
2020 4911 2187 4981 igitur
2207 4911 2370 4968 nobis
2388 4911 2640 4968 videatur
2656 4928 2719 4968 ex
2745 4923 2936 4970 natura
2962 4917 3081 4976 dari
3105 4927 3160 4974 et
3182 4915 3363 4989 ipsum

1794 5002 2080 5073 dignitatis
2126 5017 2351 5068 nomen,
2403 5001 2727 5073 dignitatem
2777 5014 2962 5062 autem
3006 5022 3037 5065 a
3093 5014 3206 5069 Deo
3251 5028 3376 5072 esse

1793 5106 2081 5163 naturam;
2104 5110 2211 5151 non
2234 5094 2381 5150 enim
2407 5095 2741 5166 acquisitum
2767 5100 3059 5169 quemdam
3079 5104 3375 5169 amictum;
3420 5132 3459 5193 σαί

1792 5190 1954 5245 vobis
1979 5204 2113 5244 vero
2140 5203 2250 5243 non
2294 5186 2391 5252 ita,
2420 5194 2483 5242 ut
2531 5186 2727 5269 liquet,
2754 5189 2976 5246 videtur
3000 5206 3014 5245 :
3042 5193 3209 5251 dicite
3244 5209 3378 5265 ergo

1793 5282 1925 5354 quid
1969 5281 2189 5338 tandem
2222 5295 2324 5337 nos
2355 5279 2541 5336 velitis
2568 5296 2797 5338 censere
2822 5281 2890 5338 de
2913 5299 3042 5339 vera
3062 5283 3265 5343 Christi
3291 5283 3375 5341 di-

1793 5376 2000 5446 gnitate
2047 5385 2105 5432 ct
2157 5383 2466 5446 potestate,
2511 5372 2644 5446 quid
2694 5375 2761 5429 de
2819 5390 2955 5431 vero
2994 5379 3218 5434 nomine
3276 5387 3375 5436 :t-t
3413 5450 3423 5458 .

1795 5470 2035 5525 sciamus
2067 5484 2135 5523 an
2188 5482 2297 5523 non
2348 5468 2763 5539 quummaxime
2817 5477 3038 5539 prsesth
3089 5468 3239 5543 quod
3275 5486 3378 5528 nos

1794 5558 2034 5616 dicimus
2059 5559 2319 5614 omnibus
2347 5573 2469 5629 qua:
2505 5574 2533 5611 a
2574 5557 2734 5612 vobis
2779 5559 3063 5628 dicuntur,
3102 5561 3377 5636 siquidem

1797 5652 2005 5723 species
2043 5652 2133 5705 illa
2162 5667 2270 5706 non
2305 5658 2571 5705 mutatur.
2607 5649 2697 5705 Sic
2725 5652 2871 5705 enim
2905 5653 3085 5715 omnis
3108 5653 3389 5714 homoa'b"

2884 5743 2909 5781 Ι.
2920 5747 2955 5781 ‘7

2879 5764 2946 5803 ιιι
