3876 6310
91 430 238 498 1182)
280 378 293 389 ἢ

84 639 332 704 ἓνωσις,
400 644 436 713 ἡ
484 643 757 716 διαφόρων
804 643 1018 715 φύσεων
1071 647 1152 711 είς
1219 646 1436 718 φύσεως
1498 649 1690 721 γέννη-

88 750 179 787 σιν
238 737 582 809 καινοτέρας
642 738 992 803 συνέλευσις·
1050 740 1239 814 ὥσπερ
1293 745 1326 815 ἡ
1379 744 1478 815 τῆς
1509 743 1691 816 ψυχῆς

85 826 188 878 καὶ
244 826 347 879 τοῦ
410 825 669 897 σώματος
733 829 936 898 φύσις,
1008 833 1088 894 είς
1137 831 1423 904 ἀνθρώπου
1497 833 1688 902 φύσιν,

86 915 190 969 καὶ
269 916 389 971 τῶν
452 918 498 975 δ’
551 920 834 991 στοιχείων
910 924 990 986 εἰς
1077 924 1278 996 σαρκὸς
1344 925 1529 994 φύσιν,
1596 924 1692 980 καὶ

83 1009 365 1065 πλειόνων
404 1011 559 1065 ποῶν
589 1013 668 1075 είς
697 1012 1050 1084 ὲμπλάστρου
1083 1014 1248 1083 φύσιν
1281 1035 1294 1049 ·
1326 1017 1450 1087 ἥτις
1480 1017 1573 1070 καὶ
1604 1012 1691 1076 λέτὶ

80 1117 251 1169 γεται
284 1100 352 1171 δη
363 1103 872 1174 μιουργική.Ἀλλη
903 1104 962 1158 δὲ
991 1104 1210 1173 λέγεται
1238 1107 1449 1179 φυσικὴ
1472 1106 1688 1171 ἓνωσις,

84 1192 119 1262 η
153 1192 290 1245 καθ’
333 1193 648 1250 ὑπόστασιν
675 1195 804 1264 μίαν
840 1195 1105 1251 πλειόνων
1145 1196 1362 1266 φύσεων
1411 1198 1688 1269 συνδρομὴ

82 1286 187 1339 καὶ
240 1288 326 1349 είς
350 1286 527 1357 φύσιν
553 1289 702 1359 μίανο
727 1283 886 1359 οἷονή
910 1290 1001 1343 τοῦ
1019 1291 1161 1344 κατὰ
1185 1290 1339 1361 τήνδε
1360 1291 1456 1360 τὴν
1477 1292 1690 1362 ἡμέραν

83 1376 277 1445 φωτὸς
338 1378 441 1430 καὶ
475 1379 637 1449 ἀέρος
680 1380 787 1432 τῶν
828 1380 1045 1449 φύσεων
1090 1381 1379 1451 συμπλοκή
1410 1397 1424 1411 ’
1462 1381 1557 1437 καὶ
1591 1383 1689 1436 τοῦ

85 1463 272 1533 πυρὸς
332 1466 434 1517 καὶ
490 1467 708 1537 σιδήρου
756 1469 949 1532 ἕνωσις
1002 1469 1207 1540 φυσικὴ
1261 1469 1528 1541 λεγομένη
1558 1513 1573 1537 ,
1614 1471 1691 1536 ὡς

87 1557 238 1608 κατὰ
271 1555 379 1618 τὰς
418 1556 616 1625 φύσεις
651 1559 831 1613 αὐτῶν
865 1561 956 1613 καὶ
986 1561 1045 1613 ού
1082 1561 1225 1614 κατά
1260 1578 1383 1615 τινα
1409 1564 1691 1633 συμϐεῆηο

86 1646 228 1699 κάτα
265 1647 465 1711 αὐτοῖς
499 1648 634 1703 οὖσα
667 1649 865 1715 ἒνωσις
908 1651 1108 1707 αὐτῶν.
1144 1653 1265 1717 Πῶς
1296 1648 1390 1707 οῦν
1414 1656 1693 1725 παρατρὲο

84 1755 288 1808 χοντες
322 1739 403 1810 μὴ
466 1742 706 1795 συνιέναι
751 1742 875 1796 καθ’
906 1744 971 1815 ἢν
1011 1744 1189 1814 φαμὲν
1221 1743 1418 1797 ἕνωσιν
1451 1746 1690 1818 φυσικὴν

79 1828 181 1881 τοῦ
212 1829 403 1898 Λόγου
438 1832 543 1901 τὴν
569 1833 851 1905 σάρκωσιν
879 1836 1060 1905 ἡμεῖς,
1091 1835 1215 1888 καθ’
1242 1837 1315 1906 ἢν
1341 1837 1519 1891 ἄτοπα
1555 1840 1686 1909 ὑμῖν

1090 444 1486 509 ADVERSUS
1523 445 2068 523 nasrommos.
2095 418 2165 488 -ἑ
2201 451 2348 513 LlB.
2393 451 2440 510 Ι.

89 547 211 608 λον.
254 549 358 605 καὶ
418 549 594 607 τππου
625 550 765 625 πρὸς
797 552 962 608 ἵππον
995 568 1008 583 ·
1028 554 1207 625 ,ἑτέρα
1236 556 1291 610 δέ
1324 559 1439 610 ἐστι
1482 558 1689 628 φυσικὴ

1801 561 2068 629 Speciem,
2098 577 2453 633 personarum
2479 542 2843 626 diversarum,
2879 570 2936 616 ut
2970 561 3146 631 angeli
3175 560 3371 617 ad'au-
3424 553 3437 577 ⁸

1793 651 1996 722 gelum,
2042 652 2168 722 equi
2213 650 2290 707 ad'
2325 667 2566 722 equum;
2622 652 2794 707 altera
2841 666 3063 722 quoque
3102 653 3371 711 naturalis

1794 743 1951 809 unio,
1984 744 2370 799 concurrentia
2405 744 2618 799 scilicet
2660 743 3011 799 diversarum
3043 736 3368 798 naturarum

1793 831 1860 886 ad
1892 831 2310 901 productionem
2342 832 2623 902 cujusdam
2652 847 2807 887 nova:
2829 840 3058 894 naturae,
3082 831 3226 886 sicut
3254 831 3369 885 ani-

1793 938 1895 978 mae
1923 931 1979 977 et
2006 924 2254 994 corporis
2280 933 2475 979 natura
2505 924 2572 978 ad
2594 923 2836 979 hominis
2868 930 3120 977 naturam
3158 922 3368 978 consti-

1795 1014 2076 1081 tuendam,
2104 1024 2160 1071 et
2183 1023 2421 1085 quatuor
2451 1016 2851 1070 elementorum
2879 1005 2947 1069 ad
2988 1013 3173 1069 carnis
3204 1022 3369 1068 natu-

1794 1122 1933 1172 ram,
1955 1116 2009 1163 et
2036 1108 2274 1178 plurium
2298 1108 2592 1163 herbarum
2624 1107 2692 1163 ad
2735 1106 3313 1176 emplastri'naturam
3345 1123 3391 1156 :-

1792 1213 1913 1267 qum
1947 1198 2077 1252 unio
2118 1197 2323 1253 dicitur
2363 1198 2757 1263 constitutiva;
2803 1196 2972 1250 altera
3002 1209 3136 1249 vero
3165 1193 3372 1248 dicitur
3402 1224 3405 1227 λ

1791 1289 2061 1344 naturalis
2099 1290 2252 1349 unio,
2274 1305 2399 1343 cum
2418 1290 2629 1344 scilicet
2650 1289 2836 1359 plures
2872 1294 3084 1341 naturae,
3109 1282 3164 1339 in
3203 1299 3367 1339 unam

1791 1394 2069 1444 naturam,
2118 1380 2424 1434 secundum
2465 1364 2793 1449 personam,
2836 1378 3174 1438 coalescunt,
3225 1376 3387 1430 sicut

1793 1470 2107 1539 coniunctio
2140 1478 2352 1524 naturae
2402 1465 2545 1522 lucis
2589 1476 2647 1522 et
2685 1474 2897 1520 natum
2928 1465 3073 1519 aeris
3115 1463 3182 1518 ad
3223 1463 3368 1517 diem

1792 1560 2239 1631 producendum;
2272 1560 2413 1631 ignis
2439 1560 2604 1614 etiam
2638 1567 2695 1613 et
2721 1556 2855 1612 ferri
2878 1555 3143 1610 naturalis
3166 1554 3372 1609 dicitur

1793 1651 1947 1717 unio,
1986 1649 2114 1720 quia
2146 1652 2223 1716 Iit,
2277 1665 2384 1704 non
2419 1664 2517 1719 per
2569 1647 2752 1718 aliqua
2795 1662 2989 1702 eorum
3039 1645 3367 1708 accidentia,

1792 1742 1887 1797 sed
1928 1758 2028 1812 per
2057 1743 2203 1812 ipsas
2230 1756 2425 1797 eorum
2456 1748 2681 1794 naturas
2719 1755 2732 1792 :
2784 1737 3062 1807 quomodo
3095 1751 3227 1806 ergo
3258 1736 3368 1790 re-

1792 1845 2027 1888 nuentes
2051 1832 2358 1902 intelligere
2396 1828 2700 1886 secundum
2729 1842 3025 1898 quamnam
3061 1826 3403 1883 naturalem.

81 1900 507 1993 συρῤάψουσιν
537 1923 612 1988 ὡς
645 1900 756 1979 ’καὶ
787 1900 1281 1997 τοῖς-ἳεϐηρίταις,
1312 1928 1455 1982 κατὰ
1482 1900 1687 2001 ταύτην

1801 1923 2052 1980 unionem
2098 1900 2271 1976 Verbi
2302 1918 2738 1976 incarnationem
2791 1914 3140 1977 confitemur,
3176 1930 3369 1970 secun-

82 2012 413 2083 ὲνδέχονται
468 2014 589 2068 τάδε
640 2016 934 2087 λεγόμενον
988 2019 1082 2073 καὶ
1123 2017 1214 2086 ὑφ’
1251 2018 1410 2088 ἡμῶν
1437 2036 1465 2085 ;_
1489 2021 1605 2074 ἀλλ’
1631 2024 1689 2076 ὲν

81 2105 267 2157 τοῖσδε
331 2098 1031 2180 ούτωτῖκαταλελυμένοι
1068 2149 1082 2174 ,
1130 2108 1225 2163 καί
1271 2126 1325 2163 τι
1391 2106 1691 2182 δεινότερον

86 2196 406 2270 πρόϐλημα
476 2198 620 2252 κατὰ
686 2201 787 2271 τῆς
822 2200 1131 2272 -ήμετέρας
1190 2198 1430 2264 πίστεως
1485 2203 1688 2257 τοιόνδε

86 2286 288 2355 φασίν.

688 2384 939 2442 ΚΕΦΛΛ.
998 2385 1122 2440 Kl".

165 2473 299 2529 Ὀτι
331 2475 366 2546 ή
403 2474 530 2529 καθ’
561 2475 859 2529 ὑπόστασιν
901 2476 1171 2543 σύνθεσις,
1207 2479 1386 2532 είτουν
1429 2477 1525 2531 τοῦ
1554 2475 1688 2531 Θεοῦ

90 2566 238 2637 πρὸς
289 2566 608 2637 ἄνθρωπον,
641 2567 673 2638 ἧ
705 2568 845 2639 ὑπὲρ
876 2568 1039 2637 φύσιν
1068 2570 1188 2623 ζιεστὶ⁸
1213 2571 1313 2641 τῆς
1346 2570 1622 2641 θεότητος,
1654 2570 1687 2640 ἢ

92 2658 253 2729 παρὰ
308 2657 502 2726 φύσιν,
538 2658 571 2729 ἢ
599 2658 739 2712 κατὰ
768 2659 928 2728 φύσιν
960 2700 974 2726 ,
1008 2661 1122 2730 εἴγε
1166 2660 1337 2725 ὅντως
1382 2660 1541 2714 ἔστιν’
1570 2659 1688 2714 ἀλλ’

92 2752 143 2805 εί
178 2752 284 2822 μὲν
325 2751 476 2820 ὑπὲρ
502 2751 664 2821 φύσιν
696 2751 838 2815 αὕτη
865 2755 1003 2817 εστὶ,
1046 2753 1296 2825 μείζονός
1316 2771 1376 2808 τε
1404 2753 1689 2823 δυνάμεως

93 2842 365 2914 ἔργονείς
394 2843 569 2914 αὐτὴν
598 2844 817 2913 γέγονε,
837 2846 932 2899 καὶ
957 2847 1038 2910 είς
1065 2846 1127 2900 τὸ
1150 2847 1292 2919 ὑπὲρ
1321 2846 1491 2915 αὐτὴν
1520 2845 1689 2916 ηὐξή-

92 2934 186 3006 θη,
217 2936 319 2989 καὶ
344 2936 453 2988 οὐκ
479 2935 694 3006 ἀληθῶς
720 2936 1127 3014 παντοδύναμος
1160 2936 1323 3008 αῦτη,
1355 2938 1476 2991 οὐδὲ
1508 2937 1689 2993 πάντα
1726 2972 1727 2975 η

88 3024 259 3093 λόγον
289 3024 666 3094 ὑπερέχουσα.
701 3026 764 3077 Εἰ
788 3025 845 3078 δὲ
879 3025 1033 3096 παρὰ
1062 3027 1226 3095 φύσιν
1249 3026 1386 3099 αὕτη
1417 3027 1558 3094 ἐστὶ,
1581 3027 1692 3098 χεί-
1724 3064 1727 3067 -

95 3132 210 3187 ρων
231 3131 294 3167 τε
326 3104 507 3182 αὐτῆς
530 3114 742 3183 γέγονε,
763 3115 858 3168 καὶ
881 3117 1092 3187 τρεπτὴ
1118 3117 1403 3184 δέδεικται,
1434 3120 1529 3173 καὶ
1554 3120 1690 3191 πρὸς

1792 2012 1923 2069 dum
1953 2013 2109 2067 illam
2130 2026 2293 2082 quam
2334 2011 2542 2066 insulse
2580 2008 2864 2065 vobiscum
2888 2017 2945 2063 et
2973 2021 3096 2061 cum
3121 2005 3373 2063 Severia—
3417 1993 3424 1999 ’

1790 2104 1879 2159 nis
1902 2111 2375 2168 commentantur,
2407 2103 2576 2157 verba
2610 2110 2800 2157 nostra
2830 2099 3151 2171 accipiunt?
3179 2098 3274 2155 sed
3310 2100 3366 2153 in
3396 2143 3403 2161 ._

1793 2196 1944 2252 hisce
1966 2197 2047 2251 sic
2075 2196 2312 2251 conﬂicti
2338 2195 2457 2251 haec
2484 2193 2818 2251 terribiliora
2850 2193 2905 2247 in
2929 2191 3097 2253 fidem
3124 2200 3399 2255 nostram“

1789 2287 1968 2360 jacula
1998 2286 2365 2358 detorquent.
2450 2311 2454 2316 ι
2558 2316 2561 2319 ι

2388 2381 2540 2436 CAP.
2581 2377 2770 2434 XXIII.

1860 2470 2195 2543 Conjunctio
2220 2470 2526 2527 secundum
2558 2484 2870 2540 personam,
2898 2482 2995 2522 seu
3031 2466 3163 2521 unio
3194 2465 3288 2520 Dei
3315 2473 3371 2519 et

1791 2563 2033 2619 hominis
2053 2603 2068 2628 ,
2093 2563 2181 2618 vel
2207 2571 2292 2619 est
2306 2576 2473 2633 supra
2492 2571 2741 2617 naturam
2768 2559 3191 2624 divinitatis,vel
3218 2567 3371 2614 extra

1789 2662 2068 2719 naturam,
2120 2654 2206 2709 vel
2251 2652 2555 2709 secundum
2582 2660 2861 2717 naturam,
2914 2652 2960 2706 si
3011 2659 3194 2705 tamen
3238 2663 3371 2703 vere

1790 2746 2038 2815 exsistit;
2068 2746 2165 2803 sed
2206 2747 2252 2801 si
2302 2761 2470 2817 supra
2518 2753 2792 2810 naturam,
2845 2743 2901 2797 in
2945 2757 3010 2797 ea
3053 2740 3373 2812 supervenit

1790 2857 1930 2911 opus
1962 2841 2185 2912 majoris
2223 2840 2504 2911 potentize,
2532 2849 2589 2894 et
2616 2852 2782 2908 super
2814 2851 2873 2892 se
2899 2843 3059 2890 aucta
3079 2843 3194 2899 est;
3227 2832 3372 2888 unde

1790 2949 1900 2991 non
1933 2941 2019 2990 est
2042 2931 2412 3003 omnipotens,
2440 2944 2544 2985 nec
2574 2943 2793 2984 omnem
2834 2926 3101 2982 rationem
3133 2924 3368 2980 excedit.

1792 3026 1849 3083 Si
1894 3035 2078 3082 autem
2109 3032 2265 3080 extra
2290 3030 2568 3088 naturam,
2598 3020 2778 3089 seipsa
2810 3018 2994 3072 minor
3026 3016 3166 3071 facta
3199 3024 3285 3071 est
3317 3026 3373 3070 et

1791 3119 2075 3174 mutabilis
2091 3124 2339 3189 apparet,
2371 3122 2427 3171 et
2448 3115 2504 3169 in
2527 3110 2973 3169 extenuationem
2997 3110 3221 3181 delapsa
3245 3115 3369 3174 est;

94 3208 301 3278 ὕφεσιν
332 3206 688 3278 κατηνέχϐηο
718 3211 766 3260 εἰ
822 3207 877 3261 δὲ
938 3208 1077 3263 κατὰ
1131 3208 1296 3278 φύσιν
1337 3209 1474 3281 αὕτη
1520 3213 1686 3274 ἐστὶν,

1801 3211 1835 3267 9i
1857 3211 2161 3281 verojuxta
2192 3216 2470 3271 naturam,
2497 3220 2679 3275 neque
2708 3220 2773 3259 ex
2801 3202 2977 3275 gratia
3008 3200 3173 3256 Verbi
3196 3201 3391 3255 incar--

97 3302 228 3355 οὕτε
257 3300 455 3371 χάριτι
484 3301 518 3372 ή
553 3300 828 3372 σάρκωσις
851 3300 947 3356 τοῦ
976 3304 1172 3371 Λόγου,
1204 3301 1328 3357 οὔτε
1385 3305 1543 3374 μόνου
1597 3304 1689 3358 τοῦ

102 3390 239 3446 Υίοῦ
265 3434 282 3457 ,
306 3391 448 3447 ἀλλὰ
480 3393 573 3446 καὶ
605 3393 701 3447 τοῦ
736 3395 949 3466 Πατρος
985 3394 1081 3448 καὶ
1113 3394 1207 3449 τοῦ
1240 3394 1556 3466 Πνεύματος
1598 3397 1691 3452 τοῦ

104 3482 297 3551 ἁγίου.
338 3484 408 3536 Τί
456 3484 513 3536 δὲ
563 3483 671 3554 ἄρα
702 3486 791 3537 καὶ
830 3485 976 3540 κατὰ
1005 3472 1181 3555 φύσιν
1207 3482 1366 3551 οὖσα,
1399 3486 1567 3541 πάλαι
1594 3488 1695 3557 μὲν

102 3572 207 3624 οὐκ
235 3571 482 3640 ἐγένετο,
514 3572 608 3624 νῦν
633 3572 690 3626 δὲ
723 3572 992 3644 ἐπράχθη,
1025 3573 1099 3636 ὡς
1133 3573 1357 3638 ἀτελοῦς
1378 3574 1502 3628 τότε
1529 3573 1694 3647 οὔσης

103 3664 211 3735 τῆς
235 3664 480 3734 φύσεως,
513 3664 610 3721 καὶ
640 3665 704 3717 ἐκ
734 3663 827 3718 τοῦ
863 3664 1093 3734 δυνάμει
1127 3667 1207 3730 είς
1233 3666 1293 3720 τὸ
1316 3666 1568 3738 ἐνεργείᾳ
1599 3666 1695 3723 νῦν

110 3755 529 3827 προαχθείσης
557 3756 619 3809 El
650 3755 706 3809 δὲ
761 3755 939 3809 πάντα
988 3755 1168 3809 ἄτοπά
1225 3756 1372 3809 ἐστιν
1393 3758 1485 3810 ἐπὶ
1534 3756 1694 3821 Θεοῦ,

107 3847 240 3902 ἄνευ
277 3847 343 3901 δὲ
382 3847 603 3901 vetitum-
640 3845 893 3901 ἑνοῦσθαι
930 3845 1124 3917 φύσεις
1163 3847 1263 3900 οὐκ
1296 3845 1467 3909 ἔστιν,
1504 3847 1536 3918 ἢ
1574 3848 1698 3901 ἀτό-

109 3956 234 4002 πως
262 3937 559 4008 ἥνωται,ἢ
600 3938 698 4009 οὐχ
726 3938 951 4009 ἥνωται,
991 3938 1149 4008 φησὶ,
1179 3937 1301 3991 καθ’
1336 3938 1632 3993 ὑπόστασιν
1662 3940 1696 4010 ἡ

116 4028 242 4084 θεία
294 4031 459 4099 φύσις
498 4030 661 4102 ἑτέρᾳ
688 4029 871 4098 φύσει.
907 4029 1092 4085 Ταῦτα
1116 4029 1183 4084 ἂν
1215 4030 1390 4097 οὓτως
1425 4026 1593 4102 εῖχεν,
1624 4033 1699 4098 εί,

113 4121 311 4183 ἁπλῶς
368 4122 569 4185 παντὸς
627 4124 953 4193 πράγματος
978 4122 1302 4195 γινομένου,
1336 4122 1498 4192 φύσις
1534 4119 1601 4196 ἦν
1635 4122 1704 4179 ἰδ’

112 4213 391 4285 προσεχὲς
424 4215 596 4268 αίτιον
618 4231 632 4245 ο
663 4215 726 4267 τὸ
762 4214 872 4285 γὰρ
907 4214 984 4284 μὴ
1022 4213 1281 4284 νήχεσθαι
1315 4214 1438 4275 καθ’
1477 4214 1694 4283 ὓδατος,

112 4308 147 4376 ἢ
180 4306 258 4378 μὴ
289 4305 569 4376 κυϐιστᾷν,
594 4306 627 4378 ἢ
657 4305 995 4360 καλωΰατεϊν
1018 4305 1164 4360 τόνδε
1195 4306 1318 4361 τινὰ
1370 4308 1460 4362 τὸν
1488 4308 1698 4380 ἄνθρω-

114 4416 240 4465 πον,
273 4398 330 4452 τί
356 4397 423 4452 ἄν
459 4398 604 4452 εἴποι
625 4415 708 4462 τις
743 4399 826 4452 ὅτι
863 4398 1005 4470 ὑπὲρ
1035 4398 1197 4469 φύσιν
1231 4400 1382 4469 αὐτῷ
1405 4402 1524 4454 ὲσ-τι
1556 4417 1571 4465 ;
1602 4403 1698 4456 καὶ

120 4492 232 4563 μὴν
285 4490 536 4563 ὀμοφυὴς
585 4489 736 4561 αὐτῷ
777 4491 903 4545 τάδε
952 4491 1230 4562 πράττει·
1261 4492 1377 4546 ἀλλ’
1407 4493 1490 4547 ὃτι
1547 4471 1697 4566 ποιρᾶ

1799 3302 1971 3366 natio,
1992 3315 2172 3370 neque
2194 3299 2367 3354 solius
2384 3297 2532 3362 Filii,
2550 3295 2646 3352 sed
2664 3304 2719 3350 et
2739 3292 3372 3364 PatrisetSpiritussan-

1800 3393 1904 3447 cti:
1930 3393 2024 3448 sed
2046 3400 2103 3448 et
2122 3407 2245 3457 cur,
2270 3389 2315 3445 si
2337 3390 2405 3445 sit
2427 3390 2582 3460 juxta
2604 3396 2880 3452 naturam,
2898 3402 3010 3441 non
3041 3394 3201 3440 antea
3232 3383 3372 3437 facta

1799 3496 1902 3551 est,
1927 3486 2021 3543 sed
2043 3503 2212 3550 nunc,
2229 3486 2386 3557 quasi
2409 3492 2607 3541 natura
2632 3485 2791 3556 prius
2813 3482 3132 3554 imperfecta
3155 3479 3370 3537 fuisset.

1799 3587 1857 3633 et
1892 3594 2041 3634 nunc
2085 3578 2154 3633 de
2185 3577 2435 3649 potentia
2468 3576 2538 3635 ad
2592 3586 2778 3633 actum
2833 3573 3119 3631 transierit
3148 3571 3304 3628 ?Sed
3329 3572 3373 3627 si

1802 3673 1986 3724 omnia
2009 3670 2124 3725 haec
2162 3670 2216 3724 in
2250 3669 2363 3725 Deo
2404 3676 2534 3724 sunt
2556 3667 2817 3730 absurda,
2852 3681 2957 3721 nec
2982 3665 3196 3736 possint
3214 3663 3375 3718 aliter

1803 3762 2061 3834 conjungi
2082 3770 2316 3829 naturae,
2335 3761 2423 3815 vel
2447 3759 2685 3815 absurde
2704 3759 3075 3829 conjungitur,
3090 3757 3391 3831 inquiunt,

1803 3854 1889 3911 vel
1928 3853 2154 3909 omnino
2197 3869 2309 3907 non
2358 3851 2711 3922 conjungitur
2742 3857 2939 3904 natura
2983 3848 3169 3903 divina
3216 3848 3400 3902 alteri:

1804 3953 2036 4005 naturae.
2076 3941 2186 3998 Sed
2235 3944 2310 4003 ita
2361 3948 2510 3998 esset
2561 3942 2629 4007 si,
2691 3941 2796 3995 hoc
2842 3939 3165 4009 simpliciter
3208 3937 3403 4005 facto,’

1803 4043 2001 4091 natura
2047 4043 2193 4089 esset
2245 4049 2412 4091 causa
2448 4032 2764 4089 itmnediata
2798 4049 2812 4086 :
2848 4026 3086 4101 namque
3133 4047 3243 4086 non
3277 4046 3377 4085 ηει-

1805 4136 1919 4183 tare
1950 4127 2004 4181 in
2040 4127 2216 4197 aquis.
2247 4143 2357 4182 non
2388 4126 2442 4181 in
2486 4132 2652 4195 caput
2687 4125 2907 4190 saltare,
2943 4135 3040 4181 aut
3071 4124 3127 4179 in
3158 4124 3374 4179 rudenti

1805 4219 2087 4275 ambulare
2124 4220 2334 4281 huncce
2378 4219 2682 4285 hominem,
2728 4218 3006 4290 quomodo
3065 4217 3191 4290 quis
3232 4216 3381 4283 dicat

1807 4312 1923 4368 haec
1976 4328 2140 4384 supra
2189 4320 2442 4369 naturam
2495 4314 2615 4383 ejus
2679 4312 2849 4368 esse?
2907 4310 3180 4382 siquidem
3237 4310 3379 4373 alius

1806 4404 2050 4475 ejusdem
2090 4412 2299 4459 natura:
2329 4404 2443 4460 haec
2472 4403 2640 4458 facit:
2673 4411 2768 4459 aut
2790 4412 2944 4459 extra
2970 4411 3223 4457 naturam
3240 4401 3377 4464 ?,se;l

1807 4494 1953 4566 quod
1992 4510 2057 4550 ea
2094 4510 2204 4549 non
2250 4493 2401 4559 facit,
2446 4510 2555 4549 non
2598 4495 2783 4549 minus
2825 4509 2893 4551 eo
2933 4501 3019 4549 est
3052 4493 3255 4561 homo;
3285 4505 3381 4547 aut

119 4583 289 4653 φύσιν
317 4601 332 4650 ;
357 4583 450 4638 καὶ
480 4582 587 4655 μὴν
632 4583 784 4638 οὐδὲν
811 4578 975 4655 ἦττον
1004 4582 1289 4654 ἄνθρωπός
1322 4586 1437 4645 ἐστι
1491 4587 1586 4641 καὶ
1619 4587 1695 4658 μὴ

1801 4584 2101 4641 secundum
2136 4585 2432 4641 naturam?
2464 4585 2560 4640 sed
2608 4585 2888 4656 quomodo
2929 4585 3024 4656 qui
3064 4601 3173 4640 non
3208 4593 3378 4647 natat,

122 4676 383 4746 πράττων
437 4675 562 4730 τάδε
586 4692 600 4706 σ
632 4674 749 4729 ἀλλ’
799 4675 881 4729 ὅτι
940 4677 1082 4729 κατὰ
1113 4676 1314 4747 φύσινς
1349 4676 1445 4731 καὶ
1477 4676 1595 4741 πῶς
1628 4678 1704 4751 μὴ

122 4766 426 4837 νηχόμενος
459 4768 492 4840 ἢ
528 4767 822 4835 κυϐιστῶν,
855 4768 888 4840 ἢ
922 4768 1256 4825 ωωὸατῶν
1288 4769 1346 4823 ὲν
1395 4770 1509 4835 τοῖς
1562 4769 1705 4828 κατὰ

124 4859 292 4928 φύσιν
316 4859 468 4913 οὐδὲν
500 4859 719 4914 ἔλαττον
747 4861 934 4929 ἕσται;
969 4862 1178 4916 Οὐκοῦν
1214 4861 1401 4932 σαφῶς
1432 4860 1574 4916 κατὰ
1605 4864 1705 4932 τὴν

123 4950 376 5005 εὐδοκίαν
425 4952 541 5006 ἐστὶ
574 4952 703 5009 τάδε
742 4953 843 5022 τῆς
901 4953 1155 5024 φύσεως,
1203 4942 1298 5011 διαὶ
1325 4955 1386 5008 ού
1439 4953 1581 5009 κατὰ
1608 4953 1706 5026 τῦιρο

128 5041 292 5112 φύσιν
314 5043 407 5097 τοῦ
425 5044 769 5107 εὐδοκοῦντος
793 5044 906 5116 ἔχει
932 5046 1029 5117 τὴν
1056 5046 1233 5103 αἰτίαν
1259 5046 1509 5115 πρώτως.
1535 5047 1708 5100 Τινῶν

126 5135 239 5205 γὰρ
271 5135 535 5188 ἐναντίων
584 5135 731 5205 ἁρχὴ
776 5136 870 5188 καὶ
903 5136 1145 5203 ἐξουσία,
1170 5138 1204 5207 ἡ
1233 5138 1428 5207 γνώμη
1463 5139 1582 5192 ἐστὶ
1610 5139 1707 5192 καὶ

128 5225 229 5293 οὐχ
261 5225 294 5293 ἡ
352 5222 533 5293 φύσις.
575 5224 718 5279 Ἀλλ’
754 5223 916 5295 αῦτη,
950 5227 1107 5296 φησὶ,
1160 5230 1203 5297 ὴ.
1226 5226 1420 5291 ἓνωσις
1445 5227 1539 5281 τοῦ
1567 5227 1704 5281 Θεοῦ

129 5313 255 5367 καθ’
285 5315 431 5385 ἡμᾶς
481 5317 682 5387 φυσικῇ
735 5315 983 5370 συνθέσει
1015 5317 1353 5390 ἀπετελέσθη
1382 5333 1395 5348 ·
1424 5317 1621 5392 γνώμῃ
1651 5320 1708 5373 δὲ

135 5406 241 5478 ἰδίᾳ
274 5406 437 5476 φύσις
466 5407 563 5477 οὐχ
607 5408 995 5463 ὑποτέτακται.
1035 5411 1109 5463 Οὐ
1144 5412 1254 5483 γὰρ
1306 5412 1429 5464 ἐπεὶ
1485 5412 1704 5465 εὐδοκία

133 5502 254 5553 ἐστὶ
309 5499 528 5563 πολλοῖς
581 5499 932 5571 ἀδαμαντένῳ
963 5503 996 5567 ἢ
1041 5502 1212 5575 ἀερίῳ
1241 5501 1454 5573 σώματι
1484 5507 1707 5573 συγκεῖ-

104 5591 260 5656 κσθαι
294 5592 475 5647 αὐτῶν
500 5593 598 5663 τὴν
629 5592 790 5662 φύσιν
813 5593 912 5664 τῆς
940 5594 1138 5666 ψυχῆς,
1158 5597 1260 5667 ἤδη
1284 5597 1374 5649 καὶ
1401 5597 1705 5665 σὺγκειται·

135 5684 250 5738 ἀλλ’
282 5685 451 5748 ὅντως
502 5683 677 5747 οὔτως
730 5685 843 5757 ἔχει
911 5686 1056 5753 τάδε,
1082 5672 1272 5758 ὲφ⁹’ὧν
1300 5689 1480 5760 ἥττων
1504 5691 1710 5761 ἐστὶνὴ

135 5778 351 5833 εὐδοκία
408 5781 476 5853 τῇ
503 5778 733 5851 δυνάμει
790 5780 889 5851 τῆς
938 5780 1152 5848 φύσεως
1185 5781 1278 5835 τοῦ
1305 5775 1651 5844 εὐδοκοῦντος
1692 5801 1705 5814 ι

134 5870 255 5924 οὐδὲ
284 5873 386 5942 γὰρ
419 5875 464 5925 οἱ
490 5872 643 5936 πεζοὶ
677 5872 955 5941 πτηνῶσαι
981 5875 1205 5939 ἐπυτοῦς
1236 5873 1497 5945 ἰσχύομει
1524 5875 1705 5944 φύσει,

1804 4693 1915 4733 non
1950 4677 2005 4732 in
2055 4686 2219 4749 caput
2259 4678 2603 4745 saltat,_aut
2652 4677 3023 4740 funeincedit,
3045 4692 3155 4731 non
3201 4676 3383 4729 minus

1804 4783 1926 4845 qua:
1956 4770 2086 4823 sun’t
2118 4767 2423 4829 secundum
2469 4776 2721 4823 naturam
2764 4769 2871 4823 alia
2913 4767 3180 4822 habebit?
3209 4767 3384 4821 Mani-

1806 4850 1943 4917 {este
2008 4860 2175 4932 igitur
2219 4860 2335 4915 haec
2396 4869 2526 4915 sunt
2600 4859 2907 4916 secundum
2975 4858 3383 4929 beneplacitum

1806 4961 2036 5017 naturae,
2056 4966 2165 5004 non
2197 4949 2250 5004 in
2278 4960 2473 5006 natura
2504 4950 2883 5005 benevolentis
2905 4965 3125 5005 causam
3153 4949 3384 5018 primam

1807 5043 2034 5098 habent.
2064 5041 2322 5113 Regimen
2354 5042 2499 5097 enim
2523 5050 2842 5112 etpotestas
2860 5057 3047 5096 rerum
3077 5041 3387 5097 contraria.

1809 5150 1952 5200 rum,
1977 5135 2233 5189 voluntas
2253 5142 2358 5197 est,
2376 5149 2484 5187 non
2510 5142 2727 5188 natura.
2755 5133 2995 5198 Sed,ait,
3023 5133 3112 5187 illa
3136 5132 3270 5186 unio
3287 5132 3385 5187 Dei

1811 5226 2097 5280 nobiscum
2120 5224 2356 5281 naturali
2374 5225 2761 5295 conjunctione
2781 5224 2883 5279 fuit
2902 5225 3171 5295 perfecta:
3190 5233 3384 5277 natura

1811 5328 1993 5373 autem
2027 5318 2263 5393 propriae
2301 5317 2571 5375 voluntati
2605 5333 2713 5372 non
2749 5318 3017 5389 subjacet.
3063 5314 3390 5371 Volentibns

1810 5413 1960 5469 enim
1981 5410 2494 5481 plurimisanimam
2523 5425 2675 5465 suam
2713 5410 2970 5481 conjungi
3003 5425 3128 5465 eum
3156 5423 3389 5480 corpore

1813 5503 2166 5561 adamantino
2179 5511 2271 5562 aut
2286 5503 2546 5567 mthereo,
2570 5518 2677 5557 non
2701 5513 2784 5558 est
2808 5504 2860 5558 in
2880 5517 3073 5557 eorum
3093 5509 3386 5572 potestate;

1815 5596 1888 5649 ita
1915 5604 2097 5652 autem
2131 5603 2236 5660 est,
2267 5596 2397 5665 quia
2422 5594 2673 5651 voluntas
2698 5595 2877 5649 minor
2911 5602 2995 5648 est
3030 5602 3237 5649 natura:
3271 5604 3391 5665 pst-

1813 5697 2005 5744 estate.
2038 5688 2157 5742 Non
2186 5688 2332 5742 enim
2363 5702 2488 5741 cum
2522 5687 2803 5757 pedestres
2822 5687 3244 5750 simus,natura
3268 5703 3392 5758 pus-

1816 5798 2006 5836 sumus
2030 5797 2130 5837 nos
2160 5781 2259 5837 alis
2297 5782 2595 5846 instruere,
2632 5780 2881 5851 quamvis
2925 5770 3155 5833 volitare
3205 5779 3393 5846 cupia-

1819 5891 1959 5927 mus.
1994 5874 2099 5927 Sed
2147 5873 2198 5927 in
2232 5873 2342 5926 Dt‘u
2384 5872 2637 5925 voluntas
2674 5880 2727 5925 et
2765 5880 2965 5924 natura
2988 5869 3233 5939 ejusdem
3262 5876 3389 5920 sunt

3234 426 3429 513 1565‘
3482 470 3490 475 ε
