3876 6310
56 313 216 381 1497
1082 328 1475 390 ADVERSUS
1514 326 1745 390 NESTO

1858 328 2062 389 Alvos.
2102 355 2175 409 -έ
2210 332 2356 392 LIB.
2401 332 2451 394 ι.
3264 333 3421 409 μοι

50 430 195 484 οὐδὲ
233 432 267 485 6
313 429 520 501 Λόγος
556 432 723 502 φύσει
755 432 1059 506 ἄνθρωπος’
1092 439 1142 490 εἰ
1185 439 1242 493 δὲ
1282 440 1359 512 μὴ
1391 443 1570 511 φύσει,
1608 442 1720 497 οὐδ’

1858 439 2062 494 'erbum
2090 451 2283 496 natura
2305 457 2426 498 esse
2441 443 2749 499 hominem:
2768 446 2813 501 si
2845 456 3026 501 autem
3049 462 3156 504 nou
3178 460 3398 508 natura.

57 519 190 590 ἄρα
222 522 607 578 ὑποστάσει.
633 518 779 593 'Apa
809 520 902 580 οὖν
925 527 1042 581 εἴτι
1070 528 1144 600 μὴ
1169 530 1328 599 φύσει
1359 534 1575 599 ταύτὴν,
1602 533 1726 588 οὐδὲ

1858 547 1930 586 nec
1955 541 2105 587 certe
2129 533 2431 588 secundum
2459 548 2772 603 personam.
2801 533 2955 602 Quod
2988 551 3097 591 non
3138 547 3225 593 est
3255 537 3401 593 idem

59 612 462 681 ὑποστάσεις
498 615 562 669 τι
602 611 694 671 οὖν
732 618 855 670 ἐπεὶ
879 618 971 671 τοῦ
997 620 1166 674 ἵππου
1196 624 1229 693 ή
1262 610 1408 695 ﬁxi;
1439 625 1499 678 ού
1530 627 1727 679 ταυτὸν

1858 631 2045 687 latura,
2093 638 2278 677 nonne
2332 623 2635 678 secundum
2684 611 2976 695 personam
3018 641 3138 681 esse
3184 630 3405 696 potest?

62 703 142 771 τῇ
183 702 377 771 φύσει
421 705 534 759 τοῦ
598 707 851 776 σώματος
899 712 1091 774 αὑτοῦ,
1125 716 1284 787 εἴπερ
1321 718 1355 786 ὴ
1394 719 1491 787 μὲν
1523 736 1729 788 κινητι-

1858 713 1970 778 Quid
2018 714 2204 768 enim?
2246 715 2373 784 equi
2405 716 2586 770 anima
2624 732 2733 771 non
2780 726 2867 772 est
2902 718 3047 773 idem
3097 728 3292 774 natura
3341 736 3403 774 ac

66 792 181 855 κὸς
207 788 274 866 ᾖ,
312 795 351 865 ἡ
398 795 466 848 δὲ
516 797 803 869 ἀκίνητοςο
840 801 961 854 οὐδὲ
1005 805 1111 874 ἄρα
1156 808 1219 875 τῇ
1260 807 1587 874 ὑποστάσει;
1620 811 1731 863 Καὶ

1858 820 2030 873 :orpus
2079 806 2221 875 ejus,
2272 821 2398 860 cum
2461 806 2607 863 istud
2662 808 2734 863 sit
2787 810 3013 874 mobile,
3067 811 3156 865 illa
3219 819 3402 866 autem

71 880 218 973 επεὶ
260 884 331 936 οὐ
390 889 619 940 ταυτὸν
666 893 732 961 τῇ
790 890 949 957 φύσει
1000 894 1114 962 φῶς
1174 899 1263 952 καὶ
1315 899 1445 969 ἀὴρ,
1495 901 1613 953 οὐδὲ
1662 904 1728 973 τῇ

1858 896 2127 952 inmobilis
2153 914 2166 949 ι
2196 913 2375 953 nonne
2401 899 2582 955 tamen
2597 900 2903 956 secundum
2928 901 3257 971 personam?
3286 901 3404 957 Non

76 972 432 1071 ὑποστάσει
470 979 539 1032 ὲν
582 979 768 1051 ἡμέρᾳ
806 981 865 1035 ἓν
906 986 1065 1071 εἰσιντ
1099 985 1235 1039 ἀλλὰ
1262 985 1541 1059 διώρισται
1570 972 1733 1060 am;

1858 987 1976 1041 dem
2012 997 2207 1060 natura
2231 990 2325 1044 lux
2350 1000 2405 1046 et
2439 1008 2554 1056 aer,
2576 1008 2753 1063 neque
2788 994 3090 1049 secundum
3117 1010 3408 1064 personam

78 1076 230 1119 Αων.
852 1122 861 1127 ,
1398 1140 1411 1145 θ
1834 1081 1888 1135 in
1935 1080 2025 1136 die
2078 1097 2249 1137 unum
2297 1093 2447 1148 sunt,
2490 1085 2585 1139 sed
2630 1086 2699 1139 ab
2749 1086 2984 1141 invicem
3034 1086 3317 1142 diﬂeruut.

2401 1193 2553 1249 CAP.
2599 1195 2817 1250 XXXII.

1903 1282 2017 1352 Ego
2051 1298 2170 1336 sum
2193 1291 2249 1338 et
2276 1300 2384 1339 non
2417 1296 2621 1343 mutor.
2648 1288 2848 1341 clamat
2868 1289 3044 1353 Deus;
3097 1288 3249 1343 carui
3279 1303 3411 1342 con.

1830 1374 2079 1445 jungitur
2101 1375 2338 1429 Verbum
2369 1378 2671 1431 secundum
2694 1392 3007 1445 personam,
3034 1380 3231 1432 clamat
3249 1377 3411 1449 [Egy-

1835 1463 1985 1533 ptius
2021 1482 2033 1517 :
2066 1464 2159 1532 qui
2195 1463 2461 1536 Cyrillum
2513 1481 2642 1519 vera
2674 1465 2950 1519 dicentem
2997 1465 3219 1533 recipit,
3253 1480 3409 1518 men-

745 1188 994 1242 ΚΕΦΛΛ.
1028 1189 1151 1244 AB'.
1538 1214 1543 1219 ν
1616 1214 1621 1217 ·
1732 1220 1737 1229 ι

184 1266 356 1336 Ἐγώ
386 1273 529 1344 εἰμι
565 1276 661 1329 καὶ
691 1278 790 1331 οὐκ
818 1279 1152 1349 ἡλλοξωμαι,
1190 1281 1287 1353 βοᾷ
1314 1283 1343 1335 ὀ
1370 1283 1532 1347 Θεός’
1569 1284 1735 1355 σαρκὶ

95 1358 243 1412 καθ’
282 1362 625 1420 ὑπόστασιν
668 1369 872 1440 ἥνωται
908 1371 936 1423 6
970 1373 1164 1439 Λόγος,
1209 1372 1308 1445 βοᾷ
1340 1376 1368 1427 ό
1399 1375 1694 1441 Αἰγύπτιος
1717 1392 1731 1407 ο

94 1451 128 1502 6
160 1450 508 1523 δεχόμενος
540 1460 635 1511 τὸν
663 1460 931 1531 Κύριλλον
959 1463 1339 1532 ἀληθεύσαντα
1364 1467 1464 1536 li),
1495 1466 1735 1536 ψεύστην

98 1544 268 1596 ποιεῖ
325 1546 435 1599 τὸν
486 1549 646 1604 Θεόν.
692 1551 749 1605 '0
779 1548 872 1607 οὖν
901 1554 1072 1621 Λόγος
1117 1554 1225 1625 ἄρα
1255 1555 1541 1625 ὲνούμενος
1572 1558 1737 1624 σαρκὶ

1858 1552 2029 1609 lacem
2055 1554 2185 1609 facit
2208 1555 2400 1609 Deum.
2429 1553 2486 1609 Si
2520 1555 2689 1624 igitur
2712 1555 2974 1619 Verbum,
2994 1554 3143 1610 carni
3168 1552 3407 1609 unitum.

100 1631 223 1684 xiv
287 1636 447 1710 μένῃ
506 1642 702 1709 Λόγος,
739 1644 1096 1712 ἀλογοῦνταιο
1138 1645 1171 1716 ἢ
1212 1645 1288 1717 μὴ
1326 1645 1504 1715 μένων
1536 1647 1734 1715 Λόγος.

1858 1654 2082 1708 'emanet
2104 1644 2365 1707 Verbum,
2393 1644 2636 1699 absurde
2660 1644 3003 1713 loquuntur;
3032 1644 3074 1698 si
3094 1651 3278 1709 autem
3302 1656 3411 1696 non

104 1722 221 1778 κᾶν
253 1727 368 1797 οὐχ
402 1730 629 1787 ἑνοῦται
660 1735 844 1803 σαρκὶ,
878 1736 999 1789 τότε
1022 1735 1334 1807 ἠλλοίωται.
1367 1738 1429 1791 El
1457 1740 1564 1810 γὰρ
1591 1740 1623 1809 ἡ
1648 1739 1735 1793 ἓν·

1858 1743 2087 1791 ἐηιειηοι
2139 1735 2401 1802 Verbum,
2455 1735 2709 1806 quamvis
2755 1750 2866 1789 non
2911 1735 3061 1789 carni
3136 1734 3409 1794 uniretur.

107 1831 260 1923 ωσις
313 1821 627 1889 ἀλλοίωσὶς
660 1828 808 1881 ἐστιν
840 1827 1031 1892 ἁπλῶς
1051 1868 1067 1894 ,
1125 1831 1273 1884 πᾶσα
1299 1831 1444 1904 ψυχὴ
1471 1833 1734 1889 ὲνωθεῖσα

1858 1835 2105 1882 nutatum
2137 1830 2240 1882 est.
2276 1826 2333 1882 Si
2359 1828 2507 1882 enim
2541 1827 2669 1882 unio
2701 1826 3024 1895 simpliciter
3051 1833 3135 1879 est
3161 1822 3406 1885 mutatio,

112 1915 363 1980 σώματι
398 1915 719 1985 ἠλλοίωται.

751 2030 999 2088 ΚΕΦΑΛ.
1035 2032 1159 2087 ΛΡ.
1840 2086 1843 2089 ,

198 2114 284 2169 Σὺ
341 2119 375 2171 6
432 2120 603 2184 αὐτὸς
645 2116 729 2186 εἴ,
773 2121 872 2194 βοᾷ
907 2123 935 2175 6
965 2124 1252 2195 προφήτης
1282 2125 1412 2195 περὶ
1440 2126 1534 2178 τοῦ
1561 2126 1698 2180 Θεοῦ
1721 2144 1735 2160 ·

120 2205 376 2280 ἀντισοᾷ
417 2212 449 2265 ὁ
482 2211 779 2279 Αἰγύπτιος
813 2212 889 2283 τῷ
919 2215 1176 2287 προφήτῃ
1203 2217 1317 2277 τοῖς
1341 2215 1605 2284 δόγμασι·
1640 2218 1737 2282 Σὺ,

120 2296 152 2349 6
185 2297 369 2364 αὐτὸς
411 2303 520 2356 οὑκ
552 2299 604 2356 εἷ
623 2320 639 2334 ·
676 2304 907 2372 γέγονας
935 2305 1044 2376 γὰρ
1072 2305 1194 2360 καθ’
1225 2306 1525 2361 ὑπόστασιν
1552 2307 1740 2381 ἔτερος

123 2387 156 2440 6
187 2389 299 2444 οὐκ
330 2388 432 2462 ἦς.
469 2396 613 2466 ’Λρα
640 2395 732 2450 οῦν
762 2396 1150 2451 κατακαέντων
1180 2398 1251 2452 τὰ
1278 2400 1505 2469 σώματα
1530 2401 1740 2455 πολλῶν

134 2484 468 2555 μαρτύρων
497 2526 513 2550 ,
584 2490 703 2551 ταῖς
755 2488 812 2541 δὲ
866 2489 1065 2559 ψυχαῖς
1124 2491 1218 2544 καὶ
1267 2494 1380 2555 τοῖς
1432 2494 1739 2563 πνεύμασιν

134 2574 389 2640 ἑαυτοὺς
447 2578 891 2647 ἑμφανιζόντων,
946 2580 1039 2634 καὶ
1087 2581 1556 2654 θαυματουργίαις
1584 2585 1739 2639 πλεί-

138 2676 305 2728 σταις
358 2668 592 2733 ἑαυτοὺς
622 2672 751 2741 ἡμῖν
782 2672 876 2724 καὶ
903 2672 1022 2725 νυνὶ¹
1049 2671 1259 2737 ζῶντας
1289 2676 1737 2740 συνιστανόντων,

138 2753 413 2827 εἴποιμεν
443 2760 628 2824 αὐτοῖς
647 2776 660 2790 ο
680 2761 869 2832 Ὑμεῖς
900 2763 948 2816 0i
974 2765 1128 2817 αὐτοὶ
1156 2766 1257 2819 οὐκ
1282 2767 1405 2826 ἐιστέ
1430 2784 1443 2798 ·
1477 2768 1739 2834 γεγόνατε

144 2843 263 2915 γὰρ
284 2850 420 2903 καθ’
451 2852 751 2906 ὑπόστασιν
779 2854 1011 2926 ἄσαρκοι
1039 2855 1068 2909 6
1091 2856 1192 2910 οὐκ
1213 2852 1330 2929 ἦτε.
1367 2859 1476 2913 Καὶ
1501 2859 1664 2913 αὐτὸν
1684 2860 1741 2913 δὲ

145 2932 402 3004 Χριστὸν
425 2943 455 2993 6
500 2944 575 3010 μὴ
614 2943 903 3010 γινώσκων
937 2947 1122 2999 οὐκέτι
1158 2948 1301 3002 κατὰ
1332 2950 1532 3019 σάρκα,
1569 2952 1618 3003 εἰ
1648 2952 1741 3005 καὶ

1858 2953 1887 3007 si
1934 2950 2157 3021 quando
2200 2960 2392 3020 postea
2434 2948 2738 3019 cognoscit,
2792 2928 2976 3003 nonne
3020 2943 3415 3002 eumdem‘sed

150 3024 304 3094 εγνω
332 3032 490 3096 ποτὲ,
527 3028 636 3104 ἆρά
667 3051 731 3101 γε
756 3036 856 3089 οὐκ
883 3037 1065 3103 αὑτὸν,
1097 3039 1211 3091 ἀλλ’
1236 3040 1423 3110 ἕτερον
1449 3039 1736 3110 γινώσκεις

1858 3044 2012 3098 ilium
2054 3041 2392 3112 cognoscet?
2419 3039 2552 3106 Quis
2591 3040 2742 3094 hisce
2784 3036 3149 3094 ass'enti'etur?
3179 3037 3417 3092 Verbum

151 3114 274 3170 Καὶ
290 3118 378 3179 τις
407 3122 435 3174 6
453 3122 627 3175 τοῖσδε
642 3125 1051 3194 συντιθέμενοςς
1082 3127 1142 3180 Ὀ
1161 3107 1443 3196 Λόγος-οῦν
1462 3107 1607 3201 σὰρξ
1629 3107 1743 3198 ἐγέζ

1858 3135 2012 3205 igitur
2039 3107 2169 3187 caro
2194 3131 2399 3187 factum
2420 3138 2526 3195 est,
2554 3136 2612 3185 et
2640 3129 2785 3185 idem
2806 3140 2891 3184 est
2919 3141 2976 3184 et
3003 3128 3198 3186 eodem
3229 3125 3414 3182 modo.

156 3222 309 3278 νετο,
348 3212 449 3266 καὶ
479 3215 507 3268 6
536 3214 697 3279 αὐτός
722 3216 839 3270 ἐστι
868 3216 963 3270 και)⁸
990 3216 1184 3282 οὕτως.
2556 3258 2563 3265 -
2626 3262 2634 3269 .
2992 3242 2998 3249 ·

1838 1919 2018 1999 omnis
2064 1918 2244 1974 anima
2277 1919 2493 1989 corpori
2554 1920 2707 1973 unita
2752 1927 3017 1972 mutatur.

2397 2035 2549 2101 CAP.
2600 2046 2840 2103 XXXIII.

1910 2134 1991 2188 Tu
2019 2134 2163 2189 idem
2191 2149 2271 2201 es,
2311 2135 2510 2190 clamat
2548 2136 2837 2205 propheta,
2871 2136 2939 2191 de
2978 2136 3091 2190 Deo
3137 2136 3410 2205 loquens:

1839 2232 2027 2276 contra
2041 2222 2361 2292 prophetam
2375 2224 2574 2277 clamat
2591 2222 2873 2295 tEgyptius
2893 2221 3245 2301 dogmatibus
3263 2221 3410 2277 suis:

1839 2314 1959 2369 Non
1992 2314 2137 2368 idem
2177 2330 2237 2369 es
2265 2332 2279 2368 :
2314 2313 2493 2368 factus
2521 2331 2582 2369 cs
2614 2317 2761 2371 enim
2795 2314 3097 2383 secundum
3129 2328 3413 2383 personam

1840 2405 2010 2468 alius,
2041 2412 2097 2459 et
2147 2404 2293 2474 quod
2331 2420 2440 2458 non
2479 2420 2622 2459 eras.
2667 2398 3048 2459 Concrematis
3086 2402 3415 2473 corporibus

1839 2496 1976 2559 suis,
2031 2494 2190 2549 multi
2251 2501 2522 2565 martyres
2563 2509 2623 2549 se
2672 2494 2873 2549 animis
2911 2494 3415 2548 manilestarnntu

1839 2587 2093 2657 pluribus
2113 2586 2393 2641 miraculis
2409 2587 2561 2640 vivos
2587 2586 2744 2641 nobis
2765 2601 2885 2642 sese
2900 2587 3260 2642 ostenderunt
3282 2601 3297 2650 ;
3334 2583 3416 2638 eis

1840 2681 2126 2736 dicerem:
2183 2679 2293 2734 Vos
2334 2678 2499 2733 iidem
2547 2694 2656 2732 non
2708 2678 2874 2744 estis;
2924 2677 3056 2733 facti
3102 2677 3251 2733 enim
3284 2676 3419 2731 estis

1840 2772 2155 2827 secundum
2214 2768 2503 2839 personam
2581 2769 2787 2839 absque
2851 2768 3215 2838 corporibus,
3270 2767 3416 2836 quod

1840 2875 1952 2915 non
1976 2859 2165 2917 eratis.
2192 2856 2297 2925 Qui
2323 2864 2507 2912 autem
2528 2856 2813 2912 Christum
2834 2871 2943 2910 non
2965 2855 3119 2909 novit
3144 2855 3199 2907 in
3229 2866 3415 2907 carne;

2408 3330 2560 3387 CAP.
2613 3328 2853 3384 XXXIV.

1917 3422 1974 3478 Si
2013 3422 2313 3478 secundum
2343 3437 2634 3493 personam
2667 3421 2849 3501 carnis
2874 3430 3149 3491 expertem
3168 3418 3313 3475 Patri
3341 3417 3418 3471 si-

741 3330 994 3385 ΚΕΦΔΛ.
1029 3332 1151 3386 ΛΔ’.

235 3419 301 3475 Εἰ
332 3423 479 3479 κατὰ
506 3424 604 3496 τὴν
631 3422 874 3493 ἄσαρκον
902 3421 1197 3476 ὑπόστασιν
1222 3421 1507 3492 όμοούσιος
1528 3425 1746 3495 όΛόγος

162 3507 245 3578 τῷ
277 3512 489 3582 Πατρὶ,
544 3512 705 3582 δῆλον
746 3512 827 3564 ὅτι
858 3513 999 3565 κατὰ
1026 3510 1123 3582 τὴν
1151 3509 1419 3582 ἐνσαρκον
1448 3512 1746 3568 ὑπόστασιν

167 3599 515 3671 ἑτεροούσιος
546 3606 575 3657 6
598 3603 773 3671 Λόγος
802 3601 879 3673 τῷ
906 3602 1098 3674 Πατρί.
1145 3604 1208 3656 Εἰ
1236 3603 1314 3674 τῷ
1346 3603 1421 3676 μὴ
1445 3602 1591 3675 ἔχειν
1622 3604 1745 3659 καθ’

168 3688 472 3747 ὑπόστασιν
506 3686 791 3763 ἡνωμένην
820 3690 997 3762 σάρκα
1016 3690 1206 3761 αὐτῷ,
1254 3692 1431 3761 τούτῳ
1456 3687 1524 3762 ἦν
1548 3691 1746 3761 όμοού-

170 3796 288 3848 σιος
306 3786 335 3838 6
352 3786 521 3856 Λόγος
534 3784 608 3856 τῷ
624 3786 797 3855 Πατρὶ
818 3784 914 3855 τὴν
938 3784 1254 3846 ὑπόστασιν,
1273 3783 1500 3846 δεόντως
1518 3784 1578 3849 ἐξ
1593 3784 1748 3854 ὑμῶν

170 3874 582 3950 ἀπορηθήσεται
630 3878 768 3932 τόδε.
836 3879 898 3931 El
931 3877 989 3931 δὲ
1018 3877 1097 3948 τῷ
1128 3877 1203 3948 μὴ
1228 3874 1368 3931 εἶναι
1398 3876 1556 3946 φύσει
1588 3877 1745 3948 σάρξ,

171 3965 310 4021 ἀλλὰ
340 3969 472 4033 Θεὸς
498 3969 597 4041 τὴν
618 3970 804 4023 οὐσίαν
832 3970 860 4022 6
886 3969 1056 4038 Λόγος
1084 3966 1258 4038 τούτῳ
1286 3967 1435 4021 ἐστὶν
1464 3968 1750 4038 ὀμοούσιος

173 4059 250 4131 τῷ
274 4061 393 4131 Θεῷ
420 4065 612 4133 Πατρὶ,
646 4064 742 4121 καὶ
773 4062 1061 4133 ἑνούμενος
1091 4064 1199 4133 ἄρα
1226 4064 1428 4134 σαρκὶ,
1460 4063 1562 4117 οὐκ
1591 4063 1751 4134 ἐτρά-

174 4166 252 4223 πη
284 4153 384 4225 τὴν
412 4154 505 4209 τοῦ
531 4154 666 4209 Θεοῦ
694 4155 881 4223 φύσιν⁹
914 4156 1008 4210 καὶ
1034 4155 1192 4227 δῆλον
1218 4155 1294 4221 ὡς
1318 4155 1414 4209 καὶ
1439 4156 1751 4226 μεμένηκεν

174 4243 457 4312 όμοούσιος
491 4248 524 4317 ὴ
551 4244 642 4298 τοῦ
666 4245 838 4315 Λόγου
871 4245 1170 4310 ὑπόστασις
1204 4246 1340 4316 πρὸς
1371 4244 1462 4299 τὸν
1490 4244 1711 4314 Πατέρα
1731 4258 1744 4272 ·

174 4336 466 4409 γεγένηται
521 4337 578 4390 δὲ
634 4336 803 4401 ὅντως
881 4339 975 4390 καὶ
1036 4336 1376 4408 ὲτεροούσιος
1454 4336 1591 4408 πρὸς
1655 4335 1748 4389 τὸν

175 4427 373 4497 αὑτὸν,
422 4430 489 4485 δι’
513 4430 704 4501 ἐτέρας
735 4430 917 4502 μέντοι
950 4430 1314 4501 ἐγγενομένης
1342 4430 1477 4501 αὐτῇ
1511 4429 1744 4498 φύσεως.

1858 4428 1958 4485 sibi
2011 4427 2348 4499 adiunctam.

757 4546 1010 4600 ΚΕΦΔΛ.
1042 4546 1168 4603 AE'.

249 4637 315 4691 El
348 4637 423 4709 μὴ
453 4636 749 4691 ὑπόστασιν
779 4636 846 4709 ἦν
872 4634 1016 4709 εἶχεν
1048 4638 1162 4709 ἔχει
1189 4640 1217 4691 6
1242 4638 1415 4706 Λόγος
1434 4676 1450 4703 ,
1485 4636 1609 4690 οὐδὲ
1637 4637 1748 4708 ἄρα

1850 3513 1978 3568 mile
2031 3522 2116 3568 est
2158 3513 2423 3578 Verbum,
2483 3513 2834 3568 manifestum
2876 3520 2960 3567 est
3006 3510 3308 3567 secundum
3334 3510 3421 3562 ln-

1850 3610 2124 3657 carnatam
2164 3618 2317 3657 suam
2349 3592 2647 3671 personam
2692 3603 2961 3657 dissimile
3000 3617 3121 3657 esse
3156 3594 3324 3655 Pa'tri.
3361 3598 3419 3652 Si

1850 3707 1916 3747 ex
1956 3708 2024 3747 eo
2070 3683 2216 3762 quod
2241 3708 2463 3748 carnem
2512 3693 2817 3769 secundum
2845 3690 3131 3762 personam
3163 3692 3265 3746 sibi
3295 3692 3418 3744 uni-

1852 3796 1962 3841 tam
2016 3801 2126 3839 non
2171 3786 2402 3839 haberet
2442 3785 2876 3849 Verbum,'ideo'
2910 3794 3030 3838 erat
3072 3783 3219 3838 Patri
3245 3782 3424 3837 simiie

1852 3876 2159 3933 secundum
2211 3863 2525 3947 personam,
2577 3857 2683 3930 hoc
2727 3874 2889 3930 vobis
2925 3885 3072 3929 recte
3101 3869 3421 3944 negabitur.

1853 3971 1911 4028 Si
1946 3981 2130 4025 autem
2180 3986 2248 4025 ex
2303 3960 2369 4024 eo
2423 3968 2570 4039 quod
2623 3977 2820 4023 natura
2874 3981 2982 4021 non
3020 3974 3105 4021 est
3134 3979 3282 4029 caro,
3325 3963 3423 4019 sed

1854 4064 2000 4118 Deus
2038 4060 2502 4123 substantialiter,
2542 4061 2693 4114 carni
2731 4058 2947 4114 unitum
2994 4052 3055 4112 in
3099 4056 3285 4111 divina
3324 4069 3426 4109 na-

1856 4138 1979 4209 tura
2021 4167 2131 4207 non
2185 4159 2459 4207 mutatum
2504 4157 2609 4216 est,
2658 4156 2715 4204 ct
2763 4147 3113 4203 manifestum
3164 4153 3248 4201 est
3296 4161 3424 4217 per-

1853 4261 2044 4300 sonam
2090 4244 2255 4300 Verbi
2306 4244 2636 4298 remansisse
2687 4241 2835 4296 Patri
2887 4240 3159 4304 similem,
3219 4238 3425 4293 factum

1853 4346 2039 4392 autem
2095 4336 2326 4390 diversa:
2377 4343 2587 4388 natura:
2632 4339 2859 4403 propter
2901 4331 3128 4386 alteram
3176 4337 3427 4383 naturam

1911 4560 1955 4617 ρ
2030 4544 2037 4551 ‘
2169 4541 2193 4549 “
2262 4544 2267 4549 ·
2324 4542 2327 4549 ·
2429 4515 2588 4596 ἐΑΡ.
2629 4538 2845 4594 xxxv.

1920 4634 1977 4690 Si
2012 4649 2176 4705 quam
2210 4648 2500 4704 personam
2547 4632 2786 4688 habebat
2816 4631 3084 4695 Verbum,
3123 4634 3268 4685 hanc
3314 4645 3424 4684 non

180 4724 338 4791 αὐτός
364 4728 511 4780 ἐστιν
543 4725 572 4779 6
599 4721 685 4795 ἦν.
730 4725 867 4779 Ἀλλ’
893 4726 1005 4796 ἔχει
1033 4726 1134 4798 τὴν
1159 4725 1332 4795 αὐτὴν
1360 4723 1622 4792 ἀνελλιπῆ
1651 4723 1745 4793 μὲν

1858 4727 1955 4794 iam
1992 4725 2177 4789 habet,
2216 4741 2326 4779 non
2367 4734 2452 4780 est
2487 4724 2631 4779 idem
2664 4725 2778 4795 jam
2802 4721 2950 4793 quod
2994 4730 3134 4778 erat.
3167 4720 3274 4777 Sed
3304 4735 3427 4778 eam

181 4815 291 4877 τοῖς
319 4816 605 4887 προτέροις
636 4815 918 4886 ἱδιώμασι·
971 4814 1113 4885 μετὰ
1142 4814 1244 4886 μέν
1273 4832 1353 4868 τοι
1383 4816 1476 4868 καὶ
1503 4812 1746 4885 προσθή-

183 4922 282 4977 κης
311 4908 513 4978 ἑτέρων
540 4908 846 4975 ἰδιωμάτων
870 4948 886 4976 ,
939 4908 1358 4980 διακρινομένην
1384 4906 1479 4960 νῦν
1510 4905 1617 4960 ἀπὸ
1640 4904 1751 4959 τῶν

183 4998 502 5068 όμοουσίων.

689 5172 695 5179 _
760 5112 1010 5168 ΚΕΦΑΛ.
1043 5113 1183 5179 AG’.

266 5201 447 5267 ’Λξιαν
492 5201 590 5256 καὶ
622 5201 907 5255 αὐθεντίαν
973 5201 1070 5256 καῖ⁵
1113 5199 1432 5254 δυναστείαν
1486 5199 1579 5253 τοῦ
1612 5198 1748 5252 Θεοῦ

188 5291 355 5361 Λόγου
393 5291 619 5347 δύναται
651 5291 796 5363 ἐχειν
830 5292 860 5343 6
886 5290 1173 5362 ἄνθρωπος
1193 5306 1206 5321 ’
1247 5291 1344 5344 καὶ
1371 5290 1433 5343 τὸ
1471 5288 1572 5361 τὴν
1600 5286 1752 5353 τάξιν

190 5383 405 5454 ιπέχειν
450 5383 573 5439 ὅλου
615 5384 710 5439 τοῦ
741 5383 879 5439 Θεοῦ
907 5385 1083 5453 Λόγου
1115 5383 1216 5455 τὴν
1243 5381 1541 5436 ὑπόστασιν
1627 5381 1753 5437 ἁδύς

263 5568 333 5641 (1)
370 5568 563 5651 Severi
615 5567 1119 5692 Monophi'sitarum
1167 5570 1441 5641 corypha'i
1480 5568 1748 5650 inedituni

263 5654 342 5692 us.
368 5648 691 5692 mscrmtum
719 5642 851 5692 Φιλα
885 5640 1024 5692 Min:
1051 5654 1147 5692 seu
1186 5638 1474 5692 Κύοιλλοε.
1506 5655 1609 5692 eeo
1633 5656 1748 5692 uui-

194 5638 347 5722 ιῃιιιεέζ
368 5638 1024 5722 ἱηεοτὶρῑυῐη-Φιλαλήθης
1051 5654 1148 5722 seu
1186 5638 1474 5722 Κύριλλος,
1506 5639 1755 5722 egoqui:

194 5708 308 5764 dem
334 5709 388 5763 in
415 5708 668 5764 manibus
694 5710 871 5766 habeo
898 5708 914 5763 :V
937 5708 1314 5764 verumtamen
1344 5708 1584 5763 Severus
1607 5708 1748 5763 haud

1849 4817 2031 4872 adhuc
2059 4817 2229 4871 habet
2268 4817 2384 4871 suis
2425 4815 2706 4886 prioribus
2730 4808 3167 4885 proprietatibus
3218 4812 3428 4883 pollen-

1860 4914 1992 4971 tem,
2038 4906 2135 4961 sed
2175 4922 2300 4960 cum
2349 4905 2665 4971 accessione
2709 4907 2942 4959 aliarum
2991 4903 3425 4973 proprietatum,

1834 4998 1914 5077 ‘in
1962 4997 2067 5051 hoc
2115 5012 2335 5066 quoque
2363 4996 2679 5051 distinctam
2722 5010 2753 5049 a
2791 4994 3176 5049 consimilibus
3222 4993 3355 5049 suis.

2414 5108 2566 5163 CAP.
2626 5107 2864 5162 xxxvr.
3054 5138 3065 5141 -
3214 5120 3221 5141 τ
3278 5134 3287 5143 ,
3485 5124 3497 5175 ι

1926 5203 2279 5274 Dignitatem,
2329 5202 2714 5257 auctoritatem
2780 5209 2839 5257 et
2884 5208 3211 5271 potestatem
3262 5200 3429 5255 Verbi

1858 5294 1955 5349 Dei
2005 5302 2187 5363 potest
2220 5293 2385 5347 homo
2430 5291 2653 5354 habere,
2686 5291 2783 5346 sed
2820 5290 3160 5361 impossibile
3195 5298 3279 5346 est
3303 5305 3430 5359 per-

1859 5399 2049 5440 sonam
2067 5399 2284 5439 omnem
2313 5384 2475 5438 Verbi
2501 5383 2599 5439 Dei
2636 5384 3011 5439 zelsitudinem
3041 5392 3250 5450 tenere,
3278 5396 3431 5436 crea-

1859 5569 1963 5650 fuit
1996 5581 2120 5694 (tritu
2152 5568 2804 5652 .ﬁgvptiusquanquam
2853 5568 2909 5622 in
2952 5583 3017 5623 ea
3073 5584 3292 5640 quoque
3338 5582 3425 5623 rc-

1859 5655 2017 5694 monc
2086 5657 2136 5694 Ill
2178 5650 2330 5692 rint.

1859 5655 2017 5709 gmnc
2044 5650 2136 5694 diu
2178 5650 2330 5692 vixit.
