3876 6310
115 194 254 261 1505
287 270 292 274 ,

1105 172 1502 255 ADVERSUS
1544 189 2091 251 NESTORIAXOS.
2121 213 2191 224 η·
2218 188 2366 248 LIB.
2412 188 2459 247 ῐ.

3251 183 3389 249 Ῑῦθιθ

112 307 325 380 χουσῶν
372 305 599 360 πλακῶν
642 304 739 359 τοῦ
780 302 947 375 νόμου
984 303 1504 375 ίειοπεριγράπτως,
1537 318 1695 372 περισ

1831 300 1962 354 atim
2019 306 2151 353 sunt
2196 295 2497 367 inscriptae,
2560 293 2655 350 sed
2715 293 2879 348 simul
2933 292 2986 347 in
3025 304 3151 347 arca
3207 292 3392 347 conti-

113 396 549 470 λαμϐανομένων
580 395 637 449 δὲ
671 393 939 448 πάντοθεν
974 393 1209 463 ὑπὸτῆς
1236 390 1475 446 κιϐωτοῦ
1496 432 1512 456 ,
1551 390 1693 461 ἔχει.

119 490 179 544 El
233 488 291 542 δὲ
351 488 583 557 οὑσιακῇ
639 484 839 538 ὲνώσει
888 481 1220 554 καθορῶμεν
1276 481 1377 552 τὴν
1428 482 1702 552 ἐνοίκησιν

115 580 306 653 ὥσπερ
354 583 381 634 ό
423 579 598 648 λέγων
634 577 765 647 περὶ
799 576 900 646 τῆς
934 575 1133 629 ἑαυτοῦ
1160 573 1366 645 ψυχῆς,
1401 573 1484 626 ὅτι
1512 571 1702 642 ἐξῆλθε

117 673 215 728 καίν
261 671 504 743 ἀπῆλθεν
551 670 648 724 ἀπ’
679 667 814 741 ἐμοῦ
867 667 1060 739 ὥσπερ
1105 669 1133 722 ό
1175 665 1463 721 καταλύων
1495 663 1702 735 σκηνὴν

118 767 328 838 πήξας,
374 765 489 830 πῶς
522 764 797 820 κωλύεται
830 767 863 835 ἡ
896 765 1019 821 καθ’
1049 764 1352 818 ὑπόστασιν
1385 762 1577 824 ἓνωσις
1610 759 1704 813 ἐπὶ

131 856 377 920 Ἐζεκίου
426 855 698 918 νοεῖσθαι,
755 854 976 924 φύσεως
1013 853 1173 923 φύσει
1207 849 1568 918 ἐνοικούσηςς
1606 849 1702 903 άν-

120 948 338 1020 θρωπος
385 947 442 1000 δὲ
496 946 592 1000 καὶ
644 944 783 1015 σὰρξ
833 946 861 999 ὁ
911 944 1039 1007 Υἱὸς
1090 943 1186 997 καὶ
1218 943 1392 1010 Λόγος
1430 938 1528 993 τοῦ
1554 937 1703 1011 ,Θεοῦ

122 1039 241 1104 πῶς
265 1038 506 1108 λέγεται,
530 1039 606 1109 τῷ
633 1037 1089 1108 τῆςὲνοικήσεως
1114 1034 1305 1098 ἁπλῶς
1328 1034 1518 1103 Δόγῳς
1550 1033 1578 1085 ό
1596 1029 1706 1103 γάρ

123 1130 370 1195 ἐνοικῶν,
400 1130 462 1183 οὑ
488 1115 587 1200 τῆς
614 1128 708 1182 τοῦ
736 1112 1121 1199 ἐνοικουμένου
1156 1124 1528 1196 προσηγορίας
1558 1122 1708 1193 εὑρί-

125 1239 318 1275 σκεται
350 1222 576 1292 Κύριος.
792 1258 797 1261 μ
1326 1240 1327 1243 η

706 1332 959 1388 ΚΕΦᾹΛ.
982 1329 1114 1386 ΜΖ’.

199 1452 261 1504 Ei
285 1451 375 1505 τὸν
406 1448 816 1520 παντοδύναμον
864 1446 1024 1517 φύσει
1062 1444 1236 1514 Λόγον
1273 1443 1369 1498 καὶ
1394 1443 1694 1516 ἀναμάρτηο

1804 399 2030 452 nentur.
2088 389 2145 445 Si
2183 398 2368 445 autem
2398 385 2758 443 "conferimus
2805 383 3152 440 substantiali
3178 384 3393 441 runioni

1803 483 2288 547 inhabitationem,
2348 480 2494 536 sicut
2518 479 2613 548 qui
2663 479 2731 534 de
2778 494 2876 534 sua
2904 478 3084 532 anima
3124 476 3394 539 dieinex

1804 593 1891 633 me
1950 577 2090 632 exiit
2146 584 2206 632 et
2240 574 2481 630 excessit
2504 572 2664 643 quasi
2690 560 2783 643 (ιὺί
2818 570 3243 626 tabernaculum.
3260 584 3397 624 con-

1803 668 2053 722 volutum
2106 666 2242 737 ligat
2276 682 2290 719 :
2319 664 2457 735 quid
2512 663 2833 734 prohibebit
2872 662 3006 731 quin
3045 661 3102 715 in
3159 660 3396 716 Ezeebia

1805 757 2113 812 secundum
2150 739 2445 827 personam
2491 755 2624 809 unio
2655 753 3007 823 concipiatur
3037 760 3099 806 ut
3129 751 3398 808 habitatio

1807 859 2019 904 naturae
2056 849 2111 904 in
2151 848 2393 903 natura?
2441 846 2732 913 Quomodo
2788 844 3007 899 ratione
3038 842 3398 900 habitationis

1806 940 2137 1010 simpliciter
2169 940 2377 996 dicitur
2408 938 2575 993 homo
2626 946 2682 992 et
2713 951 2865 1001 caro,
2896 935 3141 991 Verbum
3170 935 3265 990 Dei
3305 934 3398 991 Fi-

1808 1033 1968 1088 lius?
2015 1032 2120 1100 Qui
2164 1033 2315 1089 enim
2373 1031 2666 1097 inhabitat,
2723 1045 2835 1086 non
2873 1039 2960 1085 est
2999 1029 3267 1086 Dominus
3300 1044 3402 1089 ηομ

1810 1123 1979 1178 minis
2020 1123 2173 1177 illius
2222 1122 2277 1175 in
2328 1137 2437 1191 quo
2486 1130 2593 1176 est.
3064 1114 3081 1121 ’

2402 1339 2554 1400 CAP.
2604 1344 2808 1400 XLVII.

1885 1463 1941 1519 Si
1979 1473 2173 1518 natura
2198 1461 2551 1530 omnipotens
2571 1468 2626 1513 et
2652 1458 3010 1530 impeccahile
3025 1459 3405 1540 Verbumsuat

126 1563 216 1599 τον
242 1545 498 1598 κοινωνὸν
524 1543 683 1614 ἔσχεν
716 1543 748 1611 ἡ
790 1540 927 1611 σὰρξ
948 1539 1049 1609 τῆς
1084 1539 1220 1602 ίδίας
1257 1537 1712 1620 ὑπάρξεωςηπῶς

1829 1555 2151 1612 :xsistentize
2184 1551 2395 1608 socium
2452 1551 2648 1605 habuit
2693 1566 2846 1617 caro,
2874 1551 3154 1621 quomodo
3187 1537 3407 1607 dicetur

124 1633 265 1706 αὕτη
301 1633 488 1704 ἂνεῖη
536 1633 922 1703 ἀναμάρτητος
969 1629 1269 1700 λεγομένη;
1323 1628 1373 1715 ἢ¹
1410 1629 1541 1717 ποία
1585 1628 1709 1700 νίκη

1829 1649 1938 1716 ipsa
1961 1641 2362 1713 impeccahilis?
2382 1640 2464 1694 vel
2491 1622 2741 1709 quamam
2764 1642 2881 1711 ejus
2908 1640 3132 1696 victoria
3152 1642 3404 1717 demalo,

123 1728 286 1799 τῆσδε
315 1726 462 1798 ¹πρὸς
524 1724 621 1797 τὴν
650 1725 851 1778 κακίαν
877 1723 1077 1777 τοιόνδε
1107 1712 1379 1792 λαϐούσης
1404 1710 1619 1793 βοηθὸν,
1653 1722 1711 1774 ὃν

1829 1710 1938 1806 inae
1971 1710 2134 1789 talem
2183 1732 2384 1787 habuit
2413 1731 2723 1801 adjutorem
2752 1710 2846 1801 qui
2878 1732 3026 1786 vinci
3051 1747 3160 1787 non
3190 1714 3406 1803 possit?

125 1820 248 1873 οὑδὲ
280 1820 394 1873 ἔστι
424 1816 932 1890 νικηθῆναιςὴτοῦδε
962 1817 1071 1888 γὰρ
1106 1815 1172 1870 ἂν
1203 1816 1298 1868 καὶ
1330 1815 1389 1869 οὑ
1421 1814 1587 1883 τῆσδε
1625 1814 1710 1886 εἴη

125 1913 191 1966 τὸ
212 1902 565 1984 κατόρθωμα.
587 1905 738 1979 Ἀρα
771 1904 865 1963 οὖν
895 1910 944 1962 οί
972 1907 1295 1971 πεποιθότες
1337 1909 1431 1961 ἐπὶ
1461 1909 1527 1978 τῇ
1554 1906 1714 1960 δυνά-

133 2022 225 2077 μει
279 2004 455 2059 αὐτῶν
491 2003 587 2057 καὶ
624 2001 718 2055 ἐπὶ
744 2002 824 2072 τῷ
872 2000 1070 2069 πλήθει
1117 2000 1213 2053 τοῦ
1249 1997 1483 2052 πλούτου
1531 1997 1714 2052 αὑτῶν

128 2072 475 2169 καυχώμενοι
505 2097 605 2150 οὑκ
638 2093 1106 2165 ὲξομολογὴσεσθε
1138 2093 1235 2147 σὺν
1274 2095 1407 2164 ἡμῖν
1434 2093 1516 2145 ὅτι
1564 2072 1745 2145 ἀδελ·-

130 2192 230 2261 φὺς
257 2192 318 2244 οὑ
372 2188 685 2262 λυτροῦται,
719 2187 841 2240 οὐδὲ
892 2184 1230 2257 λυτρὼσεται
1274 2183 1592 2262 ἄνθρωπος;
1623 2185 1717 2237 καὶ

128 2260 214 2336 ὅτι
239 2282 339 2335 οὑκ
378 2282 436 2334 ὲν
471 2260 615 2350 ίσχύῖ
646 2277 840 2331 ἑαυτοῦ
873 2276 1097 2339 δυνατὸς
1146 2276 1308 2347 ἀνὴρ,
1347 2260 1484 2329 ἀλλὰ
1512 2273 1717 2344 Κύριος

130 2375 333 2445 ἀσθενῆ
358 2376 578 2444 ποιήσει
625 2372 717 2425 τὸν
764 2372 1036 2427 ἀντίδικον
1070 2368 1237 2424 αὑτοῦ
1274 2367 1479 2439 Κύριος
1524 2366 1745 2443 ἆγιοςο.

131 2465 427 2533 ἀκούσατε,
450 2461 495 2520 ὦ
522 2458 690 2531 οὗτοι,
722 2464 818 2518 τοῦ
841 2464 1115 2533 λέγοντος·
1141 2463 1233 2532 Μὴ
1259 2458 1559 2531 καυχάσθω
1584 2461 1612 2513 ὁ
1641 2462 1720 2513 ίσ-

131 2559 298 2632 χυρὸς
329 2561 386 2613 ὲν
411 2561 478 2630 τῇ
510 2556 657 2627 ίσχύῖ
680 2540 887 2609 αὑτοῦ·
939 2555 1033 2609 καὶ
1070 2552 1242 2623 γνῶτε
1276 2552 1359 2605 ὅτι
1385 2538 1447 2604 τὸ
1479 2549 1601 2603 καθ’
1623 2550 1721 2602 αὑο

130 2653 233 2725 τὴν
258 2650 534 2723 ἁμαρτίας
569 2649 939 2718 κατακρατεῖν
977 2644 1324 2715 ἀϐοηθήτως,
1357 2640 1573 2712 φύσεώς
1606 2643 1720 2694 ἐστι

138 2718 309 2816 μόνης
352 2718 452 2815 τῆς
509 2742 938 2813 ἀναμαρτήτου·
981 2738 1104 2792 καθ’
1130 2739 1199 2810 ῆν
1237 2738 1286 2792 εξ
1332 2737 1551 2807 εἴημεν,
1609 2718 1745 2790 Osci.~

135 2836 304 2891 πάλαι
334 2835 399 2890 ἂν
425 2834 577 2896 ὄντες
610 2832 955 2904 ἐδείχθημεν.
1020 2830 1294 2901 Πταιστῆς
1344 2828 1402 2882 δὲ
1432 2829 1583 2907 ὄντες
1622 2828 1724 2897 φύ-

1815 1827 1882 1881 ad
1915 1827 2094 1889 illum,
2123 1839 2235 1878 non
2261 1831 2444 1877 autem
2475 1822 2541 1877 ad
2570 1838 2690 1877 eam
2719 1822 3021 1893 pertineret
3043 1823 3167 1879 laus
3202 1829 3403 1880 omnis.

1815 1915 2010 1971 Nonne
2035 1913 2130 1983 qui
2162 1913 2217 1967 in
2247 1928 2345 1967 sua
2370 1919 2643 1983 potestate
2672 1911 2951 1967 confiditis
2976 1920 3033 1966 et
3062 1912 3116 1967 in
3150 1913 3406 1968 multitu-

1821 2000 1950 2061 d'ine
2025 2004 2340 2060 divitiarum
2405 2018 2627 2057 suarum
2707 2003 3018 2074 gloriamini
3066 2005 3408 2062 :nohiscum

1808 2085 2200 2153 confitebimini
2225 2091 2372 2162 quod
2403 2091 2578 2147 frater
2611 2108 2719 2146 non
2762 2093 3003 2160 redimit,
3039 2109 3143 2149 nec
3173 2095 3410 2152 redimet
3438 2150 3447 2159 ,

1818 2188 2023 2243 homo?
2042 2182 2281 2256 Et‘quod
2305 2202 2417 2240 non
2441 2201 2538 2240 sua
2561 2184 2885 2241 fortitudine
2902 2169 3098 2263 potens
3115 2169 3200 2243 est
3218 2188 3407 2253 homo,

1819 2280 1915 2335 sed
1942 2279 2090 2349 quod
2108 2278 2377 2333 Dominus
2402 2277 2657 2331 infirmus
2675 2277 2843 2353 faciet.
2866 2260 3248 2355 adversarium
3265 2281 3408 2350 ejus,

1819 2368 2090 2445 Dominus
2119 2378 2363 2434 sanctus,
2422 2368 2576 2423 audit
2626 2367 2901 2423 dicentem
2942 2386 2955 2422 :
3004 2385 3113 2425 non
3143 2371 3412 2440 glorietur

1821 2454 1981 2518 fortis
2037 2463 2095 2518 in
2146 2462 2474 2519 fortitudine
2526 2478 2663 2529 sua;
2713 2472 2771 2519 et
2802 2463 3002 2519 scitote
3052 2466 3200 2534 quod
3249 2482 3316 2522 ex
3348 2482 3416 2522 se

1824 2555 1939 2625 ipsa
1972 2556 2090 2610 sine
2129 2554 2411 2626 adjutorio
2433 2555 2783 2624 iniquitatem
2815 2549 3150 2635 superar'es;
3184 2574 3293 2613 non
3337 2560 3413 2615 sit

1824 2649 1931 2703 nisi
1963 2657 2172 2704 natura:
2197 2648 2595 2718 impeceabilis.
2621 2664 2785 2719 quam
2817 2650 2863 2704 si
2888 2650 3241 2716 haberemus,
3278 2653 3421 2709 deos

1824 2753 1945 2811 esse
1971 2738 2082 2808 jam
2114 2737 2329 2807 pridem
2371 2752 2473 2792 nos
2506 2724 2789 2793 constaret
2833 2738 3043 2793 Lahilis
3071 2747 3254 2795 autem
3283 2755 3419 2796 cum

1826 2829 1999 2883 simus
2027 2838 2237 2883 natura:
2269 2837 2411 2883 eteo
2439 2829 2559 2898 ipso
2592 2828 2754 2884 facile
2777 2830 3003 2909 obnoxii
3038 2812 3262 2888 insidiis
3292 2834 3419 2904 ejus

137 2947 297 2993 σεως,
328 2928 425 2981 καὶ
473 2925 728 2980 ἐντεῦθεν
760 2923 1204 2977 εὑεπιῦούλευτοι
1251 2920 1598 2983 καθεστῶτες
1645 2918 1723 2991 τῷ

1829 2919 1922 2989 qui
1951 2934 2052 2973 nos
2080 2925 2254 2972 tentat
2274 2917 2329 2971 in
2352 2927 2638 2988 peccatum
2665 2904 2953 2985 inducere,
2983 2937 3124 2991 opus
3145 2922 3418 2993 habemus
3508 2931 3515 2935 ’

137 3019 455 3091 πειράζοντι
491 3017 587 3070 καὶ
638 3018 717 3078 είς
738 3014 841 3090 τὴν
879 3013 1131 3086 ἐνεργείᾳ
1182 3012 1457 3085 ἁμαρτίαν
1483 3011 1723 3066 κατασύ-

1829 3011 2114 3084 potestatis
2144 3010 2428 3082 cujusdam
2458 3027 2581 3091 quae
2618 2996 2823 3068 nostra:
2876 3024 3099 3083 natura:
3123 3016 3417 3072 imbecilli-

140 3128 308 3184 ροντι,
373 3109 616 3163 εὑκο).οι’
665 3106 951 3176 δυνάμεώς
990 3122 1135 3167 τινος
1166 3105 1595 3176 ὲμφωλευούσης
1652 3106 1719 3175 τῇ

139 3202 412 3274 ἀδυναμίᾳ
441 3201 542 3270 τῆς
565 3202 839 3271 ἡμετέρας
867 3196 1084 3266 φύσεως
1102 3195 1384 3265 ἐδεόμεθα,
1404 3196 1494 3249 ἵνα
1517 3196 1592 3266 μὴ
1624 3213 1723 3248 κα-

138 3291 664 3358 ταδυναστευθῶμεν
705 3290 832 3343 ιὺπδ
860 3290 980 3360 ιτῆς
1031 3286 1419 3357 ἀντικειμένης
1449 3287 1579 3354 ἡμῖν
1606 3284 1727 3338 ὲπι-

143 3383 336 3438 δούλου
390 3384 694 3454 δυνάμεως,
734 3383 769 3452 ἦ
822 3399 905 3445 τις
953 3379 1034 3452 τῷ
1086 3378 1298 3451 κέντρῳ
1346 3377 1439 3430 τοῦ
1490 3377 1724 3431 θανάτου

142 3478 311 3550 ῆγουν
349 3477 416 3546 τῇ
461 3474 707 3545 ἁμαρτίᾳ
754 3473 904 3547 ἡμᾶς
926 3470 1413 3541 ἐπικεντρίζουσα,
1472 3466 1757 3541 θνήσκειν

141 3569 317 3623 ἐποίει
368 3569 463 3622 καὶ
507 3567 606 3637 τῆς
640 3554 943 3627 ἀθανασίας
994 3563 1244 3632 ὲστέρει·
1279 3560 1372 3614 καὶ
1426 3558 1586 3613 τοῦτο
1626 3558 1728 3611 οὑκ

140 3661 428 3732 ὲξωτέρως
457 3665 576 3721 πως
612 3660 712 3728 τῆς
756 3657 965 3720 οὐσίας,
1006 3655 1129 3709 οὑδὲ
1162 3653 1547 3728 προσκαίρως·
1593 3651 1729 3705 άθά-

142 3754 304 3816 νατός
333 3768 394 3806 τε
440 3751 549 3822 γάρ
604 3752 633 3805 ὁ
664 3750 896 3821 εὑρέτης
923 3748 1022 3817 τῆς
1077 3746 1280 3810 κακίας
1311 3741 1464 3809 οὗτος
1495 3744 1590 3798 καὶ
1618 3743 1730 3797 τῶν

144 3843 384 3917 καρδιῶν
414 3828 574 3914 ἡμῶν
612 3840 792 3895 αὐτῶν
845 3838 1234 3911 ἐμϐατευτικός
1254 3852 1269 3866 '
1296 3836 1394 3906 τῆς
1425 3834 1642 3905 φύσεώς
1670 3851 1730 3887 τε

145 3936 315 4006 αὑτῆς
337 3936 468 4006 ἡμῖν
500 3928 568 4006 ἦν
597 3934 631 4002 ἡ
663 3929 943 3985 ἀσθένεια.
979 3929 1219 3991 Εἰκότως
1256 3923 1350 3980 οὖν
1382 3928 1450 3998 τῇ
1480 3944 1541 3979 τε
1572 3926 1732 3995 φύσει

146 4027 309 4100 ἡμῶν
340 4028 374 4096 ἡ
402 4026 540 4097 πρὸς
572 4022 921 4093 δικαιοσύνην
940 4020 1304 4092 δυναμοποιὸς
1342 4021 1438 4073 καὶ
1465 4008 1733 4090 σωτήριος

145 4120 310 4191 φύσις
363 4118 705 4187 συνεπλάκη,
764 4119 844 4179 εἰς
888 4117 1018 4186 μίαν
1066 4100 1368 4169 ὑπόστασιν
1403 4115 1502 4183 τὴν
1532 4113 1735 4181 ἑαυτῆς

143 4208 297 4280 ἡμᾶς
330 4205 419 4260 διὰ
454 4207 552 4276 τῆς
580 4205 836 4277 ἀπαρχῆς
864 4202 1316 4276 προσλαϐομένη·
1360 4203 1436 4265 ὡς
1472 4203 1540 4257 ἂν
1595 4206 1733 4275 μήτε

1827 3113 1994 3160 tatem
2036 3103 2278 3174 adjuvet,
2326 3118 2396 3157 ne
2454 3103 2799 3161 insidiatoris
2836 3107 3198 3177 suhjiciamur
3259 3121 3419 3180 pote-

1827 3194 1985 3262 stati,
2038 3210 2161 3265 qua:
2215 3192 2414 3247 mortis
2458 3192 2707 3259 stimulo,
2762 3194 2814 3249 id
2860 3204 2968 3261 est,
3014 3205 3260 3266 peccato,
3314 3214 3420 3255 nos

1827 3274 2076 3359 pungens
2117 3302 2221 3341 nos
2274 3285 2416 3340 mori
2453 3285 2690 3341 faciebat
2738 3296 2796 3344 et
2843 3289 3262 3349 immortalitate
3301 3295 3418 3364 pri-

1827 3379 2012 3445 vabat,
2042 3395 2151 3434 non
2178 3388 2363 3434 autem
2405 3380 2644 3450 Quodam
2678 3382 2844 3449 modo
2874 3382 3028 3439 foras
3066 3385 3421 3452 substaulim,

1829 3472 1926 3527 sed
1952 3487 2130 3541 neque
2157 3480 2503 3542 Opportune;
2533 3473 2864 3544 immortalis
2881 3476 3029 3531 enim
3057 3486 3143 3533 est
3170 3478 3261 3535 ille
3291 3481 3420 3536 mali

1831 3563 2090 3617 inventor
2142 3569 2199 3618 et
2253 3563 2506 3641 eordium
2554 3575 2871 3621 nostrorum
2912 3568 3154 3636 invasor,
3210 3580 3425 3629 natura;

1831 3664 2016 3710 autem
2070 3662 2275 3732 nostrae
2313 3656 2534 3725 pmpria
2590 3668 2712 3710 erat
2764 3658 3087 3733 infirmitas;
3124 3663 3253 3731 jure
3288 3679 3421 3734 ergo

1830 3760 1889 3806 et
1941 3750 2140 3806 merito
2169 3760 2387 3805 natura
2420 3758 2623 3804 nostrae
2655 3749 2809 3804 unita
2854 3757 2941 3804 est
2977 3759 3172 3805 natura
3192 3753 3426 3822 justitia‘a

1832 3851 2035 3920 potens
2085 3849 2142 3896 et
2187 3840 2468 3906 salutaris,
2507 3840 2563 3894 in
2613 3855 2963 3905 unamsuam
2998 3857 3292 3910 personam
3323 3859 3429 3905 nos

1834 3933 2133 4004 recipiens,
2164 3946 2236 3986 ne
2283 3931 2338 3985 in
2373 3939 2623 3986 naturam
2665 3940 2931 3996 nostram,
2966 3933 3077 4003 jam
3110 3931 3253 3988 intra
3283 3950 3424 4004 pcr-

1835 4040 2025 4082 sonam
2080 4024 2229 4079 illam
2266 4023 2562 4101 inclusam,
2605 4038 2715 4077 nun
2748 4023 2920 4093 possit
2969 4023 3428 4082 seintromittere

1836 4117 2013 4173 hostis
2046 4125 2260 4180 noster,
2311 4114 2363 4169 ei
2396 4113 2764 4185 personaliter
2794 4114 3032 4193 quodam
3066 4115 3232 4170 modo
3267 4116 3449 4172 inhi».

1835 4209 2041 4273 bitans,
2066 4215 2129 4283 ut
2154 4206 2465 4279 etiamnum
2498 4205 2554 4259 in
2571 4204 2982 4283 cnergumenis,
3023 4221 3164 4261 neve
3216 4207 3451 4263 nudam:

143 4280 445 4373 ἐνδοτέρως
485 4300 647 4371 τῆσδε
699 4301 779 4362 εἰς
832 4297 932 4370 τὴν
978 4296 1142 4367 φύσιν
1190 4299 1351 4368 ἡμῶν
1407 4297 1723 4369 ἐμϐατεύειν

1838 4280 2123 4371 nunquam
2179 4299 2426 4369 reperiat
2472 4280 3032 4365 nostram'naturam,
3082 4297 3136 4351 in
3168 4313 3233 4353 ea
3265 4298 3428 4353 hahi~

142 4393 261 4465 ἔχοι
295 4395 323 4446 ὀ
351 4390 544 4463 ἐχθρὸς
568 4390 693 4446 καθ’
729 4389 1030 4444 ὑπόστασιν
1071 4389 1425 4461 ὲγγινὸμενός
1452 4406 1603 4454 πως·
1644 4386 1734 4445 οἷα
1760 4389 1763 4461 ξ

144 4486 288 4542 κάπὶ
316 4484 426 4539 τῶν
465 4482 876 4556 ἐνεργουμένων
909 4483 1069 4554 μέχρι
1104 4481 1221 4550 νῦν,
1251 4484 1390 4555 μήτε
1417 4483 1610 4555 καιρὸν
1638 4468 1735 4554 γυ⁸

147 4579 412 4651 μνὼσεως
437 4578 538 4647 τῆς
575 4576 852 4648 ἡμετέρας
883 4574 1034 4648 εὑροι
1070 4576 1199 4629 ποτὲ
1241 4575 1481 4645 φύσεως,
1504 4579 1563 4630 ὲν
1596 4578 1734 4648 αὐτῇ

147 4673 525 4744 ὑφεστηκυίας
580 4672 646 4742 τῇ
686 4668 782 4723 τοῦ
839 4667 1077 4738 φύλακος
1121 4667 1282 4738 ἡμῶν
1320 4668 1641 4733 ὑποστάσει,
1699 4669 1736 4741 ἦ

148 4766 271 4816 ἐστι
298 4761 458 4831 φύσει
513 4761 590 4833 τῷ
627 4778 691 4815 τε
740 4758 972 4830 διαϐόλῳ
1003 4759 1098 4813 καὶ
1129 4761 1196 4832 τῇ
1243 4760 1490 4833 ἁμαρτίᾳ
1534 4763 1631 4815 καὶ
1658 4761 1737 4832 τῷ

145 4852 369 4925 θανάτῳ
405 4851 735 4915 ἀνεπίϐατος
757 4867 770 4881 ³
799 4852 867 4921 τῇ
896 4848 1076 4921 τοιᾷδε
1110 4844 1204 4903 οὖν
1251 4849 1523 4920 ὑπερφυεῖ
1549 4847 1737 4918 φιλαν-

144 4948 373 5020 θρωπίᾳ
424 4948 525 5018 τὴν
583 4944 720 5000 ἰδίαν
744 4945 934 5016 ,σάρκα
961 4928 1350 5015 ἀναμάρτητον
1390 4933 1734 5014 κατέστησεσ

143 5038 248 5091 καὶ
288 5037 414 5099 τοὺς
446 5035 767 5108 ὁμοουσίους
806 5033 945 5105 αὑτῇ
979 5030 1362 5103 ἁμαρτωλοὺς,
1386 5031 1579 5087 ἐνθάδε
1636 5034 1737 5105 τῆς

1843 4402 1991 4449 tante
2017 4391 2269 4448 custodis
2302 4390 2480 4446 nostri
2514 4404 2770 4460 persona,
2801 4405 2923 4461 quae
2953 4399 3151 4445 natura
3189 4400 3275 4447 est
3302 4392 3429 4449 dias-

1841 4487 1970 4543 bolo
2016 4495 2074 4542 et
2103 4491 2332 4557 peccato
2352 4494 2414 4553 et
2442 4484 2604 4540 morti
2644 4484 2943 4555 impervia:
2976 4485 3069 4540 illa
3118 4485 3288 4558 igitur
3318 4487 3428 4543 ιω-

1842 4580 2108 4635 manitate
2162 4578 2442 4649 propriam
2499 4592 2655 4633 suam
2717 4592 2941 4632 carnem
3007 4578 3429 4649 impeecahilem

1840 4669 2005 4736 fecit;
2056 4676 2114 4723 et
2158 4677 2481 4739 peceatores
2519 4666 2588 4722 .ei
2641 4659 3162 4736 consubstantiales,
3207 4669 3300 4724 hic
3327 4670 3433 4724 im-

1840 4760 2226 4833 peccabilitate
2286 4759 2598 4830 spiritualis
2653 4759 2967 4814 sanctitatis
3021 4767 3080 4814 et
3138 4759 3195 4814 in
3242 4757 3435 4815 futuro

1843 4868 2028 4909 secum
2048 4852 2539 4922 impeeeahilitatis
2559 4850 2803 4921 perfecta
2831 4850 3080 4905 donavit.
3126 4851 3298 4906 Deum
3327 4852 3431 4922 igi-

1841 4955 1934 5001 tur
1952 4945 2217 5012 Verbum,
2245 4943 2396 5014 quod
2423 4944 2504 5000 sic
2531 4942 2697 4998 nobis
2746 4941 3190 5013 redemptionem
3221 4943 3437 5001 invenit

1838 5045 2104 5096 aeternam
2148 5036 2544 5107 glorificamus.

144 5124 540 5195 ἀναμαρτήτου
615 5121 994 5192 πνευματικῆς
1037 5118 1366 5185 οὑσιώσεως,
1417 5122 1474 5175 ἐν
1525 5123 1603 5195 τῷ
1667 5123 1915 5195 μέλλοντι
1970 5128 2068 5180 σὺν
2119 5128 2295 5196 αὐτῇ,
2348 5125 2581 5195 ἠξίωσεν
2637 5124 2979 5196 ἀπεράντως.
3035 5126 3095 5181 ’0
3147 5123 3240 5184 οὑν
3302 5128 3435 5194 Θεὸς

148 5224 329 5292 Λόγος
352 5220 580 5275 αἰωνίαν
613 5222 746 5291 ἡμῖν
777 5218 1048 5291 λύτρωσιν
1097 5220 1398 5292 εὑράμενος
1428 5223 1603 5289 οὑτως
1650 5226 1956 5294 δοξάζεται.

736 5332 991 5389 ΚΕΦΑΔ.
1027 5335 1173 5390 ΜΗιε

226 5451 340 5505 Καὶ
371 5449 490 5503 τόδε
519 5449 582 5516 δὴ
610 5449 742 5515 ῐσως
772 5448 841 5504 ἃν
870 5449 1003 5522 ἡμῖν
1058 5450 1393 5524 ἀπορήσοιεν
1432 5453 1481 5506 οἱ
1517 5452 1617 5524 τὴν
1641 5453 1733 5510 τοῦ
1806 5452 1815 5455 “

146 5542 330 5607 Λόγου
353 5542 489 5614 πρὸς
512 5541 612 5614 τὴν
644 5542 825 5615 σάρκα
854 5540 1050 5596 ἕνωσιν
1081 5542 1257 5614 ἀληθῆ
1288 5543 1412 5598 καθ’
1438 5545 1739 5599 ὑπόστασιν

150 5636 500 5709 αρνούμενοι.
526 5674 570 5691 ..
600 5634 920 5706 ἂνάπ-ειρον
950 5634 1109 5705 φύσει
1140 5637 1289 5707 παρὰ
1324 5634 1386 5689 τὸ
1409 5635 1591 5707 ςύσει,
1616 5638 1740 5692 καθ’

2430 5337 2595 5395 CAP.‘
2626 5339 2862 5396 XLVIII.

1920 5459 1989 5516 Et
2035 5459 2141 5516 hoc
2177 5456 2361 5514 forsan
2416 5455 2580 5514 nobis
2643 5465 2913 5530 reponent
2959 5456 3055 5528 qui
3089 5454 3255 5513 Verbi
3309 5469 3437 5519 cum

1849 5562 2016 5604 carne
2100 5563 2289 5605 veram
2376 5548 2684 5604 secundum
2771 5559 3066 5619 personam
3166 5556 3438 5619 respuunt

1852 5640 2236 5698 unionem..."
2267 5648 2473 5697 natura
2499 5640 2799 5708 infinitum,
2840 5649 3037 5712 printer
3071 5630 3441 5710 quod'natura
