3876 6310
74 238 249 301 1513’

1050 245 1445 307 ADVERSUS
1482 246 2027 313 NESTORIANOS.
2058 275 2125 287 --
2148 252 2294 313 LIB.
2336 252 2388 312 Ῑ.

3178 245 3312 311 1514

32 394 35 419 ε
70 349 322 418 Καϊάφας
342 349 401 417 ἐξ
420 348 661 419 ἀνάτκης
683 367 697 382 ·
739 351 929 421 ὥσπερ
961 353 1053 406 καὶ
1083 353 1280 419 πάντες
1316 357 1540 427 ὁμοίως,
1578 357 1630 410 ἐν

1748 360 1994 430 insuper,
2025 376 2055 415 e
2093 361 2340 432 potentia
2391 359 2458 414 ad
2506 370 2691 416 actum
2738 361 3042 431 procedens
3074 360 3316 416 Verbum

32 439 301 519 ιφυσικοῦ
355 440 520 509 λόγου
555 440 911 512 θνήσκουσιν
949 441 1029 495 ἐτι
1075 443 1183 514 μὴν
1227 446 1293 498 ἐκ
1338 445 1435 498 τοῦ
1482 445 1642 500 δυνά-

72 547 162 599 μει
194 532 273 593 εἰς
297 530 357 585 τὸ
389 531 637 603 ἐνεργείᾳ
668 534 946 604 προκόψας
974 536 1033 587 ἐν
1062 536 1177 599 τοῖς
1225 540 1476 605 φυσικοῖς
1510 539 1642 591 ἐαυ-

67 622 162 674 τοῦ
187 625 214 676 ὁ
243 611 412 692 Λόγος
448 628 695 693 φανεῖται
737 627 878 678 κατὰ
923 626 1023 696 τὴν
1061 626 1360 694 σάρκωσιν,
1396 629 1488 681 καὶ
1515 631 1642 682 ἀτε-

32 702 39 709 “
66 713 178 776 λεῖς
230 715 310 767 ἔτι
350 717 379 767 ὁ
428 717 614 787 Πατὴρ
644 717 739 770 καὶ
787 718 850 771 τὸ
900 719 1054 787 ἅγιον
1088 719 1311 788 Πνεῦμα
1349 720 1646 791 συγκριθῆ-

50 822 280 858 -σονταιο
301 802 374 859 ὢν
404 808 457 859 τί
481 810 872 880 ἀσεϐέστερονς
911 812 1005 864 καὶ
1037 813 1409 880 ὑποστατικὴν
1427 813 1508 872 δέ.
1535 830 1639 882 φα-

68 911 164 965 μεν
214 897 311 965 τὴν
358 899 549 952 ἕνωσιν
581 902 674 954 ἐπὶ
701 901 938 972 Χριστοῦ
963 918 977 933 ·
1028 902 1294 956 ἀνάπαλιν
1348 903 1529 972 μέντοι
1564 904 1642 974 τῷ

32 1004 37 1034 τ
69 990 451 1059 σημαινομὲνῳ
500 993 633 1059 ἡμῖν
685 995 828 1045 κατὰ
860 995 963 1062 τὴν
1007 995 1243 1065 φυσικήν
1266 1011 1280 1026 ·
1312 996 1372 1048 οὐ
1406 994 1515 1066 γὰρ
1566 997 1642 1058 ὡς

32 1104 37 1130 ;
66 1079 439 1143 ὑποστάσεων,
473 1083 591 1135 ἀλλ’
619 1083 695 1146 ὡς
728 1085 824 1137 τοῦ
856 1086 1031 1152 Λόγου
1061 1083 1226 1138 οὖσαν
1258 1086 1355 1155 τῆς
1403 1087 1640 1140 ὑποστά-

32 1193 39 1223 :
69 1186 204 1232 σεως
228 1171 417 1231 αὑτοῦ,
441 1173 657 1242 Ὥσπερ
715 1175 824 1245 γὰρ
871 1175 978 1246 ἰδίᾳ⁴
1028 1176 1202 1244 κρίνει
1235 1178 1325 1229 τὸν
1376 1177 1503 1230 Υἱὸν
1535 1177 1641 1230 ἀπὸ

32 1288 34 1295 π
63 1261 158 1313 τοῦ
186 1263 398 1334 Πατρος
428 1264 522 1317 καὶ
555 1266 648 1319 τοῦ
687 1266 1004 1336 Πνεῦματος
1020 1268 1130 1320 τῶν
1158 1269 1466 1339 ὁμοουσίων
1493 1268 1642 1338 αὐτῷ

32 1378 38 1409 τ
63 1353 96 1421 ἡ
130 1354 424 1425 ,γέ-θνησις,
455 1356 549 1409 καὶ
577 1356 636 1409 τὸ
693 1358 981 1426 αὐτολόγον
1013 1355 1173 1423 εἶναι,
1211 1360 1305 1414 καὶ
1332 1361 1399 1413 τὰ
1428 1361 1595 1414 τοιάδι

59 1443 205 1497 οὕτω
235 1447 330 1498 καὶ
368 1447 399 1515 ἡ
452 1447 727 1517 σάρκωσις
760 1450 925 1502 αὐτοῦ
968 1450 1280 1518 ἀναγκαίως
1328 1451 1491 1504 αὐτὸν
1519 1451 1642 1504 τού-

32 1554 164 1598 ιτων
211 1537 536 1602 διαστέλλει,
585 1538 681 1591 καὶ
710 1540 808 1610 οὐχ
857 1540 1043 1611 ἓτερον
1096 1540 1352 1593 ἀπὸλτῶν
1381 1541 1639 1610 ἀσάρκων

32 1628 314 1697 ιὸμοφνῶν
362 1630 512 1700 αὑτῷ
558 1630 899 1702 προσώπων
934 1633 1028 1685 καὶ
1088 1617 1284 1704 ἰδίωμα
1343 1634 1639 1702 ἐπίκτητον

1746 451 1802 505 in
1854 452 1968 507 suis
2014 453 2358 508 naturalibus
2401 452 2682 508 videbitur
2715 470 2814 524 per
2862 454 3319 517 incarnationem,

1744 544 1800 589 et
1820 534 2127 605 imperfecti
2142 537 2542 607 judicabuntur
2560 537 2722 593 Pater
2743 546 2800 592 et
2820 537 3058 607 Spiritus
3073 548 3319 593 sanctus.

1744 625 1887 691 Quid
1922 636 2106 681 autem
2151 628 2244 683 bis
2296 629 2467 700 magis
2496 629 2770 699 impium?
2798 630 3151 686 Personalem
3184 647 3319 701 quo-

1744 732 1853 785 que
1901 716 2139 771 dicimus
2185 719 2241 773 in
2279 718 2501 774 Christo
2546 719 2829 781 unionem.
2889 719 2985 775 sed
3041 721 3320 775 contrario

1744 818 1907 858 sensu
1943 820 2053 873 quo
2077 804 2319 860 diximus
2340 807 2646 861 naturalem
2674 823 2687 857 :
2735 821 2843 860 mn
2875 806 3022 860 enim
3050 821 3315 875 persona-

1745 909 1867 947 rum
1891 902 1977 947 cst
2029 895 2180 960 unio,
2215 894 2310 949 sed
2346 894 2649 949 secundum
2674 894 3322 966 Verbumejus~ubstan~

1743 986 1897 1040 tiam.
1930 986 2090 1041 Sicut
2118 986 2268 1042 enim
2326 986 2524 1040 Filium
2558 1002 2587 1040 a
2638 985 2796 1040 Patre
2834 996 2890 1040 et
2934 987 3144 1056 Spiritu
3194 1002 3321 1040 san-

1750 1088 1840 1131 cto
1889 1078 1991 1132 sibi
2025 1077 2596 1136 consubslantialibus
2618 1077 2840 1146 preprie
2865 1077 3151 1139 discernil,
3172 1077 3320 1146 quod

1706 1186 1715 1189 ‘
1745 1171 1817 1224 sit
1857 1171 2077 1240 genitus
2102 1180 2159 1224 et
2184 1185 2250 1224 ex
2273 1186 2331 1224 se
2357 1170 2598 1225 Verbum
2617 1179 2673 1223 et
2695 1169 2895 1223 similia
2926 1171 3054 1231 alia.
3079 1170 3158 1224 sic
3190 1185 3319 1225 eum

1742 1262 2054 1317 necessario
2076 1263 2196 1332 ejus
2218 1262 2546 1325 incarnatio,
2576 1276 2685 1315 non
2726 1272 2907 1316 autem
2933 1262 3103 1325 aliud,
3129 1261 3320 1316 abillis

1743 1353 2306 1409 consubstantialibus
2339 1361 2395 1408 et
2419 1353 2765 1422 incorporeis
2807 1354 3061 1423 personis
3113 1354 3321 1408 discer-

1744 1447 1846 1506 nit,
1895 1455 1949 1500 et
1975 1447 2089 1500 haec
2132 1444 2476 1514 acquisititia
2505 1445 2731 1514 quidem
2761 1454 2845 1499 est
2866 1445 3195 1514 proprietas,
3221 1446 3319 1515 sed

1742 1553 1961 1607 semper
2007 1536 2391 1606 inseparabilis
2422 1542 2479 1589 et
2530 1535 2588 1589 in
2622 1535 2788 1590 Verbi
2842 1536 3067 1605 quidem
3147 1535 3322 1606 hypo-

1742 1628 1874 1682 stasi
1922 1627 2327 1681 manifestatur.
2380 1625 2488 1680 Sed
2555 1626 2719 1680 aliam
2756 1640 2975 1695 quoque
3019 1625 3323 1695 impietatis

32 1758 35 1789 ί
60 1720 178 1789 μὲν,
208 1722 511 1793 ἀχώριστον
539 1723 595 1775 δέ
644 1723 850 1776 εἱσαεί·
879 1726 971 1777 καὶ
997 1725 1115 1778 τόδε
1148 1726 1207 1777 ἐν
1244 1728 1309 1795 τῇ
1342 1726 1630 1780 ὑποστάσει

1742 1721 2087 1776 occasionem
2142 1720 2272 1775 inde
2313 1728 2593 1774 sumentes
2627 1717 2773 1788 quod
2802 1733 2912 1772 non
2967 1719 3144 1788 possit
3191 1734 3320 1789 pars

32 1809 147 1879 ,τοῦ
179 1811 352 1878 Λόγου
381 1812 799 1880 καταφαίνεται.
834 1812 974 1864 Ἀλλ’
1003 1813 1195 1883 ἑτέραν
1233 1813 1333 1883 τῆς
1382 1811 1636 1875 ἀσεϐείας

32 1904 308 1973 ,ἀφορμὴν
335 1903 818 1975 προσποιούμενοι,
847 1903 936 1957 διὰ
964 1905 1024 1957 τὸ
1073 1904 1148 1974 μὴ
1171 1903 1432 1957 δύνασθαι
1470 1903 1634 1957 ἰσότι-

32 2022 33 2025 η
58 2013 156 2063 μον
179 1993 317 2049 εἶναι
356 1997 437 2068 τῷ
471 1996 578 2067 ὅλῳ
610 1996 838 2068 θάτερον
882 1997 989 2049 τῶν
1022 1993 1228 2067 μερῶν,
1265 1995 1401 2066 φασὶ
1427 2011 1632 2065 παραι-

32 2092 265 2159 Σ’τιῐσθαι
307 2092 405 2165 τὴν
454 2094 549 2146 ἐπὶ
586 2092 824 2164 Χριστοῦ
867 2093 1117 2147 σύνθεσιν
1140 2091 1235 2146 τοῦ
1280 2092 1455 2161 Λόγου
1494 2090 1633 2162 πρὸς

32 2186 149 2255 τὴν
178 2186 356 2257 σάρκα
382 2203 397 2217 ⁶
429 2187 649 2252 λέγουσι
671 2186 779 2257 γὰρ
812 2186 905 2239 ἐπὶ
926 2186 1125 2250 λέξεως
1159 2185 1336 2239 ταυτί·

636 2314 887 2369 ΚΕΦΑΛ.
920 2314 1047 2367 NA’.

136 2451 372 2521 Ἀνάγκη
409 2449 611 2513 αὐτοὺς
650 2448 835 2517 λέγειν
888 2448 982 2503 τὸν
1022 2448 1258 2518 Χριστὸν
1311 2448 1496 2515 αὐτὸν,
1542 2447 1636 2501 τοῦ

53 2539 188 2594 θεοῦ
222 2542 364 2595 κατὰ
399 2540 594 2611 μόνας,
643 2542 737 2594 καὶ
778 2540 872 2594 τοῦ
921 2540 1207 2612 ἀνθρώπου
1240 2539 1400 2593 κατά
1447 2540 1636 2611 μόνας,

54 2633 297 2686 τουτέστι
330 2634 441 2685 τῶν
499 2632 716 2686 οἰκείων
773 2633 956 2703 μερῶν
1008 2632 1111 2685 ἀνὰ
1161 2631 1327 2702 μέρος
1371 2631 1466 2685 καὶ
1512 2631 1638 2686 καθ’

32 2727 220 2780 εέαυτὰ
256 2725 682 2795 ἐπινοουμένων,
715 2724 749 2795 ἢ
804 2724 1087 2794 κρείττονα
1127 2719 1267 2776 εἶναι
1308 2723 1452 2777 κατά
1478 2740 1552 2789 τι,
1596 2724 1628 2794 ἢ

32 2819 274 2887 ’ἦττον-α.
334 2820 415 2872 Τὰ
471 2818 578 2886 γὰρ
633 2817 744 2870 τῶν
798 2819 1255 2886 ἀποτελεσμάτων
1310 2817 1451 2886 μέρη
1509 2817 1635 2869 καθ’

32 2907 246 2973 ςέαυτά,
288 2908 381 2959 καὶ
423 2908 593 2975 χωρὶς
636 2906 738 2975 τῆς
771 2906 908 2976 πρὸς
947 2906 1151 2975 ἄλληλα
1182 2905 1485 2967 συνθέσεως
1517 2906 1636 2957 ἐπι-

34 3000 344 3069 ςνοούμενα,
371 2998 591 3059 πάντως
637 2996 780 3048 κατά
823 3013 874 3048 τι
924 2997 957 3067 ἢ
1013 2997 1298 3065 κρείττονα
1352 2997 1385 3067 ἢ
1436 2996 1634 3066 ἥττονα

32 3085 369 3151 ςεὺρίσκεται
399 3081 492 3134 τοῦ
526 3080 587 3145 ἐξ
614 3080 793 3133 αὐτῶν
820 3082 1262 3152 ἀποτελέσματος
1287 3100 1301 3114 ·
1342 3080 1454 3136 οἷον
1494 3084 1632 3136 λίθοι
1670 3116 1673 3152 ί

51 3174 145 3228 καὶ
181 3173 331 3238 ξύλα,
381 3173 527 3243 μέρη
558 3172 708 3224 οἴκου
753 3171 787 3242 ἧ
828 3171 949 3225 ναοῦ
1001 3172 1094 3225 τοῦ
1138 3172 1244 3225 ὑπὸ
1287 3174 1630 3242 Σολομῶντος
1657 3148 1701 3209 C

32 3264 361 3329 ,xrmOévm;
390 3277 405 3291 ‘
452 3265 545 3316 καὶ
575 3262 801 3333 πρόδηλι
822 3282 842 3316 θ
883 3264 966 3317 ὅτι
994 3263 1258 3332 ἐκάτερον
1286 3263 1408 3317 καθ’
1448 3264 1628 3330 ἐαυτδ,

32 3354 212 3429 ἦττον
265 3358 358 3410 τοῦ
404 3357 526 3410 ὅλην
573 3358 759 3410 οἴκου·
808 3373 844 3405 ·ι
862 3355 972 3408 ὶλιν
1023 3354 1299 3417 ὑάκινθος,
1351 3354 1629 3426 πορφύρα,

32 3449 304 3513 αόκκινον
335 3448 739 3518 κεκλωσμὲνον,
779 3448 979 3518 posco;
1011 3449 1314 3517 νενησμὲνη
1357 3447 1497 3517 μέρη
1536 3449 1630 3501 τοῦ

32 3541 550 3609 ζκαταπετάσματος
578 3540 678 3609 τῆς
733 3541 970 3610 σκηνῆς·
1019 3541 1115 3593 καὶ
1161 3539 1368 3594 τούτων
1401 3539 1634 3594 ἕκαστον

58 3633 199 3684 κατά
228 3632 397 3700 μόνας
426 3629 644 3682 ἔλαττον
676 3630 960 3701 προδήλως
992 3629 1088 3682 τοῦ
1118 3631 1633 3700 καταπετάσματος·

56 3721 227 3785 (οὓτως
261 3722 358 3773 καὶ
402 3720 499 3774 ἐπὶ
533 3719 627 3773 τοῦ
664 3720 974 3788 ἀνθρώπου.
1003 3720 1188 3786 ,Κατὰ
1219 3722 1317 3790 μέν
1345 3721 1468 3784 τοὺς
1495 3723 1633 3795 Χρι-

54 3812 305 3873 στιανοὺς
362 3810 626 3880 κρείττων
651 3813 679 3863 ὁ
719 3810 1004 3880 ἄνθρωπος
1052 3810 1184 3864 αὐτὸ
1226 3811 1386 3866 τοῦτο
1413 3813 1472 3865 τὸ
1513 3813 1631 3866 ὅλον

54 3902 214 3963 ζῶον,
248 3903 345 3954 καὶ
373 3902 474 3973 τῆς
503 3903 683 3972 ψυχῆς
729 3904 824 3956 καὶ
868 3901 962 3954 τοῦ
1004 3902 1255 3973 σώματος
1280 3917 1293 3930 ·
1336 3904 1458 3955 ἐπεὶ
1493 3903 1634 3974 μετὰ

50 3993 150 4063 τὴν
178 3994 357 4058 ἔξοδον
388 3994 488 4062 τῆς
513 3994 693 4064 ψυχῆς
724 3997 787 4047 ἐκ
836 3993 933 4047 τοῦ
982 3994 1253 4064 σώματος,
1292 3996 1386 4049 καὶ
1423 3997 1457 4065 ἡ
1487 3995 1634 4067 ψυχὴ

51 4086 188 4156 πρὸς
229 4085 512 4156 ἐνέργειαν
575 4086 930 4156 αὐτοκίνητον
986 4087 1266 4151 ἀδυνάτως
1307 4086 1419 4157 ἔχει
1458 4087 1535 4150 ὡς
1572 4090 1652 4141 ἐν’

52 4176 207 4248 ὕπνῳ
241 4177 548 4247 βαθυτάτῳ,
584 4177 680 4231 καὶ
718 4178 851 4251 μηδὲ
882 4179 1084 4248 ἑαυτὴν
1144 4180 1481 4250 ἐπισταμένη
1511 4179 1630 4233 διά-

1744 1819 1916 1872 altera
1959 1816 2057 1872 toti
2092 1832 2213 1871 esse
2244 1815 2495 1885 aequalis,
2542 1814 2898 1884 reiiciendam
2930 1830 3051 1871 esse
3091 1825 3318 1872 conten-

1742 1910 1881 1964 dunt
1916 1908 1972 1963 in
2011 1909 2233 1964 Christo
2261 1908 2429 1964 Verbi
2457 1916 2515 1962 et
2555 1908 2740 1963 carnis
2766 1907 3065 1974 unionem;
3108 1916 3164 1964 et
3198 1910 3316 1965 haec

1740 2016 1842 2070 pro
1880 2016 1981 2055 suo
2015 2000 2166 2054 dicto
2185 1999 2426 2054 aﬂ'crunt
2454 2016 2467 2051 :

2388 2311 2540 2366 CAP.
2579 2309 2666 2364 LI.
3049 2228 3067 2273 ‘

1812 2448 2117 2507 Dicendum
2145 2448 2226 2504 eis
2254 2457 2340 2503 est
2361 2446 2643 2502 Christum
2670 2446 2874 2517 ipsum,
2906 2446 2994 2502 vel
3027 2447 3140 2505 Deo
3170 2447 3311 2512 solo,

1740 2544 1826 2599 vel
1860 2542 2080 2597 homine
2114 2540 2253 2604 solo,
2286 2538 2339 2593 id
2367 2546 2453 2594 est
2489 2539 2605 2593 suis
2650 2538 2899 2608 partibus
2936 2539 3231 2608 separatim
3259 2550 3317 2592 et

1740 2636 1796 2690 in
1829 2650 1889 2690 se
1917 2632 2307 2692 consideratis,
2335 2631 2419 2686 vel
2444 2631 2728 2686 meliorem
2752 2646 2874 2686 esse
2913 2633 2999 2686 vel
3042 2632 3312 2703 pejorcm.

1745 2726 1938 2782 Omnis
1971 2726 2119 2781 enim
2159 2724 2449 2793 compositi
2476 2732 2661 2793 partes
2691 2723 2752 2777 in
2776 2739 2833 2778 se
2856 2732 2914 2778 et
2942 2724 3318 2795 independen-

1741 2824 1839 2868 ter'
1872 2814 1940 2868 ad
1986 2827 2142 2867 suam
2193 2811 2479 2875 unionem,
2526 2810 2613 2864 vel
2656 2810 2916 2866 meliores
2962 2811 3047 2866 vel
3099 2814 3315 2883 pejores

1740 2904 2057 2959 necessario
2094 2913 2224 2957 sunt
2254 2911 2370 2957 toto
2398 2917 2466 2955 ex
2496 2901 2630 2970 ipsis
2661 2902 3045 2969 coalescente;
3071 2906 3310 2975 exempli

1738 2997 1934 3067 gratia,
1967 2995 2176 3064 lapides
2215 3003 2272 3048 et
2310 2994 2479 3064 ligna,
2517 3008 2639 3062 quae
2690 3002 2878 3063 partes
2939 3004 3068 3049 sunt
3114 2996 3314 3053 domus

1736 3088 1821 3142 vel
1886 3085 2073 3155 templi
2131 3084 2460 3147 Salomonis,
2515 3082 2744 3137 evidens
2796 3085 3119 3141 estminora
3165 3102 3312 3153 esse,

1736 3178 1950 3247 singula
1970 3177 2093 3230 etin
2118 3190 2200 3240 se,
2216 3183 2329 3229 tota
2346 3175 2528 3228 domo.
2559 3173 2651 3228 Sic
2674 3174 3023 3244 hyacinthus.
3043 3191 3309 3247 purpura,

1737 3269 2048 3333 coccinum,
2078 3267 2271 3338 hyssus
2294 3266 2455 3319 simul
2490 3265 2696 3319 intexta
2753 3272 2938 3335 partes
2963 3276 3093 3321 sunt
3142 3268 3305 3322 συιωί

1738 3361 2099 3425 tabernaculi,
2155 3374 2348 3413 eorum
2405 3366 2589 3413 autem
2642 3358 3076 3429 unumquodque
3129 3361 3310 3415 mani-

1736 3452 1873 3508 feste
1910 3453 2093 3507 minus
2147 3463 2231 3506 est
2289 3451 2482 3506 aulzeo.
2542 3450 2636 3505 Sic
2679 3452 2846 3506 etiam
2902 3451 2970 3506 de
3028 3451 3306 3509 homine:

1736 3541 2037 3594 secundum
2096 3528 2247 3593 enim
2305 3537 2668 3603 Christianos,
2730 3539 2928 3593 melior
2977 3549 3063 3594 est
3118 3539 3307 3607 homo,

1738 3630 1938 3685 animal
1968 3628 2101 3683 illud
2133 3637 2328 3689 totum,
2357 3636 2413 3681 et
2437 3628 2618 3681 anima
2645 3636 2699 3682 et
2731 3645 2962 3699 corpore
2992 3631 3307 3700 ;siquidem

1738 3730 1861 3789 post
1880 3720 2077 3773 anima:
2100 3718 2403 3772 discessum
2428 3733 2496 3771 ex
2519 3734 2772 3787 corpore,
2792 3720 2971 3775 anima
3006 3737 3115 3775 non
3143 3723 3311 3778 habet

1739 3821 1946 3864 motum
1970 3809 2074 3863 sibi
2110 3808 2417 3877 proprium,
2456 3816 2517 3861 ut
2553 3808 2613 3862 lit
2641 3809 2694 3862 in
2723 3811 2903 3864 altiori
2942 3827 3160 3876 somno,
3206 3829 3309 3867 nec

1734 3916 1793 3956 se
1823 3901 1997 3969 ipsam
2026 3897 2330 3967 cognoscit,
2378 3910 2435 3952 et
2484 3913 2674 3953 eorum
2731 3916 2853 3969 qua:
2902 3916 3026 3956 cum
3076 3918 3309 3973 corpore

1733 3993 1865 4062 egit,
1889 3990 2194 4047 secundum
2219 3989 2436 4044 divinas
2456 3988 2772 4060 Scripturas
2796 3992 3064 4047 rationem
3091 3994 3306 4054 reddet.

1732 4086 1866 4154 quin
1892 4082 2119 4153 ell‘ugiat
2149 4097 2251 4135 suo
2283 4097 2313 4135 a
2351 4096 2585 4151 corpore
2632 4082 2880 4138 discessu
2926 4092 3024 4138 aut
3056 4085 3110 4139 in
3153 4089 3310 4158 pejus

1732 4184 1964 4238 mutata,
1994 4190 2063 4229 ne
2105 4174 2405 4244 Scriptura:
2438 4174 2731 4229 mendaces
2769 4175 3097 4232 elIiciantur.

49 4285 223 4334 γουσα
245 4284 260 4299 ο
288 4270 381 4321 καὶ
422 4268 531 4322 τῶν
563 4268 703 4339 μετὰ
757 4267 853 4322 τοῦ
911 4268 1163 4339 σώματος
1199 4271 1452 4343 πράξεων
1483 4273 1622 4326 κατὰ
1654 4274 1752 4343 τὴν
1789 4269 1940 4321 θείαν
1980 4268 2020 4319 Γ
2026 4268 2204 4339 ραφὴν
2236 4266 2567 4337 ἐκδεχομένη
2613 4267 2711 4335 τὴν
2746 4268 2980 4338 ἀμοιϐήν
3006 4289 3021 4302 θ
3085 4271 3309 4336 ἀστιυας

48 4363 148 4414 οὐκ
167 4357 492 4426 ἐκφεύξεται
511 4359 589 4429 τῷ
618 4358 885 4430 χωρισμῷ
910 4358 1003 4412 τοῦ
1025 4360 1279 4429 σώματος
1304 4403 1318 4427 ,
1357 4362 1475 4415 οὐδὲ
1507 4363 1601 4415 ἐπὶ
1635 4361 1697 4415 τὸ
1727 4362 1909 4432 χεῖρον
1943 4358 2282 4429 τρεπομένη,
2319 4356 2404 4411 ἵνα
2430 4356 2505 4426 μὴ
2525 4355 2594 4409 τά
2626 4355 2723 4427 τῆς
2742 4356 2959 4429 Γραφῆς
2984 4360 3303 4435 διαψευσθῇ.

119 4452 343 4514 Τούτοις
371 4450 428 4504 δὲ
456 4450 668 4516 ἕπεται,
696 4449 772 4521 τῷ
810 4451 947 4521 μηδὲ
975 4451 1069 4504 ἐπὶ
1094 4452 1155 4504 τὸ
1185 4453 1623 4522 κρεῖττον,λέγω,

1800 4449 1881 4503 Ex
1912 4462 1979 4503 eo
2013 4447 2161 4518 quod
2187 4462 2290 4502 nec
2320 4447 2374 4500 in
2402 4447 2598 4502 melius
2621 4462 2725 4504 nec
2753 4447 2809 4502 in
2837 4450 2995 4520 pejus
3037 4460 3301 4518 mutatur,

48 4544 188 4616 μηδέ
239 4545 333 4597 ἐπὶ
380 4541 440 4595 τὺ
482 4544 665 4613 χεῖρον
730 4540 1064 4612 τρέπεσθαι,
1109 4542 1141 4613 ἢ
1189 4542 1249 4594 τὸ
1308 4542 1623 4596 παντέλειον

48 4635 228 4688 ἐκεῖνο
256 4634 350 4685 καὶ
394 4632 456 4685 τὸ
508 4631 930 4702 παμμακάριον,
979 4631 1040 4683 τὸ
1091 4630 1539 4702 προσδοκώμενον
1566 4634 1623 4686 ἐν

47 4728 114 4795 τῇ
135 4723 431 4778 ἀναστάσει
461 4724 656 4775 ἐνεῖναι
684 4726 750 4792 τῇ
779 4722 937 4789 φύσει
970 4723 1090 4794 ἤδη,
1120 4722 1151 4791 ἢ
1184 4723 1243 4775 τὸ
1278 4724 1453 4794 πάντη
1495 4724 1626 4794 ἡσυ-

44 4817 235 4887 χάζειν
267 4816 327 4869 τὸ
350 4815 587 4883 λογικὸν,
616 4816 736 4868 ἐπεὶ
770 4816 933 4885 μηδὲν
974 4816 1415 4886 αὑτοπροαιρὲτῳ
1459 4816 1620 4887 βουλῇ

45 4909 365 4977 κινούμενον
395 4907 621 4979 μηδενὸς
660 4907 782 4977 ἔχον
820 4907 957 4970 ὅλως
1000 4906 1252 4977 αἴσθησίν
1279 4907 1625 4983 ἐστιν’ἀλλὰ

40 5002 102 5053 τὸ
134 5001 406 5069 πρότερον
431 4999 538 5052 οὐδ’
582 4996 1028 5066 εἰσκεκόμισταιο
1071 4998 1164 5052 τοῦ
1193 4997 1329 5052 Θεοῦ
1376 4999 1621 5070 κρεῖττόν

39 5111 93 5146 τι
126 5090 577 5158 προϐλεψαμένου
614 5088 742 5158 περὶ
782 5089 964 5157 ἡμῶν,
1001 5089 1089 5142 ἶνα
1121 5091 1213 5160 ’μὴ
1266 5091 1432 5161 χωρὶς
1462 5091 1622 5160 ἡμῶν

39 5186 89 5237 οἱ
122 5181 378 5253 πρότεροι
405 5178 732 5233 τελειωθῶσι
753 5194 766 5208 ·
798 5180 858 5232 τὸ
885 5179 1138 5250 δεύτερον
1167 5182 1274 5251 ἄρα
1306 5181 1423 5235 ἐστι
1453 5201 1463 5213 ·
1498 5182 1620 5235 καθ’

40 5280 73 5349 ἠ
84 5277 191 5343 μᾶς
217 5270 311 5328 οὖν
342 5273 467 5336 τοὺς
494 5273 857 5343 Χριστιανοὺς
899 5277 958 5325 οὐ
994 5272 1258 5343 κρείττων
1284 5278 1312 5328 ὁ
1337 5273 1623 5346 ἄνθρωπος

39 5367 156 5421 τῶν
185 5364 404 5420 οἰκείων
437 5364 621 5434 μερῶν
648 5362 770 5417 καθ’
800 5364 972 5418 ἑαυτὰ
993 5364 1387 5437 θεωρουμένων
1415 5368 1628 5422 δείκνυ-

40 5478 133 5514 ται
153 5475 169 5491 ·
191 5459 333 5513 κατὰ
349 5457 405 5511 δέ
431 5457 565 5521 τοὺς
585 5456 855 5524 Ἕλληνας
887 5458 985 5512 καὶ
1008 5460 1135 5523 τοὺς
1164 5461 1502 5531 Μανιχαίους
1529 5461 1624 5517 τοῦ

43 5544 156 5619 μὲν
197 5549 444 5620 σώματος
483 5548 749 5620 κρεῖττον
787 5550 814 5602 ὁ
845 5548 1166 5622 ἄνθρωπος·
1203 5551 1302 5622 τῆς
1330 5553 1387 5607 δὲ
1421 5552 1621 5625 ψυχῆς,

42 5643 220 5712 ἥττων
281 5643 454 5711 τούτῳ
511 5639 587 5712 τῷ
645 5641 814 5711 λόγῳ.
848 5640 963 5711 ’ἰὴν
1010 5643 1111 5709 μὲν
1159 5645 1268 5713 γὰρ
1314 5642 1491 5716 ψυχὴν
1526 5647 1621 5698 καὶ

366 5735 632 5795 ΡΑτειοιι.
677 5733 793 5793 Gn.
844 5735 1175 5799 LXXXVI.
1465 5762 1473 5770 -

1732 4539 1863 4594 inde
1912 4540 2166 4609 sequitur
2220 4539 2304 4594 vel
2353 4539 2443 4593 ille
2476 4547 2652 4594 status
2700 4541 2882 4595 omnis
2926 4542 3303 4610 perfectionis,

1733 4631 2123 4700 immensaque
2169 4629 2533 4685 beatitudinis
2575 4646 2741 4701 quem
2792 4631 2845 4686 in
2894 4636 3304 4691 resurrectione

1731 4733 2132 4795 exspectamus,
2191 4723 2274 4778 vel
2324 4723 2555 4779 rationis
2612 4724 2873 4779 absoluta
2926 4726 3304 4793 immobilitas,

1731 4835 1855 4875 cum
1901 4819 2041 4873 nihil
2095 4826 2398 4889 spontanea
2487 4818 2766 4874 voluntate
2814 4819 3045 4876 minime
3095 4831 3305 4878 motum

1728 4914 1938 4969 nullius
1974 4915 2052 4968 rei
2085 4928 2304 4967 sensum
2334 4912 2567 4975 habeat,
2595 4911 2692 4966 sed
2735 4912 2888 4979 prius
2928 4915 3173 4969 nondum
3202 4916 3303 4970 ad-

1728 5006 1900 5069 venit,
1927 5005 2038 5059 Deo
2063 5002 2262 5057 melius
2289 5002 2452 5056 nobis
2486 5001 2815 5071 providente
2837 5019 2905 5057 ne
2928 5015 3308 5062 antecessores

1727 5096 1903 5150 nostri
1936 5096 2055 5148 sine
2087 5094 2244 5147 nobis
2277 5091 2503 5162 perfecti
2533 5091 2699 5156 ﬁant;
2728 5094 3004 5161 posterius
3045 5111 3177 5165 ergo
3208 5112 3302 5151 ve-

1730 5204 1850 5243 rum
1884 5196 2008 5253 est;
2034 5185 2341 5241 secundum
2378 5199 2480 5240 nos
2505 5183 2713 5238 etenim
2736 5184 3101 5252 Christianos,
3137 5188 3304 5245 homo

1730 5295 1838 5334 non
1885 5287 1970 5333 est
1997 5262 2192 5332 melior
2236 5277 2469 5347 singulis
2516 5276 2767 5346 partibus
2795 5277 3000 5347 quibus
3048 5292 3301 5341 constat;

1727 5372 2031 5428 secundum
2088 5385 2224 5426 vero
2275 5370 2493 5426 Graecos
2535 5378 2593 5425 et
2639 5371 2987 5435 Manieliteos,
3044 5388 3274 5443 corpore

1728 5465 1924 5520 melior
1951 5473 2037 5521 est
2060 5464 2247 5530 homo,
2279 5464 2464 5518 anima
2489 5478 2623 5518 vero
2651 5464 2830 5534 pejor,
2847 5471 3075 5535 propter
3094 5464 3307 5520 hancce

1730 5540 2043 5615 rationem:
2074 5556 2316 5611 animam
2343 5555 2554 5613 scilicet
2582 5556 2821 5611 credunt
2855 5556 3074 5626 corpori
3102 5572 3319 5630 praan-

1725 5650 1920 5703 sEstere
1951 5647 2086 5719 quin
2122 5661 2262 5718 opus
2290 5647 2490 5702 habeat
2528 5646 2900 5718 corporalium
2925 5647 3211 5715 seuSuum,
3247 5660 3308 5708 et

2749 5738 2825 5802 48
