  <div class='ocr_page' id='page_1' title='image "/cluster/home/n/w/nwhite01/storage/ocr_20150623/86 pars.1/pst.000005712878/802.png"; bbox 0 0 3876 6310; ppageno 0'>
   <div class='ocr_carea' id='block_1_1' title="bbox 139 240 275 308">
    <p class='ocr_par' dir='ltr' id='par_1_1' title="bbox 139 240 275 308">
     <span class='ocr_line' id='line_1_1' title="bbox 139 240 275 308; baseline -0.007 -2"><span class='ocrx_word' id='word_1_1' title='bbox 139 240 275 308; x_wconf 61' lang='lat' dir='ltr'><strong>illi?</strong></span> 
     </span>
    </p>
   </div>
   <div class='ocr_carea' id='block_1_2' title="bbox 1081 243 2425 309">
    <p class='ocr_par' dir='ltr' id='par_1_2' title="bbox 1081 243 2425 309">
     <span class='ocr_line' id='line_1_2' title="bbox 1081 243 2425 309; baseline 0.001 -3"><span class='ocrx_word' id='word_1_2' title='bbox 1081 246 1475 309; x_wconf 79' lang='lat' dir='ltr'><strong>ADVERSUS</strong></span> <span class='ocrx_word' id='word_1_3' title='bbox 1512 243 2152 307; x_wconf 77' lang='lat' dir='ltr'><strong>NESTORIANOS.-—</strong></span> <span class='ocrx_word' id='word_1_4' title='bbox 2184 246 2331 309; x_wconf 78' lang='lat' dir='ltr'><strong>LIB.</strong></span> <span class='ocrx_word' id='word_1_5' title='bbox 2374 246 2425 307; x_wconf 90' lang='grc' dir='ltr'><strong>Ι.</strong></span> 
     </span>
    </p>
   </div>
   <div class='ocr_carea' id='block_1_3' title="bbox 3276 230 3418 311">
    <p class='ocr_par' dir='ltr' id='par_1_3' title="bbox 3276 230 3418 311">
     <span class='ocr_line' id='line_1_3' title="bbox 3276 230 3418 311; baseline -0.035 0"><span class='ocrx_word' id='word_1_6' title='bbox 3276 230 3418 311; x_wconf 71' lang='lat'><strong>1513‘</strong></span> 
     </span>
    </p>
   </div>
   <div class='ocr_carea' id='block_1_4' title="bbox 145 340 1725 431">
    <p class='ocr_par' dir='ltr' id='par_1_4' title="bbox 145 340 1707 431">
     <span class='ocr_line' id='line_1_4' title="bbox 145 340 1707 431; baseline -0.001 -18"><span class='ocrx_word' id='word_1_7' title='bbox 145 340 375 431; x_wconf 71' lang='grc' dir='ltr'>δροῦμιν</span> <span class='ocrx_word' id='word_1_8' title='bbox 406 357 464 412; x_wconf 72' lang='grc' dir='ltr'>ὃν</span> <span class='ocrx_word' id='word_1_9' title='bbox 511 357 607 413; x_wconf 71' lang='grc' dir='ltr'>καὶ</span> <span class='ocrx_word' id='word_1_10' title='bbox 654 358 964 430; x_wconf 69' lang='grc' dir='ltr'>ἀκίϐδηλον,</span> <span class='ocrx_word' id='word_1_11' title='bbox 1021 358 1176 412; x_wconf 70' lang='grc' dir='ltr'>οὐδὲν</span> <span class='ocrx_word' id='word_1_12' title='bbox 1233 359 1424 413; x_wconf 84' lang='grc' dir='ltr'>διοίσει</span> <span class='ocrx_word' id='word_1_13' title='bbox 1480 359 1707 430; x_wconf 86' lang='grc' dir='ltr'>χρυσίου</span> 
     </span>
    </p>
   </div>
   <div class='ocr_carea' id='block_1_5' title="bbox 1830 340 3387 431">
    <p class='ocr_par' dir='ltr' id='par_1_5' title="bbox 1830 358 3387 423">
     <span class='ocr_line' id='line_1_5' title="bbox 1830 358 3387 423; baseline 0.006 -11"><span class='ocrx_word' id='word_1_14' title='bbox 1830 358 2117 415; x_wconf 69' lang='lat' dir='ltr'><strong>secundum</strong></span> <span class='ocrx_word' id='word_1_15' title='bbox 2158 369 2409 416; x_wconf 87' lang='lat' dir='ltr'><strong>naturam</strong></span> <span class='ocrx_word' id='word_1_16' title='bbox 2446 359 2686 419; x_wconf 74' lang='lat' dir='ltr'><strong>diiieret.</strong></span> <span class='ocrx_word' id='word_1_17' title='bbox 2718 364 2839 421; x_wconf 77' lang='lat' dir='ltr'><strong>Non</strong></span> <span class='ocrx_word' id='word_1_18' title='bbox 2872 366 3023 422; x_wconf 88' lang='lat' dir='ltr'><strong>enim</strong></span> <span class='ocrx_word' id='word_1_19' title='bbox 3069 365 3252 423; x_wconf 77' lang='lat' dir='ltr'><strong>ﬁctilis</strong></span> <span class='ocrx_word' id='word_1_20' title='bbox 3276 367 3387 422; x_wconf 82' lang='lat' dir='ltr'><strong>cir-</strong></span> 
     </span>
    </p>
   </div>
   <div class='ocr_carea' id='block_1_6' title="bbox 147 449 1710 521">
    <p class='ocr_par' dir='ltr' id='par_1_6' title="bbox 147 449 1710 521">
     <span class='ocr_line' id='line_1_6' title="bbox 147 449 1710 521; baseline 0.001 -19"><span class='ocrx_word' id='word_1_21' title='bbox 147 449 351 520; x_wconf 82' lang='grc' dir='ltr'>γυμνοῦ</span> <span class='ocrx_word' id='word_1_22' title='bbox 379 450 518 504; x_wconf 78' lang='grc' dir='ltr'>κατὰ</span> <span class='ocrx_word' id='word_1_23' title='bbox 553 452 655 519; x_wconf 83' lang='grc' dir='ltr'>τὴν</span> <span class='ocrx_word' id='word_1_24' title='bbox 692 451 874 520; x_wconf 78' lang='grc' dir='ltr'>φύσιν.</span> <span class='ocrx_word' id='word_1_25' title='bbox 895 449 961 504; x_wconf 83' lang='grc' dir='ltr'><strong><em>Ἥ</em></strong></span> <span class='ocrx_word' id='word_1_26' title='bbox 991 451 1101 520; x_wconf 85' lang='grc' dir='ltr'><strong>γὰρ</strong></span> <span class='ocrx_word' id='word_1_27' title='bbox 1130 451 1413 521; x_wconf 74' lang='grc' dir='ltr'><strong>περίθεσις</strong></span> <span class='ocrx_word' id='word_1_28' title='bbox 1460 450 1555 503; x_wconf 86' lang='grc' dir='ltr'><strong>τοῦ</strong></span> <span class='ocrx_word' id='word_1_29' title='bbox 1601 467 1710 519; x_wconf 85' lang='grc' dir='ltr'><strong>πη-</strong></span> 
     </span>
    </p>
   </div>
   <div class='ocr_carea' id='block_1_7' title="bbox 146 539 1708 612">
    <p class='ocr_par' dir='ltr' id='par_1_7' title="bbox 146 539 1708 612">
     <span class='ocr_line' id='line_1_7' title="bbox 146 539 1708 612; baseline 0 -20"><span class='ocrx_word' id='word_1_30' title='bbox 146 539 239 594; x_wconf 93' lang='grc' dir='ltr'><strong>λοῦ</strong></span> <span class='ocrx_word' id='word_1_31' title='bbox 266 542 363 594; x_wconf 77' lang='grc' dir='ltr'>οὐκ</span> <span class='ocrx_word' id='word_1_32' title='bbox 388 542 665 595; x_wconf 72' lang='grc' dir='ltr'><strong>ἀναπείθει</strong></span> <span class='ocrx_word' id='word_1_33' title='bbox 692 542 946 612; x_wconf 80' lang='grc' dir='ltr'>σώφρονα</span> <span class='ocrx_word' id='word_1_34' title='bbox 967 541 1115 604; x_wconf 89' lang='grc' dir='ltr'>νοῦν,</span> <span class='ocrx_word' id='word_1_35' title='bbox 1152 540 1453 612; x_wconf 71' lang='grc' dir='ltr'>βεϐλάφθαι</span> <span class='ocrx_word' id='word_1_36' title='bbox 1492 542 1575 604; x_wconf 82' lang='grc' dir='ltr'><strong>εἰς</strong></span> <span class='ocrx_word' id='word_1_37' title='bbox 1603 540 1708 609; x_wconf 75' lang='grc' dir='ltr'><strong>φύ-</strong></span> 
     </span>
    </p>
   </div>
   <div class='ocr_carea' id='block_1_8' title="bbox 148 627 1711 703">
    <p class='ocr_par' dir='ltr' id='par_1_8' title="bbox 148 627 1711 703">
     <span class='ocr_line' id='line_1_8' title="bbox 148 627 1711 703; baseline 0 -19"><span class='ocrx_word' id='word_1_38' title='bbox 148 641 233 685; x_wconf 64' lang='grc' dir='ltr'><strong>σιν</strong></span> <span class='ocrx_word' id='word_1_39' title='bbox 260 632 352 685; x_wconf 78' lang='grc' dir='ltr'>τὸν</span> <span class='ocrx_word' id='word_1_40' title='bbox 375 632 591 702; x_wconf 84' lang='grc' dir='ltr'>χρυσὸν,</span> <span class='ocrx_word' id='word_1_41' title='bbox 631 632 777 699; x_wconf 77' lang='grc' dir='ltr'>ἅπαξ</span> <span class='ocrx_word' id='word_1_42' title='bbox 807 633 1207 702; x_wconf 80' lang='grc' dir='ltr'>διεγνωσμένον</span> <span class='ocrx_word' id='word_1_43' title='bbox 1239 633 1341 703; x_wconf 84' lang='grc' dir='ltr'>τὴν</span> <span class='ocrx_word' id='word_1_44' title='bbox 1366 632 1532 700; x_wconf 74' lang='grc' dir='ltr'>φῦσιν</span> <span class='ocrx_word' id='word_1_45' title='bbox 1571 627 1711 685; x_wconf 76' lang='grc' dir='ltr'>εἶναι</span> 
     </span>
    </p>
   </div>
   <div class='ocr_carea' id='block_1_9' title="bbox 147 722 1712 794">
    <p class='ocr_par' dir='ltr' id='par_1_9' title="bbox 147 722 1712 794">
     <span class='ocr_line' id='line_1_9' title="bbox 147 722 1712 794; baseline 0.001 -20"><span class='ocrx_word' id='word_1_46' title='bbox 147 723 284 793; x_wconf 70' lang='grc' dir='ltr'>πρὸς</span> <span class='ocrx_word' id='word_1_47' title='bbox 336 724 401 777; x_wconf 79' lang='grc' dir='ltr'>τὰ</span> <span class='ocrx_word' id='word_1_48' title='bbox 449 723 667 793; x_wconf 79' lang='grc' dir='ltr'>χείρονα</span> <span class='ocrx_word' id='word_1_49' title='bbox 715 726 1132 794; x_wconf 76' lang='grc' dir='ltr'><strong>ἀμετάτρεπτον</strong></span> <span class='ocrx_word' id='word_1_50' title='bbox 1162 741 1176 755; x_wconf 82' lang='lat'><strong><em>°</em></strong></span> <span class='ocrx_word' id='word_1_51' title='bbox 1209 723 1325 777; x_wconf 80' lang='grc' dir='ltr'>ἀλλ’</span> <span class='ocrx_word' id='word_1_52' title='bbox 1375 722 1497 776; x_wconf 75' lang='grc' dir='ltr'><strong>οὐδὲ</strong></span> <span class='ocrx_word' id='word_1_53' title='bbox 1547 722 1712 776; x_wconf 74' lang='grc' dir='ltr'>πάλιν</span> 
     </span>
    </p>
   </div>
   <div class='ocr_carea' id='block_1_10' title="bbox 147 812 1711 888">
    <p class='ocr_par' dir='ltr' id='par_1_10' title="bbox 147 812 1711 888">
     <span class='ocr_line' id='line_1_10' title="bbox 147 812 1711 888; baseline -0.001 -21"><span class='ocrx_word' id='word_1_54' title='bbox 147 815 430 884; x_wconf 80' lang='grc' dir='ltr'>κρείττονα</span> <span class='ocrx_word' id='word_1_55' title='bbox 464 812 603 868; x_wconf 73' lang='grc' dir='ltr'>εἶναι</span> <span class='ocrx_word' id='word_1_56' title='bbox 638 817 847 887; x_wconf 78' lang='grc' dir='ltr'><strong>γυμνοῦ</strong></span> <span class='ocrx_word' id='word_1_57' title='bbox 897 815 1119 888; x_wconf 79' lang='grc' dir='ltr'>χρυσίου</span> <span class='ocrx_word' id='word_1_58' title='bbox 1168 815 1257 869; x_wconf 77' lang='grc' dir='ltr'><strong>διὰ</strong></span> <span class='ocrx_word' id='word_1_59' title='bbox 1294 814 1394 886; x_wconf 79' lang='grc' dir='ltr'>τὴν</span> <span class='ocrx_word' id='word_1_60' title='bbox 1423 815 1711 886; x_wconf 84' lang='grc' dir='ltr'>περίθεσιν</span> 
     </span>
    </p>
   </div>
   <div class='ocr_carea' id='block_1_11' title="bbox 144 904 1715 979">
    <p class='ocr_par' dir='ltr' id='par_1_11' title="bbox 144 904 1715 979">
     <span class='ocr_line' id='line_1_11' title="bbox 144 904 1715 979; baseline 0.003 -22"><span class='ocrx_word' id='word_1_61' title='bbox 144 904 239 957; x_wconf 64' lang='grc' dir='ltr'><strong>τοῦ</strong></span> <span class='ocrx_word' id='word_1_62' title='bbox 277 905 448 974; x_wconf 80' lang='grc' dir='ltr'>πηλοῦ</span> <span class='ocrx_word' id='word_1_63' title='bbox 475 924 559 970; x_wconf 89' lang='grc' dir='ltr'><strong>τις</strong></span> <span class='ocrx_word' id='word_1_64' title='bbox 591 908 754 961; x_wconf 72' lang='grc' dir='ltr'>αὑτὸν</span> <span class='ocrx_word' id='word_1_65' title='bbox 780 908 1082 976; x_wconf 82' lang='grc' dir='ltr'>λογίσεται·</span> <span class='ocrx_word' id='word_1_66' title='bbox 1108 907 1169 962; x_wconf 75' lang='grc' dir='ltr'><strong>τὸ</strong></span> <span class='ocrx_word' id='word_1_67' title='bbox 1201 908 1309 979; x_wconf 71' lang='grc' dir='ltr'><strong>γὰρ</strong></span> <span class='ocrx_word' id='word_1_68' title='bbox 1339 908 1487 975; x_wconf 77' lang='grc' dir='ltr'>ἅπαξ</span> <span class='ocrx_word' id='word_1_69' title='bbox 1533 911 1715 978; x_wconf 82' lang='grc' dir='ltr'>κρεῖτ-</span> 
     </span>
    </p>
   </div>
   <div class='ocr_carea' id='block_1_12' title="bbox 144 996 1713 1070">
    <p class='ocr_par' dir='ltr' id='par_1_12' title="bbox 144 996 1713 1070">
     <span class='ocr_line' id='line_1_12' title="bbox 144 996 1713 1070; baseline 0.003 -24"><span class='ocrx_word' id='word_1_70' title='bbox 144 1002 234 1047; x_wconf 71' lang='grc' dir='ltr'><strong>τον</strong></span> <span class='ocrx_word' id='word_1_71' title='bbox 281 996 375 1049; x_wconf 72' lang='grc' dir='ltr'><strong>ἐπὶ</strong></span> <span class='ocrx_word' id='word_1_72' title='bbox 399 1000 465 1068; x_wconf 81' lang='grc' dir='ltr'>τῇ</span> <span class='ocrx_word' id='word_1_73' title='bbox 508 998 809 1070; x_wconf 63' lang='grc' dir='ltr'>προσλήψει</span> <span class='ocrx_word' id='word_1_74' title='bbox 836 999 929 1053; x_wconf 88' lang='grc' dir='ltr'><strong>τοῦ</strong></span> <span class='ocrx_word' id='word_1_75' title='bbox 963 1001 1208 1070; x_wconf 83' lang='grc' dir='ltr'>χείρονος</span> <span class='ocrx_word' id='word_1_76' title='bbox 1263 999 1460 1054; x_wconf 72' lang='grc' dir='ltr'>ἑαυτοῦ</span> <span class='ocrx_word' id='word_1_77' title='bbox 1494 999 1713 1055; x_wconf 82' lang='grc' dir='ltr'>πώποτε</span> 
     </span>
    </p>
   </div>
   <div class='ocr_carea' id='block_1_13' title="bbox 145 1087 1715 1162">
    <p class='ocr_par' dir='ltr' id='par_1_13' title="bbox 145 1087 1715 1162">
     <span class='ocr_line' id='line_1_13' title="bbox 145 1087 1715 1162; baseline 0.003 -24"><span class='ocrx_word' id='word_1_78' title='bbox 145 1087 445 1157; x_wconf 78' lang='grc' dir='ltr'>φανήσεται</span> <span class='ocrx_word' id='word_1_79' title='bbox 471 1105 485 1120; x_wconf 88' lang='grc'><strong>·</strong></span> <span class='ocrx_word' id='word_1_80' title='bbox 518 1091 615 1143; x_wconf 72' lang='grc' dir='ltr'>καὶ</span> <span class='ocrx_word' id='word_1_81' title='bbox 639 1090 748 1162; x_wconf 83' lang='grc' dir='ltr'>γὰρ</span> <span class='ocrx_word' id='word_1_82' title='bbox 778 1091 898 1145; x_wconf 85' lang='grc' dir='ltr'>τόδε</span> <span class='ocrx_word' id='word_1_83' title='bbox 927 1093 1023 1145; x_wconf 60' lang='grc' dir='ltr'><strong>καὶ⁸</strong></span> <span class='ocrx_word' id='word_1_84' title='bbox 1059 1090 1240 1161; x_wconf 84' lang='grc' dir='ltr'>λέγειν</span> <span class='ocrx_word' id='word_1_85' title='bbox 1272 1091 1522 1160; x_wconf 84' lang='grc' dir='ltr'>μάταιον.</span> <span class='ocrx_word' id='word_1_86' title='bbox 1572 1090 1715 1144; x_wconf 79' lang='grc' dir='ltr'>Ἀλλ’</span> 
     </span>
    </p>
   </div>
   <div class='ocr_carea' id='block_1_14' title="bbox 143 1176 585 1247">
    <p class='ocr_par' dir='ltr' id='par_1_14' title="bbox 143 1176 585 1247">
     <span class='ocr_line' id='line_1_14' title="bbox 143 1176 585 1247; baseline 0.018 -19"><span class='ocrx_word' id='word_1_87' title='bbox 143 1176 285 1230; x_wconf 64' lang='grc' dir='ltr'>οὕτω</span> <span class='ocrx_word' id='word_1_88' title='bbox 318 1179 415 1247; x_wconf 86' lang='grc' dir='ltr'>μὲν</span> <span class='ocrx_word' id='word_1_89' title='bbox 439 1181 585 1236; x_wconf 77' lang='grc' dir='ltr'>τάδε.</span> 
     </span>
    </p>
   </div>
   <div class='ocr_carea' id='block_1_15' title="bbox 218 1268 1719 1347">
    <p class='ocr_par' dir='ltr' id='par_1_15' title="bbox 218 1268 1719 1347">
     <span class='ocr_line' id='line_1_15' title="bbox 218 1268 1719 1347; baseline 0.005 -26"><span class='ocrx_word' id='word_1_90' title='bbox 218 1268 331 1337; x_wconf 85' lang='grc' dir='ltr'>Τῆς</span> <span class='ocrx_word' id='word_1_91' title='bbox 357 1269 414 1321; x_wconf 82' lang='grc' dir='ltr'><strong>δὲ</strong></span> <span class='ocrx_word' id='word_1_92' title='bbox 449 1270 776 1340; x_wconf 78' lang='grc' dir='ltr'>ἀποφάσεως</span> <span class='ocrx_word' id='word_1_93' title='bbox 804 1271 833 1324; x_wconf 82' lang='grc' dir='ltr'>ὑ</span> <span class='ocrx_word' id='word_1_94' title='bbox 844 1271 960 1342; x_wconf 88' lang='grc' dir='ltr'><strong>μῶν</strong></span> <span class='ocrx_word' id='word_1_95' title='bbox 992 1273 1141 1343; x_wconf 83' lang='grc' dir='ltr'>ὅμως</span> <span class='ocrx_word' id='word_1_96' title='bbox 1163 1273 1196 1342; x_wconf 82' lang='grc' dir='ltr'><strong>ἥ</strong></span> <span class='ocrx_word' id='word_1_97' title='bbox 1222 1275 1470 1343; x_wconf 81' lang='grc' dir='ltr'>κρεῖττον</span> <span class='ocrx_word' id='word_1_98' title='bbox 1501 1274 1532 1345; x_wconf 79' lang='grc' dir='ltr'>ἦ</span> <span class='ocrx_word' id='word_1_99' title='bbox 1554 1268 1719 1347; x_wconf 73' lang='grc' dir='ltr'>ἧττον</span> 
     </span>
    </p>
   </div>
   <div class='ocr_carea' id='block_1_16' title="bbox 143 1357 1715 1437">
    <p class='ocr_par' dir='ltr' id='par_1_16' title="bbox 143 1357 1715 1437">
     <span class='ocr_line' id='line_1_16' title="bbox 143 1357 1715 1437; baseline 0.006 -28"><span class='ocrx_word' id='word_1_100' title='bbox 143 1357 376 1437; x_wconf 75' lang='grc' dir='ltr'>ὁρᾶσθαι</span> <span class='ocrx_word' id='word_1_101' title='bbox 407 1361 544 1431; x_wconf 80' lang='grc' dir='ltr'>πρὸς</span> <span class='ocrx_word' id='word_1_102' title='bbox 568 1363 633 1417; x_wconf 84' lang='grc' dir='ltr'>τὰ</span> <span class='ocrx_word' id='word_1_103' title='bbox 661 1361 767 1416; x_wconf 72' lang='grc' dir='ltr'>ἴδια</span> <span class='ocrx_word' id='word_1_104' title='bbox 798 1364 940 1435; x_wconf 82' lang='grc' dir='ltr'>μέρη</span> <span class='ocrx_word' id='word_1_105' title='bbox 967 1364 1027 1418; x_wconf 76' lang='grc' dir='ltr'>τὸ</span> <span class='ocrx_word' id='word_1_106' title='bbox 1056 1365 1406 1435; x_wconf 81' lang='grc' dir='ltr'>ἀποτέλεσμα</span> <span class='ocrx_word' id='word_1_107' title='bbox 1429 1365 1715 1436; x_wconf 79' lang='grc' dir='ltr'>λεγούσης,</span> 
     </span>
    </p>
   </div>
   <div class='ocr_carea' id='block_1_17' title="bbox 142 1450 1719 1528">
    <p class='ocr_par' dir='ltr' id='par_1_17' title="bbox 142 1450 1719 1528">
     <span class='ocr_line' id='line_1_17' title="bbox 142 1450 1719 1528; baseline 0.007 -27"><span class='ocrx_word' id='word_1_108' title='bbox 142 1450 210 1503; x_wconf 68' lang='grc' dir='ltr'><strong>τὰ</strong></span> <span class='ocrx_word' id='word_1_109' title='bbox 263 1452 681 1523; x_wconf 80' lang='grc' dir='ltr'>παραδείγματα</span> <span class='ocrx_word' id='word_1_110' title='bbox 741 1457 868 1525; x_wconf 84' lang='grc' dir='ltr'>ὑμῖν</span> <span class='ocrx_word' id='word_1_111' title='bbox 923 1455 1050 1510; x_wconf 84' lang='grc' dir='ltr'>ἄλλο</span> <span class='ocrx_word' id='word_1_112' title='bbox 1114 1474 1167 1509; x_wconf 87' lang='grc' dir='ltr'><strong>τι</strong></span> <span class='ocrx_word' id='word_1_113' title='bbox 1229 1457 1508 1527; x_wconf 84' lang='grc' dir='ltr'>βούλονται</span> <span class='ocrx_word' id='word_1_114' title='bbox 1568 1459 1719 1528; x_wconf 62' lang='grc' dir='ltr'>παρὰ</span> 
     </span>
    </p>
   </div>
   <div class='ocr_carea' id='block_1_18' title="bbox 143 1541 1720 1619">
    <p class='ocr_par' dir='ltr' id='par_1_18' title="bbox 143 1541 1720 1619">
     <span class='ocr_line' id='line_1_18' title="bbox 143 1541 1720 1619; baseline 0.006 -26"><span class='ocrx_word' id='word_1_115' title='bbox 143 1541 202 1595; x_wconf 80' lang='grc' dir='ltr'>τὸ</span> <span class='ocrx_word' id='word_1_116' title='bbox 253 1544 545 1614; x_wconf 75' lang='grc' dir='ltr'><strong>εἰρημένον</strong></span> <span class='ocrx_word' id='word_1_117' title='bbox 572 1561 589 1578; x_wconf 81' lang='grc' dir='ltr'><strong><em>ο</em></strong></span> <span class='ocrx_word' id='word_1_118' title='bbox 651 1550 871 1607; x_wconf 76' lang='grc' dir='ltr'>πάντως</span> <span class='ocrx_word' id='word_1_119' title='bbox 919 1547 1028 1617; x_wconf 72' lang='grc' dir='ltr'><strong>γὰρ</strong></span> <span class='ocrx_word' id='word_1_120' title='bbox 1100 1550 1348 1619; x_wconf 83' lang='grc' dir='ltr'>κρεῖττον</span> <span class='ocrx_word' id='word_1_121' title='bbox 1418 1544 1560 1602; x_wconf 77' lang='grc' dir='ltr'>εἶναι</span> <span class='ocrx_word' id='word_1_122' title='bbox 1612 1551 1720 1602; x_wconf 83' lang='grc' dir='ltr'>πᾶν</span> 
     </span>
    </p>
   </div>
   <div class='ocr_carea' id='block_1_19' title="bbox 146 1633 1712 1711">
    <p class='ocr_par' dir='ltr' id='par_1_19' title="bbox 146 1633 1712 1711">
     <span class='ocr_line' id='line_1_19' title="bbox 146 1633 1712 1711; baseline 0.005 -25"><span class='ocrx_word' id='word_1_123' title='bbox 146 1633 399 1688; x_wconf 81' lang='grc' dir='ltr'>σύνθετον</span> <span class='ocrx_word' id='word_1_124' title='bbox 447 1636 557 1689; x_wconf 85' lang='grc' dir='ltr'><strong>τῶν</strong></span> <span class='ocrx_word' id='word_1_125' title='bbox 610 1639 690 1701; x_wconf 89' lang='grc' dir='ltr'><strong>εἰς</strong></span> <span class='ocrx_word' id='word_1_126' title='bbox 733 1639 868 1692; x_wconf 81' lang='grc' dir='ltr'>αὐτὸ</span> <span class='ocrx_word' id='word_1_127' title='bbox 906 1639 1271 1693; x_wconf 79' lang='grc' dir='ltr'><strong>συνελθόντων</strong></span> <span class='ocrx_word' id='word_1_128' title='bbox 1314 1639 1497 1711; x_wconf 84' lang='grc' dir='ltr'>μερῶν</span> <span class='ocrx_word' id='word_1_129' title='bbox 1544 1657 1712 1711; x_wconf 74' lang='grc' dir='ltr'>φησι·</span> 
     </span>
    </p>
   </div>
   <div class='ocr_carea' id='block_1_20' title="bbox 143 1713 1791 1801">
    <p class='ocr_par' dir='ltr' id='par_1_20' title="bbox 143 1713 1791 1801">
     <span class='ocr_line' id='line_1_20' title="bbox 143 1713 1791 1801; baseline 0.004 -22"><span class='ocrx_word' id='word_1_130' title='bbox 143 1726 303 1781; x_wconf 84' lang='grc' dir='ltr'>λίθων</span> <span class='ocrx_word' id='word_1_131' title='bbox 333 1745 392 1781; x_wconf 88' lang='grc' dir='ltr'><strong>τε</strong></span> <span class='ocrx_word' id='word_1_132' title='bbox 432 1729 543 1800; x_wconf 69' lang='grc' dir='ltr'><strong>γὰρ</strong></span> <span class='ocrx_word' id='word_1_133' title='bbox 588 1731 685 1782; x_wconf 74' lang='grc' dir='ltr'>καὶ</span> <span class='ocrx_word' id='word_1_134' title='bbox 730 1729 910 1794; x_wconf 82' lang='grc' dir='ltr'>ξύλων</span> <span class='ocrx_word' id='word_1_135' title='bbox 950 1731 1237 1801; x_wconf 82' lang='grc' dir='ltr'>κρείττονα</span> <span class='ocrx_word' id='word_1_136' title='bbox 1273 1732 1367 1786; x_wconf 69' lang='grc' dir='ltr'><strong>τὺν</strong></span> <span class='ocrx_word' id='word_1_137' title='bbox 1401 1729 1552 1787; x_wconf 76' lang='grc' dir='ltr'>οἷκον</span> <span class='ocrx_word' id='word_1_138' title='bbox 1574 1772 1590 1797; x_wconf 95' lang='grc'><strong>,</strong></span> <span class='ocrx_word' id='word_1_139' title='bbox 1622 1713 1791 1791; x_wconf 70' lang='grc' dir='ltr'>καὶΒ</span> 
     </span>
    </p>
   </div>
   <div class='ocr_carea' id='block_1_21' title="bbox 143 1819 1718 1893">
    <p class='ocr_par' dir='ltr' id='par_1_21' title="bbox 143 1819 1718 1893">
     <span class='ocr_line' id='line_1_21' title="bbox 143 1819 1718 1893; baseline 0.003 -23"><span class='ocrx_word' id='word_1_140' title='bbox 143 1819 429 1889; x_wconf 80' lang='grc' dir='ltr'>πορφύρας</span> <span class='ocrx_word' id='word_1_141' title='bbox 509 1821 599 1874; x_wconf 70' lang='grc' dir='ltr'>καὶ</span> <span class='ocrx_word' id='word_1_142' title='bbox 668 1821 924 1875; x_wconf 77' lang='grc' dir='ltr'><strong>κοκκίνου</strong></span> <span class='ocrx_word' id='word_1_143' title='bbox 1002 1823 1099 1875; x_wconf 81' lang='grc' dir='ltr'>καὶ</span> <span class='ocrx_word' id='word_1_144' title='bbox 1163 1823 1363 1893; x_wconf 76' lang='grc' dir='ltr'>βύσσου</span> <span class='ocrx_word' id='word_1_145' title='bbox 1417 1824 1479 1877; x_wconf 74' lang='grc' dir='ltr'><strong>τὸ</strong></span> <span class='ocrx_word' id='word_1_146' title='bbox 1547 1840 1718 1877; x_wconf 79' lang='grc' dir='ltr'>κατα-</span> 
     </span>
    </p>
   </div>
   <div class='ocr_carea' id='block_1_22' title="bbox 141 1914 1718 1986">
    <p class='ocr_par' dir='ltr' id='par_1_22' title="bbox 141 1914 1718 1986">
     <span class='ocr_line' id='line_1_22' title="bbox 141 1914 1718 1986; baseline 0.004 -23"><span class='ocrx_word' id='word_1_147' title='bbox 141 1914 396 1975; x_wconf 75' lang='grc' dir='ltr'>πέτασμα</span> <span class='ocrx_word' id='word_1_148' title='bbox 463 1915 556 1967; x_wconf 78' lang='grc' dir='ltr'><strong>καί</strong></span> <span class='ocrx_word' id='word_1_149' title='bbox 611 1914 788 1986; x_wconf 75' lang='grc' dir='ltr'>ψυχῆς</span> <span class='ocrx_word' id='word_1_150' title='bbox 851 1915 947 1969; x_wconf 73' lang='grc' dir='ltr'>καὶ</span> <span class='ocrx_word' id='word_1_151' title='bbox 996 1915 1248 1986; x_wconf 80' lang='grc' dir='ltr'>σώματος</span> <span class='ocrx_word' id='word_1_152' title='bbox 1299 1917 1392 1969; x_wconf 69' lang='grc' dir='ltr'><strong>τὸν</strong></span> <span class='ocrx_word' id='word_1_153' title='bbox 1432 1917 1718 1986; x_wconf 77' lang='grc' dir='ltr'>ἄνθρωπόν</span> 
     </span>
    </p>
   </div>
   <div class='ocr_carea' id='block_1_23' title="bbox 141 2004 1718 2078">
    <p class='ocr_par' dir='ltr' id='par_1_23' title="bbox 141 2004 1718 2078">
     <span class='ocr_line' id='line_1_23' title="bbox 141 2004 1718 2078; baseline 0.003 -20"><span class='ocrx_word' id='word_1_154' title='bbox 141 2022 297 2078; x_wconf 75' lang='grc' dir='ltr'>φησι.</span> <span class='ocrx_word' id='word_1_155' title='bbox 348 2007 739 2077; x_wconf 80' lang='grc' dir='ltr'>Συγχωρητέον</span> <span class='ocrx_word' id='word_1_156' title='bbox 816 2006 910 2061; x_wconf 77' lang='grc' dir='ltr'>οὖν</span> <span class='ocrx_word' id='word_1_157' title='bbox 982 2008 1114 2078; x_wconf 74' lang='grc' dir='ltr'>ὑμῖν</span> <span class='ocrx_word' id='word_1_158' title='bbox 1190 2009 1286 2062; x_wconf 73' lang='grc' dir='ltr'>καὶ</span> <span class='ocrx_word' id='word_1_159' title='bbox 1370 2009 1488 2077; x_wconf 80' lang='grc' dir='ltr'>τόδε</span> <span class='ocrx_word' id='word_1_160' title='bbox 1522 2025 1537 2039; x_wconf 86' lang='grc'><strong>·</strong></span> <span class='ocrx_word' id='word_1_161' title='bbox 1599 2004 1718 2063; x_wconf 81' lang='grc' dir='ltr'>εἶτα</span> 
     </span>
    </p>
   </div>
   <div class='ocr_carea' id='block_1_24' title="bbox 143 2086 1713 2175">
    <p class='ocr_par' dir='ltr' id='par_1_24' title="bbox 143 2102 1713 2175">
     <span class='ocr_line' id='line_1_24' title="bbox 143 2102 1713 2175; baseline 0.001 -19"><span class='ocrx_word' id='word_1_162' title='bbox 143 2104 339 2173; x_wconf 73' lang='grc' dir='ltr'>ῥητέον</span> <span class='ocrx_word' id='word_1_163' title='bbox 370 2104 446 2167; x_wconf 80' lang='grc' dir='ltr'>ὡς</span> <span class='ocrx_word' id='word_1_164' title='bbox 481 2104 630 2156; x_wconf 81' lang='grc' dir='ltr'>ἔστιν</span> <span class='ocrx_word' id='word_1_165' title='bbox 655 2102 827 2166; x_wconf 72' lang='grc' dir='ltr'>ὅντως</span> <span class='ocrx_word' id='word_1_166' title='bbox 854 2105 950 2157; x_wconf 76' lang='grc' dir='ltr'>καὶ</span> <span class='ocrx_word' id='word_1_167' title='bbox 981 2104 1142 2158; x_wconf 88' lang='grc' dir='ltr'>τοῦτο</span> <span class='ocrx_word' id='word_1_168' title='bbox 1179 2104 1376 2175; x_wconf 74' lang='grc' dir='ltr'>ἀληθὲς</span> <span class='ocrx_word' id='word_1_169' title='bbox 1407 2104 1498 2158; x_wconf 80' lang='grc' dir='ltr'>ἐπί</span> <span class='ocrx_word' id='word_1_170' title='bbox 1532 2121 1713 2159; x_wconf 77' lang='grc' dir='ltr'>τινωνο</span> 
     </span>
    </p>
   </div>
   <div class='ocr_carea' id='block_1_25' title="bbox 140 2190 1717 2256">
    <p class='ocr_par' dir='ltr' id='par_1_25' title="bbox 140 2190 1717 2256">
     <span class='ocr_line' id='line_1_25' title="bbox 140 2190 1717 2256; baseline -0.001 -10"><span class='ocrx_word' id='word_1_171' title='bbox 140 2191 256 2246; x_wconf 79' lang='grc' dir='ltr'>ἀλλ’</span> <span class='ocrx_word' id='word_1_172' title='bbox 280 2194 383 2246; x_wconf 73' lang='grc' dir='ltr'>οὐκ</span> <span class='ocrx_word' id='word_1_173' title='bbox 419 2194 534 2246; x_wconf 79' lang='grc' dir='ltr'>ἴστε</span> <span class='ocrx_word' id='word_1_174' title='bbox 582 2193 730 2255; x_wconf 78' lang='grc' dir='ltr'>ὅπως</span> <span class='ocrx_word' id='word_1_175' title='bbox 771 2193 939 2256; x_wconf 79' lang='grc' dir='ltr'>ἐστὶν,</span> <span class='ocrx_word' id='word_1_176' title='bbox 972 2195 1021 2246; x_wconf 89' lang='grc' dir='ltr'>εἰ</span> <span class='ocrx_word' id='word_1_177' title='bbox 1048 2194 1143 2245; x_wconf 73' lang='grc' dir='ltr'>καὶ</span> <span class='ocrx_word' id='word_1_178' title='bbox 1163 2194 1244 2246; x_wconf 86' lang='grc' dir='ltr'>ὅτι</span> <span class='ocrx_word' id='word_1_179' title='bbox 1275 2192 1426 2255; x_wconf 77' lang='grc' dir='ltr'>ἔστι,</span> <span class='ocrx_word' id='word_1_180' title='bbox 1460 2194 1562 2247; x_wconf 73' lang='grc' dir='ltr'>οὐκ</span> <span class='ocrx_word' id='word_1_181' title='bbox 1600 2190 1717 2246; x_wconf 78' lang='grc' dir='ltr'>οἶδα</span> 
     </span>
    </p>
   </div>
   <div class='ocr_carea' id='block_1_26' title="bbox 142 2282 1717 2354">
    <p class='ocr_par' dir='ltr' id='par_1_26' title="bbox 142 2282 1717 2354">
     <span class='ocr_line' id='line_1_26' title="bbox 142 2282 1717 2354; baseline 0 -17"><span class='ocrx_word' id='word_1_182' title='bbox 142 2282 260 2347; x_wconf 83' lang='grc' dir='ltr'><strong>πῶς</strong></span> <span class='ocrx_word' id='word_1_183' title='bbox 319 2283 552 2353; x_wconf 82' lang='grc' dir='ltr'>ἔγνωτε..</span> <span class='ocrx_word' id='word_1_184' title='bbox 586 2283 724 2336; x_wconf 85' lang='grc' dir='ltr'><strong>Τότε</strong></span> <span class='ocrx_word' id='word_1_185' title='bbox 777 2284 884 2354; x_wconf 83' lang='grc' dir='ltr'>γὰρ</span> <span class='ocrx_word' id='word_1_186' title='bbox 934 2284 1186 2353; x_wconf 83' lang='grc' dir='ltr'>κρεῖττόν</span> <span class='ocrx_word' id='word_1_187' title='bbox 1220 2284 1337 2338; x_wconf 79' lang='grc' dir='ltr'>ἐστι</span> <span class='ocrx_word' id='word_1_188' title='bbox 1372 2285 1434 2337; x_wconf 80' lang='grc' dir='ltr'>τὸ</span> <span class='ocrx_word' id='word_1_189' title='bbox 1458 2285 1577 2336; x_wconf 83' lang='grc' dir='ltr'>ὅλον</span> <span class='ocrx_word' id='word_1_190' title='bbox 1608 2285 1717 2337; x_wconf 88' lang='grc' dir='ltr'><strong>τῶν</strong></span> 
     </span>
    </p>
   </div>
   <div class='ocr_carea' id='block_1_27' title="bbox 137 2374 1720 2446">
    <p class='ocr_par' dir='ltr' id='par_1_27' title="bbox 137 2374 1720 2446">
     <span class='ocr_line' id='line_1_27' title="bbox 137 2374 1720 2446; baseline 0.001 -19"><span class='ocrx_word' id='word_1_191' title='bbox 137 2375 356 2429; x_wconf 74' lang='grc' dir='ltr'>οἰκείων</span> <span class='ocrx_word' id='word_1_192' title='bbox 406 2374 591 2446; x_wconf 82' lang='grc' dir='ltr'>μερῶν</span> <span class='ocrx_word' id='word_1_193' title='bbox 649 2376 910 2437; x_wconf 82' lang='grc' dir='ltr'><strong>ἑκάστου,</strong></span> <span class='ocrx_word' id='word_1_194' title='bbox 945 2376 1035 2428; x_wconf 85' lang='grc' dir='ltr'>ὅτε</span> <span class='ocrx_word' id='word_1_195' title='bbox 1087 2375 1182 2428; x_wconf 75' lang='grc' dir='ltr'><strong>ἐπὶ</strong></span> <span class='ocrx_word' id='word_1_196' title='bbox 1222 2377 1290 2446; x_wconf 82' lang='grc' dir='ltr'>τῇ</span> <span class='ocrx_word' id='word_1_197' title='bbox 1331 2375 1581 2428; x_wconf 80' lang='grc' dir='ltr'>συνθέσει</span> <span class='ocrx_word' id='word_1_198' title='bbox 1625 2376 1720 2429; x_wconf 76' lang='grc' dir='ltr'>καὶ</span> 
     </span>
    </p>
   </div>
   <div class='ocr_carea' id='block_1_28' title="bbox 138 2463 1720 2537">
    <p class='ocr_par' dir='ltr' id='par_1_28' title="bbox 138 2463 1720 2537">
     <span class='ocr_line' id='line_1_28' title="bbox 138 2463 1720 2537; baseline 0.001 -19"><span class='ocrx_word' id='word_1_199' title='bbox 138 2465 329 2535; x_wconf 75' lang='grc' dir='ltr'>ἕτερόν</span> <span class='ocrx_word' id='word_1_200' title='bbox 359 2483 410 2518; x_wconf 90' lang='grc' dir='ltr'><strong>τι</strong></span> <span class='ocrx_word' id='word_1_201' title='bbox 437 2466 621 2528; x_wconf 76' lang='grc' dir='ltr'>αὐτοῖς</span> <span class='ocrx_word' id='word_1_202' title='bbox 645 2467 851 2536; x_wconf 78' lang='grc' dir='ltr'>σχῆμα,</span> <span class='ocrx_word' id='word_1_203' title='bbox 874 2465 907 2537; x_wconf 81' lang='grc' dir='ltr'>ἢ</span> <span class='ocrx_word' id='word_1_204' title='bbox 932 2466 1105 2532; x_wconf 82' lang='grc' dir='ltr'>ποιὸν,</span> <span class='ocrx_word' id='word_1_205' title='bbox 1137 2466 1170 2536; x_wconf 78' lang='grc' dir='ltr'>ἢ</span> <span class='ocrx_word' id='word_1_206' title='bbox 1207 2463 1346 2529; x_wconf 73' lang='grc' dir='ltr'>εἶδός</span> <span class='ocrx_word' id='word_1_207' title='bbox 1372 2482 1426 2519; x_wconf 85' lang='grc' dir='ltr'><strong>τι</strong></span> <span class='ocrx_word' id='word_1_208' title='bbox 1477 2465 1720 2535; x_wconf 74' lang='grc' dir='ltr'>ἐπιγίνε-</span> 
     </span>
    </p>
   </div>
   <div class='ocr_carea' id='block_1_29' title="bbox 142 2551 1719 2627">
    <p class='ocr_par' dir='ltr' id='par_1_29' title="bbox 142 2551 1719 2627">
     <span class='ocr_line' id='line_1_29' title="bbox 142 2551 1719 2627; baseline -0.002 -18"><span class='ocrx_word' id='word_1_209' title='bbox 142 2572 236 2610; x_wconf 80' lang='grc' dir='ltr'><strong>ται</strong></span> <span class='ocrx_word' id='word_1_210' title='bbox 266 2574 280 2589; x_wconf 90' lang='grc'><strong>·</strong></span> <span class='ocrx_word' id='word_1_211' title='bbox 323 2558 381 2609; x_wconf 84' lang='grc' dir='ltr'>ἐν</span> <span class='ocrx_word' id='word_1_212' title='bbox 427 2556 606 2609; x_wconf 75' lang='grc' dir='ltr'>οὐδενί</span> <span class='ocrx_word' id='word_1_213' title='bbox 660 2555 842 2609; x_wconf 80' lang='grc' dir='ltr'>αὐτῶν</span> <span class='ocrx_word' id='word_1_214' title='bbox 871 2551 998 2627; x_wconf 74' lang='grc' dir='ltr'>ἦνῆ</span> <span class='ocrx_word' id='word_1_215' title='bbox 1056 2555 1226 2618; x_wconf 78' lang='grc' dir='ltr'>ἔστιν,</span> <span class='ocrx_word' id='word_1_216' title='bbox 1263 2555 1401 2609; x_wconf 83' lang='grc' dir='ltr'>ἀλλὰ</span> <span class='ocrx_word' id='word_1_217' title='bbox 1446 2553 1543 2608; x_wconf 69' lang='grc' dir='ltr'>καὶ</span> <span class='ocrx_word' id='word_1_218' title='bbox 1573 2552 1719 2607; x_wconf 75' lang='grc' dir='ltr'>κατὰ</span> 
     </span>
    </p>
   </div>
   <div class='ocr_carea' id='block_1_30' title="bbox 106 2644 1718 2752">
    <p class='ocr_par' dir='ltr' id='par_1_30' title="bbox 106 2644 1718 2752">
     <span class='ocr_line' id='line_1_30' title="bbox 106 2644 1718 2752; baseline -0.003 -52"><span class='ocrx_word' id='word_1_219' title='bbox 106 2648 440 2752; x_wconf 41' lang='grc' dir='ltr'>βπρόσθεσιν</span> <span class='ocrx_word' id='word_1_220' title='bbox 469 2648 621 2717; x_wconf 67' lang='grc' dir='ltr'>παρὰ</span> <span class='ocrx_word' id='word_1_221' title='bbox 651 2648 719 2700; x_wconf 76' lang='grc' dir='ltr'><strong>τὰ</strong></span> <span class='ocrx_word' id='word_1_222' title='bbox 751 2646 861 2700; x_wconf 89' lang='grc' dir='ltr'><strong>τῶν</strong></span> <span class='ocrx_word' id='word_1_223' title='bbox 892 2647 1076 2717; x_wconf 82' lang='grc' dir='ltr'>μερῶν</span> <span class='ocrx_word' id='word_1_224' title='bbox 1116 2645 1229 2717; x_wconf 76' lang='grc' dir='ltr'>εἴδη</span> <span class='ocrx_word' id='word_1_225' title='bbox 1263 2644 1441 2698; x_wconf 87' lang='grc' dir='ltr'>πάντα</span> <span class='ocrx_word' id='word_1_226' title='bbox 1474 2644 1669 2714; x_wconf 80' lang='grc' dir='ltr'>ὁρᾶται</span> <span class='ocrx_word' id='word_1_227' title='bbox 1699 2659 1718 2677; x_wconf 75' lang='grc' dir='ltr'><strong><em>ο</em></strong></span> 
     </span>
     <span class='ocr_line' id='line_1_31' title="bbox 187 2730 1716 2752; baseline 0.001 -2"><span class='ocrx_word' id='word_1_228' title='bbox 187 2738 249 2752; x_wconf 57' lang='grc' dir='ltr'><strong>..α</strong></span> <span class='ocrx_word' id='word_1_229' title='bbox 337 2732 366 2752; x_wconf 60' lang='grc' dir='ltr'><strong><em>τ</em></strong></span> <span class='ocrx_word' id='word_1_230' title='bbox 476 2737 492 2752; x_wconf 58' lang='grc' dir='ltr'><em>κ</em></span> <span class='ocrx_word' id='word_1_231' title='bbox 727 2739 749 2752; x_wconf 63' lang='grc' dir='ltr'><strong>υ</strong></span> <span class='ocrx_word' id='word_1_232' title='bbox 782 2738 797 2752; x_wconf 79' lang='grc' dir='ltr'><strong>ο</strong></span> <span class='ocrx_word' id='word_1_233' title='bbox 854 2731 879 2752; x_wconf 58' lang='grc' dir='ltr'>θ’</span> <span class='ocrx_word' id='word_1_234' title='bbox 1013 2736 1029 2752; x_wconf 70' lang='grc' dir='ltr'><strong>Ι</strong></span> <span class='ocrx_word' id='word_1_235' title='bbox 1087 2735 1101 2752; x_wconf 68' lang='grc' dir='ltr'>ι</span> <span class='ocrx_word' id='word_1_236' title='bbox 1222 2734 1235 2752; x_wconf 73' lang='grc' dir='ltr'><strong>ι</strong></span> <span class='ocrx_word' id='word_1_237' title='bbox 1317 2730 1716 2752; x_wconf 29' lang='lat' dir='ltr'><strong>,,&quot;,_\!has,,_--_\</strong></span> 
     </span>
    </p>
   </div>
   <div class='ocr_carea' id='block_1_31' title="bbox 106 2730 1722 2807">
    <p class='ocr_par' dir='ltr' id='par_1_31' title="bbox 106 2730 1722 2807">
     <span class='ocr_line' id='line_1_32' title="bbox 106 2730 1722 2807; baseline -0.005 -16"><span class='ocrx_word' id='word_1_238' title='bbox 106 2730 118 2765; x_wconf 48' lang='grc' dir='ltr'><strong>ί</strong></span> <span class='ocrx_word' id='word_1_239' title='bbox 141 2738 278 2807; x_wconf 81' lang='grc' dir='ltr'>τῷδε</span> <span class='ocrx_word' id='word_1_240' title='bbox 305 2732 401 2792; x_wconf 84' lang='grc' dir='ltr'><strong>οῦν</strong></span> <span class='ocrx_word' id='word_1_241' title='bbox 433 2737 749 2793; x_wconf 77' lang='grc' dir='ltr'>πλεονεκτεῖ</span> <span class='ocrx_word' id='word_1_242' title='bbox 775 2738 804 2790; x_wconf 83' lang='grc' dir='ltr'><strong>ὁ</strong></span> <span class='ocrx_word' id='word_1_243' title='bbox 826 2731 974 2799; x_wconf 71' lang='grc' dir='ltr'>οἶκος</span> <span class='ocrx_word' id='word_1_244' title='bbox 1007 2735 1148 2805; x_wconf 80' lang='grc' dir='ltr'>ὑπὲρ</span> <span class='ocrx_word' id='word_1_245' title='bbox 1185 2734 1282 2805; x_wconf 80' lang='grc' dir='ltr'>τὴν</span> <span class='ocrx_word' id='word_1_246' title='bbox 1308 2733 1417 2787; x_wconf 90' lang='grc' dir='ltr'><strong>τῶν</strong></span> <span class='ocrx_word' id='word_1_247' title='bbox 1442 2732 1604 2785; x_wconf 88' lang='grc' dir='ltr'>λίθων</span> <span class='ocrx_word' id='word_1_248' title='bbox 1626 2730 1722 2784; x_wconf 76' lang='grc' dir='ltr'>καὶ</span> 
     </span>
    </p>
   </div>
   <div class='ocr_carea' id='block_1_32' title="bbox 144 2821 1722 2896">
    <p class='ocr_par' dir='ltr' id='par_1_32' title="bbox 144 2821 1722 2896">
     <span class='ocr_line' id='line_1_33' title="bbox 144 2821 1722 2896; baseline -0.003 -17"><span class='ocrx_word' id='word_1_249' title='bbox 144 2826 316 2892; x_wconf 71' lang='grc' dir='ltr'>ξύλων</span> <span class='ocrx_word' id='word_1_250' title='bbox 347 2827 512 2895; x_wconf 83' lang='grc' dir='ltr'>φύσιν</span> <span class='ocrx_word' id='word_1_251' title='bbox 538 2826 599 2880; x_wconf 82' lang='grc' dir='ltr'>τὸ</span> <span class='ocrx_word' id='word_1_252' title='bbox 644 2827 832 2896; x_wconf 82' lang='grc' dir='ltr'>σχῆμα</span> <span class='ocrx_word' id='word_1_253' title='bbox 886 2825 1048 2895; x_wconf 72' lang='grc' dir='ltr'>ἔχων,</span> <span class='ocrx_word' id='word_1_254' title='bbox 1081 2826 1175 2878; x_wconf 77' lang='grc' dir='ltr'><strong>καί</strong></span> <span class='ocrx_word' id='word_1_255' title='bbox 1220 2824 1432 2878; x_wconf 79' lang='grc' dir='ltr'>τοιάνδε</span> <span class='ocrx_word' id='word_1_256' title='bbox 1460 2821 1630 2888; x_wconf 82' lang='grc' dir='ltr'>θέσιν,</span> <span class='ocrx_word' id='word_1_257' title='bbox 1655 2823 1722 2891; x_wconf 79' lang='grc' dir='ltr'>ἣν</span> 
     </span>
    </p>
   </div>
   <div class='ocr_carea' id='block_1_33' title="bbox 142 2912 1721 2987">
    <p class='ocr_par' dir='ltr' id='par_1_33' title="bbox 142 2912 1721 2987">
     <span class='ocr_line' id='line_1_34' title="bbox 142 2912 1721 2987; baseline -0.005 -15"><span class='ocrx_word' id='word_1_258' title='bbox 142 2918 268 2972; x_wconf 77' lang='grc' dir='ltr'><strong>οὐδὲ</strong></span> <span class='ocrx_word' id='word_1_259' title='bbox 328 2917 486 2983; x_wconf 78' lang='grc' dir='ltr'>ξύλον</span> <span class='ocrx_word' id='word_1_260' title='bbox 538 2916 659 2970; x_wconf 77' lang='grc' dir='ltr'><strong>οὐδὲ</strong></span> <span class='ocrx_word' id='word_1_261' title='bbox 699 2915 848 2979; x_wconf 86' lang='grc' dir='ltr'>λίθος</span> <span class='ocrx_word' id='word_1_262' title='bbox 903 2915 1009 2987; x_wconf 82' lang='grc' dir='ltr'>ἰδίᾳ</span> <span class='ocrx_word' id='word_1_263' title='bbox 1039 2932 1053 2946; x_wconf 73' lang='grc' dir='ltr'><strong><em>ο</em></strong></span> <span class='ocrx_word' id='word_1_264' title='bbox 1083 2916 1143 2968; x_wconf 80' lang='grc' dir='ltr'>οὗ</span> <span class='ocrx_word' id='word_1_265' title='bbox 1193 2915 1377 2984; x_wconf 82' lang='grc' dir='ltr'>μέντοι</span> <span class='ocrx_word' id='word_1_266' title='bbox 1435 2912 1721 2983; x_wconf 81' lang='grc' dir='ltr'>κρείττονα</span> 
     </span>
    </p>
   </div>
   <div class='ocr_carea' id='block_1_34' title="bbox 146 3001 1725 3078">
    <p class='ocr_par' dir='ltr' id='par_1_34' title="bbox 146 3001 1725 3078">
     <span class='ocr_line' id='line_1_35' title="bbox 146 3001 1725 3078; baseline -0.003 -16"><span class='ocrx_word' id='word_1_267' title='bbox 146 3008 340 3078; x_wconf 73' lang='grc' dir='ltr'>ἑτέραν</span> <span class='ocrx_word' id='word_1_268' title='bbox 369 3007 535 3077; x_wconf 73' lang='grc' dir='ltr'>φῦσιν</span> <span class='ocrx_word' id='word_1_269' title='bbox 557 3006 677 3060; x_wconf 73' lang='grc' dir='ltr'><strong>οὐδὲ</strong></span> <span class='ocrx_word' id='word_1_270' title='bbox 703 3001 858 3068; x_wconf 73' lang='grc' dir='ltr'>οὗτος</span> <span class='ocrx_word' id='word_1_271' title='bbox 883 3006 997 3075; x_wconf 74' lang='grc' dir='ltr'>ἔχει</span> <span class='ocrx_word' id='word_1_272' title='bbox 1017 3022 1031 3037; x_wconf 87' lang='grc'><strong>·</strong></span> <span class='ocrx_word' id='word_1_273' title='bbox 1059 3006 1260 3076; x_wconf 85' lang='grc' dir='ltr'>ὁμοίως</span> <span class='ocrx_word' id='word_1_274' title='bbox 1281 3006 1338 3059; x_wconf 76' lang='grc' dir='ltr'><strong>δὲ</strong></span> <span class='ocrx_word' id='word_1_275' title='bbox 1355 3007 1449 3059; x_wconf 72' lang='grc' dir='ltr'>καὶ</span> <span class='ocrx_word' id='word_1_276' title='bbox 1468 3006 1528 3058; x_wconf 76' lang='grc' dir='ltr'><strong>τὸ</strong></span> <span class='ocrx_word' id='word_1_277' title='bbox 1555 3023 1725 3059; x_wconf 84' lang='grc' dir='ltr'>κατα-</span> 
     </span>
    </p>
   </div>
   <div class='ocr_carea' id='block_1_35' title="bbox 144 3095 1725 3169">
    <p class='ocr_par' dir='ltr' id='par_1_35' title="bbox 144 3095 1725 3169">
     <span class='ocr_line' id='line_1_36' title="bbox 144 3095 1725 3169; baseline -0.003 -17"><span class='ocrx_word' id='word_1_278' title='bbox 144 3100 434 3169; x_wconf 86' lang='grc' dir='ltr'>πέτασμα,</span> <span class='ocrx_word' id='word_1_279' title='bbox 460 3098 637 3167; x_wconf 72' lang='grc' dir='ltr'>πλοκῇ</span> <span class='ocrx_word' id='word_1_280' title='bbox 670 3097 764 3149; x_wconf 73' lang='grc' dir='ltr'>καὶ</span> <span class='ocrx_word' id='word_1_281' title='bbox 793 3095 1039 3148; x_wconf 82' lang='grc' dir='ltr'>συνθέσει</span> <span class='ocrx_word' id='word_1_282' title='bbox 1069 3096 1235 3148; x_wconf 88' lang='grc' dir='ltr'>τῶνδε</span> <span class='ocrx_word' id='word_1_283' title='bbox 1279 3096 1389 3148; x_wconf 87' lang='grc' dir='ltr'><strong>τῶν</strong></span> <span class='ocrx_word' id='word_1_284' title='bbox 1417 3097 1725 3166; x_wconf 81' lang='grc' dir='ltr'>χρωμάτων</span> 
     </span>
    </p>
   </div>
   <div class='ocr_carea' id='block_1_36' title="bbox 145 3186 1725 3264">
    <p class='ocr_par' dir='ltr' id='par_1_36' title="bbox 145 3186 1725 3264">
     <span class='ocr_line' id='line_1_37' title="bbox 145 3186 1725 3264; baseline -0.006 -18"><span class='ocrx_word' id='word_1_285' title='bbox 145 3193 286 3264; x_wconf 73' lang='grc' dir='ltr'>πρὸς</span> <span class='ocrx_word' id='word_1_286' title='bbox 343 3190 858 3261; x_wconf 82' lang='grc' dir='ltr'>ἄλληλα’ὑπερέχει</span> <span class='ocrx_word' id='word_1_287' title='bbox 907 3186 1017 3240; x_wconf 88' lang='grc' dir='ltr'><strong>τῶν</strong></span> <span class='ocrx_word' id='word_1_288' title='bbox 1075 3186 1195 3240; x_wconf 78' lang='grc' dir='ltr'>καθ’</span> <span class='ocrx_word' id='word_1_289' title='bbox 1224 3188 1365 3241; x_wconf 78' lang='grc' dir='ltr'><strong>αὑτᾶ</strong></span> <span class='ocrx_word' id='word_1_290' title='bbox 1416 3188 1725 3263; x_wconf 79' lang='grc' dir='ltr'>ἀσυνθέτων</span> 
     </span>
    </p>
   </div>
   <div class='ocr_carea' id='block_1_37' title="bbox 148 3278 1728 3352">
    <p class='ocr_par' dir='ltr' id='par_1_37' title="bbox 148 3278 1728 3352">
     <span class='ocr_line' id='line_1_38' title="bbox 148 3278 1728 3352; baseline -0.004 -15"><span class='ocrx_word' id='word_1_291' title='bbox 148 3285 403 3340; x_wconf 75' lang='grc' dir='ltr'>ἑκάστου.</span> <span class='ocrx_word' id='word_1_292' title='bbox 443 3284 519 3336; x_wconf 71' lang='lat'><strong>0-3</strong></span> <span class='ocrx_word' id='word_1_293' title='bbox 552 3281 662 3352; x_wconf 70' lang='grc' dir='ltr'><strong>γὰρ</strong></span> <span class='ocrx_word' id='word_1_294' title='bbox 720 3280 1019 3352; x_wconf 78' lang='grc' dir='ltr'>χρώματος</span> <span class='ocrx_word' id='word_1_295' title='bbox 1068 3278 1242 3334; x_wconf 77' lang='grc' dir='ltr'>ἁπλοῦ</span> <span class='ocrx_word' id='word_1_296' title='bbox 1302 3279 1445 3349; x_wconf 79' lang='grc' dir='ltr'>λόγῳ</span> <span class='ocrx_word' id='word_1_297' title='bbox 1482 3281 1728 3349; x_wconf 80' lang='grc' dir='ltr'>κρεῖττόν</span> 
     </span>
    </p>
   </div>
   <div class='ocr_carea' id='block_1_38' title="bbox 148 3370 1730 3443">
    <p class='ocr_par' dir='ltr' id='par_1_38' title="bbox 148 3370 1730 3443">
     <span class='ocr_line' id='line_1_39' title="bbox 148 3370 1730 3443; baseline -0.004 -15"><span class='ocrx_word' id='word_1_298' title='bbox 148 3378 268 3429; x_wconf 70' lang='grc' dir='ltr'>ἐστι</span> <span class='ocrx_word' id='word_1_299' title='bbox 308 3375 421 3429; x_wconf 86' lang='grc' dir='ltr'><strong>τῶν</strong></span> <span class='ocrx_word' id='word_1_300' title='bbox 453 3374 597 3428; x_wconf 78' lang='grc' dir='ltr'>ἰδίων</span> <span class='ocrx_word' id='word_1_301' title='bbox 634 3374 854 3427; x_wconf 79' lang='grc' dir='ltr'>πάντων</span> <span class='ocrx_word' id='word_1_302' title='bbox 896 3372 1233 3443; x_wconf 81' lang='grc' dir='ltr'>χρωμάτων·</span> <span class='ocrx_word' id='word_1_303' title='bbox 1264 3371 1361 3425; x_wconf 73' lang='grc' dir='ltr'>καὶ</span> <span class='ocrx_word' id='word_1_304' title='bbox 1389 3371 1417 3424; x_wconf 86' lang='grc' dir='ltr'>ὁ</span> <span class='ocrx_word' id='word_1_305' title='bbox 1443 3370 1730 3441; x_wconf 70' lang='grc' dir='ltr'>ἅνθρωπος</span> 
     </span>
    </p>
   </div>
   <div class='ocr_carea' id='block_1_39' title="bbox 148 3460 1731 3535">
    <p class='ocr_par' dir='ltr' id='par_1_39' title="bbox 148 3460 1731 3535">
     <span class='ocr_line' id='line_1_40' title="bbox 148 3460 1731 3535; baseline -0.005 -15"><span class='ocrx_word' id='word_1_306' title='bbox 148 3467 208 3521; x_wconf 78' lang='grc' dir='ltr'><strong>δὲ</strong></span> <span class='ocrx_word' id='word_1_307' title='bbox 236 3466 328 3521; x_wconf 81' lang='grc' dir='ltr'>ἶνα</span> <span class='ocrx_word' id='word_1_308' title='bbox 378 3467 474 3520; x_wconf 76' lang='grc' dir='ltr'><strong>καί</strong></span> <span class='ocrx_word' id='word_1_309' title='bbox 496 3466 628 3535; x_wconf 83' lang='grc' dir='ltr'>δοθῇ</span> <span class='ocrx_word' id='word_1_310' title='bbox 657 3465 789 3534; x_wconf 78' lang='grc' dir='ltr'>ὑμῖν</span> <span class='ocrx_word' id='word_1_311' title='bbox 836 3464 1096 3534; x_wconf 83' lang='grc' dir='ltr'>κρείττων</span> <span class='ocrx_word' id='word_1_312' title='bbox 1144 3462 1323 3533; x_wconf 68' lang='grc' dir='ltr'>ψυχῆς</span> <span class='ocrx_word' id='word_1_313' title='bbox 1359 3464 1473 3526; x_wconf 79' lang='grc' dir='ltr'>τοῖς</span> <span class='ocrx_word' id='word_1_314' title='bbox 1510 3460 1601 3515; x_wconf 86' lang='grc' dir='ltr'>διὰ</span> <span class='ocrx_word' id='word_1_315' title='bbox 1632 3462 1731 3532; x_wconf 79' lang='grc' dir='ltr'>τὴν</span> 
     </span>
    </p>
   </div>
   <div class='ocr_carea' id='block_1_40' title="bbox 148 3552 1733 3627">
    <p class='ocr_par' dir='ltr' id='par_1_40' title="bbox 148 3552 1733 3627">
     <span class='ocr_line' id='line_1_41' title="bbox 148 3552 1733 3627; baseline -0.003 -16"><span class='ocrx_word' id='word_1_316' title='bbox 148 3560 261 3614; x_wconf 87' lang='grc' dir='ltr'><strong>τῶν</strong></span> <span class='ocrx_word' id='word_1_317' title='bbox 283 3558 503 3613; x_wconf 83' lang='grc' dir='ltr'>οἰκείων</span> <span class='ocrx_word' id='word_1_318' title='bbox 530 3558 814 3627; x_wconf 77' lang='grc' dir='ltr'>δογμάτων</span> <span class='ocrx_word' id='word_1_319' title='bbox 839 3556 1094 3610; x_wconf 74' lang='grc' dir='ltr'>σύστασιν</span> <span class='ocrx_word' id='word_1_320' title='bbox 1125 3561 1298 3608; x_wconf 74' lang='grc' dir='ltr'>πάντα</span> <span class='ocrx_word' id='word_1_321' title='bbox 1320 3553 1395 3617; x_wconf 81' lang='grc' dir='ltr'><strong>ὡς</strong></span> <span class='ocrx_word' id='word_1_322' title='bbox 1420 3552 1577 3623; x_wconf 74' lang='grc' dir='ltr'>ἔτυχε</span> <span class='ocrx_word' id='word_1_323' title='bbox 1601 3569 1733 3623; x_wconf 82' lang='grc' dir='ltr'>προ-</span> 
     </span>
    </p>
   </div>
   <div class='ocr_carea' id='block_1_41' title="bbox 150 3643 1732 3723">
    <p class='ocr_par' dir='ltr' id='par_1_41' title="bbox 150 3643 1732 3723">
     <span class='ocr_line' id='line_1_42' title="bbox 150 3643 1732 3723; baseline -0.006 -18"><span class='ocrx_word' id='word_1_324' title='bbox 150 3649 526 3723; x_wconf 82' lang='grc' dir='ltr'>ομολογοῦσιν,</span> <span class='ocrx_word' id='word_1_325' title='bbox 559 3650 652 3702; x_wconf 77' lang='grc' dir='ltr'><strong>ἐπὶ</strong></span> <span class='ocrx_word' id='word_1_326' title='bbox 675 3651 740 3720; x_wconf 83' lang='grc' dir='ltr'>τῇ</span> <span class='ocrx_word' id='word_1_327' title='bbox 773 3648 1017 3701; x_wconf 84' lang='grc' dir='ltr'>συνθέσει</span> <span class='ocrx_word' id='word_1_328' title='bbox 1062 3645 1377 3716; x_wconf 81' lang='grc' dir='ltr'>καινοτέρας</span> <span class='ocrx_word' id='word_1_329' title='bbox 1402 3644 1555 3708; x_wconf 80' lang='grc' dir='ltr'>τινὰς</span> <span class='ocrx_word' id='word_1_330' title='bbox 1582 3643 1732 3716; x_wconf 77' lang='grc' dir='ltr'>παρὰ</span> 
     </span>
    </p>
   </div>
   <div class='ocr_carea' id='block_1_42' title="bbox 148 3737 1735 3814">
    <p class='ocr_par' dir='ltr' id='par_1_42' title="bbox 148 3737 1735 3814">
     <span class='ocr_line' id='line_1_43' title="bbox 148 3737 1735 3814; baseline -0.006 -19"><span class='ocrx_word' id='word_1_331' title='bbox 148 3743 332 3814; x_wconf 78' lang='grc' dir='ltr'>ψυχήν</span> <span class='ocrx_word' id='word_1_332' title='bbox 372 3757 430 3795; x_wconf 89' lang='grc' dir='ltr'>τε</span> <span class='ocrx_word' id='word_1_333' title='bbox 458 3741 551 3794; x_wconf 74' lang='grc' dir='ltr'>καὶ</span> <span class='ocrx_word' id='word_1_334' title='bbox 604 3741 763 3810; x_wconf 88' lang='grc' dir='ltr'>σῶμα</span> <span class='ocrx_word' id='word_1_335' title='bbox 807 3738 1075 3809; x_wconf 79' lang='grc' dir='ltr'>ἰδιότητας</span> <span class='ocrx_word' id='word_1_336' title='bbox 1106 3742 1342 3807; x_wconf 83' lang='grc' dir='ltr'>φυσικὰς</span> <span class='ocrx_word' id='word_1_337' title='bbox 1391 3737 1735 3808; x_wconf 75' lang='grc' dir='ltr'>προΐσχεται,</span> 
     </span>
    </p>
   </div>
   <div class='ocr_carea' id='block_1_43' title="bbox 152 3828 1734 3900">
    <p class='ocr_par' dir='ltr' id='par_1_43' title="bbox 152 3828 1734 3900">
     <span class='ocr_line' id='line_1_44' title="bbox 152 3828 1734 3900; baseline -0.004 -14"><span class='ocrx_word' id='word_1_338' title='bbox 152 3833 217 3886; x_wconf 87' lang='grc' dir='ltr'>Εἰ</span> <span class='ocrx_word' id='word_1_339' title='bbox 245 3829 343 3885; x_wconf 79' lang='grc' dir='ltr'><strong>οῦν</strong></span> <span class='ocrx_word' id='word_1_340' title='bbox 390 3831 600 3886; x_wconf 68' lang='grc' dir='ltr'>καὶτοῦ</span> <span class='ocrx_word' id='word_1_341' title='bbox 652 3832 813 3900; x_wconf 85' lang='grc' dir='ltr'>λόγου</span> <span class='ocrx_word' id='word_1_342' title='bbox 870 3832 1097 3900; x_wconf 77' lang='grc' dir='ltr'>καὶτῆς</span> <span class='ocrx_word' id='word_1_343' title='bbox 1141 3828 1344 3899; x_wconf 82' lang='grc' dir='ltr'>σαρκὸς</span> <span class='ocrx_word' id='word_1_344' title='bbox 1382 3828 1734 3897; x_wconf 75' lang='grc' dir='ltr'>συντεθείσης</span> 
     </span>
    </p>
   </div>
   <div class='ocr_carea' id='block_1_44' title="bbox 148 3918 1735 3992">
    <p class='ocr_par' dir='ltr' id='par_1_44' title="bbox 148 3918 1735 3992">
     <span class='ocr_line' id='line_1_45' title="bbox 148 3918 1735 3992; baseline -0.004 -16"><span class='ocrx_word' id='word_1_345' title='bbox 148 3923 299 3976; x_wconf 73' lang='grc' dir='ltr'>ἔστιν</span> <span class='ocrx_word' id='word_1_346' title='bbox 329 3922 546 3992; x_wconf 85' lang='grc' dir='ltr'>ἀληθῶς</span> <span class='ocrx_word' id='word_1_347' title='bbox 564 3941 618 3975; x_wconf 90' lang='grc' dir='ltr'><strong>τι</strong></span> <span class='ocrx_word' id='word_1_348' title='bbox 644 3923 774 3976; x_wconf 85' lang='grc' dir='ltr'>ἰδεῖν</span> <span class='ocrx_word' id='word_1_349' title='bbox 806 3921 1121 3990; x_wconf 80' lang='grc' dir='ltr'>καινότερον</span> <span class='ocrx_word' id='word_1_350' title='bbox 1157 3920 1353 3990; x_wconf 78' lang='grc' dir='ltr'>ἰδίωμα</span> <span class='ocrx_word' id='word_1_351' title='bbox 1389 3918 1609 3988; x_wconf 82' lang='grc' dir='ltr'>φύσεως</span> <span class='ocrx_word' id='word_1_352' title='bbox 1640 3920 1735 3973; x_wconf 74' lang='grc' dir='ltr'>καὶ</span> 
     </span>
    </p>
   </div>
   <div class='ocr_carea' id='block_1_45' title="bbox 153 4006 1736 4079">
    <p class='ocr_par' dir='ltr' id='par_1_45' title="bbox 153 4006 1736 4079">
     <span class='ocr_line' id='line_1_46' title="bbox 153 4006 1736 4079; baseline 0.001 -20"><span class='ocrx_word' id='word_1_353' title='bbox 153 4008 213 4059; x_wconf 80' lang='grc' dir='ltr'>ἐν</span> <span class='ocrx_word' id='word_1_354' title='bbox 240 4008 461 4078; x_wconf 82' lang='grc' dir='ltr'>Χριστῷ</span> <span class='ocrx_word' id='word_1_355' title='bbox 495 4008 648 4078; x_wconf 78' lang='grc' dir='ltr'>παρὰ</span> <span class='ocrx_word' id='word_1_356' title='bbox 680 4009 749 4063; x_wconf 80' lang='grc' dir='ltr'><strong>τὰ</strong></span> <span class='ocrx_word' id='word_1_357' title='bbox 773 4008 890 4062; x_wconf 83' lang='grc' dir='ltr'>θεῖα</span> <span class='ocrx_word' id='word_1_358' title='bbox 917 4009 1013 4062; x_wconf 74' lang='grc' dir='ltr'>καὶ</span> <span class='ocrx_word' id='word_1_359' title='bbox 1040 4006 1375 4079; x_wconf 79' lang='grc' dir='ltr'>ἀνθρώπινα,</span> <span class='ocrx_word' id='word_1_360' title='bbox 1404 4007 1638 4071; x_wconf 81' lang='grc' dir='ltr'>δεόντως</span> <span class='ocrx_word' id='word_1_361' title='bbox 1668 4006 1736 4061; x_wconf 85' lang='grc' dir='ltr'>ἂν</span> 
     </span>
    </p>
   </div>
   <div class='ocr_carea' id='block_1_46' title="bbox 153 4094 1736 4167">
    <p class='ocr_par' dir='ltr' id='par_1_46' title="bbox 153 4094 1736 4167">
     <span class='ocr_line' id='line_1_47' title="bbox 153 4094 1736 4167; baseline 0.001 -18"><span class='ocrx_word' id='word_1_362' title='bbox 153 4096 280 4149; x_wconf 84' lang='grc' dir='ltr'>καθ’</span> <span class='ocrx_word' id='word_1_363' title='bbox 310 4097 452 4166; x_wconf 81' lang='grc' dir='ltr'>ὑμᾶς</span> <span class='ocrx_word' id='word_1_364' title='bbox 475 4098 720 4167; x_wconf 78' lang='grc' dir='ltr'>κρεῖττον</span> <span class='ocrx_word' id='word_1_365' title='bbox 746 4096 856 4149; x_wconf 86' lang='grc' dir='ltr'><strong>τῶν</strong></span> <span class='ocrx_word' id='word_1_366' title='bbox 877 4095 1059 4167; x_wconf 86' lang='grc' dir='ltr'>μερῶν</span> <span class='ocrx_word' id='word_1_367' title='bbox 1076 4098 1165 4148; x_wconf 75' lang='grc' dir='ltr'>καὶ</span> <span class='ocrx_word' id='word_1_368' title='bbox 1187 4094 1249 4149; x_wconf 71' lang='grc' dir='ltr'><strong>τὸ</strong></span> <span class='ocrx_word' id='word_1_369' title='bbox 1269 4096 1392 4149; x_wconf 81' lang='grc' dir='ltr'>κατ’</span> <span class='ocrx_word' id='word_1_370' title='bbox 1414 4096 1577 4150; x_wconf 81' lang='grc' dir='ltr'>αὑτὸν</span> <span class='ocrx_word' id='word_1_371' title='bbox 1599 4098 1736 4150; x_wconf 84' lang='grc' dir='ltr'>ἀπο-</span> 
     </span>
    </p>
   </div>
   <div class='ocr_carea' id='block_1_47' title="bbox 153 4184 1736 4259">
    <p class='ocr_par' dir='ltr' id='par_1_47' title="bbox 153 4184 1736 4259">
     <span class='ocr_line' id='line_1_48' title="bbox 153 4184 1736 4259; baseline 0.001 -18"><span class='ocrx_word' id='word_1_372' title='bbox 153 4186 399 4256; x_wconf 85' lang='grc' dir='ltr'>τέλεσμα</span> <span class='ocrx_word' id='word_1_373' title='bbox 425 4184 657 4256; x_wconf 76' lang='grc' dir='ltr'>ἐροῦμεν</span> <span class='ocrx_word' id='word_1_374' title='bbox 678 4203 694 4252; x_wconf 88' lang='lat'><strong>;</strong></span> <span class='ocrx_word' id='word_1_375' title='bbox 713 4186 776 4240; x_wconf 84' lang='grc' dir='ltr'>Εἰ</span> <span class='ocrx_word' id='word_1_376' title='bbox 796 4185 853 4240; x_wconf 86' lang='grc' dir='ltr'><strong>δὲ</strong></span> <span class='ocrx_word' id='word_1_377' title='bbox 875 4186 1025 4239; x_wconf 78' lang='grc' dir='ltr'>οὐδὲν</span> <span class='ocrx_word' id='word_1_378' title='bbox 1046 4186 1185 4258; x_wconf 79' lang='grc' dir='ltr'>πλὴν</span> <span class='ocrx_word' id='word_1_379' title='bbox 1204 4185 1316 4240; x_wconf 87' lang='grc' dir='ltr'><strong>τῶν</strong></span> <span class='ocrx_word' id='word_1_380' title='bbox 1340 4186 1519 4240; x_wconf 79' lang='grc' dir='ltr'>αὐτῶν</span> <span class='ocrx_word' id='word_1_381' title='bbox 1539 4189 1736 4259; x_wconf 80' lang='grc' dir='ltr'>ὁρᾶται</span> 
     </span>
    </p>
   </div>
   <div class='ocr_carea' id='block_1_48' title="bbox 157 4273 1735 4349">
    <p class='ocr_par' dir='ltr' id='par_1_48' title="bbox 157 4273 1735 4349">
     <span class='ocr_line' id='line_1_49' title="bbox 157 4273 1735 4349; baseline 0.003 -23"><span class='ocrx_word' id='word_1_382' title='bbox 157 4273 365 4346; x_wconf 84' lang='grc' dir='ltr'>μερῶν,</span> <span class='ocrx_word' id='word_1_383' title='bbox 385 4275 502 4337; x_wconf 83' lang='grc' dir='ltr'><strong>πῶς</strong></span> <span class='ocrx_word' id='word_1_384' title='bbox 521 4275 614 4327; x_wconf 77' lang='grc' dir='ltr'>ἐπὶ</span> <span class='ocrx_word' id='word_1_385' title='bbox 640 4279 751 4337; x_wconf 77' lang='grc' dir='ltr'>τοῖς</span> <span class='ocrx_word' id='word_1_386' title='bbox 779 4275 961 4338; x_wconf 81' lang='grc' dir='ltr'>αὐτοῖς</span> <span class='ocrx_word' id='word_1_387' title='bbox 981 4276 1041 4328; x_wconf 79' lang='grc' dir='ltr'>οὐ</span> <span class='ocrx_word' id='word_1_388' title='bbox 1064 4276 1126 4329; x_wconf 83' lang='grc' dir='ltr'>τδ</span> <span class='ocrx_word' id='word_1_389' title='bbox 1149 4276 1390 4346; x_wconf 85' lang='grc' dir='ltr'>ἰσότιμον</span> <span class='ocrx_word' id='word_1_390' title='bbox 1416 4276 1735 4349; x_wconf 76' lang='grc' dir='ltr'>δοξάσομεν,</span> 
     </span>
    </p>
   </div>
   <div class='ocr_carea' id='block_1_49' title="bbox 153 4365 1810 4441">
    <p class='ocr_par' dir='ltr' id='par_1_49' title="bbox 153 4365 1810 4441">
     <span class='ocr_line' id='line_1_50' title="bbox 153 4365 1810 4441; baseline 0.007 -27"><span class='ocrx_word' id='word_1_391' title='bbox 153 4365 298 4422; x_wconf 70' lang='grc' dir='ltr'>ἀλλὰ</span> <span class='ocrx_word' id='word_1_392' title='bbox 329 4366 390 4418; x_wconf 78' lang='grc' dir='ltr'>τὸ</span> <span class='ocrx_word' id='word_1_393' title='bbox 418 4366 665 4437; x_wconf 83' lang='grc' dir='ltr'>κρεῖττον</span> <span class='ocrx_word' id='word_1_394' title='bbox 694 4365 789 4420; x_wconf 88' lang='grc' dir='ltr'><strong>τοῦ</strong></span> <span class='ocrx_word' id='word_1_395' title='bbox 825 4365 947 4419; x_wconf 74' lang='grc' dir='ltr'>ὅλου</span> <span class='ocrx_word' id='word_1_396' title='bbox 979 4366 1116 4438; x_wconf 81' lang='grc' dir='ltr'>πρὸς</span> <span class='ocrx_word' id='word_1_397' title='bbox 1148 4367 1218 4423; x_wconf 84' lang='grc' dir='ltr'>τὰ</span> <span class='ocrx_word' id='word_1_398' title='bbox 1259 4367 1400 4439; x_wconf 76' lang='grc' dir='ltr'>μέρη</span> <span class='ocrx_word' id='word_1_399' title='bbox 1425 4369 1495 4423; x_wconf 79' lang='grc' dir='ltr'>τὰ</span> <span class='ocrx_word' id='word_1_400' title='bbox 1528 4368 1694 4424; x_wconf 77' lang='grc' dir='ltr'>αὑτοῦ</span> <span class='ocrx_word' id='word_1_401' title='bbox 1714 4389 1728 4402; x_wconf 88' lang='grc'><strong>·</strong></span> <span class='ocrx_word' id='word_1_402' title='bbox 1767 4384 1810 4441; x_wconf 77' lang='grc' dir='ltr'>ι)</span> 
     </span>
    </p>
   </div>
   <div class='ocr_carea' id='block_1_50' title="bbox 749 4480 1169 4536">
    <p class='ocr_par' dir='ltr' id='par_1_50' title="bbox 749 4480 1169 4536">
     <span class='ocr_line' id='line_1_51' title="bbox 749 4480 1169 4536; baseline 0.007 -3"><span class='ocrx_word' id='word_1_403' title='bbox 749 4480 999 4536; x_wconf 75' lang='grc' dir='ltr'><strong>ΚΕΦΑΛ.</strong></span> <span class='ocrx_word' id='word_1_404' title='bbox 1041 4480 1169 4536; x_wconf 86' lang='lat' dir='ltr'><strong>NB&#39;.</strong></span> 
     </span>
    </p>
   </div>
   <div class='ocr_carea' id='block_1_51' title="bbox 244 4568 1732 4650">
    <p class='ocr_par' dir='ltr' id='par_1_51' title="bbox 244 4568 1732 4650">
     <span class='ocr_line' id='line_1_52' title="bbox 244 4568 1732 4650; baseline 0.003 -27"><span class='ocrx_word' id='word_1_405' title='bbox 244 4568 386 4624; x_wconf 81' lang='grc' dir='ltr'>Ἀλλ’</span> <span class='ocrx_word' id='word_1_406' title='bbox 412 4572 500 4625; x_wconf 79' lang='grc' dir='ltr'>ἵνα</span> <span class='ocrx_word' id='word_1_407' title='bbox 558 4572 804 4643; x_wconf 72' lang='grc' dir='ltr'>συνήθως</span> <span class='ocrx_word' id='word_1_408' title='bbox 821 4574 914 4629; x_wconf 73' lang='grc' dir='ltr'>καὶ</span> <span class='ocrx_word' id='word_1_409' title='bbox 937 4578 1092 4650; x_wconf 73' lang='grc' dir='ltr'>ἕτερ’</span> <span class='ocrx_word' id='word_1_410' title='bbox 1116 4578 1255 4631; x_wconf 74' lang='grc' dir='ltr'>ἅττα</span> <span class='ocrx_word' id='word_1_411' title='bbox 1293 4574 1423 4638; x_wconf 83' lang='grc' dir='ltr'>ίσως</span> <span class='ocrx_word' id='word_1_412' title='bbox 1459 4574 1732 4647; x_wconf 83' lang='grc' dir='ltr'>δυνάμενα</span> 
     </span>
    </p>
   </div>
   <div class='ocr_carea' id='block_1_52' title="bbox 157 4662 1732 4735">
    <p class='ocr_par' dir='ltr' id='par_1_52' title="bbox 157 4662 1732 4735">
     <span class='ocr_line' id='line_1_53' title="bbox 157 4662 1732 4735; baseline 0.003 -20"><span class='ocrx_word' id='word_1_413' title='bbox 157 4662 512 4734; x_wconf 79' lang='grc' dir='ltr'>ἐπινοηθῆναι</span> <span class='ocrx_word' id='word_1_414' title='bbox 564 4666 681 4727; x_wconf 83' lang='grc' dir='ltr'>τοῖς</span> <span class='ocrx_word' id='word_1_415' title='bbox 736 4663 1099 4732; x_wconf 79' lang='grc' dir='ltr'>ἀντιλέγουσι,</span> <span class='ocrx_word' id='word_1_416' title='bbox 1141 4665 1322 4721; x_wconf 81' lang='grc' dir='ltr'>πάντα</span> <span class='ocrx_word' id='word_1_417' title='bbox 1367 4665 1732 4735; x_wconf 79' lang='grc' dir='ltr'>προλαϐόντες</span> 
     </span>
    </p>
   </div>
   <div class='ocr_carea' id='block_1_53' title="bbox 156 4751 1736 4826">
    <p class='ocr_par' dir='ltr' id='par_1_53' title="bbox 156 4751 1736 4826">
     <span class='ocr_line' id='line_1_54' title="bbox 156 4751 1736 4826; baseline 0.005 -25"><span class='ocrx_word' id='word_1_418' title='bbox 156 4751 321 4820; x_wconf 56' lang='grc' dir='ltr'>ἡμεῖς</span> <span class='ocrx_word' id='word_1_419' title='bbox 354 4753 722 4823; x_wconf 85' lang='grc' dir='ltr'>γυμνάσωμεν</span> <span class='ocrx_word' id='word_1_420' title='bbox 784 4752 1065 4823; x_wconf 74' lang='grc' dir='ltr'>(ἀληθείας</span> <span class='ocrx_word' id='word_1_421' title='bbox 1113 4754 1221 4826; x_wconf 83' lang='grc' dir='ltr'><strong>γὰρ</strong></span> <span class='ocrx_word' id='word_1_422' title='bbox 1251 4756 1385 4825; x_wconf 80' lang='grc' dir='ltr'>ἡμῖν</span> <span class='ocrx_word' id='word_1_423' title='bbox 1422 4757 1488 4810; x_wconf 79' lang='grc' dir='ltr'>ἐκ</span> <span class='ocrx_word' id='word_1_424' title='bbox 1515 4754 1736 4819; x_wconf 81' lang='grc' dir='ltr'>,παντὸς</span> 
     </span>
    </p>
   </div>
   <div class='ocr_carea' id='block_1_54' title="bbox 158 4841 1738 4914">
    <p class='ocr_par' dir='ltr' id='par_1_54' title="bbox 158 4841 1738 4914">
     <span class='ocr_line' id='line_1_55' title="bbox 158 4841 1738 4914; baseline 0.003 -21"><span class='ocrx_word' id='word_1_425' title='bbox 158 4841 257 4893; x_wconf 63' lang='grc' dir='ltr'>καὶ</span> <span class='ocrx_word' id='word_1_426' title='bbox 286 4842 349 4894; x_wconf 78' lang='grc' dir='ltr'>οὐ</span> <span class='ocrx_word' id='word_1_427' title='bbox 389 4841 545 4912; x_wconf 84' lang='grc' dir='ltr'>νίκης</span> <span class='ocrx_word' id='word_1_428' title='bbox 577 4845 798 4905; x_wconf 82' lang='grc' dir='ltr'>πάντως</span> <span class='ocrx_word' id='word_1_429' title='bbox 817 4844 851 4914; x_wconf 79' lang='grc' dir='ltr'><strong>ἠ</strong></span> <span class='ocrx_word' id='word_1_430' title='bbox 890 4842 1120 4913; x_wconf 76' lang='grc' dir='ltr'>ἔφεσις),</span> <span class='ocrx_word' id='word_1_431' title='bbox 1149 4845 1244 4896; x_wconf 74' lang='grc' dir='ltr'><strong>καί</strong></span> <span class='ocrx_word' id='word_1_432' title='bbox 1266 4843 1395 4898; x_wconf 76' lang='grc' dir='ltr'>τάδε</span> <span class='ocrx_word' id='word_1_433' title='bbox 1428 4844 1563 4914; x_wconf 67' lang='grc' dir='ltr'>πρὸς</span> <span class='ocrx_word' id='word_1_434' title='bbox 1593 4846 1738 4898; x_wconf 80' lang='grc' dir='ltr'>τοῖσ-</span> 
     </span>
    </p>
   </div>
   <div class='ocr_carea' id='block_1_55' title="bbox 158 4930 1739 5007">
    <p class='ocr_par' dir='ltr' id='par_1_55' title="bbox 158 4930 1739 5007">
     <span class='ocr_line' id='line_1_56' title="bbox 158 4930 1739 5007; baseline 0.004 -26"><span class='ocrx_word' id='word_1_435' title='bbox 158 4930 246 4981; x_wconf 33' lang='grc' dir='ltr'><strong>δε.</strong></span> <span class='ocrx_word' id='word_1_436' title='bbox 270 4932 443 4983; x_wconf 82' lang='grc' dir='ltr'>εἰπεῖν</span> <span class='ocrx_word' id='word_1_437' title='bbox 490 4931 567 5000; x_wconf 82' lang='grc' dir='ltr'>μὴ</span> <span class='ocrx_word' id='word_1_438' title='bbox 616 4931 1044 5003; x_wconf 81' lang='grc' dir='ltr'>παραλείψωμεν</span> <span class='ocrx_word' id='word_1_439' title='bbox 1071 4951 1085 4966; x_wconf 86' lang='grc'><strong>·</strong></span> <span class='ocrx_word' id='word_1_440' title='bbox 1116 4934 1178 4988; x_wconf 84' lang='grc' dir='ltr'>τδ</span> <span class='ocrx_word' id='word_1_441' title='bbox 1218 4933 1276 5003; x_wconf 76' lang='grc' dir='ltr'>ἐξ</span> <span class='ocrx_word' id='word_1_442' title='bbox 1325 4933 1739 5007; x_wconf 85' lang='grc' dir='ltr'>ἀνομοιομερῶν</span> 
     </span>
    </p>
   </div>
   <div class='ocr_carea' id='block_1_56' title="bbox 156 5020 1738 5097">
    <p class='ocr_par' dir='ltr' id='par_1_56' title="bbox 156 5020 1738 5097">
     <span class='ocr_line' id='line_1_57' title="bbox 156 5020 1738 5097; baseline 0.005 -25"><span class='ocrx_word' id='word_1_443' title='bbox 156 5020 281 5073; x_wconf 78' lang='grc' dir='ltr'>ὅλον</span> <span class='ocrx_word' id='word_1_444' title='bbox 306 5022 721 5091; x_wconf 81' lang='grc' dir='ltr'>συνιστάμενον,</span> <span class='ocrx_word' id='word_1_445' title='bbox 747 5024 934 5094; x_wconf 73' lang='grc' dir='ltr'>ἕτερόν</span> <span class='ocrx_word' id='word_1_446' title='bbox 960 5041 1077 5090; x_wconf 86' lang='grc' dir='ltr'><strong>πως</strong></span> <span class='ocrx_word' id='word_1_447' title='bbox 1105 5024 1214 5079; x_wconf 88' lang='grc' dir='ltr'><strong>τῶν</strong></span> <span class='ocrx_word' id='word_1_448' title='bbox 1245 5026 1391 5080; x_wconf 80' lang='grc' dir='ltr'>ἰδίων</span> <span class='ocrx_word' id='word_1_449' title='bbox 1418 5026 1599 5097; x_wconf 83' lang='grc' dir='ltr'>μερῶν</span> <span class='ocrx_word' id='word_1_450' title='bbox 1624 5029 1738 5080; x_wconf 77' lang='grc' dir='ltr'>ἐστι</span> 
     </span>
    </p>
   </div>
   <div class='ocr_carea' id='block_1_57' title="bbox 156 5112 1731 5191">
    <p class='ocr_par' dir='ltr' id='par_1_57' title="bbox 156 5112 1731 5191">
     <span class='ocr_line' id='line_1_58' title="bbox 156 5112 1731 5191; baseline 0.004 -26"><span class='ocrx_word' id='word_1_451' title='bbox 156 5112 241 5182; x_wconf 83' lang='grc' dir='ltr'>τῷ</span> <span class='ocrx_word' id='word_1_452' title='bbox 266 5130 325 5166; x_wconf 87' lang='grc' dir='ltr'>τε</span> <span class='ocrx_word' id='word_1_453' title='bbox 359 5114 743 5187; x_wconf 82' lang='grc' dir='ltr'>συνθετωτέρῳ</span> <span class='ocrx_word' id='word_1_454' title='bbox 761 5116 856 5170; x_wconf 74' lang='grc' dir='ltr'>καὶ</span> <span class='ocrx_word' id='word_1_455' title='bbox 877 5116 1253 5191; x_wconf 80' lang='grc' dir='ltr'>ποικιλωτέρῳ</span> <span class='ocrx_word' id='word_1_456' title='bbox 1269 5120 1365 5173; x_wconf 73' lang='grc' dir='ltr'>καὶ</span> <span class='ocrx_word' id='word_1_457' title='bbox 1389 5119 1731 5190; x_wconf 81' lang='grc' dir='ltr'>τελειοτέρῳ,</span> 
     </span>
    </p>
   </div>
   <div class='ocr_carea' id='block_1_58' title="bbox 159 5202 1736 5282">
    <p class='ocr_par' dir='ltr' id='par_1_58' title="bbox 159 5202 1736 5282">
     <span class='ocr_line' id='line_1_59' title="bbox 159 5202 1736 5282; baseline 0.004 -25"><span class='ocrx_word' id='word_1_458' title='bbox 159 5202 258 5257; x_wconf 71' lang='grc' dir='ltr'>καὶ</span> <span class='ocrx_word' id='word_1_459' title='bbox 281 5204 737 5275; x_wconf 47' lang='grc' dir='ltr'>παραλλάττοντιι</span> <span class='ocrx_word' id='word_1_460' title='bbox 775 5207 912 5278; x_wconf 79' lang='grc' dir='ltr'>πρὸς</span> <span class='ocrx_word' id='word_1_461' title='bbox 944 5209 1183 5280; x_wconf 80' lang='grc' dir='ltr'>ἑκάτερα</span> <span class='ocrx_word' id='word_1_462' title='bbox 1218 5210 1359 5282; x_wconf 84' lang='grc' dir='ltr'>μέρη</span> <span class='ocrx_word' id='word_1_463' title='bbox 1414 5210 1510 5265; x_wconf 88' lang='grc' dir='ltr'><strong>τοῦ</strong></span> <span class='ocrx_word' id='word_1_464' title='bbox 1552 5211 1736 5272; x_wconf 77' lang='grc' dir='ltr'>ἁπλῶς</span> 
     </span>
    </p>
   </div>
   <div class='ocr_carea' id='block_1_59' title="bbox 158 5296 1735 5373">
    <p class='ocr_par' dir='ltr' id='par_1_59' title="bbox 158 5296 1735 5373">
     <span class='ocr_line' id='line_1_60' title="bbox 158 5296 1735 5373; baseline 0.004 -25"><span class='ocrx_word' id='word_1_465' title='bbox 158 5296 429 5367; x_wconf 74' lang='grc' dir='ltr'>διαφοράν</span> <span class='ocrx_word' id='word_1_466' title='bbox 473 5308 601 5352; x_wconf 79' lang='grc' dir='ltr'>τινα</span> <span class='ocrx_word' id='word_1_467' title='bbox 662 5298 798 5370; x_wconf 80' lang='grc' dir='ltr'>πρὸς</span> <span class='ocrx_word' id='word_1_468' title='bbox 828 5298 917 5353; x_wconf 84' lang='grc' dir='ltr'>τὰ·</span> <span class='ocrx_word' id='word_1_469' title='bbox 943 5302 1119 5354; x_wconf 78' lang='grc' dir='ltr'>οἰκεῖα</span> <span class='ocrx_word' id='word_1_470' title='bbox 1161 5300 1302 5373; x_wconf 79' lang='grc' dir='ltr'>μέρη</span> <span class='ocrx_word' id='word_1_471' title='bbox 1344 5301 1692 5373; x_wconf 83' lang='grc' dir='ltr'>κτησάμενον</span> <span class='ocrx_word' id='word_1_472' title='bbox 1716 5314 1735 5328; x_wconf 85' lang='grc'><strong>··</strong></span> 
     </span>
    </p>
   </div>
   <div class='ocr_carea' id='block_1_60' title="bbox 160 5387 1740 5464">
    <p class='ocr_par' dir='ltr' id='par_1_60' title="bbox 160 5387 1740 5464">
     <span class='ocr_line' id='line_1_61' title="bbox 160 5387 1740 5464; baseline 0.003 -24"><span class='ocrx_word' id='word_1_473' title='bbox 160 5387 445 5457; x_wconf 74' lang='grc' dir='ltr'>καθάπερ·</span> <span class='ocrx_word' id='word_1_474' title='bbox 464 5389 522 5442; x_wconf 84' lang='grc' dir='ltr'>ὲν</span> <span class='ocrx_word' id='word_1_475' title='bbox 546 5390 831 5462; x_wconf 77' lang='grc' dir='ltr'>φαρμάκῳ</span> <span class='ocrx_word' id='word_1_476' title='bbox 871 5391 966 5445; x_wconf 73' lang='grc' dir='ltr'>καὶ</span> <span class='ocrx_word' id='word_1_477' title='bbox 990 5391 1127 5463; x_wconf 72' lang='grc' dir='ltr'>οἴκῳ</span> <span class='ocrx_word' id='word_1_478' title='bbox 1148 5393 1253 5445; x_wconf 80' lang='grc' dir='ltr'>καὶ</span> <span class='ocrx_word' id='word_1_479' title='bbox 1282 5392 1469 5464; x_wconf 82' lang='grc' dir='ltr'>μύδρῳ</span> <span class='ocrx_word' id='word_1_480' title='bbox 1509 5393 1605 5446; x_wconf 78' lang='grc' dir='ltr'><strong>καί</strong></span> <span class='ocrx_word' id='word_1_481' title='bbox 1643 5391 1740 5445; x_wconf 79' lang='grc' dir='ltr'><strong>ἁν-</strong></span> 
     </span>
    </p>
   </div>
   <div class='ocr_carea' id='block_1_61' title="bbox 162 5479 1740 5558">
    <p class='ocr_par' dir='ltr' id='par_1_61' title="bbox 162 5479 1740 5558">
     <span class='ocr_line' id='line_1_62' title="bbox 162 5479 1740 5558; baseline 0.006 -25"><span class='ocrx_word' id='word_1_482' title='bbox 162 5479 643 5555; x_wconf 64' lang='grc' dir='ltr'>θρώπῳυόρῶμενέ</span> <span class='ocrx_word' id='word_1_483' title='bbox 661 5484 759 5557; x_wconf 68' lang='grc' dir='ltr'><strong>οΤῷ</strong></span> <span class='ocrx_word' id='word_1_484' title='bbox 776 5502 838 5540; x_wconf 85' lang='grc' dir='ltr'>τε</span> <span class='ocrx_word' id='word_1_485' title='bbox 869 5486 1412 5558; x_wconf 57' lang='grc' dir='ltr'>γὰρλὲκδχαλκίτιδος</span> <span class='ocrx_word' id='word_1_486' title='bbox 1437 5487 1534 5542; x_wconf 67' lang='grc' dir='ltr'>καῖ</span> <span class='ocrx_word' id='word_1_487' title='bbox 1559 5482 1740 5542; x_wconf 74' lang='grc' dir='ltr'>ὲλαίὸῡ</span> 
     </span>
    </p>
   </div>
   <div class='ocr_carea' id='block_1_62' title="bbox 166 5568 1740 5653">
    <p class='ocr_par' dir='ltr' id='par_1_62' title="bbox 166 5568 1740 5653">
     <span class='ocr_line' id='line_1_63' title="bbox 166 5568 1740 5653; baseline 0.004 -27"><span class='ocrx_word' id='word_1_488' title='bbox 166 5572 495 5646; x_wconf 73' lang='grc' dir='ltr'>συνθέματι,</span> <span class='ocrx_word' id='word_1_489' title='bbox 514 5572 801 5650; x_wconf 62' lang='grc' dir='ltr'><strong>τρέᾲιουσαΓ</strong></span> <span class='ocrx_word' id='word_1_490' title='bbox 816 5579 889 5633; x_wconf 73' lang='grc' dir='ltr'>τὰ</span> <span class='ocrx_word' id='word_1_491' title='bbox 910 5578 1073 5632; x_wconf 75' lang='grc' dir='ltr'>’κστλα</span> <span class='ocrx_word' id='word_1_492' title='bbox 1087 5568 1225 5633; x_wconf 70' lang='grc' dir='ltr'>’τῶν</span> <span class='ocrx_word' id='word_1_493' title='bbox 1239 5568 1414 5634; x_wconf 72' lang='grc' dir='ltr'>ἑλκῶν</span> <span class='ocrx_word' id='word_1_494' title='bbox 1451 5584 1710 5653; x_wconf 78' lang='grc' dir='ltr'>π’ροσμαρ</span> <span class='ocrx_word' id='word_1_495' title='bbox 1725 5606 1740 5622; x_wconf 83' lang='grc' dir='ltr'><strong><em>ο</em></strong></span> 
     </span>
    </p>
   </div>
   <div class='ocr_carea' id='block_1_63' title="bbox 163 5664 1739 5744">
    <p class='ocr_par' dir='ltr' id='par_1_63' title="bbox 163 5664 1739 5744">
     <span class='ocr_line' id='line_1_64' title="bbox 163 5664 1739 5744; baseline 0.006 -26"><span class='ocrx_word' id='word_1_496' title='bbox 163 5668 409 5737; x_wconf 69' lang='grc' dir='ltr'>τυρεῖται</span> <span class='ocrx_word' id='word_1_497' title='bbox 453 5664 699 5740; x_wconf 69' lang='grc' dir='ltr'>διῖνειμις,</span> <span class='ocrx_word' id='word_1_498' title='bbox 725 5668 915 5743; x_wconf 68' lang='grc' dir='ltr'>ἥνπερ</span> <span class='ocrx_word' id='word_1_499' title='bbox 958 5668 1239 5744; x_wconf 63' lang='grc' dir='ltr'>οὐδέτερον</span> <span class='ocrx_word' id='word_1_500' title='bbox 1280 5670 1388 5727; x_wconf 71' lang='grc' dir='ltr'><strong>τῶν</strong></span> <span class='ocrx_word' id='word_1_501' title='bbox 1436 5670 1555 5728; x_wconf 68' lang='grc' dir='ltr'>κατ’</span> <span class='ocrx_word' id='word_1_502' title='bbox 1607 5666 1739 5727; x_wconf 68' lang='grc' dir='ltr'>αὐτό</span> 
     </span>
    </p>
   </div>
   <div class='ocr_carea' id='block_1_64' title="bbox 1811 447 3389 523">
    <p class='ocr_par' dir='ltr' id='par_1_64' title="bbox 1811 447 3389 523">
     <span class='ocr_line' id='line_1_65' title="bbox 1811 447 3389 523; baseline 0.007 -25"><span class='ocrx_word' id='word_1_503' title='bbox 1811 447 2144 517; x_wconf 85' lang='lat' dir='ltr'><strong>cumpositio</strong></span> <span class='ocrx_word' id='word_1_504' title='bbox 2171 450 2473 518; x_wconf 87' lang='lat' dir='ltr'><strong>sapientem</strong></span> <span class='ocrx_word' id='word_1_505' title='bbox 2513 460 2756 507; x_wconf 78' lang='lat' dir='ltr'><strong>mentem</strong></span> <span class='ocrx_word' id='word_1_506' title='bbox 2804 453 3161 523; x_wconf 89' lang='lat' dir='ltr'><strong>persuadebit</strong></span> <span class='ocrx_word' id='word_1_507' title='bbox 3191 469 3389 509; x_wconf 87' lang='lat' dir='ltr'><strong>aurum</strong></span> 
     </span>
    </p>
   </div>
   <div class='ocr_carea' id='block_1_65' title="bbox 1812 536 3401 617">
    <p class='ocr_par' dir='ltr' id='par_1_65' title="bbox 1812 536 3401 617">
     <span class='ocr_line' id='line_1_66' title="bbox 1812 536 3401 617; baseline 0.007 -26"><span class='ocrx_word' id='word_1_508' title='bbox 1812 536 1871 592; x_wconf 91' lang='lat' dir='ltr'><strong>in</strong></span> <span class='ocrx_word' id='word_1_509' title='bbox 1918 554 2015 593; x_wconf 85' lang='lat' dir='ltr'><strong>sua</strong></span> <span class='ocrx_word' id='word_1_510' title='bbox 2065 549 2261 595; x_wconf 84' lang='lat' dir='ltr'><strong>natura</strong></span> <span class='ocrx_word' id='word_1_511' title='bbox 2304 541 2472 598; x_wconf 81' lang='lat' dir='ltr'><strong>fuisse</strong></span> <span class='ocrx_word' id='word_1_512' title='bbox 2521 543 2733 611; x_wconf 65' lang='lat' dir='ltr'><strong>laesum,</strong></span> <span class='ocrx_word' id='word_1_513' title='bbox 2777 561 2902 601; x_wconf 89' lang='lat' dir='ltr'><strong>cum</strong></span> <span class='ocrx_word' id='word_1_514' title='bbox 2940 544 3271 617; x_wconf 80' lang='lat' dir='ltr'><strong>jampridem</strong></span> <span class='ocrx_word' id='word_1_515' title='bbox 3319 545 3401 602; x_wconf 78' lang='lat' dir='ltr'><strong>sit</strong></span> 
     </span>
    </p>
   </div>
   <div class='ocr_carea' id='block_1_66' title="bbox 1813 634 3405 709">
    <p class='ocr_par' dir='ltr' id='par_1_66' title="bbox 1813 634 3405 709">
     <span class='ocr_line' id='line_1_67' title="bbox 1813 634 3405 709; baseline 0.004 -22"><span class='ocrx_word' id='word_1_516' title='bbox 1813 642 2006 688; x_wconf 90' lang='lat' dir='ltr'><strong>notum</strong></span> <span class='ocrx_word' id='word_1_517' title='bbox 2030 634 2167 690; x_wconf 90' lang='lat' dir='ltr'><strong>illud</strong></span> <span class='ocrx_word' id='word_1_518' title='bbox 2185 646 2382 692; x_wconf 87' lang='lat' dir='ltr'><strong>natura</strong></span> <span class='ocrx_word' id='word_1_519' title='bbox 2405 652 2517 692; x_wconf 91' lang='lat' dir='ltr'><strong>non</strong></span> <span class='ocrx_word' id='word_1_520' title='bbox 2539 653 2700 709; x_wconf 83' lang='lat' dir='ltr'><strong>posse</strong></span> <span class='ocrx_word' id='word_1_521' title='bbox 2722 639 2776 693; x_wconf 88' lang='lat' dir='ltr'><strong>in</strong></span> <span class='ocrx_word' id='word_1_522' title='bbox 2800 641 2987 709; x_wconf 83' lang='lat' dir='ltr'><strong>pejora</strong></span> <span class='ocrx_word' id='word_1_523' title='bbox 3011 639 3405 707; x_wconf 78' lang='lat' dir='ltr'><strong>transmutari;</strong></span> 
     </span>
    </p>
   </div>
   <div class='ocr_carea' id='block_1_67' title="bbox 1814 726 3409 801">
    <p class='ocr_par' dir='ltr' id='par_1_67' title="bbox 1814 726 3409 801">
     <span class='ocr_line' id='line_1_68' title="bbox 1814 726 3409 801; baseline 0.004 -20"><span class='ocrx_word' id='word_1_524' title='bbox 1814 726 1911 781; x_wconf 89' lang='lat' dir='ltr'><strong>sed</strong></span> <span class='ocrx_word' id='word_1_525' title='bbox 1944 744 2123 798; x_wconf 86' lang='lat' dir='ltr'><strong>neque</strong></span> <span class='ocrx_word' id='word_1_526' title='bbox 2165 729 2387 785; x_wconf 81' lang='lat' dir='ltr'><strong>aliunde</strong></span> <span class='ocrx_word' id='word_1_527' title='bbox 2427 731 2717 801; x_wconf 84' lang='lat' dir='ltr'><strong>quisquam</strong></span> <span class='ocrx_word' id='word_1_528' title='bbox 2751 731 2884 786; x_wconf 78' lang='lat' dir='ltr'><strong>illud</strong></span> <span class='ocrx_word' id='word_1_529' title='bbox 2910 747 2978 787; x_wconf 87' lang='lat' dir='ltr'><strong>ex</strong></span> <span class='ocrx_word' id='word_1_530' title='bbox 3006 731 3409 788; x_wconf 71' lang='lat' dir='ltr'><strong>circumdante&#39;</strong></span> 
     </span>
    </p>
   </div>
   <div class='ocr_carea' id='block_1_68' title="bbox 1813 817 3392 881">
    <p class='ocr_par' dir='ltr' id='par_1_68' title="bbox 1813 817 3392 881">
     <span class='ocr_line' id='line_1_69' title="bbox 1813 817 3392 881; baseline 0.004 -10"><span class='ocrx_word' id='word_1_531' title='bbox 1813 817 1933 873; x_wconf 87' lang='lat' dir='ltr'><strong>luto</strong></span> <span class='ocrx_word' id='word_1_532' title='bbox 1984 819 2187 875; x_wconf 80' lang='lat' dir='ltr'><strong>factum</strong></span> <span class='ocrx_word' id='word_1_533' title='bbox 2218 837 2338 877; x_wconf 89' lang='lat' dir='ltr'><strong>esse</strong></span> <span class='ocrx_word' id='word_1_534' title='bbox 2389 822 2540 877; x_wconf 90' lang='lat' dir='ltr'><strong>nudo</strong></span> <span class='ocrx_word' id='word_1_535' title='bbox 2588 838 2725 880; x_wconf 77' lang='lat' dir='ltr'><strong>aur)</strong></span> <span class='ocrx_word' id='word_1_536' title='bbox 2769 824 2967 879; x_wconf 85' lang='lat' dir='ltr'><strong>melius</strong></span> <span class='ocrx_word' id='word_1_537' title='bbox 3025 823 3392 881; x_wconf 68' lang='lat' dir='ltr'><strong>existimabit.</strong></span> 
     </span>
    </p>
   </div>
   <div class='ocr_carea' id='block_1_69' title="bbox 1814 909 3392 987">
    <p class='ocr_par' dir='ltr' id='par_1_69' title="bbox 1814 909 3392 987">
     <span class='ocr_line' id='line_1_70' title="bbox 1814 909 3392 987; baseline 0.006 -23"><span class='ocrx_word' id='word_1_538' title='bbox 1814 909 1974 976; x_wconf 83' lang='lat' dir='ltr'><strong>Quod</strong></span> <span class='ocrx_word' id='word_1_539' title='bbox 2001 911 2148 966; x_wconf 89' lang='lat' dir='ltr'><strong>enim</strong></span> <span class='ocrx_word' id='word_1_540' title='bbox 2160 913 2328 968; x_wconf 84' lang='lat' dir='ltr'><strong>semel</strong></span> <span class='ocrx_word' id='word_1_541' title='bbox 2350 921 2434 969; x_wconf 90' lang='lat' dir='ltr'><strong>est</strong></span> <span class='ocrx_word' id='word_1_542' title='bbox 2459 913 2710 979; x_wconf 73' lang='lat' dir='ltr'><strong>melius,t</strong></span> <span class='ocrx_word' id='word_1_543' title='bbox 2737 935 2748 964; x_wconf 68' lang='grc' dir='ltr'><strong>ι</strong></span> <span class='ocrx_word' id='word_1_544' title='bbox 2771 916 3146 986; x_wconf 86' lang='lat' dir='ltr'><strong>assumptione</strong></span> <span class='ocrx_word' id='word_1_545' title='bbox 3164 917 3392 987; x_wconf 85' lang='lat' dir='ltr'><strong>pejoris,</strong></span> 
     </span>
    </p>
   </div>
   <div class='ocr_carea' id='block_1_70' title="bbox 1817 1005 3396 1076">
    <p class='ocr_par' dir='ltr' id='par_1_70' title="bbox 1817 1005 3396 1076">
     <span class='ocr_line' id='line_1_71' title="bbox 1817 1005 3396 1076; baseline 0.005 -20"><span class='ocrx_word' id='word_1_546' title='bbox 1817 1018 2097 1073; x_wconf 86' lang='lat' dir='ltr'><strong>nunquam</strong></span> <span class='ocrx_word' id='word_1_547' title='bbox 2143 1005 2321 1076; x_wconf 89' lang='lat' dir='ltr'><strong>seipso</strong></span> <span class='ocrx_word' id='word_1_548' title='bbox 2354 1007 2553 1062; x_wconf 88' lang='lat' dir='ltr'><strong>melius</strong></span> <span class='ocrx_word' id='word_1_549' title='bbox 2582 1007 2884 1062; x_wconf 78' lang='lat' dir='ltr'><strong>videbttur.</strong></span> <span class='ocrx_word' id='word_1_550' title='bbox 2933 1006 3041 1063; x_wconf 87' lang='lat' dir='ltr'><strong>Sed</strong></span> <span class='ocrx_word' id='word_1_551' title='bbox 3063 1008 3171 1064; x_wconf 87' lang='lat' dir='ltr'><strong>hoc</strong></span> <span class='ocrx_word' id='word_1_552' title='bbox 3209 1008 3396 1065; x_wconf 75' lang='lat' dir='ltr'><strong>dicere</strong></span> 
     </span>
    </p>
   </div>
   <div class='ocr_carea' id='block_1_71' title="bbox 1816 1097 2893 1166">
    <p class='ocr_par' dir='ltr' id='par_1_71' title="bbox 1816 1097 2893 1166">
     <span class='ocr_line' id='line_1_72' title="bbox 1816 1097 2893 1166; baseline 0.006 -23"><span class='ocrx_word' id='word_1_553' title='bbox 1816 1108 2019 1148; x_wconf 84' lang='lat' dir='ltr'><strong>vanum</strong></span> <span class='ocrx_word' id='word_1_554' title='bbox 2069 1103 2185 1162; x_wconf 87' lang='lat' dir='ltr'><strong>est;</strong></span> <span class='ocrx_word' id='word_1_555' title='bbox 2224 1109 2392 1166; x_wconf 86' lang='lat' dir='ltr'><strong>quare</strong></span> <span class='ocrx_word' id='word_1_556' title='bbox 2418 1097 2565 1153; x_wconf 88' lang='lat' dir='ltr'><strong>dicta</strong></span> <span class='ocrx_word' id='word_1_557' title='bbox 2599 1098 2893 1154; x_wconf 80' lang='lat' dir='ltr'><strong>suliiciaut.</strong></span> 
     </span>
    </p>
   </div>
   <div class='ocr_carea' id='block_1_72' title="bbox 1887 1268 3411 1341">
    <p class='ocr_par' dir='ltr' id='par_1_72' title="bbox 1887 1268 3411 1341">
     <span class='ocr_line' id='line_1_73' title="bbox 1887 1268 3411 1341; baseline 0.002 -18"><span class='ocrx_word' id='word_1_558' title='bbox 1887 1268 2162 1336; x_wconf 83' lang='lat' dir='ltr'><strong>Quantum</strong></span> <span class='ocrx_word' id='word_1_559' title='bbox 2187 1269 2252 1324; x_wconf 89' lang='lat' dir='ltr'><strong>ad</strong></span> <span class='ocrx_word' id='word_1_560' title='bbox 2274 1278 2511 1326; x_wconf 83' lang='lat' dir='ltr'><strong>vestram</strong></span> <span class='ocrx_word' id='word_1_561' title='bbox 2532 1272 2858 1327; x_wconf 82' lang='lat' dir='ltr'><strong>sententiam</strong></span> <span class='ocrx_word' id='word_1_562' title='bbox 2880 1286 2987 1341; x_wconf 89' lang='lat' dir='ltr'><strong>qua</strong></span> <span class='ocrx_word' id='word_1_563' title='bbox 3010 1269 3197 1325; x_wconf 91' lang='lat' dir='ltr'><strong>dicitis</strong></span> <span class='ocrx_word' id='word_1_564' title='bbox 3219 1278 3411 1326; x_wconf 83' lang='lat' dir='ltr'><strong>totum</strong></span> 
     </span>
    </p>
   </div>
   <div class='ocr_carea' id='block_1_73' title="bbox 1819 1359 3394 1432">
    <p class='ocr_par' dir='ltr' id='par_1_73' title="bbox 1819 1359 3394 1432">
     <span class='ocr_line' id='line_1_74' title="bbox 1819 1359 3394 1432; baseline 0.001 -18"><span class='ocrx_word' id='word_1_565' title='bbox 1819 1360 1906 1414; x_wconf 86' lang='lat' dir='ltr'><strong>vel</strong></span> <span class='ocrx_word' id='word_1_566' title='bbox 1955 1359 2153 1416; x_wconf 91' lang='lat' dir='ltr'><strong>melius</strong></span> <span class='ocrx_word' id='word_1_567' title='bbox 2199 1361 2288 1415; x_wconf 88' lang='lat' dir='ltr'><strong>vel</strong></span> <span class='ocrx_word' id='word_1_568' title='bbox 2335 1361 2494 1432; x_wconf 88' lang='lat' dir='ltr'><strong>pejus</strong></span> <span class='ocrx_word' id='word_1_569' title='bbox 2544 1377 2667 1417; x_wconf 90' lang='lat' dir='ltr'><strong>esse</strong></span> <span class='ocrx_word' id='word_1_570' title='bbox 2717 1361 2833 1417; x_wconf 88' lang='lat' dir='ltr'><strong>suis</strong></span> <span class='ocrx_word' id='word_1_571' title='bbox 2885 1362 3157 1431; x_wconf 69' lang='lat' dir='ltr'><strong>partibus,</strong></span> <span class='ocrx_word' id='word_1_572' title='bbox 3210 1370 3394 1416; x_wconf 84' lang='lat' dir='ltr'><strong>vestra</strong></span> 
     </span>
    </p>
   </div>
   <div class='ocr_carea' id='block_1_74' title="bbox 1818 1449 3394 1522">
    <p class='ocr_par' dir='ltr' id='par_1_74' title="bbox 1818 1449 3394 1522">
     <span class='ocr_line' id='line_1_75' title="bbox 1818 1449 3394 1522; baseline 0 -17"><span class='ocrx_word' id='word_1_573' title='bbox 1818 1449 2066 1519; x_wconf 77' lang='lat' dir='ltr'><strong>exempla</strong></span> <span class='ocrx_word' id='word_1_574' title='bbox 2110 1449 2259 1505; x_wconf 88' lang='lat' dir='ltr'><strong>aliud</strong></span> <span class='ocrx_word' id='word_1_575' title='bbox 2307 1451 2691 1507; x_wconf 86' lang='lat' dir='ltr'><strong>demonstrant</strong></span> <span class='ocrx_word' id='word_1_576' title='bbox 2730 1452 2839 1506; x_wconf 90' lang='lat' dir='ltr'><strong>nisi</strong></span> <span class='ocrx_word' id='word_1_577' title='bbox 2897 1451 2948 1506; x_wconf 92' lang='lat' dir='ltr'><strong>id</strong></span> <span class='ocrx_word' id='word_1_578' title='bbox 2990 1452 3136 1522; x_wconf 86' lang='lat' dir='ltr'><strong>quod</strong></span> <span class='ocrx_word' id='word_1_579' title='bbox 3170 1451 3394 1507; x_wconf 85' lang='lat' dir='ltr'><strong>dicitis:</strong></span> 
     </span>
    </p>
   </div>
   <div class='ocr_carea' id='block_1_75' title="bbox 1819 1538 3400 1614">
    <p class='ocr_par' dir='ltr' id='par_1_75' title="bbox 1819 1538 3400 1614">
     <span class='ocr_line' id='line_1_76' title="bbox 1819 1538 3400 1614; baseline 0.002 -19"><span class='ocrx_word' id='word_1_580' title='bbox 1819 1538 2012 1596; x_wconf 89' lang='lat' dir='ltr'><strong>dicunt</strong></span> <span class='ocrx_word' id='word_1_581' title='bbox 2035 1542 2182 1597; x_wconf 91' lang='lat' dir='ltr'><strong>enim</strong></span> <span class='ocrx_word' id='word_1_582' title='bbox 2204 1543 2452 1599; x_wconf 87' lang='lat' dir='ltr'><strong>absolute</strong></span> <span class='ocrx_word' id='word_1_583' title='bbox 2474 1558 2636 1599; x_wconf 88' lang='lat' dir='ltr'><strong>omne</strong></span> <span class='ocrx_word' id='word_1_584' title='bbox 2660 1544 3028 1614; x_wconf 90' lang='lat' dir='ltr'><strong>compositum</strong></span> <span class='ocrx_word' id='word_1_585' title='bbox 3061 1559 3185 1599; x_wconf 87' lang='lat' dir='ltr'><strong>esse</strong></span> <span class='ocrx_word' id='word_1_586' title='bbox 3199 1543 3400 1598; x_wconf 82' lang='lat' dir='ltr'><strong>melius</strong></span> 
     </span>
    </p>
   </div>
   <div class='ocr_carea' id='block_1_76' title="bbox 1821 1632 3399 1705">
    <p class='ocr_par' dir='ltr' id='par_1_76' title="bbox 1821 1632 3399 1705">
     <span class='ocr_line' id='line_1_77' title="bbox 1821 1632 3399 1705; baseline 0.002 -20"><span class='ocrx_word' id='word_1_587' title='bbox 1821 1632 1937 1686; x_wconf 89' lang='lat' dir='ltr'><strong>suis</strong></span> <span class='ocrx_word' id='word_1_588' title='bbox 1964 1633 2243 1702; x_wconf 87' lang='lat' dir='ltr'><strong>partibus;</strong></span> <span class='ocrx_word' id='word_1_589' title='bbox 2278 1634 2564 1690; x_wconf 83' lang='lat' dir='ltr'><strong>meliorem</strong></span> <span class='ocrx_word' id='word_1_590' title='bbox 2612 1650 2733 1690; x_wconf 90' lang='lat' dir='ltr'><strong>esse</strong></span> <span class='ocrx_word' id='word_1_591' title='bbox 2766 1636 2989 1691; x_wconf 90' lang='lat' dir='ltr'><strong>domum</strong></span> <span class='ocrx_word' id='word_1_592' title='bbox 3039 1634 3315 1705; x_wconf 89' lang='lat' dir='ltr'><strong>lapidibus</strong></span> <span class='ocrx_word' id='word_1_593' title='bbox 3341 1641 3399 1688; x_wconf 85' lang='lat' dir='ltr'><strong>et</strong></span> 
     </span>
    </p>
   </div>
   <div class='ocr_carea' id='block_1_77' title="bbox 1819 1722 3397 1798">
    <p class='ocr_par' dir='ltr' id='par_1_77' title="bbox 1819 1722 3397 1798">
     <span class='ocr_line' id='line_1_78' title="bbox 1819 1722 3397 1798; baseline 0.001 -21"><span class='ocrx_word' id='word_1_594' title='bbox 1819 1722 2002 1792; x_wconf 79' lang='lat' dir='ltr'><strong>lignis,</strong></span> <span class='ocrx_word' id='word_1_595' title='bbox 2061 1726 2293 1781; x_wconf 72' lang='lat' dir='ltr'><strong>aulaeum</strong></span> <span class='ocrx_word' id='word_1_596' title='bbox 2348 1726 2545 1782; x_wconf 90' lang='lat' dir='ltr'><strong>melius</strong></span> <span class='ocrx_word' id='word_1_597' title='bbox 2591 1742 2714 1782; x_wconf 91' lang='lat' dir='ltr'><strong>esse</strong></span> <span class='ocrx_word' id='word_1_598' title='bbox 2760 1742 3032 1798; x_wconf 85' lang='lat' dir='ltr'><strong>purpura,</strong></span> <span class='ocrx_word' id='word_1_599' title='bbox 3082 1726 3316 1781; x_wconf 89' lang='lat' dir='ltr'><strong>coccino</strong></span> <span class='ocrx_word' id='word_1_600' title='bbox 3338 1735 3397 1779; x_wconf 86' lang='lat' dir='ltr'><strong>ct</strong></span> 
     </span>
    </p>
   </div>
   <div class='ocr_carea' id='block_1_78' title="bbox 1820 1813 3395 1886">
    <p class='ocr_par' dir='ltr' id='par_1_78' title="bbox 1820 1813 3395 1886">
     <span class='ocr_line' id='line_1_79' title="bbox 1820 1813 3395 1886; baseline 0.001 -19"><span class='ocrx_word' id='word_1_601' title='bbox 1820 1813 2005 1885; x_wconf 88' lang='lat' dir='ltr'><strong>bysso,</strong></span> <span class='ocrx_word' id='word_1_602' title='bbox 2052 1824 2109 1870; x_wconf 88' lang='lat' dir='ltr'><strong>et</strong></span> <span class='ocrx_word' id='word_1_603' title='bbox 2154 1815 2435 1871; x_wconf 89' lang='lat' dir='ltr'><strong>hominem</strong></span> <span class='ocrx_word' id='word_1_604' title='bbox 2484 1815 2768 1872; x_wconf 86' lang='lat' dir='ltr'><strong>meliorem</strong></span> <span class='ocrx_word' id='word_1_605' title='bbox 2813 1816 2997 1872; x_wconf 86' lang='lat' dir='ltr'><strong>anima</strong></span> <span class='ocrx_word' id='word_1_606' title='bbox 3042 1825 3098 1871; x_wconf 91' lang='lat' dir='ltr'><strong>et</strong></span> <span class='ocrx_word' id='word_1_607' title='bbox 3138 1829 3395 1886; x_wconf 89' lang='lat' dir='ltr'><strong>corpore.</strong></span> 
     </span>
    </p>
   </div>
   <div class='ocr_carea' id='block_1_79' title="bbox 1820 1903 3397 1973">
    <p class='ocr_par' dir='ltr' id='par_1_79' title="bbox 1820 1903 3397 1973">
     <span class='ocr_line' id='line_1_80' title="bbox 1820 1903 3397 1973; baseline 0.003 -16"><span class='ocrx_word' id='word_1_608' title='bbox 1820 1903 1936 1960; x_wconf 81' lang='lat' dir='ltr'><strong>Hoc</strong></span> <span class='ocrx_word' id='word_1_609' title='bbox 1964 1907 2122 1962; x_wconf 86' lang='lat' dir='ltr'><strong>vobis</strong></span> <span class='ocrx_word' id='word_1_610' title='bbox 2150 1916 2236 1963; x_wconf 87' lang='lat' dir='ltr'><strong>est</strong></span> <span class='ocrx_word' id='word_1_611' title='bbox 2263 1909 2700 1973; x_wconf 87' lang='lat' dir='ltr'><strong>concedendum,</strong></span> <span class='ocrx_word' id='word_1_612' title='bbox 2736 1908 2939 1964; x_wconf 84' lang='lat' dir='ltr'><strong>deinde</strong></span> <span class='ocrx_word' id='word_1_613' title='bbox 2969 1907 3265 1963; x_wconf 85' lang='lat' dir='ltr'><strong>dicendum</strong></span> <span class='ocrx_word' id='word_1_614' title='bbox 3290 1906 3397 1962; x_wconf 89' lang='lat' dir='ltr'><strong>hoc</strong></span> 
     </span>
    </p>
   </div>
   <div class='ocr_carea' id='block_1_80' title="bbox 1818 1997 3388 2069">
    <p class='ocr_par' dir='ltr' id='par_1_80' title="bbox 1818 1997 3388 2069">
     <span class='ocr_line' id='line_1_81' title="bbox 1818 1997 3388 2069; baseline 0.002 -20"><span class='ocrx_word' id='word_1_615' title='bbox 1818 1997 1940 2049; x_wconf 80' lang='lat' dir='ltr'><strong>eSSe</strong></span> <span class='ocrx_word' id='word_1_616' title='bbox 1974 2011 2167 2066; x_wconf 86' lang='lat' dir='ltr'><strong>reapse</strong></span> <span class='ocrx_word' id='word_1_617' title='bbox 2210 2013 2400 2052; x_wconf 85' lang='lat' dir='ltr'><strong>verum</strong></span> <span class='ocrx_word' id='word_1_618' title='bbox 2439 1998 2495 2052; x_wconf 91' lang='lat' dir='ltr'><strong>in</strong></span> <span class='ocrx_word' id='word_1_619' title='bbox 2530 1999 2838 2069; x_wconf 86' lang='lat' dir='ltr'><strong>aliquibus;</strong></span> <span class='ocrx_word' id='word_1_620' title='bbox 2874 1998 2972 2055; x_wconf 86' lang='lat' dir='ltr'><strong>sed</strong></span> <span class='ocrx_word' id='word_1_621' title='bbox 2999 1997 3228 2053; x_wconf 90' lang='lat' dir='ltr'><strong>nescitis</strong></span> <span class='ocrx_word' id='word_1_622' title='bbox 3255 2012 3388 2067; x_wconf 82' lang='lat' dir='ltr'><strong>quo-</strong></span> 
     </span>
    </p>
   </div>
   <div class='ocr_carea' id='block_1_81' title="bbox 1820 2086 3399 2157">
    <p class='ocr_par' dir='ltr' id='par_1_81' title="bbox 1820 2086 3399 2157">
     <span class='ocr_line' id='line_1_82' title="bbox 1820 2086 3399 2157; baseline 0.002 -18"><span class='ocrx_word' id='word_1_623' title='bbox 1820 2086 2008 2151; x_wconf 87' lang='lat' dir='ltr'><strong>modo,</strong></span> <span class='ocrx_word' id='word_1_624' title='bbox 2033 2101 2136 2153; x_wconf 86' lang='lat' dir='ltr'><strong>nec</strong></span> <span class='ocrx_word' id='word_1_625' title='bbox 2170 2088 2287 2142; x_wconf 91' lang='lat' dir='ltr'><strong>scio</strong></span> <span class='ocrx_word' id='word_1_626' title='bbox 2318 2089 2596 2157; x_wconf 90' lang='lat' dir='ltr'><strong>quomodo</strong></span> <span class='ocrx_word' id='word_1_627' title='bbox 2620 2090 2808 2145; x_wconf 87' lang='lat' dir='ltr'><strong>sciatis</strong></span> <span class='ocrx_word' id='word_1_628' title='bbox 2833 2104 3025 2144; x_wconf 89' lang='lat' dir='ltr'><strong>verum</strong></span> <span class='ocrx_word' id='word_1_629' title='bbox 3060 2103 3202 2144; x_wconf 89' lang='lat' dir='ltr'><strong>esse.</strong></span> <span class='ocrx_word' id='word_1_630' title='bbox 3242 2087 3399 2143; x_wconf 86' lang='lat' dir='ltr'><strong>Tunc</strong></span> 
     </span>
    </p>
   </div>
   <div class='ocr_carea' id='block_1_82' title="bbox 1817 2180 3397 2254">
    <p class='ocr_par' dir='ltr' id='par_1_82' title="bbox 1817 2180 3397 2254">
     <span class='ocr_line' id='line_1_83' title="bbox 1817 2180 3397 2254; baseline 0.003 -21"><span class='ocrx_word' id='word_1_631' title='bbox 1817 2180 1964 2234; x_wconf 90' lang='lat' dir='ltr'><strong>enim</strong></span> <span class='ocrx_word' id='word_1_632' title='bbox 1990 2180 2189 2235; x_wconf 90' lang='lat' dir='ltr'><strong>melius</strong></span> <span class='ocrx_word' id='word_1_633' title='bbox 2219 2190 2305 2236; x_wconf 88' lang='lat' dir='ltr'><strong>est</strong></span> <span class='ocrx_word' id='word_1_634' title='bbox 2340 2190 2513 2237; x_wconf 89' lang='lat' dir='ltr'><strong>totum</strong></span> <span class='ocrx_word' id='word_1_635' title='bbox 2538 2182 2771 2253; x_wconf 81' lang='lat' dir='ltr'><strong>singulis</strong></span> <span class='ocrx_word' id='word_1_636' title='bbox 2799 2184 2916 2238; x_wconf 82' lang='lat' dir='ltr'><strong>suis</strong></span> <span class='ocrx_word' id='word_1_637' title='bbox 2955 2182 3227 2254; x_wconf 85' lang='lat' dir='ltr'><strong>partibus,</strong></span> <span class='ocrx_word' id='word_1_638' title='bbox 3267 2186 3397 2237; x_wconf 86' lang='lat' dir='ltr'><strong>cum</strong></span> 
     </span>
    </p>
   </div>
   <div class='ocr_carea' id='block_1_83' title="bbox 1817 2272 3402 2346">
    <p class='ocr_par' dir='ltr' id='par_1_83' title="bbox 1817 2272 3402 2346">
     <span class='ocr_line' id='line_1_84' title="bbox 1817 2272 3402 2346; baseline 0.002 -22"><span class='ocrx_word' id='word_1_639' title='bbox 1817 2284 1884 2324; x_wconf 83' lang='lat' dir='ltr'><strong>cx</strong></span> <span class='ocrx_word' id='word_1_640' title='bbox 1913 2272 2316 2341; x_wconf 88' lang='lat' dir='ltr'><strong>compositione</strong></span> <span class='ocrx_word' id='word_1_641' title='bbox 2349 2273 2460 2331; x_wconf 87' lang='lat' dir='ltr'><strong>illis</strong></span> <span class='ocrx_word' id='word_1_642' title='bbox 2504 2290 2707 2330; x_wconf 89' lang='lat' dir='ltr'><strong>novum</strong></span> <span class='ocrx_word' id='word_1_643' title='bbox 2749 2275 2882 2346; x_wconf 73' lang='lat' dir='ltr'><strong>quid</strong></span> <span class='ocrx_word' id='word_1_644' title='bbox 2912 2273 3149 2339; x_wconf 86' lang='lat' dir='ltr'><strong>accedit,</strong></span> <span class='ocrx_word' id='word_1_645' title='bbox 3178 2273 3293 2331; x_wconf 89' lang='lat' dir='ltr'><strong>sive</strong></span> <span class='ocrx_word' id='word_1_646' title='bbox 3338 2274 3402 2327; x_wconf 78' lang='lat' dir='ltr'><strong>li-</strong></span> 
     </span>
    </p>
   </div>
   <div class='ocr_carea' id='block_1_84' title="bbox 1819 2360 3399 2433">
    <p class='ocr_par' dir='ltr' id='par_1_84' title="bbox 1819 2360 3399 2433">
     <span class='ocr_line' id='line_1_85' title="bbox 1819 2360 3399 2433; baseline 0.004 -23"><span class='ocrx_word' id='word_1_647' title='bbox 1819 2372 1974 2428; x_wconf 85' lang='lat' dir='ltr'><strong>gura.</strong></span> <span class='ocrx_word' id='word_1_648' title='bbox 2015 2360 2133 2413; x_wconf 84' lang='lat' dir='ltr'><strong>sive</strong></span> <span class='ocrx_word' id='word_1_649' title='bbox 2177 2360 2437 2428; x_wconf 82' lang='lat' dir='ltr'><strong>qualitas,</strong></span> <span class='ocrx_word' id='word_1_650' title='bbox 2485 2363 2601 2416; x_wconf 86' lang='lat' dir='ltr'><strong>sive</strong></span> <span class='ocrx_word' id='word_1_651' title='bbox 2650 2378 2855 2433; x_wconf 86' lang='lat' dir='ltr'><strong>genus:</strong></span> <span class='ocrx_word' id='word_1_652' title='bbox 2904 2361 2960 2417; x_wconf 90' lang='lat' dir='ltr'><strong>in</strong></span> <span class='ocrx_word' id='word_1_653' title='bbox 3007 2362 3159 2418; x_wconf 85' lang='lat' dir='ltr'><strong>nulla</strong></span> <span class='ocrx_word' id='word_1_654' title='bbox 3207 2377 3399 2418; x_wconf 86' lang='lat' dir='ltr'><strong>earum</strong></span> 
     </span>
    </p>
   </div>
   <div class='ocr_carea' id='block_1_85' title="bbox 1818 2452 3399 2525">
    <p class='ocr_par' dir='ltr' id='par_1_85' title="bbox 1818 2452 3399 2525">
     <span class='ocr_line' id='line_1_86' title="bbox 1818 2452 3399 2525; baseline 0.007 -25"><span class='ocrx_word' id='word_1_655' title='bbox 1818 2455 1958 2513; x_wconf 88' lang='lat' dir='ltr'><strong>erat,</strong></span> <span class='ocrx_word' id='word_1_656' title='bbox 1987 2463 2168 2518; x_wconf 88' lang='lat' dir='ltr'><strong>neque</strong></span> <span class='ocrx_word' id='word_1_657' title='bbox 2196 2460 2303 2516; x_wconf 88' lang='lat' dir='ltr'><strong>est,</strong></span> <span class='ocrx_word' id='word_1_658' title='bbox 2335 2452 2431 2507; x_wconf 91' lang='lat' dir='ltr'><strong>sed</strong></span> <span class='ocrx_word' id='word_1_659' title='bbox 2459 2466 2561 2522; x_wconf 88' lang='lat' dir='ltr'><strong>per</strong></span> <span class='ocrx_word' id='word_1_660' title='bbox 2591 2455 3050 2525; x_wconf 88' lang='lat' dir='ltr'><strong>compositionem</strong></span> <span class='ocrx_word' id='word_1_661' title='bbox 3083 2464 3239 2511; x_wconf 81' lang='lat' dir='ltr'><strong>extra</strong></span> <span class='ocrx_word' id='word_1_662' title='bbox 3268 2470 3399 2525; x_wconf 88' lang='lat' dir='ltr'><strong>par-</strong></span> 
     </span>
    </p>
   </div>
   <div class='ocr_carea' id='block_1_86' title="bbox 1822 2536 3407 2624">
    <p class='ocr_par' dir='ltr' id='par_1_86' title="bbox 1822 2536 3407 2624">
     <span class='ocr_line' id='line_1_87' title="bbox 1822 2536 3407 2624; baseline 0.005 -25"><span class='ocrx_word' id='word_1_663' title='bbox 1822 2547 1957 2600; x_wconf 92' lang='lat' dir='ltr'><strong>tium</strong></span> <span class='ocrx_word' id='word_1_664' title='bbox 1987 2563 2185 2618; x_wconf 84' lang='lat' dir='ltr'><strong>genera</strong></span> <span class='ocrx_word' id='word_1_665' title='bbox 2216 2561 2514 2620; x_wconf 84' lang='lat' dir='ltr'><strong>apparent;</strong></span> <span class='ocrx_word' id='word_1_666' title='bbox 2549 2568 2727 2623; x_wconf 90' lang='lat' dir='ltr'><strong>eoque</strong></span> <span class='ocrx_word' id='word_1_667' title='bbox 2769 2562 2995 2624; x_wconf 83' lang='lat' dir='ltr'><strong>praestat</strong></span> <span class='ocrx_word' id='word_1_668' title='bbox 3039 2536 3237 2611; x_wconf 86' lang='lat' dir='ltr'><strong>domus</strong></span> <span class='ocrx_word' id='word_1_669' title='bbox 3265 2554 3407 2623; x_wconf 73' lang='lat' dir='ltr'><strong>lapi-</strong></span> 
     </span>
    </p>
   </div>
   <div class='ocr_carea' id='block_1_87' title="bbox 1820 2632 3401 2711">
    <p class='ocr_par' dir='ltr' id='par_1_87' title="bbox 1820 2632 3401 2711">
     <span class='ocr_line' id='line_1_88' title="bbox 1820 2632 3401 2711; baseline 0.006 -25"><span class='ocrx_word' id='word_1_670' title='bbox 1820 2632 1951 2687; x_wconf 91' lang='lat' dir='ltr'><strong>dum</strong></span> <span class='ocrx_word' id='word_1_671' title='bbox 1983 2645 2040 2689; x_wconf 94' lang='lat' dir='ltr'><strong>et</strong></span> <span class='ocrx_word' id='word_1_672' title='bbox 2068 2635 2341 2706; x_wconf 82' lang='lat' dir='ltr'><strong>lignorum</strong></span> <span class='ocrx_word' id='word_1_673' title='bbox 2366 2647 2587 2703; x_wconf 89' lang='lat' dir='ltr'><strong>natura,</strong></span> <span class='ocrx_word' id='word_1_674' title='bbox 2638 2640 2784 2711; x_wconf 90' lang='lat' dir='ltr'><strong>quod</strong></span> <span class='ocrx_word' id='word_1_675' title='bbox 2814 2639 3044 2710; x_wconf 83' lang='lat' dir='ltr'><strong>ﬁguram</strong></span> <span class='ocrx_word' id='word_1_676' title='bbox 3075 2651 3133 2696; x_wconf 91' lang='lat' dir='ltr'><strong>et</strong></span> <span class='ocrx_word' id='word_1_677' title='bbox 3162 2640 3401 2709; x_wconf 84' lang='lat' dir='ltr'><strong>disposi-</strong></span> 
     </span>
    </p>
   </div>
   <div class='ocr_carea' id='block_1_88' title="bbox 1822 2727 3402 2804">
    <p class='ocr_par' dir='ltr' id='par_1_88' title="bbox 1822 2727 3402 2804">
     <span class='ocr_line' id='line_1_89' title="bbox 1822 2727 3402 2804; baseline 0.007 -27"><span class='ocrx_word' id='word_1_678' title='bbox 1822 2727 2027 2781; x_wconf 85' lang='lat' dir='ltr'><strong>tionem</strong></span> <span class='ocrx_word' id='word_1_679' title='bbox 2058 2727 2226 2783; x_wconf 85' lang='lat' dir='ltr'><strong>habet</strong></span> <span class='ocrx_word' id='word_1_680' title='bbox 2268 2745 2405 2798; x_wconf 87' lang='lat' dir='ltr'><strong>quas</strong></span> <span class='ocrx_word' id='word_1_681' title='bbox 2428 2746 2531 2786; x_wconf 90' lang='lat' dir='ltr'><strong>nec</strong></span> <span class='ocrx_word' id='word_1_682' title='bbox 2560 2732 2793 2801; x_wconf 89' lang='lat' dir='ltr'><strong>lignum,</strong></span> <span class='ocrx_word' id='word_1_683' title='bbox 2834 2747 2938 2787; x_wconf 90' lang='lat' dir='ltr'><strong>nec</strong></span> <span class='ocrx_word' id='word_1_684' title='bbox 2985 2732 3125 2804; x_wconf 90' lang='lat' dir='ltr'><strong>lapis</strong></span> <span class='ocrx_word' id='word_1_685' title='bbox 3146 2732 3402 2802; x_wconf 83' lang='lat' dir='ltr'><strong>privatim</strong></span> 
     </span>
    </p>
   </div>
   <div class='ocr_carea' id='block_1_89' title="bbox 1780 2806 3428 2882">
    <p class='ocr_par' dir='ltr' id='par_1_89' title="bbox 1780 2806 3428 2882">
     <span class='ocr_line' id='line_1_90' title="bbox 1780 2806 3428 2882; baseline 0.005 -13"><span class='ocrx_word' id='word_1_686' title='bbox 1780 2835 1786 2842; x_wconf 67' lang='grc' dir='ltr'><strong><em>ο</em></strong></span> <span class='ocrx_word' id='word_1_687' title='bbox 1824 2816 2010 2882; x_wconf 87' lang='lat' dir='ltr'><strong>habet,</strong></span> <span class='ocrx_word' id='word_1_688' title='bbox 2052 2832 2163 2873; x_wconf 88' lang='lat' dir='ltr'><strong>non</strong></span> <span class='ocrx_word' id='word_1_689' title='bbox 2210 2831 2391 2875; x_wconf 85' lang='lat' dir='ltr'><strong>tamen</strong></span> <span class='ocrx_word' id='word_1_690' title='bbox 2441 2823 2606 2877; x_wconf 89' lang='lat' dir='ltr'><strong>aliam</strong></span> <span class='ocrx_word' id='word_1_691' title='bbox 2657 2823 2942 2878; x_wconf 88' lang='lat' dir='ltr'><strong>meliorem</strong></span> <span class='ocrx_word' id='word_1_692' title='bbox 3009 2806 3428 2878; x_wconf 32' lang='lat' dir='ltr'><strong>naturam&#39;illa-</strong></span> 
     </span>
    </p>
   </div>
   <div class='ocr_carea' id='block_1_90' title="bbox 1824 2909 3406 2985">
    <p class='ocr_par' dir='ltr' id='par_1_90' title="bbox 1824 2909 3406 2985">
     <span class='ocr_line' id='line_1_91' title="bbox 1824 2909 3406 2985; baseline 0.004 -23"><span class='ocrx_word' id='word_1_693' title='bbox 1824 2909 2020 2976; x_wconf 83' lang='lat' dir='ltr'><strong>habet;</strong></span> <span class='ocrx_word' id='word_1_694' title='bbox 2049 2911 2305 2968; x_wconf 88' lang='lat' dir='ltr'><strong>similiter</strong></span> <span class='ocrx_word' id='word_1_695' title='bbox 2330 2914 2587 2978; x_wconf 76' lang='lat' dir='ltr'><strong>aulaeum,</strong></span> <span class='ocrx_word' id='word_1_696' title='bbox 2614 2929 2713 2985; x_wconf 90' lang='lat' dir='ltr'><strong>per</strong></span> <span class='ocrx_word' id='word_1_697' title='bbox 2742 2923 3016 2971; x_wconf 83' lang='lat' dir='ltr'><strong>texturam</strong></span> <span class='ocrx_word' id='word_1_698' title='bbox 3044 2923 3101 2970; x_wconf 89' lang='lat' dir='ltr'><strong>et</strong></span> <span class='ocrx_word' id='word_1_699' title='bbox 3136 2915 3406 2985; x_wconf 85' lang='lat' dir='ltr'><strong>conjunc-</strong></span> 
     </span>
    </p>
   </div>
   <div class='ocr_carea' id='block_1_91' title="bbox 1827 3002 3408 3078">
    <p class='ocr_par' dir='ltr' id='par_1_91' title="bbox 1827 3002 3408 3078">
     <span class='ocr_line' id='line_1_92' title="bbox 1827 3002 3408 3078; baseline 0.004 -22"><span class='ocrx_word' id='word_1_700' title='bbox 1827 3002 2029 3057; x_wconf 85' lang='lat' dir='ltr'><strong>tionem</strong></span> <span class='ocrx_word' id='word_1_701' title='bbox 2054 3004 2322 3071; x_wconf 89' lang='lat' dir='ltr'><strong>colorum,</strong></span> <span class='ocrx_word' id='word_1_702' title='bbox 2351 3014 2571 3076; x_wconf 69' lang='lat' dir='ltr'><strong>praestat</strong></span> <span class='ocrx_word' id='word_1_703' title='bbox 2593 3014 2815 3078; x_wconf 85' lang='lat' dir='ltr'><strong>quoque</strong></span> <span class='ocrx_word' id='word_1_704' title='bbox 2836 3022 3028 3062; x_wconf 89' lang='lat' dir='ltr'><strong>eorum</strong></span> <span class='ocrx_word' id='word_1_705' title='bbox 3049 3006 3106 3060; x_wconf 89' lang='lat' dir='ltr'><strong>in</strong></span> <span class='ocrx_word' id='word_1_706' title='bbox 3137 3021 3195 3062; x_wconf 90' lang='lat' dir='ltr'><strong>se</strong></span> <span class='ocrx_word' id='word_1_707' title='bbox 3220 3021 3408 3076; x_wconf 63' lang='lat' dir='ltr'><strong>sump~</strong></span> 
     </span>
    </p>
   </div>
   <div class='ocr_carea' id='block_1_92' title="bbox 1828 3096 3406 3166">
    <p class='ocr_par' dir='ltr' id='par_1_92' title="bbox 1828 3096 3406 3166">
     <span class='ocr_line' id='line_1_93' title="bbox 1828 3096 3406 3166; baseline 0.003 -21"><span class='ocrx_word' id='word_1_708' title='bbox 1828 3100 2006 3147; x_wconf 90' lang='lat' dir='ltr'><strong>torum</strong></span> <span class='ocrx_word' id='word_1_709' title='bbox 2051 3102 2108 3148; x_wconf 90' lang='lat' dir='ltr'><strong>et</strong></span> <span class='ocrx_word' id='word_1_710' title='bbox 2139 3102 2294 3150; x_wconf 89' lang='lat' dir='ltr'><strong>extra</strong></span> <span class='ocrx_word' id='word_1_711' title='bbox 2331 3096 2819 3166; x_wconf 87' lang='lat' dir='ltr'><strong>conjunctionem;</strong></span> <span class='ocrx_word' id='word_1_712' title='bbox 2861 3112 2972 3151; x_wconf 90' lang='lat' dir='ltr'><strong>nou</strong></span> <span class='ocrx_word' id='word_1_713' title='bbox 3007 3097 3156 3152; x_wconf 89' lang='lat' dir='ltr'><strong>enim</strong></span> <span class='ocrx_word' id='word_1_714' title='bbox 3192 3096 3406 3150; x_wconf 81' lang='lat' dir='ltr'><strong>ratione</strong></span> 
     </span>
    </p>
   </div>
   <div class='ocr_carea' id='block_1_93' title="bbox 1827 3184 3406 3258">
    <p class='ocr_par' dir='ltr' id='par_1_93' title="bbox 1827 3184 3406 3258">
     <span class='ocr_line' id='line_1_94' title="bbox 1827 3184 3406 3258; baseline 0.002 -19"><span class='ocrx_word' id='word_1_715' title='bbox 1827 3184 2153 3254; x_wconf 84' lang='lat' dir='ltr'><strong>simpliciter</strong></span> <span class='ocrx_word' id='word_1_716' title='bbox 2173 3186 2380 3241; x_wconf 85' lang='lat' dir='ltr'><strong>coloris</strong></span> <span class='ocrx_word' id='word_1_717' title='bbox 2401 3187 2633 3258; x_wconf 76' lang='lat' dir='ltr'><strong>singulis</strong></span> <span class='ocrx_word' id='word_1_718' title='bbox 2656 3188 2936 3243; x_wconf 88' lang='lat' dir='ltr'><strong>coloribus</strong></span> <span class='ocrx_word' id='word_1_719' title='bbox 2964 3194 3206 3258; x_wconf 81' lang='lat' dir='ltr'><strong>praestat.</strong></span> <span class='ocrx_word' id='word_1_720' title='bbox 3229 3186 3406 3245; x_wconf 82' lang='lat' dir='ltr'><strong>Homo</strong></span> 
     </span>
    </p>
   </div>
   <div class='ocr_carea' id='block_1_94' title="bbox 1828 3277 3432 3348">
    <p class='ocr_par' dir='ltr' id='par_1_94' title="bbox 1828 3277 3432 3348">
     <span class='ocr_line' id='line_1_95' title="bbox 1828 3277 3432 3348; baseline 0.004 -22"><span class='ocrx_word' id='word_1_721' title='bbox 1828 3293 2067 3348; x_wconf 76' lang='lat' dir='ltr'><strong>quoque,</strong></span> <span class='ocrx_word' id='word_1_722' title='bbox 2091 3287 2154 3334; x_wconf 90' lang='lat' dir='ltr'><strong>ut</strong></span> <span class='ocrx_word' id='word_1_723' title='bbox 2181 3279 2338 3335; x_wconf 85' lang='lat' dir='ltr'><strong>vobis</strong></span> <span class='ocrx_word' id='word_1_724' title='bbox 2367 3280 2705 3335; x_wconf 87' lang='lat' dir='ltr'><strong>concedatur</strong></span> <span class='ocrx_word' id='word_1_725' title='bbox 2740 3294 2866 3333; x_wconf 93' lang='lat' dir='ltr'><strong>eum</strong></span> <span class='ocrx_word' id='word_1_726' title='bbox 2902 3277 3105 3333; x_wconf 82' lang='lat' dir='ltr'><strong>anima</strong></span> <span class='ocrx_word' id='word_1_727' title='bbox 3125 3278 3432 3334; x_wconf 83' lang='lat' dir='ltr'><strong>meliorem-</strong></span> 
     </span>
    </p>
   </div>
   <div class='ocr_carea' id='block_1_95' title="bbox 1828 3368 3405 3441">
    <p class='ocr_par' dir='ltr' id='par_1_95' title="bbox 1828 3368 3405 3441">
     <span class='ocr_line' id='line_1_96' title="bbox 1828 3368 3405 3441; baseline -0.001 -18"><span class='ocrx_word' id='word_1_728' title='bbox 1828 3384 1970 3433; x_wconf 85' lang='lat' dir='ltr'><strong>esse,</strong></span> <span class='ocrx_word' id='word_1_729' title='bbox 2045 3371 2306 3440; x_wconf 87' lang='lat' dir='ltr'><strong>quoniam</strong></span> <span class='ocrx_word' id='word_1_730' title='bbox 2372 3369 2442 3425; x_wconf 87' lang='lat' dir='ltr'><strong>ad</strong></span> <span class='ocrx_word' id='word_1_731' title='bbox 2508 3369 2833 3427; x_wconf 85' lang='lat' dir='ltr'><strong>stabilienda</strong></span> <span class='ocrx_word' id='word_1_732' title='bbox 2887 3379 3071 3425; x_wconf 88' lang='lat' dir='ltr'><strong>vestra</strong></span> <span class='ocrx_word' id='word_1_733' title='bbox 3131 3368 3405 3441; x_wconf 80' lang='lat' dir='ltr'><strong>dogmata.</strong></span> 
     </span>
    </p>
   </div>
   <div class='ocr_carea' id='block_1_96' title="bbox 1830 3456 3411 3532">
    <p class='ocr_par' dir='ltr' id='par_1_96' title="bbox 1830 3456 3411 3532">
     <span class='ocr_line' id='line_1_97' title="bbox 1830 3456 3411 3532; baseline 0.002 -20"><span class='ocrx_word' id='word_1_734' title='bbox 1830 3459 2014 3515; x_wconf 86' lang='lat' dir='ltr'><strong>omnia</strong></span> <span class='ocrx_word' id='word_1_735' title='bbox 2041 3461 2371 3530; x_wconf 84' lang='lat' dir='ltr'><strong>proﬁtemini</strong></span> <span class='ocrx_word' id='word_1_736' title='bbox 2397 3469 2456 3517; x_wconf 91' lang='lat' dir='ltr'><strong>ut</strong></span> <span class='ocrx_word' id='word_1_737' title='bbox 2482 3456 2701 3523; x_wconf 87' lang='lat' dir='ltr'><strong>accidit,</strong></span> <span class='ocrx_word' id='word_1_738' title='bbox 2722 3478 2791 3517; x_wconf 87' lang='lat' dir='ltr'><strong>ex</strong></span> <span class='ocrx_word' id='word_1_739' title='bbox 2813 3461 3214 3532; x_wconf 81' lang='lat' dir='ltr'><strong>compositione</strong></span> <span class='ocrx_word' id='word_1_740' title='bbox 3240 3476 3411 3515; x_wconf 85' lang='lat' dir='ltr'><strong>novas</strong></span> 
     </span>
    </p>
   </div>
   <div class='ocr_carea' id='block_1_97' title="bbox 1831 3545 3411 3621">
    <p class='ocr_par' dir='ltr' id='par_1_97' title="bbox 1831 3545 3411 3621">
     <span class='ocr_line' id='line_1_98' title="bbox 1831 3545 3411 3621; baseline 0.004 -24"><span class='ocrx_word' id='word_1_741' title='bbox 1831 3545 2091 3613; x_wconf 87' lang='lat' dir='ltr'><strong>quasdam</strong></span> <span class='ocrx_word' id='word_1_742' title='bbox 2146 3550 2428 3604; x_wconf 87' lang='lat' dir='ltr'><strong>naturales</strong></span> <span class='ocrx_word' id='word_1_743' title='bbox 2472 3551 2840 3621; x_wconf 88' lang='lat' dir='ltr'><strong>pr0prietatcs</strong></span> <span class='ocrx_word' id='word_1_744' title='bbox 2894 3560 3047 3606; x_wconf 84' lang='lat' dir='ltr'><strong>extra</strong></span> <span class='ocrx_word' id='word_1_745' title='bbox 3105 3565 3308 3621; x_wconf 90' lang='lat' dir='ltr'><strong>corpus</strong></span> <span class='ocrx_word' id='word_1_746' title='bbox 3354 3559 3411 3605; x_wconf 84' lang='lat' dir='ltr'><strong>et</strong></span> 
     </span>
    </p>
   </div>
   <div class='ocr_carea' id='block_1_98' title="bbox 1832 3636 3408 3711">
    <p class='ocr_par' dir='ltr' id='par_1_98' title="bbox 1832 3636 3408 3711">
     <span class='ocr_line' id='line_1_99' title="bbox 1832 3636 3408 3711; baseline 0.004 -23"><span class='ocrx_word' id='word_1_747' title='bbox 1832 3636 2070 3690; x_wconf 86' lang='lat' dir='ltr'><strong>animam</strong></span> <span class='ocrx_word' id='word_1_748' title='bbox 2101 3639 2366 3708; x_wconf 84' lang='lat' dir='ltr'><strong>acquirit:</strong></span> <span class='ocrx_word' id='word_1_749' title='bbox 2409 3640 2462 3693; x_wconf 90' lang='lat' dir='ltr'><strong>in</strong></span> <span class='ocrx_word' id='word_1_750' title='bbox 2499 3640 2720 3696; x_wconf 86' lang='lat' dir='ltr'><strong>Christo</strong></span> <span class='ocrx_word' id='word_1_751' title='bbox 2752 3642 2938 3711; x_wconf 83' lang='lat' dir='ltr'><strong>igitur,</strong></span> <span class='ocrx_word' id='word_1_752' title='bbox 2975 3642 3023 3695; x_wconf 91' lang='lat' dir='ltr'><strong>si</strong></span> <span class='ocrx_word' id='word_1_753' title='bbox 3058 3656 3186 3696; x_wconf 86' lang='lat' dir='ltr'><strong>vere</strong></span> <span class='ocrx_word' id='word_1_754' title='bbox 3213 3649 3298 3696; x_wconf 88' lang='lat' dir='ltr'><strong>cst</strong></span> <span class='ocrx_word' id='word_1_755' title='bbox 3326 3648 3408 3695; x_wconf 90' lang='lat' dir='ltr'><strong>to-</strong></span> 
     </span>
    </p>
   </div>
   <div class='ocr_carea' id='block_1_99' title="bbox 1836 3727 3412 3800">
    <p class='ocr_par' dir='ltr' id='par_1_99' title="bbox 1836 3727 3412 3800">
     <span class='ocr_line' id='line_1_100' title="bbox 1836 3727 3412 3800; baseline 0.004 -21"><span class='ocrx_word' id='word_1_756' title='bbox 1836 3735 1948 3779; x_wconf 90' lang='lat' dir='ltr'><strong>tum</strong></span> <span class='ocrx_word' id='word_1_757' title='bbox 1979 3742 2045 3780; x_wconf 84' lang='lat' dir='ltr'><strong>ex</strong></span> <span class='ocrx_word' id='word_1_758' title='bbox 2080 3727 2261 3783; x_wconf 82' lang='lat' dir='ltr'><strong>Verbo</strong></span> <span class='ocrx_word' id='word_1_759' title='bbox 2298 3738 2356 3783; x_wconf 91' lang='lat' dir='ltr'><strong>et</strong></span> <span class='ocrx_word' id='word_1_760' title='bbox 2391 3743 2555 3785; x_wconf 77' lang='lat' dir='ltr'><strong>carne</strong></span> <span class='ocrx_word' id='word_1_761' title='bbox 2599 3731 2893 3800; x_wconf 84' lang='lat' dir='ltr'><strong>conjuncta</strong></span> <span class='ocrx_word' id='word_1_762' title='bbox 2928 3739 3188 3785; x_wconf 86' lang='lat' dir='ltr'><strong>constans</strong></span> <span class='ocrx_word' id='word_1_763' title='bbox 3222 3745 3412 3798; x_wconf 87' lang='lat' dir='ltr'><strong>quam-</strong></span> 
     </span>
    </p>
   </div>
   <div class='ocr_carea' id='block_1_100' title="bbox 1833 3820 3411 3890">
    <p class='ocr_par' dir='ltr' id='par_1_100' title="bbox 1833 3820 3411 3890">
     <span class='ocr_line' id='line_1_101' title="bbox 1833 3820 3411 3890; baseline 0.002 -19"><span class='ocrx_word' id='word_1_764' title='bbox 1833 3832 1960 3871; x_wconf 88' lang='lat' dir='ltr'><strong>nam</strong></span> <span class='ocrx_word' id='word_1_765' title='bbox 1984 3832 2181 3871; x_wconf 84' lang='lat' dir='ltr'><strong>novam</strong></span> <span class='ocrx_word' id='word_1_766' title='bbox 2206 3821 2450 3889; x_wconf 87' lang='lat' dir='ltr'><strong>propriet</strong></span> <span class='ocrx_word' id='word_1_767' title='bbox 2466 3827 2596 3874; x_wconf 68' lang='lat' dir='ltr'><strong>item</strong></span> <span class='ocrx_word' id='word_1_768' title='bbox 2619 3821 2951 3885; x_wconf 82' lang='lat' dir='ltr'><strong>naturalem,</strong></span> <span class='ocrx_word' id='word_1_769' title='bbox 2976 3829 3177 3890; x_wconf 62' lang='lat' dir='ltr'><strong>praeter</strong></span> <span class='ocrx_word' id='word_1_770' title='bbox 3197 3820 3411 3874; x_wconf 71' lang='lat' dir='ltr'><strong>divinas</strong></span> 
     </span>
    </p>
   </div>
   <div class='ocr_carea' id='block_1_101' title="bbox 1834 3909 3411 3989">
    <p class='ocr_par' dir='ltr' id='par_1_101' title="bbox 1834 3909 3411 3989">
     <span class='ocr_line' id='line_1_102' title="bbox 1834 3909 3411 3989; baseline 0.001 -25"><span class='ocrx_word' id='word_1_771' title='bbox 1834 3917 1890 3964; x_wconf 89' lang='lat' dir='ltr'><strong>ct</strong></span> <span class='ocrx_word' id='word_1_772' title='bbox 1916 3909 2183 3964; x_wconf 90' lang='lat' dir='ltr'><strong>humanas</strong></span> <span class='ocrx_word' id='word_1_773' title='bbox 2213 3909 2481 3971; x_wconf 86' lang='lat' dir='ltr'><strong>dicemus.</strong></span> <span class='ocrx_word' id='word_1_774' title='bbox 2515 3926 2640 3965; x_wconf 93' lang='lat' dir='ltr'><strong>cum</strong></span> <span class='ocrx_word' id='word_1_775' title='bbox 2678 3912 2983 3966; x_wconf 86' lang='lat' dir='ltr'><strong>secundum</strong></span> <span class='ocrx_word' id='word_1_776' title='bbox 3018 3920 3115 3967; x_wconf 86' lang='lat' dir='ltr'><strong>vos</strong></span> <span class='ocrx_word' id='word_1_777' title='bbox 3144 3921 3319 3967; x_wconf 89' lang='lat' dir='ltr'><strong>totum</strong></span> <span class='ocrx_word' id='word_1_778' title='bbox 3354 3911 3411 3989; x_wconf 88' lang='lat' dir='ltr'><strong>in</strong></span> 
     </span>
    </p>
   </div>
   <div class='ocr_carea' id='block_1_102' title="bbox 1838 4001 3414 4071">
    <p class='ocr_par' dir='ltr' id='par_1_102' title="bbox 1838 4001 3414 4071">
     <span class='ocr_line' id='line_1_103' title="bbox 1838 4001 3414 4071; baseline -0.001 -13"><span class='ocrx_word' id='word_1_779' title='bbox 1838 4015 1896 4058; x_wconf 59' lang='lat' dir='ltr'><strong>se</strong></span> <span class='ocrx_word' id='word_1_780' title='bbox 1925 4010 2008 4055; x_wconf 65' lang='lat' dir='ltr'><strong>est</strong></span> <span class='ocrx_word' id='word_1_781' title='bbox 2032 4001 2231 4060; x_wconf 76' lang='lat' dir='ltr'><strong>melius</strong></span> <span class='ocrx_word' id='word_1_782' title='bbox 2253 4001 2370 4057; x_wconf 88' lang='lat' dir='ltr'><strong>suis</strong></span> <span class='ocrx_word' id='word_1_783' title='bbox 2395 4002 2685 4071; x_wconf 81' lang='lat' dir='ltr'><strong>partibus?</strong></span> <span class='ocrx_word' id='word_1_784' title='bbox 2717 4001 2874 4068; x_wconf 84' lang='lat' dir='ltr'><strong>Quod</strong></span> <span class='ocrx_word' id='word_1_785' title='bbox 2897 4001 2944 4057; x_wconf 93' lang='lat' dir='ltr'><strong>si</strong></span> <span class='ocrx_word' id='word_1_786' title='bbox 2972 4002 3111 4057; x_wconf 90' lang='lat' dir='ltr'><strong>nihil</strong></span> <span class='ocrx_word' id='word_1_787' title='bbox 3137 4001 3414 4057; x_wconf 84' lang='lat' dir='ltr'><strong>invenitur</strong></span> 
     </span>
    </p>
   </div>
   <div class='ocr_carea' id='block_1_103' title="bbox 1837 4094 3413 4165">
    <p class='ocr_par' dir='ltr' id='par_1_103' title="bbox 1837 4094 3413 4165">
     <span class='ocr_line' id='line_1_104' title="bbox 1837 4094 3413 4165; baseline 0.001 -19"><span class='ocrx_word' id='word_1_788' title='bbox 1837 4102 2036 4164; x_wconf 53' lang='lat' dir='ltr'><strong>praeter</strong></span> <span class='ocrx_word' id='word_1_789' title='bbox 2088 4100 2273 4163; x_wconf 87' lang='lat' dir='ltr'><strong>partes</strong></span> <span class='ocrx_word' id='word_1_790' title='bbox 2321 4094 2491 4163; x_wconf 88' lang='lat' dir='ltr'><strong>ipsas,</strong></span> <span class='ocrx_word' id='word_1_791' title='bbox 2546 4095 2827 4164; x_wconf 85' lang='lat' dir='ltr'><strong>quomodo</strong></span> <span class='ocrx_word' id='word_1_792' title='bbox 2882 4108 2992 4149; x_wconf 88' lang='lat' dir='ltr'><strong>non</strong></span> <span class='ocrx_word' id='word_1_793' title='bbox 3044 4094 3413 4165; x_wconf 69' lang='lat' dir='ltr'><strong>glorificamus</strong></span> 
     </span>
    </p>
   </div>
   <div class='ocr_carea' id='block_1_104' title="bbox 1837 4184 3414 4255">
    <p class='ocr_par' dir='ltr' id='par_1_104' title="bbox 1837 4184 3414 4255">
     <span class='ocr_line' id='line_1_105' title="bbox 1837 4184 3414 4255; baseline 0.001 -16"><span class='ocrx_word' id='word_1_794' title='bbox 1837 4184 1982 4254; x_wconf 88' lang='lat' dir='ltr'><strong>quod</strong></span> <span class='ocrx_word' id='word_1_795' title='bbox 2006 4185 2292 4255; x_wconf 62' lang='lat' dir='ltr'><strong>mqualiter</strong></span> <span class='ocrx_word' id='word_1_796' title='bbox 2326 4186 2381 4240; x_wconf 91' lang='lat' dir='ltr'><strong>in</strong></span> <span class='ocrx_word' id='word_1_797' title='bbox 2418 4185 2527 4240; x_wconf 91' lang='lat' dir='ltr'><strong>illis</strong></span> <span class='ocrx_word' id='word_1_798' title='bbox 2550 4193 2637 4241; x_wconf 82' lang='lat' dir='ltr'><strong>est</strong></span> <span class='ocrx_word' id='word_1_799' title='bbox 2661 4185 3068 4252; x_wconf 87' lang='lat' dir='ltr'><strong>honorandum,</strong></span> <span class='ocrx_word' id='word_1_800' title='bbox 3093 4185 3187 4241; x_wconf 89' lang='lat' dir='ltr'><strong>sed</strong></span> <span class='ocrx_word' id='word_1_801' title='bbox 3216 4184 3414 4242; x_wconf 79' lang='lat' dir='ltr'><strong>melius</strong></span> 
     </span>
    </p>
   </div>
   <div class='ocr_carea' id='block_1_105' title="bbox 1841 4273 2889 4348">
    <p class='ocr_par' dir='ltr' id='par_1_105' title="bbox 1841 4273 2889 4348">
     <span class='ocr_line' id='line_1_106' title="bbox 1841 4273 2889 4348; baseline 0.003 -19"><span class='ocrx_word' id='word_1_802' title='bbox 1841 4275 2010 4331; x_wconf 89' lang='lat' dir='ltr'><strong>totius</strong></span> <span class='ocrx_word' id='word_1_803' title='bbox 2037 4276 2251 4332; x_wconf 87' lang='lat' dir='ltr'><strong>relativi</strong></span> <span class='ocrx_word' id='word_1_804' title='bbox 2278 4277 2347 4332; x_wconf 89' lang='lat' dir='ltr'><strong>ad</strong></span> <span class='ocrx_word' id='word_1_805' title='bbox 2378 4292 2507 4332; x_wconf 90' lang='lat' dir='ltr'><strong>suas</strong></span> <span class='ocrx_word' id='word_1_806' title='bbox 2537 4278 2759 4348; x_wconf 83' lang='lat' dir='ltr'><strong>partes?</strong></span> <span class='ocrx_word' id='word_1_807' title='bbox 2882 4273 2889 4281; x_wconf 89' lang='grc'><em>’</em></span> 
     </span>
    </p>
   </div>
   <div class='ocr_carea' id='block_1_106' title="bbox 2480 4478 2778 4538">
    <p class='ocr_par' dir='ltr' id='par_1_106' title="bbox 2480 4478 2778 4538">
     <span class='ocr_line' id='line_1_107' title="bbox 2480 4478 2778 4538; baseline 0.007 -2"><span class='ocrx_word' id='word_1_808' title='bbox 2480 4478 2633 4537; x_wconf 82' lang='lat' dir='ltr'><strong>CAP.</strong></span> <span class='ocrx_word' id='word_1_809' title='bbox 2670 4480 2778 4538; x_wconf 84' lang='lat' dir='ltr'><strong>LII.</strong></span> 
     </span>
    </p>
   </div>
   <div class='ocr_carea' id='block_1_107' title="bbox 1907 4566 3416 4645">
    <p class='ocr_par' dir='ltr' id='par_1_107' title="bbox 1907 4566 3416 4645">
     <span class='ocr_line' id='line_1_108' title="bbox 1907 4566 3416 4645; baseline 0.004 -22"><span class='ocrx_word' id='word_1_810' title='bbox 1907 4566 2015 4624; x_wconf 89' lang='lat' dir='ltr'><strong>Sed</strong></span> <span class='ocrx_word' id='word_1_811' title='bbox 2060 4584 2211 4625; x_wconf 90' lang='lat' dir='ltr'><strong>more</strong></span> <span class='ocrx_word' id='word_1_812' title='bbox 2254 4570 2419 4627; x_wconf 90' lang='lat' dir='ltr'><strong>solito</strong></span> <span class='ocrx_word' id='word_1_813' title='bbox 2465 4572 2713 4643; x_wconf 69' lang='lat' dir='ltr'><strong>quaedam</strong></span> <span class='ocrx_word' id='word_1_814' title='bbox 2768 4572 3083 4631; x_wconf 74' lang='lat' dir='ltr'><strong>refellamus</strong></span> <span class='ocrx_word' id='word_1_815' title='bbox 3140 4574 3247 4630; x_wconf 83' lang='lat' dir='ltr'><strong>alia</strong></span> <span class='ocrx_word' id='word_1_816' title='bbox 3290 4589 3416 4645; x_wconf 68' lang='lat' dir='ltr'><strong>quae</strong></span> 
     </span>
    </p>
   </div>
   <div class='ocr_carea' id='block_1_108' title="bbox 1837 4660 3412 4736">
    <p class='ocr_par' dir='ltr' id='par_1_108' title="bbox 1837 4660 3412 4736">
     <span class='ocr_line' id='line_1_109' title="bbox 1837 4660 3412 4736; baseline 0.004 -23"><span class='ocrx_word' id='word_1_817' title='bbox 1837 4660 2168 4717; x_wconf 71' lang='lat' dir='ltr'><strong>adversariis</strong></span> <span class='ocrx_word' id='word_1_818' title='bbox 2205 4662 2262 4717; x_wconf 92' lang='lat' dir='ltr'><strong>in</strong></span> <span class='ocrx_word' id='word_1_819' title='bbox 2308 4676 2550 4719; x_wconf 90' lang='lat' dir='ltr'><strong>mentem</strong></span> <span class='ocrx_word' id='word_1_820' title='bbox 2593 4663 2784 4720; x_wconf 85' lang='lat' dir='ltr'><strong>venire</strong></span> <span class='ocrx_word' id='word_1_821' title='bbox 2830 4671 3077 4736; x_wconf 86' lang='lat' dir='ltr'><strong>possent,</strong></span> <span class='ocrx_word' id='word_1_822' title='bbox 3134 4663 3265 4736; x_wconf 85' lang='lat' dir='ltr'><strong>quia</strong></span> <span class='ocrx_word' id='word_1_823' title='bbox 3309 4679 3412 4719; x_wconf 88' lang='lat' dir='ltr'><strong>nos</strong></span> 
     </span>
    </p>
   </div>
   <div class='ocr_carea' id='block_1_109' title="bbox 1837 4752 3411 4827">
    <p class='ocr_par' dir='ltr' id='par_1_109' title="bbox 1837 4752 3411 4827">
     <span class='ocr_line' id='line_1_110' title="bbox 1837 4752 3411 4827; baseline 0 -21"><span class='ocrx_word' id='word_1_824' title='bbox 1837 4762 1997 4824; x_wconf 88' lang='lat' dir='ltr'><strong>urget</strong></span> <span class='ocrx_word' id='word_1_825' title='bbox 2019 4752 2290 4822; x_wconf 88' lang='lat' dir='ltr'><strong>veritatis,</strong></span> <span class='ocrx_word' id='word_1_826' title='bbox 2334 4771 2444 4811; x_wconf 89' lang='lat' dir='ltr'><strong>non</strong></span> <span class='ocrx_word' id='word_1_827' title='bbox 2475 4764 2658 4812; x_wconf 86' lang='lat' dir='ltr'><strong>autem</strong></span> <span class='ocrx_word' id='word_1_828' title='bbox 2688 4764 2900 4811; x_wconf 86' lang='lat' dir='ltr'><strong>tantum</strong></span> <span class='ocrx_word' id='word_1_829' title='bbox 2932 4755 3178 4827; x_wconf 72' lang='lat' dir='ltr'><strong>victoria:</strong></span> <span class='ocrx_word' id='word_1_830' title='bbox 3235 4766 3411 4810; x_wconf 85' lang='lat' dir='ltr'><strong>amor.</strong></span> 
     </span>
    </p>
   </div>
   <div class='ocr_carea' id='block_1_110' title="bbox 1839 4828 3415 4916">
    <p class='ocr_par' dir='ltr' id='par_1_110' title="bbox 1839 4828 3415 4916">
     <span class='ocr_line' id='line_1_111' title="bbox 1839 4828 3415 4916; baseline -0.001 -18"><span class='ocrx_word' id='word_1_831' title='bbox 1839 4828 1951 4898; x_wconf 71' lang='lat' dir='ltr'><strong>Nec</strong></span> <span class='ocrx_word' id='word_1_832' title='bbox 1983 4844 2305 4899; x_wconf 88' lang='lat' dir='ltr'><strong>omittamus</strong></span> <span class='ocrx_word' id='word_1_833' title='bbox 2327 4845 2444 4900; x_wconf 79' lang='lat' dir='ltr'><strong>haec</strong></span> <span class='ocrx_word' id='word_1_834' title='bbox 2472 4854 2598 4916; x_wconf 89' lang='lat' dir='ltr'><strong>post</strong></span> <span class='ocrx_word' id='word_1_835' title='bbox 2630 4844 2724 4899; x_wconf 89' lang='lat' dir='ltr'><strong>illa</strong></span> <span class='ocrx_word' id='word_1_836' title='bbox 2751 4845 2973 4901; x_wconf 85' lang='lat' dir='ltr'><strong>dicere:</strong></span> <span class='ocrx_word' id='word_1_837' title='bbox 3008 4844 3209 4899; x_wconf 90' lang='lat' dir='ltr'><strong>Totum</strong></span> <span class='ocrx_word' id='word_1_838' title='bbox 3242 4843 3415 4913; x_wconf 73' lang='lat' dir='ltr'><strong>parti-</strong></span> 
     </span>
    </p>
   </div>
   <div class='ocr_carea' id='block_1_111' title="bbox 1840 4934 3419 5004">
    <p class='ocr_par' dir='ltr' id='par_1_111' title="bbox 1840 4934 3419 5004">
     <span class='ocr_line' id='line_1_112' title="bbox 1840 4934 3419 5004; baseline 0.001 -14"><span class='ocrx_word' id='word_1_839' title='bbox 1840 4934 1945 4992; x_wconf 89' lang='lat' dir='ltr'><strong>bus</strong></span> <span class='ocrx_word' id='word_1_840' title='bbox 2000 4935 2240 4992; x_wconf 90' lang='lat' dir='ltr'><strong>diversis</strong></span> <span class='ocrx_word' id='word_1_841' title='bbox 2282 4945 2602 4992; x_wconf 84' lang='lat' dir='ltr'><strong>concretum</strong></span> <span class='ocrx_word' id='word_1_842' title='bbox 2656 4935 2803 4990; x_wconf 84' lang='lat' dir='ltr'><strong>aliud</strong></span> <span class='ocrx_word' id='word_1_843' title='bbox 2852 4936 2998 4991; x_wconf 81' lang='lat' dir='ltr'><strong>forte</strong></span> <span class='ocrx_word' id='word_1_844' title='bbox 3047 4944 3135 4990; x_wconf 88' lang='lat' dir='ltr'><strong>est</strong></span> <span class='ocrx_word' id='word_1_845' title='bbox 3188 4950 3255 4990; x_wconf 83' lang='lat' dir='ltr'><strong>ac</strong></span> <span class='ocrx_word' id='word_1_846' title='bbox 3297 4935 3419 5004; x_wconf 69' lang='lat' dir='ltr'><strong>ejus</strong></span> 
     </span>
    </p>
   </div>
   <div class='ocr_carea' id='block_1_112' title="bbox 1840 5025 3419 5099">
    <p class='ocr_par' dir='ltr' id='par_1_112' title="bbox 1840 5025 3419 5099">
     <span class='ocr_line' id='line_1_113' title="bbox 1840 5025 3419 5099; baseline 0.001 -18"><span class='ocrx_word' id='word_1_847' title='bbox 1840 5036 2027 5098; x_wconf 88' lang='lat' dir='ltr'><strong>partes</strong></span> <span class='ocrx_word' id='word_1_848' title='bbox 2069 5036 2125 5083; x_wconf 89' lang='lat' dir='ltr'><strong>et</strong></span> <span class='ocrx_word' id='word_1_849' title='bbox 2159 5041 2228 5083; x_wconf 87' lang='lat' dir='ltr'><strong>eo</strong></span> <span class='ocrx_word' id='word_1_850' title='bbox 2273 5026 2422 5097; x_wconf 89' lang='lat' dir='ltr'><strong>quod</strong></span> <span class='ocrx_word' id='word_1_851' title='bbox 2464 5028 2783 5083; x_wconf 86' lang='lat' dir='ltr'><strong>concretius</strong></span> <span class='ocrx_word' id='word_1_852' title='bbox 2817 5035 2905 5083; x_wconf 88' lang='lat' dir='ltr'><strong>est</strong></span> <span class='ocrx_word' id='word_1_853' title='bbox 2951 5034 3010 5082; x_wconf 88' lang='lat' dir='ltr'><strong>et</strong></span> <span class='ocrx_word' id='word_1_854' title='bbox 3058 5025 3207 5098; x_wconf 89' lang='lat' dir='ltr'><strong>quod</strong></span> <span class='ocrx_word' id='word_1_855' title='bbox 3246 5027 3419 5099; x_wconf 78' lang='lat' dir='ltr'><strong>magis</strong></span> 
     </span>
    </p>
   </div>
   <div class='ocr_carea' id='block_1_113' title="bbox 1839 5116 3417 5190">
    <p class='ocr_par' dir='ltr' id='par_1_113' title="bbox 1839 5116 3417 5190">
     <span class='ocr_line' id='line_1_114' title="bbox 1839 5116 3417 5190; baseline -0.001 -17"><span class='ocrx_word' id='word_1_856' title='bbox 1839 5119 2053 5173; x_wconf 83' lang='lat' dir='ltr'><strong>varium</strong></span> <span class='ocrx_word' id='word_1_857' title='bbox 2101 5129 2159 5175; x_wconf 91' lang='lat' dir='ltr'><strong>et</strong></span> <span class='ocrx_word' id='word_1_858' title='bbox 2203 5117 2350 5190; x_wconf 89' lang='lat' dir='ltr'><strong>quod</strong></span> <span class='ocrx_word' id='word_1_859' title='bbox 2394 5117 2718 5189; x_wconf 85' lang='lat' dir='ltr'><strong>perfectius,</strong></span> <span class='ocrx_word' id='word_1_860' title='bbox 2748 5119 2929 5188; x_wconf 89' lang='lat' dir='ltr'><strong>aliqua</strong></span> <span class='ocrx_word' id='word_1_861' title='bbox 2961 5134 2991 5173; x_wconf 91' lang='lat' dir='ltr'><strong>a</strong></span> <span class='ocrx_word' id='word_1_862' title='bbox 3028 5116 3266 5189; x_wconf 88' lang='lat' dir='ltr'><strong>propriis</strong></span> <span class='ocrx_word' id='word_1_863' title='bbox 3292 5132 3417 5188; x_wconf 86' lang='lat' dir='ltr'><strong>par-</strong></span> 
     </span>
    </p>
   </div>
   <div class='ocr_carea' id='block_1_114' title="bbox 1844 5208 3415 5283">
    <p class='ocr_par' dir='ltr' id='par_1_114' title="bbox 1844 5208 3415 5283">
     <span class='ocr_line' id='line_1_115' title="bbox 1844 5208 3415 5283; baseline -0.002 -17"><span class='ocrx_word' id='word_1_864' title='bbox 1844 5212 1994 5267; x_wconf 90' lang='lat' dir='ltr'><strong>tibus</strong></span> <span class='ocrx_word' id='word_1_865' title='bbox 2041 5211 2364 5268; x_wconf 90' lang='lat' dir='ltr'><strong>diversitate</strong></span> <span class='ocrx_word' id='word_1_866' title='bbox 2411 5220 2629 5280; x_wconf 87' lang='lat' dir='ltr'><strong>recepta</strong></span> <span class='ocrx_word' id='word_1_867' title='bbox 2665 5226 2775 5282; x_wconf 89' lang='lat' dir='ltr'><strong>qua</strong></span> <span class='ocrx_word' id='word_1_868' title='bbox 2813 5226 3149 5283; x_wconf 84' lang='lat' dir='ltr'><strong>unaquaque</strong></span> <span class='ocrx_word' id='word_1_869' title='bbox 3179 5208 3415 5281; x_wconf 84' lang='lat' dir='ltr'><strong>simplici</strong></span> 
     </span>
    </p>
   </div>
   <div class='ocr_carea' id='block_1_115' title="bbox 1843 5302 3416 5375">
    <p class='ocr_par' dir='ltr' id='par_1_115' title="bbox 1843 5302 3416 5375">
     <span class='ocr_line' id='line_1_116' title="bbox 1843 5302 3416 5375; baseline -0.002 -15"><span class='ocrx_word' id='word_1_870' title='bbox 1843 5305 2084 5375; x_wconf 92' lang='lat' dir='ltr'><strong>partium</strong></span> <span class='ocrx_word' id='word_1_871' title='bbox 2134 5312 2375 5374; x_wconf 67' lang='lat' dir='ltr'><strong>prazstat,</strong></span> <span class='ocrx_word' id='word_1_872' title='bbox 2415 5304 2562 5359; x_wconf 91' lang='lat' dir='ltr'><strong>sicut</strong></span> <span class='ocrx_word' id='word_1_873' title='bbox 2588 5302 2643 5358; x_wconf 91' lang='lat' dir='ltr'><strong>in</strong></span> <span class='ocrx_word' id='word_1_874' title='bbox 2672 5303 3101 5371; x_wconf 88' lang='lat' dir='ltr'><strong>medicamento,</strong></span> <span class='ocrx_word' id='word_1_875' title='bbox 3140 5304 3196 5358; x_wconf 90' lang='lat' dir='ltr'><strong>in</strong></span> <span class='ocrx_word' id='word_1_876' title='bbox 3228 5303 3416 5364; x_wconf 90' lang='lat' dir='ltr'><strong>domo.</strong></span> 
     </span>
    </p>
   </div>
   <div class='ocr_carea' id='block_1_116' title="bbox 1845 5391 3423 5467">
    <p class='ocr_par' dir='ltr' id='par_1_116' title="bbox 1845 5391 3423 5467">
     <span class='ocr_line' id='line_1_117' title="bbox 1845 5391 3423 5467; baseline 0 -18"><span class='ocrx_word' id='word_1_877' title='bbox 1845 5394 1909 5450; x_wconf 60' lang='lat' dir='ltr'><strong>in‘</strong></span> <span class='ocrx_word' id='word_1_878' title='bbox 1946 5391 2131 5467; x_wconf 55' lang='lat' dir='ltr'><strong>ignito&#39;</strong></span> <span class='ocrx_word' id='word_1_879' title='bbox 2167 5395 2336 5459; x_wconf 78' lang='lat' dir='ltr'><strong>ferro,</strong></span> <span class='ocrx_word' id='word_1_880' title='bbox 2382 5395 2434 5449; x_wconf 89' lang='lat' dir='ltr'><strong>in</strong></span> <span class='ocrx_word' id='word_1_881' title='bbox 2476 5393 2701 5451; x_wconf 89' lang='lat' dir='ltr'><strong>homine</strong></span> <span class='ocrx_word' id='word_1_882' title='bbox 2744 5395 3033 5461; x_wconf 86' lang='lat' dir='ltr'><strong>videmus;</strong></span> <span class='ocrx_word' id='word_1_883' title='bbox 3078 5409 3327 5466; x_wconf 77' lang='lat' dir='ltr'><strong>namque</strong></span> <span class='ocrx_word' id='word_1_884' title='bbox 3360 5392 3423 5449; x_wconf 83' lang='lat' dir='ltr'><strong>in</strong></span> 
     </span>
    </p>
   </div>
   <div class='ocr_carea' id='block_1_117' title="bbox 1845 5472 3420 5557">
    <p class='ocr_par' dir='ltr' id='par_1_117' title="bbox 1845 5472 3420 5557">
     <span class='ocr_line' id='line_1_118' title="bbox 1845 5472 3420 5557; baseline -0.001 -16"><span class='ocrx_word' id='word_1_885' title='bbox 1845 5486 2243 5557; x_wconf 84' lang='lat' dir='ltr'><strong>compositione</strong></span> <span class='ocrx_word' id='word_1_886' title='bbox 2283 5472 2512 5542; x_wconf 67' lang='lat' dir='ltr'><strong>cadmia:</strong></span> <span class='ocrx_word' id='word_1_887' title='bbox 2542 5494 2601 5542; x_wconf 88' lang='lat' dir='ltr'><strong>et</strong></span> <span class='ocrx_word' id='word_1_888' title='bbox 2628 5486 2759 5552; x_wconf 86' lang='lat' dir='ltr'><strong>olei,</strong></span> <span class='ocrx_word' id='word_1_889' title='bbox 2792 5487 3177 5542; x_wconf 80' lang='lat' dir='ltr'><strong>manifestatur</strong></span> <span class='ocrx_word' id='word_1_890' title='bbox 3214 5487 3270 5541; x_wconf 87' lang='lat' dir='ltr'><strong>in</strong></span> <span class='ocrx_word' id='word_1_891' title='bbox 3310 5498 3420 5541; x_wconf 69' lang='lat' dir='ltr'><strong>ntr-</strong></span> 
     </span>
    </p>
   </div>
   <div class='ocr_carea' id='block_1_118' title="bbox 1846 5570 3421 5650">
    <p class='ocr_par' dir='ltr' id='par_1_118' title="bbox 1846 5570 3421 5650">
     <span class='ocr_line' id='line_1_119' title="bbox 1846 5570 3421 5650; baseline -0.001 -17"><span class='ocrx_word' id='word_1_892' title='bbox 1846 5576 2423 5634; x_wconf 56' lang='lat' dir='ltr'><strong>triendis‘vblncrum</strong></span> <span class='ocrx_word' id='word_1_893' title='bbox 2484 5570 2843 5634; x_wconf 84' lang='lat' dir='ltr'><strong>interioribus</strong></span> <span class='ocrx_word' id='word_1_894' title='bbox 2904 5577 3177 5650; x_wconf 81' lang='lat' dir='ltr'><strong>partibus,</strong></span> <span class='ocrx_word' id='word_1_895' title='bbox 3239 5577 3421 5632; x_wconf 77' lang='lat' dir='ltr'><strong>virtus</strong></span> 
     </span>
    </p>
   </div>
   <div class='ocr_carea' id='block_1_119' title="bbox 1847 5658 3421 5741">
    <p class='ocr_par' dir='ltr' id='par_1_119' title="bbox 1847 5658 3421 5741">
     <span class='ocr_line' id='line_1_120' title="bbox 1847 5658 3421 5741; baseline 0.001 -17"><span class='ocrx_word' id='word_1_896' title='bbox 1847 5668 2238 5741; x_wconf 56' lang='lat' dir='ltr'><strong>rpiam’neutra</strong></span> <span class='ocrx_word' id='word_1_897' title='bbox 2268 5668 2505 5741; x_wconf 85' lang='lat' dir='ltr'><strong>partium</strong></span> <span class='ocrx_word' id='word_1_898' title='bbox 2525 5671 2582 5724; x_wconf 89' lang='lat' dir='ltr'><strong>in</strong></span> <span class='ocrx_word' id='word_1_899' title='bbox 2615 5677 2673 5726; x_wconf 83' lang='lat' dir='ltr'><strong>s‘e</strong></span> <span class='ocrx_word' id='word_1_900' title='bbox 2698 5669 2892 5726; x_wconf 78' lang='lat' dir='ltr'><strong>natura</strong></span> <span class='ocrx_word' id='word_1_901' title='bbox 2922 5658 3191 5740; x_wconf 83' lang='lat' dir='ltr'><strong>habebat;</strong></span> <span class='ocrx_word' id='word_1_902' title='bbox 3223 5664 3421 5726; x_wconf 75' lang='lat' dir='ltr'><strong>deuius</strong></span> 
     </span>
    </p>
   </div>
  </div>
