3876 6310
189 365 316 433 ιεει

1089 371 1482 434 ADVERSUS
1524 375 2072 439 NESTORIANOS.
2107 401 2172 408 ·--
2207 373 2352 431 LIB.
2394 370 2442 432 Ῑ.

3286 361 3427 429 1522

181 480 328 533 θείου
359 479 653 550 μυστηρίου
676 477 1050 546 ἐφελκόμενοι,
1075 476 1159 530 διὰ
1181 479 1280 548 τὴν
1305 477 1496 550 χρείαν
1522 479 1621 548 τῆς
1645 479 1738 533 τοῦ

1859 480 1910 535 le
1954 479 2043 534 his
2081 479 2183 533 sibi
2220 478 2392 533 libere
2440 477 2726 532 mendacia
2769 475 3053 532 ell‘ormet:
3098 475 3284 546 itaque
3314 490 3424 529 non

180 571 556 639 ἀκαταλήπτου
581 571 755 638 Λόγον
791 567 1199 634 ὑποτυπὼτεως
1227 588 1240 604 ’
1273 571 1362 625 ἵνα
1401 569 1476 642 μὴ
1513 572 1742 641 ἀστήρι-

181 678 307 722 nvo;
333 663 460 732 ήμίν
485 663 512 715 ὁ
531 661 655 724 νοῦς
677 660 774 726 ὢν,
795 664 1066 732 αὐτονομῇ
1093 663 1498 733 φανταζόμενος
1517 663 1585 716 τὰ
1614 665 1744 734 περὶ

179 749 328 802 τοῦδε
349 767 364 782 ·
397 752 490 804 καὶ
535 752 796 817 πολλάκις
828 751 964 821 προς
1002 753 1070 805 τὰ
1113 753 1294 820 πάντη
1323 752 1742 822 ἀπεμφαίνοντα

181 844 308 912 περὶ
360 844 456 913 τῆς
499 844 814 915 οἰκονομίας
857 845 1436 915 παρατρέπηται,καὶ
1484 845 1745 910 ἀσεϐείας

177 933 352 1006 ἑαυτῷ
377 936 804 1006 ἀναπλάττηται.
826 937 946 989 Κάν
975 938 1092 996 τοῖς
1120 936 1229 1007 γὰρ
1250 937 1578 1007 κοινοτέροις
1610 937 1743 990 πολ-

177 1025 332 1090 λάκις
367 1027 428 1080 ἐκ
461 1045 602 1092 τινος
637 1028 1036 1097 μεταφράσεως
1068 1029 1102 1100 ἦ
1139 1029 1484 1098 ἀναλογίαςῆ
1511 1029 1740 1098 μερικῆιι

176 1116 488 1185 ὁμοιώσεως
532 1117 874 1187 ὀνομάζομέν
919 1135 1042 1170 τινα
1073 1135 1086 1148 ·
1119 1117 1214 1172 καὶ
1252 1119 1314 1171 ού
1361 1118 1451 1172 διά
1479 1119 1620 1180 τόδε,
1652 1119 1746 1171 καὶ

176 1208 350 1260 πάντα
379 1207 447 1260 τὰ
478 1207 732 1277 ἑπόμενα.
747 1208 981 1272 τούτοις,
1019 1209 1474 1280 συνεκδεχόμεθα’
1507 1209 1568 1262 ού
1603 1211 1733 1281 γὰρ,

175 1302 301 1353 ἐπεὶ
331 1301 422 1354 τὸν
450 1301 558 1354 ἀπὸ
587 1301 908 1372 σκυθρωποῦ
938 1301 1262 1372 εύδιὼτερον
1289 1304 1431 1374 ἀέρα
1459 1302 1746 1372 γινόμενον

177 1393 400 1458 γελάσαι
457 1393 658 1462 φαμὲν,
691 1394 792 1462 ἤδη
841 1395 936 1447 καὶ
984 1393 1120 1452 ζῶον
1159 1393 1482 1462 γελαστικὸν
1516 1394 1574 1447 τὺ
1603 1411 1748 1448 στοι-

175 1485 318 1552 χεῖον
353 1479 492 1538 εἶναι
543 1485 903 1554 ἐγνώκαμεν
939 1487 1080 1558 πλὴν
1131 1487 1180 1538 εἱ
1237 1486 1332 1540 καὶ
1381 1487 1559 1540 πάντα
1605 1503 1747 1556 συμ-

174 1573 378 1629 ϐαίνειν
412 1575 624 1649 ἀνάγκη
655 1578 724 1630 τὰ
751 1578 994 1648 ἑπόμενα
1026 1580 1148 1632 ὅποι
1177 1578 1390 1647 λέγοιτό
1425 1593 1478 1631 τι
1510 1579 1618 1632 τῶν
1651 1594 1700 1632 αι
1738 1614 1742 1619 .

173 1667 282 1722 τῶν
348 1669 650 1740 ὀνομάτων,
711 1671 828 1724 ἀλλ’
880 1673 975 1726 ἐπὶ
1037 1671 1278 1743 Χριστοῦ
1348 1673 1521 1726 ταῦτα
1573 1674 1745 1741 ἀναγ-

173 1761 344 1825 καίως
389 1763 486 1832 οὐχ
518 1761 711 1832 ἕψεται
735 1782 750 1796 ·
781 1767 846 1818 ὲκ
885 1765 1022 1818 Θεοῦ
1053 1765 1164 1836 γὰρ
1192 1766 1368 1832 Λόγου
1405 1764 1748 1835 ἀνθρωπείας

1848 572 2034 626 omnia
2083 586 2150 626 ex
2199 571 2285 626 his
2314 569 2705 639 consequentia
2739 569 3076 638 recipimus;
3117 583 3226 623 non
3255 567 3423 632 enim,

1849 678 1976 718 cum
2043 679 2226 717 aerem
2273 679 2339 717 ex
2390 661 2532 716 tristi
2600 659 2914 715 hilariorem
2975 659 3178 716 factum
3246 659 3428 714 ridere

1849 753 2108 818 dicimus,
2156 769 2265 808 non
2317 769 2384 808 ex
2444 768 2512 807 eo
2577 751 2824 816 risibile;
2871 766 2994 806 esse
3055 751 3256 806 animal
3322 751 3429 806 hoc

1851 847 2184 900 elementum
2243 847 2608 909 arbitramur;
2681 843 2778 899 sed
2835 842 2938 898 etsi
3003 857 3230 899 necesse
3281 854 3430 898 esset

1852 938 2037 992 omnia
2073 939 2297 993 realiter
2347 954 2468 994 esse
2517 951 2860 1006 quzecunque
2897 951 2965 990 ex
2995 935 3312 990 nominibus
3343 949 3430 990 se-

1852 1037 2120 1100 quuntur,
2156 1030 2209 1084 in
2243 1030 2464 1086 Christo
2511 1038 2692 1085 tamen
2733 1027 3050 1084 necessario
3090 1043 3200 1082 non
3227 1042 3430 1098 seque-

1853 1134 2028 1177 retur.
2064 1122 2476 1194 Compositione
2509 1122 2654 1177 enim
2695 1123 2816 1192 ejus
2837 1138 2900 1176 ex
2934 1121 3116 1176 Verbo
3149 1131 3206 1178 et
3228 1129 3428 1176 natura

1853 1214 2094 1268 humana
2141 1214 2309 1270 semel
2350 1214 2608 1276 admissa.
2641 1213 2686 1268 si
2719 1223 2903 1268 tamen
2925 1209 3259 1266 concedatur
3305 1223 3428 1264 eam

1853 1303 1942 1358 his
1988 1305 2236 1373 partibus
2292 1313 2730 1367 vere'constare,
2770 1311 2944 1358 totum
2993 1301 3052 1356 in
3098 1316 3161 1356 se
3209 1315 3330 1354 esse
3373 1307 3431 1353 et

1852 1395 2217 1465 compositum
2267 1393 2386 1449 illas
2432 1410 2624 1450 omnes
2677 1392 3098 1462 consequentias
3141 1391 3428 1460 impediet.

1851 1487 1978 1543 Non
2014 1487 2160 1541 enim
2201 1485 2502 1541 absurdum
2544 1494 2726 1554 potest
2775 1485 3024 1553 recipere
3075 1481 3336 1536 divinitas
3374 1489 3432 1536 et

1855 1579 1910 1633 in
1952 1579 2157 1650 quibus
2205 1577 2335 1632 dum
2373 1593 2564 1632 corum
2597 1592 2718 1646 quae
2757 1585 2946 1630 contra
2977 1589 3078 1629 nos
3103 1581 3232 1629 sunt
3258 1572 3426 1636 dicta.

1853 1686 1974 1726 esse
2026 1668 2496 1740 incompossibilia
2546 1684 2576 1722 a
2629 1667 2789 1722 nobis
2839 1681 3166 1721 concessum
3216 1673 3322 1728 est,
3367 1663 3427 1719 Si

1853 1763 2000 1816 enim
2045 1763 2112 1816 de
2145 1763 2265 1833 ejus
2289 1759 2640 1832 generatione
2659 1759 2960 1827 loquimur,
2991 1775 3099 1812 non
3131 1767 3430 1812 occurrunt

173 1849 384 1917 φύσεως
445 1853 891 1924 ὁμολογουμένης
936 1853 1101 1908 αὐτοῦ
1143 1855 1242 1924 τῆς
1279 1855 1606 1918 συνθέσεως,
1635 1854 1749 1922 εἴγε

1859 1871 2048 1910 omnes
2111 1853 2518 1924 consequentiae
2589 1851 3009 1922 generatiouum
3073 1859 3426 1914 nostrarum;

171 1945 235 1996 ἐκ
268 1943 487 1998 τοιῶνδε
530 1946 746 2014 ἀληθῶς
794 1943 936 1999 εἶναι
965 1947 1074 2000 τῶν
1090 1946 1294 2017 ’μερῶν
1321 1946 1522 2017 δοθείη,
1547 1947 1608 1998 τὸ
1631 1947 1749 2000 κατ’

1859 1963 2036 2017 neque
2073 1948 2127 2001 in
2161 1963 2226 2001 co
2255 1944 2795 2002 consubstantialitas
2843 1958 3200 2012 personarum
3248 1957 3428 2012 neque
3510 1939 3518 1947 '

173 2037 333 2091 αὐτὸν
383 2037 526 2108 ὅλον,
565 2039 661 2092 καὶ
687 2037 939 2091 σύνθετον
975 2033 1116 2091 εἶναι
1164 2037 1396 2090 κωλύσει
1435 2039 1652 2100 πάντως
1683 2037 1749 2090 τά

1859 2038 2202 2107 propriarum
2277 2036 2646 2108 potentiarum
2723 2035 2964 2104 perfecta
3039 2035 3427 2103 personalitas,

169 2107 410 2183 aurai-cc;
459 2129 1019 2200 παρακολουθήματα.
1065 2128 1474 2198 ’Λπαράδεκτον
1521 2129 1630 2208 γΞιρ
1691 2129 1749 2182 τδ

1859 2145 2037 2197 neque
2065 2137 2259 2182 castora
2285 2125 2524 2198 propria,
2567 2127 2730 2180 nobis
2767 2135 2896 2180 sunt
2933 2125 3154 2180 similia.

172 2221 330 2276 Θεῖον
363 2223 567 2285 παντὸς
605 2222 809 2275 ἀτόπου
835 2239 848 2253 ο
881 2221 975 2274 καὶ
1005 2223 1062 2274 ἐν
1095 2223 1209 2284 τοῖς
1237 2221 1420 2280 αὐτοῖς
1475 2238 1618 2274 τισιν
1687 2216 1828 2274 εἶναι
1863 2221 1972 2272 τῶν
2023 2219 2146 2272 καθ’
2184 2221 2330 2289 ἡμᾶς
2384 2219 2716 2290 λεγομένων,
2759 2221 3108 2288 ἁσυγκρῐτως
3165 2217 3310 2288 ἔχειν
3367 2219 3428 2271 ἐν

169 2312 380 2376 τούτοις
395 2314 535 2381 πρὸς
564 2315 709 2383 ἡμᾶς
747 2313 1118 2383 ὡμολόγηται.
1159 2315 1219 2366 Εἰ
1269 2313 1380 2381 γὰρ
1421 2312 1516 2365 καλ⁸
1550 2313 1801 2382 γέννησις
1831 2313 2046 2380 λέγεται
2073 2315 2158 2364 ἐπ’
2185 2311 2370 2364 αὐτοῦ.
2405 2311 2520 2363 ἀλλ’
2543 2311 2664 2381 οὐχὶ
2724 2311 2818 2363 καὶ
2880 2310 2950 2362 τὰ
3005 2309 3260 2379 ἑπᾶμενα
3302 2310 3427 2370 ταῖς

173 2402 296 2456 καθ’
323 2405 779 2474 ἡμᾶςγεννήσεσι
805 2423 818 2434 ·
843 2405 936 2457 καὶ
961 2407 1018 2456 ἐν
1047 2404 1182 2474 τῷδε
1217 2404 1335 2456 οῦδὲ
1369 2405 1427 2456 τὸ
1465 2403 1750 2474 ὀμοούσιον
1785 2403 1890 2456 τῶν
1919 2403 2269 2457 ὑποστάσεων
2299 2401 2474 2469 τοῦδε,
2532 2400 2656 2454 οὗτε
2690 2401 2752 2455 τὸ
2810 2400 3286 2472 τελειοπρύσωπον
3316 2399 3426 2454 τῶν

173 2498 360 2551 ιδικῶν
394 2499 706 2568 δυνάμεων,
739 2500 924 2569 ὅμοιον
955 2501 1106 2570 ἡμῖν,
1136 2500 1255 2553 οὐδὲ
1285 2501 1350 2553 τὰ
1391 2501 1552 2554 λοιπά
1595 2499 1873 2570 ἐξαίρετα.

242 2589 389 2660 Πλὴν
431 2589 574 2642 ἀλλά
629 2591 722 2644 καὶ
765 2590 972 2644 τούτων
1025 2591 1472 2660 ὁμολογουμένων
1511 2591 1586 2654 ὡς
1651 2592 1752 2642 οὐκ

172 2681 318 2733 εστιν
349 2681 410 2746 ἐξ
447 2682 570 2734 ὅλου
604 2683 700 2736 καὶ
759 2681 940 2752 μερῶν
983 2683 1076 2735 ἐπὶ
1104 2682 1340 2753 Χριστοῦ
1397 2683 1705 2752 εἰρημένων
1733 2723 1748 2746 ,

171 2771 486 2834 ἀκολούθως
542 2790 593 2826 τι
648 2773 836 2842 ὅμοιον
879 2774 1011 2843 ἡμῖν
1059 2773 1395 2842 ὲπάγεσθαι¹,
1435 2773 1750 2845 διανοητέον

175 2865 274 2918 καὶ
295 2865 447 2918 τάδε.
497 2865 722 2934 Πρῶτον
773 2865 873 2934 μὲν
921 2865 1032 2938 γάρ
1073 2865 1134 2918 τὸ
1180 2865 1372 2936 λεχθὲν
1423 2865 1748 2936 συμϐαίνειν

176 2956 270 3008 ἐπὶ
293 2957 386 3008 τοῦ
419 2956 484 3008 ὲκ
519 2956 701 3026 μερῶν
730 2957 850 3009 ὅλου
873 2958 1186 3026 γινομένου,
1208 2958 1368 3028 δῆλον
1400 2975 1414 2990 ·
1449 2960 1522 3020 ὡς
1564 2961 1610 3012 εί
1655 2959 1750 3017 Ml.

177 3045 398 3099 κατὰτὸ
437 3041 580 3108 εἶδος
610 3042 762 3098 οὖσιν
790 3047 1065 3122 ἀνομοίοις
1095 3051 1208 3110 τοῖς
1238 3049 1430 3118 μέρεσι
1461 3049 1748 3118 συμϐαίνει

176 3137 255 3208 τῷ
285 3137 392 3208 ὅλῳ
416 3137 573 3206 τῷδε,
600 3137 733 3190 ἀλλά
771 3138 990 3202 πάντως
1015 3139 1158 3191 κατά
1184 3156 1236 3192 τι
1259 3141 1524 3210 προσεχὲς
1555 3141 1587 3211 ἢ
1616 3143 1750 3212 πορο

177 3229 406 3298 ρωτέρω
429 3229 585 3296 γένος
617 3227 877 3298 ὁμογενὲς
898 3228 1252 3298 τυγχάνουσι.
1287 3229 1379 3282 Διὸ
1402 3229 1467 3299 δὴ
1495 3232 1586 3283 καὶ
1613 3231 1750 3300 προς

179 3319 434 3372 σύνθεσιν
463 3318 637 3382 εἴδους
666 3317 868 3380 κοινοῦ,
895 3319 995 3371 οὐκ
1017 3318 1314 3390 ἀλλοτρίως
1335 3319 1492 3388 ἔσχεν
1519 3319 1586 3372 ἂν
1615 3322 1750 3390 πρὸς

173 3411 388 3482 ἄλληλα
441 3412 618 3480 πάντη
653 3425 667 3440 ⁶
705 3410 800 3464 ἆτε
849 3410 1136 3465 κοινωνίαν
1182 3411 1304 3464 τινά
1340 3409 1578 3482 φυσικὴν
1610 3411 1753 3480 ἔχειν

175 3506 320 3559 κατά
365 3521 422 3558 τι
481 3505 680 3572 γένος’
741 3506 776 3574 ἡ
839 3504 898 3559 δὲ
945 3506 1040 3556 ἐπὶ
1089 3504 1184 3558 τοῦ
1251 3503 1524 3558 Δεσπότου
1595 3503 1754 3575 ἡμῶν

178 3585 398 3660 ἕνωσις,
439 3597 504 3648 ὲκ
540 3597 650 3650 τῶν
681 3595 856 3666 πάντη
924 3595 1269 3666 ἀνομογενῶν
1334 3598 1472 3650 ἐστι.
1531 3594 1596 3649 Τί
1645 3595 1756 3666 γὰρ

179 3689 392 3758 κυρίως
467 3689 666 3742 οὐσιῶν
745 3688 954 3757 γένοςς
1043 3690 1092 3740 εἰ
1161 3689 1218 3742 δὲ
1283 3691 1377 3743 καὶ
1433 3690 1588 3758 γένος
1661 3690 1755 3743 ού-

181 3779 306 3841 σίας
379 3778 530 3845 ἐστὶ,
585 3777 638 3832 τί
688 3777 846 3847 γένος
913 3777 1102 3841 οὐσίας
1156 3778 1255 3848 τῆς
1312 3778 1463 3842 θείας
1541 3781 1752 3850 αὐτῆς,

185 3871 324 3942 μετά
395 3874 490 3925 καὶ
532 3872 632 3941 τῆς
693 3871 1042 3940 ἀνθρωπείας
1122 3867 1258 3924 εἴναι
1299 3871 1584 3942 δοθήσεται
1617 3889 1632 3938 ;
1669 3872 1758 3926 ἵνα.

179 3963 270 4017 διά
296 3981 418 4016 τινα
445 3963 645 4032 φυσικὴ
667 3997 678 4007 ε
715 3964 1057 4032 συγγένειαν,
1090 3963 1182 4016 καὶ
1228 3964 1350 4016 ὅλου
1383 3962 1528 4026 τινὸς
1559 3961 1757 4032 φύσ.ν,

183 4056 594 4126 συγκιρνάμενα
623 4073 678 4108 τιν
701 4056 840 4124 ,ήσοι
871 4055 995 4109 τάδε
1029 4071 1042 4085 ·
1067 4055 1183 4119 πῶς
1211 4050 1302 4108 οὖν
1325 4055 1402 4126 τῷ
1435 4054 1742 4124 συμϐαίνον-

180 4166 233 4200 τι
259 4151 331 4216 τῇ
348 4147 454 4200 τῶν
475 4147 750 4216 ὁμογενῶν
779 4147 959 4217 μερῶν
986 4145 1230 4200 συνθέσει
1250 4147 1348 4218 τὴν
1371 4147 1477 4202 τῶν
1501 4148 1762 4219 ἀνομογε-

181 4239 292 4292 νῶν
320 4237 654 4305 ὑπαγάγοιεν
692 4236 937 4290 σύνθεσιν
965 4255 981 4302 ;
1022 4239 1114 4291 καὶ
1149 4237 1225 4300 ὡς
1293 4239 1594 4305 ἀναγκαῖον
1627 4239 1759 4308 ἡμῖν

183 4329 570 4396 συναγάγοιεν,
611 4328 671 4381 τὸ
723 4328 835 4382 δεῖν
879 4329 1095 4392 πάντως
1145 4329 1375 4382 ἕπεσθαι
1419 4329 1596 4383 τοῖσδε
1643 4330 1764 4392 τοῖς

180 4417 541 4486 ἀνομογενέσι
575 4417 814 4487 Χριστοῦ
867 4417 1110 4488 μέρεσιν,
1143 4420 1319 4472 ἐκεῖνο
1345 4418 1373 4471 ὃ
1418 4421 1528 4480 τοῖς
1557 4421 1760 4488 ὁμογε-

1926 2588 2201 2649 Attamen,
2236 2601 2360 2640 cum
2394 2585 2601 2640 fuerint
2648 2585 2883 2642 confessi
2930 2585 2997 2640 de
3045 2585 3269 2642 Christo
3315 2599 3424 2640 non

1857 2678 2028 2733 fuisse
2057 2678 2265 2732 dictum
2295 2677 2442 2747 quod
2474 2692 2540 2732 ex
2569 2686 2684 2733 toto
2732 2685 2788 2732 et
2825 2676 3076 2748 partibus
3112 2675 3302 2740 fuerit,
3343 2675 3426 2730 in-

1856 2770 2184 2841 quirendum
2229 2770 2361 2841 quid
2407 2770 2566 2826 nobis
2613 2779 3018 2841 consequenter
3047 2769 3222 2825 simile
3266 2769 3430 2824 indu—

1856 2872 2036 2918 catur.
2084 2864 2326 2918 Primum
2365 2863 2588 2934 quidem
2633 2864 2779 2934 quod
2847 2862 3056 2918 dictum
3099 2863 3156 2917 in
3202 2871 3318 2919 toto
3359 2877 3425 2916 ex

1856 2959 2104 3028 partibus
2144 2960 2416 3014 constanti
2462 2959 2734 3024 accidere,
2790 2958 3165 3022 manifestum,
3205 2957 3352 3028 quod
3377 2958 3430 3012 si

1855 3059 2040 3120 partes
2088 3057 2218 3106 sunt
2277 3051 2460 3122 specie
2513 3050 2810 3106 dissimiles
2855 3049 2977 3115 toti,
3009 3065 3182 3121 genus
3243 3058 3436 3104 tamen.

1855 3141 2203 3198 constituunt
2225 3143 2308 3197 vcl
2339 3141 2646 3213 proximum
2689 3141 2774 3196 vel
2811 3143 3100 3196 remotius.
3131 3139 3430 3210 ltaquead

1853 3231 2300 3288 constituendum
2345 3247 2520 3302 genus
2559 3247 2872 3296 commune,
2907 3247 3020 3287 non
3057 3231 3166 3289 sibi
3190 3231 3426 3286 invicem

1852 3331 2038 3376 essent
2074 3321 2301 3376 omnino
2327 3320 2538 3382 alienae,
2567 3320 2830 3375 habentes
2880 3319 3174 3390 quamdam
3202 3327 3431 3375 natura:-

1852 3412 1960 3466 lem
2011 3413 2460 3468 communitatem
2489 3411 2545 3466 in
2579 3413 2763 3484 aliquo
2793 3428 3036 3484 genere;
3075 3413 3204 3468 unio
3241 3419 3428 3468 autem

1855 3502 1913 3556 in
1955 3504 2190 3559 Domino
2239 3513 2429 3558 nostro
2471 3503 2825 3560 dissimilium
2866 3506 3259 3562 omninoest:
3292 3503 3426 3574 quid

1855 3596 2004 3650 enim
2033 3597 2252 3666 proprie
2286 3598 2718 3654 substantiarum
2751 3599 2967 3670 genus?
2999 3601 3068 3654 Et
3101 3599 3146 3653 si
3171 3599 3430 3654 substan-

1859 3688 1949 3742 tiae
2002 3703 2177 3759 genus
2226 3697 2332 3754 est,
2383 3699 2442 3744 et
2493 3691 2642 3759 quod
2693 3692 2800 3746 erit
2828 3706 3000 3760 genus
3023 3689 3224 3744 divinae
3279 3689 3434 3744 illius

1859 3779 2179 3836 substantiae
2237 3796 2364 3836 cum
2433 3781 2737 3835 substantia
2803 3780 3064 3844 immane,
3124 3779 3273 3850 quod
3330 3795 3430 3848 per

1859 3873 2150 3944 quamdam
2183 3874 2490 3928 naturalem
2528 3872 2908 3944 cognationem
2939 3887 3004 3927 ea
3036 3871 3430 3928 commisceat?

1859 3965 2146 4034 Quomodo
2177 3982 2310 4038 ergo
2331 3983 2430 4038 per
2459 3965 2714 4022 accidens
2733 3964 2995 4019 similium
3029 3963 3270 4034 partium
3297 3977 3431 4017 con-

1855 4059 2146 4129 iunctioni,
2179 4059 2525 4116 dissimilium
2563 4057 3006 4128 coniunctionem
3039 4052 3430 4111 submitteret?

1860 4147 2362 4217 Concluderentne,
2393 4161 2455 4206 ut
2489 4149 2879 4210 necessarium,
2914 4147 3180 4218 consequi
3212 4161 3280 4202 ex
3314 4146 3430 4202 dis-

1863 4243 2144 4300 similibus
2171 4241 2376 4300 Christi
2401 4242 2651 4313 partihus
2683 4240 2817 4296 illud
2845 4239 2994 4310 quod
3019 4237 3274 4294 videmus
3294 4251 3432 4290 eon-

1863 4339 2016 4408 scqui
2068 4346 2253 4407 partes
2295 4335 2527 4396 similes.
2571 4333 2759 4398 idest,
2807 4332 3044 4387 alterum
3069 4339 3242 4386 totum
3269 4331 3292 4384 ?
3321 4328 3428 4383 Sed

1861 4427 2159 4483 siaiiunde
2181 4428 2291 4498 jam
2323 4442 2390 4480 ex
2415 4425 2740 4482 necessitate
2769 4425 2975 4495 paratis
3005 4421 3298 4478 ostendere
3320 4436 3430 4476 non

180 4511 331 4562 νέσιν
359 4509 625 4579 ἑπόμενον
659 4509 981 4574 καθορᾶται,
1013 4509 1180 4578 ἤγουν
1212 4511 1444 4581 ὁλότητά
1470 4527 1592 4564 τινα
1640 4511 1749 4563 ἐτέ-

1867 4519 1985 4575 ﬁeri
2036 4517 2486 4590 conjunctionem
2537 4517 2844 4573 naturalem
2893 4513 3196 4572 secundum
3242 4529 3434 4585 perso-

187 4621 332 4674 paw;
380 4603 520 4657 Ἀλλ’
550 4603 598 4656 εἰ
631 4602 730 4672 μὲν
779 4602 1000 4654 ἄλλοθεν
1029 4603 1090 4655 τὸ
1137 4603 1214 4674 μὴ
1239 4603 1492 4672 γενέσθαι
1522 4603 1758 4675 φυσικὴν

183 4695 438 4750 σύνθεσιν
471 4695 591 4750 καθ’
618 4695 916 4749 ὑπόστασιν
946 4695 1213 4762 ἐπιδεῖξαι
1256 4697 1414 4752 τοῦτο
1445 4697 1546 4769 ἤδη
1588 4699 1760 4767 ἀναγ-

182 4789 355 4852 καίως
406 4789 860 4851 κατασκευάσετε,

183 4881 526 4944 ὑποθετικῶς
563 4882 662 4950 τὴν
704 4879 952 4934 σύνθεσιν
995 4882 1127 4952 ἡμῖν
1176 4880 1315 4944 ὅλως
1369 4879 1504 4933 Θεοῦ
1537 4881 1672 4951 πρός
1702 4901 1756 4935 τι

183 4974 556 5044 συγχωρεῖτε,
607 4972 705 5026 οὐκ
765 4973 823 5038 ἐξ
881 4973 1130 5042 ἀνάγκης
1175 4971 1361 5026 λοιπον
1403 4976 1468 5027 τά
1515 4974 1757 5044 ἑπόμενα

185 5063 435 5114 συνθέσει
493 5059 826 5128 ὲπαγάγοιτε
866 5077 879 5093 ·
908 5061 1064 5131 ἣδιά
1123 5063 1184 5116 τὸ
1239 5061 1316 5134 μὴ
1362 5064 1570 5118 τοιάνδε
1619 5062 1757 5119 εἶναι

183 5153 356 5224 αὐτὴν
379 5151 498 5206 οἵαν
550 5151 664 5204 ἴστε
692 5153 988 5222 γινομένην
1019 5154 1112 5207 ἐπὶ
1164 5156 1276 5218 τοῖς
1327 5155 1402 5226 μὴ
1458 5157 1630 5210 τοῖσδε
1663 5153 1756 5212 οὗ-

188 5261 294 5306 σιν,
345 5243 514 5312 ἤγουν
552 5243 719 5307 θείοις
777 5245 872 5296 καὶ
932 5245 1296 5317 ἀνθρωπίνοις
1351 5246 1614 5318 μέρεσιν·
1654 5249 1753 5321 ἤδη

1862 4629 2010 4679 nam,
2073 4611 2281 4667 eisdem
2351 4610 2542 4667 verbis
2609 4610 3108 4681 respondebimus:
3143 4607 3200 4664 Si
3247 4612 3446 4663 autem.

1861 4703 2026 4758 nobis
2067 4701 2371 4757 conceditis
2395 4701 2732 4775 hypothetiei
2767 4701 2862 4756 Dei
2891 4717 3015 4756 cum
3046 4701 3238 4768 aliquo
3274 4697 3450 4753 “nio--

918 4788 1168 4858 εἴποιμεν
1224 4787 1528 4852 αὑτοῖς·Εἱ
1583 4789 1640 4843 δέ
1689 4807 1749 4858 γε

1860 4809 2008 4858 nem,
2041 4810 2142 4848 nec
2169 4794 2427 4864 amplius,
2471 4804 2730 4864 tanquam
2755 4793 3118 4856 necessarias,
3158 4789 3438 4850 inducatis

1870 4882 2280 4954 conjunctionis
2311 4882 2771 4952 consequentias;
2811 4882 2896 4936 vel
2929 4882 3059 4952 quia
3087 4895 3198 4936 non
3225 4887 3313 4935 est
3337 4895 3434 4934 ea-

1867 4974 1992 5030 dem
2023 4990 2088 5030 ac
2116 4975 2262 5028 illam
2298 4989 2465 5043 quam
2497 4974 2652 5029 scitis
2693 4989 2760 5028 ex
2799 4971 3206 5035 diversis-ﬁeri,
3239 4970 3294 5024 id
3327 4979 3434 5033 est,

1863 5066 2071 5122 divinis
2103 5075 2162 5122 et
2193 5064 2454 5120 humanis
2503 5065 2775 5134 partibus,
2806 5065 2920 5136 jam
2954 5063 3104 5119 illam
3149 5063 3435 5120 evertetis.

1863 5158 2109 5227 Quorum
2138 5159 2287 5214 enim
2319 5167 2532 5214 naturae
2557 5159 2667 5213 non
2690 5167 2821 5212 sunt
2847 5156 2903 5211 in
2936 5152 3438 5219 omnibuseadcm,

1863 5267 2064 5308 eorum
2088 5267 2270 5322 neque
2295 5250 2616 5323 conjunctio
2639 5251 2832 5307 eadem
2861 5248 3150 5305 manifeste
3182 5249 3310 5304 erit.

184 5344 278 5398 καὶ
309 5332 535 5421 ταύτην·
568 5339 918 5421 ἀνατρέψετε.
950 5332 1051 5394 ’Ὧν
1101 5341 1210 5413 γὰρ
1245 5343 1302 5396 αἱ
1340 5342 1532 5412 φύσεις
1554 5347 1654 5416 οὐχ
1675 5347 1731 5400 αἱ
1755 5347 1915 5402 αὐταὶ
1945 5349 2086 5402 κατά
2133 5348 2334 5410 πάντα,
2364 5346 2487 5402 οὐδὲ
2526 5349 2558 5418 ἡ
2597 5343 2802 5416 φυσικὴ
2853 5345 3040 5416 σχέσις
3082 5342 3244 5412 ὁμοία
3298 5343 3442 5397 κατά

183 5439 384 5502 πάντα,
404 5435 525 5488 οὐδὲ
556 5435 588 5506 ἡ
621 5433 868 5498 σύνθεσις
891 5434 923 5505 ἡ
956 5433 1094 5505 αὑτὴ
1117 5432 1318 5504 δηλαδὴ
1343 5435 1650 5506 γενήσεται.

261 5529 384 5581 Ἔτι
443 5527 636 5596 ῥητέον
685 5527 768 5579 ὃτι
821 5527 870 5578 εί
905 5525 996 5579 καὶ
1045 5527 1197 5580 πᾶσα
1233 5525 1506 5592 σύνθεσις,
1541 5527 1755 5600 ἕτερον,

188 5617 372 5680 καθὼς
392 5618 450 5672 δὲ
476 5621 756 5690 εἰρήκατε,
792 5617 940 5689 παρά
971 5617 1080 5670 τῶν
1108 5615 1290 5689 μερῶν
1322 5617 1436 5690 εἴδη
1478 5619 1762 5689 ἐπεισάγει

187 5705 268 5775 τῷ
316 5705 422 5771 ὅλῳ
467 5702 626 5771 εἶδος,
673 5705 1128 5777 προωμολόγηται
1171 5707 1321 5776 ὅμως
1359 5709 1490 5780 ἡμῖν
1527 5708 1621 5764 τοῦ
1664 5709 1761 5763 νῦν

187 5798 615 5867 ἀνακρινομένου
671 5797 927 5853 συνθέτου
979 5797 1038 5853 ἐν
1081 5794 1218 5853 εἶναι
1273 5801 1434 5872 μέρος
1481 5801 1541 5854 τὸ
1585 5801 1759 5868 Θεῖον,

1934 5525 2238 5584 Dicendum
2268 5539 2488 5596 quoque
2509 5531 2594 5578 est
2615 5541 2627 5576 :
2651 5522 2707 5577 Si
2738 5519 2918 5576 omnis
2946 5517 3262 5590 coniunctio
3290 5517 3444 5574 aliud

1863 5635 2038 5691 genus
2058 5618 2180 5683 toti,
2205 5625 2269 5672 ut
2294 5614 2533 5682 dixistis,
2564 5613 2744 5677 aliert,
2770 5621 2924 5668 extra
2952 5610 3186 5681 partium
3213 5626 3442 5682 genera.

1857 5713 1968 5784 jam
2003 5727 2032 5764 a
2061 5709 2221 5765 nobis
2249 5707 2354 5764 fuit
2385 5707 2628 5779 positum
2655 5720 2820 5762 unam
2848 5713 3061 5776 partem
3093 5703 3265 5760 totius
3292 5703 3452 5773 quod

1863 5801 2308 5867 Consideramus,
2331 5814 2452 5856 esse
2484 5797 2730 5854 divinum
2761 5797 2895 5854 illud
2937 5797 3084 5868 quod
3129 5795 3308 5852 omnis
3347 5809 3442 5864 ge-
