3876 6310
432 301 566 382 152;;

1660 306 1969 372 LEONTII
2015 305 2421 368 BYZANT-INI

3599 299 3742 364 153i

422 416 576 472 neris
606 423 800 485 auctor
827 423 943 498 est,
978 417 1031 484 id
1060 423 1166 481 est.
1199 417 1445 474 divinum
1481 418 1740 475 Verbum.
1783 417 1842 474 Si
1871 431 2004 490 ergo

2161 418 2188 470 ὁ
2227 416 2432 482 παντὸς
2480 416 2660 486 ,είδουξς
2704 415 2989 486 ποιητικός
3035 415 3156 474 δστι
3207 414 3366 478 θεῖος
3419 415 3642 484 Λόγος.
3671 415 3734 470 ΕΙ

424 505 574 563 aliud
604 515 750 562 esset
780 509 949 564 totius
977 509 1262 580 cujusdam
1295 520 1497 581 praeter
1525 509 1764 580 partium
1805 524 2002 585 genus,

427 599 602 668 ipsius
631 598 839 654 scilicet
867 610 962 656 aut
1004 599 1151 657 illius
1182 601 1327 672 quod
1371 618 1495 659 cum
1533 605 1653 662 ipso
1683 611 1787 670 est,
1817 609 2006 662 neces-

427 691 562 745 sitas
605 689 713 746 erit
760 691 1045 762 rejiciendi
1089 692 1174 748 vel
1220 693 1374 748 illum
1421 709 1682 764 generum
1722 703 2007 748 auctorem

429 781 817 838 universaliter
847 774 1092 854 agnitum
1139 793 1196 838 et
1243 799 1310 838 ex
1360 793 1588 854 utraque
1617 793 1774 854 parte
1812 799 2010 854 recep-

425 881 567 938 tum,
598 873 684 927 vel
721 872 1016 942 quemdam
1038 873 1228 928 alium.
1264 873 1440 930 Omne
1473 875 1620 930 enim
1648 875 1797 946 quod
1833 875 1912 940 lit,
1949 889 2009 930 se

431 965 610 1035 ipsum
643 965 932 1020 manifeste
959 981 1065 1020 non
1098 965 1279 1030 faciet,
1309 966 1554 1022 nondum
1582 967 1877 1030 exsistens,
1913 965 2010 1021 sed

429 1055 499 1109 ab
528 1056 638 1110 alio
663 1054 868 1110 factum
895 1063 999 1119 est,
1025 1055 1071 1110 si
1095 1056 1344 1124 exsistit;
1371 1057 1416 1111 si
1446 1065 1631 1112 autem
1662 1073 1774 1113 non
1803 1057 2009 1112 factum

427 1155 534 1213 est,
569 1163 751 1218 neque
784 1156 889 1203 est.
919 1147 1038 1202 Non
1083 1163 1218 1218 ergo
1269 1149 1338 1203 ab
1386 1148 1496 1203 alio
1534 1149 1712 1204 factus
1759 1158 1864 1214 est,
1915 1149 2012 1219 qui

429 1236 582 1292 solus
619 1236 962 1292 substantias
1009 1245 1160 1292 creat
1208 1244 1264 1291 et
1306 1237 1576 1292 naturalis
1617 1247 1706 1292 est
1747 1252 2010 1308 generum

431 1336 644 1391 auctor,
681 1328 776 1398 qui
806 1326 1014 1382 dicitur
1047 1343 1174 1396 pars
1213 1327 1360 1382 illius
1391 1329 1561 1383 totius
1593 1345 1606 1380 :
1639 1329 1709 1383 de
1743 1343 1854 1398 quo
1883 1343 2015 1383 con-

433 1420 706 1475 sentimus
726 1435 938 1474 omnes.
969 1418 1026 1474 Si
1061 1427 1247 1474 autem
1273 1419 1343 1473 ab
1371 1419 1465 1473 illo
1491 1419 1694 1474 factum
1727 1429 1812 1475 est
1837 1428 2016 1474 totuu

437 1511 594 1577 illud,
626 1521 682 1566 et
706 1526 846 1581 opus
869 1510 975 1566 erit
997 1511 1228 1566 alterius
1257 1527 1322 1566 ex
1353 1511 1469 1567 suis
1503 1511 1777 1588 partibus.
1804 1512 1878 1567 ita
1909 1513 2018 1566 erit

437 1614 498 1658 ut
540 1619 664 1674 pars
712 1604 767 1659 in
818 1613 935 1659 toto
975 1603 1393 1674 comprehensa.
1437 1619 1602 1660 causa
1642 1604 1744 1658 sub
1789 1605 2011 1670 etl'ectu,

435 1695 583 1766 quod
625 1707 709 1751 est
751 1695 1118 1766 impossibile.
1159 1694 1298 1750 Cum
1331 1695 1448 1750 haec
1478 1695 1590 1750 sint
1631 1695 2011 1765 impossibilia,

2111 503 2204 562 οὖν
2255 525 2310 563 τι
2366 508 2565 578 ,ἓτερον
2617 506 2770 578 αὖτῷ
2817 523 2880 560 τε
2934 507 3031 566 καὶ
3093 507 3177 578 τῷ
3227 508 3347 564 ,σὺν
3400 507 3578 578 αὐτῷ
3611 507 3734 562 Gn

2109 602 2186 665 ὡς
2243 601 2468 672 μέρεσιν
2517 601 2838 670 οέπιγένοιτο
2885 596 3025 665 εῐδος
3085 599 3213 656 ὅλου
3269 600 3464 666 τινὸς,
3494 599 3534 672 ἢ
3567 600 3732 655 αὑτὸ-ο

2109 691 2326 761 ἀνάγκη
2374 690 2536 746 τοῦτο
2609 691 3020 764 προϐάλλεσθαι
3078 691 3362 746 εἰδοποιδν
3425 691 3732 763 6280950-

2104 781 2401 843 ,καθολικὸν
2444 783 2547 844 καὶ
2593 782 3123 853 συνωμολογημένον
3177 783 3407 848 κοινῶς,
3445 785 3486 854 ἤ
3539 785 3733 854 Staph

2110 890 2235 931 τινα
2259 889 2274 905 ⁸
2304 873 2368 926 τὸ
2405 873 2516 946 γὰρ
2547 873 2838 944 γινόμενον
2889 875 3021 940 πᾶν,
3055 873 3219 944 δῆλον
3269 874 3354 938 ὡς
3407 875 3520 946 οὐχ
3567 876 3732 929 ἑαυτὸ

2114 966 2334 1037 ποιήσει
2383 967 2553 1037 μήπω
2603 965 2683 1028 ὅν,
2723 965 2841 1019 ἀλλ’
2884 965 2990 1020 ὑπό
3042 982 3191 1029 τινος
3247 967 3514 1034 ἱγένετο,
3573 969 3727 1038 ειπερ

2113 1057 2291 1112 ἐστίν’
2321 1057 2372 1110 εί
2398 1057 2455 1111 δὲ
2483 1058 2560 1128 μὴ
2589 1057 2830 1127 ἐγένετο,
2863 1057 2988 1111 οὐδὲ
3021 1057 3338 1126 εστιν.⁹Υφ’
3372 1059 3589 1130 ἑτέρου
3629 1060 3724 1130 μιν

2113 1143 2208 1202 οὖν
2253 1147 2355 1201 οὐκ
2408 1147 2477 1202 ἂν
2515 1146 2729 1217 γένοιτό
2785 1165 2970 1211 τινος·
3017 1148 3178 1219 μόνος
3205 1150 3321 1220 γὰρ
3353 1148 3512 1204 εἶναι
3545 1151 3724 1204 οὕστι-

2116 1239 2246 1310 στὴς
2286 1241 2381 1298 καὶ
2427 1241 2657 1310 φυσικὸς
2686 1241 2952 1305 εἰδοποιδς
2991 1241 3023 1294 δ
3065 1240 3412 1312 ὑποδληθεὶς
3440 1243 3530 1306 ὡς
3566 1243 3722 1315 μέρος

2113 1332 2250 1401 τῷδε
2287 1333 2366 1403 τῷ
2398 1333 2543 1405 ὅλῳ,
2596 1331 2948 1405 ὡμολόγηται
2995 1337 3130 1405 ἡμῖν
3175 1337 3349 1388 πᾶσιν
3375 1353 3393 1368 ’
3426 1337 3478 1388 εἰ
3527 1335 3592 1388 δὲ
3637 1336 3724 1390 ὑπ’

2115 1425 2283 1479 αὑτοῦ
2322 1425 2440 1478 τόδε
2500 1424 2698 1495 γέγονέ
2743 1442 2862 1489 πως
2901 1426 2980 1490 ὠς
3023 1425 3150 1479 ὅλον
3190 1443 3269 1489 τι,
3307 1427 3414 1480 καὶ
3471 1427 3592 1480 far-ab
3637 1428 3722 1481 τοῦ

2119 1515 2404 1582 ποιοῦντος
2455 1515 2587 1570 αὐτὸ
2616 1516 2695 1580 ὡς
2719 1517 2778 1584 ἐξ
2809 1517 2943 1570 ἰδίου
2972 1517 3172 1588 μέρους
3201 1518 3524 1586 γινόμενον
3552 1519 3640 1588 εἴη
3666 1521 3723 1572 se

2117 1607 2554 1679 ποίημα.Ἐσται
2597 1607 2709 1679 γὰρ
2753 1607 2820 1661 ἂν
2851 1607 3028 1671 οὕτως
3059 1609 3137 1672 ὡς
3173 1609 3348 1678 μέρος
3419 1612 3486 1663 ἐν
3513 1611 3598 1682 τῷ
3619 1612 3722 1680 ὅλῳ

2116 1701 2511 1772 περιεχόμενον
2538 1699 2600 1753 τὸ
2623 1698 2798 1754 αἴτιον
2838 1700 2944 1753 ὑπὸ
2971 1698 3068 1752 τοῦ
3099 1699 3384 1766 αἰτιατοῦ,
3411 1702 3567 1773 ὅπερ
3591 1702 3720 1756 ἁδύ-

437 1774 789 1844 inanifestum
835 1797 923 1844 est
968 1805 1079 1844 non
1131 1789 1354 1860 proprie
1403 1789 1510 1844 dici
1554 1806 1566 1842 :
1603 1789 1699 1844 sed
1729 1804 1852 1860 quae
1893 1805 2020 1859 pars

2135 1809 2304 1846 νατον.
2323 1791 2478 1844 Ἐπεὶ
2507 1789 2602 1845 οὖν
2645 1789 2773 1843 τάδε
2821 1791 3089 1850 ἀδύνατα,
3114 1789 3278 1859 δῆλον
3306 1793 3390 1854 ὡς
3421 1791 3486 1844 οὐ
3521 1791 3722 1862 κυρίως

437 1881 728 1937 constituit
755 1881 962 1936 dictum
995 1879 1201 1938 Christi
1237 1891 1434 1947 totum,
1465 1881 1558 1936 illa
1591 1890 1676 1936 est
1707 1897 1828 1952 quae
1857 1882 2016 1938 alteri

439 1971 709 2044 subjacet,
739 1973 794 2027 id
819 1982 924 2040 est,
953 1973 1191 2029 Verbum
1221 1973 1396 2037 carni,
1423 1989 1490 2029 ex
1517 1974 1738 2044 propria
1763 1973 2022 2030 substan-

441 2069 515 2124 tia
535 2077 592 2124 et
613 2083 712 2123 sua
737 2083 990 2138 persona,
1010 2083 1135 2123 cum
1161 2068 1253 2123 illa
1276 2077 1430 2138 parte
1451 2083 1574 2138 quae
1602 2084 1729 2122 cum
1764 2067 1885 2138 ipso
1911 2077 2018 2134 est,

441 2159 770 2222 substantia,
809 2158 1044 2224 scilicet,
1084 2158 1313 2224 carnali,
1347 2157 1501 2212 illum
1547 2157 1890 2213 constituens
1934 2165 2021 2212 to-

441 2259 580 2316 Um,
610 2250 750 2306 nihil
784 2250 968 2321 seipso
1006 2259 1101 2306 aut
1129 2252 1426 2320 conjuncta
1454 2249 1557 2306 sibi
1585 2258 1741 2321 parte
1769 2251 2023 2320 praebens

444 2351 540 2396 aut
583 2342 782 2396 melius
841 2353 936 2397 aut
980 2343 1159 2413 pejus.
1188 2343 1439 2405 Potestas
1482 2342 1631 2398 enim
1665 2358 1787 2413 quze
1819 2357 2023 2413 genera

443 2440 596 2486 creat
635 2429 773 2485 nulli
811 2431 1048 2500 seipsam
1096 2431 1152 2485 in
1193 2431 1432 2500 speciem
1475 2431 1828 2496 condonavit,
1861 2441 1922 2486 ut
1948 2433 2024 2487 ita

443 2521 647 2588 dicam,
675 2523 784 2578 nisi
827 2523 967 2594 parti
1015 2523 1122 2577 sibi
1169 2525 1499 2594 conjunctae,
1541 2525 1709 2579 homo
1738 2524 1880 2579 facta
1927 2541 2024 2595 per

443 2629 588 2680 eam,
613 2631 735 2670 eam
765 2624 951 2670 autem
980 2629 1081 2684 per
1113 2630 1172 2670 se
1194 2615 1366 2671 Deum
1394 2616 1626 2680 faciens,
1661 2617 1717 2671 in
1755 2625 2024 2687 quantum

447 2705 735 2776 possibile,
763 2721 867 2761 nec
890 2706 1052 2760 aliam
1077 2707 1317 2776 speciem
1350 2717 1532 2778 potest
1555 2707 1737 2764 facere
1765 2709 1945 2780 seipsa
1969 2719 2027 2767 et

449 2799 543 2854 illa
576 2798 881 2854 meliorem.
906 2797 1144 2855 Ubinam
1176 2799 1343 2871 igitur
1369 2800 1480 2855 erit
1507 2801 1656 2857 aliud
1689 2801 1822 2857 illud
1851 2810 2026 2858 totum

451 2891 508 2944 in
534 2887 758 2946 Christo
789 2898 989 2960 praeter
1025 2899 1317 2960 utramque
1365 2902 1576 2962 partem
1623 2892 2030 2965 excogitatum?

449 2981 521 3036 Et
558 2980 758 3036 exinde
792 2981 964 3036 .etiam
1005 2981 1208 3036 factum
1257 2990 1344 3038 est
1389 2983 1740 3041 manifestum
1785 2984 2025 3040 Verbum

2118 1883 2337 1951 λέγεται
2363 1899 2380 1914 ο
2409 1881 2548 1936 ἀλλὰ
2577 1881 2637 1936 τὸ
2671 1881 2988 1952 προαγαγὸν
3015 1882 3115 1952 τὴν
3142 1881 3464 1952 λεγομένην
3485 1883 3722 1954 Χριστσῦ

2118 1975 2349 2045 ὀλότητα
2370 1974 2558 2047 μέρος,
2585 1973 2718 2027 αὑτό
2747 1975 2896 2027 ἐστιν
2923 1972 2951 2026 ὃ
2979 1973 3271 2040 σύγκειται
3301 1973 3491 2052 ἑτέρῳ
3510 1991 3524 2004 ·
3560 1976 3724 2044 {nam

2119 2067 2147 2118 ὀ
2184 2067 2356 2134 Λόγος
2379 2068 2444 2135 τῇ
2479 2065 2644 2136 σαρκί
2666 2081 2681 2096 ·
2715 2063 2778 2117 ἔκ
2801 2081 2860 2118 τε
2885 2065 2986 2133 τῆς
3007 2064 3198 2127 οὐσίας
3212 2064 3418 2129 αὑτοῦ,
3449 2067 3551 2119 καὶ
3579 2067 3642 2118 ἐν
3659 2069 3724 2136 τῇ

2120 2154 2417 2208 ὑποστάσει
2443 2151 2630 2214 αὐτοῦ,
2662 2153 2781 2222 ἅμα
2803 2151 2879 2222 τῷ
2906 2152 3002 2206 σὺν
3029 2152 3179 2222 αὐτῷ
3205 2154 3395 2224 μέρει,
3425 2154 3606 2224 ἡγουν
3631 2153 3724 2222 τῆς

2121 2248 2393 2316 σαρκικῆς
2415 2244 2602 2308 οὐσίας
2622 2242 2830 2314 ταύτην
2853 2243 3119 2297 σονιστῶν
3135 2243 3237 2313 τὴν
3267 2244 3512 2314 όλότητα
3531 2261 3548 2275 ·
3577 2245 3722 2298 οὐδὲν

2123 2335 2284 2387 πλέον
2304 2333 2337 2404 ἢ
2359 2333 2578 2387 ἔλαττον
2598 2331 3037 2402 ἐπιδεικνύμενος
3061 2331 3258 2385 ἑαυτοῦ
3278 2335 3378 2386 καὶ
3399 2332 3500 2386 τοῦ
3519 2333 3622 2386 σὺν
3633 2334 3720 2387 αὖ·

2121 2425 2198 2496 τῷ
2227 2427 2286 2479 ὲν
2318 2423 2477 2497 αὐτῇ.
2519 2422 2581 2478 'll
2637 2423 2746 2493 γὰρ
2773 2423 3042 2486 είδοποιὸς
3071 2423 3330 2494 δύναμις,
3375 2426 3608 2496 ἑαυτὴν,
3651 2425 3718 2487 ὡς

2123 2518 2317 2582 εἰπεῖν,
2347 2517 2446 2588 οὐχ
2466 2516 2659 2588 ἑτέρῳ,
2686 2515 2802 2570 ἀλλ’
2833 2515 2984 2586 αὐτῷ
3000 2515 3080 2586 τῷ
3108 2517 3432 2570 συντεθέντι
3463 2519 3564 2570 σὺν
3590 2518 3712 2584 αὐτῇ

2127 2610 2306 2680 μέρει,
2341 2611 2422 2674 εἰς
2450 2606 2592 2674 εἶδος
2628 2607 2954 2679 κεχάρισται
2983 2625 2999 2640 ο
3036 2608 3516 2678 ἀνθρωπιζομένη
3545 2626 3607 2662 τε
3637 2608 3713 2661 διὰ

2123 2701 2299 2761 τοῦδε,
2345 2701 2434 2754 καὶ
2487 2699 2681 2754 θεοῦσα
2731 2701 2852 2754 τόδε
2907 2699 3030 2755 καθ’
3073 2699 3248 2770 αὐτὴν
3273 2701 3342 2753 δι’
3369 2701 3602 2770 ἑαυτῆς,
3632 2701 3716 2752 καὶ

2125 2793 2226 2862 οὐχ
2262 2791 2450 2863 ἓτερον
2495 2795 2767 2864 κρεῖττον,
2795 2791 2892 2849 καὶ
2923 2791 3122 2861 ἑαυτῆς
3153 2792 3250 2844 καὶ
3295 2792 3522 2844 ἐκείνου
3571 2791 3712 2857 mi-

2128 2897 2220 2934 σαι
2265 2881 2469 2952 ἔχουσα
2497 2875 2662 2944 εἶδος.
2713 2880 2839 2944 Πῶς
2886 2875 2982 2934 οὖν
3034 2880 3226 2950 ἕτερον
3259 2880 3428 2936 ἔσται
3453 2899 3510 2934 τι
3537 2880 3711 2950 φαινό-

2133 2990 2293 3044 μενον
2337 2973 2458 3027 ὅλον
2501 2974 2560 3026 έν
2611 2971 2837 3044 Χριστῷ
2889 2970 3012 3026 κατ’
3044 2973 3238 3026 οὐσίαν
3291 2975 3431 3043 παρ’
3457 2973 3712 3042 ἑκάτερος

450 3069 590 3126 illud
633 3070 884 3126 divinum
917 3072 1030 3142 jam
1062 3071 1362 3126 admissum
1416 3080 1478 3126 ut
1524 3089 1784 3144 generum
1834 3082 2024 3129 aucto-

2135 3065 2336 3120 Οὐκοῦν
2355 3065 2524 3134 σαφὲς
2545 3065 2837 3119 κάντεῦθεν
2861 3065 3182 3134 γεγένηται,
3218 3064 3299 3128 ὡς
3342 3066 3559 3120 10:0565
3592 3083 3714 3133 προ-

451 3178 593 3230 rem,
628 3171 837 3235 partem
887 3164 1261 3234 conjunctam,
1295 3164 1442 3220 idern
1486 3180 1609 3221 esse
1652 3173 1712 3221 et
1746 3175 1942 3220 natura
1974 3175 2030 3220 et

453 3271 689 3312 numero
722 3271 786 3312 ac
819 3256 1185 3326 compositum
1229 3257 1534 3312 secundum
1573 3257 1846 3312 diversam
1885 3258 2032 3330 cogi-

453 3348 720 3404 tationem
746 3347 954 3402 dictum
991 3356 1199 3414 totum;
1235 3356 1291 3402 et
1329 3347 1375 3402 si
1406 3349 1461 3402 in
1498 3362 1564 3402 eo
1593 3347 1837 3404 Verbum
1865 3364 1895 3404 a
1925 3350 2030 3405 Pa-

453 3441 637 3497 tribus
664 3441 874 3495 dictum
905 3447 991 3496 est
1024 3453 1172 3510 pars,
1205 3438 1386 3495 eidem
1417 3439 1640 3503 Christo
1673 3441 2030 3516 attribnetur,

455 3533 616 3604 cujus
642 3539 700 3587 et
740 3546 870 3601 pars
896 3539 952 3587 et
983 3539 1185 3597 totum,
1215 3532 1311 3602 qui
1341 3533 1490 3588 Deus
1522 3532 1848 3606 intelligitur
1881 3545 2034 3590 utro-

455 3623 622 3692 bique
646 3622 856 3692 pariter
881 3623 1179 3694 perfectus,
1201 3623 1416 3679 etiamsi
1443 3623 1776 3696 quandoque
1807 3635 2035 3696 propter

457 3713 917 3785 signiﬁcationem
945 3715 1239 3788 utriusque
1271 3715 1463 3787 partis,
1501 3725 1678 3770 totum
1713 3717 1876 3772 dieue
1917 3717 2036 3775 fue-

459 3805 574 3862 rint
595 3806 718 3863 duae
747 3816 934 3880 partes
964 3807 1128 3865 simul
1159 3819 1412 3880 sumptae,
1451 3825 1580 3881 pars
1616 3825 1748 3866 vero
1777 3826 2037 3881 unaquae-

459 3911 568 3967 que
599 3912 791 3953 earum
827 3899 1058 3954 seorsim
1093 3907 1332 3970 sumpta.

533 4073 815 4130 Immerito
849 4074 1016 4146 igitur
1045 4075 1208 4132 nobis
1251 4075 1534 4146 opponitis
1579 4085 1754 4132 totum
1803 4065 2038 4135 alterius

461 4167 678 4238 generis
713 4182 836 4222 esse
871 4183 902 4222 a
946 4167 1196 4237 partibus
1226 4175 1454 4239 propter
1482 4169 1950 4241 conjunctionem,
1982 4180 2040 4226 et

462 4271 667 4311 novum
693 4271 982 4312 numerum
1013 4256 1300 4314 inducitis.
1325 4257 1387 4314 Si
1411 4258 1584 4324 enim,
1614 4267 1674 4314 ut
1698 4259 1906 4316 dictum
1931 4271 2036 4326 est,

465 4355 641 4402 totum
672 4347 808 4403 illud
835 4356 919 4404 est
940 4349 1304 4414 numerabile,
1331 4350 1461 4420 quia
1489 4351 1636 4420 quod
1667 4351 1875 4408 indicat
1907 4368 2040 4408 con-

2130 3156 2388 3228 ωμολογη
2395 3157 2560 3227 μένου
2581 3156 2849 3210 εἰδοποιοῦ
2865 3157 3043 3226 Λόγου
3061 3157 3229 3220 θείου,
3252 3157 3348 3210 τοῦ
3375 3157 3714 3227 συντεθειμέ-

2131 3265 2224 3325 νου
2257 3247 2483 3319 μέρους,
2512 3248 2712 3302 ταυτὸν
2755 3250 2820 3319 τῇ
2849 3247 3009 3316 φύσει
3044 3247 3142 3302 καὶ
3188 3247 3269 3318 τῷ
3317 3247 3548 3320 ἀριθμῷ
3576 3248 3714 3301 ἔσται

2132 3340 2228 3395 καὶ
2264 3339 2326 3394 τὸ
2372 3339 2514 3394 κατὰ
2563 3338 2822 3411 διάφορον
2855 3339 3104 3394 ἐπίνοιαν
3152 3339 3467 3409 ὀνομασθὲν
3498 3341 3620 3394 ὅλον
3659 3339 3715 3391 τι

2135 3429 2390 3485 σύνθετον
2410 3445 2425 3461 ο
2455 3428 2561 3484 κᾶν
2593 3429 2760 3500 μέρος
2791 3430 2848 3483 ἐν
2881 3430 3081 3500 αὑτῷό
3112 3430 3289 3498 Λόγος
3320 3430 3551 3502 εἴρηται
3581 3427 3711 3484 εἶναι

2131 3523 2245 3585 τοῖς
2317 3521 2627 3590 Πατράσιν’
2681 3523 2776 3574 καὶ
2827 3519 2922 3576 τοῦ
2969 3521 3150 3578 ,αὑτοῦ
3202 3523 3710 3597 κατηγορηθήσεται

2132 3611 2396 3684 Χριστοῦ,
2426 3611 2548 3666 καθ’
2576 3607 2638 3667 οὗ
2674 3613 2770 3667 καὶ
2797 3613 2856 3666 τδ
2885 3613 3052 3685 μέρος
3082 3614 3181 3668 καὶ
3207 3613 3266 3668 τὸ
3297 3615 3422 3668 ὅλον
3444 3633 3461 3647 ·
3493 3617 3568 3685 ὼς
3587 3615 3712 3671 θεοῦ

2135 3702 2408 3773 ἑκατέρως
2441 3702 2734 3776 νοουμένου
2767 3703 2909 3756 ὡσα⁶
2930 3719 3027 3766 τως
3058 3702 3265 3756 τελείου
3286 3719 3303 3733 ο
3348 3705 3398 3757 εί
3451 3707 3550 3759 καὶ
3594 3706 3717 3759 ποτὲ

2138 3795 2240 3866 μὲν
2260 3792 2348 3848 διὰ
2375 3794 2477 3864 τὴν
2517 3794 2795 3865 σημασίαν
2819 3793 2912 3866 τὴι
2956 3793 3086 3864 περὶ
3121 3795 3387 3866 ἑκατέρου
3415 3796 3531 3850 τῶν
3559 3799 3619 3850 ἐν
3644 3795 3718 3865 τῷ

2138 3887 2402 3959 συνθέτῳ,
2450 3887 2572 3942 ὅλον
2616 3887 2680 3941 τὸ
2739 3885 3174 3956 συναμφότερον,
3208 3888 3378 3958 μέρος
3405 3888 3467 3943 δὲ
3500 3887 3719 3960 θάτερον

2140 3977 2298 4048 μόνον
2322 3976 2432 4032 τῶν
2464 3975 2628 4031 αὐτοῦ
2663 3976 2900 4046 εἴρηται.

2208 4068 2322 4122 Οὐκ
2352 4066 2527 4139 ὀρθῶς
2572 4060 2666 4120 οὖν
2713 4067 2848 4137 ἡμῖν
2880 4063 3144 4135 συνάγετε
3173 4067 3236 4119 τὸ
3262 4068 3608 4138 έτεροούσιον
3633 4065 3718 4120 τοῦ

2136 4161 2260 4216 ὅλου
2291 4160 2429 4232 πρὸς
2470 4159 2540 4212 τὰ
2580 4159 2723 4230 μέρη
2765 4157 2856 4212 διὰ
2885 4160 2984 4228 τὴν
3015 4158 3296 4212 σύνθεσινο
3335 4161 3431 4212 καὶ
3458 4159 3719 4230 νεώτερον

2139 4253 2370 4324 ἀριθμὸν
2397 4251 2693 4323 καθορᾶτε.
2727 4250 2790 4304 El
2820 4249 2930 4322 γὰρ
2976 4251 3073 4306 καὶ
3097 4250 3173 4314 ὡς
3194 4250 3390 4304 λεκτὸν
3417 4251 3716 4325 ἀριθμητός

2140 4346 2258 4398 ἐστι
2305 4342 2424 4396 τόδε
2482 4343 2546 4395 τὸ
2594 4342 2716 4396 ὅλον
2773 4338 2871 4394 τοῦ
2947 4341 3359 4412 σημαινομένου
3393 4341 3502 4411 τῆς
3538 4341 3713 4396 συνθέ-

459 4437 806 4506 junctionem
845 4444 1015 4492 totam
1063 4437 1134 4492 ab
1165 4437 1446 4508 aliquibus
1476 4439 1632 4509 quasi
1683 4447 1859 4496 totum
1899 4441 2028 4498 dici-

2139 4453 2276 4500 σεως
2314 4435 2518 4504 πάσης,
2547 4431 2623 4496 ὡς
2645 4431 2768 4486 ὅλου
2797 4431 3096 4502 λεγομένου
3127 4431 3290 4492 τισὶν,
3326 4431 3391 4485 οὗ
3421 4432 3716 4502 προσθήσει

466 4537 579 4592 tur,
615 4542 726 4582 non
757 4527 818 4582 ﬁt
859 4543 958 4598 per
984 4529 1325 4584 additionem
1368 4528 1436 4583 ad
1467 4545 1759 4585 numerum
1799 4532 2028 4602 partium

2137 4527 2218 4598 τῷ
2260 4523 2479 4598 ἀριθμῷ
2511 4523 2620 4578 τῶν
2672 4523 2976 4595 όμοουσίων
3019 4523 3115 4576 καὶ
3159 4523 3464 4593 ὕπαρκτῶν
3517 4524 3713 4595 μερῶν.

468 4617 733 4673 similium
771 4627 830 4673 et
872 4619 1098 4674 realiter
1124 4620 1533 4676 exsistentium.
1566 4622 1689 4678 Non
1722 4624 1870 4678 enim
1915 4640 2028 4680 cum

2141 4619 2278 4674 Οὐδὲ
2304 4619 2414 4690 γὰρ
2467 4617 2592 4673 ἐπεὶ
2625 4616 2770 4670 κατὰ
2801 4615 3091 4686 διαφόρους
3141 4615 3391 4682 ἐπινοίας
3447 4617 3580 4684 περὶ
3629 4612 3714 4665 τοῦ

471 4707 776 4765 secundum
822 4709 1076 4765 diversos
1119 4719 1424 4780 respectus,
1472 4713 1672 4770 accidit
1705 4715 1876 4770 multa
1921 4729 2028 4770 esst

2143 4709 2306 4766 αὑτοῦ
2339 4707 2655 4780 ωμὸέὸηκε
2685 4706 3037 4777 πολυωνυμία
3060 4705 3191 4758 ποτὲ
3221 4708 3315 4759 καὶ
3346 4705 3559 4774 πληθύς
3581 4707 3716 4758 ἔστιν

472 4798 694 4854 nomina
739 4800 906 4854 unius
965 4800 1326 4872 ejusdemque
1366 4801 1468 4868 rei,
1527 4811 1584 4859 et
1635 4805 2028 4860 numerosiores

2144 4799 2378 4873 ἀριθμοῦ
2404 4798 2518 4852 ’τῶν
2544 4797 2690 4854 κατὰ
2716 4796 2814 4851 τοῦ
2843 4795 3007 4852 αὐτοῦ
3033 4797 3151 4860 ἐνὸς
3195 4795 3530 4867 πράγματος
3573 4796 3720 4862 λεγο-

467 4899 604 4946 sunt
654 4891 824 4946 unius
872 4891 1298 4963 appellationes,
1351 4895 1505 4951 verbi
1557 4895 1764 4966 gratia,
1817 4895 2043 4964 Simon,

472 4983 692 5048 Petrus,
719 4983 954 5056 Cepbas,
983 4983 1272 5052 Bar-Jona,
1327 4987 1633 5058 apostolus,
1667 4987 1886 5044 Domini
1931 4989 2047 5044 dis-

471 5076 709 5148 cipulus,
757 5085 948 5133 sancta
989 5077 1085 5133 Dei
1132 5077 1392 5134 Ecclesia:
1436 5079 1714 5152 magister,
1759 5080 1873 5152 jam
1922 5077 2049 5135 ideo

471 5169 900 5226 existimandum
963 5178 1050 5226 est
1113 5170 1349 5242 subjecti
1409 5169 1558 5228 illius
1613 5181 1670 5230 et
1726 5173 1891 5228 unius
1952 5173 2053 5229 hoc

473 5262 640 5318 minis
675 5253 759 5318 sic
811 5263 1050 5334 appellat
1113 5263 1472 5334 multiplicari
1523 5280 1758 5321 nurnero
1805 5265 2055 5321 substan-

475 5354 582 5408 tias
630 5363 692 5410 et
740 5368 1037 5424 personas,
1097 5367 1280 5424 neque
1346 5370 1474 5410 eum
1529 5369 1562 5410 a
1625 5355 1808 5426 seipso
1867 5355 2054 5412 diver-

475 5460 596 5500 sum
621 5460 854 5500 numero
877 5443 1184 5501 secundum
1207 5456 1462 5502 naturam
1481 5455 1540 5502 et
1561 5462 1885 5518 personam;
1912 5446 2056 5502 sicut

479 5535 648 5606 igitur
671 5536 930 5607 discipuli
956 5545 1015 5592 et
1039 5537 1288 5606 magistri
1318 5538 1374 5592 in
1399 5537 1638 5594 diversis
1662 5538 1926 5610 subjectis
1951 5554 2055 5594 no-

481 5625 696 5679 minum
727 5641 795 5682 ex
825 5626 1080 5684 confesso
1113 5627 1304 5683 din‘ert
1334 5627 1688 5700 signiﬁcatio,
1721 5629 1799 5684 ita
1833 5644 2055 5702 quoque

483 5715 640 5784 ejus.
673 5715 947 5773 Praeterea
997 5717 1258 5786 dicimus,
1296 5726 1510 5790 partem
1554 5721 1947 5793 coniunctam,
1996 5721 2053 5777 id

2150 4895 2325 4966 μένων
2351 4891 2632 4962 ὀνομάτων
2653 4906 2670 4922 ⁸
2706 4883 2820 4944 οἷον
2861 4890 3064 4960 Σίμων,
3098 4889 3324 4960 Πέτρος,
3358 4891 3582 4958 Κηφᾶς,
3615 4889 3719 4955 Bap

2160 4985 2331 5048 Ἰωνᾶ,
2365 4981 2684 5048 ἀπόστολος,
2726 4981 2977 5053 μαθητής
3008 4998 3068 5035 τε
3101 4981 3196 5036 τοῦ
3243 4982 3474 5054 Κυρίου,
3509 4982 3608 5036 καὶ
3645 4980 3720 5034 διο

2149 5077 2415 5141 δάσκαλος
2441 5077 2544 5147 τῆς
2573 5077 2734 5145 ἁγίας
2776 5076 2872 5130 τοῦ
2919 5073 3058 5129 Θεοῦ
3104 5073 3454 5143 Ἐκκλησίας,
3489 5073 3592 5144 ἠδη
3639 5074 3722 5127 διὰ

2147 5171 2290 5236 τάδε,
2322 5169 2418 5224 καὶ
2445 5167 2539 5222 τοῦ
2592 5169 2958 5238 ὑποκειμένου
3004 5165 3170 5224 αὐτοῦ
3205 5167 3300 5222 καὶ
3325 5165 3724 5237 ὀνομαζομένου

2152 5261 2270 5326 ἑνὸς
2301 5259 2590 5333 ἀνθρώπου
2623 5262 2714 5316 τὸν
2748 5260 2985 5332 ἀριθμὸν
3005 5263 3088 5325 είς
3124 5261 3314 5326 οὐσίας
3342 5262 3377 5332 ἢ
3405 5262 3724 5324 ὑποστάσεις

2153 5351 2632 5424 συμπληθύνεσθαι
2654 5351 2895 5422 νοητέον,
2919 5352 3042 5406 οὑδὲ
3063 5352 3344 5424 διαφέρειν
3368 5352 3569 5406 ἑαυτοῦ
3595 5353 3728 5406 κατὰ

2152 5445 2246 5500 τὸν
2279 5444 2508 5515 φυσικὸν
2545 5444 2578 5515 ἦ
2613 5444 2980 5498 ὑποστατικδν
3032 5444 3269 5516 ἀριθμόν
3290 5439 3314 5474 ·’
3341 5443 3520 5507 οὕτως
3547 5443 3726 5513 ὥσπερ

2154 5540 2188 5610 ἡ
2218 5537 2314 5592 τοῦ
2342 5535 2588 5609 μαθητοῦ
2619 5537 2716 5591 καὶ
2743 5535 3064 5591 διδασκάλου
3087 5539 3145 5591 ὲν
3168 5539 3284 5601 τοῖς
3307 5537 3587 5606 διαςόροις
3610 5540 3728 5605 ὅμο-

2156 5627 2500 5699 λογουμένως
2531 5625 2913 5696 ὑποκειμένοις
2941 5625 3224 5696 ὀνομάτων
3264 5627 3435 5682 αὐτοῦ
3463 5626 3728 5698 διενήνοχε

2166 5719 2435 5794 σημασία.
2461 5717 2603 5791 Πρὸς
2635 5715 2846 5780 τούτοις
2874 5717 2933 5774 δέ
2957 5734 3157 5789 φαμεν,
3188 5719 3287 5773 καὶ
3311 5717 3454 5772 ὥστε
3486 5718 3649 5790 μέρος
3672 5717 3726 5769 τὶ
