3876 6310
119 327 277 398 Ῑῦἳθ
1142 345 1540 409 ADVERSUS
1576 346 1720 410 NES

1830 350 2124 415 RIANOS.
2152 380 2220 389 -
2245 357 2393 418 LIB.
2438 358 2522 418 II.
3310 366 3445 431 1530

113 452 200 519 ὥς
227 471 434 527 φαμεν
465 456 578 511 οὑκ
630 457 782 529 ἔχειν
836 458 868 529 ἢ
902 459 1201 531 κεκτῆσθαι
1231 463 1384 517 τόνδε
1411 464 1533 517 τινὰ
1558 465 1722 536 πολλὴ

1830 472 2099 528 .sus:inet
2150 487 2343 530 contra
2392 492 2578 530 rerum
2626 484 2888 543 eventus,
2937 488 2998 534 ut
3050 481 3106 536 in
3157 483 3443 555 Scriptum

112 545 472 603 ὑπόστασιν.
508 550 763 619 Λέγεται
791 550 847 604 δὲ
881 550 1200 617 ὑπόστασις,
1230 556 1324 608 καὶ
1350 556 1409 609 τὸ
1430 559 1722 628 καρτερικὲ

1864 579 2017 620 sacra
2063 566 2272 621 dicitur
2299 586 2313 621 :
2342 567 2411 622 Et
2455 583 2605 623 nunc
2650 584 2773 639 qum
2800 578 2887 625 est
2919 576 3255 642 exspectatio
3283 545 3444 632 inea?

111 637 218 693 καὶ
251 639 363 693 οὑκ
392 641 844 695 εὑκατάπτωτον
863 681 878 706 ,
926 640 1043 695 ἀλλ’
1073 643 1475 715 ὑπομονητικὸν
1529 648 1663 719 πρὸς
1691 666 1721 702 τ

1861 670 2044 711 nonne
2079 657 2394 713 Dominus?
2420 660 2488 715 Et
2518 678 2531 713 :
2562 637 2884 732 Hypostasis
2907 637 3049 726 mea,
3080 681 3263 721 nonne
3294 669 3441 739 apud

110 731 523 802 ιπερχόμενα,
556 733 763 796 καθὼς⁶
782 732 1000 804 εἴρηται
1029 736 1093 805 τῇ
1120 735 1253 807 ἁγίᾳ
1276 737 1468 809 Γραφῇ
1494 754 1510 768 ο
1531 740 1639 793 Καὶ
1665 739 1722 792 νῦ

1860 748 1952 803 te?
1978 748 2189 804 Dicitur
2220 751 2446 822 insuper
2470 731 2800 823 hypostasis,
2833 758 3167 812 narrationis
3196 768 3291 814 aut
3315 731 3445 815 sim-

103 820 203 882 τές
249 822 288 893 ἡ
352 822 629 893 ὑπομονὴ
663 842 763 892 μου
791 842 805 893 ;
846 825 967 895 οὐχὶ
1001 825 1245 897 Κύριοςς
1276 831 1426 900 καὶὴ
1460 831 1722 885 ὑπόστασί

1857 824 2080 909 pliciter
2108 820 2382 898 sermonis
2419 820 2638 903 initium
2687 848 2980 916 separatim
3017 858 3073 904 et
3106 865 3217 904 non
3262 852 3316 907 in
3355 852 3443 907 in-

110 928 224 981 μου
257 913 393 982 οὑχὶ
427 914 600 985 παρὰ
631 915 728 968 σοῦ
768 918 920 983 ἐστι;
959 917 1195 984 Λέγεται
1222 920 1278 971 δὲ
1308 921 1631 983 ὑπόστασις.
1663 938 1722 973 κα

1858 938 2030 1001 tegro,
2066 942 2125 986 ut
2150 933 2354 987 dicitur
2378 935 2433 989 in
2464 935 2566 990 hac
2597 913 2874 1008 hypostasi
2902 939 3268 1009 glo'riationis.
3296 943 3441 998 Dici-

104 1005 141 1072 ἡ
178 1004 340 1067 τινος
367 1005 739 1077 διηγήματος
780 1009 813 1079 ἢ
862 1010 1048 1073 ἁπλῶς
1077 1010 1237 1078 λόγου
1271 1011 1545 1074 ἰδιάζουσα
1573 1012 1665 1065 καὶ
1693 1029 1719 1065 ο

1857 1029 1947 1076 tur
1972 1033 2235 1092 praterea
2264 1022 2573 1096 bypo’stnsis
2602 1004 2757 1094 ﬁdes,
2785 1004 2940 1099 quasi
2968 1032 3253 1099 cuiusdam
3284 1050 3439 1088 com-

106 1095 367 1149 καθόλου
389 1097 547 1151 οὖσα
576 1101 850 1169 πρότασις
870 1116 884 1131 ·
908 1101 982 1162 ὡς
1012 1100 1073 1152 τὸ
1093 1098 1388 1169 λεγόμενον
1405 1105 1463 1154 ὲν
1484 1101 1655 1172 ταύτῃ
1682 1106 1722 1171 τῇ

1830 1100 2244 1181 ντείιεηείοἰιίε
2301 1112 2533 1171 scientia
2587 1125 2644 1171 et.
2701 1134 2842 1188 pene
2912 1123 3239 1190 occupatio,
3297 1127 3440 1180 sicut

106 1187 445 1241 ὑποστάσει
480 1190 592 1258 τῆς
635 1192 977 1263 καυχήσεως.
1004 1192 1237 1259 Λέγεται
1279 1192 1337 1245 δὲ
1370 1194 1467 1246 καὶ
1493 1195 1526 1263 ή
1561 1194 1717 1247 πίστι

1853 1201 2060 1270 dictum
2097 1214 2183 1259 est
2214 1223 2226 1258 :
2261 1205 2412 1260 Fides
2456 1216 2531 1261 est
2573 1187 2965 1278 sperandarum
3016 1187 3311 1284 hppostasis
3356 1235 3440 1273 re-

108 1279 445 1342 ὑπόστασις
479 1275 579 1334 οἷα
615 1281 678 1351 δή
713 1298 857 1345 τινος
902 1282 1262 1351 καταλήψεως
1287 1275 1422 1379 circa
1464 1285 1722 1355 ὲπιστήμ·

1854 1309 1975 1347 rum
2007 1296 2045 1348 '.
2081 1297 2296 1351 Dicitur
2341 1275 2655 1370 bypostas’is
2685 1311 2740 1356 et
2770 1275 3095 1373 promissio,
3121 1307 3279 1377 quasi
3313 1325 3438 1379 spes

102 1384 170 1421 τε
202 1368 312 1420 καὶ
346 1348 697 1432 ἐπίστασις-ο
734 1370 914 1431 καθὼς
939 1348 1389 1440 εἰ¹ρητςιιί,¹’ἒ.ὀ³¹ίι“⁸
1412 1370 1481 1423 δὲ
1517 1348 1722 1437 πίστις

2342 1348 2446 1370 --π
2474 1348 2654 1356 .-η--.-
2686 1348 2740 1356 ν-
2772 1348 3090 1373 ,..ν.......,.ν,
3162 1348 3279 1363 ..ι-ο.
3313 1348 3339 1363 ο
3379 1348 3436 1365 ω

1851 1386 2017 1441 alicui
2054 1388 2123 1443 ab
2155 1389 2342 1459 aliquo
2377 1391 2503 1446 data
2553 1402 2610 1447 et
2639 1392 2994 1462 conﬁrmata,
3042 1348 3185 1452 sicut
3227 1348 3436 1456 dictbm

104 1459 562 1528 ἐλπιζομένων
612 1461 972 1527 ὑπόστασις.
1018 1463 1255 1529 Λέγεται
1299 1462 1618 1527 ὑπόστασις,
1655 1480 1722 1516 κα

1850 1487 1935 1531 εει
1968 1496 1979 1531 :
2010 1479 2124 1533 Nisi
2161 1496 2377 1535 mecum
2411 1484 2639 1537 veniant
2682 1484 3010 1542 Macedones
3042 1498 3099 1543 et
3141 1505 3240 1546 vos
3284 1491 3438 1547 inve-

106 1555 143 1623 ὴ
182 1554 540 1623 ὑπόσχεσις,
587 1554 663 1615 ὡς
690 1555 796 1607 ὑπό
822 1571 966 1617 τινος
996 1553 1213 1609 τεθείσά
1240 1572 1347 1609 τινι
1381 1556 1477 1609 καὶ
1514 1556 1717 1624 ὑφιστα

1849 1569 2007 1623 niant
2051 1572 2369 1642 imparatos,
2400 1575 2801 1633 erubescamus
2837 1594 2958 1646 nos,
2995 1595 3064 1635 ne
3097 1580 3345 1639 dicamus
3376 1585 3433 1640 in

110 1646 265 1715 μένη
297 1646 499 1708 ἐλπὶς,
538 1645 726 1709 καθὼς
750 1648 1002 1716 εἴρηται·
1037 1647 1248 1716 Μήπως
1291 1647 1386 1700 ἐὰν
1410 1647 1607 1700 ἔλθωσι
1646 1648 1722 1699 air

1851 1658 1953 1716 hac
1979 1663 2259 1733 liypostasi
2288 1682 2299 1717 :
2328 1665 2452 1733 quis
2470 1674 2675 1730 autem,
2701 1668 2901 1738 inquit,
2928 1672 3211 1739 promissre
3242 1689 3431 1730 eorum

103 1738 246 1805 ἐμοὶ
272 1738 613 1799 Μακεδένες
639 1738 731 1790 καὶ
759 1736 993 1806 εὑρωσιν
1025 1739 1170 1807 ὑμᾶς
1198 1740 1741 1809 ἀπαρασκευάστους,

1851 1754 2223 1809 benedictioni
2270 1757 2423 1811 erat?
2487 1757 2698 1812 Dicitur
2751 1759 3092 1830 bypostasis,
3146 1765 3229 1818 vel
3285 1766 3433 1822 basis

108 1828 645 1899 καταισχυνθῶμεν
698 1832 881 1899 ἡμεῖς,
938 1830 1025 1881 ἴνα
1072 1829 1144 1899 μὴ
1193 1829 1443 1899 λέγωμεν
1474 1831 1653 1899 ὑμεῖς,
1681 1832 1722 1881 si

2567 1811 2575 1812 ,
2617 1811 2648 1812 η
2791 1811 3092 1830 πωπω,
3156 1811 3229 1818 .--
3285 1811 3428 1822 -..ω

1842 1846 2007 1900 alicui
2036 1847 2347 1915 subiacens,
2377 1846 2523 1901 sicut
2548 1847 2758 1902 dictum
2790 1857 2876 1903 est
2902 1866 2916 1902 :
2943 1850 3231 1907 demersus
3263 1865 3347 1909 est
3374 1856 3428 1909 in

106 1923 180 1991 τῇ
218 1922 552 1975 ὑποστάσει
581 1918 753 1991 ταύτῃ
780 1936 793 1950 ο
819 1921 901 1982 τίς
929 1920 985 1973 δὲ
1018 1916 1107 1991 ἦν,
1155 1920 1312 1989 φησί,
1346 1923 1411 1991 τῇ
1450 1937 1735 1990 προεπηγ-

108 2010 376 2084 γελμένῃ
409 2012 605 2064 αὑτῶν
649 2011 870 2082 εὐλογίᾳ
902 2029 917 2077 ;
956 2011 1189 2078 Λέγεται
1222 2011 1538 2075 ὑπόστασις,
1576 2016 1670 2065 καὶ
1702 2014 1735 2083 ἠ

112 2104 287 2174 βάσις
325 2106 363 2175 ὴ
416 2104 771 2174 ὑποκειμένη
811 2107 877 2174 τῇ
928 2104 1118 2157 στάσει
1168 2103 1321 2157 τοῦδέ
1359 2121 1521 2167 τινος,
1547 2103 1736 2175 ῶσπερ

110 2196 392 2267 εἴρηται·
441 2192 761 2261 Ἐνεπόιγην
812 2194 893 2255 εἰς
928 2193 1058 2261 ὕλην
1104 2192 1267 2262 βυθοῦ
1311 2196 1406 2246 καὶ
1442 2194 1542 2246 οὑκ
1589 2194 1736 2247 ἔστιν

112 2287 470 2349 ὑπόστασις.
510 2286 746 2354 Λέγεται
798 2287 1129 2348 ὑπόστασις,
1171 2286 1266 2338 καὶ
1308 2286 1340 2353 ἠ
1380 2285 1694 2349 ἀντίστασις
1719 2301 1732 2315 ·

110 2376 194 2440 ῶς
225 2376 292 2429 τὸ
329 2378 393 2429 ὲν
436 2375 522 2445 τῷ
570 2375 974 2446 Δευτερονομίῳ
1013 2377 1303 2446 εἰρημένον
1359 2375 1466 2430 ὑπὸ
1526 2378 1734 2446 Μωῦσῆ

110 2469 256 2537 περὶ
292 2467 394 2519 τοῦ
432 2466 571 2520 λαοῦ
594 2483 607 2496 ·
641 2464 774 2533 Πῶς
811 2466 1149 2535 δυνήσομαι
1197 2467 1399 2537 φέρειν
1443 2466 1561 2535 τὴν
1590 2470 1737 2523 ὑπό-

109 2572 367 2613 στασιν
396 2560 509 2613 καί
540 2559 892 2628 ἀντιλογίαν
930 2557 1133 2627 ὐμῶν;
1162 2559 1400 2626 Λέγεται
1436 2559 1736 2621 ὑπόστασις

113 2655 218 2711 καὶ
245 2657 283 2725 ὴ
322 2653 675 2716 κατάστασις
695 2670 710 2685 ο
743 2652 819 2714 ὡς
850 2653 911 2706 τὸ
941 2653 997 2703 ἐν
1041 2652 1293 2724 Ἑξεκιὴλ
1326 2653 1456 2722 περὶ
1481 2652 1574 2706 τοῦ
1607 2653 1735 2707 ναοῦ

122 2748 442 2818 εἰρημένον
471 2762 485 2776 ·
538 2744 650 2799 Καὶ
702 2743 1055 2812 myrarum
1108 2742 1218 2797 τὸν
1274 2740 1446 2798 οἷκον
1493 2743 1589 2797 καί
1625 2742 1739 2811 τὴν

118 2835 503 2905 ἐτοιμασίαν
532 2834 741 2899 αὐτοῦ,
792 2834 890 2887 καί
938 2833 1048 2899 τὰς
1098 2833 1380 2900 εἰσόδους
1411 2834 1599 2888 αὐτοῦ
1639 2832 1737 2887 καί

118 2933 237 2995 τὰς
296 2928 566 2992 ἐξόδους
615 2926 825 2991 αὑτοῦ,
850 2924 949 2979 καί
1003 2926 1119 2992 τὴν
1142 2929 1491 2981 ὑπόστασιν
1521 2926 1730 2981 αὐτοῦ.

123 3020 379 3087 Λέγεται
413 3019 716 3074 ὑπόστασις
768 3016 869 3067 καὶ
909 3016 943 3084 ἡ
989 3014 1151 3067 τινῶν
1200 3016 1509 3085 προσώπων
1543 3019 1736 3088 ὁμοου-

1838 1936 2176 2006 profundum
2211 1938 2412 2008 abyssi,
2449 1947 2504 1992 et
2541 1954 2651 1993 non
2699 1949 2783 1994 est
2830 1940 3161 2011 hypostasis.
3216 1945 3431 2001 Dicitur

1839 2027 2149 2098 hypostasis
2178 2038 2234 2083 et
2265 2029 2563 2097 Oppositio,
2600 2028 2745 2083 sicut
2793 2031 2849 2083 in
2893 2031 3320 2088 Deutcronomio
3359 2037 3428 2092 de
3518 2036 3524 2041 ’

1838 2120 2043 2190 populo
2076 2136 2106 2175 a
2138 2120 2320 2191 Moyse
2353 2121 2564 2173 dictum
2596 2130 2680 2175 est
2713 2138 2725 2174 :
2760 2120 2873 2187 Quo
2904 2124 3056 2176 modo
3080 2134 3261 2193 potero
3289 2127 3427 2195 ferre

1837 2213 2160 2283 hypostasim
2214 2218 2262 2264 et
2320 2210 2789 2291 contradictionem
2848 2224 3079 2267 vestram
3107 2214 3163 2268 “.7
3213 2216 3428 2273 Dicitur

1838 2291 2148 2375 hypostasis
2198 2310 2255 2357 et
2298 2302 2472 2369 situs,
2518 2311 2578 2356 ut
2626 2301 2681 2355 in
2730 2303 3019 2359 Ezechiele
3057 2306 3264 2361 dictum
3293 2318 3422 2364 est:

1838 2395 1907 2449 Et
1937 2394 2190 2449 describes
2216 2394 2433 2447 domum
2463 2402 2512 2446 et
2540 2394 2652 2463 ejus
2688 2397 3136 2465 praeparationem
3164 2406 3211 2450 et
3248 2399 3428 2453 aditu:

1839 2497 1889 2542 et
1915 2491 2085 2543 exitus
2111 2499 2160 2543 et
2202 2488 2526 2560 hypostasim
2551 2487 2592 2540 ⁵.
2622 2486 2836 2542 Dicitur
2863 2490 3173 2560 bypostasis
3200 2498 3256 2545 et
3284 2508 3423 2561 qua-

1838 2579 2088 2634 rumdam
2127 2577 2680 2633 consubstantialium
2738 2594 3129 2648 personarum,
3179 2582 3265 2636 vel
3310 2597 3421 2637 non

1838 2658 2389 2726 cons'ubstantialiun’i
2418 2671 2654 2725 invicem
2681 2672 3131 2726 convenientium
3161 2688 3421 2744 congres-

1822 2781 1954 2829 sus,
2001 2765 2144 2819 sicut
2193 2764 2403 2819 dictum
2432 2772 2514 2818 est
2548 2780 2561 2817 :
2592 2763 2860 2823 Exierunt
2884 2764 2987 2817 viri
3031 2782 3094 2819 ex
3142 2766 3422 2837 hypostasi

1837 2857 2292 2926 alienigenarum.
2339 2856 2407 2908 Et
2429 2870 2591 2924 quem
2631 2869 2853 2908 sensum
2884 2871 2983 2910 vos
3037 2857 3152 2911 sive
3183 2858 3424 2913 scienter

1839 2950 1955 3004 sive
2015 2963 2084 3002 ex
2144 2942 2455 3017 ignorantia
2526 2945 2993 3014 prmtermisistis,
3047 2946 3117 3000 ad
3170 2947 3421 3001 eamdem

1839 3041 2020 3095 ideam
2063 3038 2177 3093 fere
2224 3038 2616 3107 pertinentem,
2644 3035 2850 3089 dicitur
2879 3037 3046 3089 etiam
3092 3037 3421 3107 hypostasis,

125 3111 294 3173 σίων,
321 3112 356 3181 ἢ
397 3110 495 3164 καὶ
539 3106 893 3178 ἑτεροουσίων
939 3106 1192 3176 ἀλλήλοις
1227 3107 1590 3162 συνελθόντων
1629 3109 1718 3162 σύ-

1834 3151 1960 3193 ευηι
2008 3130 2288 3201 aliquibus
2333 3127 2547 3182 naturis
2598 3126 2837 3181 diversis
2876 3134 2932 3180 et
2973 3127 3420 3204 particularibus,

127 3217 362 3280 στασιςο
414 3202 490 3264 ὡς
526 3200 587 3252 τὸ
626 3200 917 3268 λεγόμενον
942 3197 1227 3267 σἘξῆλθον
1276 3198 1465 3267 ἄνδρες
1515 3202 1577 3253 ἐκ
1620 3203 1721 3270 τῆς

131 3298 512 3360 ὑποστάσεως
537 3295 648 3349 τῶν
676 3295 989 3362 ἀλλοφύλων
1006 3310 1020 3325 ο
1049 3293 1129 3347 ἔτι
1155 3293 1210 3346 δὲ
1247 3295 1340 3347 καὶ
1366 3295 1425 3346 ὃν
1456 3294 1548 3346 νῦν
1572 3296 1730 3365 ὑμεῖς

132 3394 193 3445 tv
248 3389 468 3460 γνώσει
516 3389 549 3460 ἢ
601 3387 792 3458 ἀγνοίᾳ
837 3388 994 3455 λόγον
1047 3386 1428 3457 παρεδράμετε
1461 3386 1600 3438 κατὰ
1631 3386 1730 3457 τὴν

126 3484 310 3554 αὑτήν
336 3499 462 3544 πως
491 3480 698 3533 ἔννοιαν
729 3479 875 3533 ὅντα.
905 3479 1136 3545 Λέγεται
1161 3478 1454 3541 ὑπόστασις
1476 3477 1572 3531 καὶ
1601 3479 1729 3531 ὅταν

129 3574 282 3628 κατὰ
313 3573 383 3625 τὸ
418 3571 546 3624 αὑτό
589 3588 749 3623 τινων
802 3566 1172 3622 συνελθουσῶν
1202 3568 1417 3636 φύσεων
1454 3568 1729 3639 διαφόρων

135 3666 354 3731 ἰδικῶν,
395 3668 531 3735 μετὰ
581 3662 687 3716 τῶν
733 3661 863 3732 περὶ
907 3661 1076 3723 αὑτὰς
1117 3661 1451 3729 ἰδιωμάτων,
1496 3662 1619 3731 οὑχί
1670 3659 1729 3712 δὲ

133 3758 454 3829 προσώπων
482 3755 613 3825 ὑφὲν
637 3752 814 3806 εἰτουν
842 3751 957 3821 ἅμα
990 3751 1079 3805 διὰ
1109 3752 1209 3821 τῆς
1242 3752 1489 3816 ὲνώσεως
1524 3752 1727 3805 σύστα-

137 3868 227 3914 σις
272 3848 502 3919 γένηταί
546 3865 631 3910 τις
688 3846 806 3909 ένδς
859 3845 1022 3916 μόνου
1075 3844 1301 3913 ἀτόμου.
1342 3844 1578 3912 Λέγεται
1633 3846 1730 3898 καὶ

136 3945 364 4013 φύσεων
390 3943 662 4014 διαφόρων
692 3941 769 4011 μὴ
798 3937 1192 4004 συνελθουσῶν,
1220 3938 1355 3991 ἀλλὰ
1376 3938 1553 4008 μόνων
1580 3938 1727 3990 ἰδιω-

139 4039 336 4107 μάτων
378 4035 619 4108 μερικῶν
646 4034 929 4095 πλειόνων,
966 4032 1025 4086 ἓν
1056 4032 1261 4102 ἰδίωμα
1277 4030 1567 4085 καθολικον
1599 4048 1726 4084 συν-

142 4130 425 4183 ιστώντων
451 4129 515 4179 ἐκ
544 4127 785 4188 πάντων,
815 4125 871 4177 ἐν
899 4141 1005 4177 τινι
1034 4123 1384 4193 ὑποκειμένῳ
1422 4123 1523 4184 ἑνὶ,
1549 4123 1727 4177 εἰτουν

140 4224 201 4275 ὲν
235 4223 336 4293 μιᾷ
362 4221 496 4293 μόνῃ
526 4218 742 4290 φύσειὴ
773 4220 936 4271 πᾶσιν
960 4217 1368 4288 ὁμολογουμένη
1402 4218 1722 4281 ὑπόστασις.

141 4314 273 4367 Εἴτε
307 4313 350 4366 δ’
379 4308 471 4366 οὖν
505 4314 560 4363 ἐν
585 4311 751 4380 ἁπλῇ,
790 4308 897 4363 εἴτε
932 4311 990 4361 ὲν
1026 4307 1286 4379 συνθὲτῳ,
1320 4308 1429 4360 εἴτε
1461 4308 1518 4360 ὲν
1550 4307 1715 4378 ἰδικῇ,

141 4410 256 4462 εἴτε
288 4410 347 4461 ὲν
378 4410 552 4479 κοινῇ,
602 4406 742 4476 οἴαή
793 4404 933 4467 θεία,
970 4402 1080 4456 εἴτε
1127 4405 1183 4456 ὲν
1238 4404 1338 4474 μιᾷ
1380 4402 1537 4471 φύσει
1565 4403 1720 4473 μόνῃ,

1833 3243 1959 3284 cum
1980 3225 2095 3279 suis
2115 3219 2548 3292 preprietalibus
2567 3219 2622 3272 in
2646 3218 2793 3271 idem
2816 3218 3295 3280 convenientibus,
3314 3235 3424 3275 non

1832 3327 2013 3372 autem
2041 3312 2316 3386 personis,
2341 3326 2441 3380 per
2476 3309 2739 3364 unionem
2768 3309 2828 3363 iit
2848 3308 3133 3378 cujusdam
3167 3308 3422 3365 indivisi-

1831 3409 1961 3463 bilis
1987 3404 2287 3461 concretio.
2322 3402 2537 3457 Dicitur
2560 3400 2893 3473 bypostasis,
2920 3399 2990 3454 ab
3028 3401 3287 3455 omnibus
3320 3401 3421 3456 ad-

1831 3498 2017 3560 missa,
2036 3513 2161 3551 cum
2182 3494 2541 3553 conveniunt.
2560 3509 2667 3547 non
2691 3491 2924 3547 diversae
2941 3500 3168 3550 naturas.
3186 3492 3281 3546 sed
3301 3493 3425 3562 plu-

1832 3590 1983 3643 rimae
2021 3586 2283 3654 partiales
2322 3594 2535 3665 tantum
2566 3567 2971 3653 proprietates,
3012 3584 3324 3638 universam
3351 3600 3419 3639 ex

1831 3678 2092 3733 omnibus
2115 3676 2518 3730 constituentes
2543 3675 2935 3743 proprietatem
2964 3674 3018 3727 in
3050 3690 3160 3727 uno
3179 3675 3418 3744 quodam

1831 3770 2098 3839 subjecto,
2129 3766 2244 3820 sive
2276 3765 2330 3817 in
2367 3780 2474 3817 una
2494 3757 2714 3817 tantum
2746 3772 2946 3817 natura
2978 3782 2990 3815 :
3023 3764 3137 3817 sive
3169 3764 3334 3833 igitur
3361 3766 3416 3821 in

1829 3860 2065 3931 simplici
2096 3865 2313 3919 natura,
2327 3843 2442 3911 sive
2460 3855 2515 3909 in
2532 3854 2855 3923 composita,
2874 3854 2987 3908 sive
3004 3854 3057 3908 in
3074 3855 3415 3925 particulari,

1828 3954 1944 4008 sive
1978 3952 2030 4005 in
2063 3949 2364 4007 communi.
2393 3957 2454 4001 ut
2481 3955 2567 4002 est
2618 3945 2801 4000 divina
2830 3954 3050 4010 natura,
3078 3947 3194 4001 sive
3224 3948 3277 4001 in
3306 3964 3415 4005 una

1828 4052 2063 4106 tantum,
2082 4042 2196 4096 sive
2212 4039 2465 4110 pluribus
2481 4038 2673 4102 unitis,
2692 4036 2992 4092 dummodo
3020 4038 3077 4091 in
3095 4039 3415 4095 exsistentia

1827 4133 2147 4198 sistant,hic
2172 4141 2348 4186 status
2374 4129 2729 4200 proprietatis
2753 4132 3061 4187 communis
3081 4130 3166 4184 vel
3191 4146 3414 4201 compo-

1828 4226 1956 4282 sitio
2006 4225 2126 4280 bazc
2154 4222 2472 4293 partialium
2520 4220 2946 4290 proprietatum.
2983 4232 3042 4277 ut
3069 4221 3123 4275 in
3162 4222 3411 4293 subjecto

1826 4319 2013 4388 aliquo
2037 4316 2294 4387 cogitata,
2326 4314 2532 4369 dicitur
2590 4313 2920 4384 hypostasis.
2973 4314 3186 4369 Dicitur
3225 4324 3408 4370 autem

1826 4400 2034 4481 aliquid
2057 4408 2292 4463 maxime
2322 4406 2570 4461 omnium
2602 4405 2885 4477 proprium
2916 4414 2971 4461 et
2999 4404 3251 4461 intimum
3283 4407 3409 4463 talis

141 4501 253 4554 εἴτε
283 4501 339 4551 ἐν
365 4499 673 4569 ἡνωμέναις
706 4496 964 4560 πλείοσιν,
1003 4496 1139 4558 ὅλως
1168 4494 1349 4564 μέντοι
1369 4495 1427 4546 ἐν
1488 4494 1719 4565 ὑπάρξει

1830 4503 2205 4564 subsistentia,
2238 4499 2443 4570 quippe
2481 4514 2602 4567 qua:
2629 4499 2683 4552 in
2710 4498 3015 4552 substantia
3045 4498 3115 4553 ab
3146 4499 3406 4555 omnibus

141 4592 354 4659 οὔσαις,
378 4590 517 4661 αὓτη
547 4591 631 4660 εἴη
663 4589 771 4642 τῶν
804 4586 1043 4659 μερικῶν
1084 4585 1408 4654 ἰδιωμάτων,
1441 4586 1606 4653 ἤγουν
1625 4583 1720 4637 τοῦ

142 4685 325 4738 κοινοῦ
363 4683 685 4752 ἰδιώματος,
737 4680 811 4743 ῶς
861 4680 918 4730 ἐν
954 4678 1299 4746 ὑποκειμένῳ
1322 4675 1429 4727 τινὶ
1457 4674 1718 4744 νοουμένη

146 4773 340 4836 στάσις
372 4773 406 4843 ἢ
440 4772 701 4833 σύστασις
722 4811 738 4836 ,
776 4768 1076 4829 ὑπόστασις
1105 4766 1346 4833 λέγεται.
1398 4763 1632 4831 Λέγεται
1662 4764 1721 4817 δὲ

142 4867 480 4938 κυριώτερον
530 4866 626 4919 καὶ
658 4865 989 4934 οἰκειότερον
1022 4863 1239 4915 πάντων
1271 4860 1302 4925 ἠ
1328 4856 1555 4923 τοιαύτη
1583 4855 1718 4908 ὑπό-

143 4977 336 5020 στασις
361 4998 375 5021 ,
426 4958 519 5011 ἆτε
570 4957 706 5025 πρὸς
755 4957 822 5025 τῇ
859 4955 1119 5007 συστάσει
1157 4950 1253 5004 καὶ
1284 4950 1346 5002 ὲκ
1373 4947 1470 5000 τοῦ
1501 4947 1718 4999 πάντων

140 5051 251 5106 τῶν
282 5067 342 5104 τε
376 5047 641 5119 ὁμοειδῶν
676 5045 771 5099 καὶ
801 5044 910 5097 τῶν
938 5039 1258 5112 ἑτεροειδῶν
1292 5040 1435 5094 κατὰ
1464 5040 1524 5092 τὸ
1553 5037 1719 5091 ἰδικδν

142 5145 540 5216 γνωριστήριον
562 5182 576 5206 ,
632 5135 1044 5208 κεχωρισμένον
1100 5133 1369 5188 δεικνύειν
1398 5132 1460 5185 τὸ
1488 5130 1716 5184 ὑποκεῖ-

147 5254 306 5306 μενον
356 5237 590 5303 ἄτομον,
648 5231 765 5285 τόδε
812 5248 866 5284 τι
908 5228 1032 5283 καθ’
1067 5228 1265 5298 ἑαυτὴν
1308 5227 1608 5288 ἀπόστασίς
1634 5240 1719 5286 τις

144 5328 276 5385 οὖσα
327 5330 420 5385 καὶ
461 5326 744 5399 διορισμὸς
776 5323 886 5378 τῶν
936 5321 1255 5393 ἀδιορίστων
1288 5318 1487 5372 οὐσιῶν
1518 5318 1598 5380 εἰς
1628 5315 1719 5368 τὸν

145 5424 281 5477 κατὰ
316 5421 607 5495 πρόσωπον
641 5414 872 5489 ἀριθμὸν
903 5415 1135 5468 ἑκάστου
1157 5430 1170 5444 ·
1223 5412 1303 5465 διὸ
1332 5409 1396 5480 δὴ
1428 5409 1518 5461 καὶ
1542 5406 1714 5477 πρόσ-

145 5532 288 5569 ωπον
319 5514 523 5586 ταύτην
572 5512 622 5566 οἰ
666 5512 911 5581 ila-cepe;
938 5506 1123 5561 νοοῦσί
1154 5523 1211 5558 τε
1247 5503 1341 5557 καὶ
1367 5499 1713 5571 ὀνομάζουσι.

146 5612 375 5681 Λέγεται
406 5611 726 5676 ὑπόστασις,
759 5612 855 5663 καὶ
889 5609 922 5679 ἡ
955 5605 1113 5661 οὐσία
1141 5604 1235 5658 καὶ
1281 5605 1315 5674 ἡ
1347 5600 1507 5670 φύσις
1554 5598 1716 5650 πολυ-

214 5773 234 5805 ⁸
267 5769 434 5826 chr.
468 5788 539 5836 xl,
571 5771 616 5827 Ι.
776 5770 795 5801 ⁸
824 5770 984 5824 Deut.
1029 5781 1066 5833 I,
1108 5766 1191 5822 l2.
1269 5765 1289 5798 ⁸
1322 5761 1518 5818 Ezech.
1547 5776 1655 5826 xu,
1681 5760 1735 5817 5.

1822 4594 2071 4666 ejusdem
2110 4602 2167 4648 et
2200 4591 2429 4646 alterius
2455 4590 2655 4660 speciei
2678 4589 2923 4653 entibus,
2980 4598 3040 4644 ut
3084 4591 3404 4660 particulari

1820 4688 2049 4742 notione.
2071 4686 2439 4746 discernatur,
2465 4691 2779 4752 separatum
2802 4683 3008 4752 prmbet
3034 4685 3399 4754 suppositum,

1822 4781 2066 4848 itemque
2098 4775 2403 4833 secundum
2437 4775 2805 4829 substantiam
2837 4774 3125 4829 distinctio
3150 4776 3399 4845 quaedam
3440 4761 3448 4768 ’

1819 4878 1904 4926 εει
1931 4878 1987 4925 ει
2014 4867 2404 4925 determinatio
2450 4866 2891 4920 indistinctarum
2943 4865 3398 4931 substantiarum,

1822 4972 1882 5018 ut
1907 4977 2138 5033 qureque
2191 4973 2425 5030 persona
2459 4957 2808 5027 singulariter
2841 4965 3235 5022 enumeretur;
3277 4958 3400 5012 ideo

1822 5063 1879 5109 ct
1929 5067 2221 5124 personam
2281 5050 2440 5105 istam
2491 5049 2685 5102 Patres
2733 5055 2965 5101 censent
3006 5054 3063 5102 et
3101 5049 3396 5118 appellant.

1821 5145 2037 5201 Dicitur
2067 5142 2451 5207 subsistentia,
2486 5149 2543 5195 et
2571 5140 2812 5195 essentia
2836 5148 2893 5195 et
2920 5148 3116 5195 natura
3146 5141 3401 5211 pluribus

1822 5236 2139 5292 nominibus
2164 5235 2450 5305 designata
2490 5248 2557 5288 eo
2576 5232 2722 5302 quod
2747 5232 2979 5302 plurima
3010 5233 3298 5302 su~eipiat,
3343 5242 3401 5288 et

1822 5342 1932 5380 non
1959 5324 2128 5397 quod,
2155 5323 2210 5378 in
2240 5324 2620 5379 accidentibus
2652 5322 2786 5393 ipsis
2814 5338 2936 5393 qua:
2961 5338 3067 5377 non
3102 5324 3397 5391 exsistunt,

1822 5414 1914 5468 illa
1972 5415 2044 5469 sit
2088 5420 2143 5469 et
2194 5428 2316 5468 esse
2353 5413 2646 5483 cogitetur,
2678 5411 2772 5467 sed
2824 5410 2879 5465 in
2903 5412 3082 5482 seipsa
3112 5412 3391 5480 subsistat,

1822 5507 1966 5562 sicut
1995 5506 2202 5561 dictum
2233 5513 2319 5561 est
2342 5523 2385 5560 ει
2413 5505 2688 5561 Memento
2707 5519 2830 5575 qua:
2858 5504 2930 5559 sit
2955 5519 3074 5559 mea
3089 5504 3398 5560 subsisten-

1827 5599 1917 5653 tia.
1952 5619 1969 5649 ι
2012 5598 2130 5667 Quo
2174 5597 2323 5655 enim
2361 5597 2527 5653 modo
2561 5597 2766 5653 dicitur
2797 5597 3174 5653 characterem
3221 5594 3401 5655 Patris
