3876 6310
54 359 199 430 1533

1028 369 1427 432 ADVERSUS
1460 366 2012 431 N'ESTORIANOS.
2046 366 2099 405 -'-
2137 364 2285 430 LlB.
2327 368 2413 429 II.

3193 370 3328 438 1534

55 480 157 534 καὶ
181 479 397 551 κόσμος
428 479 513 535 δδε
542 480 572 534 δ
600 482 728 549 πᾶς.
761 476 867 545 εἷς·
906 481 1009 559 καὶ,
1031 482 1092 537 οὐ
1119 482 1198 556 τῷ
1225 482 1301 555 μὴ
1326 478 1465 536 εἶναι
1491 480 1645 535 πλεί-

1754 496 1861 537 non
1886 496 2017 539 esse
2054 483 2496 542 subsistentiam.
2522 487 2656 543 ltem
2688 487 2780 543 hic
2809 486 2911 543 iste
2940 487 3184 542 mundus
3205 490 3334 544 uui-

0 574 5 583 '
52 589 153 635 ους
204 573 452 641 κόσμους
500 573 832 645 λόμοουσίους
881 572 1060 646 τῷδε,
1131 575 1506 638 ἀνυπόστατος
1563 574 1651 646 εἴη

0 647 7 677 ⁵
55 664 230 720 αὑτοῦ
264 668 301 737 ἡ
336 664 614 730 σύστασις.
668 667 735 720 Τί
766 666 861 722 οὖν
894 667 1037 737 ὑμᾶς
1068 666 1247 720 πείθει
1285 666 1389 739 τὴν
1414 664 1650 738 Χριστοῦ

0 740 5 769 τ
55 758 371 813 ὑπόστασιν
392 799 408 821 ,
462 759 512 811 εί
557 761 632 830 μὴ
673 759 818 813 κατά
861 759 1040 814 πάντα
1067 758 1227 828 λόγον
1253 759 1340 828 εἴη
1363 757 1537 829 ταύτῃ
1567 773 1652 821 τις

0 833 5 867 ³
55 850 233 923 ιτέρα
289 850 587 923 ὑπόστασις
633 851 956 923 ὁμοούσιος,
1011 852 1204 923 μηδενὶ
1248 848 1462 920 φυσικῷ
1493 849 1652 921 Λόγῳ

0 950 5 959 ’
51 920 172 996 τῶν
226 944 290 996 ὲν
333 944 469 1014 αὑτῇ
511 920 887 1007 πλεονάζουσα
917 943 951 1015 ἢ
979 920 1324 1007 ἐλλείπουσα,
1360 940 1495 1012 μηδὲ
1520 920 1653 993 ὑπόὲ

56 1048 265 1086 στασιν
317 1033 471 1086 τοῦδε
515 1033 610 1087 τοῦ
647 1033 915 1099 ζωοποιοῦ
960 1033 1221 1088 συνθέτου
1253 1032 1394 1097 ζώου
1429 1030 1524 1085 τοῦ
1555 1032 1652 1084 ίδι-

0 1124 5 1151 έ
53 1124 314 1178 κωτάτου
367 1125 805 1195 καταδέχεσθαι;
861 1124 1073 1189 Ἀλλως
1120 1142 1180 1178 τε
1231 1124 1293 1177 οὑ
1345 1122 1523 1193 τούτῳ
1567 1139 1651 1184 τις

53 1214 251 1288 ζητῶν
284 1218 579 1288 ὁμοιότητὰ
607 1220 728 1270 τινά
755 1235 919 1271 τινων
950 1217 1093 1271 κατά
1121 1234 1175 1270 τι
1207 1216 1551 1285 συγκρίνειιν
1582 1213 1650 1267 ἃν

50 1307 122 1362 δι’
170 1308 369 1378 ἑτέρου
415 1309 577 1376 λόγου
615 1309 714 1378 τὴν
743 1309 867 1362 καθ’
894 1309 1081 1378 ἕτερον
1103 1308 1263 1375 λόγον
1300 1307 1433 1379 πρὸς
1462 1306 1650 1375 ἑτέρου

48 1400 208 1464 τινὸς
247 1401 455 1470 σχέσιν,
495 1399 633 1454 ἀλλά
660 1399 727 1454 δι’
753 1400 918 1455 αὑτοῦ
944 1400 1121 1464 τοῦδε,
1149 1400 1218 1452 δι’
1244 1393 1305 1451 οὗ
1333 1396 1652 1472 ήοόμοίωσις

0 1520 1 1525 η
50 1493 335 1562 ἐζητεῖτο.
393 1495 521 1547 Δέον
569 1494 663 1551 οὖν
710 1496 858 1566 ὑμᾶς
906 1494 981 1563 μὴ
1008 1493 1197 1556 λέγειν
1230 1491 1270 1561 ἦ
1304 1490 1508 1559 ζητεῖν,
1544 1486 1670 1539 τίνι.

51 1584 201 1654 αὕτη
242 1586 278 1655 ἡ
313 1584 609 1648 ὑπόστασις
637 1585 922 1657 όμοούσιός
950 1586 1099 1637 ἐστιν
1118 1598 1133 1615 ο
1191 1580 1306 1648 εἴγε
1340 1579 1506 1648 ἀλλην
1536 1578 1651 1631 ἴστε

51 1677 366 1730 ὑπόστασιν
419 1677 519 1749 τὴν
572 1677 648 1742 ὡς
696 1679 1023 1751 πρόσωπον,
1076 1673 1172 1728 καὶ⁸
1212 1671 1393 1742 ⁹ἀλλην
1440 1669 1538 1739 τὴν
1574 1666 1652 1732 ὡς

0 1776 3 1781 ’
49 1768 249 1823 οὐσίαν
266 1786 282 1800 ο
322 1769 438 1823 ἀλλ’
465 1769 499 1842 ἢ
525 1769 630 1822 τίνι
657 1770 775 1822 ἐστὶ
806 1769 927 1823 κατ’
953 1768 1142 1822 οὑσίαν
1167 1763 1452 1836 όμοούσιος
1476 1761 1652 1831 ὁΧρι-

0 1870 3 1897 ῑ
54 1858 186 1922 στὸς
220 1859 471 1930 ἐρωτᾷνυ
527 1859 561 1930 ἢ
606 1859 713 1912 τίνι
760 1862 879 1913 ἐστὶ
908 1859 1030 1913 καθ’
1057 1860 1381 1923 ὑπόστασιν,
1409 1859 1650 1926 όμοὺπό-

54 1966 283 2013 στατος·
319 1951 436 2019 εἴγε
468 1951 567 2021 τὴν
600 1951 735 2023 πρὸς
761 1952 852 2005 τὸν
876 1952 1114 2022 Χριστὸν
1142 1951 1422 2020 ὁμοίωσιν,
1444 1950 1505 2002 οὑ
1530 1950 1650 2001 κατ’

50 2042 279 2105 οὐσίαν,
313 2042 453 2096 ἀλλὰ
482 2044 604 2096 καθ’
631 2043 951 2108 ὑπόστασιν,
986 2045 1088 2114 τήν
1114 2060 1174 2096 τε
1206 2041 1344 2113 πρὸς
1364 2041 1455 2093 τὸν
1476 2038 1652 2094 Πατέ-

0 2152 1 2157 η
55 2150 127 2203 ρα
164 2134 267 2188 καὶ
297 2134 391 2186 τὸν
418 2134 584 2188 Δαὸὶδ
608 2134 876 2205 ἐζητεῖτε.

1752 586 1951 628 versus
1979 589 2123 629 unus
2145 584 2231 630 est
2262 593 2277 637 ς
2300 592 2482 647 neque
2507 577 2655 647 quod
2691 592 2803 632 non
2824 577 2939 633 sint
2963 577 3148 647 plures
3170 595 3332 636 mun-

1706 673 1721 684 ’
1752 663 1808 718 di
1864 665 2107 735 ejusdem
2155 667 2431 734 essentias.
2462 669 2583 724 sine
2631 669 2988 724 subsistentia
3018 668 3125 724 erit
3180 670 3331 726 illius

1752 754 2089 813 substantiae.
2110 757 2259 824 Quid
2284 758 2452 830 igitur
2470 760 2629 815 vobis
2654 759 2948 831 persuadet
2968 759 3171 815 Christi
3201 761 3331 817 sub-

1752 845 2081 910 sistentiam,
2116 848 2230 903 nisi
2270 850 2419 904 omni
2450 865 2519 904 ex
2557 850 2775 905 ratione
2816 850 2991 906 altera
3021 849 3093 906 sit
3144 851 3331 906 subsi-

1752 936 1951 991 stentia
1978 937 2057 992 illi
2089 940 2327 994 essentia
2363 939 2582 1007 similis,
2629 942 2781 997 nulla
2822 942 3059 998 naturali
3116 942 3329 998 ratione

1752 1028 2125 1100 ejus-dotibus
2176 1045 2274 1085 seu
2309 1033 2535 1101 praedita
2565 1048 2662 1088 seu
2713 1033 2950 1104 privata,
2986 1049 3098 1089 non
3148 1033 3331 1089 subsi-

1751 1123 2008 1177 stentiam
2039 1122 2199 1178 istius
2236 1125 2382 1179 entia
2425 1126 2666 1181 creantis
2690 1134 2749 1181 et
2792 1126 3177 1197 componentis
3218 1142 3333 1183 ma-

1750 1212 1896 1268 xime
1955 1215 2195 1285 propria:
2225 1217 2356 1272 dicti
2415 1219 2562 1274 entis
2606 1219 2906 1289 accipere?
2932 1219 3106 1275 Aliter
3142 1236 3329 1285 nemo,

1752 1305 1807 1359 in
1831 1306 1923 1360 illo
1954 1321 2208 1376 quarens
2239 1310 2534 1379 quamdam
2599 1311 3019 1366 similitudinem
3068 1327 3332 1382 quorum-

1752 1398 1875 1453 dam
1907 1401 2213 1455 secundum
2269 1402 2571 1471 quoddam,
2614 1412 2961 1475 compararet
3013 1419 3113 1474 per
3167 1404 3339 1459 aliam

1753 1491 2022 1547 rationem
2044 1491 2206 1547 'hunc
2232 1494 2534 1549 secundum
2568 1495 2730 1549 aliam
2776 1495 3044 1550 rationem
3080 1494 3331 1550 habitum

1752 1576 1917 1635 alicui
1947 1581 2060 1648 alii,
2090 1581 2187 1637 sed
2218 1583 2501 1654 peripsam
2536 1585 2829 1650 rationem,
2860 1601 2959 1657 per
2992 1600 3155 1656 quam
3178 1585 3333 1640 simi-

1751 1672 1931 1727 litudo
1981 1674 2352 1744 quaerebatur.
2410 1676 2558 1748 Ergo
2590 1693 2705 1740 vos,
2735 1685 2957 1748 oportet
3003 1693 3107 1732 nec
3145 1677 3335 1734 dicere

1754 1778 1855 1817 nec
1885 1762 2186 1833 inquirere,
2208 1755 2305 1819 ’cui
2367 1765 2484 1820 haec
2516 1766 2872 1822 subsistentia
2921 1767 3211 1822 identitate
3241 1783 3331 1823 es-

1752 1854 1941 1910 sentia:
1962 1854 2159 1911 similis
2184 1856 2291 1921 sit;
2323 1871 2449 1911 cum
2482 1858 2630 1911 enim
2647 1859 2810 1913 aliam
2834 1859 2989 1914 scitis
3022 1858 3338 1914 subsisten—

1748 1943 1880 1997 tiam
1910 1959 2054 2007 esse,
2096 1945 2278 2015 quoad
2322 1961 2638 2016 personam,
2691 1949 2854 2002 aliam
2911 1949 3093 2019 quoad
3142 1963 3333 2003 essen-

1749 2034 1880 2088 tiam
1910 2036 2045 2102 ;sed
2078 2044 2175 2091 aut
2195 2038 2697 2093 cuisitsccundum
2718 2040 3015 2095 essentiam
3042 2039 3331 2095 identitate

1746 2131 2004 2185 essentia:
2046 2131 2245 2187 similis
2300 2133 2579 2197 Christus,
2626 2142 2728 2189 aut
2779 2135 2871 2190 cui
2906 2136 2977 2190 sit
3022 2133 3329 2190 secundum

0 2264 1 2273 η
52 2229 478 2284 subsistentiam
508 2230 797 2285 identitate
847 2229 1215 2284 subsistentia:
1266 2227 1494 2290 similis;
1547 2225 1677 2279 dum
1716 2223 1924 2279 Christi
1964 2226 2383 2282 similitudinem
2438 2228 2587 2284 Patri
2646 2239 2703 2284 et
2738 2228 2930 2283 Davidi
2960 2243 3069 2284 non
3127 2243 3330 2284 secun-

0 2338 4 2367 ῖ
52 2323 194 2380 dum
231 2327 554 2389 essentiam,
583 2325 679 2380 scd
711 2326 1014 2380 secundum
1042 2325 1457 2380 subsistentiam
1492 2321 1875 2391 inquireba‘lis.

130 2422 250 2477 Καὶ
281 2421 665 2494 ἀπεκρίθημεν
709 2420 773 2474 ἂν
804 2421 933 2490 ὑμῖν
957 2420 1132 2491 ὀρθῶς
1158 2419 1485 2488 πυθομένοις
1517 2416 1647 2485 περὶ

0 2526 1 2529 ‘
52 2514 239 2576 τοῦδε,
276 2514 359 2566 ὅτι
386 2513 479 2566 καὶ
506 2513 581 2582 τῷ
609 2513 783 2583 Πατρὶ
813 2513 912 2582 μὲν
942 2512 1249 2581 όμοούσιος,
1273 2512 1367 2563 καὶ
1390 2509 1467 2577 τῷ
1483 2508 1648 2561 Δαθὶδ

0 2620 1 2623 ‘
53 2605 375 2674 όμοούσιος,
412 2603 507 2656 καὶ
531 2604 673 2657 κατά
702 2603 937 2673 θατέραν
961 2602 1017 2655 δὲ
1044 2603 1152 2656 τῶν
1180 2600 1375 2654 ἑαυτοῦ
1406 2600 1644 2669 φύσεων,

0 2712 3 2715 ·
52 2698 83 2748 ό
106 2694 373 2766 Χριστός·
406 2694 817 2763 ὁμοῦπόστατος
839 2694 895 2747 δὲ
920 2694 1045 2748 οὕτε
1074 2693 1182 2764 πρὸ
1206 2692 1406 2762 σαρκός
1432 2691 1647 2759 ὸΛόγος

52 2787 262 2856 γέγονε
310 2785 389 2857 τῷ
431 2787 643 2858 Πατρὶ,
698 2786 822 2839 οὑδὲ
875 2786 980 2856 πρὸ
1012 2786 1115 2855 τῆς
1142 2784 1293 2848 θείας
1318 2784 1650 2855 σαρκώσεως

51 2879 152 2950 τῆς
187 2880 266 2932 ἔτι
297 2876 609 2949 σπέρματος
640 2876 805 2931 Δαόὶδ
825 2918 841 2942 ,
886 2876 963 2947 τῷ
998 2876 1196 2933 Δαὸίδ⁶
1233 2873 1356 2929 οὔτε
1381 2875 1476 2930 οὖν
1512 2874 1651 2945 μετά

50 2968 153 3039 τὴν
206 2966 383 3035 ἁγίαν
434 2967 712 3037 σάρκωσιν
759 2967 855 3020 τοῦ
905 2966 1120 3035 Λόγου,
1167 2969 1235 3038 τῇ
1271 2965 1362 3019 τοῦ
1390 2965 1524 3019 Θεοῦ
1557 2966 1651 3019 καὶ

55 3060 327 3131 Πατρός,
382 3059 416 3130 ἢ
472 3061 539 3130 τῇ
588 3058 682 3112 τοῦ
724 3056 1016 3129 ἀνθρώπου
1057 3054 1249 3119 Δαεὶό,
1286 3059 1319 3128 ἡ
1354 3057 1651 3119 ὑπόστασις

56 3149 239 3205 αὑτοῦ
269 3148 432 3219 ὁμοία
462 3148 787 3220 λεχθήσεται
816 3146 1013 3219 ὀρθῶς.
1055 3146 1266 3209 Sicanii;
1292 3144 1385 3200 οὗν
1417 3148 1544 3217 ὑμῖν
1570 3145 1651 3200 st-

1818 2419 1887 2472 Et
1910 2416 2067 2471 vobis
2088 2427 2234 2472 recte
2263 2417 2332 2472 de
2366 2419 2470 2474 hoc
2488 2418 2899 2475 sciscitantibus
2922 2419 3328 2491 respondimus,

1751 2507 1898 2561 Patri
1924 2521 2045 2562 esse
2077 2507 2317 2562 essentia
2339 2508 2597 2569 similem,
2636 2509 2830 2564 Davidi
2875 2524 3095 2578 quoque
3138 2525 3331 2564 essen-

1753 2597 1821 2652 tia
1857 2598 2113 2657 similem.
2133 2609 2189 2654 et
2208 2601 2509 2655 secundum
2542 2610 2831 2671 utramque
2858 2617 3079 2656 suarum
3108 2611 3332 2656 natura-

1752 2705 1875 2743 rum
1904 2688 2205 2745 Christum.
2237 2690 2439 2746 Eadem
2473 2691 2830 2745 subsistentia
2860 2691 3038 2745 simile
3077 2705 3187 2743 non
3225 2690 3332 2743 fuit

1745 2792 1873 2838 ante
1930 2798 2153 2837 carnem
2201 2782 2447 2838 Verbum
2500 2784 2671 2847 Patri,
2705 2799 2885 2853 neque
2915 2790 3041 2840 ante
3074 2782 3329 2837 'divinam

1747 2873 2186 2929 incarnationem
2242 2888 2309 2927 ex
2334 2875 2544 2929 semine
2595 2875 2792 2940 David,
2853 2874 3095 2940 Davidi;
3150 2886 3332 2943 neque

1747 2963 1915 3036 igitur
1945 2973 2071 3034 post
2101 2972 2350 3019 sanctam
2385 2965 2821 3021 incarnationem
2848 2965 3012 3021 Verbi
3052 2966 3173 3037 ejus
3201 2964 3333 3018 sub-

1747 3052 1997 3109 sistentia
2045 3053 2146 3108 Dei
2181 3054 2380 3118 Patris,
2434 3063 2529 3108 aut
2554 3054 2794 3109 hominis
2858 3051 3086 3110 Davidis
3149 3053 3332 3109 subsi-

1748 3144 1964 3201 stentia:
1980 3143 2184 3200 ’similis
2208 3154 2356 3200 recte
2381 3144 2616 3200 dicetur.
2648 3146 2943 3202 Infeliciter
2967 3161 3098 3218 ergo
3121 3162 3151 3200 a
3173 3145 3333 3200 vobis

61 3259 267 3313 ρηται,
302 3210 386 3295 ότι
413 3240 496 3295 δεῖ
527 3210 804 3294 τδναὺτδν
829 3210 986 3307 λόγον
1016 3239 1163 3311 ἔχειν
1192 3241 1291 3309 τῆς
1319 3210 1508 3303 οὐσίας
1557 3241 1649 3293 καὶ

1754 3234 1960 3291 dictum
1987 3243 2092 3298 est,
2126 3244 2383 3305 oportere
2414 3246 2474 3291 ut
2501 3236 2748 3292 eamdem
2800 3210 3058 3293 habeant.
3077 3237 3335 3292 essentia

59 3334 160 3403 τὴν
205 3332 384 3403 αὑτὴν
429 3332 616 3402 νόησιν
650 3332 749 3394 τὰς
777 3330 1097 3402 όμοουσίους
1125 3330 1473 3389 ὑποστάσεις.
1516 3327 1646 3381 Δέον

63 3426 173 3495 γὰρ
205 3420 278 3494 ἦν
318 3426 491 3477 εἰπεῖν
526 3424 671 3494 ὑμᾶς
699 3426 799 3487 τὰς
839 3422 1160 3493 όμοουσίους
1200 3420 1407 3484 οὑσίας.
1462 3421 1525 3474 El
1570 3420 1647 3485 δὲ,

2 3546 3 3549 η
65 3516 190 3568 hut
229 3514 304 3585 μὴ
331 3514 492 3586 ὁμοία
521 3515 670 3569 ἐστὶν
700 3517 735 3585 ἡ
761 3514 1055 3578 ὑπόστασις
1086 3512 1181 3567 τοῦ
1208 3514 1502 3579 Δεσπότου,
1530 3512 1652 3566 σὺν-

2 3636 5 3659 ε
66 3604 226 3669 θετος
259 3599 398 3659 οὖσα
439 3608 506 3677 τῇ
554 3606 698 3677 ἁπλῇ
745 3605 841 3659 τοῦ
882 3606 1115 3677 Πατρδς,
1152 3606 1282 3677 ἣτῇ
1314 3605 1553 3677 συνθέτῳ
1583 3608 1650 3679 τῇ

66 3696 204 3773 οὔσῃ
245 3699 311 3751 ἐκ
342 3698 450 3752 τῶν
480 3699 741 3769 χειρόνων
771 3703 989 3768 φύσεων
1032 3703 1097 3771 τῇ
1128 3699 1223 3753 τοῦ
1252 3700 1446 3764 Δαϐὶδ,
1482 3701 1653 3770 ἀναγο

66 3786 243 3851 καίως
272 3786 462 3856 λέγετε
490 3788 722 3859 ἕψεσθαι
742 3831 757 3855 ,
793 3790 889 3843 καὶ
920 3790 981 3844 τὸ
1004 3789 1347 3859 ἐτεροούσιον
1378 3792 1551 3861 αὐτὴν
1576 3787 1654 3844 εῐ-

67 3895 158 3933 ναι
186 3919 202 3945 ,
281 3880 433 3951 παρά
485 3880 585 3943 τὰς
633 3881 744 3934 τῶν
795 3882 1065 3953 ἀνομοίων
1112 3883 1250 3954 αὑτῇ
1300 3882 1653 3937 ὑποστάσεων

68 3969 293 4036 οὐσίας,
331 3971 515 4037 καθὼς
548 3972 799 4044 βούλεται
827 3973 1100 4031 δεικνύναι
1133 3975 1196 4028 τὺ
1220 3974 1489 4046 ὑμέτερον
1515 3992 1657 4046 συμ-

70 4062 378 4133 πέρασμα·
433 4064 630 4119 οὐκοῦν
685 4066 999 4133 ἀναγκαίως
1039 4066 1215 4132 ἔσται,
1251 4066 1348 4119 καὶ
1395 4065 1520 4119 ἐπεὶ
1559 4068 1652 4120 ἀν-

71 4154 261 4223 όμοιος
313 4155 346 4224 ἡ
381 4155 594 4211 Παύλου
642 4156 941 4219 ὑπόστασις
977 4158 1115 4229 πρὸς
1150 4160 1357 4229 Πέτρον
1389 4158 1531 4212 κατά
1562 4159 1654 4213 τὸν

70 4243 173 4313 τῆς
205 4246 557 4313 ὑποστάσεως
582 4249 740 4318 λόγον
761 4290 777 4314 ,
828 4253 922 4303 καὶ
963 4251 1337 4320 ὲτεροουσίους
1367 4248 1507 4308 εἶναι
1529 4254 1653 4306 τού-

72 4353 221 4402 τους.
256 4339 370 4391 Εῐτ⁹
398 4335 511 4404 οὖν,
546 4341 707 4394 πάλιν
735 4341 855 4395 καθ’
881 4342 1045 4411 ὑμᾶς,
1077 4345 1200 4395 ἐπεὶ
1223 4344 1500 4413 ὁμοούσιοί
1522 4344 1649 4411 εισι,

76 4429 209 4497 μίαν
231 4425 371 4483 εἶναι
398 4431 725 4501 ἀμφοτέρων
750 4434 844 4486 καὶ
867 4433 966 4502 τὴν
988 4434 1306 4488 ὑπόστασιν·
1330 4434 1505 4489 καὶτὸ
1522 4435 1653 4489 αὑτὸ

1752 3330 2018 3383 rationem
2059 3337 2115 3383 et
2153 3329 2402 3383 eamdem
2441 3328 2858 3401 intelligentiam
2904 3328 3107 3384 eaedem
3140 3344 3333 3383 essen-

1752 3421 1827 3475 tia
1868 3420 2270 3490 subsistentiaa;
2307 3424 2596 3494 oportebat
2639 3425 2786 3479 enim
2832 3440 2930 3479 vos
2978 3425 3162 3479 dicere
3209 3440 3331 3479 eas-

1751 3512 1878 3567 dem
1895 3514 2134 3569 essentia
2168 3517 2454 3572 essentias.
2486 3516 2582 3572 Sin
2618 3509 2824 3582 autem,
2855 3532 2979 3571 cum
3000 3531 3109 3570 non
3135 3515 3337 3571 similis

1753 3603 1825 3657 sit
1848 3603 2205 3658 subsistentia
2236 3606 2482 3671 Domini,
2516 3617 2704 3679 utpote
2727 3610 3054 3678 composita,
3088 3607 3331 3679 simplici

1753 3693 1929 3749 Patris
1960 3695 2350 3760 subsistenlim,
2388 3699 2473 3752 vel
2513 3701 2832 3769 composita;
2879 3716 2947 3753 ex
2979 3699 3333 3755 inferioribus

1753 3786 1967 3853 naturis
2031 3787 2258 3844 Davidis
2312 3789 2723 3856 subsistentim,
2803 3790 3116 3845 necessario
3172 3790 3331 3858 sequi

1754 3879 1957 3944 dicitis,
1987 3880 2215 3936 alterius
2243 3881 2497 3936 essentia:
2527 3880 2668 3936 hanc
2708 3897 2928 3951 quoque
2965 3896 3107 3945 esse,
3137 3894 3324 3935 secun-

1754 3970 1886 4025 dum
1930 3972 2200 4028 essentias
2249 3971 2730 4028 subsistentiarum
2768 3972 2846 4027 illi
2888 3988 2996 4026 non
3041 3972 3329 4035 similium,

1753 4072 1816 4118 ut
1865 4064 1983 4118 vult
2033 4063 2410 4118 demonstrare
2455 4071 2637 4117 vestra
2683 4062 3000 4127 conclusio;
3036 4061 3200 4132 igitur
3236 4076 3343 4115 ne-

1754 4169 1909 4210 cesse
1939 4154 2068 4221 erit,
2104 4170 2230 4210 cum
2270 4153 2629 4210 subsistentia
2670 4153 2823 4209 Pauli
2858 4152 3002 4208 haud
3035 4151 3230 4208 similis
3262 4152 3332 4209 sit

1753 4246 1919 4301 Petro
1952 4246 2253 4303 secundum
2287 4246 2657 4301 subsistentia:
2687 4245 2982 4311 rationem,
3013 4252 3066 4299 et
3110 4244 3336 4299 alterius

1754 4338 2006 4393 essentia:
2049 4338 2172 4393 illos
2207 4353 2363 4404 esse;
2396 4337 2597 4393 deinde
2637 4337 2834 4392 iterum
2878 4334 3182 4392 secundum
3212 4351 3333 4403 vos,

1754 4442 1879 4483 cum
1914 4428 2160 4499 ejusdem
2204 4427 2459 4484 essentiae
2506 4427 2635 4491 sint,
2668 4442 2832 4483 unam
2880 4442 3001 4483 esse
3040 4425 3335 4481 amborum

72 4515 216 4573 εἶναι
246 4520 540 4593 πρόσωπον
577 4521 636 4575 τὸ
665 4522 875 4595 Πέτρου
895 4565 909 4589 ,
946 4524 1082 4594 ὅπερ
1112 4525 1230 4578 ἐστὶ
1261 4525 1476 4579 καὶτοῦ
1504 4526 1651 4580 Παύ-

1756 4519 2192 4583 subsistentiam,
2224 4526 2280 4574 et
2322 4518 2469 4573 idem
2500 4533 2624 4574 esse
2666 4532 2954 4589 personam
2987 4517 3154 4580 Petri,
3186 4514 3334 4587 quod

72 4610 201 4674 λου,
262 4614 359 4666 καὶ
406 4613 599 4677 ἁπλῶς
654 4613 838 4686 πάσης
886 4616 986 4685 τῆς
1033 4615 1487 4687 ἀνθρωπότητος,
1531 4620 1651 4673 ἔπεϊ

1755 4620 1840 4669 est
1874 4628 2107 4683 persona
2138 4612 2325 4678 Pauli;
2348 4620 2408 4667 et
2443 4626 2555 4666 uno
2581 4611 2749 4667 verbo
2783 4611 3056 4666 universa:
3084 4609 3332 4664 humani-

73 4700 362 4769 ὁμοούσιός
391 4706 509 4758 ἐστι
540 4706 689 4759 πᾶσα
712 4746 726 4769 ,
776 4704 835 4759 ἓν
879 4701 1023 4759 εἶναι
1052 4707 1221 4776 αὐτῆς
1252 4708 1313 4759 τὸ
1337 4708 1649 4778 πρόσωποψ

73 4793 215 4846 ἀλλά
265 4796 364 4847 καὶ⁵
413 4797 513 4866 τῆς
556 4796 708 4859 θείας
752 4795 1000 4865 φύσεως,
1038 4800 1163 4851 ἐπεὶ
1190 4798 1476 4867 όμοούσιός
1504 4804 1654 4856 ἐστιν

71 4885 105 4953 ἡ
157 4884 287 4953 ἁγία
333 4887 537 4957 Τριάς,
584 4884 817 4961 ἐνεῖναι
868 4891 930 4943 τὸ
976 4889 1269 4960 πρόσωπον
1306 4893 1403 4946 καὶ⁷
1435 4894 1496 4947 οὐ
1528 4896 1655 4966 τρία

70 4973 322 5030 λεκτέονο
381 4973 458 5031 ὧν
504 4978 567 5032 τὸ
600 4979 941 5050 ἀδιανόητον,
977 4981 1075 5051 οὐχ
1099 4983 1264 5052 ἡμεῖς
1293 4985 1474 5053 μόνον,
1510 4984 1652 5040 ἀλλά

68 5067 169 5120 καὶ
221 5070 272 5123 oi
314 5068 477 5133 λίθοι,
515 5069 592 5133 ὡς
633 5072 842 5139 εἰπεῖν,
893 5073 1258 5145 ἐπιτιμῶντες
1288 5077 1417 5147 ὑμῖν
1445 5079 1642 5148 κεκρά-

12 5164 22 5174 “
75 5158 278 5223 ξονται.

146 5253 269 5307 Ὅτι
289 5253 348 5307 δὲ
378 5255 473 5320 καὶ
492 5255 556 5308 ὲκ
577 5254 684 5308 τῶν
709 5255 766 5308 ὲν
786 5254 925 5327 αὐτῇ
953 5256 1170 5325 φύσεων
1191 5259 1224 5329 ἡ
1242 5258 1536 5324 ὑπόστασις
1558 5259 1652 5315 τοῦ

73 5346 344 5400 Δεσπότου
369 5346 526 5418 ἡμῶν
546 5346 809 5419 Χριστοῦ,
835 5350 973 5402 κατά
997 5348 1096 5419 μὲν
1119 5349 1352 5419 θατὲραν
1377 5350 1455 5423 τῷ
1479 5353 1654 5424 Πατρὶ

75 5436 383 5505 ὁμοούσιος,
435 5440 577 5493 κατά
620 5439 677 5493 δὲ
724 5439 962 5510 θατέραν
989 5439 1067 5512 τῷ
1092 5441 1257 5497 Δαὸἱδ
1285 5443 1433 5496 ἐστιν
1458 5446 1654 5515 όμοού-

75 5543 228 5595 σιος,
281 5530 401 5595 πῶς
450 5531 726 5586 κωλύσετε
774 5533 922 5603 ἡμᾶς
963 5532 1180 5602 λέγειν,
1230 5535 1532 5604 φάσκοντες
1572 5539 1652 5593 ὅτι

71 5621 141 5672 τὰ
185 5623 487 5693 όμοούσια,
526 5625 628 5679 οὑκ
670 5627 735 5679 ὲκ
777 5626 979 5698 μέρους
1011 5626 1155 5680 θέλει
1183 5624 1321 5681 εἶναι
1350 5628 1651 5699 όμοούσιας

77 5711 202 5779 Τοῖς
252 5716 361 5787 γάρ
421 5716 551 5788 μίαν
599 5716 850 5785 λέγουσιν
900 5717 1066 5773 αὑτοῦ
1107 5720 1206 5791 τὴν
1247 5720 1440 5791 φύσιν,
1485 5723 1654 5794 ἤγουν

78 5804 284 5876 οὐσίαν,
306 5807 488 5873 καλῶς
517 5808 581 5864 ἂν
612 5810 873 5883 εἰρήκατε
890 5809 1069 5879 τοῦτο,
1094 5812 1158 5864 ἐκ
1186 5812 1387 5883 μέρους
1404 5813 1504 5879 τῆς
1524 5815 1653 5879 μιᾶς

1754 4705 1904 4768 tatis,
1953 4719 2079 4759 cum
2122 4704 2367 4775 ejusdem
2416 4703 2674 4760 essentiae
2720 4705 2794 4757 sit
2838 4702 3115 4765 universa,
3167 4715 3333 4755 unam

1748 4811 1876 4851 esse
1904 4812 2230 4867 personam;
2262 4796 2357 4851 sed
2391 4804 2448 4851 et
2477 4795 2680 4850 divina:
2719 4804 2948 4859 naturae,
2986 4809 3112 4849 cum
3146 4793 3217 4846 sit
3240 4807 3333 4845 ea-

1754 4888 1879 4943 dem
1923 4890 2161 4944 essentia
2208 4896 2394 4943 sancta
2444 4888 2621 4953 Trias,
2668 4902 2829 4940 unam
2880 4901 3000 4941 esse
3043 4898 3332 4954 personam

1749 4998 1866 5037 non
1895 4991 2007 5037 tres
2034 4980 2327 5036 dicendum
2354 4997 2367 5034 :
2393 4994 2628 5049 quorum
2654 4978 3073 5039 absurditatem,
3104 4990 3210 5029 non
3234 4988 3335 5028 nos

1757 5080 1991 5137 tantum,
2022 5071 2117 5125 sed
2143 5078 2199 5125 et
2226 5068 2456 5139 lapides,
2490 5076 2549 5123 ut
2578 5068 2653 5122 ita
2682 5066 2886 5131 dicam,
2915 5064 3336 5121 conclamabunt

1754 5165 1914 5223 vobis
1937 5162 2357 5233 exprobrantes.

1832 5254 1989 5323 Quod
2024 5264 2204 5309 autem
2239 5270 2306 5307 ex
2341 5252 2429 5308 his
2459 5251 2662 5322 quibus
2700 5258 2915 5306 constat
2965 5247 3177 5304 naturis
3207 5245 3334 5301 sult-

1757 5350 2006 5408 sistentia
2055 5346 2273 5401 Domini
2325 5346 2497 5401 nostri
2551 5344 2680 5400 Jesu
2729 5342 2975 5405 Christi,
3030 5340 3333 5397 secundum

1755 5454 1935 5499 utram
1980 5441 2124 5497 Patri
2175 5440 2412 5495 essentia
2458 5439 2673 5503 similis,
2715 5446 2771 5493 et
2803 5436 3106 5493 semiudum
3154 5443 3332 5489 utram

1752 5537 1948 5593 Davidi
1994 5534 2234 5591 essentia
2276 5531 2475 5588 similis
2522 5531 2615 5597 sit,
2660 5529 2936 5601 quomodo
2965 5527 3335 5600 prohibebitis

1752 5644 1858 5685 nos
1904 5626 2127 5684 dicere?
2178 5624 2515 5698 Objicientes
2573 5622 2765 5679 eadem
2821 5621 3061 5677 essentia
3109 5636 3219 5675 non
3265 5635 3335 5675 ex

1754 5732 1912 5796 parte
1938 5720 2117 5779 solere
2140 5735 2269 5776 esse
2292 5717 2483 5775 eadem
2502 5717 2764 5773 essentia.
2785 5713 2963 5773 Nobis
2980 5714 3132 5771 enim
3169 5729 3331 5770 unan-
3404 5738 3411 5757 ι

1756 5832 1876 5875 esse
1923 5813 2069 5871 illius
2108 5821 2359 5870 naturam
2391 5809 2445 5868 id
2486 5817 2569 5867 est
2600 5809 2933 5883 essentiam,
2983 5807 3328 5874 dicentibus,
