3876 6310
84 272 220 339 ιειι
578 334 581 337 λ
1054 284 1453 349 ADVERSUS
1491 285 2040 381 NESTOBIANQS.
2069 276 2140 331 -'—
2167 295 2315 357 LIB.
2356 291 2438 356 II.
3222 294 3364 363 ista

86 388 183 441 κδν
210 386 486 460 σύνθεμα,
519 392 659 462 πρὸς
678 392 845 447 πολλὰ
867 392 1012 463 ἔχειν
1040 396 1138 466 τήν
1159 413 1217 449 τε
1242 394 1473 466 ούσιὼδη
1502 397 1674 467 ὁμοιόὲ

1789 415 2008 456 onmem
2042 402 2113 457 ab
2141 404 2313 459 altera
2344 403 2708 459 subsistentia
2753 400 3127 460 didereutiam
3167 421 3363 463 essen-

90 495 237 549 τητα
266 480 365 532 καέι
399 482 772 554 ἀνομοιότητα
792 501 805 517 °
863 486 1231 559 ὑποστατικὴν
1274 487 1331 541 δὲ
1379 488 1477 558 τὴν
1507 491 1564 540 ὲν
1592 505 1674 557 μο-

1786 494 1970 548 tialem
1989 495 2225 565 alicujus
2254 496 2646 560 subsistentiac,
2674 505 2731 551 et
2759 496 2922 550 aliam
2946 496 3375 555 subsistentiam-

81 572 204 625 νάδι
241 572 387 642 πρὸς
445 575 629 630 πάντα
688 577 1073 649 ἀνομοιότητα.
1110 581 1171 634 Εί
1221 581 1331 650 γὰρ
1366 580 1487 634 καθ’
1540 581 1684 657 ὑμᾶς

80 665 307 744 πάντως
340 667 650 722 ὑπόστασιν
700 670 781 723 δεῖ
815 672 1231 742 παρατίθεσθαι,
1295 674 1423 743 μίαν
1446 656 1451 661 ⁵
1478 673 1577 743 μὲν
1605 672 1684 743 τῷ

79 755 253 807 Δαϐὶδ
274 757 416 825 πρὸς
444 759 506 810 τὸ
539 764 774 831 φανῆναι
799 764 896 832 τὴν
927 765 1219 833 ἑτερότητα
1260 765 1361 835 τὴν
1391 765 1528 835 πρὸς
1565 745 1684 817 ἀύ-

78 846 172 900 τδν
198 848 322 902 κατ’
348 850 547 904 οὐσίαν
587 852 680 905 τοῦ
717 854 914 921 Λόγου,
953 856 1047 908 καὶ
1076 856 1204 925 μίαν
1233 857 1311 925 τῷ
1348 857 1523 929 Πατρὶ
1549 857 1684 927 πρὸς

78 938 312 1006 ἔνδειξιν
338 943 440 1011 τῆς
467 945 760 1009 οὖσιιῦδονς
793 946 1052 1017 διαφορᾶς
1084 947 1256 1000 αὑτοῦ
1302 950 1401 1017 τῆς
1427 948 1563 1018 πρὸς
1593 949 1683 1002 τὸν

76 1029 410 1101 ἄνθρωπον·
442 1036 541 1087 καὶ
582 1037 643 1087 οὑ
694 1039 790 1107 μιᾷ
827 1040 919 1090 καὶ
955 1037 1019 1107 τῇ
1046 1039 1181 1106 αὐτῇ
1240 1038 1533 1090 ὑποστάσει
1567 1037 1683 1091 ἔ.τι

75 1121 178 1189 τὴν
208 1122 351 1192 πρὸς
382 1122 619 1194 θάτερον
650 1126 851 1198 ἑτέρως
887 1128 1151 1197 διαφοράν
1172 1145 1232 1180 τε
1272 1129 1366 1181 καὶ
1392 1128 1683 1199 ὁμοιότητα

78 1212 307 1281 φύσεων
335 1215 451 1267 τῶν
476 1218 536 1269 ἐν
564 1218 700 1286 αὑτῇ
742 1219 1187 1271 ἐπιδείκνυσθαι·
1240 1217 1357 1288 ὥρα
1401 1217 1545 1288 ὑμᾶς
1593 1218 1682 1270 λὲο

74 1322 201 1373 γειν
232 1308 331 1359 καὶ
360 1308 461 1361 τοῦ
491 1310 826 1363 καθὲκαστον
864 1310 1150 1381 ἀνθρώπου
1190 1310 1391 1380 μυρίας
1419 1310 1551 1373 ὅσας
1581 1309 1679 1374 τὰς

77 1398 429 1461 ὑποστάσεις
461 1397 601 1454 εἶναι
620 1418 634 1434 ο
666 1401 752 1454 ἵνα
776 1402 874 1473 τὴν
896 1401 1158 1472 διαφοράν
1186 1403 1342 1471 τυχὸν
1361 1402 1459 1473 τῆς
1492 1402 1682 1464 οὐσίας

76 1489 443 1557 Σολομῶντος
484 1492 621 1561 πρός
660 1510 717 1545 τε
748 1495 898 1546 τόνδε
923 1495 1011 1547 τὸν
1043 1494 1380 1564 ἐτεροούσιον
1418 1492 1566 1564 αύτῷ
1600 1494 1683 1547 ἴπ-

77 1582 331 1644 πον,κα“ι
360 1582 518 1634 τόνδε
543 1583 633 1635 τὸν
652 1584 828 1646 ἀετὸν,
860 1586 953 1637 καὶ
990 1585 1138 1637 τόνδε
1170 1586 1261 1637 τὸν
1292 1585 1553 1649 κώνωπα,
1585 1584 1681 1637 καὶ

73 1668 233 1722 τόνδε
264 1670 361 1737 τὸν
388 1671 685 1741 ἐλέξαντα,
718 1676 813 1727 καὶ
845 1677 943 1739 τὰς
976 1675 1171 1739 λοιπάς
1219 1676 1407 1736 οὐσίας
1446 1676 1678 1746 καθεξῆς

1783 582 1983 652 cuique
2013 582 2389 637 diﬂ'erentium
2440 584 2511 638 ab
2569 584 2685 653 ipsa
2717 584 3088 639 essentiarum
3129 586 3354 643 adduci.

1785 673 2053 728 Possibile
2085 675 2233 730 enim
2268 682 2353 729 est
2384 690 2555 729 unum
2609 683 2665 730 et
2703 675 2848 730 idem
2902 677 3156 731 naturale
3206 693 3365 732 com-

1784 763 2026 831 positum
2059 763 2113 816 in
2139 763 2331 818 multis
2374 763 2580 818 habere
2633 764 2985 819 essentialem
3032 766 3357 822 similitudi-

1784 870 1910 909 nem
1966 863 2023 909 et
2073 856 2624 923 dissimilitudinem;
2687 856 3160 912 subsistentialem
3224 873 3358 915 vero

1782 962 1904 1003 esse
1965 948 2021 1001 in
2053 947 2265 1002 unitate
2304 947 2376 1001 ab
2421 947 2683 1002 omnibus
2724 946 3257 1003 dissimilitudinem.
3297 946 3354 1003 Si

1783 1040 1930 1093 enim
1956 1040 2260 1095 secundum
2292 1055 2394 1094 nos
2416 1040 2645 1094 omnino
2692 1040 3108 1095 subsistentiam
3139 1050 3358 1110 oportet

1784 1131 2235 1195 conferre,unam
2252 1130 2443 1186 Davidi
2467 1130 2535 1185 ad
2556 1130 2954 1195 ostendendam
2979 1130 3355 1186 diversitatem

1782 1222 1852 1276 ab
1903 1221 1997 1275 illo
2048 1221 2302 1275 essentia:
2331 1221 2520 1285 Verbi,
2575 1230 2631 1276 et
2665 1236 2829 1274 unam
2858 1219 3011 1274 Patri
3049 1219 3118 1274 ad
3169 1219 3361 1275 decla-

1783 1313 2012 1369 randam
2043 1313 2397 1369 essentialem
2434 1314 2554 1383 ejus
2577 1311 2949 1367 differentiam
3002 1311 3071 1365 ab
3114 1312 3357 1367 hominis

1781 1403 2044 1466 essentia,
2098 1417 2279 1472 neque
2334 1402 2504 1457 unius
2564 1411 2620 1457 et
2677 1403 2927 1473 ejusdem
2982 1402 3356 1458 subsistentia:

1780 1494 2075 1549 ostendere
2105 1503 2189 1550 est
2242 1494 2313 1549 ab
2343 1503 2468 1549 utro
2497 1503 2709 1549 natura;
2734 1493 2996 1548 diﬂerant
3038 1510 3107 1548 an
3142 1494 3253 1548 utri
3281 1494 3358 1549 si-

1780 1582 1940 1636 miles
1966 1581 2098 1642 sint.
2150 1598 2378 1638 necesse
2425 1582 2584 1636 vobis
2612 1590 2699 1637 est
2728 1582 2914 1637 dicere
2964 1582 3210 1638 hominis
3242 1583 3360 1639 sin-

1781 1673 2008 1742 gulatim
2033 1674 2239 1743 sumpti
2268 1682 2403 1743 quot
2425 1673 2726 1748 milliasint
2745 1673 3234 1729 subsistentiarum
3256 1691 3271 1728 :
3291 1684 3354 1729 ut

77 1765 473 1833 συστήσωμεν.
502 1767 610 1819 Καὶ
642 1768 740 1837 τὴν
775 1768 1066 1837 ὁμοιότητα
1102 1769 1157 1820 δὲ
1194 1768 1367 1837 αὐτῆς
1411 1767 1508 1834 τὴν
1542 1768 1674 1838 πρὸς

1776 1764 2171 1829 diﬂ‘ereutiam,
2205 1765 2359 1820 verbi
2396 1765 2593 1836 gratia,
2620 1765 2877 1819 essentiae
2924 1765 3234 1820 Salomonis
3282 1766 3352 1819 ab

72 1855 170 1907 τὸν
202 1857 557 1910 καθέκαστον
581 1858 868 1929 ἄνθρωπον
904 1859 1013 1911 τῶν
1040 1860 1343 1928 ὁμοουσίων
1391 1860 1541 1931 αὑτῷ
1587 1876 1676 1914 νο-

75 1946 226 2012 μίζω
274 1947 583 2001 ἀκόλουθον
632 1945 771 2002 εἶναι
820 1949 909 2002 διά
970 1950 1274 2020 ἰσαρίθμων
1325 1949 1675 2004 ὑποστάσεων

73 2040 466 2107 εἰσπράττειν,
492 2040 811 2110 Σολομῶντα
833 2041 1107 2110 δηλῶσαι·
1148 2041 1244 2092 καὶ
1285 2039 1508 2093 τοσάσδε
1542 2041 1675 2091 ὑπο-

78 2129 309 2191 στάσεις
342 2130 404 2194 ἐξ
434 2130 683 2196 ἀνάγκης
708 2130 873 2200 ἔχειν,
907 2130 1028 2183 ὅσαι
1064 2131 1130 2183 ἂν
1159 2128 1339 2182 οὐσίαι
1373 2127 1586 2198 τύχοιεν
1617 2128 1674 2181 αἱ

74 2218 365 2287 ὀμοούσιοι
393 2219 567 2289 αὐτῷ,
603 2220 695 2271 καὶ
727 2218 1085 2289 evntem-3mm
1115 2214 1298 2271 οὖσαι·
1345 2216 1434 2269 ἵνα
1481 2219 1546 2287 τῇ
1580 2233 1677 2269 πα-

78 2311 308 2381 ραθέσει
334 2296 577 2378 ἑκάστης
601 2312 948 2374 ὑποστάσεως
973 2309 1136 2363 αὐτοῦ
1171 2311 1305 2381 πρὸς
1335 2309 1514 2360 πᾶσαν
1547 2307 1678 2360 ὑπό-

77 2418 283 2455 στασιν
318 2402 489 2454 αὑτοῦ
516 2403 707 2471 ὁμοίαν
739 2420 796 2454 τε
824 2405 919 2456 καλ⁸
947 2403 1219 2471 ἀνόμοιον,
1244 2400 1534 2471 ὁμοοὺσιος
1554 2397 1673 2469 κρί-

77 2509 229 2545 νοιτο
260 2496 363 2545 καὶ
392 2492 773 2561 ἁνομοιούσιος
798 2489 937 2546 εἶναι
957 2493 1291 2546 καθέκαστον
1314 2507 1326 2520 ·
1355 2490 1447 2543 καὶ
1469 2488 1544 2559 μὴ
1575 2488 1676 2561 μιᾷ

75 2585 178 2636 καὶ
202 2587 270 2653 τῇ
298 2585 443 2652 αὑτῇ
463 2584 759 2638 ὑποστάσει
782 2586 849 2639 ἐκ
866 2584 1134 2654 διαφόρων
1152 2580 1349 2635 οὐσιῶν
1372 2581 1468 2634 καὶ
1497 2594 1673 2650 προσ-

78 2677 249 2728 ώπων
272 2674 589 2745 διορίζοιτο.

1781 1856 1887 1910 isto
1914 1856 2167 1912 dissimili
2193 1857 2433 1912 essentia
2473 1870 2639 1925 equo,
2672 1862 2728 1909 et
2752 1855 2853 1907 ista
2886 1855 3092 1923 aquila,
3142 1863 3199 1908 et
3238 1853 3347 1909 isto

1777 1949 1977 2010 culice,
2014 1957 2071 2003 et
2122 1949 2230 2002 isto
2278 1948 2593 2017 elephantis,
2621 1955 2671 2002 et
2704 1946 2941 2015 reliquis
2971 1945 3350 2015 per-ordinem

1777 2040 2035 2094 essentiis
2060 2039 2433 2103 conferamus,
2473 2038 2896 2093 similitudinem
2944 2038 3065 2106 ejus
3098 2035 3353 2091 essentia:

1777 2128 1980 2196 cuique
2031 2127 2346 2196 singulatim
2381 2126 2593 2180 homini
2620 2127 2819 2180 horum
2842 2126 2937 2195 qui
2960 2124 3212 2179 eamdem
3261 2138 3351 2180 es-

1779 2215 2012 2269 sentiam
2045 2215 2255 2269 habent
2308 2226 2444 2284 puto
2474 2215 2615 2270 hanc
2653 2216 3109 2286 consequentiam
3157 2229 3351 2271 neces-
3390 2248 3391 2251 η

1778 2304 1925 2359 sario
1961 2304 2238 2358 adducere
2261 2319 2359 2373 per
2392 2304 2785 2360 subsistentias
2811 2319 3043 2359 numero
3083 2305 3344 2374 tequales,

1774 2401 1837 2447 ut
1867 2392 2127 2448 Salomon
2167 2393 2527 2459 ostendatur;
2553 2403 2610 2447 et
2643 2402 2722 2446 tot
2739 2392 3111 2450 subsistentia:
3150 2411 3346 2455 neces-

1775 2485 1923 2540 sario
1948 2484 2277 2548 habeantur,
2306 2491 2439 2552 quot
2462 2482 2727 2536 essentizc
2764 2494 3068 2541 occurrunt
3115 2488 3194 2543 illi
3254 2503 3349 2544 es-

1776 2574 1953 2629 sentia
1997 2573 2206 2627 similes
2257 2580 2313 2625 et
2369 2570 2685 2636 absimilcs;
2745 2570 2818 2624 ita
2874 2580 2933 2625 ut
2977 2572 3350 2645 comparando

1775 2677 2050 2734 quamque
2074 2662 2224 2715 illius
2249 2659 2668 2716 subsistentiam
2708 2661 3018 2713 cum‘omni
3042 2660 3347 2714 subsisten-

81 2771 159 2826 tia
181 2770 357 2825 simili
382 2769 465 2823 illi
496 2777 551 2822 ct
582 2767 867 2833 dissimili,
892 2765 1175 2838 judicctur
1206 2762 1444 2819 essentia
1482 2761 1678 2816 similis
1713 2767 1769 2815 et
1802 2756 2073 2811 absimilis
2112 2769 2233 2810 esse
2273 2753 2627 2825 singulatim,
2671 2765 2855 2822 neque
2897 2764 3009 2803 una
3055 2748 3348 2805 eteadem

79 2860 562 2921 subsistentia-ab
626 2860 881 2913 essentiis
914 2868 969 2913 et
1039 2860 1290 2927 personis
1350 2853 1587 2908 diversis
1626 2853 1999 2907 discernatur.

166 2955 313 3007 Ἀλλ’
341 2954 451 3013 ἓως
488 2952 618 3003 πότε
652 2952 799 3019 ἡμᾶς
825 2952 937 3013 τοῖς
969 2948 1113 3002 οὕτω
1142 2948 1262 3002 λίαν
1309 2945 1668 3016 ὡμολογημέ-

1847 2939 1954 2995 Sed
1984 2953 2276 3009 quousque
2298 2951 2403 2991 nos
2435 2936 2523 2990 his
2548 2935 2622 2989 ita
2636 2933 2939 2989 admodum
2953 2931 3214 2988 admissis
3234 2930 3347 2986 imo

80 3063 196 3107 νοις
235 3042 577 3110 ὲγκόπτετες
613 3036 761 3110 'Apa.
796 3038 906 3107 γὰρ
953 3037 1125 3111 οὕτως
1178 3037 1291 3089 ῐστε
1319 3035 1534 3105 ἀληθῶς
1574 3036 1672 3099 τὰς

1776 3029 2017 3099 peditis?
2048 3029 2190 3083 Num
2229 3026 2378 3081 enim
2411 3025 2491 3079 sic
2548 3039 2679 3100 vere
2728 3024 2884 3077 scitis
2928 3021 3350 3092 conjunctiones

82 3137 227 3208 πρὸς
269 3134 508 3202 διάφορα
561 3130 899 3200 συγκρίσεις,
940 3128 1093 3181 τοῦδὲ
1145 3145 1290 3190 τινος
1319 3129 1437 3189 ἑνὸς
1461 3127 1671 3181 δεῖσθαι

85 3227 359 3281 πλειόνων
397 3223 747 3276 ὑποστάσεων
768 3218 1007 3290 ἀριθμῷ,
1039 3218 1126 3272 διὰ
1150 3219 1251 3288 τὴν
1281 3220 1414 3288 πρὸς
1453 3220 1674 3270 πλείονα

81 3318 320 3383 διένεξιν
365 3313 570 3378 αὑτοῦ;
634 3314 743 3367 Καὶ
792 3312 875 3373 τίς
926 3312 1077 3380 ὑμῶν
1106 3310 1354 3374 ἀνέξεται
1392 3308 1553 3361 τοῦτο
1583 3309 1673 3361 λε-

81 3407 337 3476 γόντωνς
370 3404 562 3456 Ἔσται
588 3402 696 3471 γὰρ
731 3400 981 3454 ἐντεῦθεν
1008 3400 1360 3469 δηλούμενον,
1392 3398 1467 3461 ὼς
1498 3398 1591 3450 καὶ
1615 3397 1675 3450 τὸ

87 3497 417 3568 σύμμετρόν
445 3494 605 3565 τινιῆ
638 3510 748 3547 τισι
811 3492 988 3557 ξύλον,
1037 3493 1131 3568 καὶ
1186 3490 1407 3543 ἔλαττον
1449 3489 1671 3561 ἑτέρων,

87 3567 186 3642 καὶ
214 3587 408 3659 μεῖζον
457 3585 651 3650 ἄλλων,
700 3584 914 3652 ἑκάστῳ
943 3567 1084 3653 λόγῳ
1132 3580 1421 3650 ἐλλείψεώς
1472 3597 1533 3633 τε
1576 3580 1674 3632 καὶ

89 3677 409 3750 ὑπερϐολῆς
438 3676 529 3728 καὶ
560 3674 826 3740 ἰσότητος.
863 3673 1142 3740 ἀναλόγων
1171 3671 1388 3734 πάντως
1419 3669 1673 3740 δεόμενόν

90 3771 240 3822 ἐστιν
266 3767 649 3820 ὑποστάσεωνο
686 3764 774 3817 ἵνα
794 3768 861 3834 τῇ
898 3763 996 3832 μὲν
1020 3762 1211 3833 τοσῇδε
1257 3761 1490 3831 ἐλλείψει
1518 3760 1670 3830 μίαν,

91 3861 189 3913 καὶ
210 3858 407 3928 τοσῇδε
451 3857 611 3927 μίαν,
641 3857 735 3908 καὶ
767 3857 885 3917 ταῖς
913 3853 1134 3924 μυρίαις
1186 3853 1410 3921 μυρίας*
1481 3850 1541 3904 αὶ
1570 3850 1674 3904 πά-

91 3951 180 4004 λιν
214 3951 345 4020 τῇδε
377 3952 441 4016 τῇ
508 3946 780 4018 ὑπερϐολῇ
815 3946 944 4015 μίαν
999 3943 1350 4013 ἀντιστήσετε
1371 3957 1385 3972 ·
1419 3942 1515 3994 καὶ
1543 3939 1670 4008 τῇδε

92 4043 162 4111 τῇ
186 4039 517 4108 διαφερούσῃ
540 4037 810 4107 ὑπερϐολῇ
844 4034 992 4103 μίαν,
1033 4034 1126 4085 καὶ
1158 4030 1345 4093 ἁπλῶς
1374 4028 1512 4099 πρὸς
1538 4028 1671 4081 ἕκα-

96 4148 224 4185 στον
257 4130 365 4183 τῶν
391 4128 755 4197 διαφερόντων
786 4127 879 4179 καὶ
903 4126 1032 4178 ἴσων
1056 4124 1192 4177 ίδίαν
1220 4122 1333 4191 ἔχει
1377 4120 1670 4173 ὑπόστασιν

93 4224 197 4293 τὴν
233 4220 699 4291 σνγκρινομένηψ
732 4217 807 4281 ὡς
853 4216 1039 4269 λοιπὸν
1067 4215 1281 4284 ἄμετρα
1315 4209 1453 4265 εἶναι
1484 4212 1571 4263 ἀεὶ
1600 4210 1670 4263 τὰ

97 4311 523 4381 συγκρινόμενα,
561 4309 656 4361 καὶ
691 4308 789 4376 οὑχ
843 4306 901 4359 ἓν
949 4322 1003 4359 τι
1048 4309 1163 4367 τοῖς
1192 4303 1400 4356 πλείοσι
1441 4300 1668 4371 συγκρί-

1774 3119 2172 3183 ditl‘ercutium,
2199 3125 2255 3172 et
2279 3118 2367 3170 cui
2400 3115 2495 3169 uni
2535 3129 2693 3183 opus-
2730 3114 2802 3168 sit
2827 3112 3084 3182 pluribus
3112 3125 3350 3166 numero

1783 3210 2185 3270 subsistentiis,
2220 3219 2282 3264 ut
2341 3224 2370 3262 a
2400 3206 2654 3277 pluribus
2686 3204 2943 3259 diﬂ‘erat?
2968 3213 3025 3257 et
3078 3203 3204 3273 quis
3246 3216 3349 3257 vos

1777 3305 2033 3359 tolerabit
2089 3303 2144 3356 id
2192 3301 2483 3358 dicentes?
2538 3299 2657 3353 Erit
2716 3300 2868 3352 enim
2931 3296 3060 3351 inde
3114 3296 3347 3351 demon-

1773 3402 2028 3457 stratum,
2083 3393 2365 3463 quomodo
2428 3391 2636 3461 lignum
2686 3403 2947 3444 mensura
2995 3388 3205 3457 aequale
3246 3385 3346 3441 uni

1773 3484 1989 3539 cuidam
2022 3495 2119 3539 aut
2148 3484 2423 3554 pluribus,
2445 3491 2503 3537 et
2541 3481 2690 3537 aliud
2722 3482 2906 3534 minus
2931 3489 2988 3535 et
3019 3480 3200 3550 majus
3240 3493 3349 3534 ce-

1776 3582 2021 3628 terorum
2044 3575 2266 3643 cuique,
2299 3575 2515 3629 ratione
2554 3572 2938 3627 iul'erioritatis
2992 3579 3048 3626 et
3090 3570 3346 3640 superio-

1772 3665 1955 3719 ritatis
1994 3672 2052 3719 et
2085 3665 2440 3733 mqualitatis,
2501 3664 2733 3716 omnino
2777 3662 3035 3731 analogas
3092 3661 3342 3731 requirat

1771 3750 2198 3814 subsistentias;
2228 3750 2302 3802 ita
2335 3759 2396 3804 ut
2427 3749 2519 3802 tali
2556 3749 2915 3803 infcrioritati
2952 3764 3140 3813 unam,
3163 3756 3219 3803 et
3251 3749 3343 3806 tali

1772 3856 1959 3905 unam,
1988 3850 2046 3895 et
2069 3840 2315 3895 millibus
2340 3840 2511 3894 millia
2540 3839 3028 3909 comparaveritis;
3055 3848 3111 3893 et
3141 3840 3342 3895 iterum

1771 3932 1903 3988 huic
1932 3931 2396 4001 superioritatiet
2426 3930 2521 3985 tali
2553 3945 2742 3994 unam,
2791 3937 2848 3983 et
2889 3928 3022 3982 huic
3065 3927 3343 3985 diﬂ‘crenti

1770 4024 2145 4095 superioritati
2191 4038 2379 4084 unam.
2415 4030 2472 4077 et
2515 4036 2628 4076 uno
2665 4020 2838 4076 verbo
2885 4021 2956 4075 ad
2991 4021 3348 4090 unumquod-

1767 4131 1877 4187 que
1897 4115 2271 4170 ditl‘erentium
2289 4123 2340 4168 et
2360 4113 2659 4183 aequalium
2687 4112 2907 4182 propria
2935 4112 3177 4180 pertinet
3205 4111 3343 4166 sub-

1767 4206 2020 4263 iistentia
2074 4205 2121 4260 si
2190 4215 2571 4274 comparetur;
2641 4212 2703 4257 ut
2752 4203 2974 4257 demum
3064 4219 3345 4259 mensurae

1769 4295 2001 4352 diversae
2023 4296 2134 4351 sint
2164 4311 2382 4365 semper
2417 4304 2731 4363 comparata
2753 4307 2935 4363 neque
2970 4309 3138 4349 unum
3163 4294 3341 4365 quod-

95 4374 310 4456 νεσοαι.
347 4374 579 4469 Ὁμοίως
636 4399 693 4451 δὲ
827 4398 985 4466 φαιὸν
1025 4395 1223 4465 χρῶμα
1273 4392 1451 4464 λευκῷ
1479 4409 1537 4446 τε
1572 4392 1670 4446 καὶ

1776 4388 1896 4444 dam
1927 4387 2179 4458 pluribus
2201 4386 2508 4456 comparari
2533 4386 2730 4455 possit.
2768 4384 3039 4440 Similiter
3066 4394 3123 4439 et
3150 4384 3341 4440 fuscus

98 4492 292 4565 μέλανι
314 4491 407 4544 καὶ
435 4488 601 4560 ὠχρῷ
627 4489 723 4542 καὶ
750 4487 946 4560 πυρρῷ
992 4488 1087 4541 καὶ
1122 4486 1299 4557 ξανθῷ
1331 4486 1427 4540 καὶ
1482 4483 1669 4555 κυανῷ

97 4581 195 4635 καὶ
233 4579 448 4651 μυρίοις
490 4580 697 4649 ἑτέροις
735 4577 993 4647 διάφορον
1035 4574 1340 4638 καθεστὼς,
1385 4575 1481 4627 καὶ
1534 4574 1668 4644 πρὸς

102 4669 292 4740 ἕτερον
327 4669 486 4739 φαιὸν
516 4669 704 4740 ὅμοιον
739 4665 819 4731 ὃν,
851 4668 946 4720 δύο
979 4664 1038 4732 ἐξ
1073 4664 1316 4733 ἀνάγκης
1373 4664 1470 4716 καὶ
1500 4662 1691 4733 μυρία

96 4755 321 4826 ἀριθμῷ
363 4756 635 4810 δεικνύναι
665 4754 792 4808 ὄντα
820 4753 889 4806 τὰ
918 4751 1056 4820 φαιὰ
1101 4751 1310 4822 δεήσει’
1345 4749 1431 4803 ἵνα
1464 4748 1520 4801 ἓν
1569 4748 1669 4819 μὲν

96 4849 405 4920 τῷολευκῷ,
434 4849 491 4902 ἓν
522 4850 580 4903 δὲ
608 4847 685 4918 τῷ
719 4846 913 4917 μέλανι
947 4845 1337 4916 συγκρίνηται’
1384 4842 1443 4895 ἓν
1482 4841 1539 4895 δὲ
1588 4841 1669 4911 τῷ

97 4940 245 5011 ἄλλῳ
272 4940 416 5011 φαιῷ
473 4939 653 4993 καὶτὸ
686 4941 751 4990 ὲκ
801 4937 944 4990 λίνου
978 4938 1073 4989 καὶ
1094 4980 1099 4983 .
1122 4937 1273 5006 ἐρίου
1315 4932 1539 4997 πέπλον,
1573 4932 1669 4986 δύο

94 5030 270 5084 δεῖται
298 5030 651 5083 ὑποστάσεων
681 5027 761 5091 είς
807 5044 869 5080 τε
899 5027 1254 5096 παραστῆσαι
1284 5026 1383 5096 τὴν
1410 5024 1668 5095 ὁμοίωσιν

90 5116 195 5172 τοῦ
242 5119 390 5189 ἐρίου
433 5118 566 5187 πρδς
600 5117 662 5169 τὸ
711 5116 881 5187 ἔριον,
940 5117 1037 5169 καὶ
1082 5115 1180 5168 τοῦ
1228 5114 1376 5167 λίνου
1428 5113 1567 5185 πρὸς
1605 5112 1669 5165 τὸ

90 5207 275 5262 λίνον
320 5208 415 5261 καὶ
453 5207 546 5260 δύο
572 5207 652 5260 δεῖ
674 5205 839 5261 οἴκων
869 5206 1004 5275 πρὸς
1031 5205 1092 5258 τὸ
1115 5204 1319 5268 γνῶναι
1362 5206 1431 5259 τὰ
1469 5203 1667 5274 ὀμοού-

95 5312 192 5351 uta
216 5296 327 5350 τῶν
348 5295 518 5363 ξύλων
549 5296 646 5348 καὶ
691 5295 853 5349 λίθων
875 5294 984 5346 τῶν
1010 5296 1067 5347 ἐν
1090 5293 1246 5365 αὑτῷ
1263 5310 1277 5324 ·
1327 5293 1426 5347 καὶ
1482 5292 1667 5355 ἁπλῶς

97 5388 343 5444 ἂπαντα-
370 5386 541 5452 οὕτως
589 5387 702 5457 ἔχει
746 5386 816 5440 τὰ
867 5385 1070 5441 ταιάδεδ
1125 5385 1187 5439 Et
1232 5385 1303 5439 δὶο
1334 5384 1508 5439 ταῦτα
1573 5384 1667 5438 καὶ

102 5481 417 5551 μειρακίοις.
464 5480 653 5549 λέγειν⁸
681 5477 1100 5548 ἀσύγγνωστον,
1144 5477 1438 5532 ἀκουστέον
1492 5475 1667 5547 ὀρθῶς

98 5572 160 5625 τὸ
206 5573 498 5643 λεγόμενον
571 5573 829 5639 ευοεὸωῖ,
891 5573 974 5625 ὅτι
1045 5572 1174 5642 tua;
1216 5570 1381 5639 οὔσης
1426 5568 1518 5623 καὶ
1567 5569 1665 5639 τῆς

101 5665 269 5739 αὐτῆς
298 5667 650 5729 ὑποστάσεως
697 5665 792 5719 τιύ
823 5657 1095 5718 Δεσπότου
1128 5660 1287 5735 ἡμῶν
1327 5661 1498 5734 Ἰησοῦ
1530 5662 1666 5733 Χρι-

1770 4481 1922 4537 color
1947 4480 2095 4545 albo,
2131 4478 2311 4549 nigro,
2339 4478 2479 4532 ﬂavo
2505 4478 2702 4544 rubro,
2734 4477 2974 4533 cacruleo
2996 4487 3052 4533 et
3088 4476 3251 4532 viridi
3283 4489 3341 4534 et

1768 4572 1920 4627 mille
1962 4571 2087 4626 aliis
2118 4570 2405 4625 dissimilis
2454 4578 2574 4636 est;
2620 4578 2829 4624 etcum
2868 4569 3030 4625 alteri
3082 4570 3240 4626 fusco
3267 4570 3342 4625 si-

1773 4664 1915 4721 milis
1935 4672 2040 4729 est,
2077 4663 2218 4719 duos
2252 4662 2568 4718 necessario
2611 4668 2669 4718 et
2706 4663 2858 4717 mille
2893 4676 3126 4718 numero
3161 4669 3343 4718 osten-

1769 4765 1915 4810 dere'
1952 4754 2157 4811 fuscos-
2180 4753 2484 4824 oportebit,
2517 4760 2579 4807 ut
2640 4768 2786 4809 unus
2813 4753 2963 4817 albo,
2996 4770 3142 4809 unus
3184 4754 3345 4826 nigro

1769 4855 2159 4917 comparetur;
2192 4845 2286 4901 uni
2333 4853 2521 4899 autem
2571 4840 2718 4908 velo,
2752 4844 2870 4911 alio
2923 4844 3080 4899 fusco
3131 4845 3341 4907 colore.

1769 4952 1833 4992 ex
1864 4938 1981 4992 lino
2012 4947 2069 4993 et
2090 4938 2223 4992 lana
2248 4947 2421 5000 tento,
2457 4934 2673 4989 duabus
2704 4950 2846 5002 opus
2890 4943 2975 4989 cst
3025 4934 3339 4990 subsisten-

1771 5029 1862 5084 tiis
1882 5028 1954 5082 ad
1975 5025 2409 5097 comparandam
2438 5023 2863 5087 similitudinem
2912 5024 3050 5080 lanae
3101 5040 3225 5080 cum
3265 5024 3344 5079 la-

1769 5135 1867 5184 na,
1887 5119 1984 5173 lini
2010 5133 2138 5175 cum
2158 5116 2315 5175 lino:
2345 5125 2402 5171 et
2434 5114 2558 5170 dum
2590 5116 2923 5171 necessariae
2964 5125 3095 5171 sunt
3142 5114 3342 5170 domus

1768 5209 1835 5264 ad
1866 5205 2306 5279 cognoscendam
2324 5206 2586 5260 essentia:
2606 5204 3030 5261 similitudinem
3064 5206 3367 5277 lignorum-

1767 5299 2097 5370 etiapidnm
2135 5298 2341 5369 quibus
2356 5305 2644 5364 constant,
2704 5308 2762 5353 et
2790 5314 2903 5354 uno
2937 5299 3109 5354 verbo
3156 5297 3369 5355 omnia.

1768 5390 1849 5445 sic
1893 5389 2347 5445 taliasehabent.
2384 5387 2442 5444 Si
2473 5403 2612 5444 vero
2636 5388 2758 5445 haec
2810 5388 2997 5444 dicere
3040 5385 3365 5459 juvenibus,

1766 5482 1996 5539 minime
2035 5480 2362 5551 ignoscitur,
2399 5479 2927 5537 audiendumrecte'
2954 5489 3045 5536 est
3076 5480 3340 5551 quodpie

1767 5572 1992 5637 dicitur,
2021 5569 2259 5626 cumsiL
2277 5586 2409 5626 una.
2427 5582 2484 5627 ct
2508 5571 2700 5626 eadem
2730 5570 3090 5626 subsistentia
3111 5569 3339 5626 Domini

1768 5660 1942 5716 nostri
1985 5659 2115 5717 Iesu
2142 5658 2354 5716 Christi
2412 5661 2481 5716 in
2515 5661 2607 5715 illa
2650 5662 2835 5717 Deum-
2882 5659 3122 5716 Verbum
3159 5659 3343 5731 perte.
