3876 6310
1196 194 1265 208 bu.

88 310 253 377 1553

1065 305 1465 369 ADVERSUS
1506 302 2314 365 NESTORIANOS.—-LIB.
2360 303 2440 364 II.
2526 364 2533 369 .

3244 299 3390 365 15.55

88 436 160 473 σι
195 416 511 488 συναχθεῖσι
541 420 609 489 τῇ
639 415 943 487 προσλήψει
975 415 1072 486 τῆς
1094 415 1419 485 καινοτέρας
1452 413 1692 482 φύσεως.
1723 456 1733 473 ι

1827 427 1926 467 tem
1983 412 2314 469 recentioris
2356 420 2589 467 naturae.
2650 411 3148 468 Demonstrandum
3195 423 3383 471 autem

89 511 457 585 Προσεκτέον
493 510 550 563 δὲ
583 508 760 580 τούτῳ
808 509 998 579 σαφῶς
1031 507 1126 562 καὶ
1156 509 1250 561 ἐπὶ
1279 509 1386 560 τῶν
1422 507 1641 577 μύδρων
1677 522 1690 538 ·

89 608 206 658 καὶ
261 605 369 675 γὰρ
417 601 856 674 πριὺφεστώσης
903 603 1025 655 κατ’
1058 601 1196 656 ίδίαν
1242 602 1542 654 ὑπόστασιν
1597 600 1696 668 τῆς

97 696 301 769 μάζης
329 694 424 750 τοῦ
458 696 708 767 σιδήρου,
750 691 869 749 εἶτα
899 695 980 754 εἰς
1029 697 1263 765 κάμινον
1307 693 1696 762 εἰσαγομένης,

93 789 290 859 πυρὸς
328 790 492 858 φύσις
538 790 677 858 αὑτῇ
743 788 1120 856 ὲπιγεννᾶται,
1175 785 1298 840 οὔτε
1338 785 1532 856 πρώην
1571 781 1699 837 οὔτε

99 879 225 951 ἰδίᾳ
258 880 391 933 ποτὲ
444 879 804 946 ὑποστάντος,
832 879 950 932 ἀλλ’
991 881 1050 932 ἐν
1113 879 1249 946 αὑτῇ
1289 893 1303 907 ⁸
1346 879 1410 929 ὲκ
1450 877 1548 946 μὲν
1601 875 1700 943 τῆς

98 973 353 1043 καμίνου
385 973 690 1043 τεχθέντος,
727 972 885 1035 ἐκτὸς
911 971 968 1025 δὲ
991 971 1165 1038 αὑτῆς
1195 972 1252 1023 ὲν
1278 972 1343 1040 τῇ
1379 969 1495 1040 ἰδέᾳ
1515 967 1700 1037 δικαίᾳ

96 1063 286 1116 αὑτοῦ
319 1063 419 1135 τὴν
470 1064 769 1118 ὑπόστασιν
797 1063 1041 1134 ἔχοντος,
1075 1065 1168 1117 καὶ
1211 1064 1274 1116 τὸ
1307 1064 1364 1115 ὲν
1387 1065 1452 1133 τῇ
1483 1060 1700 1132 καμίνῳ

99 1153 234 1226 πῦρ
261 1157 362 1209 οὑκ
399 1155 872 1226 άπομειὼσαντος.

704 1270 958 1325 ΚΕΦΑΛ.
1023 1271 1106 1324 H'.

182 1382 251 1435 Εἰ
274 1382 412 1445 ὅλως
441 1380 652 1452 ὑπέστη
682 1382 711 1435 ό
754 1381 815 1446 ἐξ
838 1381 999 1451 ἡμῶν
1026 1381 1314 1454 ἄνθρωπος
1342 1384 1401 1435 έν
1445 1382 1521 1452 τῷ
1545 1383 1666 1452 Θεῷ
1686 1422 1701 1444 .

99 1473 239 1537 πῶς
274 1472 375 1526 οὑκ
399 1471 641 1543 ἔρρωται
674 1473 768 1524 καὶ
801 1471 949 1525 ἐστιν
977 1474 1011 1542 ἡ
1043 1472 1341 1536 ὑπόστασις
1355 1472 1450 1526 τοῦ
1467 1471 1528 1539 ἐξ
1546 1473 1704 1544 ήμῶν

99 1563 409 1635 ἀνθρώπου
446 1558 599 1635 ἐν’τῇ
650 1564 948 1617 ὑποστάσει
979 1563 1075 1619 τοῦ
1115 1564 1251 1618 θεοῦ
1286 1566 1495 1634 Λόγους
1526 1566 1622 1620 καὶ
1655 1567 1704 1619 εί

106 1656 197 1727 μὴ
225 1656 462 1726 ἔρρωται
490 1658 583 1710 καὶ
610 1656 760 1709 ἐστιν
789 1657 820 1727 ή
853 1657 1149 1721 ὑπόστασις
1180 1657 1276 1710 τοῦ
1315 1658 1375 1722 ἐξ
1416 1658 1574 1727 ἡμῶν
1606 1658 1703 1711 ἀν·-

1806 504 1912 558 hoc
1938 502 2089 557 clare
2118 503 2176 558 in
2202 502 2373 558 ferris
2402 501 2777 558 candentibus
2810 519 2823 555 :
2865 503 3072 559 etenim
3120 503 3369 575 praeessi-

1803 594 1969 649 stenti
2004 594 2308 650 secundum
2333 593 2613 665 prepriam
2633 594 3049 650 subsistentiam
3075 593 3208 649 ferri
3239 611 3382 650 mas-

1802 700 1897 748 sa).
1930 685 2131 740 deinde
2171 685 2225 739 in
2252 684 2433 740 focum
2466 684 2723 751 inductae,
2746 686 2891 756 ignis
2910 693 3114 740 natura
3140 685 3381 742 innasci.

1803 783 1916 838 tur,
1946 792 2130 846 neque
2158 788 2319 831 antea
2348 792 2529 847 neque
2557 778 2850 848 separatim
2886 777 3258 842 subsistentis,
3287 780 3383 833 sed

1806 867 1861 922 in
1886 868 2007 938 ipsa
2038 883 2239 923 massa.
2275 868 2412 924 Cum
2460 884 2587 924 vero
2618 885 2649 925 e
2675 869 2798 925 foco
2844 870 3044 925 educta
3077 879 3181 935 est,
3230 880 3385 926 extra

1804 975 1864 1015 se
1892 961 1950 1014 in
1976 975 2105 1015 vera
2135 959 2310 1014 forma
2342 961 2484 1031 ignis
2504 960 2920 1017 subsistentiam
2940 962 3130 1028 habet,
3158 972 3214 1018 et
3246 964 3386 1034 ignis
3420 968 3429 980 '

1805 1051 1861 1106 in
1887 1051 2009 1107 foco
2034 1067 2144 1107 non
2169 1053 2476 1109 diminutus
2502 1063 2631 1109 est.-

2435 1265 2588 1322 CAP.
2624 1260 2815 1324 VIII."-

1879 1382 1936 1436 Si
1988 1380 2043 1435 in
2075 1379 2347 1436 totalitate
2380 1379 2629 1435 substitit
2660 1380 2757 1450 qui
2790 1396 2823 1436 e
2866 1381 3028 1437 nobis
3072 1366 3392 1438 erat'homo
3426 1418 3433 1423 ρ

1808 1473 1865 1528 in
1896 1473 2030 1537 Deo,
2062 1470 2341 1541 quomodo
2364 1485 2477 1525 non
2499 1469 2727 1535 dicitur,
2764 1485 2871 1527 nec
2898 1480 2986 1526 est
3014 1472 3180 1527 etiam
3206 1473 3390 1528 subsi-

1812 1565 2016 1620 stentia
2045 1564 2292 1619 hominis
2320 1579 2351 1618 e
2378 1561 2543 1618 nobis
2578 1562 2799 1617 oriundi
2819 1563 2873 1617 in
2905 1564 3260 1619 subsistentia
3294 1564 3391 1620 Dei

1811 1654 2018 1738 Verbi?
2043 1662 2097 1709 et
2121 1654 2166 1709 si
2196 1670 2307 1708 non
2343 1653 2549 1708 dicitur
2578 1669 2683 1709 nec
2715 1662 2799 1709 est
2824 1653 3181 1710 subsistentia
3217 1654 3402 1710 homi-

103 1745 344 1818 θρώπου
368 1750 425 1800 ἐν
453 1746 531 1818 τῷ
561 1747 682 1817 Θεῷ
727 1748 886 1818 Λόγῳ
906 1790 920 1812 ,
953 1747 1071 1810 πῶς
1091 1749 1215 1818 οὑχὶ
1250 1748 1528 1802 ἀπόλωλεν
1571 1749 1705 1801 ὑπο⁹

1827 1748 1898 1803 iis
1925 1763 1955 1801 e
1987 1746 2150 1802 nobis
2183 1745 2406 1802 oriundi
2454 1745 2512 1800 in
2551 1746 2665 1800 Deo
2698 1745 2903 1812 Verbo,
2951 1748 3233 1816 quomodo
3281 1765 3393 1805 non

105 1838 297 1891 στᾶσιι
326 1836 360 1907 ἢ
387 1837 508 1891 οὑδὲ
532 1838 669 1901 ὅλως
689 1836 786 1907 τὴν
812 1838 987 1907 ἀρχὴν
1020 1838 1259 1907 ὑπέστη;
1292 1834 1438 1910 *Δρα
1460 1838 1569 1909 γὰρ
1596 1840 1704 1892 πᾶν

104 1929 138 1981 ὃ
179 1946 267 1991 τις
299 1927 441 1982 εἴποι
475 1925 615 1981 εἶναι
648 1929 745 1981 καὶ
782 1928 1116 1997 ὑφεστάναι,
1178 1929 1272 2001 ἤδη
1305 1932 1398 1983 καὶ
1433 1930 1538 2003 ίδίᾳ
1565 1927 1707 1985 εἷναί

107 2041 257 2095 φησι
283 2042 299 2089 ;
329 2023 537 2077 Οὑκοῦν
571 2025 693 2076 ἐπεὶ
727 2020 869 2077 εἶναί
898 2042 1079 2095 φαμεν
1118 2026 1212 2077 καὶ
1240 2025 1605 2095 ὑφεστηκέναι
1649 2027 1707 2079 ἐν

104 2114 197 2185 τῷ
235 2115 509 2187 ἀνθρώπῳ
552 2118 708 2186 χεῖρα
753 2117 847 2168 καὶ
877 2115 1015 2168 ποῦν
1048 2116 1144 2169 καὶ
1175 2115 1346 2186 ὄνυχα
1407 2117 1502 2169 καὶ
1529 2111 1704 2188 ἧπαρ,

105 2208 223 2279 ἤδη
251 2209 346 2260 καὶ
371 2208 476 2278 ἰδίᾳ
504 2204 647 2261 εἶναι
674 2208 870 2271 ταῦτα,
906 2208 999 2261 καὶ
1023 2206 1458 2278 διακεκριμένως
1475 2207 1708 2262 ἕκαστον

105 2301 329 2356 τούτων
360 2301 502 2372 ἔχειν
523 2302 823 2355 ὑπόστασιν
844 2299 1142 2372 δοξάσομεν
1165 2318 1179 2366 ;
1205 2301 1313 2356 Καὶ
1330 2301 1453 2355 νοῦν
1478 2300 1536 2354 δὲ
1564 2295 1708 2354 εἶναι

109 2396 176 2448 ὲν
205 2394 353 2465 ψυχῇ
374 2433 390 2456 ,
424 2395 517 2447 καὶ
551 2396 608 2446 ἐν
638 2393 717 2463 τῷ
748 2393 961 2461 σώματι
987 2393 1358 2462 ὑφεστηκέναι
1407 2394 1468 2448 τὸ
1511 2394 1709 2464 χρῶμα

110 2484 392 2554 λέγομεν·
437 2480 549 2552 ἄρα
581 2479 673 2536 οὑν
727 2484 823 2536 καὶ
878 2482 1206 2547 ὑποστάσεις
1249 2482 1416 2537 τῶνδε
1475 2483 1711 2554 ζητήσο-

116 2593 270 2648 μεν;
320 2578 428 2630 Καὶ
464 2577 581 2640 πῶς
620 2575 686 2631 ἂν
716 2569 819 2630 ὧδε
849 2576 911 2629 τὸ
941 2575 1002 2628 έν
1035 2592 1140 2629 τινι
1186 2575 1480 2646 λεγόμενον
1523 2572 1663 2630 εἶναι
1691 2615 1707 2640 ,

117 2670 290 2740 ὑμεῖς
321 2670 455 2739 ἡμῖν
488 2668 619 2733 ἴσως
644 2668 1021 2741 έρμηνεὺσετε
1050 2686 1067 2736 ;
1112 2669 1274 2722 Ἀλλά
1302 2671 1361 2722 τὸ
1386 2668 1455 2722 τὰ
1484 2670 1711 2724 τοιαῦτα

115 2759 333 2828 λέγειν,
363 2759 505 2831 τάχα
531 2760 588 2813 δὲ
615 2760 708 2813 καὶ
727 2758 790 2812 τὸ
823 2759 1087 2821 τοιούτοις
1114 2758 1437 2829 ἀντιλέγειν,
1487 2758 1712 2830 ἀλογίαν

117 2855 155 2924 ἢ
191 2853 482 2925 λογιότητα
516 2853 717 2925 πολλὴν
755 2853 1212 2927 ὲπιμαρτὺρεται.

726 3126 977 3180 ΚΕΦΛΛ.
1023 3126 1100 3180 Θ¹.

209 3260 272 3316 El
300 3261 359 3313 ἐν
387 3259 466 3331 τῷ
493 3260 612 3331 Θεῷ
631 3261 790 3332 Λόγῳ
814 3260 996 3329 λέγεις
1019 3260 1323 3329 ὑφεστάναι
1349 3263 1440 3316 τὸν
1466 3264 1525 3329 ἐξ
1558 3265 1717 3335 ἡμῶν

129 3353 443 3424 ἄνθρωπον,
480 3353 597 3416 πῶς
620 3353 770 3423 αὑτῷ
792 3353 871 3420 τῷ
892 3352 1192 3423 ὑφεστάναι
1222 3394 1236 3417 ,
1280 3355 1381 3426 οὑχ
1419 3355 1718 3411 ὑπόστασιν

130 3445 317 3516 δηλοῖς
352 3444 499 3515 ἔχειν
538 3444 629 3498 τὸν
652 3445 1006 3511 ὑποστάντα;
1038 3445 1163 3497 Ὀτι
1203 3446 1301 3516 μὲν
1347 3446 1654 3516 ὑφέστηκεν
1690 3451 1720 3503 ὁ

132 3536 422 3608 ἄνθρωπος
451 3539 510 3590 έν
538 3537 616 3609 τῷ
643 3536 763 3607 Θεῷ
790 3536 973 3608 Λόγῳ,
1018 3536 1219 3608 μᾶλλον
1256 3537 1410 3606 ὑμῶν
1460 3537 1672 3610 βοῶμεν
1703 3553 1718 3570 ⁸

133 3629 281 3695 ἀλλ’,
310 3628 385 3692 ὠς
417 3627 614 3692 ἔοικεν,
663 3626 997 3681 ἐπελάθεσθε
1040 3628 1169 3699 περὶ
1217 3628 1341 3681 ὅτου
1388 3630 1526 3699 πρὸς
1576 3630 1725 3701 ἡμᾶς

131 3718 475 3790 διεφέρεσθε,
506 3720 596 3772 καὶ
619 3717 749 3773 ἄλλο
773 3718 871 3771 νῦν
893 3720 1197 3787 ἐγκαλεῖτε.
1245 3721 1319 3773 Τὸ
1336 3718 1444 3792 γάρ
1472 3720 1577 3793 ἰδίᾳ
1600 3721 1723 3776 καθ’

140 3811 288 3879 ὑμᾶς
319 3810 684 3878 ὑφεστηκέναι
705 3810 797 3863 τὸν
820 3809 1112 3879 ἑνούμενον
1134 3810 1285 3875 ἅπαξ
1310 3813 1487 3864 είπεῖν
1515 3810 1727 3883 ἀνθρώ-

141 3919 266 3967 πον,
294 3903 356 3955 οὑ
379 3902 790 3973 καταδεχόμεθα
811 3919 825 3933 ⁸
859 3904 946 3957 ἵνα
975 3904 1049 3974 μὴ
1075 3903 1170 3957 δύο
1196 3903 1449 3956 ἐντεῦθεν
1467 3903 1566 3969 τὰς
1595 3905 1729 3959 ὑποο

142 3996 360 4058 στάσεις
417 3997 732 4065 σῳζομένας
787 3998 846 4049 ὲν
903 3996 981 4066 τῷ
1029 3996 1285 4061 ἰδιάζοντι
1336 3997 1576 4069 ἑκατέρᾳ
1619 3997 1728 4051 τῶν

145 4087 518 4141 συνελθουσῶν
568 4087 712 4159 λόγῳ
756 4091 1214 4160 παραστήσαντες
1242 4127 1258 4153 ,
1303 4088 1403 4158 τὴν
1431 4088 1627 4143 ἕνωσιν
1665 4090 1730 4143 ἐκ

149 4179 367 4251 βάθρων
401 4180 817 4250 άνατρέψωμεν.
879 4180 947 4234 Et
989 4180 1100 4249 γάρ
1142 4180 1241 4233 καὶ
1279 4179 1387 4252 ἰδίᾳ
1418 4181 1731 4250 ὑφεστῶτος

144 4273 408 4341 ἑκατέρου
438 4271 546 4323 τῶν
580 4272 638 4324 ὲν
678 4269 922 4341 Χριστῷ,
952 4270 1141 4338 λέγετε
1179 4271 1404 4325 δυνατὸν
1436 4268 1578 4327 εἶναί
1607 4289 1729 4327 τινα

146 4363 342 4417 ἕνωσιν
391 4364 616 4429 sorore;
655 4365 726 4416 Ἢ
770 4363 891 4417 καθ’
920 4363 989 4433 ἢν
1033 4363 1130 4417 καὶ
1164 4362 1328 4417 Δαϐὶδ
1356 4365 1434 4436 τῷ
1484 4365 1730 4437 πολεμίῳ

1812 1840 1978 1912 periit
2005 1839 2227 1909 quando
2246 1834 2531 1909 supposita
2552 1844 2638 1893 est
2659 1837 2794 1904 Deo,
2811 1845 2906 1891 aut
2923 1853 3030 1892 non
3068 1840 3311 1894 totaliter
3341 1840 3393 1895 in

1812 1931 2090 2002 principio
2118 1930 2412 1986 substitit?
2457 1932 2599 1987 Num
2630 1932 2780 1987 enim
2829 1948 2992 1988 omne
3024 1933 3174 2004 quod
3198 1934 3397 2005 aliquis

1814 2022 2024 2077 diceret
2060 2038 2182 2078 esse
2210 2030 2267 2077 et
2307 2024 2631 2089 subsistere,
2663 2026 2776 2095 jam
2809 2041 3031 2095 quoque
3062 2027 3283 2097 proprie
3311 2042 3400 2083 es-

1815 2130 1874 2171 se
1905 2114 2091 2170 dicet?
2131 2130 2284 2186 ergo,
2327 2131 2450 2171 cum
2498 2131 2621 2171 esse
2653 2116 2892 2172 dicimus
2923 2123 2981 2172 et
3009 2117 3310 2173 subsistere
3341 2118 3397 2173 in

1812 2207 2040 2262 homine
2080 2223 2305 2262 manum
2337 2215 2394 2262 et
2427 2207 2646 2277 pedem,
2682 2224 2922 2280 unguem
2965 2217 3022 2264 et
3064 2210 3243 2288 jecur,
3284 2210 3398 2279 jam

1817 2313 2037 2368 quoque
2066 2298 2287 2368 proprie
2309 2314 2431 2354 esse
2466 2298 2580 2364 illa,
2607 2307 2664 2354 et
2692 2298 2954 2356 distincte
2982 2300 3243 2372 quodque
3272 2301 3397 2356 illo-

1818 2404 1939 2443 rum
1978 2388 2185 2444 habere
2219 2388 2633 2445 subsistentiam
2676 2390 3041 2461 putabimus?
3072 2403 3127 2447 et
3156 2400 3398 2447 mentem

1817 2495 1938 2534 esse
1988 2479 2044 2533 in
2094 2480 2301 2546 anima,
2347 2488 2405 2536 et
2455 2481 2512 2535 in
2546 2498 2781 2552 corpore
2823 2484 3123 2540 subsistere
3155 2484 3400 2540 colorem

1819 2570 2094 2633 dicimus;
2122 2588 2255 2627 num
2307 2571 2476 2642 igitur
2506 2573 2898 2630 subsistentias
2926 2590 3120 2630 eorum
3149 2575 3397 2646 inquire-

1819 2664 1981 2719 mus?
2013 2672 2070 2718 et
2098 2664 2379 2734 quomodo
2430 2664 2522 2719 hic
2559 2664 2790 2735 aliquid,
2839 2665 2986 2736 quod
3022 2666 3076 2721 in
3101 2666 3286 2737 aliquo
3310 2665 3397 2721 di-

1820 2755 1965 2811 citur
1989 2771 2131 2820 esse,
2165 2770 2263 2810 vos
2302 2755 2462 2811 nobis
2505 2756 2715 2826 pariter
2749 2757 3133 2827 explicabilis?
3161 2758 3257 2814 sed
3285 2758 3402 2815 hac

1821 2846 1953 2900 talia
1999 2846 2206 2933 dicere,
2259 2861 2496 2915 moxque
2548 2847 2751 2901 talibus
2782 2848 3184 2915 contradicere,
3222 2848 3400 2903 stulti-

1825 2938 1952 2992 tiam
1983 2948 2035 2992 et
2065 2937 2407 2992 dialecticam
2440 2939 2665 2993 multam
2699 2948 2952 2994 testatur.

2476 3117 2626 3174 CAP.
2660 3118 2750 3173 IX.

1896 3256 1953 3312 Si
1987 3255 2045 3310 in
2077 3255 2193 3310 Deo
2226 3253 2408 3309 Verbo
2431 3252 2575 3307 dicis
2605 3250 2913 3307 subsistere
2938 3251 3219 3307 hominem
3253 3267 3404 3307 eno-

1821 3348 1911 3403 bis
1956 3347 2275 3410 oriundum,
2327 3343 2612 3415 quomodo
2645 3342 2753 3397 hoc
2801 3341 2920 3412 ipso
2948 3340 3097 3412 quod
3127 3339 3431 3405 subsistit,»

1822 3456 1934 3495 non
1957 3439 2372 3495 subsistentiam
2404 3436 2654 3493 ostendis
2682 3435 2888 3490 habere
2917 3434 3070 3489 illum
3093 3432 3186 3504 qui
3218 3431 3403 3489 subsi-

1825 3526 1966 3588 stit?
2015 3531 2297 3591 hominem
2343 3529 2568 3601 quidem
2599 3528 2904 3584 subsistere
2956 3527 3013 3583 in
3052 3527 3167 3583 Deo
3199 3525 3403 3589 Verbo,

1825 3638 1928 3678 nos
1979 3623 2154 3692 magis
2184 3636 2350 3691 quam
2380 3636 2482 3676 vos
2523 3621 2865 3687 clamamus;
2901 3619 3021 3685 sed,
3058 3626 3120 3673 ut
3162 3618 3404 3681 videtur,

1827 3730 1940 3770 non
1972 3713 2449 3784 comprehenditis
2478 3712 2537 3766 in
2583 3728 2751 3781 quoa
2797 3711 2963 3766 nobis
3011 3711 3301 3775 diﬂ‘eratis,
3351 3719 3409 3767 et

1828 3805 1979 3861 aliud
2002 3819 2151 3859 nunc
2179 3802 2442 3872 obiicitis.
2464 3802 2704 3866 Etenim,
2729 3800 2978 3870 proprie,
3008 3808 3070 3854 ut
3093 3815 3193 3855 vos
3219 3801 3405 3865 vultis,

1830 3898 2136 3955 subsistere
2165 3896 2384 3951 unitum
2418 3893 2589 3950 semel
2614 3893 2801 3949 dicere
2839 3892 3145 3957 hominem,
3175 3908 3286 3946 non
3316 3892 3412 3947 ad-

1829 3991 2122 4056 mittimus,
2150 4005 2242 4057 ne,
2270 3988 2410 4043 duas
2455 3986 2707 4058 proinde
2733 3985 3120 4042 subsistentias
3166 3993 3412 4041 servatas

1832 4085 1890 4139 in
1915 4084 2132 4139 ratione
2156 4089 2452 4151 utramque
2498 4077 2945 4135 convenientium
2985 4076 3264 4147 propriam
3291 4073 3412 4131 em-

1831 4176 2014 4233 ciente
2043 4182 2388 4246 praestantes,
2416 4188 2447 4227 a
2493 4171 2868 4227 fundamentis
2901 4169 3164 4224 unionem
3192 4181 3411 4224 everta-

1833 4282 1977 4323 mus.
2016 4266 2073 4322 Si
2113 4266 2264 4320 enim
2305 4263 2531 4335 proprie
2556 4262 2812 4318 subsistit
2836 4269 3134 4330 utrumque
3160 4259 3216 4314 in
3249 4257 3414 4315 Chri-

1834 4369 1942 4423 sto,
1974 4357 2229 4413 dicitisne
2274 4355 2594 4427 possibilem
2613 4368 2736 4410 esse
2763 4355 2907 4408 inter
2927 4359 3224 4421 utrumque
3249 4350 3407 4405 unio-

150 4455 316 4509 αὑτοῦ
370 4453 564 4508 Γολιάθ
618 4455 761 4508 κατὰ
815 4455 917 4524 τὴν
987 4454 1310 4526 συμπλοκὴν
1397 4455 1492 4509 τοῦ
1566 4456 1729 4510 πολέ-

1835 4450 2002 4506 nem?
2029 4465 2100 4504 an
2139 4448 2336 4504 eodem
2367 4446 2535 4501 modo
2579 4460 2690 4515 quo
2719 4444 2891 4500 David
2920 4443 3148 4499 inimico
3178 4458 3280 4498 suo
3311 4440 3419 4498 Go-

155 4566 277 4617 μου,
333 4546 429 4600 καὶ
480 4548 580 4617 τὴν
636 4548 918 4618 ἐνέργειαν
975 4548 1077 4618 τῆς
1130 4548 1341 4602 ἐκείνου
1394 4549 1733 4619 ἀναιρέσεως

151 4640 429 4711 ἡνωμένος
473 4634 542 4711 ἦν
599 4655 775 4708 φατε;
841 4640 911 4692 Ἢ
950 4638 1073 4692 καθ’
1130 4639 1198 4711 ἢν
1262 4639 1463 4708 Ἰωσὴφ
1508 4643 1567 4693 ὲν
1631 4642 1729 4695 Αἰ-

149 4732 343 4803 γύπτῳ
406 4729 533 4797 ὢν,
585 4730 663 4801 τῷ
722 4731 982 4802 Βενιαμὶν
1041 4731 1259 4802 ἦνωτος
1335 4731 1407 4783 Ἦ
1478 4731 1603 4783 καθ’
1664 4735 1734 4804 ἥν

145 4825 179 4893 ἡ
208 4824 460 4895 ἐνέργεια
491 4822 587 4876 τοῦ
631 4823 896 4893 μουσικοῦ
928 4825 996 4894 τῇ
1029 4822 1262 4895 κιθάρας
1284 4822 1371 4876 Ἦ
1402 4839 1523 4877 τινα
1554 4825 1733 4879 τοιάν-

144 4916 202 4969 δε
230 4917 597 4986 ὑφεστηκέναι
615 4913 710 4970 οὖν
738 4917 995 4984 πάντως;
1030 4917 1122 4970 Ἐν
1148 4917 1499 4991 κοινῇδὲκαὶ
1533 4919 1631 4989 μιᾷ
1658 4921 1724 4990 τῇ

147 5010 446 5064 ὑποστάσει
474 5011 569 5063 τόν
595 5027 657 5062 τε
689 5009 861 5078 Λόγον
888 5011 984 5063 καὶ
1019 5010 1119 5081 τὴν
1150 5012 1329 5082 σάρκα
1357 5012 1476 5083 ἃμα
1503 5011 1723 5079 δοξάζο-

151 5120 248 5173 μεν
284 5104 455 5173 ’ήμεῖς
478 5117 491 5131 °
522 5102 680 5169 ὑμεῖς
699 5101 756 5154 δὲ
789 5103 838 5155 εί
876 5103 971 5154 καὶ
1004 5102 1080 5173 μὴ
1107 5105 1220 5165 τοῖς
1257 5104 1436 5176 ἡμῶν,
1461 5104 1595 5158 ἀλλὰ
1615 5107 1728 5169 τοῖς

148 5209 212 5259 γε
246 5192 554 5262 ὑμετέροις,
577 5190 694 5253 πῶς
716 5191 817 5243 οὑκ
849 5191 1242 5261 ὲπισκήπτετε,
1266 5192 1324 5245 έν
1350 5193 1427 5262 τῷ
1458 5193 1617 5263 Λόγῳ
1645 5193 1732 5246 λέ·

151 5299 338 5350 γοντες
361 5282 456 5335 καὶ
484 5280 639 5337 αὑτοὶ
669 5280 762 5333 τὸν
791 5278 1080 5349 ἄνθρωπον
1110 5274 1281 5345 εἷναις
1302 5280 1378 5332 Τὸ
1409 5281 1519 5352 γὰρ
1541 5279 1600 5333 ἐν
1621 5296 1729 5333 τινι

152 5374 439 5445 λεγόμενον
476 5369 613 5427 εἶναι
634 5414 648 5438 ,
682 5372 783 5442 τὴν
828 5369 1022 5423 ἕνωσιν
1061 5369 1158 5441 τὴν
1205 5371 1344 5442 πρὸς
1379 5371 1541 5424 αὑτὸν
1592 5388 1733 5441 μαρ-

160 5467 417 5538 τὺρεται·’
447 5465 587 5519 τὸδὲ
624 5463 730 5535 ίδίᾳ
756 5462 1022 5532 ἑκατέρου
1057 5461 1240 5531 λέγειν
1285 5462 1395 5514 τῶν
1444 5461 1745 5531 ὑποκειμέ.

49 5627 58 5636 ⁵
158 5576 262 5614 κων
295 5556 432 5614 εἶναι
456 5561 555 5632 τὴν
589 5559 888 5612 ὑπόστασιν
918 5596 935 5624 ,
975 5556 1076 5626 τὴν
1120 5555 1258 5627 πρὸς
1293 5554 1497 5624 ἄλληλα
1533 5554 1739 5609 τούτων

159 5651 434 5706 διάστασιν
473 5651 661 5719 σαφῶς
692 5650 948 5720 ὁμολογεῖ
976 5666 991 5681 ο
1031 5647 1206 5702 ταυτά
1239 5647 1297 5701 δὲ
1327 5647 1443 5717 ἅμα
1480 5646 1607 5718 περὶ
1640 5645 1736 5699 τοῦ

165 5745 322 5798 αὑτοῦ
354 5742 530 5812 λέγειν
557 5743 590 5813 ἢ
624 5745 840 5813 φρονεῖν
867 5782 879 5807 ,
912 5742 1033 5794 λίαν
1063 5740 1378 5810 ἁσύμϐατσι.

1832 4542 1992 4607 liath,
2023 4556 2123 4611 per
2149 4554 2348 4610 pugna:
2376 4536 2716 4602 conﬂictum,
2743 4548 2800 4592 et
2825 4537 2936 4591 vim
2965 4535 3205 4606 impetus
3232 4534 3414 4606 hujus,

1840 4634 2030 4690 unitus
2059 4633 2230 4688 fuerit
2270 4630 2505 4687 dicitis?
2530 4646 2601 4685 an
2638 4645 2705 4684 eo
2753 4628 2920 4684 modo
2970 4644 3081 4699 quo
3102 4628 3308 4698 Joseph
3361 4628 3419 4681 in

1836 4726 2070 4799 Egypto
2121 4724 2447 4796 Benjamino
2466 4723 2658 4778 unitus
2707 4722 2956 4777 fuit?an
3006 4720 3201 4802 eodem
3253 4720 3418 4775 modo

1838 4834 1951 4891 quo
1978 4819 2177 4875 musici
2201 4818 2371 4873 ardor
2397 4817 2455 4871 in
2475 4831 2575 4872 sua
2600 4816 2818 4871 cithara
2840 4814 2865 4868 ?
2891 4829 2960 4868 an
2984 4813 3226 4882 aliquam
3255 4805 3419 4867 talem

1840 4911 2144 4967 subsistere
2168 4908 2397 4963 omnino
2421 4904 2801 4961 contenditis?
2827 4903 2882 4958 in
2917 4901 3202 4958 communi
3235 4910 3420 4957 autem

1835 5010 1891 5056 et
1919 4995 2422 5054 una'subsistentia
2467 4993 2819 5049 Verbum'et
2862 5007 3086 5046 carnem
3133 4990 3296 5053 simul
3320 5003 3422 5046 nos

1838 5098 2199 5161 reputamus;
2234 5102 2335 5141 vos
2371 5101 2502 5139 vero
2534 5084 2640 5140 etsi
2684 5099 2797 5139 non
2833 5083 3063 5151 nostris,
3105 5082 3202 5138 sed
3246 5093 3303 5139 et
3332 5098 3433 5140 ve-

1838 5183 1970 5238 stris
1996 5177 2291 5236 sententiis
2306 5175 2711 5247 quomodonon
2733 5174 2977 5240 haeretis,
2995 5175 3175 5244 ipsum
3202 5174 3258 5228 in
3282 5172 3419 5229 νει·-

1841 5276 1913 5330 bo
1953 5288 2052 5329 vos
2078 5270 2269 5327 dicitis
2318 5278 2377 5325 et
2418 5267 2703 5324 hominem
2730 5266 2898 5324 esse?
2944 5265 3150 5337 aliquid
3184 5266 3332 5321 enim
3367 5265 3422 5321 in

1843 5367 2030 5436 aliquo
2061 5377 2183 5419 esse
2213 5361 2260 5417 si
2287 5361 2525 5427 dicatur,
2562 5357 2693 5441 unio
2717 5359 3011 5429 utriusque
3040 5356 3385 5430 signiﬁcatur
3406 5400 3422 5424 ,

1844 5459 1889 5515 si
1911 5458 2339 5512 dicaturautem
2371 5452 2597 5524 proprie
2620 5467 2743 5508 esse
2772 5451 3189 5507 subsistentiam
3213 5450 3424 5506 utrius-

1842 5546 2419 5620 quersuppositorum,
2452 5544 2736 5600 distinctio
2760 5543 2906 5600 inter
2929 5552 3229 5614 utrumque
3277 5542 3425 5598 clare

1840 5640 2183 5705 ostenditur;
2214 5638 2409 5695 eadem
2446 5653 2576 5693 vero
2599 5637 2764 5693 simul
2794 5638 2862 5693 de
2882 5636 3077 5692 eodem
3111 5636 3296 5692 dicere
3333 5645 3426 5690 aut

1842 5737 2105 5808 cogitare,
2150 5733 2381 5790 nimium
2412 5731 2711 5787 absurdum
2748 5728 2990 5785 videtur.
