3876 6310
99 300 255 368 1557

1076 311 1474 374 ADVERSUS
1517 307 2156 372 NESTORIANOS.-
2184 314 2330 372 LIB.
2375 315 2454 373 II.

3250 316 3387 382 1558

102 418 218 472 τοῦ
250 419 462 489 lla-cpit;
493 421 962 493 μαρτυρούμενος,
983 422 1074 477 δύο
1091 425 1260 477 ὄντων
1291 426 1385 478 καὶ
1405 423 1696 494 διαφόρων,

1818 424 1979 484 Filiis,
2014 441 2153 494 quos
2179 426 2384 490 dicitis,
2416 426 2762 483 autCltristis
2780 427 3068 500 adjicietis,
3098 439 3193 485 aut
3218 429 3389 503 igitur

93 509 343 573 είκότως
364 510 459 563 τὸν
477 511 575 564 ἕνα
603 512 711 565 τῶν
741 512 866 565 καθ’
898 514 1043 584 ὑμᾶς
1081 514 1223 588 Υίῶν
1249 515 1279 585 ἢ
1303 514 1557 585 Χριστῶν
1589 531 1699 566 πα·

98 601 464 670 ραγράψετευ
498 603 529 674 ἢ
562 602 657 656 οὖν
704 604 795 657 τὸν
845 604 1244 676 βαπτιζόμενον
1291 609 1351 659 τὸ
1393 606 1699 671 τηνικαῦτα

93 693 330 762 ὁρατὸν,
361 695 393 764 ἢ
425 696 516 747 τὸν
552 697 615 747 ἐκ
644 696 741 749 τοῦ
787 698 1003 767 Πατρὺς
1044 698 1150 767 πρὸ
1187 698 1400 752 αἰώνων
1428 698 1659 770 ἀόρατον
1680 739 1695 757 ,

96 790 411 857 ἀναγκαῖον
460 789 607 856 ὑμᾶς
653 791 1102 862 παραιτήσασθαι
1142 809 1155 821 ·
1214 792 1310 845 ἕνα
1360 790 1471 859 γὰρ
1534 790 1697 860 μόνον

99 879 281 932 αὑτοῦ
309 876 447 933 εἶναι
483 882 607 934 Υἰόν
648 900 783 952 φησι
817 883 1013 947 ἑνικῶς
1045 885 1073 936 6
1100 884 1286 954 Πατήρ
1317 900 1328 913 ·
1353 883 1433 936 ἔτι
1466 884 1571 952 μὴν
1607 882 1702 935 καὶ

97 971 375 1041 αἰσθητὸν
415 974 536 1026 ἐπεὶ
588 974 683 1027 καὶ
728 975 1017 1037 δεικτικῶς
1066 976 1231 1047 ἡμῶν
1258 977 1367 1039 τοῖς
1400 975 1700 1044 ὀφθαλμοῖς

100 1065 353 1132 ἐμήνυεν
383 1066 411 1117 6
436 1065 626 1136 Πατὴρ
656 1067 745 1119 τὸν
774 1069 1060 1136 ἀγαπητὸν
1081 1068 1277 1121 ἑαυτοῦ
1311 1069 1441 1121 Υἱόν
1465 1084 1478 1096 ·
1513 1068 1573 1131 ὃς
1605 1068 1703 1121 καὶ

100 1157 289 1222 Λόγος
318 1157 550 1230 ἀόρατος
578 1158 949 1229 ὡμολόγηται.
990 1162 1059 1214 Ἦ
1081 1161 1173 1214 οὖν
1188 1160 1388 1232 ψευδὴς
1410 1163 1441 1231 ἡ
1475 1161 1568 1213 τοῦ
1590 1161 1704 1213 Πα-

98 1247 244 1316 τρὸς
278 1250 576 1319 μαρτυρία,
629 1251 661 1322 ἢ
717 1253 982 1323 περιδεῶς
1023 1255 1088 1308 ἐκ
1119 1254 1213 1307 τοῦ
1251 1254 1436 1322 λογίου
1476 1254 1603 1318 δόξα
1631 1253 1700 1323 ’ἢ

100 1338 284 1409 ἄμφω
309 1341 334 1391 6
361 1341 523 1405 αὑτὸς
545 1338 611 1413 ἦν
642 1347 668 1397 6
695 1346 1142 1417 μαρτυρούμενος
1160 1346 1313 1411 Υἱὸς,
1332 1345 1588 1417 αἰσθητὸς
1611 1346 1705 1401 καὶ

100 1430 364 1501 ἀόρατος.

728 1532 981 1587 ΚΕΦΑΛ.
1011 1534 1109 1589 ιΒε.

188 1620 253 1672 Εἰ
283 1622 423 1674 κατά
462 1622 627 1690 φύσιν
680 1625 850 1694 μηδὲν
878 1626 1129 1696 διαφέρει
1179 1626 1242 1679 τὸ
1282 1626 1457 1696 ,σῶμα
1494 1626 1705 1697 Πέτρου

103 1710 212 1764 τοῦ
244 1712 498 1782 σώματος
522 1715 759 1781 Παύλου,
789 1716 910 1779 πῶς
939 1717 1009 1772 ἂν
1039 1719 1158 1772 καθ’
1185 1718 1484 1773 ὑπόστασιν
1505 1720 1563 1772 οὑ
1589 1719 1705 1773 δια-

1803 516 2140 586 baptizatum
2168 526 2226 573 et
2248 527 2383 573 tunc
2409 519 2710 586 visibilem,
2738 528 2833 575 aut
2856 536 2923 575 ex
2953 522 3113 577 Patre
3140 524 3386 594 genitum

1802 617 1927 664 ante
1961 611 2159 675 saecula
2188 610 2545 675 invisibilem,
2571 627 2797 668 necesse
2824 622 2909 667 est
2937 629 3036 669 vos
3066 615 3383 683 implorare.

1804 700 1984 755 Unum
2020 700 2167 756 enim
2201 704 2376 757 solum
2423 720 2582 759 suum
2631 719 2754 759 esse
2794 704 2993 759 Filium
3044 705 3206 761 unice
3251 706 3387 762 dicit

1802 793 1984 848 Pater.
2021 794 2218 850 Adhuc
2249 804 2307 850 et
2332 796 2628 852 visibiliter
2662 806 2717 852 et
2743 806 2934 868 aperte
2959 798 3165 854 nostris
3211 799 3390 855 oculis

1804 884 2067 941 indicavit
2098 886 2259 942 Pater
2281 887 2543 943 dilectum
2577 904 2738 943 suum
2781 889 3001 949 Filium.
3034 890 3128 959 qui
3162 898 3219 945 et
3252 890 3389 945 Ver—

1804 976 1935 1031 bum
1980 977 2258 1033 invisibile
2302 980 2644 1048 agnoscitur.
2695 982 2840 1053 Ergo
2882 990 2977 1036 aut
3024 981 3257 1038 mendax
3304 993 3389 1037 est

1802 1066 1982 1123 Patris
2013 1069 2410 1137 testimonium,
2438 1071 2522 1125 vel
2554 1086 2587 1126 e
2627 1072 2901 1141 stupende
2928 1071 3153 1128 oraculo
3182 1071 3390 1143 gloriﬁ-

1804 1157 1977 1224 catio;
2011 1167 2108 1215 aut
2138 1170 2370 1230 uterque
2397 1160 2542 1216 idem
2567 1170 2654 1217 est
2683 1163 2854 1219 Filius
2890 1164 3264 1220 testimonium
3296 1177 3396 1220 aes

1804 1250 2035 1320 cipiens,
2064 1252 2343 1308 sensibilis
2373 1262 2430 1309 et
2459 1253 2712 1310 visibilis.

2578 1562 2592 1576 .
2635 1521 2755 1576 XII.

1877 1610 1933 1667 Si
1966 1610 2272 1667 secundum
2323 1519 2592 1667 ualuerit:
2794 1611 2982 1667 diﬁ‘ert
3010 1613 3157 1669 Petri
3192 1631 3398 1697 corpus

1808 1717 1840 1755 a
1866 1716 2096 1771 corpore
2125 1701 2300 1766 Pauli,
2333 1701 2613 1771 quomodo
2642 1703 2948 1759 secundum
2981 1706 3394 1762 subsistentiam

106 1805 316 1872 φέροι;
350 1805 411 1857 Εἰ
438 1805 495 1858 δὲ
535 1807 670 1877 μηδὲ
708 1808 831 1863 καθ’
877 1809 1177 1865 ὑπόστασιν
1226 1810 1479 1881 διαφέρει
1508 1851 1523 1875 ,
1556 1811 1619 1864 τὸ
1645 1810 1703 1864 δὲ

1818 1810 1919 1849 non
1945 1794 2228 1850 differret?
2255 1795 2342 1851 sin
2372 1805 2557 1853 autem
2588 1811 2700 1851 non
2735 1797 3041 1853 secundum
3086 1801 3394 1856 subsisten-

111 1896 265 1965 μήτε
295 1900 360 1967 τῇ
390 1896 573 1965 φύσει,
612 1900 751 1969 μήτε
782 1903 849 1969 τῇ
875 1901 1175 1956 ὑποστάσει
1196 1901 1477 1971 διαφέρον,
1509 1902 1707 1956 ταυτὸν

104 1989 184 2041 ἂν
216 1989 303 2057 εἴη
330 1990 470 2044 κατά
493 1991 691 2054 πάντα,
717 1991 836 2054 πῶς
862 1993 961 2046 οὑκ
994 1992 1145 2047 ἔσται
1180 1992 1388 2062 Πέτρου
1420 1991 1514 2049 καὶ
1558 1991 1708 2049 Παύ-

103 2080 237 2143 λου,
272 2078 331 2133 ἓν
360 2079 421 2133 τὸ
446 2080 606 2151 σῶμα
629 2083 724 2135 καὶ
757 2083 954 2137 ταυτὸν
985 2084 1124 2141 κατὰ
1156 2083 1330 2140 πάντα
1358 2122 1371 2143 .
1408 2083 1548 2153 ὅπερ
1577 2081 1708 2137 656-

103 2188 313 2238 νατον;
356 2172 517 2225 Ἀλλά
545 2172 764 2242 πρῶτον
799 2174 901 2244 μὲν
940 2175 1033 2227 καὶ
1083 2173 1243 2243 σῶμα
1293 2172 1545 2239 σώματος
1586 2174 1706 2227 δια-

108 2262 281 2333 φέρει
318 2263 462 2316 κατά
494 2264 656 2333 φύσιν
687 2265 785 2334 τὴν
813 2264 970 2329 ἰδίαν,
1001 2260 1067 2335 ἧς
1105 2265 1202 2318 νῦν
1239 2266 1337 2336 τὴν
1367 2265 1711 2336 κοινὴνήμῑν

105 2354 553 2424 ἀντεισηγάγετε
584 2356 633 2408 οἱ
652 2355 889 2411 τοσαῦτα
909 2356 1014 2426 πρὸ
1031 2356 1260 2427 βραχέος
1282 2359 1393 2419 τοῖς
1424 2358 1706 2423 εἰσάγουσι

108 2443 223 2512 τὴν
276 2443 464 2512 κοινὴν
504 2443 669 2514 φύσιν
699 2446 792 2498 ἐπὶ
830 2444 926 2498 τοῦ
970 2445 1262 2514 ἀνθρώπου
1319 2446 1707 2513 καταχέαντες.

110 2536 201 2591 Οὐ
228 2537 338 2606 γὰρ
355 2537 572 2600 ταυτὸν,
605 2536 730 2590 οὔτε
757 2537 839 2606 τῷ
866 2538 1108 2608 ἀριθμῷ,
1135 2535 1257 2590 οὔτε
1286 2538 1433 2609 πάσῃ
1465 2538 1710 2606 ποιότητι

110 2630 330 2697 φυσικῇ
351 2630 460 2682 πᾶν
489 2627 650 2698 σῶμα
680 2645 691 2658 ⁸
721 2629 883 2698 εἴπερ
924 2630 997 2698 μὴ
1029 2628 1229 2685 ταυτὸν
1274 2631 1337 2698 τῇ
1371 2628 1529 2697 φύσει
1577 2629 1710 2699 μηδὲ

110 2722 232 2782 πᾶς
258 2718 409 2782 λίθος
432 2721 528 2773 καὶ
558 2720 729 2788 φυτὸν
753 2721 846 2773 καὶ
871 2720 940 2774 τὰ
968 2722 1134 2779 λοιπά
1158 2736 1170 2749 ο
1199 2720 1295 2774 καὶ
1328 2725 1434 2789 γὰρ
1463 2719 1711 2790 ἀλλήλων

112 2811 399 2882 φθαρτικᾶ
421 2811 591 2865 πολλὰ
616 2812 759 2882 φυτά
789 2813 885 2867 καὶ
923 2812 1061 2866 λίθοι
1093 2829 1107 2844 ·
1145 2813 1416 2883 κα“ι.ὂμως
1441 2811 1581 2865 λίθοι
1615 2811 1713 2864 καὶ

113 2903 297 2973 φυτά·
337 2901 461 2956 οὔτε
489 2905 600 2974 γὰρ
641 2907 794 2958 πᾶσα
831 2905 968 2974 σὰρξ
1000 2907 1032 2976 ἡ
1060 2904 1199 2974 αὑτὴ
1228 2904 1371 2973 σὰρξ
1393 2921 1405 2934 ·
1431 2904 1546 2957 ἀλλ’
1576 2904 1711 2974 ἄλλη

116 2995 226 3067 μὲν
259 2995 548 3060 πετεινῶν,
578 2995 713 3064 ἄλλη
743 2996 799 3049 δὲ
828 2995 1029 3065 ἰχθύων
1058 2996 1154 3049 καὶ
1181 2997 1451 3066 ὲρϊιετιῖινι
1481 2997 1576 3055 καὶ
1605 2994 1710 3049 σώ-

118 3104 278 3159 ματα
302 3087 544 3155 ἐπίγεια,
582 3088 675 3142 καὶ
702 3087 932 3158 σώματα
959 3087 1258 3159 ἐπουράνια
1290 3102 1305 3119 ⁸
1336 3090 1438 3146 οὑκ
1471 3089 1578 3156 ἄρα
1615 3084 1710 3142 οὖν
1739 3121 1783 3180 C

114 3181 212 3234 διὰ
239 3179 300 3232 τὸ
324 3179 581 3250 διάφορον
613 3180 714 3248 τῆς
748 3181 967 3249 φύσεως
986 3220 1002 3246 ,
1035 3180 1253 3249 ἀνάγκη
1289 3179 1553 3249 διαφόρου
1580 3180 1714 3233 ὑπο-

120 3273 370 3336 στάσεως
393 3273 577 3336 αὑτοῖς
607 3274 687 3337 εἰς
711 3273 987 3344 διάκρισιν
1006 3288 1020 3302 ο
1066 3271 1148 3327 ἔτι
1183 3273 1288 3343 μὴν
1311 3273 1359 3324 si
1394 3273 1512 3330 τόδε
1543 3273 1714 3327 αἴτιον

120 3367 225 3435 τῆς
248 3365 438 3436 χρείας
466 3366 576 3420 τῶν
634 3366 989 3423 ὑποστάσεων
1051 3366 1112 3421 ὲν
1160 3362 1402 3433 Χριστῷ,
1437 3364 1717 3435 διαφόρων

120 3457 304 3513 οὐσῶν
334 3457 444 3511 τῶν
477 3458 695 3527 φύσεων
725 3499 741 3522 ,
783 3458 1100 3527 ἀναγκαίως
1132 3458 1232 3511 οὑκ
1275 3456 1430 3514 ἔσται
1482 3456 1719 3529 διαφορὰ

126 3551 507 3609 ὑποστάσεων.
554 3552 704 3620 Πλὴν
754 3550 990 3603 δεδόσθω
1048 3551 1181 3619 ὑμῖν
1231 3549 1354 3603 καθ’
1414 3549 1716 3605 ὑπόστασιν

126 3643 350 3706 πάντως
394 3641 677 3713 διαφέρειν
706 3660 719 3672 ·
764 3642 875 3695 εἴτε
919 3642 1171 3712 διαφέροι
1210 3643 1354 3698 κατὰ
1395 3641 1561 3711 φύσιν
1606 3641 1716 3695 εἴτε

128 3735 226 3788 καὶ
279 3733 354 3805 μὴ
405 3737 585 3790 πάντα
610 3733 683 3788 τὰ
720 3733 950 3804 σώματα
974 3747 986 3763 ³
1023 3733 1163 3789 ἀλλά
1194 3733 1355 3803 δῆλον
1381 3774 1396 3797 ,
1428 3733 1503 3797 ὡς
1527 3733 1596 3788 τὰ
1642 3733 1716 3805 μὴ

130 3828 389 3898 ἡνωμένα
421 3828 673 3899 ἀλλήλοις
707 3843 719 3857 ·
755 3828 815 3880 οὑ
865 3827 973 3900 γὰρ
1024 3827 1120 3880 καὶ
1158 3829 1219 3880 ὲν
1254 3827 1335 3899 τῷ
1380 3826 1571 3897 μύδρῳ
1597 3826 1717 3881 διά-

129 3902 307 3989 φοροι
325 3918 658 3982 ὑποστάσεις
686 3919 923 3988 ὁρῶνται
948 3934 962 3949 ⁸
991 3919 1086 3975 καὶ
1107 3918 1201 3973 ἐπὶ
1228 3918 1323 3975 τοῦ
1351 3917 1559 3989 Κυρίου
1586 3916 1716 3988 ἄρα,

130 4015 180 4066 ει
222 4012 320 4082 μὲν
358 4014 528 4084 χωρἰς
555 4012 800 4075 ὲνώσεως
835 4012 1013 4065 αὑτῶν
1044 4028 1229 4082 φαμεν
1270 4010 1339 4068 τὰ
1374 4012 1496 4065 κατ’
1529 4010 1724 4073 αὐτὸν..

129 4106 298 4169 ὅντως
323 4106 442 4159 δέον
469 4106 502 4176 ἦ
532 4105 627 4159 καὶ
651 4103 868 4173 φύσεων
895 4106 990 4158 καὶ
1014 4105 1369 4159 ὑποστάσεων
1393 4103 1594 4159 εἰδέναι
1618 4103 1718 4172 τὴν

128 4197 412 4269 διαφοράν,
445 4196 478 4268 ἢ
521 4196 742 4260 πάντως
765 4213 828 4265 γε
861 4198 972 4250 τῶν
1007 4197 1385 4255 ὑποστάσεων.
1432 4196 1538 4251 Καὶ
1558 4196 1719 4253 τοῦτο

128 4291 188 4343 δὲ
211 4290 371 4360 δῆλον
391 4291 474 4344 ὅτι
504 4292 552 4344 ει
590 4290 664 4361 μὴ
692 4285 760 4361 ἦν
789 4290 899 4344 τῶν
935 4290 1153 4360 φύσεων
1188 4290 1462 4362 ἐξαλλαγή
1501 4307 1516 4322 ο
1562 4293 1611 4343 εξ
1656 4290 1713 4343 δὲ

131 4385 224 4441 καὶ
251 4384 395 4436 κατά
417 4382 580 4451 φύσιν
604 4384 973 4455 διαφερόντων
1004 4384 1164 4436 τινῶν
1189 4385 1245 4436 ἐν
1271 4383 1423 4451 αὑτῷ
1459 4384 1560 4438 καὶ
1582 4382 1717 4439 ἐνω-

1808 1887 1942 1945 tiam
1978 1887 2186 1953 ὀίεαι-ι,
2230 1898 2287 1943 et
2336 1890 2483 1959 quod
2522 1905 2704 1960 neque
2736 1900 2958 1958 natura,
2995 1907 3179 1962 neque
3208 1893 3394 1947 subsi-

1807 1979 2013 2036 stentia
2057 1979 2322 2036 diﬁerens
2344 1988 2459 2046 est,
2510 1981 2662 2037 idem
2708 1983 2783 2038 sit
2825 1983 3130 2039 secundum
3177 1984 3391 2049 omnia,
3478 2008 3479 2011 η

1808 2069 2087 2138 quonmdo
2132 2086 2245 2126 non
2283 2072 2393 2126 erit
2417 2072 2564 2127 Petri
2596 2083 2652 2129 et
2685 2074 2838 2129 Pauli
2888 2091 3058 2129 unum
3106 2090 3310 2145 corpus
3340 2085 3399 2131 et

1810 2159 1957 2216 idem
1998 2162 2303 2217 secundum
2351 2166 2559 2230 omnia,
2589 2167 2738 2236 quod
2788 2168 3130 2238 impossibile
3158 2169 3279 2224 est?
3300 2170 3395 2224 sed

1809 2254 2050 2324 primum
2073 2256 2297 2327 quidem
2320 2273 2522 2328 corpus
2552 2276 2583 2314 a
2610 2275 2844 2330 corpore
2873 2261 3061 2316 diﬁ‘ert
3091 2261 3394 2317 secundum
3428 2251 3433 2256 ’

1810 2357 2067 2402 naturam
2099 2350 2510 2418 particularem,
2542 2354 2634 2408 cui
2673 2370 2822 2410 nunc
2849 2369 3200 2411 communem
3233 2355 3400 2410 nobis

1810 2448 2062 2495 naturam
2097 2441 2389 2506 confertis,
2422 2460 2549 2499 eum
2596 2447 2760 2517 paulo
2808 2455 2936 2503 ante
2981 2448 3109 2503 talia
3150 2449 3399 2519 iactastis

1812 2528 1974 2585 nobis
1996 2529 2390 2589 inducentibus
2409 2550 2761 2592 communem
2784 2545 3042 2594 naturam
3067 2538 3123 2593 in
3148 2539 3397 2595 homine.

1812 2621 1933 2676 Non
1975 2623 2123 2678 enim
2178 2624 2323 2683 idem
2370 2637 2475 2692 est,
2522 2644 2706 2700 neque
2753 2646 3011 2698 numero,
3055 2647 3239 2703 neque
3288 2640 3401 2689 tota

1814 2724 2090 2773 structura
2119 2734 2283 2775 omne
2307 2737 2539 2791 corpus;
2569 2724 2846 2794 siquidem
2882 2740 2995 2781 non
3019 2726 3165 2782 idem
3191 2736 3275 2783 est
3306 2743 3404 2783 na-

1814 2816 1938 2862 tura
1962 2798 2145 2878 neque
2169 2810 2311 2880 lapis
2337 2828 2518 2883 neque
2552 2814 2758 2883 planta,
2789 2824 2944 2871 etc...
2971 2816 3188 2872 Etenim
3218 2818 3404 2873 multa:

1814 2899 2053 2954 invicem
2103 2916 2163 2957 se
2195 2903 2492 2959 destruunt
2526 2906 2727 2975 plantae
2767 2916 2827 2962 et
2877 2908 3113 2978 lapides,
3164 2917 3221 2964 et
3270 2911 3401 2966 item

1814 2991 2030 3061 lapides
2064 3002 2118 3047 et
2152 2994 2386 3063 plantae;
2429 3016 2448 3048 ι
2483 2996 2673 3067 Neque
2712 2999 2861 3071 enim
2906 3000 3092 3055 omnis
3136 3016 3265 3055 caro
3307 3017 3403 3057 ea-

1816 3084 1943 3140 dem
1970 3101 2118 3151 caro,
2152 3087 2247 3142 sed
2289 3087 2397 3143 alia
2437 3089 2661 3159 quidem
2692 3091 2998 3158 volucrum,
3026 3093 3130 3148 alia
3158 3108 3292 3149 vero
3315 3096 3404 3165 pi-

1816 3177 1992 3233 seium
2027 3187 2083 3233 et
2112 3181 2487 3250 serpentium;
2518 3191 2575 3237 et
2614 3196 2849 3253 corpora
2879 3185 3163 3241 terrestria
3194 3192 3252 3240 et
3279 3201 3407 3243 eor-

1818 3286 1948 3338 pora
1996 3273 2242 3327 erelestia
2276 3274 2321 3329 ⁸.
2367 3293 2385 3325 ι
2416 3274 2538 3330 Non
2567 3275 2739 3346 igitur
2766 3292 2868 3347 per
2898 3286 3113 3334 natura:
3139 3277 3405 3335 ὤσει-θη-

1820 3361 1971 3424 tiam,
2004 3366 2308 3421 necessitas
2338 3365 2453 3421 illis
2481 3375 2565 3422 est
2587 3367 2899 3424 dili‘erentis
2936 3370 3311 3428 subsistentia:
3334 3373 3403 3429 ad

1817 3454 2255 3512 distinctionem.
2303 3458 2441 3523 lmo,
2467 3458 2513 3514 si
2537 3459 2656 3515 haec
2699 3467 2785 3515 est
2830 3477 2994 3518 causa
3039 3478 3143 3519 cur
3171 3479 3312 3535 opus
3336 3464 3406 3521 sit

1818 3547 2192 3605 subsistentiis
2222 3550 2277 3605 in
2306 3550 2545 3619 Christo,
2580 3568 2704 3608 eum
2734 3553 3063 3611 diderentire
3095 3555 3209 3611 sint
3248 3565 3409 3612 natu-

1819 3655 1930 3706 rae,
1980 3642 2293 3697 necessario
2342 3659 2456 3698 non
2493 3645 2602 3700 erit
2653 3645 2969 3703 diﬂ'erenlia
3019 3649 3407 3707 subsistentia-

1819 3745 1963 3784 rum.
2013 3730 2405 3785 Verum-tamen
2473 3733 2814 3788 concedatur
2870 3737 3029 3791 vobis
3096 3739 3404 3794 secundum

1820 3819 2233 3876 subsistentiam
2282 3823 2527 3878 totaliter
2567 3822 2811 3891 ὤσαιτο,
2859 3827 2977 3881 sive
3018 3827 3281 3883 diﬂerant
3324 3846 3411 3885 sc-

1820 3914 2065 3969 cundu-m
2104 3926 2381 3981 naturam,
2425 3918 2542 3973 sive
2588 3933 2721 3983 non,
2761 3920 2946 3976 omnia
2994 3936 3250 3992 corpora.
3301 3923 3408 3980 Sed

1820 4007 2048 4062 evidens
2082 4017 2167 4063 est
2201 4008 2292 4064 illa
2331 4024 2441 4064 non
2473 4025 2597 4066 esse
2631 4012 2785 4068 unita
2819 4012 2927 4069 alia
2953 4029 3079 4069 cum
3107 4014 3269 4081 aliis;
3298 4032 3409 4072 non

1819 4098 1968 4153 enim
1990 4099 2044 4154 in
2067 4100 2220 4155 ferre
2238 4099 2511 4158 candente
2543 4102 2865 4159 dilYerentes
2894 4105 3267 4163 subsistentia:
3293 4124 3412 4163 cer-

1820 4198 2050 4245 nuntur.
2084 4191 2155 4244 Et
2184 4191 2243 4245 in
2276 4192 2511 4247 Domino
2549 4193 2737 4264 igitur,
2771 4194 2817 4249 si
2867 4195 2935 4250 de
2981 4195 3130 4251 illius
3160 4198 3412 4267 proprie-

1824 4283 2032 4337 tatibus
2074 4283 2440 4340 sine-unione
2487 4286 2791 4356 loquimur,
2837 4287 3017 4358 reipsa
3051 4296 3273 4358 oportet
3318 4300 3413 4345 aut

1823 4384 2147 4430 naturarum
2173 4386 2229 4431 et
2251 4376 2735 4463 subsistentiarum
2755 4393 2989 4435 noscere
3013 4379 3408 4447 diﬂ‘erentiam,

132 4495 217 4537 σιν
243 4475 641 4548 ὁμολογοῦμεν,
679 4478 730 4529 εἰ
757 4476 853 4530 καὶ
882 4476 1187 4547 ἀσύγχυτον
1207 4518 1221 4540 ,
1251 4476 1335 4539 τίς
1363 4478 1394 4545 ἡ
1428 4475 1587 4546 χρεία
1623 4475 1711 4529 δύο

1824 4476 1920 4523 aut
1938 4468 2173 4524 omnino
2188 4459 2704 4536 su-bsistenti'arum;
2729 4479 2784 4526 et
2807 4472 2912 4527 hoc
2929 4480 3015 4527 est
3034 4473 3413 4543 perspicuum,

134 4573 487 4628 ὑποστάσεων
513 4589 528 4638 ;
558 4572 673 4626 ἀλλ’
703 4572 880 4636 οὕτως
918 4572 1016 4641 μὲν
1034 4572 1184 4625 τάδε.
1218 4571 1327 4624 Ποῦ
1362 4571 1592 4640 δὲδμως
1607 4570 1720 4624 τινὶ

131 4668 340 4722 δέδοται
378 4668 476 4721 καὶ
513 4666 576 4720 τὸ
624 4665 786 4736 σῶμα
839 4664 1051 4718 Παύλου
1077 4663 1320 4735 ἡνῶσθαι
1351 4664 1488 4734 πρὸς
1519 4663 1582 4716 τὸ
1609 4662 1716 4715 Πέ-

130 4777 283 4828 τρου,
302 4760 389 4814 ἵνα
418 4759 480 4811 τὸ
505 4760 692 4829 ὅμοιον
711 4758 811 4831 ἔχῃ
829 4756 952 4811 τάδε
987 4756 1122 4829 πρὸς
1148 4756 1247 4828 τὴν
1271 4754 1560 4827 Κυριακὴν
1584 4756 1720 4809 ἔνων-

133 4867 218 4903 σιν
241 4889 254 4912 ,
283 4851 449 4921 ἡνίκα
475 4854 504 4905 ὁ
539 4853 636 4922 μὲν
668 4853 877 4919 τοῖςρκ
923 4850 1232 4921 περιτομῆς
1273 4851 1331 4905 ἐν
1380 4851 1446 4919 τῇ
1485 4847 1723 4918 Ἰουδαίᾳ

132 4945 226 4996 καὶ
258 4943 614 5014 Παλαιστίνῃ,
673 4946 702 4997 6
733 4946 789 4997 δὲ
821 4942 937 5008 τοῖς
985 4945 1059 4996 ὲν·
1098 4940 1350 5013 Κορίνθῳ
1400 4940 1581 4993 ἔθνεσι
1623 4940 1727 4993 καὶ

146 5033 340 5106 Ἀχαΐᾳ
370 5034 465 5085 καὶ
494 5034 812 5105 Μακεδονίᾳ
844 5032 1233 5104 συνηυλίζετο;
1267 5033 1341 5085 Οὐ
1383 5032 1493 5102 γὰρ
1529 5030 1718 5085 τοιαύ-

134 5140 233 5193 την
259 5122 445 5189 δεξιὰν
467 5123 759 5186 κοινωνίας
793 5124 929 5196 πρὸς
953 5123 1052 5196 τὴν
1080 5123 1258 5191 σάρκα
1283 5121 1580 5194 δεδωκέναι
1612 5138 1718 5192 φα-

140 5215 235 5283 μὲν
254 5215 346 5268 τὸν
372 5213 567 5282 Λόγον,
591 5213 708 5267 οἷαν
741 5213 949 5285 Πέτρος
971 5214 1366 5285 ἀφοριζόμενος
1386 5215 1466 5277 εἰς
1491 5213 1588 5285 τὴν
1615 5229 1718 5266 πε-

138 5306 385 5377 ριτομὴν,
435 5305 521 5377 τῷ
551 5305 753 5377 Παύλῳ
785 5306 1242 5378 ἀποστελλομένιρ
1279 5307 1414 5377 πρὸς
1454 5305 1527 5358 τά
1562 5306 1713 5375 ἔθνη.

150 5399 290 5453 Ἀλλ’
326 5399 525 5454 ἕνωσιν
573 5400 749 5471 ἀληθῆ
803 5399 1143 5472 πιστεύομεν
1169 5438 1184 5465 ,
1240 5398 1338 5452 καὶ
1382 5396 1720 5470 συνύπαρξιν

138 5491 312 5547 αὐτῶν
342 5494 422 5557 εἰς
450 5495 579 5557 τοὺς
614 5493 744 5564 ἑξῆς
778 5494 983 5557 αἰῶνας
1041 5493 1280 5564 φυσικὴν
1324 5491 1392 5545 δι’
1429 5492 1723 5545 ὑποστατι-

142 5584 239 5653 κῆς
269 5583 517 5648 ὲνώσεως
552 5604 566 5616 ·
599 5589 647 5641 εἰ
673 5589 769 5642 καὶ
800 5587 1009 5658 ταύτην
1047 5587 1209 5657 ὑμεῖς
1253 5583 1503 5656 φανερῶς
1549 5586 1725 5654 ἅπηρ·

144 5675 398 5743 vis-actis,
417 5678 514 5731 καὶ
541 5679 693 5732 οὑδὲν
723 5682 943 5745 ἑαυτοῖς
965 5679 1217 5751 λείψανον
1250 5678 1345 5751 τῆς
1374 5674 1722 5747 Χριστιανῶν
1746 5674 1759 5681 “

213 5796 233 5827 ⁸
272 5796 443 5851 lCor.
487 5814 572 5857 xv.
614 5796 807 5862 59,40.

1824 4562 1931 4618 nisi
1959 4571 2111 4618 esset
2144 4570 2467 4619 naturarum
2502 4566 2912 4621 transmutatio.
2940 4565 2998 4621 Si
3027 4573 3211 4621 autem
3256 4566 3416 4623 diﬁc-

1826 4655 2065 4709 rentium
2111 4656 2168 4712 in
2200 4656 2296 4711 illo
2340 4656 2708 4735 quorumdam
2745 4659 3007 4716 unionem
3033 4659 3411 4725 admittimus,

1826 4748 2078 4818 quamvis
2129 4748 2499 4815 inconfusam,
2544 4767 2669 4822 qua
2708 4754 3013 4808 necessitas
3041 4753 3150 4810 erit
3181 4752 3414 4809 duarum

1828 4841 2346 4898 subsistentiarum?
2369 4844 2467 4899 sed
2492 4843 2568 4899 ita
2584 4844 2808 4915 quidem
2836 4846 2953 4901 haec
2976 4865 2992 4914 ;
3023 4846 3299 4919 quomodo
3315 4862 3415 4901 au-

1831 4941 1939 4987 tem
1969 4934 2135 4989 simul
2160 4934 2523 4989 contenditur
2543 4935 2613 4988 ab
2645 4935 2831 5004 aliquo
2857 4951 3060 5005 corpus
3086 4935 3234 4990 Petri
3267 4936 3415 4990 uniri

1827 5026 2047 5094 corpori
2085 5025 2274 5090 Pauli,
2317 5034 2378 5079 ut
2415 5025 2624 5095 aliquid
2669 5026 2873 5082 habeat
2906 5027 3083 5082 simile
3118 5027 3417 5083 Dominicre

1830 5117 2071 5181 unionis,
2112 5133 2236 5171 cum
2285 5117 2377 5172 ille
2425 5118 2678 5190 regiones
2719 5118 2778 5174 in
2827 5118 3067 5175 circuitu
3120 5120 3264 5176 circa
3317 5119 3414 5176 Ju-

1827 5208 1997 5263 datam
2025 5215 2082 5264 et
2110 5209 2475 5275 Palaestinam,
2502 5211 2595 5266 hic
2613 5226 2744 5267 vero
2771 5210 3124 5274 Corinthum,
3153 5211 3414 5268 Achaiam

1826 5310 1883 5357 et
1932 5301 2305 5357 Macedoniam
2362 5302 2662 5359 incoleret?
2710 5321 2822 5361 non
2874 5305 3023 5360 enim
3075 5306 3183 5360 tale
3238 5305 3417 5362 foedus

1830 5394 2245 5450 communitatis
2274 5397 2425 5451 carni
2457 5396 2679 5453 dedisse
2698 5396 2940 5453 Verbum
2966 5396 3223 5463 dicimus,
3255 5398 3415 5468 quale

1829 5486 2026 5541 Petrus
2073 5496 2359 5557 separatus
2409 5488 2465 5542 in
2517 5488 2848 5555 circuitum,
2899 5489 3070 5545 Paulo
3115 5489 3181 5546 ad
3228 5498 3419 5561 gentes

1831 5580 2031 5645 misso;
2059 5579 2153 5651 sed
2180 5582 2442 5637 unionem
2472 5596 2656 5637 veram
2682 5583 2982 5649 credimus,
3007 5590 3063 5637 et
3085 5583 3418 5639 coexsistcn-

1835 5653 1963 5729 tiam
2003 5674 2056 5728 in
2103 5675 2462 5745 sequentibus
2494 5676 2707 5732 saeculis
2754 5676 3059 5733 naturalem
3104 5693 3202 5748 per
3233 5675 3417 5733 subsi-
