3876 6310
489 263 626 330 1559

1774 275 2081 336 LEONTII
2121 277 2524 339 BYZANTIN‘I

3671 273 3800 340 ιιω

482 377 794 432 stentialem
822 375 1103 432 unionem.
1139 379 1196 434 Si
1236 395 1338 436 vos
1372 380 1519 437 illam
1551 391 1740 452 aperte
1771 398 2059 438 recusave-

2164 386 2448 450 εὐσεϐείας
2501 389 2580 450 εἰς
2632 386 2724 440 τὸν
2769 386 2868 457 τῆς
2927 385 3261 457 οἰκονομίας
3331 383 3516 453 λόγον
3600 386 3800 454 ἑαυὶὺ

482 465 627 532 ritis,
654 466 791 521 nihil
815 465 1129 524 christianze
1161 469 1384 539 pietatis
1411 471 1684 542 reliquum
1710 472 1764 526 in
1786 473 2059 532 rationem.

483 558 878 614 incarnationis
903 558 1063 613 vobis
1089 559 1223 630 ipsis
1243 562 1630 618 conservastis.

1104 674 1256 731 CAP.
1296 677 1435 732 XIII.

553 765 850 834 Postquam
879 764 1194 836 garrierunt
1227 777 1284 822 et
1319 767 1504 824 dicere
1538 769 1744 839 aliquid
1792 769 1896 825 visi
1931 781 2063 826 sunt

481 852 808 917 astantibus,
856 855 1030 926 rogati
1077 869 1138 910 ut
1181 857 1476 912 ostendant
1516 868 1772 914 naturam
1814 859 2061 915 insubsi-

482 953 740 1010 stentem,
778 956 992 1017 tergum
1019 947 1267 1017 praebent
1290 950 1580 1020 quarenti,
1625 950 1924 1021 dicuntque
1965 969 2061 1007 na-

482 1044 659 1089 turam
709 1035 891 1106 reipsa
926 1051 1035 1092 non
1072 1053 1194 1094 esse
1237 1039 1725 1108 insubsistentem;
1757 1040 2062 1097 subsisten-

481 1137 564 1182 tes
591 1127 738 1181 enim
765 1127 1002 1182 dicimus
1033 1141 1093 1185 et
1117 1145 1220 1188 nos
1255 1132 1546 1197 essentias,
1578 1132 1750 1188 aiunt.
1787 1131 1894 1188 Sed
1923 1149 2056 1196 non,

479 1216 524 1270 si
555 1216 688 1286 quid
722 1225 808 1272 est
855 1217 1197 1285 subsistens,
1249 1220 1386 1276 illud
1429 1230 1515 1276 est
1556 1221 1952 1290 subsistentia;
1999 1234 2060 1278 ut

479 1307 597 1362 sine
633 1307 804 1362 dubio
838 1324 969 1374 non,
1002 1310 1046 1364 si
1077 1311 1210 1380 quid
1244 1312 1560 1378 essentiale,
1593 1313 1728 1368 illud
1757 1325 1842 1370 est.
1872 1331 2059 1371 essen-

481 1399 574 1464 tia,
608 1413 733 1453 cum
763 1412 967 1456 sanctae
1006 1401 1223 1456 Triadis
1265 1403 1652 1460 subsistentias
1682 1414 1796 1462 tres
1821 1423 1941 1462 esse
1973 1409 2057 1463 di-

476 1492 672 1556 cimus,
701 1500 758 1546 et
783 1493 906 1547 illas
935 1494 1288 1561 essential'es;
1314 1504 1372 1550 et
1392 1511 1502 1551 non
1529 1497 1769 1554 dicimus
1791 1499 1846 1553 in
1879 1499 2057 1555 tribus

475 1578 853 1635 subsistentiis
901 1589 1015 1636 tres
1062 1582 1364 1650 essentias,
1413 1585 1666 1654 quamvis
1705 1586 2054 1642 essentialem

2165 477 2288 542 ξατε
2298 519 2316 532 ,ἡ

2751 675 3010 731 ΚΕΦΑΛ.
3053 675 3156 731 ﬂ".

2249 771 2341 824 Ἐκ
2361 771 2456 824 τοῦ
2485 769 2541 824 δὲ
2578 769 2884 840 φληναφεῖν
2928 770 3023 824 καὶ
3057 770 3246 824 δοκεῖν
3303 787 3364 822 τι
3431 769 3640 838 λέγειν
3692 773 3790 832 τοῖς

2164 864 2596 934 παρεστηκόσιν,
2629 862 3024 934 ἀπαιτούμενοι
3053 863 3237 926 δεῖξαι
3261 862 3456 932 φύσιν
3483 863 3786 916 ἀνυπόστα-

2163 971 2281 1019 τον,
2307 955 2612 1025 παρέχουσι
2663 952 2761 1022 μὲν
2800 955 2948 1007 νῶτα
2981 955 3058 1024 τῷ
3102 953 3402 1020 αίτοῢντι,
3466 953 3702 1022 λέγουσι
3737 957 3783 1007 δὲ

2160 1047 2243 1100 ὅτι
2265 1046 2438 1109 ὅντως
2469 1046 2630 1115 φύσις
2656 1047 2760 1099 οὑκ
2799 1045 2950 1100 ἔστιν
2997 1047 3410 1110 ἀνυπόστατος
3444 1063 3463 1076 °
3497 1049 3781 1100 ἐννεαστέ-

2158 1155 2285 1202 τους
2315 1138 2424 1209 γάρ
2448 1155 2628 1208 φαμεν
2651 1138 2752 1202 τὰς
2783 1139 2974 1202 οὐσίας
3019 1142 3114 1193 καὶ
3161 1142 3369 1210 ἡμεῖς,
3439 1141 3624 1208 φασίν
3645 1157 3660 1170 ·
3685 1141 3776 1194 ἀλλ’

2157 1229 2258 1280 οὑκ
2287 1227 2340 1280 εἴ
2369 1246 2418 1280 τι
2449 1229 2837 1292 ὲνυπόστατον,
2859 1229 3016 1282 τοῦτο
3045 1231 3141 1282 καὶ
3175 1229 3522 1292 ὑπόστασις
3543 1247 3561 1260 ·
3597 1229 3767 1298 ὥσπερ

2159 1319 2470 1390 ἀμέλειοὺκ
2487 1321 2540 1372 si
2561 1337 2613 1373 τι
2633 1320 2894 1386 ὲνοὺσιον,
2911 1319 3070 1374 τοῦτο
3099 1321 3198 1374 καὶ
3229 1321 3419 1374 οὐσία
3457 1340 3474 1352 ·
3523 1324 3651 1374 ἐπεὶ
3679 1323 3770 1373 ξδοζι

2157 1411 2258 1474 τὰς
2293 1411 2394 1480 τῆς
2411 1413 2572 1482 ἁγίας
2597 1414 2826 1482 Τριάδος
2855 1415 3189 1478 ὑποστάσεις
3205 1415 3420 1484 φαμὲν
3441 1417 3607 1486 τρεῖς
3621 1411 3766 1479 εἶναι,

2159 1503 2252 1555 καὶ
2271 1501 2474 1566 ταύτας
2498 1503 2776 1567 ὲνουσίους
2796 1520 2810 1535 ·
2843 1505 2938 1557 καὶ
2975 1505 3036 1558 οὐ
3063 1503 3316 1574 λέγομεν
3341 1505 3502 1576 πρὸς
3523 1510 3648 1568 ταῖς
3671 1524 3766 1576 τρια

2161 1591 2246 1645 σὶν
2273 1591 2627 1654 ὑποστάσεσι,
2657 1595 2751 1646 καὶ
2799 1595 2956 1664 τρεῖς
2977 1593 3172 1656 οὐσίας
3201 1609 3215 1623 ·
3276 1594 3520 1666 καίπερ
3553 1595 3772 1648 Emissa:

475 1673 829 1729 admittentes
853 1689 1127 1744 quamque
1159 1675 1643 1732 subsistentiarum
1685 1694 1828 1734 esse.
1868 1678 1924 1734 Si
1955 1680 2059 1750 igi-

2164 1689 2518 1757 ὲπιστάμενοι
2567 1687 2678 1741 τῶν
2753 1688 3111 1742 ὑποστάσεων
3166 1689 3458 1759 ἑκάστην.
3519 1691 3584 1742 ΕΞ
3613 1691 3768 1743 eoin-sv

475 1773 566 1819 tur
597 1762 892 1819 dicendum
925 1774 1031 1830 est,
1063 1766 1363 1835 inquimus,
1409 1777 1522 1822 tres
1552 1769 1940 1825 su-bsistenlias
1969 1786 2057 1826 es-

474 1854 732 1910 sentiales
762 1855 818 1910 in
850 1871 956 1913 una
1001 1858 1258 1923 essentia,
1288 1859 1540 1929 sequitur
1567 1859 1854 1916 evidenter
1892 1871 2054 1917 natu-

474 1959 565 2002 ras
592 1960 814 2016 quoque
839 1946 1134 2003 dicendum
1155 1949 1522 2007 subsistentes
1545 1951 1684 2007 duas
1709 1951 1764 2006 in
1797 1969 1902 2008 una
1927 1955 2058 2010 sub—

473 2037 760 2106 sistentia;
815 2046 875 2093 et
928 2037 1004 2093 ita
1064 2055 1246 2110 neque
1295 2049 1546 2096 naturam
1605 2043 2057 2099 insubsistentcm

473 2126 732 2192 dicimus,
761 2142 942 2199 neque
973 2128 1110 2185 duas
1137 2129 1526 2188 subsistentias
1567 2147 1688 2187 esse
1727 2131 1866 2187 duas
1891 2141 2055 2188 natu-

475 2233 566 2274 ras
596 2219 894 2288 docemus;
949 2229 1013 2277 ut
1058 2236 1238 2292 neque
1291 2239 1402 2278 non
1449 2224 1771 2280 essentiales
1817 2223 2058 2280 dicimus

474 2321 673 2367 sanctae
695 2311 914 2368 Triadis
933 2313 1340 2382 subsistentias,
1362 2331 1544 2387 neque
1565 2316 1624 2371 in
1651 2323 1763 2372 tres
1787 2315 2062 2372 essentias

473 2413 588 2462 tres
636 2404 1029 2463 subsistentias
1073 2405 1388 2462 dividimus.
1441 2407 1720 2474 Attamen,
1773 2408 2054 2478 inquiunt,

473 2497 694 2569 quando
719 2497 880 2554 aliter
923 2498 1160 2554 dicimus
1189 2499 1490 2554 coloratum
1535 2514 1736 2569 corpus
1769 2515 1911 2564 esse,
1943 2515 2055 2556 non

472 2585 620 2644 idem
657 2588 864 2644 scimus
889 2603 1009 2644 esse
1041 2603 1240 2658 corpus
1268 2603 1333 2642 ac
1363 2589 1642 2655 colorem;
1671 2603 1782 2643 non
1807 2589 1978 2654 enim,
2007 2591 2056 2646 si

471 2681 607 2751 quid
649 2681 957 2736 coloratum
989 2687 1109 2746 est,
1149 2679 1258 2750 iam
1294 2679 1348 2735 id
1393 2680 1547 2736 color
1589 2689 1675 2737 est
1711 2699 1726 2735 :
1759 2681 1842 2738 sie
1889 2683 2062 2754 igitur-

473 2788 604 2837 non,
635 2773 682 2828 si
714 2771 849 2842 quid
890 2781 974 2828 est
1003 2771 1330 2836 subsistens,
1355 2772 1463 2828 hoc
1488 2773 1600 2844 iam
1626 2781 1712 2830 est
1746 2774 2054 2831 subsisten-

473 2863 578 2932 tia;
611 2878 1088 2935 supervacaneum
1106 2864 1291 2937 igitur,
1320 2865 1498 2930 aiunt,
1525 2864 1674 2934 quod
1707 2865 1922 2922 dictum
1941 2875 2024 2922 est
2037 2883 2057 2932 ;—

470 2965 530 3012 et
554 2970 667 3010 non
694 2954 1068 3010 necessarium
1107 2965 1194 3012 est
1235 2955 1470 3012 dicendo
1502 2955 1642 3012 duas
1683 2964 1932 3022 naturas,
1959 2967 2057 3012 aut

2163 1778 2280 1832 ἐστι
2309 1777 2512 1846 λέγειν,
2546 1779 2748 1848 φαμὲν,
2787 1781 2937 1852 τρεῖς
2972 1780 3327 1843 ὑποστάσεις
3365 1783 3672 1843 ὲνουσῐους
3716 1784 3763 1832 ἐν

2167 1873 2267 1943 μιᾷ
2296 1870 2457 1942 οὐσίᾳ
2485 1913 2499 1931 ,
2557 1872 2833 1941 ἐνδέχεται
2875 1871 3119 1942 δηλονότι
3174 1873 3278 1925 καὶ
3338 1873 3559 1940 φύσεις
3609 1873 3766 1940 λέγειν

2163 1966 2564 2029 ὲνυποστάτους
2592 1964 2686 2019 δύο
2713 1965 2772 2018 ἐν
2799 1965 2896 2036 μιᾷ
2925 1964 3226 2018 ὑποστάσει
3260 1982 3286 1998 ι
3317 1966 3428 2019 καὶ
3464 1965 3650 2029 οὕτως
3665 1966 3765 2018 αὶᾶ

2165 2059 2327 2127 φύσιν
2365 2057 2746 2112 ἀνυπόστατόν
2769 2073 2968 2126 φαμεν,
3001 2056 3123 2110 οὐδὲ
3149 2057 3652 2122 δΰοὌποστάσεις
3683 2059 3764 2120 si;

2160 2150 2256 2204 δύο
2313 2149 2504 2220 φύσεις
2558 2148 2960 2218 δογματίςομεν
2987 2167 3000 2179 ·
3043 2147 3237 2220 ὥσπερ
3285 2149 3426 2202 οὐδὲ
3493 2151 3766 2211 dmum;

2163 2243 2344 2314 φαμὲν
2371 2243 2469 2306 τὰς
2500 2241 2598 2312 τῆς
2631 2240 2792 2310 ἁγίας
2813 2240 3045 2312 Τριάδος
3087 2241 3442 2305 ὑποστάσεις
3465 2283 3484 2306 ,
3531 2243 3657 2296 οὐδὲ
3697 2246 3764 2304 si;

2137 2353 2140 2356 '
2161 2339 2312 2408 τρεῖς
2340 2335 2532 2400 οὐσίας
2559 2335 2656 2396 τὰς
2677 2335 2830 2404 τρεῖς
2855 2333 3186 2397 ὑποστάσεις
3211 2332 3590 2404 διαιροῦμεν.
3619 2333 3762 2388 ’Ᾱὶλὶ

2165 2426 2294 2500 μὴν,
2326 2425 2484 2496 φασὶ,
2507 2425 2603 2480 καὶ
2623 2423 2796 2488 ἄλλως
2823 2423 3277 2494 ἐγχρωμάτιστον
3305 2422 3582 2492 λέγοντες
3596 2423 3756 2495 σῶμα,

2161 2517 2222 2571 οὐ
2246 2515 2442 2570 ταυτὸν
2475 2515 2636 2586 ἴσμεν
2664 2513 2742 2585 τῷ
2781 2512 3032 2585 χρώματι
3046 2513 3107 2566 τὸ
3133 2512 3303 2582 σῶμα
3327 2529 3344 2545 ο
3370 2515 3490 2568 οὑκ
3515 2519 3574 2568 εἴ
3594 2532 3649 2567 τι
3667 2515 3754 2582 τάξ

2161 2608 2634 2680 ἑγχρωμάτιστον,
2663 2605 2822 2660 τοῦτο
2849 2604 2954 2676 ἤδη
3005 2604 3102 2658 καὶ
3141 2603 3356 2676 χρῶμα
3383 2620 3401 2634 ·
3457 2605 3641 2669 οὕτως
3681 2600 3752 2658 οὖν

2161 2703 2262 2756 οὑκ
2285 2702 2338 2755 εἴ
2359 2718 2413 2754 τι
2455 2700 2856 2763 ὲνυπόστατον,
2901 2698 3064 2752 τοῦτο
3108 2697 3216 2768 ήδη
3255 2698 3362 2750 καὶ
3419 2698 3748 2759 ὑπόστασις·

2162 2793 2417 2865 περιττὸν
2443 2792 2573 2862 ἄρα,
2593 2791 2750 2860 φασὶ,
2770 2790 2830 2844 τδ
2852 2789 3301 2860 λεγόμενον-καὶ
3328 2790 3442 2842 οὐκ
3473 2791 3752 2856 ἁναγκιξιι

2160 2885 2253 2939 τὸν
2304 2884 2540 2952 λέγοντα
2571 2883 2664 2936 δύο
2693 2872 2886 2951 φ’ὑσεις
2910 2923 2925 2946 ,
2966 2881 3000 2951 ἢ
3038 2881 3468 2944 ἀνυποστάτους
3501 2882 3748 2952 αὐτὶςά

2165 2975 2299 3048 μίαν
2330 2973 2512 3030 αὐτῶν
2537 2973 2717 3042 λέγειν
2741 3014 2756 3039 ,
2785 2973 2820 3044 ἢ
2849 2975 3066 3035 πάντως
3107 2971 3203 3026 καὶ
3231 2971 3334 3024 δύο
3376 2973 3715 3035 ὑποστάσεις
3737 3014 3749 3036 ,

471 3046 664 3104 ambas
715 3045 1157 3115 insubsistentes,
1203 3056 1300 3104 aut
1347 3063 1512 3104 unam
1560 3063 1751 3103 earum
1783 3061 2052 3114 asserere,

2164 3045 2288 3121 ἐπεὶ
2345 3063 2421 3138 μὴ
2465 3064 2768 3126 ὑπόστασις
2811 3063 2875 3117 τὸ
2916 3063 3282 3122 ἑνυπόστατον
3333 3063 3418 3126 ὡς
3461 3065 3748 3134 ἐδείξαμεν.

471 3147 566 3196 aut
590 3139 819 3196 omnino
845 3137 983 3194 duas
1013 3139 1402 3196 subsistentias
1428 3155 1572 3206 esse,
1599 3155 1723 3195 cum
1749 3141 2056 3196 subsisten-

474 3231 548 3286 tia
583 3246 692 3286 non
724 3229 798 3286 sit
820 3230 968 3301 quod
999 3240 1085 3288 est
1112 3230 1440 3297 subsistens,
1469 3239 1532 3285 ut
1565 3231 1928 3309 ostendimus.
1961 3233 2058 3288 illa

472 3324 641 3396 igitur
687 3323 776 3378 isti
817 3323 1096 3378 auditores
1125 3321 1451 3378 deludentes
1487 3321 1768 3386 dicebant,
1800 3322 1909 3378 alte
1951 3339 2060 3378 su—

473 3415 768 3484 percilium
811 3423 1086 3484 gerentes,
1134 3421 1191 3468 et
1237 3413 1310 3468 ob
1365 3423 1474 3469 tam
1523 3412 1798 3470 mirabilia
1845 3415 2061 3484 seipsos

471 3506 1249 3564 Cherubim-annumerantes.
1276 3505 1414 3560 Vide
1443 3513 1626 3560 autem
1649 3505 1928 3578 quomodo
1960 3523 2058 3578 per

473 3601 590 3654 haec
625 3614 749 3670 quae
795 3596 1054 3652 dixerunt
1105 3612 1204 3653 sua
1250 3597 1472 3668 propria
1505 3597 1913 3665 destruxerint;
1963 3607 2060 3652 aut

473 3690 808 3760 ignorantes,
845 3703 945 3759 per
976 3688 1256 3759 propriam
1290 3687 1684 3760 ignorantiam,
1717 3697 1812 3744 aut
1841 3687 2059 3744 audito-

450 3769 564 3837 res
583 3780 902 3845 irridentes,
935 3779 1224 3850 imperitos
1249 3780 1439 3836 talium
1473 3779 1836 3836 similitudine
1859 3795 2058 3836 vocum

474 3873 795 3930 illudentes.
815 3871 873 3928 Si
903 3873 1051 3928 enim
1078 3872 1374 3944 quamdam
1401 3871 1708 3942 analogiam
1736 3871 2060 3929 habetcum

469 3979 703 4034 corpore
733 3973 953 4026 natura,
985 3979 1111 4020 cum
1152 3963 1339 4020 colore
1372 3963 1752 4032 subsistentia,
1780 3973 1838 4020 et
1864 3965 2060 4022 dicunt

471 4057 840 4114 subsistentes
865 4063 1117 4122 naturas,
1150 4062 1210 4111 ut
1253 4070 1486 4127 corpora
1522 4055 1789 4122 colorata,
1828 4072 2059 4113 necesse

469 4161 554 4206 est
584 4149 712 4206 inde
747 4158 1000 4206 naturam
1035 4149 1427 4205 subsistentem
1457 4164 1580 4206 esse
1618 4149 2060 4214 subsistentiam,

469 4243 614 4298 sicut
643 4243 810 4312 igitur
837 4249 896 4298 et
923 4242 1076 4298 color
1100 4241 1230 4298 inde
1265 4240 1472 4296 dicitur
1491 4256 1695 4311 corpus
1719 4239 2056 4306 coloratum;

471 4350 580 4390 non
609 4333 758 4390 enim
791 4333 1054 4405 possibile
1091 4344 1177 4390 est
1204 4333 1444 4405 cogitare
1469 4341 1722 4389 naturam
1753 4333 2060 4390 subsisten-

2163 3157 2352 3212 Ταῦτα
2377 3154 2668 3228 τοιγαροῦν
2714 3156 2911 3208 ἐκεῖνοι
2950 3155 3080 3217 τοὺς
3122 3153 3573 3225 παρεστηκότας
3606 3171 3751 3222 φετι-

2161 3251 2383 3315 κίζοντα
2411 3248 2622 3317 ελεγον,
2654 3247 2767 3302 ἄνω
2789 3244 2894 3316 τὴν
2922 3245 3094 3314 ὀφρὺν
3126 3244 3375 3314 ἔχοντες,
3411 3247 3522 3298 καὶ
3547 3245 3750 3300 διὰττύ-

2159 3361 2268 3397 των
2295 3343 2403 3403 ἀπὸ
2431 3340 2713 3413 Χερουΰὶμ
2743 3339 2974 3401 ἑαυτοὺς
2999 3337 3392 3408 ὀνομάζοντες.
3443 3339 3601 3409 Ὅρα
3625 3339 3676 3392 δὲ
3696 3339 3748 3389 σὺ

2160 3435 2326 3498 αὑτὸς
2347 3435 2495 3496 ὅπως
2520 3431 2589 3486 δι’
2619 3425 2693 3486 ὧν
2718 3432 3008 3503 εἰρήκασι,
3038 3429 3108 3482 τὰ
3138 3430 3326 3482 οἰκεῖα
3355 3429 3744 3496 κατέσχετ’ταν·

2160 3525 2193 3598 ἦ
2231 3523 2552 3594 ἀγνοοῦντες
2579 3561 2596 3586 ,
2650 3521 2721 3575 δι’
2755 3521 2981 3590 ἄγνοιαν
3026 3521 3238 3574 οίκείαν
3263 3537 3279 3550 °
3314 3521 3352 3592 ἧ
3401 3519 3747 3590 χλευάζοντες

2157 3619 2286 3682 τοὺς
2318 3616 2618 3678 ἀκούοντας
2639 3655 2656 3680 ,
2690 3614 2953 3684 ἀπείρους
2981 3612 3140 3674 ὄντας
3185 3610 3301 3664 τῶν
3347 3611 3626 3664 τοιούτων
3670 3614 3750 3662 καὶ

2157 3708 2438 3782 ὁμοιότητι
2470 3709 2670 3776 λέξεων
2703 3705 3208 3783 παρακρουόμενοι.
3243 3704 3312 3758 Εἰ
3363 3704 3636 3773 ἀναλογεῖ
3659 3704 3749 3770 γὰρ

2159 3805 2238 3878 τῷ
2279 3804 2381 3875 μὲν
2421 3801 2634 3873 σώματι
2664 3803 2697 3873 ή
2740 3799 2924 3871 φύσις,
2965 3799 3044 3869 τῷ
3071 3799 3129 3852 δὲ
3155 3797 3418 3869 χρώματι
3447 3801 3486 3868 ή
3521 3799 3747 3851 ὑπέσται

2162 3915 2270 3964 σις,
2293 3897 2391 3952 καὶ
2421 3897 2676 3966 λέγουσιν
2710 3891 3111 3954 ἱνυποστάτους
3149 3888 3251 3952 τὰς
3283 3888 3493 3956 φὺσεις
3526 3931 3544 3952 ,
3580 3889 3748 3956 ὥσπερ

2159 3984 2256 4042 οὖν
2293 3987 2363 4042 τὰ
2395 3985 2626 4057 σώματα
2675 3982 3103 4054 ὲγχρωμάτιστα
3125 4019 3142 4045 ,
3187 3979 3408 4050 ἀνάγκη
3456 3979 3604 4034 ἔνθα
3649 3979 3748 4031 ἐστὶ

2159 4080 2525 4142 ὲνυπόστατος
2546 4076 2728 4147 φύσις,
2763 4076 2857 4128 καὶ
2887 4072 3185 4126 ὑπόστασιν
3217 4065 3364 4124 εἶναι
3393 4089 3410 4103 ο
3437 4069 3642 4140 ὥσπερ
3665 4065 3744 4122 οὖν

2159 4174 2254 4226 καὶ
2277 4171 2480 4244 χρῶμα
2516 4168 2647 4224 ἔνθα
2687 4166 2848 4236 σῶμα
2873 4163 3330 4237 ὲγχρωμάτιστον
3361 4178 3375 4191 °
3393 4160 3534 4215 οὔτε
3558 4163 3664 4232 γάρ
3677 4164 3746 4212 iv-

2159 4263 2374 4334 δέχεται
2410 4262 2603 4332 νοῆσαι
2629 4258 2791 4329 φύσιν
2815 4257 3180 4310 ἐνυπόστατον
3209 4255 3341 4309 ἄνευ
3373 4253 3740 4313 ὑποστάσεως.

2160 4357 2226 4410 Εἰ
2259 4352 2352 4410 οὖν
2387 4357 2455 4426 τῇ
2516 4353 2678 4424 φύσει
2727 4350 3045 4419 ἀναγκαίως
3100 4349 3382 4418 διενήνοχε
3429 4366 3493 4402 τι
3559 4350 3654 4402 καὶ
3687 4346 3740 4412 τῇ

471 4436 582 4481 tem
614 4426 734 4482 sine
775 4425 1153 4482 subsistentia.
1203 4425 1260 4482 Si
1313 4425 1484 4497 igitur
1519 4433 1772 4510 naturam
1811 4424 1956 4480 inter
1999 4433 2058 4480 et

2164 4424 2486 4511 ὑποστάσει,
2555 4444 2986 4510 ὲπιδειξάτωσάν
3031 4441 3122 4512 μοί
3152 4459 3207 4495 τι
3253 4440 3531 4512 διαφέρον
3564 4441 3659 4510 μὲν
3685 4439 3738 4505 τῇ

469 4517 887 4573 subsistentiam
919 4517 1130 4587 aliquid
1174 4518 1489 4572 necessario
1533 4506 1773 4581 differat,
1825 4516 2059 4572 demon-

469 4615 647 4662 strent
674 4607 812 4662 mihi
839 4609 988 4678 quod
1015 4607 1202 4664 dill‘ert
1234 4617 1430 4662 natura
1473 4623 1586 4663 non
1627 4607 1852 4662 differre
1873 4608 2060 4664 subsi-

471 4699 710 4766 stentia;
761 4707 818 4754 et
851 4715 962 4754 non
1007 4699 1373 4768 simpliciores
1405 4698 1662 4764 illudant,
1695 4698 2061 4756 similitudine

473 4806 670 4846 vocum
697 4790 822 4847 illos
838 4790 1202 4862 decipis-rites,
1225 4789 1464 4846 dicendo
1493 4808 1506 4844 :
1539 4789 1594 4846 Si
1629 4799 1714 4846 est
1743 4789 2058 4846 subsisten-

476 4887 571 4952 tia,
597 4885 910 4942 essentialis
941 4883 1187 4956 quidem,
1221 4899 1333 4940 non
1375 4892 1560 4940 autem
1593 4881 1826 4940 alterius
1870 4899 2062 4941 essen-

477 4979 584 5043 tiae,
613 4984 700 5032 est
725 4977 892 5032 etiam
922 4985 1119 5032 natura
1141 4976 1450 5033 subsistens
1479 4976 1702 5047 quidem
1733 4991 1844 5032 non
1877 4987 2061 5030 autem

473 5067 704 5124 alterius
729 5068 1122 5125 subsistentia}.
1147 5067 1383 5124 Mendax
1411 5068 1560 5124 enim
1586 5069 1902 5140 posterius:
1928 5069 2062 5124 dum

474 5161 523 5216 si
555 5160 689 5230 quid
719 5167 804 5216 est
844 5161 1074 5216 alterius
1101 5161 1378 5225 essentia,
1419 5161 1525 5217 hoc
1549 5161 1776 5217 omnino
1807 5173 1892 5216 est
1926 5161 2063 5218 alte-

477 5252 596 5307 rius
615 5252 1018 5318 subsistentiae;
1047 5251 1095 5307 si
1119 5251 1286 5324 igitur
1301 5252 1566 5309 diﬂ'erunt
1583 5253 1729 5308 inter
1746 5269 1806 5310 se
1827 5261 2063 5318 natura,

477 5343 784 5402 secundum
839 5353 1093 5399 naturam
1164 5343 1462 5411 differunt;
1520 5344 1788 5400 differunt
1841 5361 2064 5416 quoque

477 5434 767 5493 evidenter
807 5437 1110 5503 secundum
1153 5436 1588 5493 subsistentiam.
1621 5437 1691 5492 Et
1723 5437 1769 5492 si
1801 5436 2066 5493 differen-

480 5525 612 5582 tiam
641 5537 960 5582 naturarum
991 5529 1044 5584 in
1079 5543 1188 5583 una
1217 5535 1414 5584 natura
1441 5526 1551 5583 dici
1588 5526 1927 5598 impossibile
1953 5537 2063 5594 est,

480 5629 591 5668 non
609 5616 782 5686 magis
808 5613 1066 5686 possibile
1097 5617 1378 5689 invenitur
1405 5617 1769 5674 diil‘erentiam
1799 5620 2063 5676 exsistere

481 5700 960 5761 subsistentiarum
991 5710 1044 5761 in
1071 5724 1179 5763 una
1205 5717 1260 5763 et
1287 5709 1476 5764 eadem
1505 5708 1882 5765 subsistentia.

2162 4538 2355 4608 φύσει,
2409 4536 2484 4610 μὴ
2521 4536 2777 4608 διαφέρον
2819 4535 2878 4588 δὲ
2910 4536 2977 4605 τῇ
3009 4532 3307 4586 ὑποστάσει
3333 4547 3350 4560 ·
3386 4533 3489 4585 καὶ
3526 4533 3604 4602 μὴ
3630 4529 3740 4600 βασι

2161 4631 2496 4686 κολείτωσαν
2525 4631 2652 4692 τοὺς
2698 4627 3104 4698 ἁπλουστέρους
3128 4668 3144 4690 ,
3179 4624 3469 4695 ὁμοιότητι
3503 4626 3742 4694 φράσειεν

2161 4723 2360 4786 αὑτοὺς
2386 4720 2912 4792 παραλογιζόμενοι,
2946 4718 3025 4789 τῷ
3048 4718 3228 4786 λέγειν
3255 4719 3302 4770 εἰ
3337 4717 3496 4770 ἔστιν
3519 4717 3738 4770 ὑπόπι-

2165 4829 2271 4878 σις,
2303 4811 2548 4875 ὲνοὺσιος
2573 4810 2698 4881 μὲν,
2718 4809 2818 4879 οὑχ
2846 4805 3186 4879 ὲτεροούσιος
3212 4804 3290 4870 δὲ,
3319 4805 3438 4858 ἐστι
3466 4807 3570 4859 καὶ
3597 4803 3741 4872 φύσις

2169 4901 2534 4966 ὲνυπόστατος
2563 4902 2683 4972 μὲν,
2704 4901 2805 4970 οὐχ
2829 4898 3293 4969 ὲτεροῡπόστατος
3311 4897 3372 4951 δέ
3389 4916 3400 4927 ·
3427 4896 3632 4966 ψευδὲς
3645 4896 3738 4962 γὰρ

2163 4994 2224 5048 τὸ
2267 4994 2576 5048 τελευταῖον
2605 5009 2626 5027 ι
2657 4993 2890 5062 ἐπείπερ
2940 4991 2998 5044 εἴ
3050 5007 3104 5043 τι
3161 4987 3513 5060 ἑτεροούσιον
3536 5028 3553 5049 ,
3597 4985 3739 5038 τοῦτο

2166 5082 2384 5146 πάντως
2419 5083 2513 5136 καὶ
2559 5081 3042 5154 ὲτεροῦπόστατον.
3076 5079 3140 5133 Ei
3167 5079 3349 5133 τοίνυν
3398 5077 3740 5147 διαφέρουσιν

2165 5177 2224 5230 αί
2255 5175 2452 5246 φύσεις
2479 5174 2724 5246 ἀλλήλων
2747 5213 2762 5239 ,
2795 5172 2938 5226 κατὰ
2983 5171 3148 5241 φύσιν
3174 5170 3498 5241 διαφέρουσι
3519 5187 3534 5200 ·
3563 5167 3742 5235 διαφέ-

2169 5284 2324 5340 ρουσι
2355 5266 2606 5338 δηλονότι
2639 5264 2737 5320 καὶ
2755 5264 2880 5319 καθ’
2911 5263 3213 5318 ὑπόστασιν
3237 5279 3252 5293 ο
3293 5261 3391 5314 καὶ
3413 5262 3462 5314 εί
3485 5259 3742 5330 διατορὰν

2167 5359 2386 5428 φύσεων
2419 5358 2516 5411 ἐπὶ
2547 5360 2676 5429 μιᾶς
2709 5357 2928 5426 φύσεως
2966 5356 3226 5426 λέγεσθαι
3274 5342 3575 5417 ἀδὺνατον,
3605 5352 3738 5420 ἀξιή-

2167 5470 2330 5524 χανον
2361 5451 2470 5522 ἀρα
2496 5452 2592 5504 καὶ
2621 5451 2886 5520 διαφορὰν
2925 5449 3289 5505 ὑποστάσεων
3317 5442 3458 5503 εἶναι
3494 5446 3589 5500 ἐπὶ
3617 5445 3737 5516 μιᾶς

2167 5544 2260 5597 καὶ
2285 5543 2384 5613 τῆς
2407 5543 2576 5612 αὐτῆς
2605 5540 2980 5605 ὑποστάσεως.
