3876 6310
50 304 193 369 1561

1082 311 1479 373 ADVERSUS
1516 260 2066 370 NES'I‘ORIANOS.
2094 334 2163 346 -
2189 311 2336 372 LIB.
2380 312 2461 373 II.

3239 308 3384 376 1‘56!

130 426 285 493 Ἤδη
340 427 447 498 μὲν
490 426 717 498 ἀληθῶς
756 426 862 480 είσι
891 426 961 480 τὰ
988 425 1363 497 προταχθέντα
1391 426 1520 494 ὑμῖν
1544 424 1679 496 ήμέ-
1704 456 1716 485 λ

1852 425 1973 481 Jam
2016 425 2240 495 quidem
2287 425 2346 481 in
2392 426 2630 481 veritate
2664 433 2796 483 sunt
2826 441 2949 497 qua:
2983 425 3202 482 a-vobis
3228 428 3384 497 prius

50 537 199 591 τερα
231 520 459 591 προὸλή
471 537 646 591 ματα·
679 518 893 583 τούτοις
919 518 977 571 δὲ
1010 518 1071 572 ού
1099 519 1425 590 προσφόρως
1451 517 1686 586 ὑπαντή-

52 629 264 675 σαντες
290 653 307 677 ,
375 613 621 678 ἑαυτοὺς
673 612 832 682 μόνον
890 611 1019 682 περὶ
1068 611 1177 665 τῶν
1214 610 1514 664 δοκούντων
1557 611 1687 681 ὑμῖν

54 705 406 758 πεπείκατε.
482 706 550 758 Ei.
592 705 703 776 γάρ
750 705 873 757 ἐπεὶ
905 703 984 773 τῷ
1015 703 1114 773 μὲν
1139 702 1391 774 χρώματι
1431 702 1690 769 ἀναλογεῖ

52 798 91 869 ἡ
126 797 452 862 ὑπόστασις
487 798 551 851 ὲν
580 796 660 867 τῷ
689 796 787 866 τῆς
812 796 1006 867 ὁμοίας
1029 794 1324 866 ὀνομασίας
1351 794 1495 849 κατὰ
1515 794 1687 864 τύχην

0 900 1 903 “
55 894 543 963 παραδείγματι,
598 892 679 963 τῷ
726 892 785 946 δὲ
835 890 1050 961 σώματι
1102 893 1136 961 ἡ
1177 890 1340 961 φύσις
1386 890 1685 958 ἀναγκαῖον

51 985 190 1039 ἔνθα
228 986 360 1039 ἐστὶ
389 986 589 1057 σῶμα,
625 982 766 1039 εῖναι
796 986 892 1038 καὶ
920 983 1120 1055 χρῶμά
1143 1000 1313 1051 φατε,
1347 987 1443 1037 καὶ
1476 982 1689 1035 ὲκτού-

49 1096 152 1132 του
184 1076 286 1131 δύο
303 1074 458 1131 εἶναι
486 1082 593 1141 τὰς
617 1077 1104 1143 ὑποστάσεις,ὲπε¹ι
1121 1075 1215 1130 δύο
1231 1076 1368 1129 εἰσὶν
1392 1077 1448 1128 αί
1472 1074 1687 1145 φύσεις,

52 1172 340 1240 συνάγετε
373 1211 389 1236 ,
443 1171 630 1240 γνῶτε
666 1172 750 1224 ὅτι
779 1170 937 1224 τοῦτο
972 1170 1065 1223 καὶ
1097 1170 1259 1239 ἡμεῖς
1290 1185 1473 1238 φαμεν
1499 1183 1512 1196 ·
1549 1167 1687 1220 ὅπου

0 1276 1 1279 ‘
52 1263 228 1332 σῶμα
280 1258 432 1316 εἶναι
474 1262 701 1331 λέγεται
746 1262 1230 1332 ἐγχρωμάτιστον,
1272 1259 1475 1329 χρῶμα
1506 1257 1690 1328 ὑπάρ-

0 1392 1 1395 η
51 1373 180 1425 χειν
236 1356 612 1423 ἀναγκαίως·
672 1353 862 1423 ὥσπερ
908 1350 1002 1407 οὖν
1053 1354 1145 1406 καὶ
1182 1352 1494 1405 ὑπόστασιν
1529 1350 1693 1412 εἶναι,

52 1446 197 1500 ὅπου
258 1447 501 1515 λέγεται
551 1447 712 1515 φύσις
760 1445 1139 1507 ἐνυπόστατος.
1189 1444 1354 1497 Ἀλλὰ
1388 1443 1450 1496 το
1486 1441 1689 1512 ζητού-

60 1558 236 1610 μενον
259 1580 276 1604 ,
338 1537 507 1593 οὒπω
544 1540 783 1606 ἐδείξατε
814 1542 941 1608 περὶ
965 1529 1027 1591 οὗ
1058 1538 1152 1591 καὶ
1175 1535 1511 1607 διαφέρεσθε
1547 1534 1689 1605 πρὸς

56 1636 91 1703 ἠ
131 1634 246 1703 μᾶς
271 1651 287 1664 ·
329 1633 422 1687 ὅτι
473 1633 612 1686 ὅπου
646 1631 867 1685 πλείονα
904 1630 1143 1684 συνιέναι
1172 1628 1427 1698 λέγονται
1460 1627 1697 1698 σώματα

60 1727 531 1796 ὲγχρωμάτιστα
558 1765 573 1788 ,
632 1723 896 1794 ἰσάριθμα
941 1723 1059 1776 δέον
1090 1717 1232 1775 εῖναι
1261 1718 1474 1784 τούτοις
1504 1719 1602 1773 καὶ
1625 1720 1697 1771 τὰ

62 1819 352 1889 κρώματα
371 1834 386 1848 °
450 1818 552 1873 καὶ
601 1818 660 1870 οὑ
706 1816 932 1870 δυνατὸν
966 1816 1000 1887 ἢ
1032 1815 1114 1869 ἐνὶ
1144 1815 1237 1869 καὶ¹
1261 1813 1342 1886 τῷ
1365 1812 1518 1884 αὑτῷ
1543 1811 1698 1883 χρώ-

73 1929 214 1983 ματι
249 1912 497 1966 πλείονα
525 1910 872 1981 χρὼννυσθαι
905 1910 1167 1980 σώματα·
1200 1908 1391 1979 ὥσπερ
1416 1905 1495 1977 τῷ
1517 1904 1703 1977 λευκῷ

64 2006 171 2081 ἦτε
203 2003 351 2076 χιὼν
385 2003 490 2057 καὶ
519 2003 582 2055 τὸ
607 2001 749 2072 γάλα
780 2003 873 2055 καὶ
894 2000 1188 2071 ψιμμίθιον
1220 1998 1534 2070 μιγνύμενα
1554 2041 1568 2063 ,
1606 1997 1704 2050 καὶ

66 2100 132 2153 τὸ
163 2097 326 2170 ἔριον
373 2098 478 2151 καὶ
510 2087 659 2149 λῖνον
694 2096 790 2149 καὶ
824 2094 1034 2164 μέταξα
1067 2097 1126 2148 ὲν
1157 2093 1239 2164 τῷ
1275 2094 1358 2146 ἑνὶ
1385 2090 1570 2163 λευκῷ
1602 2091 1705 2145 πέ-

66 2191 200 2262 πλῳ
233 2189 579 2261 ὑφασμένα·
616 2187 650 2261 ἢ
681 2189 762 2252 είς
791 2186 850 2241 ἓν
876 2187 1064 2259 ἓτερον
1097 2185 1304 2258 χρῶμα
1334 2185 1561 2238 πλείονα
1590 2182 1699 2235 σώ-

78 2302 239 2354 ματα
293 2278 450 2336 εἶναι
498 2279 959 2351 συγκεκραμένα·
1015 2273 1128 2331 οἷον
1174 2277 1237 2333 τὸ
1276 2276 1571 2347 ψιμμίθιον
1608 2275 1703 2329 καὶ

71 2376 275 2448 ὥχρα,
315 2376 421 2428 καὶ
455 2371 764 2444 χάλκανθος
791 2372 887 2425 καὶ
916 2369 1190 2441 κόμμιδας
1220 2371 1278 2424 ἐν
1302 2368 1381 2439 τῷ
1407 2367 1554 2438 φαιῷ
1579 2366 1703 2420 κολ-

76 2469 332 2541 λουρίῳ·
370 2468 479 2530 τὰς
507 2468 617 2537 γὰρ
648 2464 743 2519 δύο
767 2463 957 2534 φύσεις
989 2466 1047 2517 ὲν
1076 2465 1174 2533 μιᾷ
1197 2462 1293 2517 καὶ
1321 2464 1385 2532 τῇ
1412 2462 1550 2531 αὐτῇ
1574 2461 1704 2513 ὑπο-

80 2562 285 2621 στάσει
321 2560 570 2630 λέγομεν
602 2556 954 2628 ὑφίστασθαι·
989 2558 1090 2627 οὑχ
1113 2555 1188 2618 ὡς
1217 2554 1526 2626 δυναμένης
1551 2551 1704 2607 θατέ-

85 2673 194 2725 ρας
228 2652 623 2709 ἁνυποστάτου
656 2647 797 2704 εἶναι
836 2651 894 2702 ὲν
923 2649 1084 2718 αὑτῇ,
1126 2646 1243 2700 ἀλλ’
1275 2645 1349 2709 ὡς
1379 2643 1706 2715 ἀμφοτέρων

84 2748 148 2800 ἂν
189 2748 297 2817 μιᾷ
325 2745 494 2815 κοινῇ
525 2740 844 2813 δυναμένων
875 2738 1210 2809 ὑφίστασθαι
1239 2735 1574 2790 ὑποστάσει·
1611 2734 1707 2788 καὶ

84 2838 274 2903 οὕτως
325 2837 478 2892 κατὰ
510 2836 612 2905 τὴν
643 2833 818 2904 αὑτὴν
851 2832 949 2886 καὶ
984 2829 1117 2900 μίαν
1144 2828 1476 2891 ὑπόστασιν,
1513 2823 1705 2878 ἑκατέ-

86 2949 191 3004 ρας
221 2929 617 2984 ἐνυποστάτου
636 2924 695 2979 οὑ
705 2941 825 2994 σης.
853 2925 928 2977 Οὐ
953 2924 1064 2993 γὰρ
1088 2922 1392 2990 ἀναγκαῖον
1412 2918 1502 2972 διὰ
1521 2916 1582 2970 τὸ
1597 2915 1707 2969 δεῖν

83 3006 142 3078 τι
175 3020 353 3086 εἶναι,
390 3018 619 3078 πάντως
653 3017 745 3069 καὶ
777 3015 883 3083 ἰδία
912 3013 1073 3069 τοῦτο
1100 3009 1240 3066 εἶναι
1260 3029 1275 3044 ·
1330 3012 1426 3065 καὶ
1455 3010 1564 3081 γὰρ
1595 3008 1704 3063 τῶν

87 3119 151 3173 ὲν
186 3118 259 3186 τῇ
294 3113 465 3166 πόλει
495 3110 788 3179 οἰκήσεων,
827 3104 1056 3174 οὐδεμία
1088 3103 1186 3174 μὲν
1217 3101 1517 3165 ἀδέσποτος
1542 3117 1555 3132 ·
1608 3100 1708 3153 οὐκ

91 3206 436 3277 ἀναγκαίως
464 3204 518 3256 δὲ
549 3203 699 3257 πᾶσα
724 3196 1122 3267 δεσποζομένη,
1153 3193 1545 3267 μονοδέσποτός
1570 3193 1707 3248 ἐστι·

97 3302 309 3361 πολλαὶ
340 3297 459 3368 γάρ
490 3297 599 3349 εἰσι
633 3292 727 3346 καὶ
758 3289 1158 3345 κοινοδὲσποτοι
1206 3287 1265 3339 ὲν
1293 3287 1362 3356 τῇ
1388 3284 1576 3337 πόλει·
1616 3281 1711 3350 οὓέ

97 3412 211 3459 τως
243 3393 341 3447 οὖν
391 3389 515 3442 ἐπεὶ
546 3387 647 3458 μέν
675 3386 815 3438 εἰσιν
848 3381 905 3436 αί
937 3380 1159 3452 φύσεις,
1209 3378 1510 3447 ἀναγκαῖον
1542 3374 1713 3437 αὑτάς

100 3487 203 3541 καὶ
234 3480 620 3553 ὑφεστηκέναι
652 3475 747 3532 καὶ
774 3473 1181 3535 ὲνυποστάτους
1214 3464 1389 3523 εἶναι·
1438 3466 1629 3534 ἐπειδὴ
1655 3466 1713 3519 δὲ

100 3581 207 3633 οὑκ
254 3578 370 3648 ίδία
405 3573 501 3630 ἀπ’
532 3569 779 3639 ἀλλήλων
811 3566 970 3631 εἰσὶν,
1007 3563 1256 3625 ὲνώσεως
1288 3557 1469 3613 αὐτῶν
1501 3554 1713 3625 ὡμολο-

104 3672 378 3741 γημένως
431 3663 783 3735 γενομένης,
851 3658 975 3727 οὑχ).
1034 3654 1132 3709 καὶ
1186 3654 1293 3723 ίδίᾳ
1342 3648 1714 3722 ὑφεστηκέναι

107 3761 392 3830 ἑκατέραν
426 3753 722 3824 ἀναγκαῖόν
753 3754 891 3804 ἐστι.
938 3746 1106 3815 Δῆλον
1139 3742 1232 3798 οὑν
1276 3744 1358 3797 ὅτι
1406 3742 1504 3810 οὑχ
1530 3741 1715 3830 ἑτερο-

108 3829 428 3909 ὑπόστατον
459 3844 622 3909 εἶναι,
656 3843 771 3898 ἀλλ’
802 3844 860 3895 ἐν
896 3840 997 3910 μιᾷ
1031 3838 1126 3890 καὶ
1151 3837 1219 3905 τῇ
1247 3834 1385 3903 αὐτῇ
1417 3829 1715 3885 ὑποστάσει

109 3945 364 4001 νοεῖσθαι
407 3942 610 4011 ἀμφοῖν
652 3935 833 3991 αὐτῶν
866 3932 929 3985 τὸ
962 3930 1331 3984 ἐνυπόστατον
1360 3925 1459 3978 δεῖ.
1499 3922 1591 3975 Διὺ
1620 3919 1716 3974 καὶ

112 4010 507 4105 ἀποδεχόμεθα
556 4030 617 4083 τὸ
661 4028 792 4097 παρ’
821 4023 974 4094 ὑμῶν
1019 4022 1077 4073 ἐν
1108 4018 1256 4072 τέλει
1288 4013 1603 4086 εἰρημένον,
1640 4010 1716 4073 ὡς

115 4130 394 4185 ἀδύνατον
442 4125 533 4177 ἐπὶ
569 4122 700 4193 μιᾶς
732 4119 827 4172 καὶ
855 4117 957 4185 τῆς
984 4114 1156 4182 αὐτῆς
1187 4108 1565 4173 ὑποστάσεως,
1598 4105 1718 4159 διαο

115 4222 305 4293 φορὰν
338 4215 602 4286 λέγεσθαι
632 4210 1010 4271 ὑποστάσεως.
1064 4203 1201 4258 Οὐδὲ
1230 4201 1367 4263 ὅλως
1393 4200 1501 4270 γάρ
1535 4210 1716 4293 φαμεν

112 4313 248 4368 οὔτε
282 4309 549 4377 διαφορὰν
583 4303 938 4358 ὑποστάσεων
985 4300 1043 4357 ἐν
1072 4297 1139 4366 τῇ
1170 4296 1270 4365 μιᾷ
1297 4291 1594 4347 ὑποστάσει
1621 4285 1716 4340 τοῦ

116 4401 336 4474 Κυρίου
520 4393 767 4465 γένοιτοι
818 4390 868 4443 εί
916 4388 1011 4445 καὶ
1054 4381 1440 4440 ὑποστατικῶν
1473 4376 1718 4450 μερικῶν

1732 1780 1775 1837 Β

1737 3132 1778 3187 C

1790 516 2002 588 prolata
2025 525 2154 571 sunt
2176 524 2368 570 nostra
2389 523 2732 586 argumenta.
2760 514 2856 571 His
2876 515 3023 571 enim
3051 531 3163 571 non
3185 531 3388 588 oppor-

1794 619 1925 665 tune
1968 618 2353 675 occurrentes,
2379 624 2477 664 vos
2525 608 2674 679 ipsos
2702 617 2916 663 tantum
2943 607 3011 663 de
3042 617 3229 663 vestra
3258 623 3388 664 sen-

1795 702 1968 759 tentia
2000 703 2369 772 persuasistis.
2398 701 2454 757 Si
2485 702 2656 767 enim,
2683 717 2809 757 cum
2842 701 3146 772 analogiam
3184 701 3391 756 habeat

1793 808 1921 849 cum
1954 794 2140 848 colore
2184 791 2564 857 subsistentia,
2610 792 2666 846 in
2713 791 2808 846 illo
2855 791 3109 861 exemplo
3146 790 3393 846 fortuita:

1795 885 2176 942 similitudinis
2226 886 2283 940 in
2337 884 2694 950 nominibus,
2744 884 2963 954 corpori
3015 884 3392 939 necessarium

1796 979 1926 1034 inde
1968 988 2053 1033 est
2100 985 2300 1032 natura
2330 977 2401 1031 sit
2430 991 2650 1046 corpus,
2677 976 2919 1031 colorem
2949 991 3071 1031 esse
3102 974 3308 1041 dicitis,
3335 983 3394 1050 et

1796 1088 1861 1128 ex
1899 1074 2004 1127 hoc
2047 1071 2186 1126 duas
2231 1086 2354 1126 esse
2386 1070 2794 1134 subsistentias,
2825 1085 2951 1124 cum
2985 1069 3107 1125 dua:
3146 1070 3257 1123 sint
3290 1085 3392 1124 na-

1798 1173 1958 1226 tura}.
1993 1163 2272 1234 colligitis,
2319 1162 2515 1217 scitote
2549 1178 2652 1217 nos
2699 1178 2919 1232 quoque
2969 1161 3103 1216 illud
3147 1160 3333 1216 dicere
3375 1177 3389 1215 :

1798 1256 1902 1313 Ubi
1921 1270 2123 1326 corpus
2141 1270 2259 1309 esse
2277 1254 2483 1308 dicitur
2508 1253 2836 1319 coloratum,
2858 1253 3101 1309 colorem
3124 1253 3393 1307 exsistere
3442 1283 3448 1287 ε

1798 1362 2025 1403 necesse
2075 1356 2191 1413 est;
2244 1346 2387 1401 sicut
2436 1346 2604 1416 igitur
2652 1346 3067 1401 subsistentiam
3121 1359 3262 1406 esse,
3298 1343 3395 1397 ubi

1800 1439 2008 1495 dicitur
2040 1446 2239 1494 natura
2270 1437 2604 1493 subsistens.
2657 1437 2766 1492 Sed
2814 1436 3106 1506 quaesitum
3141 1451 3250 1489 non
3298 1448 3397 1504 per

1799 1533 1918 1588 haec
1966 1531 2465 1595 demonstravistis,
2487 1540 2544 1586 et
2589 1546 2620 1585 a
2663 1529 2826 1584 nobis
2861 1526 3218 1597 discrepatis;
3248 1524 3396 1595 quod

1802 1642 2023 1697 nempe,
2056 1626 2151 1682 ubi
2180 1626 2342 1696 plura
2379 1625 2645 1680 dicuntur
2679 1623 2936 1694 conjungi
2972 1635 3202 1691 corpora
3246 1618 3399 1674 colo-

1803 1730 1943 1785 rata,
1975 1733 2209 1774 numero
2239 1717 2480 1788 aequales
2509 1717 2577 1770 iis
2611 1715 2818 1770 debent
2848 1728 3069 1785 quoque
3103 1726 3225 1768 esse
3251 1711 3400 1767 colo-

1808 1829 1925 1880 res;
1959 1822 2017 1868 et
2048 1827 2159 1867 non
2197 1810 2459 1882 possibile
2500 1817 2605 1873 est,
2639 1816 2734 1862 aut
2763 1822 2875 1862 uno
2904 1814 2962 1861 et
2989 1805 3185 1860 eodem
3213 1803 3399 1860 colore

1806 1904 1964 1976 plura
1979 1904 2214 1960 colorari
2234 1918 2486 1973 corpora,
2507 1910 2567 1955 ut
2582 1900 2708 1956 albo
2727 1900 2944 1963 niveus,
2961 1898 3193 1962 lacteus,
3210 1911 3399 1976 cerus-

1807 2013 1935 2053 seus
1953 1996 2106 2052 mixti
2125 2006 2274 2062 sunt,
2290 2004 2349 2049 et
2372 1995 2518 2058 lana,
2539 1993 2712 2047 linum
2731 1999 2788 2047 et
2804 1989 3042 2045 sericum
3060 1990 3116 2043 in
3143 2003 3254 2042 uno
3271 1968 3398 2041 albo

1806 2091 1931 2146 velo
1958 2096 2242 2154 contexta;
2274 2096 2368 2142 aut
2408 2087 2464 2140 in
2510 2101 2682 2140 unum
2729 2085 2898 2139 alium
2951 2083 3194 2140 colorem
3237 2080 3400 2151 plura

1807 2190 2043 2246 corpora
2072 2189 2194 2229 esse
2223 2174 2517 2244 permista;
2549 2180 2610 2228 ut
2633 2188 2937 2237 cerussam,
2967 2171 3214 2235 ocltram,
3246 2169 3399 2225 chal-

1809 2268 2097 2332 canthum,
2129 2266 2359 2336 gummi,
2396 2266 2453 2319 in
2484 2264 2640 2320 fusco
2672 2263 2923 2336 collyrio.
2964 2263 3100 2318 Nam
3133 2262 3271 2317 duas
3296 2276 3399 2315 na-

1810 2370 1962 2417 turas
2008 2361 2063 2414 in
2095 2375 2202 2414 una
2231 2368 2287 2413 et
2315 2358 2507 2413 eadem
2553 2356 2912 2413 subsistentia
2954 2355 3192 2411 dicimus
3217 2353 3402 2410 subsi-

1808 2462 1994 2517 stere;
2028 2466 2140 2505 non
2175 2449 2335 2519 quasi
2368 2449 2633 2504 alterutra
2668 2448 2844 2517 possit
2872 2460 2993 2501 esse
3032 2445 3403 2500 insubsistens

1809 2545 1865 2600 in
1908 2545 2019 2607 illa,
2053 2543 2147 2599 sed
2181 2541 2328 2612 quod
2367 2549 2600 2611 utraque
2647 2541 2703 2594 in
2749 2555 2858 2594 una
2900 2537 3181 2594 communi
3224 2535 3403 2607 possit

1809 2635 2111 2692 subsistere
2141 2634 2521 2689 subsistentia.
2554 2633 2624 2688 Et
2656 2634 2757 2698 ita,
2799 2632 3104 2689 secundum
3150 2628 3400 2686 eamdem

1810 2738 1866 2783 et
1890 2742 2054 2782 unam
2085 2725 2522 2791 subsistentiam,
2558 2733 2791 2796 utraque
2824 2725 2897 2779 sit
2925 2723 3253 2780 subsistens.
3278 2721 3403 2777 Non

1812 2818 1960 2874 enim
1998 2816 2370 2871 necessarium
2397 2825 2482 2870 est
2517 2821 2579 2869 ut
2603 2814 2812 2884 aliquid
2841 2813 3041 2868 debeat
3064 2827 3208 2876 esse,
3237 2810 3426 2866 abso-'

1810 2910 1924 2966 lute
1959 2918 2016 2965 ct
2047 2909 2270 2979 proprie
2316 2908 2452 2962 illud
2498 2907 2601 2973 sit;
2652 2921 2778 2961 nam
2816 2921 2892 2959 ex
2944 2905 3103 2960 urbis
3146 2903 3406 2958 domibus

1809 3002 1960 3055 nulla
2000 3000 2119 3056 sine
2149 2999 2397 3065 domino,
2443 3013 2555 3052 non
2588 2997 2965 3052 necessarium
3011 3005 3194 3050 autem
3228 3004 3314 3050 est
3345 3003 3406 3050 ut

1810 3092 1991 3147 omnis
2034 3107 2157 3161 quae
2200 3090 2485 3145 dominum
2519 3089 2724 3155 habet,
2759 3104 2931 3143 unum
2974 3087 3261 3142 dominum
3307 3087 3405 3140 ba-

1814 3184 1978 3249 beat;
2009 3184 2258 3254 plurimze
2283 3182 2431 3238 enim
2460 3186 2589 3237 s'unt
2617 3181 2675 3235 in
2715 3180 2853 3237 urbe
2885 3180 3135 3250 pluribus
3163 3178 3408 3234 dominis

1811 3291 2135 3333 communes
2166 3293 2179 3329 :
2205 3275 2286 3330 sic
2310 3274 2496 3345 igitur,
2520 3273 2742 3344 quando
2764 3283 2893 3328 sunt
2922 3281 3152 3334 naturae,
3183 3275 3406 3341 oportet

1813 3383 1907 3423 eas
1938 3367 2240 3422 subsistere
2267 3373 2325 3422 et
2369 3365 2737 3420 subsistentes
2772 3378 2893 3419 esse
2920 3379 2935 3429 ;
2968 3360 3188 3433 quando
3221 3368 3405 3415 autem

1813 3476 1924 3515 non
1953 3459 2176 3530 proprie
2201 3467 2258 3515 et
2285 3458 2405 3513 aliae
2436 3458 2506 3512 ab
2536 3458 2659 3512 aliis
2698 3466 2849 3521 sunt,
2876 3455 3081 3510 unione
3112 3454 3233 3509 illas
3262 3452 3407 3507 inter

1814 3561 2004 3624 aperte
2037 3554 2201 3618 facta,
2235 3568 2345 3608 non
2375 3552 2542 3607 etiam
2573 3550 2798 3621 proprie
2843 3548 3147 3604 subsistere
3191 3558 3404 3600 utram-

1814 3662 1923 3717 que
1956 3645 2325 3701 necessarium
2348 3650 2453 3699 est.
2480 3643 2724 3698 Evidens
2755 3655 2889 3711 ergo
2917 3649 3001 3695 est
3031 3655 3142 3693 non
3173 3638 3406 3693 alterius

1815 3753 1939 3794 esse
1978 3736 2371 3813 subsistentia,
2409 3735 2504 3789 sed
2541 3735 2597 3787 in
2631 3748 2740 3787 una
2771 3731 3075 3800 eademque
3101 3730 3408 3784 subsisten-

1819 3829 1892 3885 tia
1940 3830 2234 3897 utriusque
2280 3824 2708 3881 existimandum
2758 3838 2879 3878 esse
2918 3820 3068 3891 quod
3099 3821 3408 3875 subsistens

1816 3938 1920 3981 est.
1952 3924 2081 3979 Ideo
2115 3932 2172 3977 et
2207 3921 2487 3992 rejicimus
2521 3918 2671 3988 quod
2714 3933 2744 3971 a
2779 3914 2937 3970 vobis
2970 3916 3025 3968 in
3058 3913 3166 3967 line
3196 3913 3406 3967 dictum

1816 4021 1923 4078 cst,
1955 4011 2296 4083 impossibile
2331 4024 2453 4064 esse
2483 4008 2537 4062 in
2573 4022 2683 4061 una
2714 4004 3018 4074 eademque
3049 4000 3408 4058 subsistentia

1817 4106 2189 4162 differentiam
2251 4102 2361 4158 dici
2425 4099 2818 4156 subsistentia.
2871 4094 2992 4151 Non
3044 4096 3192 4149 enim
3239 4093 3408 4147 abso-

1817 4199 1932 4254 lute
1970 4197 2207 4252 dicimus
2254 4192 2622 4250 diﬂ'erentiam
2668 4186 3156 4245 subsistentiarum
3204 4199 3262 4237 in
3297 4197 3406 4238 una

1818 4288 2176 4346 subsistentia
2216 4284 2455 4347 Domini,
2492 4284 2599 4338 hoc
2645 4281 2795 4337 enim
2844 4279 3281 4335 demonstratum
3325 4282 3409 4329 est

1818 4399 1939 4441 esse
1963 4380 2339 4451 impossibile;
2373 4376 2645 4447 siquidem
2668 4390 2778 4429 non
2807 4371 3194 4427 distinctarum
3221 4382 3407 4423 rerum

121 4459 443 4566 ἰδιωμάτων
466 4459 626 4561 ίσμεν
648 4484 933 4556 διαφοράν·
959 4483 1017 4536 οὑ
1038 4480 1147 4550 γὰρ
1168 4475 1522 4540 ύποστάσεων
1536 4469 1716 4566 61.0.935-

1821 4475 1879 4531 in
1924 4475 2119 4530 eodem
2158 4472 2357 4543 aliquis
2390 4470 2600 4525 diceret
2645 4466 2930 4529 unionem,
2964 4462 3022 4516 in
3064 4476 3175 4531 quo
3207 4459 3407 4515 distin-

124 4603 237 4658 ρων
254 4560 308 4656 *ἢ
341 4560 617 4654 διαφορῶν
642 4576 838 4633 ἕνωσίν
875 4590 1054 4644 φαμεν
1085 4572 1180 4623 ἐπὶ
1204 4568 1299 4622 τοῦ
1327 4566 1556 4636 Κυρίου·
1590 4560 1716 4615 τοῦ-ρ

120 4653 185 4733 το
209 4653 321 4750 γὰρ
354 4653 684 4747 προεδείχθη
715 4670 809 4722 καὶ
840 4666 1138 4721 ἀδύνατον·
1180 4663 1339 4739 εἴπερ
1376 4659 1452 4728 μὴ
1482 4655 1577 4708 καὶ
1604 4653 1715 4750 τῶν

119 4736 567 4840 διακεκριμένων
579 4736 684 4834 ,ἐν
711 4759 893 4829 ταυτῷ
913 4776 996 4822 τις
1024 4757 1175 4825 λέγοι
1204 4736 1307 4825 τὴν
1325 4752 1547 4840 ἕνωσιν,
1572 4749 1640 4840 έν
1667 4736 1713 4813 ᾧ

117 4861 223 4930 τὴν
255 4835 530 4927 διάκρισιν
561 4857 692 4927 ὁρᾷ,⁸
748 4851 885 4906 ἀλλὰ
917 4848 1135 4919 φύσεων
1160 4840 1437 4930 διαφόρων
1465 4835 1716 4930 σύνθεσιν

120 4927 277 5005 κατὰ
325 4950 456 5020 μίαν
500 4947 603 5017 τὴν
647 4943 873 5013 πρώτην
910 4940 968 5005 ἐξ
996 4936 1173 5009 ἀρχῆς
1200 4929 1366 4987 οὖσαν
1396 4928 1490 4982 τοῦ
1516 4927 1714 4995 Λόγου,

123 5044 225 5098 καὶ
256 5044 319 5096 οὑ
355 5039 618 5109 δευτέραν
645 5032 784 5088 εἶναι
819 5033 1142 5090 ὑπόστασιν,
1180 5026 1358 5085 εῐτουν
1392 5020 1715 5089 summa.

127 5153 272 5199 σεως
303 5136 482 5203 ἴσμεν·
520 5129 635 5184 ἀλλ’
665 5126 839 5189 οὕτως
875 5124 974 5195 μὲν
1003 5121 1149 5176 τάδε.

200 5229 276 5283 Τὸ
306 5227 365 5281 δὲ
390 5226 456 5297 δὴ
485 5224 674 5294 ἕτερον
701 5218 863 5273 πάλιν
893 5216 922 5271 ὃ
951 5210 1327 5283 ἀπεφήνασθε,
1353 5211 1437 5265 ὅτι
1460 5207 1584 5262 ἐπεὶ
1602 5204 1718 5260 διάη

130 5321 290 5392 φοροί
341 5320 481 5373 εἰσιν
530 5317 587 5369 αί
630 5313 822 5383 φύσεις
869 5310 964 5363 ἐπὶ
1001 5310 1099 5378 τῆς
1133 5301 1471 5371 οἰκονομίας,
1503 5299 1717 5392 ἀνάγκη

131 5389 272 5467 εῖν-αι
299 5409 592 5480 διαφόρους
621 5403 717 5458 καὶ
742 5402 841 5466 τὰς
868 5398 1217 5460 ὑποστάσεις·
1253 5393 1363 5447 τῶν
1390 5393 1448 5446 δὲ
1482 5389 1721 5444 ὑποστά-

135 5521 275 5558 σεων
304 5500 680 5574 διαφερουσῶν
713 5496 807 5551 ἐπὶ
836 5494 936 5564 τῆς
963 5492 1114 5554 θείας
1141 5486 1349 5553 οὐσίας,
1377 5485 1478 5538 οὐκ
1504 5483 1722 5553 ἀνάγκῃ

136 5592 275 5649 εῖναι
321 5594 611 5664 διαφόρους
664 5590 761 5644 καὶ
809 5587 910 5650 τὰς
958 5585 1190 5655 φύσεις,
1244 5579 1362 5644 πῶς
1403 5576 1718 5638 δείκνυται;

140 5686 362 5759 Πρῶτον
382 5685 482 5758 μὲν
513 5684 620 5754 γὰρ
638 5683 696 5735 ὲν
725 5682 839 5741 τοῖς
868 5666 1179 5750 ἕμπρῇσθεν
1210 5672 1273 5726 τὺ
1299 5665 1720 5738 ἀδιάφορον-τῶν

140 5779 354 5852 φύσεων
408 5774 723 5846 ἀναγκαίως
758 5769 982 5844 χρῄζειν
1031 5768 1125 5822 τοῦ
1157 5763 1415 5838 διαφόρου
1451 5758 1559 5815 τῶν
1588 5759 1721 5811 ὑπο-

1818 4567 2059 4623 ctiouem
2084 4563 2271 4629 videt;
2302 4561 2399 4618 sed
2421 4570 2744 4615 naturarum
2772 4553 3148 4612 diﬂ‘erentium
3177 4552 3410 4623 conjun-

1818 4659 2057 4715 ctionem
2086 4655 2390 4712 secundum
2422 4668 2586 4709 unam
2612 4652 2843 4722 primam
2875 4665 2905 4703 a
2953 4645 3227 4716 principio
3254 4643 3408 4700 exsi-

1819 4759 2054 4809 stentem
2088 4749 2277 4816 Verbi,
2327 4763 2431 4803 nec
2474 4744 2776 4801 secundam
2817 4756 2939 4796 esse
2970 4724 3404 4802 subsistentiam,

1818 4854 1950 4917 puta
1975 4859 2007 4901 e
2041 4839 2421 4905 subsistentia,
2453 4838 2677 4895 scimus.
2715 4832 2824 4891 Sed
2855 4833 2929 4888 ita
2955 4832 3181 4902 quidem
3208 4829 3333 4885 ista.

1892 5200 2049 5269 Quod
2095 5205 2278 5254 autem
2314 5208 2506 5249 rursus
2552 5186 2938 5262 proposuistis,
2988 5197 3216 5240 necesse
3260 5195 3404 5246 esse,

1820 5311 1943 5351 cum
1979 5292 2298 5348 diﬂ'erentes
2323 5286 2435 5342 sint
2464 5293 2676 5339 natura:
2721 5281 2779 5337 in
2804 5277 3201 5340 incarnatione,
3242 5272 3407 5328 diﬂ‘e-

1821 5394 2005 5442 rentes
2037 5384 2202 5438 etiam
2245 5381 2356 5435 sint
2384 5387 2443 5434 et
2476 5373 2882 5439 subsistentia;
2926 5366 3405 5426 subsistentiarum

1821 5490 2005 5537 autem
2039 5475 2411 5532 diﬂ‘erentium
2456 5471 2512 5526 in
2545 5469 2783 5525 essentia
2826 5465 3036 5529 divina,
3066 5477 3179 5518 nou
3211 5474 3405 5516 neces;

1822 5573 1965 5629 sario
1990 5585 2112 5627 esse
2143 5566 2466 5624 diﬁ‘erentes
2485 5572 2731 5626 naturas,
2755 5556 3035 5630 quomodo
3056 5552 3395 5610 ostenditur?

1823 5664 2002 5736 primo
2050 5661 2196 5716 enim
2247 5656 2509 5729 quidem,
2556 5654 2614 5709 in
2654 5652 2743 5707 his
2789 5663 2912 5721 quae
2960 5644 3217 5736 superius
3260 5641 3405 5736 dicta

1824 5731 1974 5823 sunt,
1995 5749 2413 5808 similitudinem
2440 5753 2763 5803 naturarum
2790 5735 3103 5798 necessario
3127 5731 3405 5806 requirere
