3876 6310
90 306 224 371 1565

93 419 232 474 οὑτω
288 418 597 488 λεγομένων
662 418 1001 489 ὀνομάζομεν
1031 435 1044 449 ·

86 511 197 562 τῶν
223 508 436 578 φύσεων
468 510 657 572 ποσὸν,
684 512 777 563 καὶ⁵
806 510 897 562 τὸν
926 510 1035 564 τῶν
1055 510 1412 564 ὑποστάσεων
1435 509 1560 580 ἀριθ
1571 510 1671 579 μὸν

91 601 451 663 πλεονάζοντα
481 602 657 670 ἴσμεν·
690 600 991 669 οὑδαμόθεν
1013 600 1200 654 λοιπὸν
1217 601 1452 670 ἐχόντων
1474 599 1668 663 ἑνικῶς

89 693 590 765 προσαγορεύεσθαι
611 693 720 747 τῶν
740 694 882 747 κατὰ
900 694 1062 761 φύσιν
1080 694 1381 762 ήνωμένων
1396 690 1666 745 ὁπωσοῦν*

86 787 219 838 ὅπου
254 786 412 853 ὑμεῖς
434 786 632 838 ταυτὸν
659 781 800 840 εἶναι
828 787 991 854 φύσιν
1020 788 1115 839 καὶ
1144 786 1440 838 ὑπόστασιν
1471 782 1670 836 πολλά-

87 895 176 941 κις
222 878 473 945 λέγοντες
499 893 513 908 ’
568 877 671 931 κᾶν
720 878 1014 948 διαφόρους
1050 877 1188 931 δῶτε
1217 877 1314 939 τάς
1341 875 1670 937 ὑποστάσεις

84 968 186 1037 τῆς
234 968 395 1035 ἁγίας
442 970 699 1040 Τριάδος,
756 972 974 1033 πάντως
1020 969 1117 1023 καὶ
1162 970 1262 1032 τὰς
1307 967 1530 1037 φύσεις,
1572 966 1669 1019 καὶ

84 1062 133 1112 εί
165 1060 419 1125 πλείους,
457 1061 519 1124 ἐξ
548 1061 794 1131 ἀνάγκης
826 1062 999 1123 τόσας
1033 1059 1254 1122 καὶτὰς
1279 1051 1664 1122 οὑσίαςιεῖναι.

691 1154 944 1208 ΚΕΦΑΛ.
981 1155 1082 1206 1Δ’.

166 1248 347 1314 Ἀλλὰ,
384 1248 583 1317 φασὶν,
642 1246 752 1298 ἰδοὺ
798 1248 827 1299 ό
873 1245 1162 1314 ἄνθρωπος
1209 1242 1306 1297 δύο
1339 1243 1439 1313 μὲν
1471 1240 1667 1311 φύσεις

80 1340 220 1404 ἐστὶ,
261 1340 358 1409 μία
386 1339 441 1391 δὲ
470 1339 795 1400 ὑπόστασιςο
844 1338 938 1389 καὶ
971 1334 1210 1405 φανερὸν
1243 1336 1308 1386 ἐκ
1335 1332 1551 1395 τούτου,
1582 1333 1666 1385 ὅτι

78 1429 305 1483 δυνατὸν
347 1431 406 1483 ὲν
454 1431 553 1501 μιᾷ
590 1429 889 1483 ὑποστάσει
923 1428 1018 1482 δύο
1048 1427 1242 1496 φύσεις
1271 1424 1432 1481 εἶναι.
1496 1425 1664 1480 Πάλιν

75 1524 338 1595 τερθρεία
362 1524 561 1591 λόγων,
599 1523 762 1577 πάλιν
795 1524 942 1593 μάχη
970 1522 1280 1591 δογμάτων,
1318 1520 1478 1574 πάλιν
1508 1521 1666 1572 ἐναν-

76 1618 261 1687 τιότης
318 1618 613 1689 ῥημάτων,
673 1617 770 1669 καὶ
823 1614 1138 1685 σοφίσματα
1179 1613 1448 1683 προδήλου
1481 1609 1663 1680 ψυχῆς

75 1708 396 1779 ἀγνώμονος
421 1726 436 1741 ’
471 1711 563 1762 τὸν
595 1709 757 1762 αὑτὸν
780 1707 1071 1777 ἄνθρωπον
1104 1706 1198 1760 καὶ
1226 1705 1319 1759 δύο
1347 1704 1542 1774 φύσεις
1571 1704 1660 1756 λέ-

74 1820 257 1871 γουσι,
291 1803 385 1855 καὶ
418 1803 549 1873 μίαν
577 1803 902 1864 ὑπόστασιν,
935 1800 1030 1853 καὶ
1055 1798 1158 1852 πά)
1171 1815 1220 1850 ιν
1245 1796 1503 1865 οὐδεμίαν
1526 1795 1658 1848 ὑπό-

75 1911 271 1948 στασιν
293 1913 307 1926 ο
367 1896 462 1947 καλ⁹
514 1894 774 1964 μακάριοι
813 1889 954 1964 ἦμεν
990 1891 1284 1952 ἀκούοντες
1317 1888 1412 1941 δύο
1441 1887 1659 1955 φύσεις,

76 1987 213 2057 μίαν
241 1987 538 2039 ὑπόστασιν
563 2005 575 2019 ·
616 1986 651 2056 ἦ
688 1986 784 2037 νῦν
816 1983 1197 2052 διδασκόμενοι
1224 1981 1405 2047 λέγειν
1440 1979 1533 2031 δύο
1559 1978 1661 2046 φύ-

74 2096 214 2141 σεις,
247 2078 504 2148 οὐδεμίαν
531 2079 587 2131 δὲ
619 2078 937 2129 ὑπόστασιν.
981 2074 1150 2126 Πάλιν
1176 2073 1285 2142 γὰρ
1310 2072 1405 2124 τὸν
1425 2068 1661 2141 Χριστὸν

70 2169 295 2238 λέγουσι
325 2172 476 2240 τρεῖς
504 2169 715 2237 φύσεις,
745 2167 840 2221 κοιλ⁸
864 2165 957 2218 δύο
986 2164 1206 2234 φύσειςο
1242 2162 1338 2216 καὶ
1370 2161 1502 2230 μίαν
1531 2159 1663 2212 ὑπό·

73 2276 272 2315 στασιν
298 2261 373 2330 μὴ
398 2259 849 2329 κατορθώσαντες
872 2256 1078 2323 λέγειν,
1103 2255 1251 2323 τρεῖς
1278 2251 1379 2322 ήδη
1404 2248 1663 2318 δογματί-

71 2355 233 2418 ζουσι
283 2352 475 2420 φύσεις
533 2355 590 2404 ἐν
644 2351 743 2420 μιᾷ
792 2347 1118 2401 ὑποστάσει·
1165 2345 1260 2397 καὶ
1294 2344 1459 2397 ἄκουε
1488 2338 1663 2393 ταῦτα

70 2447 216 2509 πῶς.
264 2446 327 2497 Et
360 2443 452 2497 δύο
482 2443 700 2510 φύσεων
734 2444 760 2494 ὁ
790 2440 1100 2510 ἄνθρωπος,
1135 2438 1230 2489 καὶ
1265 2438 1392 2506 μιᾶς
1421 2432 1663 2487 ὑποστά-

72 2554 237 2599 σεως,
275 2534 535 2603 εἴληπται
567 2534 622 2588 δὲ
660 2526 815 2593 οὗτος
865 2532 959 2584 καὶ
990 2530 1197 2599 ⁴ἥνωται
1226 2526 1305 2595 τῷ
1335 2525 1452 2594 Θεῷ
1480 2525 1659 2594 Λόγῳ,

69 2629 195 2693 πῶς
221 2628 284 2681 οὑ
309 2630 457 2697 τρεῖς
483 2626 673 2694 φύσεις
695 2626 791 2677 δύο
812 2624 1102 2692 ληφθεῖσαι
1124 2663 1139 2686 ,
1184 2621 1280 2689 μία
1303 2619 1359 2671 δὲ
1384 2616 1658 2682 λαϐοῦσας

69 2722 171 2773 καὶ
199 2718 315 2781 πῶς
346 2720 406 2772 οὑ
433 2717 529 2771 δύο
556 2717 910 2778 ὑποστάσεις,
944 2715 978 2780 ἦ
1012 2730 1072 2765 τε
1105 2711 1346 2765 λαϐοῦσα
1382 2710 1477 2762 καὶ
1504 2710 1536 2775 ή
1564 2707 1662 2775 λη·-

72 2811 309 2881 φθείσα;
362 2811 425 2863 Εἰ
454 2808 512 2863 δὲ
544 2810 638 2863 δύο
665 2812 883 2877 φύσεων
912 2808 942 2859 ὁ
970 2805 1209 2876 Χριστὸς
1246 2803 1339 2855 καλ⁸
1367 2802 1497 2870 μιᾶς
1523 2801 1659 2852 ὑπο-

72 2905 344 2966 στάσεως,
383 2905 501 2965 πῶς
530 2904 591 2955 οὑ
624 2903 723 2970 μία
749 2900 910 2970 φύσις
940 2902 969 2952 ὀ
994 2898 1317 2969 ἄνθρωποςς
1353 2894 1444 2947 καὶ
1469 2891 1664 2945 ἀνυπό-

73 3015 275 3062 στατος
326 3000 354 3051 ό
402 2996 723 3067 ἄνθρωπος,
769 2996 829 3049 δν
862 2994 955 3046 δύο
987 2993 1180 3060 φύσεις
1212 2991 1398 3056 ἔλεγον
1429 2986 1657 3057 πρώην;

1036 303 1433 370 ADVERSUS
1470 307 2021 368 NESTORIANOS.
2048 332 2118 341 -
2158 308 2303 366 LIB.
2347 307 2430 367 II.

1129 421 1227 473 καὶ
1289 421 1350 473 οὐ
1414 419 1557 473 κατὰ
1610 417 1660 470 τῆ

1776 433 2068 473 numerum
2100 433 2459 488 personarum
2492 416 2867 485 multiplicari.
2901 415 3019 470 Una
3057 429 3187 471 voce
3214 417 3360 472 desi-

3222 306 3362 371 1566

1773 509 1927 579 gnari
1949 525 2013 563 ea
2031 524 2153 578 quae
2170 517 2370 563 natura
2391 507 2576 577 aliquo
2596 506 2762 561 modo
2786 506 3076 570 uniuntur,
3099 506 3361 577 deinceps

1770 601 1876 659 erit
1900 600 2129 654 omnino
2159 599 2525 671 impossibile,
2560 597 2863 668 praesertim
2895 612 3019 651 cum
3060 596 3204 653 idem
3236 613 3357 653 esse

1772 699 2025 746 naturam
2080 700 2245 761 atque
2290 688 2580 760 personam
2634 703 2777 758 saepe
2825 687 3098 741 dixeritis.
3148 685 3363 743 Sancta:

1772 781 2055 836 Trinitatis
2098 796 2362 850 personas
2405 782 2450 833 si
2482 778 2864 841 distinxeritis,
2894 787 2950 832 et
2984 786 3196 835 naturae
3238 791 3357 831 om-

1769 874 1903 929 nino
1947 882 2110 928 erunt
2159 872 2581 943 distinguendzc,
2627 871 2673 927 si
2713 869 3232 938 multiplicavcritis,
3279 869 3361 924 sic

1768 965 2081 1021 necessario
2111 963 2543 1034 multiplicanda:
2570 971 2629 1017 et
2663 972 2895 1018 naturae.

2397 1160 2553 1216 CAP.
2571 1160 2711 1216 XIV.

1839 1256 1948 1312 Sed
1976 1270 2182 1318 nonne,
2212 1253 2494 1323 inquiunt,
2526 1253 2667 1307 duas
2698 1259 2927 1306 naturas
2956 1259 3012 1305 et
3036 1265 3201 1304 unam
3227 1266 3354 1320 per-

1765 1364 1957 1404 sonam
1985 1348 2153 1402 homo
2186 1345 2393 1400 habet?
2422 1353 2479 1398 et
2508 1343 2709 1398 exinde
2732 1357 2913 1396 nonne
2942 1342 2998 1395 in
3028 1356 3136 1395 una
3163 1356 3354 1411 perso-

1763 1459 1835 1498 na
1873 1443 2012 1497 duas
2044 1451 2269 1497 naturas
2297 1438 2567 1494 exsistere
2600 1435 2865 1506 possibile
2890 1435 3352 1490 demonstratur?

1763 1532 1979 1587 Rursus
2012 1530 2270 1599 stupendi
2317 1542 2625 1589 sermones,
2674 1540 2870 1579 rursus
2927 1524 3204 1580 contraria
3251 1524 3323 1579 do

1762 1632 1964 1695 gmata,
1986 1636 2181 1676 rursus
2196 1620 2363 1674 verba
2380 1620 2654 1688 opposita,
2674 1633 2865 1671 rursus
2880 1617 3217 1687 sophismata
3237 1631 3359 1685 quae

1764 1717 2010 1770 insanam
2044 1723 2282 1768 mentem
2314 1720 2572 1781 arguunt.
2604 1710 2871 1764 Eumdem
2904 1709 3182 1763 hominem
3211 1724 3360 1763 nunc

1762 1808 1994 1863 duarum
2010 1814 2328 1859 naturarum
2341 1815 2396 1857 et
2411 1803 3006 1871 uniuspersonmmunc
3022 1800 3221 1855 llllniJS
3234 1815 3361 1870 per-

1764 1915 1913 1955 εοκαξ
1930 1907 2200 1953 statuunt.
2218 1896 2703 1952 Laetabamurcum
2729 1893 2868 1948 duas
2881 1902 3108 1947 naturas
3120 1902 3174 1948 et
3191 1908 3358 1947 unam

1764 2006 2058 2061 personam
2087 1990 2468 2051 audiebamus,
2501 1996 2556 2042 et
2576 2003 2725 2041 nunc
2740 1987 2879 2042 duas
2902 1995 3128 2040 naturas
3148 1995 3203 2041 ct
3225 1989 3355 2041 ttul-

1764 2079 1873 2132 lam
1895 2093 2187 2147 personam
2216 2076 2444 2132 credere
2475 2076 2756 2131 docemur.
2789 2076 2933 2130 Ecce
2966 2076 3113 2130 enim
3145 2075 3348 2130 iterum

1762 2170 1985 2226 Christo
2044 2178 2157 2225 tres
2220 2180 2467 2232 naturas,
2497 2178 2552 2224 et
2594 2168 2730 2222 duas
2764 2176 2994 2222 naturas
3051 2166 3350 2231 tribuunt;

1766 2262 1930 2331 inque
1948 2277 2057 2315 una
2081 2275 2316 2330 persona
2345 2258 2657 2314 conﬁtenda
2679 2273 2789 2311 non
2826 2265 2975 2311 recte
2998 2271 3358 2325 perseveran-

1764 2362 1869 2414 tes,
1898 2362 2010 2406 tres
2026 2359 2252 2406 naturas
2276 2349 2466 2406 dicunt
2485 2350 2540 2404 in
2562 2364 2670 2402 una
2716 2361 2973 2417 persona.
2994 2347 3098 2416 Ipsi
3125 2348 3359 2403 audian-

1765 2449 1858 2497 tnr—
1893 2464 1903 2496 :
1946 2457 2076 2497 cum
2108 2441 2326 2495 duabus
2360 2441 2572 2494 naturis
2615 2448 2672 2494 et
2721 2454 2830 2492 una
2866 2453 3100 2508 persona
3140 2447 3357 2493 constet

1764 2534 1952 2596 homo,
1987 2532 2287 2602 quomodo,
2327 2541 2616 2601 postquam
2681 2539 2997 2599 assumptus
3046 2539 3104 2584 et
3164 2530 3355 2584 unitus

1763 2622 1867 2677 fuit
1905 2624 2087 2677 Verbo
2115 2622 2236 2687 Dei,
2273 2637 2384 2676 non
2437 2630 2552 2676 tres
2606 2628 2738 2674 sunt
2788 2628 3024 2683 naturae,
3075 2620 3198 2675 dua:
3229 2635 3353 2689 quae

1763 2723 2142 2779 assumuntur,
2185 2714 2356 2768 altera
2414 2728 2538 2783 qua:
2577 2712 2852 2767 assumit?
2911 2712 3191 2782 quomodo
3237 2726 3347 2767 non

1763 2805 1886 2859 duae
1924 2819 2192 2874 personae,
2217 2804 2387 2858 altera
2415 2818 2723 2869 assumens,
2741 2814 2798 2856 et
2826 2804 3004 2856 altera
3025 2802 3350 2872 assumpta?

1763 2896 1861 2950 Vel
1889 2896 1933 2950 si
1969 2896 2185 2951 duabus
2205 2896 2419 2949 naturis
2449 2906 2506 2950 ct
2536 2911 2642 2949 una
2690 2910 2925 2965 persona
2950 2904 3169 2950 constat
3193 2894 3354 2950 Chri-

1765 2996 1905 3051 stus,
1942 3002 2128 3041 nonne
2159 3002 2324 3040 unam
2353 2995 2606 3041 naturam
2641 2987 2807 3041 homo
2835 2987 3023 3046 habet,
3058 2996 3114 3040 et
3135 2994 3221 3040 est
3246 2986 3352 3039 im-

75 3092 190 3148 Καὶ
226 3091 310 3154 τίς
344 3090 556 3147 ὑποίσει
588 3087 863 3156 τοσαύτην
892 3083 1246 3152 ἐναντιότητα
1271 3078 1658 3150 δογματίζεινς

1767 3076 2096 3149 personalis,
2130 3093 2295 3146 quem
2330 3076 2496 3131 modo
2522 3077 2660 3131 duas
2682 3086 2911 3130 naturas
2946 3075 3152 3129 habere
3196 3076 3351 3131 dice-

150 3351 315 3405 Ἅλλά
336 3352 432 3404 καὶ
458 3351 586 3421 μίαν
615 3351 710 3403 καὶ
735 3348 829 3402 δύο
854 3347 1047 3415 φύσεις
1072 3342 1212 3398 εἶναι
1236 3343 1326 3395 τὸν
1350 3342 1658 3413 ἄνθρωπον,

73 3442 251 3513 ἑτέρῳ
286 3441 385 3511 μέν
417 3458 498 3492 τοι
530 3440 625 3491 καὶ
652 3438 824 3508 ἑτέρῳ
848 3436 993 3505 λόγῳ
1025 3436 1084 3487 ὲν
1109 3436 1223 3496 τοῖς
1260 3434 1399 3503 πρὸς
1425 3434 1551 3494 τοὺς
1574 3431 1662 3484 λέ-

74 3552 272 3603 γοντας
326 3532 494 3588 αὑτοῦ
555 3531 685 3601 μίαν
726 3525 865 3582 εἶναι
908 3528 1078 3598 μόνην
1110 3525 1210 3595 τὴν
1241 3524 1406 3593 φύσιν
1440 3523 1660 3577 ἀπεδεί-

76 3626 253 3696 ξαμεν
286 3624 384 3677 σὺν
415 3623 534 3693 Θεῷ
558 3637 573 3651 ·
630 3623 726 3674 καὶ
781 3619 871 3672 ἵνα
906 3618 981 3687 μὴ
1013 3617 1236 3669 πλείονα
1265 3614 1395 3668 ὂντα
1425 3614 1493 3667 τά
1521 3613 1661 3666 αὑτὰ

75 3717 526 3787 παλιλλογῶμεν,
585 3715 796 3767 ἔνεστιν
829 3710 1041 3765 ἐκεῖθεν
1075 3709 1152 3780 τῷ
1186 3708 1497 3780 βουλομένῳ
1531 3708 1662 3787 περὶ

70 3812 231 3867 τοῦδε
256 3782 741 3881 πληροφορεῖσθαι.
758 3806 1023 3873 Λέγοντες
1039 3802 1132 3856 οὖν
1156 3804 1249 3855 ἐπὶ
1267 3802 1362 3855 τοῦ
1385 3782 1659 3854 Δεσπόξου

72 3904 235 3977 ἡμῶν
266 3902 443 3973 Ἰησοῦ
473 3900 714 3973 Χριστοῦ
750 3898 845 3951 δύο
873 3897 971 3958 τὰς
1002 3896 1218 3964 φύσεις,
1245 3894 1405 3962 δῆλον
1429 3891 1504 3953 ὡς
1528 3890 1660 3961 μίαν

68 3999 175 4067 τὴν
196 3996 293 4049 τοῦ
320 3992 611 4065 ἀνθρώπου
639 3990 801 4060 φύσιν
833 3992 892 4043 ὲν
917 3987 1068 4057 αὑτῷ
1099 3982 1660 4056 καταριθμοῦμεν,ὼς

64 4090 250 4152 εἴδους
297 4086 624 4156 καινοτέρου
670 4081 975 4151 γενομένης
1018 4076 1199 4140 αἰτίας
1228 4076 1326 4145 τῆς
1357 4072 1659 4134 συνθέσεως

68 4182 181 4234 τῶν
233 4183 291 4233 ἐν
333 4179 484 4250 αὑτῷ
526 4176 761 4247 φύσεων.
823 4172 984 4226 Κατὰ
1025 4171 1228 4241 τρόπον
1259 4167 1352 4221 οὖν
1383 4168 1476 4220 καὶ
1498 4165 1657 4233 λόγον

68 4279 164 4327 τόν
190 4275 291 4343 τῆς
321 4274 452 4342 μιᾶς
476 4269 694 4338 φύσεως
719 4266 885 4320 αὑτοῦ
914 4262 1343 4334 παραστατικὸν,
1373 4258 1471 4329 μία
1495 4257 1657 4325 φύσις

66 4366 250 4420 τοῦδε.
306 4364 418 4433 Τὴν
465 4363 521 4415 δὲ
569 4360 870 4414 ὑπόστασιν
899 4356 997 4409 τοῦ
1026 4352 1341 4425 ἀνθρώπου,
1375 4353 1469 4405 καὶ
1496 4351 1656 4421 ὑμεῖς

1765 3170 2005 3226 bamus?
2031 3169 2262 3223 Tantam
2294 3169 2723 3237 discrepantiam
2754 3168 2881 3236 quis
2907 3168 3157 3237 proﬁteri
3185 3170 3353 3222 susti-

1765 3264 1968 3319 nebit?

1837 3355 2061 3410 Homini
2111 3370 2386 3423 unamque
2435 3353 2686 3422 duasque
2737 3361 2966 3407 naturas
3028 3352 3230 3414 inesse,
3254 3350 3350 3405 sed

1764 3463 1876 3501 non
1922 3447 2117 3502 eadem
2162 3448 2398 3511 ratione,
2432 3446 2698 3500 adversus
2731 3460 2827 3499 eos
2850 3445 2945 3514 qui
2976 3460 3139 3499 unam
3171 3444 3347 3499 solum

1763 3537 2084 3601 admittunt,
2118 3537 2230 3591 Deo
2259 3537 2576 3606 adjuvante,
2608 3537 2992 3607 probavimus.
3028 3538 3097 3592 Et
3126 3552 3198 3592 ne
3248 3552 3346 3593 ea-

1763 3628 1912 3693 dem,
1940 3634 2131 3695 utpote
2160 3627 2433 3696 longiora,
2468 3636 2782 3697 repetamus
2802 3669 2817 3692 ,
2850 3630 3054 3698 poterit
3112 3629 3349 3698 quicun-

1762 3734 1871 3790 que
1897 3718 2155 3782 voluerit,
2212 3717 2413 3771 exinde
2442 3717 2509 3771 de
2537 3719 2641 3771 hoc
2672 3719 2877 3773 certior
2900 3719 3038 3772 ﬁeri.
3068 3719 3172 3774 Ubi
3215 3734 3350 3790 ergo

1763 3810 2007 3864 diximus
2047 3809 2115 3862 de
2146 3808 2274 3863 Jesu
2300 3807 2527 3861 Christo
2558 3810 2790 3863 Domino
2832 3819 3023 3864 nostro
3060 3810 3197 3865 duas
3245 3827 3347 3865 na-

1765 3911 1918 3957 turas
1967 3915 2098 3955 eum
2148 3899 2376 3963 habere,
2428 3907 2578 3969 patet
2616 3900 2912 3953 humanam
2959 3912 3213 3955 naturam
3244 3917 3348 3970 pro

1764 4009 1873 4049 una
1905 3999 2178 4060 sumptam
2213 3989 2406 4053 fuisse,
2435 3989 2595 4059 quasi
2622 3990 2796 4044 forma
2829 3990 3091 4045 inusitata
3115 4001 3235 4045 orta
3261 4007 3348 4047 es-

1761 4092 1846 4139 set
1887 4099 1954 4141 ex
1985 4082 2191 4136 unione
2250 4090 2573 4135 naturarum
2612 4081 2667 4135 in
2715 4081 2836 4152 ipso
2870 4097 2884 4134 :
2914 4091 2970 4135 et
3012 4097 3122 4151 quo
3152 4096 3342 4147 sensu,

1761 4177 1969 4246 quibus
1999 4175 2189 4229 verbis
2224 4183 2419 4228 natura
2454 4175 2575 4244 ejus
2618 4190 2724 4228 una
2753 4175 3169 4229 monstrabatur
3195 4215 3209 4239 ,
3244 4189 3345 4229 eo-

1760 4267 1885 4321 dem
1912 4280 2060 4320 nunc
2104 4265 2310 4319 dicitur
2340 4281 2448 4319 una
2490 4274 2705 4319 natura.
2745 4266 3041 4319 Personam
3076 4280 3209 4319 vero
3240 4265 3344 4318 ho-

1761 4358 1928 4412 minis
1962 4372 2060 4411 vos
2110 4357 2235 4426 ipsi,
2273 4356 2327 4409 in
2374 4356 2554 4426 primo
2583 4357 2747 4426 hujus
2773 4365 3041 4411 tractatus
3072 4356 3341 4425 capitulo,

73 4460 176 4529 μὲν
230 4460 288 4511 ὲν
333 4457 411 4525 τῷ
456 4453 660 4522 πρώτῳ
716 4452 815 4520 τῆς
865 4448 1147 4519 παρούσης
1203 4443 1518 4505 ὑποθέσεως
1561 4457 1654 4495 κε-

1765 4466 1927 4504 unam
1983 4465 2104 4505 esse
2145 4465 2176 4503 e
2212 4448 2430 4502 duabus
2495 4449 2710 4502 naturis
2769 4448 3008 4502 confessi
3034 4448 3190 4513 estis,
3226 4446 3343 4516 qui,

30 4550 286 4621 »φαλαίῳ
312 4591 326 4615 ,
387 4548 519 4618 μίαν
553 4562 613 4597 τε
647 4543 739 4596 καὶ
772 4544 836 4594 ὲκ
862 4541 956 4593 δύο
986 4539 1202 4608 φύσεων
1235 4534 1651 4604 ὡμολογήσατε,

65 4642 327 4710 λέγοντες
357 4637 494 4708 πρὸς
524 4636 669 4706 ἡμᾶς
702 4630 954 4703 περὶτῆς
985 4626 1078 4681 τοῦ
1106 4625 1378 4678 Δεσπότου
1410 4621 1653 4674 ὑποστά-

65 4750 208 4795 σεως
231 4773 246 4795 ,
298 4732 380 4782 ὅτι
426 4729 474 4780 εί
507 4726 581 4796 μὴ
610 4726 678 4795 τῇ
712 4721 807 4776 τοῦ
836 4718 1073 4789 Πατρὺς,
1109 4716 1247 4769 ἀλλὰ
1274 4719 1342 4786 τῇ
1371 4714 1466 4767 τοῦ
1490 4712 1656 4767 Δαόίδ

65 4836 251 4889 φαμεν
278 4818 449 4886 αὑτὴν
472 4814 785 4884 ὁμοούσιον,
809 4811 928 4873 πῶς
956 4812 1020 4862 ἐκ
1042 4806 1138 4862 δύο
1160 4806 1377 4876 φύσεων
1403 4804 1654 4871 λέγοντες

65 4910 264 4980 αὐτὴν,
292 4911 392 4961 οὑκ
420 4910 485 4959 ὲκ
510 4907 691 4975 ψυχῆς
721 4905 816 4957 καὶ
844 4903 1096 4971 σώματος
1127 4898 1450 4953 συνεστάναι
1474 4896 1657 4967 βουλό·

67 5002 249 5069 μεθας
304 4997 541 5067 Τοιαύτη
594 4996 705 5065 γὰρ
736 4998 771 5063 ἡ
802 4992 894 5047 τοὺ
930 4991 1132 5045 Δασίδ’
1189 4988 1330 5059 πλὴν
1371 4986 1656 5041 καὶτοῦτο

64 5095 198 5162 ὑμῖν
232 5089 679 5161 συγκεχωρήσθω
705 5103 718 5116 ·
761 5087 812 5141 εἰ
842 5088 938 5139 καὶ
969 5086 1029 5137 οὑ
1062 5083 1204 5138 κατὰ
1233 5082 1460 5152 γνώμην
1489 5082 1651 5144 τισὶν,

62 5186 203 5239 ἀλλὰ
256 5184 401 5239 κατὰ
448 5180 763 5250 οἰκονομίαν
814 5180 909 5232 καὶ
955 5177 1218 5248 πρόνοιάν
1264 5194 1386 5229 τινα
1434 5174 1654 5243 λέγεται

62 5277 333 5339 πολλάκις
357 5315 372 5337 ,
433 5274 507 5343 μὴ
554 5268 995 5342 εὑμνημονοὺσιν
1025 5270 1084 5320 ὲν
1111 5265 1191 5337 τῷ
1217 5265 1512 5336 ψεύδεσθαι
1545 5265 1654 5316 τῶν

65 5368 491 5439 προειρημένων
521 5365 705 5426 αὑτοῖς
725 5403 740 5428 ,
792 5362 880 5415 ἵνα
914 5360 1092 5431 ἔχοιεν
1123 5358 1254 5428 παρ’
1284 5356 1494 5410 ἑαυτῶν
1524 5355 1652 5409 ἑπό-

69 5480 234 5532 μενον
287 5462 473 5524 αὑτοῖς
523 5458 616 5512 τὸν
663 5457 794 5511 ῖδιον
841 5455 1088 5527 ἔλεγχον.
1130 5452 1325 5520 Ἡμεῖς
1367 5449 1426 5503 δὲ
1472 5450 1520 5502 εί
1559 5452 1654 5503 καὶ

68 5554 200 5622 μίαν
232 5555 395 5624 ἴσμεν
447 5552 541 5605 ἐπὶ
585 5548 878 5621 ἀνθρώπου
913 5546 1007 5599 τοῦ
1043 5536 1361 5600 καθέκαστα
1391 5543 1491 5613 τὴν
1521 5543 1655 5595 ὑπόο

67 5664 258 5699 στασιν
278 5686 293 5701 .
342 5646 436 5698 καὶ
486 5644 579 5697 ἐπὶ
613 5644 794 5712 πάσης
827 5641 1022 5711 ἐτέρας
1049 5636 1403 5699 ὑποστάσεως
1435 5634 1653 5706 φύσεων

70 5738 446 5808 ξριτιιρισμένων
468 5778 483 5805 ,
536 5736 650 5790 ἀλλ’
683 5736 775 5788 οὑν
811 5735 901 5787 ἐπὶ
926 5730 1017 5787 τοῦ
1049 5729 1124 5802 μὴ
1151 5730 1335 5793 ἁπλῶς
1364 5727 1648 5802 ἀνθρώπου

1760 4543 1922 4597 nobis
1950 4540 2266 4595 dicentibus
2299 4555 2591 4609 personam
2643 4539 2862 4593 Domini
2896 4539 3344 4593 consubstantia-

1757 4634 1865 4688 letn
1926 4649 2070 4698 esse,
2102 4633 2147 4687 si
2178 4648 2291 4686 non
2323 4633 2491 4697 Patri,
2528 4633 2721 4687 saltem
2776 4632 2993 4697 Davidi,
3026 4640 3081 4686 et
3126 4629 3343 4687 duabus

1757 4725 1973 4780 naturis
2022 4724 2339 4787 conflatam,
2394 4724 2725 4794 qumrebatis
2775 4724 2846 4778 ob
2893 4739 3058 4794 quam
3118 4739 3342 4779 causam

1758 4832 1881 4872 eam
1910 4815 2092 4871 anima
2121 4824 2177 4870 et
2219 4831 2453 4885 corpore
2495 4816 2753 4885 componi
2813 4830 3159 4884 negaremus.
3196 4815 3343 4871 Talis

1756 4908 1904 4961 enim
1933 4915 2053 4962 erat
2077 4906 2267 4960 David.
2297 4905 2454 4971 Quod
2492 4914 2675 4959 tamen
2705 4904 2861 4957 vobis
2889 4905 2958 4958 sit
2990 4918 3338 4969 concessum,

1757 4999 1888 5054 licet
1910 4999 2005 5052 ubi
2025 4997 2275 5067 quaedam
2296 4996 2362 5049 ad
2388 4996 2691 5060 hominem,
2711 5010 2837 5049 cum
2857 4995 3206 5063 praevisione,
3230 5011 3340 5049 non

1754 5092 1911 5162 juxta
1968 5097 2209 5144 mentem
2257 5087 2540 5151 dicuntur,
2566 5088 2705 5140 male
2748 5095 2911 5156 agant
2946 5087 3040 5156 qui
3079 5085 3342 5155 prtedicta

1757 5181 1939 5236 alieno
2002 5195 2167 5235 sensu
2215 5179 2473 5239 rccitant,
2507 5179 2663 5247 quasi
2697 5179 2989 5247 personalc
3045 5192 3340 5247 argumen-

1760 5281 1876 5327 tum
1903 5271 2050 5325 nacti
2083 5270 2189 5324 hoc
2220 5270 2451 5323 verbum
2477 5268 2582 5323 sibi
2608 5269 2839 5323 dictum.
2873 5270 2985 5323 Nos
3013 5277 3199 5323 autem
3228 5269 3340 5325 etsi

1758 5378 1923 5418 unam
1953 5377 2242 5433 personam
2272 5361 2474 5431 cuique
2526 5362 2835 5425 hominum,
2868 5372 2924 5417 et
2977 5362 3206 5417 cuilibet
3249 5363 3340 5417 in-

1758 5456 1987 5513 dividuo
2008 5456 2154 5511 inter
2185 5465 2418 5510 naturas
2455 5454 2748 5511 distinctas
2767 5470 3130 5526 agnoscamus
3156 5471 3170 5521 ;
3198 5464 3341 5511 atta-

1757 5565 1905 5615 men,
1930 5550 1977 5603 si
2009 5563 2098 5604 res
2120 5556 2205 5604 est
2236 5547 2306 5603 de
2351 5562 2462 5602 non
2494 5547 2719 5603 homine
2769 5562 2932 5617 puro,
2960 5547 3213 5613 Domino,
3238 5548 3335 5618 qui

1758 5655 2041 5712 nunquam
2103 5646 2392 5710 separatus
2427 5647 2521 5714 est.
2552 5655 2583 5694 a
2627 5654 2864 5709 persona
2924 5636 3113 5703 Verbi,
3167 5639 3333 5711 hujus

1764 5733 1930 5788 unius
1966 5747 2255 5802 personam
2305 5746 2414 5786 non
2451 5745 2572 5786 esse
2599 5730 2990 5801 particularem
3013 5730 3294 5785 credimus
3315 5745 3339 5803 ιη
