3876 6310
87 328 241 396 1569

1028 406 1033 412 .
1085 338 1479 404 ADVERSUS
1515 328 2162 397 NESTORIANOS.—
2192 328 2339 388 LIB.
2383 325 2464 384 Π.

3229 270 3380 380 ἰδτο

92 450 370 539 σώματος
408 458 660 527 Παύλου,
702 461 819 523 πῶς
857 473 956 511 ουκ
1000 457 1154 510 ἔσται
1184 454 1281 506 καὶ
1316 451 1378 505 τδ
1413 450 1574 521 σῶμα
1603 444 1698 501 τοῦ
1731 456 1745 504 Α

1837 444 1979 510 ’ωιιῇ
2002 458 2103 497 cur
2128 453 2422 511 personam
2451 450 2560 490 non
2591 432 2757 489 habet
2790 448 2993 503 corpus
3016 430 3300 487 hominis?
3325 431 3384 486 Si

88 546 436 618 ἀνθρώπου,
472 552 782 606 ὑπόστασιν
807 550 966 622 ἔχονς
998 548 1061 603 Ei
1098 552 1130 620 ἡ
1167 546 1317 618 ψυχὴ
1351 544 1563 615 Πέτρου
1590 540 1702 611 ἔχει

89 640 422 695 ὑπόστασιν
443 642 527 708 ὡς
550 643 756 714 Πέτρου
783 644 875 696 καὶ
900 640 1082 711 φύσιν,
1107 641 1202 693 καὶ
1227 639 1288 691 τὸ
1311 636 1472 707 σῶμα
1493 633 1702 704 Πέτρου

89 735 215 803 ἔχει
248 735 577 789 ὑπόστασιν
597 737 673 799 ὼς
701 737 906 805 Πέτρου
945 735 1041 787 καὶ
1076 733 1274 802 φύσιν·
1306 730 1401 784 δύο
1429 729 1486 783 δὲ
1515 727 1704 795 φύσεις

92 826 120 879 ὑ
150 827 385 899 Πέτρος
418 829 516 883 διὰ
536 826 728 899 ςψυχὴν
762 829 859 881 καὶ
888 827 1071 896 σῶμα,
1098 825 1213 886 πῶς
1243 822 1305 877 οὑ
1337 820 1430 875 δύο
1459 822 1556 874 καὶ
1579 819 1708 870 ὑπο·

90 916 332 980 στάσεις
362 920 393 971 ὁ
448 920 661 990 Πέτρος
699 917 790 971 διὰ
829 916 1011 987 ψυχὴν
1056 914 1153 969 καὶ
1196 913 1356 983 σῶμα
1385 929 1400 975 ;
1432 912 1495 965 Εἰ
1532 909 1589 962 δὲ
1617 904 1709 959 δύο

92 1006 306 1077 φύσεις
336 1010 373 1079 ὴ
402 1008 564 1078 ψυχὴ
599 1009 807 1078 Πέτρου
829 1008 923 1060 καὶ
946 1008 1008 1060 τὸ
1036 1005 1218 1075 σῶμα,
1245 1004 1340 1057 καὶ
1363 1001 1456 1055 δύο
1481 995 1711 1053 ὑποστά-

93 1115 217 1160 σεις
251 1101 288 1170 ἡ
321 1099 486 1171 ψυχὴ
521 1101 729 1170 Πέτρου
761 1098 856 1152 καὶ
891 1098 952 1150 τὸ
983 1096 1162 1166 σῶμα,
1186 1094 1304 1157 πῶς
1335 1094 1397 1147 οὐ
1429 1091 1622 1161 ψευδὲς
1650 1089 1711 1142 τὺ

90 1189 194 1244 δύο
227 1191 441 1260 φύσεις
483 1190 664 1260 λέγειν
694 1191 785 1243 τὸν
821 1189 1132 1261 ἄνθρωπον,
1165 1187 1260 1239 καὶ
1301 1188 1430 1255 μίαν
1474 1183 1712 1236 ὑπόστα-

94 1300 189 1335 σιν
226 1298 244 1345 ;
282 1282 429 1344 Ταῖς
458 1282 755 1352 ὑμετέραις
780 1281 980 1353 ἄρκυσι
1014 1276 1437 1348 περιεπλάκητε
1476 1290 1490 1304 ’
1525 1274 1621 1327 καὶ
1653 1270 1713 1325 τὸ

94 1374 409 1428 Δαυῖδικον
443 1375 580 1443 ὑμῖν
609 1373 836 1442 ὲπιὸοᾷὶν
852 1373 898 1442 νὴ
909 1372 1013 1440 μᾶς
1041 1367 1494 1439 παρασκευάζετε
1518 1381 1532 1394 ·
1564 1384 1582 1416 ι
1625 1364 1714 1416 Ἐν

95 1469 219 1530 τοῖς
256 1466 459 1536 ἔργοις
484 1465 595 1518 τῶν
622 1464 832 1534 χειρῶν
854 1462 1023 1516 αὑτοῦ
1059 1459 1427 1529 συνελήφθηιό
1456 1458 1714 1527 ἀμαρτω-

96 1558 219 1621 λὸς,
254 1577 274 1608 ›
321 1557 451 1622 καὶ,
492 1554 883 1624 ι’Ἒπιστρέψει
910 1555 939 1605 ὁ
966 1553 1125 1615 πόνος
1156 1550 1323 1603 αὑτοῦ
1350 1550 1429 1611 εἰς
1472 1544 1715 1616 κεφαλὴν

113 1647 355 1702 αὑτοῦ.»
382 1641 493 1699 τΩν
520 1646 629 1715 γὰρ
675 1646 876 1716 ἀρτίως
927 1643 1163 1711 ἐλέγετε,
1199 1641 1314 1693 δέον
1342 1641 1489 1709 ὑμᾶς
1527 1636 1721 1707 μιμνιθι⁸

100 1738 354 1791 σκεσθαι
385 1753 400 1767 ⁸
430 1739 493 1789 ἐν
538 1730 618 1799 οἷς
667 1727 761 1788 δύό
792 1735 892 1798 τὰς
922 1732 1254 1794 ὑποστάσεις
1297 1730 1391 1784 τοῦ
1429 1729 1717 1799 ἀνθρώπου

102 1832 373 1893 θέλοντες
408 1828 869 1892 κατασκευάζειν,
904 1829 1052 1898 τρεῖς
1078 1825 1225 1894 ἡμᾶς
1261 1823 1358 1886 τὰς
1386 1821 1579 1890 φύσεις
1620 1818 1715 1872 τοῦ

103 1928 383 1998 Σωτῆρος
441 1925 646 1991 λέγειν,
703 1921 988 1988 συνάγετε.
1024 1917 1250 1989 Πρῶτον
1310 1916 1406 1985 μὲν
1433 1910 1527 1967 οῦν
1574 1913 1722 1981 ὅπως

106 2014 227 2071 εἷεν
288 2018 553 2087 διάφοροι
604 2013 782 2084 ψυχῆς
831 2013 928 2064 καὶ
990 2009 1241 2079 σώματος
1289 2009 1344 2061 αἱ
1393 2005 1723 2067 ὑποστάσεις

110 2110 242 2173 ἑνὸς
280 2110 385 2160 καὶ
408 2106 507 2160 τοῦ
534 2104 700 2158 αὑτοῦ
728 2103 929 2167 ζῶντος
962 2103 1028 2154 ἒν
1050 2100 1214 2170 σαρκὶ
1249 2094 1541 2166 ἀνθρώπου
1572 2095 1726 2163 ἁγνο-

111 2200 298 2270 οῦμεν
334 2215 353 2231 ο
387 2199 443 2250 εἱ
479 2198 590 2267 γὰρ
624 2196 825 2260 ζῶντος
859 2192 955 2246 καὶ
994 2188 1304 2259 σωζομένου
1341 2186 1434 2240 τοῦ
1469 2177 1726 2239 συνθέτου

115 2292 268 2357 ζώου
300 2289 404 2343 δύο
442 2289 556 2341 ἴστε
583 2286 680 2349 τὰς
704 2285 1033 2345 ὑποστάσεις
1069 2280 1180 2333 τῶν
1210 2282 1269 2333 ὲν
1298 2278 1446 2348 αὑτῷ
1474 2279 1531 2330 ὲν
1564 2276 1642 2347 τῷ
1665 2278 1728 2329 ἐκ

113 2384 219 2438 τοῦ
260 2382 509 2435 θανάτου
556 2376 823 2448 χωρισμῷ
848 2391 863 2406 θ
893 2374 926 2446 ἢ
982 2375 1042 2426 οὑ
1073 2371 1166 2426 δύο
1199 2371 1359 2440 μόνον
1408 2369 1503 2431 τὰς
1537 2369 1728 2437 φύσεις

118 2474 302 2530 αὑτοῦ
355 2472 458 2524 καὶ
507 2468 838 2528 ὑποστάσεις
898 2460 1300 2534 ὁμοῖως,ῐστε,
1329 2458 1468 2511 ἀλλὰ
1511 2457 1730 2519 πλείους

123 2569 221 2622 διὰ
275 2567 377 2619 τὸν
426 2560 709 2632 χωρισμὸν
736 2558 831 2611 καὶ
850 2556 949 2626 τὴν
979 2555 1241 2626 διαίρεσιν
1269 2551 1364 2604 τοῦ
1406 2549 1545 2613 ζώου
1576 2565 1590 2580 ·
1620 2548 1728 2601 πᾶν

121 2662 242 2732 γὰρ
270 2654 660 2724 διαιρούμενον
684 2649 952 2720 πληθῦνει
982 2648 1074 2701 τὸν
1096 2643 1292 2700 ἑαυτοῦ
1322 2641 1558 2715 ἀριθμὸν
1580 2680 1595 2704 ,
1631 2641 1727 2693 καὶ

121 2753 356 2805 ἔσονται
383 2749 658 2816 τέσσαρες
691 2743 724 2813 ἢ
764 2740 909 2795 ὀκτὼ
937 2741 993 2793 αἱ
1020 2740 1144 2792 κατ’
1168 2737 1333 2791 αὑτὸν
1388 2735 1580 2804 φύσεις
1635 2732 1732 2785 καὶ

128 2833 578 2903 ὑποστάσειςοῆ
620 2832 717 2893 τὰς
746 2830 915 2892 αὑτὰς
957 2828 1157 2891 εἰδότες
1190 2826 1382 2896 φύσεις
1419 2821 1586 2876 αὑτοῦ
1638 2821 1736 2875 καὶ⁵

129 2928 482 2987 ὑποστάσεις
502 2924 601 2976 καὶ
639 2921 775 2991 μετὰ
806 2921 906 2990 τὴν
935 2920 1179 2972 διάλυσιν
1205 2915 1299 2970 τοῦ
1332 2913 1493 2981 ζὼου,
1515 2913 1608 2967 τὸν
1638 2912 1737 2965 αὑ-

130 3023 226 3076 τὸν
277 3017 511 3074 ἔσεσθαι
546 3015 707 3081 λόγον
738 3013 942 3075 εἰδότες
974 3011 1117 3064 κατὰ
1139 3009 1237 3078 τὴν
1267 3006 1506 3079 ὓπαρξιν
1539 3003 1634 3058 τοῦ
1673 3020 1734 3057 τε

1805 539 1991 592 anima
2030 533 2178 590 Petri
2202 541 2299 596 ,.ut
2325 529 2493 593 Petri,
2519 528 2687 583 habet
2707 540 2997 597 personam
3029 532 3085 578 et
3104 534 3384 586 naturam,

1805 637 1863 684 et
1893 643 2097 698 corpus
2126 625 2297 691 Petri,
2320 624 2451 694 quia
2481 620 2653 687 Petri,
2676 633 2966 690 personam
2998 617 3164 671 habet
3192 626 3251 671 et
3285 630 3385 671 na-

1807 729 2035 785 turam;
2082 717 2127 772 si
2171 718 2371 771 Petrus
2416 713 2565 767 duas
2617 712 2784 765 habet
2834 720 3083 771 naturas,
3138 706 3389 776 corporis

1806 824 2008 879 nempe
2041 816 2099 862 et
2131 806 2348 868 animae,
2392 815 2575 857 nonne
2619 800 2756 853 duas
2808 811 3075 867 personas
3122 793 3387 856 habebit,

1809 901 2056 972 corporis
2083 909 2139 953 et
2160 895 2400 953 animae?
2434 895 2503 948 Et
2529 891 2722 947 sidum
2746 899 2876 945 sunt
2907 897 3119 943 natura:
3147 927 3161 949 ,
3191 886 3390 939 animre

1809 993 1961 1051 Petri
2014 999 2071 1046 et
2126 988 2376 1059 corporis
2407 1006 2422 1052 ;
2465 992 2524 1041 et
2560 984 2605 1039 si
2640 984 2763 1037 dua:
2815 995 3082 1051 personui,
3119 978 3394 1032 animzeo.

1812 1086 2080 1155 corporis,
2107 1098 2290 1138 nonne
2322 1082 2592 1136 mentitur
2616 1079 2711 1148 qui
2752 1077 3038 1132 hominem
3069 1073 3390 1129 dieitunam

1813 1198 1934 1239 esse
1976 1195 2265 1252 personam
2319 1186 2374 1233 et
2424 1178 2563 1233 duas
2619 1174 2890 1230 naturas?
2936 1171 3147 1227 Vestris
3185 1168 3396 1223 retibus

1815 1273 2107 1344 capimini,
2148 1269 2392 1340 illudque
2428 1268 2649 1323 Davidis
2675 1267 2743 1322 de
2770 1266 2930 1320 vobis
2968 1262 3222 1333 usurpari
3264 1261 3398 1315 faci-

1805 1368 1889 1423 tis
1927 1382 1942 1420 :
1981 1385 2000 1418 ‹
2037 1365 2096 1419 1η
2131 1363 2394 1434 operibus
2441 1375 2705 1415 manuum
2750 1373 2976 1412 suarum
3034 1355 3399 1424 comprehen-

1817 1474 1913 1515 sus
1935 1466 2022 1513 est
2048 1456 2360 1527 peccator’.
2402 1471 2420 1503 ι
2453 1452 2521 1506 Ει
2548 1450 2682 1504 illud
2714 1468 2726 1501 :
2764 1468 2781 1499 ι
2812 1448 3183 1503 Convertetur
3237 1446 3396 1499 dolor

1817 1551 1937 1620 ejus
1986 1549 2040 1602 in
2084 1551 2250 1615 caput
2304 1543 2424 1613 ejus
2446 1542 2513 1594 ιο.
2550 1560 2568 1591 ι
2612 1539 2815 1594 Eorum
2875 1536 3022 1589 enim
3070 1548 3191 1603 qua:
3234 1530 3399 1585 modo

1818 1638 2092 1695 dicebatis
2127 1642 2353 1705 oportet
2379 1631 2721 1692 meminisse;
2746 1628 2969 1698 quando
3008 1626 3075 1680 ad
3109 1623 3396 1679 stabilien-

1820 1733 1919 1788 das
1945 1733 2083 1786 duas
2109 1726 2351 1783 hominis
2381 1738 2664 1796 personas,
2697 1731 2812 1776 tres
2842 1728 3070 1791 naturas
3105 1717 3160 1770 in
3210 1716 3404 1771 Salva-

1827 1832 1945 1879 tore
1979 1838 2009 1877 a
2037 1820 2200 1876 nobis
2231 1815 2573 1873 conﬁtendas
2603 1810 3023 1883 proponebatis.
3053 1809 3193 1862 Ante
3217 1806 3404 1861 omnia

1817 1917 1973 1971 enim
2000 1929 2109 1984 qua
2139 1911 2353 1966 ratione
2379 1908 2860 1976 distinguerentur
2888 1902 3085 1955 animae
3110 1907 3166 1955 et
3206 1913 3407 1968 corpo-

1828 2007 1905 2061 ris
1959 2019 2210 2075 persona:
2276 2001 2332 2053 in
2363 2014 2477 2053 uno
2512 2006 2568 2051 et
2598 1994 2794 2050 eodem
2824 1993 3048 2047 homine
3112 1990 3409 2046 carnaliter

1826 2097 2048 2152 vivente
2110 2096 2467 2165 ignoramus:
2503 2091 2630 2145 vivo
2689 2089 2837 2143 enim
2870 2096 2927 2141 et
2969 2084 3121 2139 salvo
3170 2083 3404 2141 animale

1829 2187 2156 2258 composito,
2187 2185 2233 2239 si
2267 2188 2407 2239 duas
2443 2198 2566 2238 esse
2615 2182 2671 2236 in
2707 2181 2827 2258 ipso
2871 2192 3135 2249 personas
3164 2175 3407 2241 creditis,

1829 2254 1972 2348 quid
1994 2277 2104 2331 crit
2136 2274 2359 2345 quando
2389 2281 2570 2327 morte
2601 2254 2971 2325 dissolvetur?
2995 2267 3087 2322 Vel
3113 2266 3411 2320 admitten-

1831 2372 1914 2425 dte
1945 2377 2113 2424 erunt
2147 2370 2201 2423 in
2233 2368 2352 2438 ipso
2387 2381 2497 2421 non
2530 2365 2695 2420 modo
2732 2363 2856 2418 dua:
2881 2370 3091 2417 naturae
3131 2369 3188 2415 et
3220 2374 3411 2429 perso-

1830 2478 1935 2526 nae,
1963 2461 2058 2517 sed
2093 2462 2282 2532 plures
2310 2475 2379 2515 ex
2413 2457 2809 2513 disssolutione
2838 2463 2896 2508 et
2917 2455 3188 2509 divisione
3227 2452 3411 2522 subice

1832 2554 1928 2620 cti,
1970 2553 2246 2622 siquidem
2276 2566 2439 2605 omne
2462 2548 2698 2603 divisum
2727 2561 2959 2601 numero
2986 2543 3410 2614 multiplicatur,

1828 2654 1891 2701 et
1915 2654 2153 2715 quatuor
2187 2641 2268 2698 vel
2328 2650 2453 2697 octo
2481 2647 2648 2693 erunt
2668 2638 2789 2707 eius
2806 2646 3019 2691 natura;
3038 2645 3091 2690 et
3110 2648 3357 2705 personae
3390 2647 3407 2697 ;

1834 2736 1922 2801 vel
1957 2736 2125 2790 etiam
2150 2732 2353 2789 iisdem
2386 2729 2802 2787 remanentibus
2832 2728 3047 2782 naturis
3068 2736 3125 2781 et
3159 2724 3415 2796 personis

1836 2835 1962 2898 post
1992 2824 2435 2888 dissolutionem,
2483 2822 2679 2877 eodem
2720 2819 2996 2877 servando
3040 2833 3297 2875 sermone
3346 2815 3416 2873 de

1838 2919 2162 2977 exsistentia
2195 2917 2307 2972 vivi
2341 2926 2399 2971 et
2447 2916 2681 2981 mortui,
2727 2914 2796 2968 de
2828 2912 3081 2983 partibus
3125 2910 3416 2980 compositi

1840 3013 2085 3069 hominis
2135 3007 2489 3072 cobmrentis,
2555 3014 2654 3061 aut
2709 3006 2900 3071 soluti,
2957 3006 3015 3058 in
3072 3003 3178 3057 hac
3239 3008 3418 3055 vestra

134 3113 349 3178 ζῶντος
408 3106 504 3158 καὶ
556 3102 651 3156 τοῦ
705 3099 925 3169 νεκροῦ,
957 3100 1052 3151 καὶ
1089 3097 1157 3150 τὰ
1197 3096 1290 3149 τοῦ
1323 3095 1606 3163 ήνωμένου
1643 3093 1738 3146 καὶ

1844 3107 2117 3162 sententia
2172 3107 2241 3158 de
2295 3100 2591 3156 contrariis
2636 3097 2834 3154 eodem
2871 3099 3035 3152 modo
3076 3091 3417 3164 loquendum

134 3198 571 3269 διακεκριμένον
643 3192 930 3263 ἀνθρώπου
995 3188 1249 3242 συνθέτου
1285 3205 1301 3219 ο
1357 3189 1451 3239 καὶ
1502 3186 1652 3238 ἔσται
1711 3185 1740 3237 ὁ

140 3295 313 3357 αὐτὸς
345 3291 460 3345 τῶν
485 3286 743 3342 ὲναντεων
777 3284 936 3352 λόγος
964 3280 1108 3336 κατὰ
1128 3281 1197 3333 τὰ
1222 3280 1468 3350 ὑμέτερα
1500 3277 1738 3349 προϐλή-

148 3405 303 3467 ματα
331 3386 426 3441 ἐπ’
452 3381 640 3436 αὐτοῦ.

218 3461 688 3545 Συγκεχωρὴσθω
753 3470 810 3523 δὲ
859 3468 989 3538 ὑμῖν
1046 3468 1196 3538 ὅμως
1242 3464 1338 3518 καὶ
1387 3462 1547 3517 τοῦτο
1605 3461 1743 3533 μετᾶ

148 3574 380 3628 πάντων
408 3588 422 3601 ο
458 3568 518 3619 τὸ
550 3568 607 3619 δέ
636 3582 699 3633 γε
725 3564 911 3633 ἕτερον
953 3560 1017 3612 τὸ
1059 3560 1118 3624 ἐξ
1153 3558 1307 3626 ὑμῶν
1340 3560 1471 3628 ἡμῖν
1505 3556 1612 3627 πρὸ
1648 3573 1743 3624 μι-

147 3661 290 3733 κροῦ
317 3656 545 3727 ληφθὲν,
579 3654 674 3707 νῦν
702 3649 1005 3707 ἀκούσεσθε
1038 3648 1168 3721 παρ’
1202 3649 1382 3720 ἡμῶν,
1414 3647 1490 3711 ὡς
1530 3649 1608 3709 εἰς
1640 3644 1745 3698 σὼ·-

156 3767 332 3825 ματος
367 3750 664 3801 ὑπόστασιν
697 3747 754 3797 ὲν
802 3741 1078 3813 ἀνθρώπῳ
1125 3741 1240 3794 ῐστε
1264 3754 1279 3770 ·
1313 3742 1407 3793 καὶ
1438 3738 1531 3792 δύο
1556 3737 1655 3800 τὰς
1686 3739 1744 3790 ὲν

153 3840 312 3912 αὑτῷ
344 3838 670 3900 ὑποστάσεις
694 3835 885 3905 ὥσπερ
917 3828 1009 3887 οὖν
1034 3831 1128 3884 καὶ
1157 3831 1257 3894 τὰς
1288 3829 1476 3900 φύσεις
1500 3829 1588 3881 διὰ
1627 3827 1744 3881 τόδε

152 3934 345 3990 οῖεσθε
371 3947 386 3961 ·
421 3931 501 3984 διὸ
528 3931 585 3985 δὲ
613 3930 709 3983 καὶ
733 3928 879 3999 ἡμᾶς
918 3921 1355 3996 παραγράφεσθε
1387 3928 1450 3974 τὸ
1496 3920 1618 3975 κατ’
1646 3920 1743 3972 αὑ-

159 4028 259 4081 τὸν
290 4023 647 4096 παράδειγμα
687 4023 769 4085 εἰς
800 4017 1022 4082 ἔνδειξιν
1051 4016 1146 4069 δύο
1197 4015 1413 4086 φύσεων
1467 4013 1563 4067 καὶ
1614 4012 1744 4081 μιᾶς

162 4118 526 4178 ὑποστάσεως
596 4111 994 4183 ἐφελκομένους
1031 4109 1126 4162 ἐπὶ
1164 4107 1259 4160 τοῦ
1302 4105 1508 4177 Κυρίου
1547 4120 1560 4135 ⁸
1590 4104 1747 4173 δῆλον

164 4213 277 4283 ἄρα
301 4209 378 4273 ὡς
411 4207 506 4261 καὶ
549 4207 706 4275 ὑμεῖς
738 4202 1026 4272 ἄνθρωπον
1072 4199 1170 4253 καὶ
1199 4198 1331 4252 Θεὸν
1373 4198 1624 4265 λέγοντες
1656 4195 1748 4249 τὸν

166 4299 429 4371 Χριστὸν,
458 4297 552 4351 δύο
614 4296 715 4364 μὲν
766 4293 863 4356 τὰς
907 4290 1003 4344 τοῦ
1051 4288 1340 4363 ἀνθρώπου
1397 4288 1745 4351 ὑποστάσεις,

156 4389 310 4458 μίαν
356 4386 413 4440 δὲ
463 4385 563 4455 τὴν
592 4382 686 4436 τοῦ
717 4381 896 4448 Λόγου
928 4378 1225 4432 ὑπόστασιν
1258 4380 1315 4430 ὲν
1346 4376 1495 4446 αὑτῷ
1523 4373 1748 4441 διεγνώ-

1843 3197 1971 3254 erit.

1916 3463 2073 3531 Quod
2095 3473 2277 3519 tamen
2293 3476 2417 3517 cum
2444 3459 2677 3531 reliquis
2696 3457 2856 3514 vobis
2878 3455 3234 3513 concedatur.
3260 3451 3421 3509 Aliud

1845 3572 1977 3610 vero
1999 3571 2029 3610 a
2060 3555 2222 3610 vobis
2258 3554 2422 3608 nobis
2476 3553 2644 3606 modo
2692 3550 2936 3607 oblatum
2963 3564 3112 3605 nunc
3167 3548 3424 3618 accipite,

1844 3659 2045 3712 nempe
2099 3658 2222 3712 quae
2252 3642 2320 3696 sit
2348 3650 2534 3696 vestra
2553 3642 2828 3696 sententia
2859 3639 2927 3694 de
2961 3638 3212 3708 corporis
3235 3650 3426 3707 perso-

1847 3749 1937 3797 na,
1970 3731 2251 3800 quomodo
2288 3740 2349 3785 ut
2371 3730 2508 3784 duas
2531 3738 2779 3794 naturas,
2805 3730 2887 3783 sic
2917 3727 3056 3782 duas
3088 3727 3426 3796 personasin

1849 3823 1970 3894 ipso
2004 3822 2337 3886 admittatis,
2363 3828 2597 3891 propter
2643 3819 2792 3890 quod
2828 3835 2930 3873 nos
2967 3818 3161 3874 eodem
3204 3818 3427 3872 ratioci-

1849 3917 1943 3970 nio
1995 3914 2134 3968 duas
2173 3922 2400 3968 naturas
2461 3922 2518 3967 et
2579 3927 2742 3967 unam
2781 3926 3072 3981 personam
3100 3911 3152 3964 in
3196 3911 3428 3968 Domino

1849 4015 2161 4063 astruentes
2181 4006 2371 4061 audire
2398 4020 2511 4059 non
2541 4004 2729 4058 vultis.
2749 4003 2925 4058 Porro
2949 4002 3227 4058 Christum
3254 4005 3427 4057 Deum

1847 4111 1907 4156 et
1935 4099 2220 4155 hominem
2250 4096 2489 4153 confessi
2516 4137 2532 4163 ,
2567 4097 2671 4166 ipsi
2711 4096 2850 4152 duas
2891 4096 3135 4150 hominis
3163 4111 3428 4165 personas

1849 4202 1906 4249 ct
1956 4193 2184 4248 alteram
2213 4190 2381 4247 Verbi
2420 4197 2678 4261 patenter
2699 4189 2993 4244 admittitis
3032 4190 3087 4242 in
3112 4204 3181 4244 eo
3240 4189 3434 4257 sicque

1853 4295 1966 4341 tres
1994 4299 2260 4356 personas
2288 4282 2496 4340 Christi
2522 4296 2654 4338 vere
2679 4281 2931 4347 creditis,
2956 4297 3063 4337 non
3089 4283 3225 4337 duas
3244 4280 3430 4347 modo,

1853 4392 2051 4447 nempe
2083 4392 2244 4433 unam
2271 4391 2339 4431 ex
2368 4382 2522 4445 parte
2571 4372 2811 4428 hominis
2843 4384 2898 4429 et
2925 4374 3148 4428 alteram
3178 4390 3244 4429 ex
3277 4384 3430 4444 parte

168 4439 308 4534 κατε
335 4493 349 4508 ο
369 4439 474 4530 καὶ
494 4439 681 4527 ἔσεσθε
712 4439 901 4540 σαιρῶς
938 4471 1087 4540 τρεῖς
1117 4470 1216 4531 τὰς
1246 4439 1576 4527 ὑποστάσεις
1616 4439 1745 4517 ειδό-

1857 4469 1975 4537 Dei,
2010 4469 2159 4539 quod
2189 4468 2375 4524 dicere
2421 4466 2687 4522 hactenus
2715 4466 3114 4531 consuevistis;
3141 4439 3431 4522 sane-vero

167 4584 264 4634 τες
294 4570 353 4622 ὲν
378 4563 600 4638 Χριστῷ
633 4563 728 4618 καὶ
749 4562 810 4614 οὑ
841 4559 934 4613 δὺο
961 4558 1141 4628 μόνον,
1173 4556 1357 4621 καθὼς
1386 4556 1567 4625 λέγειν
1594 4556 1746 4608 ἐπει·-

172 4659 343 4730 ρᾶσθε
376 4658 535 4729 μέχρι
566 4653 661 4707 τοῦ
690 4652 811 4712 νῦν,
848 4651 978 4720 μίαν
1026 4648 1123 4721 τὴν
1173 4647 1268 4701 τοῦ
1297 4646 1454 4712 Θεοῦ,
1489 4646 1582 4697 καὶ
1622 4644 1750 4714 μίαν

172 4751 274 4820 τὴν
334 4749 426 4803 τοῦ
483 4746 776 4817 ἀνθρώπου
803 4761 818 4774 ·
853 4740 989 4795 ἀλλὰ
1045 4740 1139 4793 δύο
1178 4739 1277 4810 μὲν
1302 4737 1395 4791 τοῦ
1435 4734 1747 4807 ἀνθρώπου,

181 4841 314 4909 μίαν
375 4840 429 4892 δὲ
491 4837 586 4891 τοῦ
655 4837 833 4904 Λόγου
888 4831 1244 4898 δοξάζοντεςο
1302 4829 1501 4900 ὁμοίως
1549 4828 1603 4880 δὲ
1658 4827 1753 4881 καὶ

170 4935 329 5000 τρεῖς
371 4930 468 4991 τὰς
514 4928 704 4996 φύσεις
728 4923 894 4979 αὑτοῦ
917 4925 978 4988 ἐξ
1018 4924 1265 4992 ἀνάγκης
1291 4921 1640 4992 παρέχοντες,
1663 4919 1752 4972 διά

173 5038 235 5074 τε
269 5023 332 5075 τὸ
365 5024 440 5090 μὴ
462 5014 602 5072 εἶναι
636 5016 937 5070 ὑπόστασιν
970 5013 1220 5067 ἁνοὺσιον
1249 5028 1262 5042 ο
1294 5014 1382 5065 ἴνα
1411 5015 1523 5075 τοῖς
1558 5012 1747 5082 ὑμετέ-

179 5130 299 5183 ροις
323 5114 418 5166 καὶ
442 5113 584 5164 κατὰ
606 5110 675 5161 τὰ
700 5107 943 5177 ὑμέτερα
971 5107 1220 5175 νοήματα
1240 5103 1577 5176 χρησώμεθα
1604 5144 1618 5167 ,
1655 5104 1748 5156 καὶ

178 5204 242 5257 τὸ
266 5202 491 5257 αὐτόθεν
523 5202 625 5272 ἤδη
649 5200 831 5268 λέγειν
857 5197 950 5250 δύο
971 5198 1064 5251 τοῦ
1099 5196 1390 5268 ἀνθρώπου
1424 5197 1523 5260 τὰς
1564 5192 1756 5264 φύσεις

182 5293 343 5363 εἶναι,
378 5298 508 5365 μίαν
532 5296 586 5347 δὲ
609 5292 703 5346 τοῦ
724 5293 898 5359 Λόγου
927 5308 941 5323 ο
965 5291 1041 5355 ὼς
1062 5288 1203 5344 εἶναι
1237 5289 1422 5343 λοιπδν
1452 5291 1756 5359 συναγομέ-

184 5406 283 5460 νην
334 5386 426 5439 τοῦ
462 5385 734 5455 ὑμετέρου
767 5383 1037 5453 δόγματος
1080 5380 1181 5451 τὴν
1213 5379 1409 5450 ὁμάδα,
1442 5381 1523 5443 εἰς
1549 5379 1609 5444 ἓξ
1638 5396 1761 5433 τινα

186 5480 276 5533 τὸν
349 5478 579 5550 ἀριθμὸν
645 5474 752 5529 τῶν
803 5473 897 5525 ἐπὶ
954 5470 1196 5544 Χριστοῦ
1244 5471 1552 5540 νοουμένων
1597 5471 1763 5541 ἤγουν

189 5572 352 5642 τριῶν
386 5573 623 5640 φύσεων,
643 5565 812 5636 τριῶν
844 5564 901 5618 δὲ
945 5563 1317 5629 ὑποστάσεων,
1347 5554 1393 5614 ὦ
1416 5561 1715 5631 σοφώτατοι
1747 5575 1764 5592 ·

264 5738 282 5767 ⁹
320 5732 455 5788 l’sal.
490 5749 559 5793 ιι,
593 5732 674 5785 l7.
751 5731 794 5765 ¹⁶
827 5729 967 5783 Psal.
994 5743 1087 5795 vn,
1116 5734 1200 5790 17.

1857 4560 1996 4616 duas
2049 4575 2118 4614 ex
2162 4557 2386 4613 homine
2427 4564 2484 4611 et
2518 4570 2687 4610 unam
2724 4570 2792 4611 ex
2839 4556 3017 4613 Verbo
3063 4557 3332 4628 accipitis.
3365 4557 3469 4614 Et-

1857 4651 2112 4709 similiter
2145 4659 2256 4704 tres
2279 4657 2503 4704 naturas
2531 4648 2652 4718 ejus
2679 4647 3275 4719 admittere,cogimini,
3302 4650 3436 4720 quia

1858 4758 2092 4815 persona
2122 4758 2233 4798 non
2262 4751 2346 4798 est
2372 4740 2579 4810 absque
2609 4742 2918 4796 substantia
2956 4742 3175 4810 (vestris
3208 4752 3429 4798 senten-

1861 4836 1953 4889 tiis
2004 4833 2238 4888 invicem
2296 4832 2715 4903 pugnantibus),
2744 4842 2802 4887 et
2829 4832 2957 4902 quia
3006 4831 3208 4886 ibidem
3253 4831 3437 4888 dicitis

1861 4927 1999 4981 duas
2028 4941 2151 4980 esse
2181 4924 2422 4978 hominis
2449 4934 2675 4978 naturas
2706 4932 2762 4977 ct
2794 4939 2957 4976 unam
2992 4923 3181 4977 Verbi.
3216 4925 3296 4978 Ad
3332 4925 3437 4981 hoc

1860 5032 1992 5087 ergo
2042 5013 2263 5069 devenit
2293 5012 2430 5067 ﬁdes
2471 5021 2675 5077 vestra,
2708 5026 2742 5066 ο
2780 5012 3194 5081 sapientissimi,
3231 5022 3292 5067 ut
3341 5030 3434 5068 sn

1864 5105 1917 5159 in
1950 5104 2170 5160 Christo
2208 5103 2561 5171 computetis,
2593 5117 2792 5171 nempe
2828 5110 2941 5156 tres
2970 5112 3219 5161 naturas.
3249 5114 3304 5157 et
3327 5113 3437 5159 tros

1863 5209 2141 5266 personas.
2164 5193 2232 5248 Et
2258 5192 2361 5246 nisi
2384 5192 2528 5245 idem
2549 5192 2622 5245 sit
2639 5192 2743 5248 hoc
2767 5202 2930 5263 atque
2950 5193 3120 5256 istud,
3139 5210 3286 5250 nunc
3313 5196 3437 5259 tria,

1862 5300 2011 5341 nunc
2029 5285 2138 5339 duo
2162 5284 2230 5337 de
2250 5282 2468 5338 Christo
2491 5283 2797 5353 loquimini.
2837 5283 2948 5339 Cur
2970 5285 3201 5340 mediam
3228 5296 3439 5357 partem

1865 5379 2133 5452 dogmatis
2178 5378 2420 5433 celatis?
2450 5377 2507 5433 Si
2556 5393 2687 5433 vero
2740 5388 2937 5433 natura
2991 5378 3135 5433 idem
3164 5389 3249 5434 est
3291 5380 3438 5450 quod

1865 5481 2122 5539 persona,
2153 5464 2299 5536 quod
2324 5480 2354 5519 a
2384 5464 2540 5519 vobis
2578 5480 2722 5535 saepe
2776 5466 3021 5536 ponitur,
3049 5482 3141 5521 sev
3193 5484 3442 5537 personre

1871 5560 1927 5614 in
1964 5558 2084 5628 ipso
2111 5574 2141 5613 a
2170 5556 2324 5612 vobis
2347 5565 2689 5625 astruuntur,
2725 5557 2978 5628 personis
3030 5557 3234 5615 additis
3281 5569 3445 5619 natu-
