3876 6310
41 322 198 386 1573

1022 318 1422 382 ADVERSUS
1457 314 2004 379 NESTORIANOS.
2042 339 2114 351 ——
2139 314 2289 374 Lm.
2328 268 2408 373 π.

3208 312 3350 383 15η

24 436 423 510 διαγράφεται
457 452 473 469 ο
515 437 814 498 ὑπόστασις
844 428 940 490 οὖν
973 438 1067 490 καὶ
1104 436 1165 489 τὸ
1198 437 1407 505 ταύτης
1436 453 1643 507 σημαν-

1763 434 1879 507 ejus
1923 439 2009 489 est
2058 432 2347 498 indicium,
2375 446 2595 503 semper
2625 429 2787 487 unica
2828 433 2883 486 et
2915 431 3343 506 uniuscujusque

28 531 204 583 τικὸν
238 522 564 600 πρόσιιῖπον,
597 526 655 579 ἓν
687 526 924 579 ἑκάστου
977 526 1096 578 ἐστὶ
1128 524 1449 598 προσώπου,
1478 527 1659 596 ὅψεως

29 621 430 692 κημαντικῆς,
453 620 563 673 εἴτε
611 617 776 688 οὑσης
799 659 813 683 ,
838 616 946 672 εἴτε
980 618 1073 671 καὶ
1132 619 1207 688 μὴ
1240 616 1407 689 οὔσης
1444 634 1457 647 ·
1493 618 1661 689 πρόσ-

32 731 208 768 ωπον
257 715 318 766 δὲ
350 714 411 766 τὸ
438 713 513 775 ὡς
546 712 689 782 ὅψις,
722 713 782 765 οὐ
815 712 1029 774 πάντως
1054 711 1147 765 δύο
1177 712 1389 782 ἑκάστῳ
1411 711 1577 764 εἰσίνο
1601 712 1659 764 οὑ

29 807 139 859 δύο
169 805 269 859 οῦν
289 805 556 875 πρόσωπα
578 806 745 876 ἤγουν
770 804 1097 867 ὑποστάσεις
1123 802 1218 856 τοῦ
1243 804 1419 872 Λόγου
1447 804 1542 857 καὶ
1565 805 1661 874 τῆς

30 899 325 967 ὲνσάρκου
365 896 529 950 αὑτοῦ
564 896 781 966 μορφῆς
813 896 1018 966 δηλαδὴ
1056 893 1305 948 ἐντεῦθεν
1337 895 1612 948 δεικνύετε
1644 911 1660 926 ο

33 991 188 1043 διότι
204 989 338 1043 ἄλλο
356 984 424 1059 ἦν
442 988 505 1041 τὸ
523 989 621 1059 τῆς
645 988 995 1051 ὑποστάσεως
1015 986 1254 1058 Χριστοῦ
1282 987 1376 1039 τοῦ
1394 987 1663 1057 ὲνσάρ..ου

33 1084 232 1151 Λόγου
267 1082 584 1151 πρόσωπον,
600 1082 695 1134 καὶ
716 1080 842 1135 ἄλλο
865 1081 965 1151 τῆς
987 1081 1252 1152 αἰσθητῆς
1269 1080 1435 1133 αὑτοῦ
1455 1079 1661 1151 σαρκὸς

1762 527 1946 591 faciei,
1976 527 2093 583 sive
2147 526 2337 581 vultus
2387 526 2459 580 sit
2500 524 2801 591 sensibilis,
2832 525 2948 580 sive
2991 541 3142 594 non;
3184 527 3349 583 facies

1764 628 1970 688 autem,
2012 630 2074 675 ut
2095 620 2305 684 vultus,
2332 635 2442 673 non
2469 631 2688 689 semper
2716 627 2799 674 est
2832 618 3037 689 duplex
3071 636 3175 675 nec
3220 621 3345 674 uni-

1765 712 1967 781 cuique
1989 710 2297 767 individuo.
2317 712 2447 766 Dua:
2464 726 2594 781 ergo
2608 725 2859 781 persona:
2873 711 3067 773 Verbi,
3087 719 3144 765 et
3161 710 3351 766 forma:-

1765 807 1886 875 ejus
1927 805 2256 866 incarnataa,
2299 818 2411 857 non
2456 802 2586 857 inde
2634 802 2926 857 evidenter
2957 803 3346 869 deducuntur,

1766 904 1822 949 et
1868 894 1995 950 ideo
2027 896 2135 949 alia
2164 904 2284 950 erat
2327 909 2564 964 persona
2594 888 2804 947 Christi
2864 892 3031 948 Verbi
3062 892 3348 960 inearnati,

1767 988 1915 1042 aliud
1951 989 2260 1043 membrum
2292 987 2477 1043 carnis
2498 986 2758 1052 visibilis,
2779 993 3032 1040 vocatum
3057 985 3249 1040 facies.
3283 979 3353 1039 Et

1722 1114 1727 1117 »
1768 1080 1815 1133 si
1876 1079 2046 1133 vultis
2076 1078 2293 1145 audire,
2328 1077 2423 1148 qui
2459 1077 2614 1131 visus
2666 1084 2752 1130 est
2796 1091 2827 1128 a
2863 1075 3022 1129 vobis
3050 1089 3348 1145 personam

1769 1168 1965 1222 habuit
1990 1183 2113 1237 quae
2141 1174 2370 1221 vocatur
2416 1165 2607 1230 facies,
2643 1163 2866 1220 aliunde
2910 1179 3147 1234 persona
3183 1163 3351 1218 inte]-

1768 1259 1997 1329 ligibilis
2044 1269 2129 1313 est
2179 1270 2234 1313 et
2280 1257 2474 1323 facies,
2503 1273 2602 1313 seu
2674 1258 2989 1329 πρόσωπον,
3029 1257 3137 1313 hoc
3184 1271 3352 1312 sensu

1770 1351 1910 1407 duas
1940 1351 2135 1405 habuit
2159 1365 2444 1420 personas.
2464 1350 2527 1404 Et
2560 1348 2763 1404 iterum
2801 1351 3061 1419 quoniam
3092 1349 3353 1419 quaelibet

1769 1444 2077 1514 personalis
2126 1442 2297 1497 facies
2345 1452 2517 1498 totam
2552 1443 2793 1496 animam
2830 1448 2886 1496 et
2913 1441 3103 1495 omnia
3153 1456 3352 1510 corpo-

1771 1536 1907 1590 ralia
1932 1534 2197 1600 membra,
2227 1549 2463 1605 quorum
2487 1550 2658 1588 unum
2706 1546 2791 1588 est
2835 1532 3053 1594 oculus,
3112 1532 3354 1602 comple-

38 1178 244 1244 μέλος,
295 1175 592 1244 πρόσωπον
654 1173 982 1243 λεγόμενον
1036 1175 1085 1226 εί
1131 1172 1239 1243 γὰρ
1304 1173 1461 1226 τοῦτο
1521 1173 1669 1226 δοκεῖ

39 1269 212 1336 ὑμῖν,
269 1267 491 1329 πάντως
524 1265 618 1319 καὶ
671 1264 1084 1335 ὑμῶνόκαθεὶς
1141 1267 1233 1318 ἐπὶ
1279 1265 1400 1334 ὄψιν
1441 1282 1501 1318 τε
1539 1257 1669 1335 ’ἔχει

46 1360 149 1428 τὴν
217 1357 525 1428 λεγομένην
599 1359 890 1428 πρόσωπον
929 1372 943 1386 ⁸
993 1356 1289 1419 ὑπόστασίς
1348 1357 1406 1409 τέ
1467 1358 1583 1408 ἐστι
1632 1358 1667 1423 ή

48 1447 329 1518 λςουμένη
389 1448 701 1518 πρόσωπον,
754 1446 849 1499 δύο
904 1447 1017 1517 ἔχει
1076 1446 1148 1499 τὰ
1206 1447 1518 1517 πρόσωπα·
1589 1446 1669 1499 ἔτι

33 1541 102 1591 δὲ
184 1524 315 1593 ἐπεὶ
398 1538 646 1610 περιέχει
724 1541 832 1592 πᾶν
920 1539 1282 1592 ὑποστατικδν
1375 1539 1671 1611 πρόσωπον

34 1630 152 1699 τήν
211 1647 273 1682 τε
323 1629 501 1701 ψυχὴν
556 1631 758 1694 πᾶσαν,
789 1629 886 1682 καὶ
918 1628 1117 1682 πάντα’
1146 1630 1216 1683 τὰ
1264 1627 1359 1682 τοῦ
1418 1628 1653 1699 σώματος

1774 1628 1962 1694 ctitnr,
1999 1628 2107 1682 erit
2132 1642 2240 1681 una
2276 1636 2460 1681 veStra
2492 1626 2676 1681 facies
2701 1626 2872 1681 altera
2907 1625 3306 1696 comprehensa
3336 1642 3350 1677 :

35 1722 161 1774 τών
187 1722 508 1775 καθέκαστα
528 1722 598 1775 τά
622 1723 786 1793 μέρη,
809 1715 884 1776 ὧν
908 1724 1055 1774 ἐστιν
1076 1721 1135 1775 ἓν
1161 1724 1254 1775 καὶ
1278 1724 1310 1793 ἡ
1339 1722 1460 1792 ὄψις
1501 1722 1653 1792 αὑτὴ,

1770 1736 2056 1791 nunquam
2114 1736 2250 1775 vero
2312 1719 2779 1789 comprehensum
2836 1718 2983 1773 idem
3044 1726 3130 1773 est
3189 1726 3352 1788 atque

43 1814 215 1867 ἔσται
251 1813 409 1885 ὑμῶν
444 1814 505 1866 τὸ
535 1814 593 1867 ἓν
622 1781 916 1886 πρόσωπον
937 1815 1044 1884 ἄρα
1066 1813 1144 1886 τῷ
1185 1781 1361 1885 ἑτέρῳ
1382 1781 1653 1886 ﬂowed.

1769 1812 2285 1883 comprehendens:
2320 1826 2436 1866 non
2464 1826 2597 1881 ergo
2626 1825 2736 1864 una
2771 1809 2956 1864 eritet
2985 1808 3180 1865 eadem
3223 1809 3352 1863 uni-

47 1904 215 1975 ὑμῶν
246 1908 655 1977 περιεχόμενον’
679 1907 739 1959 οὑ
762 1906 955 1960 ταυτὸν
974 1905 1028 1959 δὲ
1053 1904 1273 1958 πώποτε
1290 1906 1366 1976 τῷ
1384 1906 1653 1976 περιέχον·

1768 1903 1969 1973 cuique
1992 1914 2240 1959 vestrum
2276 1902 2465 1970 facies,
2498 1900 2596 1957 sed
2641 1903 2765 1957 duae
2789 1908 2974 1967 erunt,
3009 1916 3118 1955 una
3151 1901 3347 1971 major,

47 2013 112 2049 ἰι
133 1996 272 2050 αὑτὸ
296 1998 356 2050 τὸ
378 1997 768 2067 περιεχόμενον
792 2013 806 2027 σ
840 1996 949 2068 ἄρα
977 1998 1072 2050 οῦν
1093 1996 1191 2066 οὑχ
1230 1995 1289 2049 ἓν
1319 1985 1416 2048 καὶ
1444 1997 1653 2060 ἐαυτὸν1

1766 1993 1948 2048 minor
2003 1994 2194 2047 altera.
2229 1992 2476 2062 Magnam
2514 2006 2647 2046 vero
2693 1999 2750 2045 et
2774 2006 2999 2060 parvam
3029 2004 3347 2060 personam,

50 2088 181 2141 οὐδὲ
214 2087 311 2141 τοῦ
356 2087 561 2141 καθένα
611 2086 771 2157 ὑμῶν
798 2087 861 2140 τὸ
896 2088 1211 2158 πρόσωπον,
1242 2087 1378 2140 ἀλλὰ
1422 2086 1516 2140 δύο
1567 2086 1663 2140 καὶ

60 2180 256 2252 μεῖζον
285 2180 532 2251 θάτερον·
563 2179 657 2233 καὶ
684 2178 858 2249 βραχὺ
886 2178 948 2231 τὸ
974 2177 1181 2249 ἕτερον·
1207 2177 1309 2230 ποῦ
1339 2177 1394 2230 δὲ
1420 2176 1663 2248 μεγάλην

55 2274 162 2326 καὶ
198 2272 403 2344 μικρὰν
433 2273 529 2324 κοιλ⁸
559 2271 734 2324 ταῦτα
758 2271 851 2323 τοῦ
880 2270 1045 2323 αὑτοῦ
1093 2269 1392 2323 ὑπόστασιν
1421 2270 1660 2340 ἠκούσαο

53 2380 159 2430 τες
202 2365 283 2415 ἔτι
319 2362 423 2434 μὴν
447 2361 590 2415 οὑτω
614 2360 721 2413 τῶν
751 2359 1142 2429 πολυκεφάλων
1172 2360 1303 2413 δέκα
1326 2360 1485 2430 τυχὸν
1510 2359 1659 2414 ἔσον-

56 2474 158 2510 ται
211 2456 563 2518 ὑποστάσεις,
598 2454 645 2506 εί
679 2453 727 2506 δ’
759 2448 852 2507 οὖν
888 2455 985 2506 καὶ
1028 2452 1186 2523 ὑμεῖς
1213 2452 1533 2523 ἐδιχάσθητε
1584 2450 1661 2523 τῷ

54 2548 214 2618 λόγῳ
248 2548 340 2600 τὸν
369 2546 527 2613 λόγον
560 2546 661 2614 τῆς
690 2545 827 2607 ἰδίας
854 2544 1056 2615 σαρκὸς
1080 2544 1140 2596 οὐ
1180 2544 1519 2614 διχάσαντες.

151 2637 294 2691 Ἀλλ’
325 2638 495 2703 ἔστιν,
521 2631 566 2691 ὦ
591 2631 759 2701 οὗτοι,
792 2637 920 2690 τάδε
951 2636 1285 2707 πανουργίας
1313 2636 1660 2708 ἀνθρωπίνης

66 2732 219 2801 τπρὸς
253 2729 539 2802 μεθοδείαν
599 2727 809 2797 πλάνης
852 2728 918 2780 τὰ
970 2728 1311 2798 σοφίσματα,
1347 2720 1382 2802 ᾗ
1437 2745 1601 2798 φησιν
1629 2731 1658 2783 6

67 2824 397 2896 θεορρήμων
431 2837 444 2851 ·
490 2820 730 2893 ἐροῦμεν
775 2819 885 2890 γὰρ
919 2819 1049 2890 ὑμῖν
1087 2820 1289 2873 τοιόνδε
1319 2837 1333 2850 ·
1363 2820 1475 2874 Καὶ
1498 2822 1658 2891 ἡμεῖς

69 2914 326 2968 ὁπωσοῦν
353 2913 488 2976 ὅλως
516 2913 855 2983 ἐνεργεῖσθαι
875 2912 950 2981 τῷ
965 2911 1096 2983 θείῳ
1115 2912 1274 2983 Λόγῳ
1302 2914 1393 2966 τὸν
1420 2912 1656 2984 Χριστὸν

69 3005 280 3059 διδοῦσι
314 3005 455 3058 κατὰ
485 3005 552 3057 τὰ
575 3004 668 3057 ὑπ’
699 3002 865 3057 αὑτοῦ
907 3003 1179 3072 λεγόμενα
1212 3004 1246 3075 ἢ
1277 3006 1536 3076 γινόμενα
1558 3046 1573 3069 ,
1600 3005 1655 3059 τί

70 3116 209 3168 φατε
233 3097 324 3165 ;Ὀ
338 3097 509 3165 Λόγος
528 3098 556 3150 6
574 3098 748 3167 φήσας
772 3096 906 3165 πρὸς
925 3095 1015 3148 τὸν
1034 3094 1255 3165 λεπρὺν,
1278 3116 1295 3146 ι
1308 3097 1458 3150 Θέλω
1480 3098 1651 3151 καθα·
1677 3137 1722 3194 c

72 3189 341 3263 ρίσθητι,›
376 3184 444 3261 ἦν
478 3188 604 3259 χθὲς
632 3187 936 3258 καὶτρίτην
964 3188 1059 3241 καὶ
1084 3187 1189 3257 πρὸ
1220 3188 1453 3253 αἰώνων,
1490 3191 1521 3261 ἢ
1563 3191 1652 3244 οὑ-

70 3281 127 3351 χί
154 3297 168 3345 ;
196 3281 259 3333 Εἰ
296 3281 393 3350 μὲν
420 3280 528 3350 γάρ
551 3281 653 3332 οὑκ
678 3273 770 3349 ἦν,
789 3278 907 3339 πῶς
935 3278 1066 3341 Θεὸς
1087 3280 1115 3331 6
1144 3280 1459 3349 πρόσφατος
1483 3280 1651 3344 δοκεῖ,

70 3371 178 3426 κᾶν
209 3371 289 3424 ὅτι
317 3371 388 3423 τὰ
409 3372 644 3441 μέγιστα
672 3368 761 3422 διὰ
785 3368 1025 3439 Χριστοῦ
1055 3369 1087 3438 ἢ
1122 3364 1334 3432 οὗτινος
1361 3369 1653 3441 ἀνθρώπου
1698 3422 1731 3430 __

70 3462 323 3535 ἐνεργοί-η
344 3476 360 3492 °
391 3464 439 3513 ει
468 3461 524 3514 δὲ
547 3458 638 3531 ἦν,
667 3460 785 3523 πῶς
820 3459 989 3512 θέλων
1018 3459 1117 3513 οὑκ
1147 3460 1475 3531 ὲκαθάριζεν
1504 3462 1552 3513 εί
1580 3460 1655 3531 μὴ

69 3554 197 3607 τότε
227 3555 318 3607 τὸν
352 3552 590 3622 λεπρόνς
629 3552 840 3623 Ὥσπερ
869 3548 964 3605 οὖν
997 3553 1165 3621 σαφὲς
1198 3552 1291 3605 ἐπὶ
1340 3552 1494 3605 τοῦδε
1518 3594 1532 3617 ,
1572 3553 1654 3605 ὅτι

72 3643 404 3715 προαιώνιος
428 3642 522 3695 τοῦ
554 3640 689 3693 Θεοῦ
722 3643 748 3693 6
791 3640 901 3704 ζῶν
930 3656 994 3708 ’τει
1019 3641 1114 3691 καὶ
1148 3639 1378 3710 ἐνεργὴς
1428 3640 1517 3694 ἀεὶ
1554 3639 1655 3691 Λό-

74 3752 193 3804 γος,
223 3735 342 3787 τότε
366 3733 442 3801 τῷ
473 3731 795 3804 προφορικῷ
826 3731 994 3783 αὑτοῦ
1043 3730 1185 3800 λόγῳ
1214 3730 1313 3801 τὴν
1349 3731 1489 3783 κατὰ
1535 3747 1657 3783 και-

81 3826 173 3896 ρὸν
203 3826 293 3878 καὶ
322 3826 509 3895 χρείαν
565 3822 761 3876 ἑαυτοῦ
794 3822 1014 3892 θέλησιν
1058 3821 1397 3889 ἐξαγγέλλει,
1428 3820 1543 3884 πῶς
1592 3821 1654 3873 οὑ

80 3915 336 3983 δῆλονὼς
366 3917 459 3968 καὶ
487 3916 547 3968 τὸ
603 3914 811 3976 ἀπαθὲς
864 3912 1030 3966 αὑτοῦ
1084 3913 1179 3966 καὶ
1221 3912 1449 3982 ἀόρατον
1488 3896 1662 3980 πρόσ-’

80 4023 228 4061 ωπον
259 4007 345 4060 διὰ
388 4007 484 4060 τοῦ
520 4004 780 4074 αἰσθητοῦ
805 4007 899 4059 καὶ
933 4004 1131 4074 μέρους
1159 4003 1255 4055 τοῦ
1282 4002 1528 4073 σώματος
1555 4005 1656 4056 αὑ-

76 4100 171 4154 τοῦ
211 4100 544 4170 ὑπάρχοντος
576 4099 894 4170 προσώπου,
928 4098 1029 4167 τὴν
1080 4095 1306 4166 ἀτιμίαν
1340 4095 1450 4148 τῶν
1498 4098 1658 4167 ῥαπι-

80 4192 231 4263 σμῶν
252 4192 317 4245 δι’
345 4190 659 4261 ἐλευθερίαν
687 4189 844 4258 ἡμῶν
873 4187 1269 4256 καταδέχεται;
1304 4187 1427 4239 Ἔτι
1462 4187 1589 4257 μὴν,
1612 4181 1657 4239 ὧ

79 4283 493 4351 συλλογιστικοὶ,
528 4280 695 4348 τριῶν
725 4279 893 4332 ὄντων
920 4279 1025 4330 τῶν
1050 4279 1152 4347 τῆς
1213 4277 1374 4344 ἁγίας
1428 4276 1659 4347 Τριάὸος

75 4373 372 4441 ὁμοουσίων
400 4369 707 4441 προσώπων
726 4369 787 4420 τὸ
817 4366 936 4420 καθ’
959 4368 1102 4437 ὑμᾶς
1123 4369 1298 4437 πάντη
1323 4371 1409 4419 ἑτε
1421 4367 1659 4437 ροούσιον

76 4465 257 4524 αὐτοῖς
307 4461 596 4530 πρόσωπον
650 4457 889 4530 Χριστοῦ
951 4458 1092 4510 θεῖον
1121 4458 1383 4527 λέγετε,ἢ
1412 4458 1565 4527 οὐχί;
1596 4456 1657 4508 El

84 4556 184 4624 μὲν
216 4555 306 4609 οῦν
338 4553 459 4623 οὐχὶ
484 4594 497 4618 ,
527 4552 661 4614 ὅλως
691 4551 724 4621 ἢ
757 4552 855 4619 οὐχ
903 4549 1103 4617 ὁμοίως
1125 4548 1185 4600 οὑ
1221 4548 1447 4601 δύνασθε
1477 4550 1654 4616 λέγειν

80 4646 208 4699 Θεὸν
235 4648 325 4700 τὸν
382 4645 617 4718 Χριστόν
638 4660 651 4674 ·
675 4645 709 4714 ἢ
740 4645 821 4697 ὅτι
881 4640 1029 4712 αὑτῷ
1059 4640 1320 4710 ἐχαρίσθη
1370 4639 1433 4691 τὸ
1485 4640 1656 4710 ὄνομα

79 4739 140 4792 τὸ
210 4740 345 4808 ὑπὲρ
430 4741 538 4791 πᾶν
599 4735 792 4806 ὄνομα,
861 4733 1110 4787 τουτέστι
1183 4731 1243 4784 τὸ
1329 4731 1499 4793 Θεός·
1565 4731 1658 4783 καὶ

81 4833 279 4907 ταύτην
352 4828 491 4886 εἶναι
550 4832 648 4902 τὴν
691 4832 798 4884 ἀπὸ
854 4830 953 4899 τῆς
1013 4828 1149 4899 πρὸς
1215 4826 1348 4880 Θεὸν
1401 4826 1656 4895 σχετικῆς

86 4927 324 4989 ἑνώσεως
358 4924 523 4977 αὑτοῦ
567 4923 810 4994 μεγάλην
839 4922 997 4986 ἀξίαν
1028 4938 1089 4973 τε
1120 4921 1213 4972 καὶ
1237 4918 1446 4988 δωρεάν
1469 4934 1482 4947 ·
1516 4921 1564 4970 εἰ
1597 4918 1654 4972 δὲ

86 5021 225 5073 θεῖον
259 5018 358 5089 μὲν
383 5016 574 5084 λέγετε
614 5016 710 5068 καὶ
737 5014 880 5079 τόδε,
915 5012 1261 5084 ἑτεροούσιον
1291 5012 1346 5063 δὲ
1383 5012 1533 5081 παρὰ
1588 5011 1657 5064 τὰ

86 5116 244 5182 ἔτερα
284 5113 409 5182 τρία
467 5108 728 5178 ὁμοοὺσια
772 5109 889 5158 Gaia
940 5104 1216 5174 πρόσωπά
1276 5118 1451 5172 φατε,
1484 5103 1656 5173 τριῶν

88 5202 399 5275 ὁμοουσίων,
434 5198 533 5253 καὶ
565 5198 680 5258 ἐνὸς
740 5195 1107 5263 ἑτεροουσίου,
1136 5190 1253 5255 πῶς
1303 5192 1402 5246 οὑκ
1453 5192 1519 5246 ἂν
1569 5191 1654 5264 εἴη

89 5298 322 5365 τέσσαρα
356 5291 626 5362 πρόσωπα
663 5287 783 5340 θεῖα
815 5287 944 5356 ὑμῖν
976 5286 1326 5355 συναγόμενα
1357 5303 1374 5349 ς

680 5374 933 5429 ΚΕΦΑΛ.
958 5372 1056 5427 lZ'.

148 5468 219 5530 Ἐξ
245 5473 422 5536 ὀΘεδς
452 5471 643 5540 Λόγος,
676 5468 834 5538 φησὶ,
865 5467 935 5519 τά
962 5466 1139 5520 πάντα
1170 5465 1388 5536 πληροῖ,
1419 5466 1516 5520 καὶ
1546 5468 1658 5530 τοῖς

94 5572 219 5625 πᾶσι
250 5568 510 5637 πάρεστιν
541 5561 782 5634 ἀοράτως
804 5561 872 5629 τῇ
905 5558 1199 5611 ὑποστάσει
1223 5572 1235 5586 '
1259 5559 1287 5609 6
1311 5557 1367 5610 δὲ
1386 5555 1661 5628 ὁρώμενος

95 5664 313 5735 Χριστὸς
341 5661 525 5731 μήτρᾳ
575 5672 635 5709 τε
681 5654 776 5707 καὶ
813 5651 994 5722 φάτνῃ
1022 5651 1118 5703 καὶ
1158 5648 1291 5718 οἴκῳ
1329 5646 1661 5718 περιώριστο

94 5759 188 5827 τὴν
233 5754 526 5808 ὑπόστασιν
561 5748 667 5820 πρὸ
723 5743 822 5815 τῆς
859 5742 1018 5809 ἁγίας
1068 5739 1419 5801 ἀναστάσεως
1449 5738 1616 5792 αὑτοῦ
1642 5756 1657 5770 ·

1762 2093 1821 2139 et
1849 2084 1971 2139 illas
1999 2085 2056 2139 in
2093 2100 2200 2138 una
2230 2100 2289 2138 re
2319 2084 2412 2138 ubi
2436 2083 2700 2138 vidistis?
2728 2092 2897 2153 atque
2926 2083 3154 2152 insuper
3184 2097 3339 2136 num-

1764 2176 1899 2247 quid
1934 2176 2156 2230 animali
2187 2177 2430 2246 plurium
2463 2176 2706 2245 capitum
2726 2174 2917 2230 decem
2945 2175 3128 2229 forsan
3157 2189 3350 2245 perso-

1763 2282 1855 2322 na:
1887 2276 2073 2332 erunt,
2101 2267 2169 2332 si,
2202 2268 2428 2322 nomina
2463 2266 2699 2338 pr0priae
2744 2266 2929 2322 carnis
2958 2282 3068 2321 non
3098 2264 3350 2322 dividen-

1764 2369 1868 2426 tes,
1906 2359 2009 2430 ipsi
2046 2367 2282 2430 propter
2310 2360 2538 2414 nomina
2568 2358 2903 2414 dividimini.

1833 2624 1961 2682 Haec
1991 2635 2140 2692 sunt,
2167 2641 2201 2682 ο
2227 2626 2502 2692 homines,
2532 2625 2874 2697 sophismata
2904 2627 3112 2699 quibus
3155 2626 3347 2683 dolose

1761 2718 1939 2772 utitur
1984 2718 2274 2789 theologus
2315 2718 2384 2772 ad
2428 2733 2678 2773 errorem
2723 2719 3116 2773 inducendum.
3145 2719 3215 2773 Et
3244 2730 3346 2774 nos

1759 2808 1841 2864 sic
1860 2808 2147 2864 vobiscum
2174 2825 2400 2880 agemus
2429 2827 2441 2862 ε
2462 2809 2730 2875 Quoniam
2753 2809 3010 2865 Christus
3029 2810 3236 2866 dicitur
3251 2825 3351 2882 per

1757 2901 2003 2957 Verbum
2057 2902 2307 2957 divinum
2367 2914 2631 2970 operatus
2677 2917 2801 2956 esse
2842 2904 3005 2972 juxta
3070 2902 3218 2958 dicta
3252 2911 3347 2957 aut

1755 2991 1897 3048 facta
1936 2993 2006 3047 ab
2038 2993 2177 3063 ipso,
2214 3008 2313 3047 vos
2357 2992 2490 3062 quid
2523 2992 2745 3048 dicitis?
2782 2992 3023 3049 Verbum
3081 2994 3229 3063 quod
3261 2994 3344 3048 le—

1756 3098 1922 3153 proso
1958 3085 2097 3139 dixit
2126 3102 2139 3139 :
2182 3103 2199 3134 ι
2235 3082 2393 3147 Volo,
2424 3082 2746 3149 mundare,»
2781 3093 2971 3139 eratne
3000 3085 3143 3151 heri,
3169 3084 3347 3154 pridie

1754 3186 1809 3231 et
1835 3186 1963 3231 ante
1996 3175 2213 3242 saecula,
2240 3176 2325 3229 vel
2352 3176 2498 3229 non?
2525 3174 2580 3231 Si
2612 3176 2908 3246 posterius,
2938 3177 3346 3245 quomodonam

1756 3268 1902 3322 Deus
1940 3268 2176 3322 habetur
2229 3267 2333 3321 iste
2381 3267 2699 3333 crucifixus,
2727 3268 2859 3323 licet
2903 3284 3066 3339 quam
3108 3270 3344 3325 maxima

1756 3362 2022 3416 miracula
2072 3377 2170 3431 per
2202 3360 2485 3416 Christum
2548 3370 2636 3415 aut
2696 3362 3000 3430 quemlibet
3062 3361 3345 3418 hominem

1757 3461 2019 3522 operatus
2045 3453 2155 3507 sit?
2179 3452 2235 3507 Si
2261 3456 2436 3522 prius,
2473 3469 2573 3509 cur
2608 3454 2912 3523 leprosum,
2943 3470 3108 3525 quem
3135 3455 3346 3513 dudum

1756 3544 1998 3608 volebat,
2044 3545 2267 3598 nonnisi
2305 3546 2411 3601 hoc
2450 3556 2699 3615 tempore
2736 3546 3073 3602 mandavit?
3110 3548 3217 3603 Sed
3285 3561 3349 3604 ut

1759 3633 1894 3688 illud
1941 3643 2208 3689 aeternum
2256 3650 2472 3704 semper
2501 3637 2696 3690 vivens
2746 3646 2802 3690 et
2829 3653 3066 3707 Operans
3094 3639 3343 3696 Verbum

1758 3722 1855 3780 Dei
1888 3735 2021 3780 tunc
2055 3740 2313 3779 sermone
2350 3727 2566 3794 prolato
2591 3742 2749 3780 suam
2773 3730 3110 3784 voluntatem
3140 3746 3347 3801 oppor-

1759 3824 1892 3869 tune
1925 3822 1979 3868 et
2005 3814 2218 3868 utiliter
2252 3814 2598 3879 manifestat,
2628 3816 2708 3869 sic
2735 3816 2915 3885 liquet
2947 3818 3344 3889 impassibilem

1758 3915 1814 3959 et
1839 3904 2175 3959 invisibilem
2198 3905 2317 3975 ejus
2340 3920 2633 3974 personam
2651 3921 2751 3975 per
2771 3907 3092 3967 sensibilem
3118 3909 3341 3975 faciem,

1759 4013 1881 4068 quae
1931 4012 2061 4068 pars
2115 3997 2367 4066 corporis
2415 4006 2557 4061 erat,
2589 3999 2986 4053 contumeliosa
3017 3999 3251 4055 verbera
3275 4002 3345 4056 ab

1695 4106 1707 4116 ·
1760 4085 2080 4141 hominibus
2125 4082 2411 4139 effrenatis
2454 4085 2750 4153 accepisse.
2778 4086 2876 4142 Vel
2924 4088 3146 4145 iterum.
3182 4105 3215 4142 ο
3250 4105 3342 4146 so-

1758 4178 1977 4248 phistae,
2015 4186 2127 4231 tres
2157 4193 2282 4232 cum
2326 4178 2438 4232 sint
2494 4191 2748 4247 persona:
2797 4189 3001 4235 sanctm
3056 4180 3345 4237 Trinitatis

1759 4267 2279 4333 consubstantialcs,
2308 4267 2455 4321 illam
2486 4266 2695 4322 Christi
2726 4268 2922 4323 faciem
2957 4279 3162 4329 nostra:
3189 4272 3339 4326 simi-

1760 4359 1890 4424 lem,
1940 4369 1995 4414 et
2039 4359 2107 4413 ab
2147 4359 2272 4413 aliis
2327 4360 2552 4413 omnino
2604 4358 2973 4427 distinctam,
3025 4364 3341 4421 divinamne

1694 4483 1732 4537 ο
1762 4452 1966 4517 dicitis,
1994 4451 2211 4506 annon?
2234 4450 2288 4507 Si
2318 4468 2428 4506 non
2456 4452 2721 4521 divinam,
2755 4467 2887 4525 ergo
2913 4456 3103 4511 eadem
3130 4460 3341 4513 ratione

1761 4561 1864 4601 nec
1924 4545 2098 4614 magis
2151 4546 2331 4614 ipsum
2385 4544 2669 4600 Christum
2697 4547 2870 4602 Deum
2937 4564 3058 4606 esse
3111 4553 3342 4621 potestis

1758 4641 1965 4705 dicere,
2007 4656 2184 4709 neque
2222 4639 2299 4692 illi
2330 4639 2517 4693 datum
2542 4640 2716 4696 fuisse
2748 4658 2949 4698 nomen
2976 4660 3145 4714 super
3175 4637 3339 4703 omne

1757 4748 1982 4797 nomen,
2022 4748 2118 4788 seu
2174 4733 2542 4798 divinitatem,
2572 4750 2676 4789 nec
2704 4736 2865 4790 talem
2895 4753 3016 4793 esse
3038 4740 3160 4810 ejus
3185 4757 3338 4812 mag-

1756 4841 1882 4879 nam
1917 4825 2239 4895 dignitatem
2270 4834 2328 4878 et
2366 4826 2698 4893 mercedem,
2723 4844 2822 4896 pro
2856 4829 3191 4899 hypostatica
3211 4848 3337 4887 cum

1757 4916 1870 4970 Deo
1926 4916 2152 4969 unione.
2188 4913 2244 4967 Si
2280 4928 2413 4966 vero
2439 4913 2683 4985 divinam
2718 4915 2931 4980 dicitis,
2960 4917 3057 4971 sed
3107 4921 3339 4975 alterius

1756 5015 1971 5059 natura:
2000 5015 2168 5073 atque
2203 5011 2317 5056 tres
2349 5002 2568 5057 divinas
2593 5013 2649 5057 et
2679 5006 3179 5066 consubstantiales
3209 5026 3336 5080 per-

1756 5096 1942 5159 sonas,
1971 5104 2104 5149 tunc
2135 5104 2248 5147 tres
2275 5107 2401 5147 cum
2427 5093 2536 5147 sint
2570 5095 3091 5163 consubstantiales,
3120 5109 3177 5153 et
3207 5101 3340 5154 alte-

1757 5203 1816 5242 ra
1842 5186 2149 5249 dissimilis,
2174 5196 2360 5238 nonne
2388 5186 2454 5238 ad
2489 5185 2833 5244 confltendas
2866 5201 3105 5261 quatuor
3139 5207 3335 5261 perso-

1758 5297 1858 5337 nas
1884 5279 2101 5335 divinas
2130 5277 2473 5333 adducimini
2501 5278 2523 5333 ‘I'

2371 5370 2523 5425 CAP.
2560 5370 2721 5427 XVII.

1832 5465 1936 5521 Sed
1969 5463 2211 5520 Verbum
2255 5463 2374 5529 Dei,
2405 5464 2603 5533 inquit,
2639 5468 2822 5521 omnia
2862 5467 3085 5540 implet,
3126 5480 3182 5527 et
3214 5486 3335 5527 om-
3366 5453 3371 5456 I

1758 5557 1924 5611 nibus
1965 5553 2318 5609 invisibiliter
2352 5563 2409 5608 et
2453 5556 2811 5623 personaliter
2863 5559 3056 5627 adest;
3108 5562 3332 5621 aliunde

1759 5647 2011 5702 Christus
2039 5642 2192 5697 visus
2209 5651 2293 5696 est
2322 5656 2612 5712 personam
2644 5656 2857 5713 ventre,
2900 5650 3134 5716 stabulo,
3168 5654 3332 5708 domo

1764 5736 2041 5793 includere
2065 5741 2190 5789 ante
2218 5749 2371 5788 suam
2395 5745 2635 5790 sanctam
2674 5740 3167 5810 resurrectionem;
3201 5745 3335 5814 quin
