3876 6310
497 225 632 290 15τὸ

1790 216 2108 279 LEONTII
2147 216 2550 278 BYZANTINI

3703 215 3809 282 1575

493 345 658 401 etiam
679 350 867 413 poStea
886 338 1025 394 locis
1039 337 1362 401 includitur,
1386 329 1530 392 sicut
1551 330 1780 407 legimus
1801 353 1814 389 :
1839 356 1856 385 ι
1871 335 2074 390 Ascen-

2214 333 2313 386 λλὰ
2331 334 2427 386 καὶ
2463 334 2602 404 μετᾶ
2627 333 2789 404 τήνδε
2821 334 3233 405 περιγράφεται
3261 335 3514 396 τόποις,
3552 336 3706 386 κατά
3746 339 3802 393 τὶ,

493 432 576 490 dit
609 435 666 489 in
696 432 886 495 cmlos,
917 449 936 482 ι
972 433 1063 484 e‘t:
1119 446 1138 480 ι
1165 426 1348 495 ’ρυειη
1400 434 1617 498 oportet
1661 426 1861 482 caelum
1897 424 2074 480 susci-

495 539 628 596 pere
645 525 722 574 "p
747 528 837 576 e‘t:
866 539 885 571 ι
905 518 1234 584 'Sicveniet,
1252 517 1716 589 quemadmodum
1734 517 1918 571 vidisti
1945 530 2072 570 cum

495 622 718 668 euntem
775 613 832 666 in
879 611 1178 666 caelum“.
1213 628 1231 660 ι
1289 609 1576 675 Quomodo
1611 624 1744 680 ergo
1802 623 1912 662 una
1968 607 2076 662 erit

498 717 732 775 persona
763 701 1000 756 visibilis
1025 708 1082 756 et
1121 700 1559 770 circumscripta,
1585 697 1756 754 altera
1807 713 1940 753 vero
1976 712 2078 752 nec

498 793 736 848 visibilis
773 807 877 848 nec
909 787 1527 862 circuinscr'ipta?'Dato
1559 789 1706 862 quod
1736 805 2078 861 quaecunque

499 901 754 956 personae
800 885 1051 940 definitio
1094 882 1198 938 nat
1245 884 1516 938 localibus
1561 880 1864 949 limitibus,
1929 891 2076 935 tunc.

501 977 668 1033 Verbi
701 992 934 1047 persona
963 992 992 1030 a
1015 975 1178 1030 Patre
1204 975 1490 1046 et‘Spiritu
1517 984 1708 1030 sancto
1730 974 1866 1028 locis
1887 973 2082 1028 distin-

503 1070 794 1138 gueretur.
824 1065 891 1122 Et
917 1083 1040 1122 cum
1071 1081 1102 1120 a
1127 1066 1290 1120 vobis
1317 1067 1574 1122 similiter
1600 1065 1817 1121 dicatur
1841 1063 2081 1120 Verbum

505 1159 560 1212 in
596 1158 748 1212 omni
787 1174 847 1212 re
882 1173 1002 1212 esse
1031 1159 1304 1222 localiter,
1343 1159 1596 1228 sequitur
1625 1171 2012 1228 quamcunque
2053 1173 2084 1210 c

504 1250 724 1305 duabus
773 1251 1003 1320 reliquis
1052 1247 1306 1320 personis
1335 1248 1539 1304 divinis
1569 1249 1814 1338 futuram
1862 1263 1983 1303 esse
2030 1247 2086 1302 in

505 1353 614 1408 alio
675 1351 956 1414 universo,
1001 1365 1112 1402 non
1163 1347 1217 1402 in
1268 1348 1396 1412 isto,
1447 1349 1530 1403 vel
1572 1348 1626 1402 in
1659 1349 1852 1403 nullo:
1893 1349 1947 1402 in
1981 1347 2088 1402 isto

506 1447 654 1500 enim
700 1446 882 1499 locum
923 1459 1033 1497 non
1064 1442 1233 1497 habet
1265 1442 1332 1497 ad
1355 1443 1733 1497 exsistendum
1765 1443 2087 1512 separatim,

508 1535 654 1606 quod
687 1535 870 1590 Verbo
886 1533 997 1604 jam
1037 1534 1321 1603 impletum
1357 1545 1460 1589 est.
1486 1535 1558 1590 Et
1586 1534 1864 1604 quomodo
1890 1535 1945 1589 in
1975 1549 2092 1589 om-

509 1629 674 1683 nibus
719 1628 829 1681 crit
867 1641 1100 1696 persona
1147 1624 1294 1679 illius
1321 1626 1416 1696 qui
1451 1623 1565 1697 jam
1616 1627 1670 1681 in
1713 1627 1864 1682 omni
1913 1636 2088 1697 parte,

511 1719 737 1774 omnino
774 1713 1054 1788 impletur,
1092 1733 1291 1788 nempe
1321 1717 1612 1773 divinitate
1643 1737 1657 1772 :
1694 1715 1804 1773 hoc
1835 1719 1980 1772 enim
2006 1727 2091 1774 est

513 1809 854 1880 impossibile
890 1807 1179 1864 Christum
1214 1810 1397 1863 locum
1431 1825 1554 1864 esse
1596 1810 1956 1880 quarumdam
2007 1825 2094 1866 re-

513 1904 661 1961 rum,
687 1907 742 1950 et
769 1912 891 1952 esse
929 1896 987 1950 in
1018 1897 1152 1966 ipsis
1191 1898 1342 1951 velut
1377 1898 1601 1954 inloco.
1637 1899 1693 1954 Si
1727 1915 1859 1970 ergo
1885 1900 1986 1956 ista
2023 1900 2093 1955 dc

512 1987 738 2044 Christo
773 2003 881 2065 non
923 1988 1186 2043 dicuntur
1225 1989 1532 2045 secundum
1575 1991 1806 2046 localem
1856 1993 2095 2046 circum-

516 2081 896 2150 scriptionem,
928 2079 1059 2150 quid
1087 2079 1343 2150 prohibet
1373 2081 1526 2136 illum
1558 2091 1932 2137 remanentem
1960 2084 2098 2140 Ver-

517 2171 649 2227 bum
676 2172 944 2235 divinum,
981 2180 1038 2226 et
1063 2180 1314 2226 naturam
1347 2187 1668 2242 corpoream
1703 2183 2095 2242 assumentem,

520 2264 574 2318 in
602 2279 709 2319 una
735 2279 832 2318 sua
857 2278 1092 2334 persona
1115 2263 1324 2319 habere
1345 2261 1586 2318 divinam
1616 2263 2015 2331 definitionem,
2042 2274 2101 2321 et

519 2354 800 2408 carnalem
853 2351 1249 2422 acquisivisse'!
1305 2352 1462 2407 Sicut
1511 2353 1660 2408 enim
1706 2369 1773 2409 ex
1819 2369 1888 2410 eo
1949 2358 2099 2427 quod

520 2457 816 2514 generetur
855 2450 1047 2497 etnon
1074 2449 1322 2512 generet,
1345 2443 1492 2512 quod
1528 2443 1601 2498 sit
1625 2443 1680 2496 in
1721 2444 1883 2500 Patre
1919 2453 1980 2500 ut
2011 2462 2102 2502 sa-

522 2539 732 2609 pientia
753 2535 1018 2607 sapientis
1042 2544 1098 2590 et
1148 2535 1377 2590 verbum
1405 2533 1702 2603 loquentis,
1724 2535 1871 2604 quod
1895 2550 2002 2591 non
2032 2536 2106 2592 sit

525 2627 838 2699 procedens
863 2626 990 2696 quia
1017 2640 1084 2679 ex
1112 2625 1232 2694 ipso
1261 2623 1330 2678 ad
1369 2624 1475 2678 alia
1507 2639 1619 2678 non
1644 2623 1916 2694 procedit,
1951 2629 2102 2696 quod

526 2717 779 2789 proprias
825 2713 1178 2784 Operationes
1214 2714 1436 2777 habeat,
1481 2722 1537 2770 et
1579 2729 1649 2770 ex
1697 2715 1954 2771 omnibus
1984 2717 2108 2774 aliis

524 2803 978 2878 praprictatibus,
1027 2805 1232 2874 quibus
1263 2821 1293 2860 a
1329 2819 1564 2876 persona
1589 2805 1770 2862 Patris
1795 2815 1851 2860 et
1871 2807 2112 2878 Spiritus

527 2896 704 2952 sancti
737 2895 1098 2966 distinguitur
1133 2894 1326 2962 Filius,
1364 2896 1551 2965 plures
1576 2911 1844 2966 personas
1871 2897 1976 2953 sibi
1999 2914 2109 2954 non

2181 445 2200 475 ι
2223 417 2524 496 Ἐπορεὺοη
2541 429 2620 489 εἰς
2633 425 2919 496 οὐρανούςο
2937 445 2963 478 -ι
2992 427 3111 489 καὶ,
3123 445 3142 477 ι
3159 428 3260 480 Ὃν
3278 425 3372 478 δεῖ
3389 425 3668 495 οὐρανὸν
3685 426 3806 491 δέᾄρ

2177 515 2321 570 σθαι·
2336 535 2354 566 ο
2372 515 2520 580 καὶ,‹
2541 513 2727 578 Οὑτως
2745 515 3047 582 ἐλεύσεται,
3069 515 3133 568 ὃν
3145 515 3366 586 τρόπον
3377 514 3724 568 ἐθεάσασθε
3737 521 3804 568 2;-

2175 608 2268 662 τὸν
2293 608 2661 678 πορευόμενον
2679 613 2763 670 εις
2778 607 2872 661 τὸν
2893 609 2955 662 οὑ
2965 609 3148 678 ρανδν,
3183 625 3207 660 ι
3225 608 3358 671 πῶς
3387 609 3466 662 οὗ
3495 609 3714 678 θάτερα
3731 615 3800 679 μὲν

2177 701 2348 772 ὁρατὴ
2375 701 2470 754 καὶ
2498 702 2854 773 περιγραπτὴ
2873 697 3199 765 ὑπόστασις,
3217 701 3466 774 θατέρα
3499 702 3570 755 δὲ
3603 703 3802 772 ἀᾷρππς

2179 795 2276 846 καὶ
2298 795 2710 866 ἀπερίγραπτός
2741 795 2921 860 scr-rw;
2956 794 3096 846 Ἀλλ’
3123 797 3174 847 εἰ
3197 797 3494 858 τοπικοῖς
3523 794 3798 866 διορισμῷ

2183 889 2334 940 πᾶσα
2354 887 2708 948 ὑποστάσεως
2729 887 3050 957 περιγραφή
3081 889 3262 952 ἐστιν,
3300 883 3444 958 ἆρά
3477 905 3554 956 γε
3593 890 3797 950 τοτεκεξς

2183 978 2280 1031 καὶ
2315 977 2411 1031 τοῦ
2441 977 2653 1049 Πατρὺς
2687 977 2783 1030 καὶ
2819 977 2913 1030 τοῦ
2953 978 3112 1044 ἁγίου
3147 979 3527 1047 Πνεύματος
3577 979 3610 1032 ὁ
3662 981 3796 1046 Δὲῖκ

2183 1069 2464 1139 διώρισται
2492 1069 2593 1140 τὴν
2619 1069 2918 1122 ὑπόστασιν
2943 1085 2958 1098 '
2991 1070 3039 1122 εἰ
3069 1068 3116 1122 δ’
3139 1065 3239 1122 οὖν
3268 1067 3490 1132 οὕτως
3529 1072 3634 1122 καὶ
3662 1072 3715 1122 ἐν
3738 1072 3787 1120 τὲ

2187 1163 2348 1214 παντὶ
2396 1159 2642 1223 τοπικῶς
2691 1154 2832 1212 εἶναι
2871 1160 3002 1230 ὑμῖν
3038 1162 3267 1231 εἴρηται
3301 1162 3338 1213 ὁ
3372 1161 3608 1228 Λόγος,
3635 1163 3728 1232 ἄρα
3751 1165 3790 1212 :i

2187 1250 2448 1305 δὺοάλλαι
2475 1249 2804 1312 ὑποστάσεις
2831 1249 2932 1317 τῆς
2969 1248 3267 1317 Θεότητος,
3300 1249 3343 1320 ἢ
3381 1251 3453 1301 ἐν
3487 1250 3671 1320 ὲτέρῳ
3690 1267 3791 1301 πτι-

2189 1343 2243 1396 τὶ
2274 1341 2539 1413 ἑκατέρα,
2569 1341 2667 1394 καὶ
2709 1341 2810 1393 οὑκ
2839 1341 2896 1392 ἐν
2945 1339 3106 1410 τῷδε,
3131 1340 3165 1408 ἢ
3193 1341 3260 1392 ὲν
3284 1341 3500 1393 οὐδενί
3550 1345 3726 1394 ἐστιν’
3751 1345 3789 1392 ἐοι

2191 1434 2298 1502 γὰρ
2331 1433 2468 1502 τῷδε
2507 1432 2694 1503 χώραν
2722 1433 2825 1485 οὑκ
2850 1423 2970 1501 ’ἔχει
2995 1431 3412 1502 διωρισμένως
3438 1429 3618 1494 εἶναι,
3649 1437 3788 1486 ira:

2193 1526 2300 1596 πλη
2311 1525 2527 1594 ροῦντος
2549 1525 2616 1578 τὰ
2635 1525 2764 1595 τῇδε
2785 1525 2880 1578 τοῦ
2911 1524 3106 1592 Λόγουδ
3139 1524 3267 1588 πῶς
3282 1524 3350 1578 δὲ
3381 1521 3498 1579 καὶ
3519 1528 3580 1578 ἐν
3599 1528 3786 1593 πᾶσιιή

2194 1617 2316 1670 θεία
2341 1619 2641 1680 ὑπόστασις
2667 1615 2763 1669 τοῦ
2789 1615 2862 1668 τὰ
2885 1615 3070 1670 πάντα
3101 1618 3160 1670 ἐν
3199 1619 3356 1670 πᾶσι
3397 1619 3784 1688 πληρουμένω.

2194 1705 2379 1772 καθὼς
2435 1709 2700 1778 εἷρηταις
2739 1699 2800 1760 οὑ
2859 1708 2970 1779 γὰρ
3009 1707 3070 1760 τὸ
3103 1708 3247 1760 αὑτό
3287 1725 3347 1761 τι
3382 1710 3571 1772 τόπος
3612 1710 3670 1761 τέ
3697 1710 3786 1760 ἐστέ

2195 1813 2378 1864 τινων,
2411 1797 2508 1850 καὶ
2541 1797 2618 1862 ὡς
2641 1799 2699 1850 ἐν
2726 1798 2880 1868 τόπῳ
2902 1797 3052 1850 ἐστὶν
3073 1797 3134 1850 ἐν
3163 1797 3373 1862 αὐτοῖς
3411 1797 3682 1852 ἀδύνατον
3709 1815 3721 1826 ·
3747 1799 3782 1851 εξ

2193 1885 2292 1942 οὖν
2323 1888 2496 1942 ταῦτα
2535 1887 2610 1958 μὴ
2637 1873 2780 1941 κατὰ
2822 1889 3058 1956 τοπικὴν
3103 1891 3496 1960 περιγραφὴν
3540 1891 3644 1960 τῆς
3679 1891 3784 1941 ἑτε-

2198 1979 2445 2043 στάσεώς
2465 1981 2582 2032 ἐστι
2603 1979 2697 2032 τοῦ
2741 1979 2948 2048 Λόγου,
2977 1979 3033 2032 τι
3080 1979 3298 2034 κωλύει
3349 1983 3633 2051 μείναντι
3655 1981 3782 2036 αὐτὰ

2199 2066 2343 2124 θεῖον
2367 2071 2564 2139 Λόγον,
2591 2067 2688 2124 καὶ
2719 2073 2923 2140 σαρκὸς
2957 2069 3122 2140 φύσιν
3156 2071 3660 2144 προσ-λαϐόμενον,
3686 2074 3782 2134 uti;

2198 2173 2260 2216 τε
2284 2161 2360 2226 ὡς
2381 2163 2560 2230 Λόγον
2583 2161 2720 2216 Θεοὺ
2745 2145 3064 2233 διορισμοὺς
3091 2163 3398 2234 ἐχειν,καὶ
3424 2167 3718 2240 capue-5;
3737 2184 3779 2219 τι

2202 2255 2342 2326 πρὸς
2399 2254 2612 2318 τούτοις
2666 2255 3078 2326 ἐπικτήσασθαι
3133 2255 3482 2330 διορισμοὺς
3517 2261 3778 2329 κατάῴ

2202 2348 2302 2416 τὴν
2346 2347 2648 2402 ὑπόστασιν
2697 2347 2897 2414 αὑτοῦ;
2929 2348 3144 2420 Ὠσπερ
3171 2351 3296 2422 γὰρ
3325 2351 3416 2423 τῷ
3466 2354 3774 2424 γεννηεξτσε

2205 2441 2299 2494 καὶ
2325 2439 2404 2512 τῷ
2437 2441 2514 2512 μὴ
2553 2437 2769 2511 γεννᾷν,
2801 2443 2896 2494 καὶ
2930 2441 3009 2511 τῷ
3055 2443 3113 2494 ὲν
3140 2443 3307 2515 αὑτῷ
3337 2441 3492 2507 εἶναι
3531 2445 3609 2516 τῷ
3642 2446 3774 2514 Περὶ

2205 2533 2281 2598 ὡς
2317 2532 2510 2603 βουλὴν
2541 2533 2636 2586 καὶ
2656 2533 2810 2600 λόγον
2835 2533 3190 2602 βουλευτικοῦ
3215 2536 3324 2588 καὶ
3350 2537 3604 2605 λογικοῦ,
3625 2539 3703 2590 ui
3720 2536 3772 2602 τ-ξθ

2212 2625 2289 2696 μὴ
2319 2626 2415 2678 καὶ
2441 2625 2600 2688 ἐκτὸς
2629 2625 2794 2678 αὑτοῦ
2829 2627 2910 2688 εἰς
2941 2624 3106 2692 ἕτερα
3139 2627 3501 2696 πορεύεσθαι
3545 2629 3619 2700 μὴ
3651 2631 3771 2680 ἐκτο-

2215 2715 2406 2786 ρευτδν
2445 2709 2607 2778 εἰναι,
2633 2715 2728 2768 καὶ
2751 2713 2831 2784 τῷ
2855 2715 3225 2785 δημιουργεῖν
3265 2717 3431 2782 ἰδίως
3456 2719 3556 2772 καὶ
3573 2721 3674 2780 τοῖς
3694 2717 3773 2768 ia:-

2211 2808 2336 2869 ποῖς
2403 2803 2688 2876 ἱδιὼμασιν
2747 2805 2918 2862 αὑτοῦ
2950 2808 2980 2860 ὁ
3011 2805 3208 2875 Λόγος,
3244 2807 3324 2861 δι’
3352 2801 3440 2862 ὧν
3482 2811 3770 2882 surpite:

2216 2897 2437 2950 πάντων
2490 2897 2592 2966 τῆς
2633 2897 2918 2970 Πατρικῆς
2958 2900 3056 2951 καὶ
3092 2899 3196 2969 τῆς
3221 2900 3333 2954 τοῦ
3374 2903 3686 2975 Ilva-Jama;
3707 2900 3770 2954 rei

534 2987 702 3053 facit;
739 2988 820 3040 sic
847 2999 1029 3056 neque
1073 2985 1442 3056 proprietates
1477 2985 1664 3040 multa:
1684 2993 1741 3040 et
1766 2987 2032 3057 Opposita:
2055 2989 2105 3043 ei

2219 2987 2378 3057 ἁγίου
2430 2989 2804 3052 ὑποστάσεως.
2834 2989 2896 3042 οὑ
2939 2989 3160 3056 πλείους
3209 2997 3475 3050 ποιεῖται

531 3075 808 3148 adjuncta:
827 3076 947 3147 ejus
970 3089 1262 3146 personam
1293 3075 1681 3144 multiplicant.
1712 3074 1795 3132 Ob
1831 3077 1886 3131 id
1917 3093 2110 3150 unum,

527 3183 589 3224 se
631 3165 932 3237 ingenitum
957 3180 1100 3226 esse,
1122 3180 1356 3235 persona
1387 3165 1569 3219 Patris
1589 3179 1620 3218 a
1648 3163 1876 3221 Filio'et
1903 3165 2118 3237 Spiritu

531 3269 726 3314 sancto
767 3258 1009 3329 perfecte
1039 3256 1432 3326 distinguitur;
1474 3265 1530 3310 et
1564 3255 1764 3312 deinde
1792 3259 1863 3312 ob
1887 3275 2120 3330 genera-

541 3351 749 3404 tionem
781 3349 906 3404 Filii
935 3348 1132 3402 iterum
1157 3347 1535 3417 distinguitur,
1567 3347 1661 3402 sed
1685 3349 1984 3418 perfectior
2006 3370 2118 3411 non

542 3451 626 3496 est
679 3456 937 3512 persona,
986 3454 1166 3509 neque
1213 3454 1341 3494 vere
1385 3438 1664 3493 diceretur
1713 3439 1946 3498 duarum
1998 3460 2121 3502 esse

534 3547 917 3606 personarum.
964 3529 1223 3598 Quinimo
1265 3529 1398 3600 quid
1440 3529 1699 3586 diceretis
1739 3532 1808 3588 de
1854 3533 2026 3590 solius
2065 3547 2123 3593 et

533 3623 804 3695 simplicis
825 3623 1065 3678 hominis
1088 3637 1346 3693 persona,
1385 3622 1540 3678 verbi
1566 3625 1738 3695 gratia
1762 3626 1950 3682 Pauli?
1971 3626 2123 3684 Nun-

538 3717 672 3788 quid
703 3715 963 3772 omnibus
990 3714 1304 3771 visibilihus
1331 3723 1388 3771 et
1413 3715 1684 3772 localibus
1707 3717 2124 3775 characteribus

541 3815 654 3864 tota
693 3809 813 3880 ejus
847 3823 1083 3878 persona
1120 3807 1506 3878 dignoscitur?
1539 3808 1798 3878 Nunquid
1839 3809 2022 3866 anima
2066 3821 2125 3867 et

540 3897 810 3969 corpore?
835 3897 1094 3968 Nunquid
1129 3911 1238 3950 non
1268 3896 1546 3952 diversis?
1572 3897 1826 3952 Attamen
1861 3912 1974 3952 non
1999 3898 2124 3955 ideo

541 3988 682 4044 duas
725 3988 894 4044 habet
933 3986 1240 4059 personas?
1281 3986 1545 4054 Quamvis
1569 3985 1716 4041 enim
1741 3997 1897 4042 extra
1925 4002 2128 4058 corpus

545 4089 738 4148 raptus
787 4078 860 4133 sit
906 4093 1081 4148 usque
1109 4077 1177 4132 ad
1217 4077 1442 4132 tertium
1474 4077 1698 4144 coelum,
1733 4079 2010 4149 verbaque
2041 4080 2128 4133 in-

543 4169 732 4224 audita
757 4176 943 4224 mente
990 4167 1252 4231 audierit,
1298 4167 1524 4224 eosdem
1553 4167 1756 4224 locales
1784 4178 1842 4224 et
1881 4169 2128 4226 visibiles

543 4261 752 4316 limites
777 4260 1048 4330 corporis,
1078 4267 1136 4315 et
1161 4260 1478 4330 spirituales
1512 4259 1709 4316 animae
1736 4260 1952 4326 habuit,
1987 4276 2127 4332 quos

2221 3077 2422 3150 ἑαυτῷ,
2470 3079 2642 3145 οὑτως
2687 3081 2810 3134 οὑδὲ
2851 3081 3058 3152 ἑτέρων
3110 3081 3451 3154 ἰδιωμάτων
3501 3087 3773 3157 προσθέσεις

2221 3171 2485 3226 πλειόνων
2514 3173 2609 3226 καὶ
2636 3173 3032 3244 ἀντικειμένων
3062 3173 3426 3244 πληθύνουσι
3452 3178 3556 3248 τὴν
3585 3178 3771 3231 ὑπόπι-

2223 3282 2309 3319 σιν
2339 3266 2507 3320 αὑτοῦ
2533 3282 2548 3297 ο
2579 3266 2674 3320 καὶ
2699 3265 2778 3337 τῷ
2805 3265 2915 3336 γὰρ
2939 3267 3224 3340 ἀγεννήτῳ
3254 3269 3606 3342 διαφέρουσι
3633 3269 3771 3340 μάθω.

2222 3357 2443 3420 τελείως
2477 3355 2764 3428 διώρισται
2798 3359 2832 3427 ή
2860 3359 3164 3422 ὑπόστασις
3195 3361 3298 3414 τοῦ
3341 3363 3565 3434 [ἰατρὸς
3599 3359 3768 3430 sinsi

2223 3447 2359 3501 Υἱοῦ
2395 3447 2608 3502 καὶτοῦ
2645 3447 2800 3516 ἁγίου
2831 3447 3149 3519 Πνεύματος
3183 3465 3198 3480 ·
3237 3454 3342 3504 καὶ
3383 3452 3470 3524 τῷ
3519 3447 3770 3522 γεννητιῑᾷ

2222 3539 2280 3593 δὲ
2342 3540 2910 3612 προσδιακεκριμὲνη,
2939 3539 3066 3594 οὔτε
3126 3541 3463 3616 τελεωτέρα
3497 3549 3640 3600 ἐστὶν
3677 3543 3770 3596 zizi-

2225 3644 2439 3691 στασις,
2467 3625 2592 3682 οὑτε
2622 3629 2717 3682 δύο
2751 3617 3081 3694 ὑποστάσεις
3101 3629 3325 3696 λέγοιτο
3353 3633 3429 3687 ἄν
3453 3654 3564 3690 τινι
3581 3632 3770 3705 ἀληθὲς-

2238 3719 2400 3772 Ἀλλά
2433 3720 2566 3790 πρὸς
2591 3723 2826 3784 τούτοις,
2855 3721 2909 3774 τι
2935 3721 3002 3776 ἂν
3033 3722 3242 3776 εἴποιτε
3276 3728 3379 3778 καὶ
3413 3729 3554 3797 περὶ
3589 3731 3675 3797 τῆς
3703 3728 3770 3779 ἐν·

2227 3809 2450 3880 ορώπου
2511 3812 2676 3881 μόνου
2722 3813 2884 3883 ψιλοῦ
2938 3815 3324 3882 ὑποστάσεως,
3361 3819 3591 3875 Παύλου
3611 3820 3768 3888 τυχόνῑ

2227 3897 2337 3972 ἄρα
2394 3902 2506 3974 γὰρ
2559 3905 2777 3975 ὁρατοῖς
2828 3906 2964 3959 πᾶσι
2994 3907 3091 3961 καὶ
3121 3912 3378 3974 τοπικοῖς
3440 3911 3769 3984 περιορισρά

2225 3997 2342 4058 τοῖς
2371 3993 2540 4048 αὑτοῦ
2575 3997 2608 4066 ή
2643 3996 2944 4062 ὑπόστασις
2973 3997 3140 4052 αὑτοῦ
3167 4002 3323 4054 πᾶσα
3352 4001 3768 4072 διαγινώσκετκὶ

2225 4085 2372 4156 ψυχῇ
2395 4103 2455 4140 τε
2484 4085 2603 4157 ἅμα
2633 4089 2729 4142 καὶ
2759 4087 2835 4158 τῷ
2867 4088 3118 4161 σώματι;
3148 4091 3182 4164 ἢ
3208 4092 3377 4162 δῆλον
3393 4095 3479 4158 ὡς
3509 4096 3766 4166 διασύροςὶ

2229 4177 2341 4232 Καὶ
2365 4177 2515 4248 ὅμως
2546 4178 2608 4232 οὑ
2641 4196 2714 4232 πει
2723 4179 2791 4249 ρὰ
2818 4179 2938 4233 τόδε
2963 4179 3212 4249 διάφοροι
3239 4183 3589 4250 ὑποστάσεις
3618 4181 3743 4238 αῡςεὶ

2232 4265 2336 4320 κᾶν
2375 4266 2484 4337 γὰρ
2516 4266 2678 4331 ἐκτὸς
2703 4267 2796 4320 τοῦ
2821 4266 3076 4338 σώματος
3114 4271 3347 4344 ἡρπάγη
3371 4274 3486 4336 ἕως
3524 4277 3688 4346 τρίτα-υ
3707 4273 3766 4324 ςέ-

550 4353 774 4409 Petrus.
815 4359 872 4406 et
917 4347 1115 4419 reliqui
1165 4349 1447 4414 homines,
1491 4349 1726 4404 alterum
1773 4347 2105 4420 privilegiuu

2233 4359 2397 4431 ρανοὺ
2458 4361 2554 4413 καὶ
2601 4361 2838 4432 ἤκουσεν
2861 4360 3081 4434 ἄρρητα
3139 4364 3368 4432 ῥήματα
3391 4369 3464 4436 τῇ
3495 4368 3659 4438 ψυχῇ,
3680 4365 3764 4420 τούς

547 4456 656 4495 non
681 4439 892 4502 habuit,
927 4438 1024 4493 sed
1053 4437 1107 4493 in
1139 4438 1330 4494 eadem
1363 4452 1594 4508 persona
1627 4439 1955 4507 permansit,
1993 4438 2123 4492 tuit-

549 4544 656 4601 que
689 4543 872 4582 unius.

621 4935 758 4994 Cum
781 4935 1131 5009 agnoscimus
1151 4938 1459 4995 bonitatem
1486 4937 1606 5003 Dei,
1636 4938 1737 5010 qui
1757 4939 1920 4996 docet
1947 4939 2094 4997 hami
2118 4969 2132 4981 ο

551 5046 680 5085 uem
725 5029 1033 5094 scientiam,
1077 5029 1171 5100 qui
1205 5030 1392 5086 erudit
1430 5029 1782 5100 insipientes,
1827 5029 1934 5086 hoc
1980 5045 2130 5086 som-

553 5121 707 5178 nium
753 5120 1055 5175 obscurum
1091 5134 1485 5190 proponemus.
1529 5118 1827 5175 Nobiscum
1863 5119 2008 5174 enim
2047 5119 2132 5174 lo-

555 5223 716 5269 cutus
743 5221 828 5267 est
853 5210 1052 5282 aliquis
1075 5210 1250 5266 forma
1278 5211 1514 5282 nigrior,
1540 5209 1742 5268 vestitu
1766 5210 1856 5280 pie
1881 5209 2130 5272 indutus,

559 5320 812 5374 querens
857 5319 926 5360 an
971 5304 1238 5358 Dominus
1283 5303 1358 5358 sit
1394 5303 1540 5358 Deus
1585 5303 1760 5356 solum
1801 5309 2016 5361 natura,
2063 5316 2132 5356 an

557 5408 615 5454 et
639 5396 1038 5455 subsistentia?
1077 5395 1134 5450 Si
1167 5395 1281 5450 sola
1308 5405 1506 5450 natura
1537 5403 1620 5448 est
1643 5394 1808 5454 Deus.
1827 5392 1913 5447 vel
1945 5391 2130 5455 homo,

558 5493 644 5544 vel
663 5489 869 5560 aliquid
887 5488 1036 5542 aliud
1060 5487 1168 5542 erit
1195 5499 1454 5557 persona,
1473 5485 1558 5538 vel
1591 5481 1971 5554 impersonalis
1991 5481 2122 5536 erit.

632 5630 672 5662 ⁸⁸
702 5633 820 5683 Act.
895 5649 932 5698 ι,
971 5633 1051 5687 tl.
1129 5631 1172 5662 ”
1203 5631 1412 5694 Λοι.ιιι,
1435 5629 1524 5684 2!.

2227 4469 2288 4504 τε
2326 4453 2587 4515 τοπικοὺς
2635 4453 2732 4505 καὶ
2763 4454 2996 4523 όρατοὺς
3039 4453 3366 4526 διορισμοῦς
3404 4457 3513 4510 τοῦ
3549 4461 3762 4526 magno;

2230 4544 2325 4594 καὶ
2349 4541 2476 4605 τοὺς
2503 4543 2727 4608 νοητοὺς
2751 4541 2852 4613 τῆς
2877 4542 3058 4614 ψυχῆς
3077 4542 3346 4609 ὡσαύτως
3371 4545 3523 4616 ἔχων
3553 4548 3670 4616 ape;
3695 4544 3763 4597 1E-

2229 4649 2358 4704 τρον
2378 4631 2474 4687 καὶ
2495 4633 2620 4696 τοὺς
2669 4633 2910 4698 λοιποὺς,
2949 4635 3048 4706 οὐχ
3085 4635 3280 4706 ἑτέραν
3317 4637 3451 4708 ἔσχε
3510 4636 3762 4702 διαστῶὲι.

2231 4725 2365 4779 ἀλλὰ
2402 4725 2504 4796 τῆς
2523 4725 2694 4794 αὐτῆς
2718 4728 2836 4780 ἐστι
2862 4727 2955 4782 καὶ
2973 4727 3147 4793 οὑτως
3174 4730 3540 4795 ὑποστάσεως
3566 4732 3693 4802 μιᾶς.

2836 4843 3088 4898 ΚΕΦΑΛ.
3117 4845 3222 4900 1Η’.

2315 4927 2478 4984 Ἀλλά
2527 4928 2623 4984 τοὺ
2681 4929 3026 4996 διδάσκοντος
3083 4934 3372 5004 ἄνθρωπον
3427 4939 3669 5004 γνῶσιν,
3703 4933 3767 4988 ni

2234 5021 2448 5092 ἄφρονα
2477 5021 2849 5088 συνετιζοντος
2899 5023 3037 5079 Θεοῦ
3067 5026 3169 5096 τὴν
3208 5027 3532 5100 άγαθότητιι
3561 5028 3768 5100 ἐξορθο-

2233 5113 2511 5184 γοὺμενοι,
2548 5115 2643 5168 καὶ
2667 5114 2729 5168 τὸ
2752 5114 2874 5169 κατ’
2898 5114 3034 5186 ὄναρ
3056 5117 3190 5188 ἡμῖν
3233 5119 3519 5192 ἀπορηθὲν
3543 5121 3767 5192 προθήπ

2237 5224 2356 5275 μιν.
2403 5207 2547 5276 Ἔφη
2576 5207 2686 5276 γάρ
2737 5223 2822 5270 τις
2849 5209 3014 5278 ἡμῖν,
3045 5210 3107 5264 τὸ
3162 5210 3265 5282 μὲν
3305 5208 3444 5276 εἶδος
3495 5209 3770 5285 μελάντερς

2235 5315 2373 5362 πως,
2409 5296 2471 5350 τὺ
2499 5299 2556 5351 δὲ
2606 5298 2791 5369 σχῆμα
2836 5298 3081 5365 εὐλαϐῶς
3117 5301 3682 5372 ὲπιστολιζόμενος,ὀ
3697 5298 3768 5356 liz'r

2237 5407 2352 5460 ριος
2383 5388 2515 5454 Θεδς
2536 5392 2601 5460 τῇ
2643 5391 2825 5459 φύσει,
2860 5392 2892 5461 ἢ
2934 5392 3030 5446 καὶ
3060 5397 3126 5464 τῇ
3181 5395 3509 5464 ὑποστάσει,
3547 5397 3770 5460 συνάγων

2233 5481 2312 5544 ὡς
2345 5481 2392 5533 ει
2437 5480 2535 5551 μὲν
2579 5481 2741 5550 μόνον
2765 5485 2833 5552 τῇ
2877 5482 3037 5551 φύσει
3067 5485 3190 5538 ἐστὶ
3233 5485 3386 5551 Θεὸς,
3422 5489 3490 5557 τῇ
3523 5483 3767 5538 om:
