3876 6310
50 241 151 299 577

977 237 1372 300 ΑΒΥΕΒΞΗΞ
1412 235 1963 299 NESTORIANOS.
2005 238 2213 300 -LIB.
2247 238 2330 297 ἱῙ.

3155 238 3289 300 ῙΓΠΒ
3350 250 3369 281 τ-

37 396 41 421 ,
73 349 356 422 ἄνθρωπος
388 350 420 421 ἧ
444 349 628 422 ἕτερόν
657 348 760 416 τιῆ
786 345 1155 408 ἀνυπόστατος
1178 344 1309 407 ὅλως
1341 344 1487 397 ἐστίν
1510 360 1523 373 ·
1552 344 1600 394 εί

1723 344 1765 399 Si
1801 362 1933 401 vero
1958 354 2014 401 et
2045 361 2279 417 persona
2312 355 2395 401 est
2443 347 2605 412 Dens,
2660 346 2745 399 vel
2787 346 2888 400 ista
2931 345 3040 401 erit
3083 352 3195 399 tota
3235 355 3291 398 et

40 444 64 495 ὲ
92 444 188 495 καὶ
222 443 518 495 ὑποστάσει
569 441 688 493 ἐστὶ
717 439 870 502 Θεὸς,
903 436 1055 507 ἤδη)
1100 437 1206 488 τινὶ
1260 435 1354 489 καὶ
1383 434 1564 506 τελείᾳ
1588 449 1599 460 ’

37 535 109 589 ιαὶ
156 534 265 587 ἰδοῦ
289 534 383 587 δύο
413 533 580 587 αὑτοῦ
617 533 672 585 αἱ
705 530 1054 592 ὑποστάσεις,
1084 527 1272 598 ὥσπερ
1308 523 1400 581 οῦν
1431 528 1522 579 καὶ
1546 528 1604 579 αἱ

38 630 246 690 φύσειςο
313 628 469 698 εἴπερ
521 625 657 697 μηδὲ
705 625 739 695 ἠ
795 622 1152 692 ἀνθρωπότης
1192 620 1355 673 αὑτοῦ
1405 620 1606 674 ἀνυπό-

38 737 230 780 ·τατο;-
263 719 295 788 ἢ
329 721 394 772 ὲκ
420 718 622 788 μέρους
652 716 823 785 αὐτῆς
860 714 958 783 τῆς
1013 714 1140 784 μιᾶς
1171 713 1334 764 αὑτοῦ
1365 711 1605 764 ὑποστά·

37 827 177 875 ῖεως,
207 811 320 862 ἔστι
349 809 480 871 Θεὸς
513 809 605 861 καὶ
638 809 705 877 τῇ
742 806 1042 859 ὑποστάσει
1065 820 1078 833 ⁸
1114 805 1267 856 ἔσται
1290 801 1382 855 οῦν
1410 801 1444 872 ἦ
1477 803 1605 854 άτι-

146 905 286 957 κατά
302 903 403 974 τὴν
431 902 507 965 ὡς
556 901 910 963 ὑποστάσεως
959 897 1058 967 τῆς
1094 895 1445 965 ἀνθρωπίνης
1492 893 1606 946 θεό-

38 997 201 1065 ἠταό
237 994 491 1066 Χριστὸς,
523 991 555 1063 ἢ
587 990 939 1062 ὑπερτέλειος
973 990 1067 1041 καὶ
1111 986 1380 1058 ὑπέρθεος
1410 987 1443 1056 ἡ
1484 984 1610 1038 ὑπό-

37 1103 210 1148 ςτασις
244 1082 504 1155 Χριστοῦ,
545 1083 683 1153 ὑπὲρ
714 1080 806 1134 τὸν
848 1080 1069 1149 Πατέρα
1103 1096 1162 1130 τε
1195 1080 1289 1130 καὶ
1304 1077 1365 1129 τὸ
1385 1074 1609 1145 Πνεῦμα

37 1177 114 1230 ιαὶ
169 1178 262 1230 τὸν
299 1176 472 1242 Λόγον
511 1173 811 1244 νυουμένη’
868 1171 963 1223 τοῦ
1010 1170 1120 1240 γὰρ
1162 1168 1291 1222 ἰδίου
1342 1167 1539 1237 μέρους
1582 1164 1610 1218 ὃ

37 1268 81 1338 ιν
140 1269 351 1330 τέλειος
396 1266 553 1332 Θεὸς,
594 1262 779 1335 μεῖζον
808 1259 981 1330 αὐτῆς
1032 1262 1066 1331 ή
1109 1258 1302 1328 ὁλότης
1339 1258 1456 1310 ἐστὶ
1487 1255 1609 1308 καθ’

37 1362 338 1415 ιπὸστασιν.
1116 1345 1131 1355 ’

82 1452 228 1505 Ἀλλ’
272 1454 478 1514 ἐκεῖνος
511 1450 608 1519 μὲν
657 1446 828 1501 ταῦτα
882 1445 1077 1505 εἰπὼν.
1123 1444 1216 1498 καὶ
1274 1441 1611 1513 συνταράξας

37 1544 170 1614 λμᾶς
205 1541 282 1611 τῷ
313 1542 524 1610 ἀπόρῳ,
551 1538 766 1604 ἀπέστη
794 1536 1107 1607 σκοτοδινίᾳ
1134 1534 1445 1605 περιϐαλών
1466 1549 1479 1562 ·
1516 1532 1611 1601 ὅρ-

37 1639 159 1709 )ρου
217 1635 274 1689 δὲ
305 1634 440 1704 πρὸς
502 1633 558 1685 τὸ
588 1631 703 1699 φῶς
732 1630 793 1683 τὸ
850 1627 1100 1699 ἀληθινὸν
1124 1627 1612 1695 άποσκοπὴσαντες

1708 438 1975 508 perfecta,
2019 446 2073 492 et
2116 438 2215 509 ipsi
2255 438 2377 493 duae
2407 445 2571 493 erunt
2607 452 2875 507 persona‘,
2910 436 3135 491 totidem
3161 443 3295 505 quot

1709 538 1940 593 naturaa,
1972 546 2097 584 cum
2134 530 2443 602 personalis
2464 539 2809 599 supponatur
2831 529 3182 592 humanitas;
3211 527 3293 579 vel

1708 621 1876 674 etiam
1915 621 1969 675 in
2002 636 2234 692 persona
2266 622 2409 676 Deus
2448 620 2575 686 erit,
2618 620 2715 675 sed
2750 636 2849 691 pro
2887 628 3042 689 parte
3084 627 3294 673 tantum

1710 712 1878 784 hujus
1919 715 2084 769 unius
2121 728 2394 786 persomc,
2445 714 2635 784 sicque
2670 712 2923 768 Christus
2964 712 3300 781 imperfecta:

1712 806 2024 861 divinitatis
2053 806 2373 873 habebitur,
2403 822 2502 876 per
2529 806 2826 860 humanam
2853 820 3145 877 personam
3171 804 3302 858 sub-

1712 898 1999 966 sistentis;
2053 909 2150 955 aut
2208 900 2501 969 plusquam
2550 899 2795 969 perfecta
2842 909 2900 954 et
2945 898 3133 953 divina
3193 899 3302 951 erit

1706 988 1921 1045 Christi
1950 1006 2187 1061 persona
2220 1007 2386 1055 supra
2420 991 2638 1045 Patrem
2683 1000 2738 1044 ct
2776 991 3043 1062 Spiritqu
3083 1000 3140 1045 et
3167 990 3303 1045 Ver-
3353 1038 3359 1043 .

1713 1080 1844 1134 hum
1888 1083 2253 1137 aestimanda:
2298 1099 2488 1138 revera
2539 1098 2750 1138 summa
2802 1086 2923 1155 ejus
2969 1086 3143 1157 major
3178 1100 3303 1155 pcr-

1713 1189 1847 1228 sona
1872 1185 1956 1229 est
1997 1185 2151 1245 parte
2184 1175 2542 1245 .particulari,
2576 1177 2828 1246 quaajam
2857 1176 3133 1245 perfectus
3155 1177 3301 1231 Deus

1713 1268 2036 1321 exsistebat.

1785 1448 1915 1514 Qua:
1945 1464 2068 1504 cum
2099 1449 2349 1515 dixisset,
2385 1464 2597 1520 nosque
2641 1449 2977 1503 obscuritate
3023 1448 3300 1503 turbaris-

1717 1548 1823 1602 sct,
1858 1549 1914 1594 et
1946 1540 2215 1610 vertigine
2244 1540 2590 1604 involvisset,
2631 1538 2787 1593 abiit.
2830 1539 2900 1593 Et
2935 1538 3114 1608 primo
3142 1554 3301 1593 tuane

1716 1631 1783 1684 ad
1814 1632 1998 1686 lumen
2026 1622 2218 1686 verum
2267 1632 2598 1710 aspicientes
2634 1631 2766 1699 quid
2809 1630 3036 1685 daretur
3070 1639 3125 1684 et
3162 1629 3304 1700 adji-

37 1726 377 1797 ςῑδοθήσεται
414 1724 506 1777 καὶ
541 1723 592 1775 τί
631 1720 1063 1794 προστεθήσεται
1100 1720 1231 1789 ἡμῖν
1264 1717 1400 1788 πρὸς
1442 1714 1614 1782 γλῶσ-

1723 1733 1942 1777 ceretur
1991 1722 2258 1777 adversus
2315 1722 2561 1791 linguam
2612 1721 2885 1794 dolosam,
2923 1720 3304 1791 cogitabamus

37 1837 118 1875 ταν
149 1818 348 1883 δολίαν,
383 1814 748 1884 ἐθεωροῦμεν,
780 1812 855 1875 ὡς
875 1811 936 1864 τὸ
960 1811 1105 1875 Θεὸς
1131 1808 1347 1880 πρῶτον
1378 1807 1474 1877 μὲν
1505 1822 1609 1873 φυ-

37 1913 180 1965 τικὸν
208 1911 381 1980 ὅνομά
406 1912 579 1970 ἐστιν,
612 1906 804 1959 οὐσίαν
841 1901 1072 1971 πρώτως
1110 1904 1200 1956 καὶ
1225 1900 1285 1954 οὑ
1319 1898 1612 1970 πρόσωπον

37 2004 285 2074 ςημαίνον
306 2018 319 2030 ο
350 1999 541 2069 ὥσπερ
572 1997 662 2050 καὶ
690 1997 751 2049 τὸ
790 1996 1119 2064 ἅνθρωπος,
1152 1993 1212 2045 οὑ
1248 1992 1347 2061 τὴν
1373 1989 1611 2041 ὑπόστα-

37 2113 104 2147 rw
145 2093 381 2153 Παύλου,
416 2090 553 2143 ἀλλὰ
600 2088 696 2158 τὴν
727 2087 891 2156 φύσιν
912 2087 1084 2155 λέγει,
1116 2084 1195 2138 ἐνί
1223 2101 1282 2137 τε
1313 2083 1407 2135 καὶ
1446 2079 1613 2133 παντὶ

37 2189 109 2239 εαί
143 2186 246 2254 ἰδίᾳ.
280 2185 515 2252 ἑκάστῳ,
547 2183 642 2234 καὶ
670 2182 824 2251 κοινῇ
850 2181 1018 2233 πᾶσιν
1040 2175 1349 2247 ἀνθρώποις
1384 2191 1612 2244 προστι-

37 2277 251 2348 ιέμενόν
286 2278 453 2334 ἐστιν,
484 2275 623 2345 ὅπερ
648 2274 708 2325 τὸ
740 2271 1001 2341 Παῦλοςῆ
1055 2269 1260 2338 Πέτρος
1283 2267 1453 2336 ὄνομα
1481 2267 1615 2319 ὑπο-

37 2373 265 2433 στάσεως
288 2370 387 2421 οὑκ
420 2372 560 2437 ἔχει·
605 2366 723 2428 πῶς
774 2364 867 2417 οῦν
896 2362 1121 2417 δυνατὸν
1151 2361 1214 2413 τὸ
1275 2359 1409 2413 αὑτὸ
1461 2358 1525 2411 ἐκ
1553 2373 1612 2410 τε

37 2464 111 2515 τοῦ
161 2463 323 2529 λόγου
364 2463 461 2529 τῆς
519 2458 757 2527 φύσεως,
790 2458 885 2509 καὶ
908 2458 971 2507 ἐκ
1011 2453 1294 2522 τοῦλόγου
1350 2451 1451 2522 τῆς
1483 2451 1616 2504 ὑπο-

37 2557 269 2615 ττάσεως
300 2553 577 2622 διαιρόρως
614 2550 709 2603 τοῦ
772 2547 939 2601 αὐτοῦ
997 2543 1457 2617 κατηγορεῖσθαι;
1493 2543 1615 2595 Ἔτι

37 2648 134 2718 ,τὴν
194 2646 336 2697 κατὰ
372 2645 432 2696 τὸ
477 2642 704 2710 φυσικὸν
742 2640 934 2709 ὃνομα,
983 2638 1239 2709 ὁμοιότης
1293 2636 1440 2697 τινὸς
1478 2634 1616 2704 πρός

37 2740 149 2793 τινά
183 2737 298 2789 ἐστί
342 2749 506 2788 ποτε·
551 2733 694 2786 κατᾶ
736 2731 791 2784 δὲ
811 2732 874 2784 τὸ
924 2728 1307 2792 ὑποστατικὸν,
1355 2724 1612 2795 ἑτερότης

38 2831 190 2897 μόνον
211 2846 225 2857 ·
258 2829 308 2880 εί
340 2822 432 2880 οῦν
459 2826 519 2880 τὸ
553 2824 697 2891 Θεὸς
735 2824 829 2876 καὶ
879 2820 1110 2891 φυσικὸν
1140 2820 1235 2873 καὶ
1267 2814 1619 2887 προσωπικὸν

37 2924 197 2993 ινομα
246 2920 322 2991 τῷ
379 2917 622 2991 Χριστῷ,
672 2916 815 2971 κατὰ
847 2915 907 2968 τὸ
935 2914 1067 2967 αὐτὸ
1114 2913 1223 2982 ἄρα
1267 2911 1437 2979 ὸνομα
1483 2909 1518 2978 ἦ
1558 2923 1618 2959 τε

37 3013 281 3083 ὅμοιότης
312 3010 461 3081 αὑτῷ
520 3012 613 3063 καὶ
673 3010 954 3079 ἑτερότης,
987 3007 1023 3075 ἧ
1061 3005 1200 3075 πρὸς
1232 3003 1300 3056 τά
1326 3001 1492 3054 λοιπὰ
1526 2998 1618 3051 δύο

37 3061 703 3171 ῡιεία-νόεῖταινοιέτιήμὴν
743 3061 791 3152 εί
834 3061 1059 3169 μέλ-’δία
1106 3061 1214 3164 ’τὴν
1245 3093 1404 3163 φύσιν
1466 3092 1615 3162 καὶὴ
1647 3061 1691 3120 C

37 3201 327 3260 ὒπόστασις
355 3197 511 3260 Θεὸς,
551 3194 689 3248 ἀλλὰ
732 3194 827 3247 καὶ
874 3190 962 3244 διὰ
986 3190 1079 3242 τὸν
1133 3188 1263 3241 ἴδιον
1290 3187 1447 3254 λόγον
1478 3185 1617 3252 ἐστὶ,

39 3290 120 3343 Ξύο
148 3289 366 3358 Θεότησι
392 3286 524 3348 Θεὸς
555 3287 583 3338 ό
609 3281 845 3355 Χριστός
867 3296 882 3313 ο
924 3277 1123 3348 ὁμοίως
1154 3275 1210 3328 δὲ
1249 3276 1342 3327 καὶ
1364 3274 1392 3325 ὁ
1431 3270 1620 3341 Πατὴρ

39 3382 122 3436 καὶ
146 3379 206 3432 τὸ
235 3377 458 3448 Πνεῦμα
489 3376 548 3429 τὸ
581 3375 768 3441 ἆγιονυ
797 3371 880 3425 ἔτι
907 3369 963 3439 δὲ
995 3370 1044 3421 εί
1077 3369 1111 3438 ἦ
1133 3384 1191 3419 τε
1221 3365 1403 3429 οὐσία,
1434 3363 1528 3416 καὶ
1565 3362 1620 3413 αἱ

39 3474 181 3543 τρεῖς
211 3470 543 3531 ὑποστάσεις
565 3468 664 3535 τῆς
692 3465 852 3533 ἁγίας
875 3461 1105 3533 Τριάδος
1137 3458 1342 3528 ἑκάστη
1377 3455 1470 3522 ἀφ’
1491 3456 1620 3506 ἐαυ-

39 3569 126 3637 ιῆς
156 3563 375 3631 λέγεται
399 3561 554 3625 Θεὸς,
580 3560 849 3627 τέσσαρες
881 3554 997 3608 θεοὶ
1022 3549 1132 3606 εἷεν
1156 3552 1288 3621 ἡμῖν
1309 3546 1511 3614 συναγό
1519 3563 1618 3614 με-

39 3673 109 3708 νοι
142 3654 363 3721 σαφῶς
403 3650 538 3720 πρὸς
564 3649 622 3701 δὲ
652 3647 885 3709 τούτοις,
916 3643 1040 3699 ἐπεὶ
1090 3643 1123 3712 ἡ
1161 3640 1321 3708 φύσις
1348 3652 1623 3710 περιεκτιο

39 3745 253 3817 νεωτέρα
283 3760 345 3796 τε
381 3744 476 3796 καὶ
498 3740 783 3809 κοινοτὲρα
808 3736 915 3789 τῶν
957 3732 1310 3787 ὑποστάσεών
1339 3731 1455 3782 ἐστι
1475 3744 1490 3761 ο
1527 3730 1624 3782 καὶ

39 3842 65 3909 η
93 3838 236 3889 κατὰ
265 3833 494 3903 φυσικὸν
522 3832 681 3901 λόγον
703 3830 919 3898 θεότης,
952 3827 1155 3898 μείζων
1183 3824 1364 3877 ἔσται’
1395 3818 1505 3892 ἆρα
1529 3818 1623 3874 οὖν

39 3927 239 3998 μείζων
290 3925 423 3988 Θεὸς
485 3926 550 3977 ἐκ
586 3922 688 3992 τῆς
726 3921 965 3991 φύσεως,
1016 3918 1111 3972 καὶ
1142 3917 1379 3970 ἐλάττων
1426 3917 1488 3966 ὲκ
1522 3911 1625 3981 τῆς

39 4017 391 4077 ὅποστάσεως
421 4017 449 4068 ὁ
471 4008 707 4084 Χριστὸς
732 4012 893 4074 αὐτὸς
927 4006 1123 4062 ἑαυτοῦ
1149 4006 1508 4076 νοηθήσεται;
1533 4001 1625 4053 ἐπὶ

39 4110 93 4162 δὲ
120 4110 287 4162 πᾶσιν
317 4108 366 4159 εί
389 4110 417 4159 ὁ
444 4106 616 4174 Λόγος
652 4105 820 4173 ἦγουν
848 4104 882 4172 ἠ
912 4102 1209 4163 ὑπόστασις
1260 4095 1355 4149 τοῦ
1386 4091 1623 4167 Χριστοῦ

39 4201 131 4255 καὶ
160 4198 299 4253 καθὸ
323 4198 495 4265 Λόγος
517 4197 635 4249 ἐστὶ
674 4196 769 4249 καὶ
801 4195 948 4261 Υἱὸς,
1000 4192 1132 4254 Θεὸς
1162 4188 1384 4259 νοηθείη
1414 4185 1623 4252 ἁπλῶς,

39 4300 125 4348 καὶ
156 4293 220 4345 οὑ
253 4294 321 4362 τῇ
352 4288 767 4359 ὲνοεωρουμένῃ
818 4283 966 4354 αὑτῷ
1011 4283 1171 4353 οὐσίᾳ
1199 4280 1363 4335 αὑτοῦ
1422 4278 1624 4331 τοιόνδε

39 4386 209 4456 ενομα
236 4382 397 4453 μόνον
424 4378 832 4451 σφετερίζεται·
863 4378 984 4430 ἐπεὶ
1003 4378 1031 4430 ὁ
1056 4375 1245 4446 Πατὴρ
1260 4371 1543 4445 προδήλως
1564 4373 1625 4424 οὑ

39 4476 207 4542 Λόγος
235 4471 357 4525 οὑδὲ
389 4470 541 4535 Υἱὸς,
574 4469 736 4539 ⁵ἔσται
763 4467 873 4540 ἄρα
905 4466 1027 4520 οὐδὲ
1053 4464 1263 4537 Θεὸς,ἢ
1298 4465 1358 4518 οὐ
1381 4461 1619 4517 τοιόσδε·

39 4564 237 4634 ὁμοίως
261 4563 358 4618 καὶ
382 4562 445 4615 τὸ
480 4560 705 4632 Πνεῦμα
733 4560 795 4613 τὸ
820 4561 976 4628 ἆγιον
998 4574 1011 4587 ·
1065 4558 1161 4628 μία
1194 4552 1287 4611 οῦν
1315 4555 1499 4628 ὁμοία,
1533 4556 1625 4609 καὶ

42 4661 193 4729 τρεῖς
221 4657 473 4728 διάφοροι
532 4654 786 4726 θεότητες
809 4669 822 4682 ·
874 4652 969 4705 καὶ
998 4651 1229 4704 ἕκαστον
1262 4648 1405 4702 θεῖον
1453 4647 1624 4719 πρόσ-

41 4766 205 4814 ωπον,
237 4749 490 4803 σύνθετον
513 4748 577 4800 ἐκ
605 4746 699 4800 δύο
727 4745 997 4815 θεοτήτων
1025 4741 1319 4814 διαφόρων,
1366 4740 1494 4811 μιᾶς
1526 4737 1625 4808 μὲν

41 4841 256 4912 ὁμοίας,
316 4841 509 4910 ἑτέρας,
569 4839 627 4891 δὲ
682 4837 970 4909 ἀνομοίουο
1028 4837 1077 4889 εί
1133 4834 1189 4893 δὲ
1231 4832 1404 4887 ταῦτα
1444 4830 1626 4884 πάντα.

41 4935 237 4995 Ξτοπα,
263 4932 421 5000 δῆλον
454 4931 529 4992 ὡς
562 4932 628 4985 ἐκ
672 4930 889 4999 φύσεως
928 4929 1090 5001 μόνον
1128 4925 1261 4989 Θεός
1289 4942 1349 4977 τε
1401 4926 1429 4977 ό
1454 4925 1625 4992 Λόγος

41 5027 202 5095 ἠγουν
234 5028 263 5080 ό
296 5024 554 5094 Χριστὸς,
588 5026 683 5076 καὶ
706 5027 734 5077 ό
764 5023 977 5095 Πατὴρ,
1004 5023 1096 5077 καὶ
1122 5020 1183 5074 τὸ
1207 5018 1362 5088 ὅιγιον
1397 5018 1619 5089 Πνεῦμα

41 5118 288 5184 ἰκέγεταιο
316 5116 506 5187 ὥσπερ
532 5111 626 5170 οὖν
682 5115 778 5169 καὶ
826 5114 1115 5185 ἄνθρωπος
1169 5112 1198 5166 ὅ
1248 5128 1308 5164 τε
1336 5110 1500 5165 Δασὶδ
1529 5111 1622 5165 καὶ

41 5209 291 5279 Σολομῶν
312 5226 325 5238 ·
349 5207 475 5262 οὔτε
506 5209 615 5287 γὰρ
641 5208 676 5279 ἢ
701 5207 958 5278 Χριστὸς,
984 5206 1017 5275 ἢ
1044 5204 1233 5270 Δαὸὶδ,
1266 5204 1300 5277 ἢ
1333 5205 1621 5276 προφήτης

1711 1813 1817 1869 hoc
1840 1829 2061 1878 nomen,
2093 1815 2261 1879 Deus,
2282 1814 2350 1869 de
2375 1820 2573 1867 natura
2599 1812 3117 1879 essc,substantiam
3149 1814 3306 1884 prius

1714 1922 1822 1960 non
1866 1921 2158 1977 personam
2202 1907 2516 1979 designare,
2544 1906 2690 1962 sicut
2712 1921 2815 1959 vox
2845 1904 3009 1959 homo
3033 1921 3144 1959 non
3172 1921 3302 1975 per-

1714 2013 1907 2052 sonam
1936 1999 2114 2060 Pauli,
2140 2000 2236 2054 sed
2267 2009 2517 2054 naturam
2563 2000 2680 2071 ejus
2714 2008 2896 2061 vocat,
2939 2005 2995 2051 et
3031 1996 3148 2061 uni,
3188 1997 3306 2051 cui-

1713 2086 1871 2151 lihet,
1938 2087 2139 2158 cuique
2192 2088 2482 2142 individuo
2541 2096 2598 2142 et
2649 2087 2925 2141 universis
2984 2086 3306 2141 hominibus

1716 2187 1899 2245 potest
1940 2178 2140 2248 aptari,
2170 2177 2316 2247 quod
2342 2194 2452 2232 non
2485 2185 2569 2232 est
2591 2192 2746 2247 teque
2774 2176 3070 2231 dicendum
3112 2176 3180 2231 de
3218 2176 3306 2230 his

1717 2276 1970 2338 vocibus,
2011 2278 2229 2342 Petrus,
2265 2277 2491 2342 Paulus,
2517 2290 2807 2347 personam
2840 2274 3304 2345 signiﬁcantibus.

1718 2368 1980 2444 Quaergo
1998 2372 2209 2426 ratione
2227 2372 2333 2427 hoc
2352 2371 2546 2426 eodem
2568 2369 2738 2425 verbo
2755 2370 2870 2425 sive
2895 2380 3166 2435 naturam,
3189 2368 3307 2431 sive

1719 2481 2014 2538 personam
2057 2464 2356 2534 appellanti
2393 2465 2537 2518 idem
2576 2464 2885 2534 subjectum
2921 2462 3088 2518 variis
3128 2450 3307 2518 modis

1719 2559 1925 2629 poterit
1958 2556 2275 2628 designari?
2304 2557 2373 2611 Et
2401 2556 2625 2611 aliunde
2657 2565 2871 2611 naturae
2903 2570 3106 2609 nomen
3151 2554 3309 2609 simio

1721 2650 2012 2706 litudinem
2057 2649 2225 2703 unius
2254 2664 2378 2703 cum
2411 2648 2586 2704 altero
2626 2648 2856 2712 indicat,
2891 2646 3179 2715 personale
3207 2661 3307 2700 au-

1722 2751 1831 2797 tem
1873 2740 2092 2796 nonnisi
2129 2740 2524 2795 ditl‘erentiam.
2569 2740 2628 2794 Si
2664 2753 2797 2810 ergo
2829 2753 2961 2793 voce
2987 2739 3133 2792 Deus
3162 2737 3309 2792 desi-

1721 2834 1961 2903 gnantur
1990 2841 2189 2887 natura
2224 2841 2279 2887 et
2308 2847 2543 2902 persona
2577 2831 2805 2896 Christi,
2838 2831 2944 2885 hac
2978 2846 3086 2886 una
3111 2829 3310 2885 similis

1722 2919 1940 2974 duabus
1974 2920 2101 2974 aliis
2136 2920 2390 2988 personis
2436 2919 2661 2984 divinis,
2700 2927 2757 2973 et
2806 2918 3069 2974 differens
3110 2918 3181 2973 ab
3227 2917 3309 2989 eis

1726 3009 2069 3078 intelligitur.
2121 3009 2177 3063 Si
2222 3024 2334 3062 non
2378 3009 2555 3063 solum
2609 3016 2834 3078 propter
2884 3017 3160 3071 naturam,
3210 3007 3308 3061 sed

1723 3101 1890 3155 etiam
1936 3110 2162 3170 propter
2201 3085 2491 3171 proprium
2539 3116 2739 3155 nomen
2773 3100 2865 3155 illa
2897 3115 3133 3171 persona
3162 3100 3310 3156 Deus

1721 3201 1827 3255 est,
1868 3207 2001 3262 ergo
2034 3191 2251 3245 duabus
2285 3191 2675 3247 divinitatibus
2722 3192 2868 3248 Deus
2915 3190 3209 3263 Christus;
3252 3203 3309 3246 et

1723 3283 1868 3337 idem
1907 3283 2204 3337 dicendum
2231 3283 2300 3337 de
2326 3283 2487 3338 Patre
2517 3293 2575 3337 et
2616 3282 2824 3353 Spiritu
2863 3293 3074 3338 sancto.
3102 3283 3159 3338 Si
3192 3284 3309 3353 ipsa

1724 3374 2062 3441 substantia,
2104 3387 2160 3430 et
2200 3383 2311 3431 tres
2345 3390 2595 3445 personae
2618 3384 2821 3431 sanctae
2845 3374 3135 3430 Trinitatis
3162 3376 3310 3431 Deus

1723 3467 2007 3533 dicuntur,
2048 3482 2283 3538 quasque
2329 3476 2557 3537 propter
2604 3482 2664 3522 se
2689 3466 2884 3537 ipsam,
2915 3474 3029 3521 tum
3063 3465 3310 3537 profecto

1723 3572 1964 3627 quatuor
2007 3559 2142 3613 deos
2187 3558 2480 3614 habemus.
2530 3558 2600 3613 Et
2655 3558 2883 3629 insuper
2931 3573 3060 3614 cum
3113 3569 3313 3614 natura

1724 3650 1994 3720 majorem
2024 3648 2225 3704 habeat
2252 3649 2635 3704 cxtensioncm
2668 3660 2726 3703 et
2751 3650 3309 3719 comprehensionem

1723 3754 1890 3809 quam
1942 3753 2201 3807 persona,
2251 3738 2426 3806 major
2467 3737 2576 3790 erit
2616 3736 2711 3790 illa
2739 3736 3006 3792 divinitas
3042 3754 3165 3807 qua:
3213 3754 3314 3808 per

1726 3841 1981 3884 naturam
2010 3818 2335 3899 designatur
2369 3846 2382 3881 :
2414 3827 2663 3898 nunquid
2691 3842 2823 3898 ergo
2850 3826 3105 3882 Christus
3130 3828 3314 3898 seipso

1727 3922 1905 3991 major
1956 3921 2102 3976 Deus
2147 3935 2215 3974 ex
2265 3927 2490 3985 natura,
2521 3931 2579 3975 et
2616 3919 2798 3973 minor
2838 3934 2907 3975 ex
2934 3920 3214 3988 persona?
3248 3920 3315 3974 Et

1726 4014 1967 4069 maxime
2006 4013 2052 4068 si
2096 4013 2358 4079 Verbum,
2399 4028 2495 4067 seu
2538 4026 2775 4082 persona
2810 4010 3017 4067 Christi
3049 4010 3195 4065 Deus
3226 4010 3314 4064 in-

1730 4106 1995 4175 telligitur
2050 4104 2380 4173 simpliciter
2424 4104 2553 4174 quia
2598 4102 2842 4158 Verbum
2883 4112 2969 4158 est
3015 4111 3072 4157 et
3118 4101 3312 4165 Filius,

1728 4209 1909 4264 neque
1948 4211 2016 4250 ex
2060 4195 2367 4251 substantia
2398 4194 2454 4249 in
2484 4210 2552 4250 eo
2576 4193 2760 4249 habita
2798 4193 2903 4249 hoc
2929 4208 3129 4248 nomen
3156 4207 3315 4247 acce-

1727 4286 1809 4357 pit
1833 4303 1847 4352 ;
1886 4295 1943 4341 et
1973 4302 2098 4341 cum
2131 4288 2294 4342 Pater
2322 4301 2503 4357 neque
2529 4286 2791 4350 Verbum,
2820 4301 3000 4356 neque
3024 4285 3196 4340 Filius
3218 4288 3314 4346 sit,

1659 4397 1703 4453 ι)
1734 4382 1842 4434 erit
1891 4380 2062 4451 igitur
2110 4395 2221 4434 non
2275 4380 2443 4442 Deus,
2489 4380 2576 4435 vel
2630 4395 2740 4434 non
2792 4378 3026 4444 similis;
3067 4387 3126 4433 et
3170 4378 3311 4432 item

1727 4470 1971 4541 Spiritus
2015 4480 2258 4528 sanctus.
2302 4472 2420 4529 Una
2454 4486 2587 4545 ergo
2621 4470 2934 4527 communis
2972 4479 3032 4526 et
3065 4479 3181 4526 tres
3229 4469 3310 4524 di-

1725 4578 1900 4618 versae
1928 4564 2184 4619 essentia:
2227 4565 2459 4631 divinat;
2505 4579 2736 4635 (piaeque
2780 4579 3014 4635 persona
3058 4563 3245 4618 divina
3281 4579 3313 4617 c

1725 4656 1945 4713 duabus
1987 4658 2223 4713 diversis
2267 4654 2655 4715 divinitatibus
2697 4657 2994 4724 constabit,
3027 4673 3133 4712 una
3164 4673 3316 4712 com-

1729 4749 1908 4815 muni,
1949 4758 2006 4803 et
2048 4751 2220 4805 altera
2246 4751 2590 4821 particulari.
2625 4750 2758 4818 Qua:
2787 4750 2832 4805 si
2855 4749 3095 4806 absurda
3122 4750 3315 4803 viden-

1729 4851 1842 4909 tur,
1876 4852 2029 4914 patet
2052 4845 2166 4899 sola
2191 4853 2392 4899 natura
2420 4845 2592 4900 Deum
2616 4859 2738 4899 esse
2761 4844 3005 4899 Verbum
3031 4859 3127 4898 seu
3154 4841 3315 4897 Chric

1730 4940 1876 4988 stum
1927 4944 1985 4989 et
2031 4936 2249 4991 Patrem
2279 4945 2337 4991 et
2365 4934 2657 5005 Spiritum,
2687 4944 2749 4989 ut
2777 4934 2966 4989 videre
2997 4942 3082 4990 est
3110 4933 3179 4988 de
3204 4933 3309 4987 Da—

1730 5023 1844 5089 vid,
1893 5024 1963 5078 de
2018 5024 2313 5079 Salomone
2356 5024 2678 5082 hominibus
2706 5041 2719 5076 :
2752 5038 2864 5078 non
2893 5023 3168 5087 Christus,
3200 5038 3312 5077 non

1729 5112 1922 5177 David,
1962 5127 2073 5167 non
2117 5112 2390 5183 pr0pheta
2439 5122 2622 5169 estex
2663 5121 2895 5180 natura;
2925 5127 3106 5183 neque
3146 5111 3314 5166 homo

1732 5217 1908 5263 estex
1942 5225 2201 5279 persona,
2234 5209 2341 5266 nisi
2361 5209 2503 5266 forte
2537 5210 2878 5282 speculative
2906 5208 3205 5280 loquendo.

41 5305 147 5358 ἀπὸ
171 5305 272 5376 τῆς
299 5305 537 5376 φύσεως,
570 5304 696 5359 οὔτε
721 5304 1011 5374 ἄνθρωπος
1034 5303 1143 5360 ἀπὸ
1157 5304 1257 5374 τῆς
1276 5302 1631 5368 ὑποστάσεως
1668 5304 1989 5378 ὀνομάζοιτο
2017 5307 2083 5361 ἂν
2117 5307 2327 5372 ἁπλῶς,
2390 5310 2440 5362 εί
2506 5307 2585 5378 μὴ
2616 5307 2725 5379 ἄρα
2763 5306 2844 5379 τῷ
2870 5306 2971 5377 τῆς
3021 5302 3316 5374 ἑνΟεωρίας

41 5400 53 5450 ὶ
64 5402 195 5472 όγῳ.

640 5492 892 5551 ΚΕΦΑΛ.
925 5492 1026 5548 16'.

114 5579 265 5640 Πᾶσα
305 5582 490 5656 φύσις,
535 5586 702 5656 φασὶ,
758 5585 846 5638 διὰ
894 5584 1005 5638 τῶν
1056 5585 1410 5640 ὑποστάσεων
1453 5584 1623 5657 αὐτῆς

41 5689 335 5744 ιγνωσται·
365 5674 543 5739 οὐδεὶς
580 5677 691 5747 γὰρ
722 5670 866 5730 οἶδεν
896 5676 1192 5746 ἱππότητα,
1231 5677 1306 5749 μὴ
1334 5677 1498 5746 γνοὺς
1525 5676 1622 5731 ίδι·

362 5774 636 5835 Ριτιιοι.
686 5775 806 5836 Gn.
846 5774 1190 5839 LXXXVI.

2351 5496 2503 5552 CAP.
2536 5495 2678 5553 XIX.

1804 5585 1912 5643 Sed
1946 5589 2128 5644 omnis
2157 5598 2378 5655 natura,
2414 5589 2696 5660 inquiunt,
2732 5603 2799 5645 ex
2830 5603 2929 5644 sua
2956 5597 3192 5657 persona
3220 5598 3317 5636 co-

1732 5677 2056 5747 gnoscitur:
2094 5680 2338 5750 equitem
2378 5694 2542 5736 nemo
2576 5679 2833 5753 cognovit
2868 5678 2974 5734 nisi
3015 5676 3173 5749 prius
3214 5672 3316 5729 ιιο-

2880 5774 2958 5834 50
