3876 6310
106 255 247 322 1531

1037 263 1431 327 ADVERSUS
1471 267 2018 360 NESTORIANOS.
2057 295 2129 305 -
2160 272 2309 333 LIB.
2352 272 2435 332 ΙΙ.
2524 292 2529 307 ι

3233 270 3369 336 1.582

105 371 296 442 σάρκα
325 372 512 437 αὑτοῦ,
555 376 648 430 καὶ
695 376 1055 449 ἐψυχωμένην
1076 375 1239 442 εἶναι,
1291 380 1387 433 καὶ
1417 379 1511 433 τοῦ
1548 379 1694 434 θείου

1801 379 1969 435 Verbi
1997 380 2095 435 Dei
2147 382 2330 436 anima
2383 384 2639 439 rationali
2685 392 2743 439 et
2779 384 3053 454 cogitante
3086 382 3365 453 praeditam

102 461 291 529 Λόγου
323 464 501 535 σάρκα
539 463 678 520 εἶναι
708 468 1066 540 ὲψυχωμένην
1099 470 1244 541 ψυχῇ
1276 470 1467 542 λογικῇ
1515 488 1575 524 τε
1601 470 1695 524 καὶ

103 555 281 624 νοερᾷ
303 572 316 586 ·
350 555 471 608 οὔτε
514 557 621 627 γάρ
672 558 863 628 χρόνου
904 560 1040 630 πρὸς
1071 561 1422 634 κατάπραξιν
1449 560 1559 616 τῶν
1590 561 1693 631 τῆς

102 645 361 709 εὐδοκίας
402 649 567 702 αὑτοῦ
596 650 773 705 δεῖται
814 655 842 706 ὁ
885 653 1325 724 Παντοδύναμος,
1361 653 1486 708 οὔτε
1531 655 1693 722 λόγον

105 737 259 806 ἔχειν
286 738 383 809 τὴν
409 741 470 793 ὲκ
496 741 730 808 πίστεως
757 743 919 813 λόγου
954 746 1218 815 σύλληψιν
1247 747 1341 799 καὶ
1366 745 1562 816 κύησιν
1590 746 1692 816 τῆς

109 829 395 898 μακαρίας
423 832 698 902 Παρθένου
721 839 1093 908 πιστευσάσης
1149 840 1230 892 ὅτι
1264 838 1457 892 Ἔσται
1478 837 1692 891 τελείω-

107 935 197 981 σις
213 922 326 983 τοῖς
350 920 737 994 λελαλημένοις
758 927 895 997 αὑτῇ
920 930 1071 999 παρὰ
1096 930 1323 1000 Κυρίου,
1357 929 1498 1000 ὑπὲρ
1511 930 1691 983 πᾶσαν

105 1010 306 1065 ἐλπίδα
333 1014 427 1065 καὶ
458 1013 668 1070 ἔννοιαν
692 1018 786 1071 καὶ
810 1018 975 1088 φύσιν
1002 1017 1173 1086 οὖσιν,
1206 1019 1410 1088 ὁμοίως
1439 1018 1687 1088 προϊέναι

105 1101 231 1158 ταῖς
274 1090 387 1155 τῶν
420 1107 750 1174 σωματικῶν
809 1109 1141 1178 σπερμάτων
1200 1107 1568 1164 τελειώσεσιν.
1622 1110 1690 1164 Ἦ

109 1192 212 1260 μὲν
234 1194 342 1263 γὰρ
379 1198 459 1260 εἰς
494 1198 671 1268 σάρκα
694 1201 892 1270 σπορὰ,
927 1202 992 1253 ἐκ
1017 1200 1320 1272 θελήματος
1346 1202 1547 1273 σαρκός
1574 1204 1689 1255 ἐστι

106 1282 440 1354 διωθηθεῖσα
494 1290 629 1361 σὰρξ
675 1291 900 1362 δυνάμει
930 1296 1168 1364 φυσικῇ’
1227 1293 1349 1364 ἡδὲ
1378 1295 1458 1357 εἰς
1509 1294 1688 1364 ψυχὴν

107 1374 296 1436 πίστις
328 1376 478 1429 ἐστὶν
520 1378 577 1444 ἐξ
609 1380 855 1446 εὐδοκίας
904 1382 1037 1435 Θεοῦ
1108 1382 1559 1453 σπινθηρισθεῖσα
1596 1384 1691 1437 καὶ

113 1467 477 1532 μεταδοθεῑσα
502 1471 628 1535 δόξα
652 1473 741 1525 διά
772 1474 943 1542 Λόγου
978 1475 1179 1539 ζῶντος
1199 1474 1335 1528 Θεοῦ
1373 1476 1469 1529 καὶ
1503 1474 1691 1546 μένον-

109 1573 222 1619 τος,
268 1562 513 1629 γεννῶσα
565 1566 1008 1636 ὀμοιογνώμονας
1056 1568 1158 1637 τῆς
1204 1569 1342 1632 ἰδίας
1382 1567 1686 1621 ἐνδιαθέτου

110 1651 349 1719 κρίσεως
376 1653 513 1723 τῷδε
532 1656 610 1726 τῷ
631 1659 875 1727 εἰρηκότι
895 1659 1027 1729 πρὸς
1046 1660 1137 1714 τὸν
1161 1661 1332 1729 Λόγον
1354 1658 1570 1726 ἑαυτοῦ,
1585 1660 1690 1714 Ἐν

1796 469 1930 539 (non
1960 472 2106 526 enim
2136 484 2385 544 tempore
2406 475 2615 545 indiget
2633 475 2984 546 omnipotens
3006 475 3074 530 ad
3094 475 3369 545 implenda

1794 575 1907 616 sua:
1936 562 2223 619 charitatis
2261 565 2553 635 consilia);
2591 582 2701 622 non
2739 581 2899 636 posse
2933 565 3180 621 enarrari
3210 566 3369 622 Verbi

1794 656 2213 725 conceptionem
2256 673 2323 712 ex
2350 657 2478 724 fide,
2534 668 2590 713 et
2639 658 2879 727 denique
2921 666 3142 727 partum
3198 657 3371 712 beatw

1792 746 2033 818 Virginis
2055 750 2339 806 credentis
2363 751 2639 822 implenda
2661 767 2784 807 esse
2803 767 2925 821 qua“:
2944 750 3048 805 sibi
3080 766 3110 804 a
3141 750 3373 805 Domino

1794 836 1942 893 dicta
1968 838 2211 906 fuerant,
2238 857 2405 912 super
2434 857 2653 897 onmem
2693 856 2870 912 spem,
2904 850 2961 895 et
2984 838 3371 909 cogitationem

1793 938 1851 986 et
1881 936 2162 994 naturam,
2198 929 2455 985 similiter
2501 937 2764 999 praestare
2802 925 3106 996 corporalis
3149 925 3375 998 seminis

1794 1017 2122 1089 operationi.
2157 1017 2375 1073 Etenim
2421 1017 2607 1074 carnis
2649 1015 2976 1078 seminatio,
3019 1029 3150 1068 caro
3184 1022 3270 1068 est
3307 1028 3374 1067 ex

1793 1110 1976 1164 carnis
2004 1107 2570 1178 cupiditatenaturali
2604 1106 2850 1177 potentia
2883 1103 3084 1161 emissa
3111 1121 3125 1169 ;
3152 1111 3208 1157 ct
3238 1102 3374 1157 fides
3456 1160 3459 1165 ,

1791 1208 1988 1263 animae
2030 1207 2301 1278 sapientia
2349 1217 2434 1263 est
2461 1222 2530 1261 ex
2556 1207 2825 1262 charitate
2853 1205 2973 1271 Dei,
3004 1219 3103 1275 per
3129 1203 3393 1260 Verbum-

1790 1297 1887 1352 Dei
1904 1299 2097 1353 vivens
2118 1305 2172 1354 et
2191 1312 2545 1369 permanens,
2567 1296 2840 1368 fulgurata
2863 1304 2920 1350 et
2945 1294 3369 1356 communicata.

1791 1404 1914 1458 quae
1966 1389 2268 1460 participes
2308 1388 2443 1445 facit
2494 1387 2779 1458 sapientia:
2824 1386 3062 1456 propria:
3085 1396 3142 1440 et
3173 1385 3373 1439 innata:

1790 1479 1972 1535 Patris
2001 1480 2239 1536 dicentis
2267 1479 2336 1535 ad
2380 1474 2622 1535 Verbum
2667 1493 2829 1533 suum
2863 1495 2876 1530 :
2904 1477 2969 1531 In
3000 1485 3048 1528 te
3079 1475 3205 1529 mihi
3234 1492 3371 1527 com-

1790 1570 1992 1641 placui.
2042 1572 2148 1626 Per
2207 1572 2349 1627 hanc
2392 1569 2738 1641 spiritualem
2782 1566 3258 1639 regenerationem
3305 1580 3372 1620 ex

1790 1677 1932 1732 aqua
1965 1671 2022 1717 et
2058 1662 2278 1732 spiritu,
2311 1647 2630 1733 quicunque
2674 1659 2854 1715 credit
2888 1660 2944 1712 in
2973 1657 3255 1713 Christum
3289 1655 3374 1710 in-

108 1741 211 1795 σοὶ
245 1743 551 1813 εὐδόκησα
579 1762 592 1775 °
625 1751 765 1803 κατὰ
789 1750 919 1819 γοῦν
942 1752 1042 1820 τὴν
1069 1752 1277 1805 τοιάνδε
1308 1750 1684 1821 πνευματικὴν

1800 1762 2098 1819 carnatum,
2141 1763 2396 1810 naturam
2430 1753 2615 1809 carnis
2638 1760 2815 1807 mutat
2844 1752 2899 1805 in
2929 1750 3221 1820 Spiritum,
3249 1748 3374 1803 abs-

111 1834 467 1906 άναγέννησιν
490 1839 582 1892 καὶ
602 1839 668 1892 δι’
690 1840 880 1907 ὓδατος
910 1845 1004 1898 καὶ
1029 1844 1167 1898 Πνεὺ
1177 1862 1343 1915 ματος
1368 1845 1568 1908 πάντες
1588 1843 1688 1915 τὴν

111 1926 274 1995 φύσιν
300 1931 401 2001 τῆς
427 1935 626 2005 σαρκὸς
654 1938 734 2001 εἰς
766 1936 984 2008 πνεῦμα
1006 1938 1248 2007 ἀχρόνως
1267 1935 1691 2006 ἀναγεννώμεθα

109 2017 160 2069 οἱ
195 2023 541 2087 πιστεύοντες
586 2024 663 2096 τῷ
711 2025 888 2089 οὑτως
950 2027 1092 2081 κατὰ
1141 2026 1320 2095 σάρκα
1374 2024 1689 2094 γεννηθέντι

110 2107 333 2181 Χριστῷ
356 2127 369 2140 ·
403 2111 491 2167 διὰ
520 2113 579 2167 τὸ
608 2116 666 2168 ὲν
702 2117 866 2185 σαρκὶ
886 2111 1054 2169 οὖσαν
1086 2116 1183 2187 τὴν
1209 2116 1411 2186 ψυχὴν,
1443 2131 1692 2184 πνευμα-

109 2195 273 2267 τικὴν
299 2199 635 2272 ὅμωςτήνδε
676 2204 905 2274 σπορὰν,
949 2205 1044 2257 καὶ
1078 2204 1465 2275 πνευματικῶς
1516 2222 1688 2258 κατα-

110 2286 413 2358 δεξαμένην
436 2294 704 2364 ἑνωθῆναι
723 2298 789 2367 τῇ
820 2295 1021 2366 κρίσει,
1070 2299 1449 2367 πνευματικῆς
1479 2296 1692 2366 φύσεως

110 2378 411 2451 ἀξιωθῆναι
432 2401 444 2412 ·
478 2385 558 2437 διὸ
578 2387 749 2458 καὶτῇ
774 2389 935 2457 φύσει
954 2405 969 2421 ο
994 2389 1085 2441 τὸν
1114 2388 1222 2461 γὰρ
1242 2388 1402 2457 λόγον
1435 2407 1549 2455 σου,
1576 2390 1658 2443 Κὺ
1675 2417 1692 2430 ο

114 2491 220 2543 ριε,
240 2478 413 2530 είτουν
438 2499 456 2530 ι
492 2480 679 2548 φόϐον,
706 2484 763 2535 ἐν
780 2483 981 2554 γαστρὶ
996 2483 1282 2553 ἐλάϐομεν,
1311 2483 1406 2537 καὶ
1430 2484 1693 2554 ὼδινήσα-

115 2585 216 2638 μεν
259 2586 279 2620 ›
318 2573 383 2641 τῇ
420 2571 600 2625 πίστει
628 2574 809 2640 αὑτὸν,
837 2577 894 2627 ὲν
915 2576 1130 2640 ἑαυτοῖς
1152 2576 1404 2646 ἐργωδῶς
1435 2575 1695 2645 τελεσφο-

118 2660 363 2731 ροῦντες,
408 2682 427 2715 ι
468 2665 563 2717 καὶ
596 2666 858 2741 ἐτὲκομεν
890 2667 1108 2738 πνεῦμα
1150 2668 1426 2739 σωτηρίας
1456 2668 1485 2721 ὃ
1511 2670 1695 2736 ἐποιή-

122 2768 297 2821 σαμεν
322 2753 414 2805 ἐπὶ
439 2755 536 2824 τῆς
565 2755 687 2824 γῆς.
725 2774 744 2806 ι
776 2756 835 2810 Ὀ
862 2756 971 2827 γάρ
996 2758 1054 2810 ὲν
1077 2758 1240 2828 σαρκὶ
1256 2755 1353 2822 ὢν,
1372 2757 1467 2811 καὶ
1492 2757 1566 2829 μὴ
1586 2759 1697 2821 τοῖς

112 2843 257 2897 κατὰ
311 2848 486 2916 σάρκα
519 2847 887 2916 φαινομένοις,
938 2848 1076 2902 ἀλλὰ
1118 2852 1233 2913 τοῖς
1286 2848 1429 2903 κατά
1480 2847 1698 2919 πνεῦμα

114 2933 413 3004 τιθέμενος,
467 2938 659 2992 ἑαυτοῦ
698 2957 815 3004 πως
869 2941 967 3011 τὴν
1011 2941 1263 2995 σύνθεσιν
1319 2940 1684 3012 μεταμείϐειο

114 3025 236 3079 ἀντὶ
262 3029 361 3099 τῆς
390 3032 456 3101 τῇ
493 3032 657 3102 σαρκὶ
694 3036 927 3103 φυσικῆς
961 3034 1359 3104 συμφορήσιως
1387 3031 1692 3102 ἀποσχίσας

114 3123 323 3187 ἑαυτὸν,
378 3126 474 3179 καὶ
516 3126 614 3195 τῆς
656 3125 794 3196 πρὸς
844 3125 905 3179 τὸ
966 3125 1192 3195 Πνεῦμα
1230 3126 1259 3179 ὅ
1317 3127 1465 3178 ἐστιν
1535 3127 1562 3177 ό
1600 3124 1733 3188 Θεὸς
1764 3123 1936 3194 Λόγος
1988 3127 2283 3197 γενόμενος
2341 3126 2627 3197 γνωμικῆς
2682 3125 3066 3188 συνελεύσεως.

1790 1863 1899 1919 que
1933 1855 2215 1919 tempore;
2243 1862 2367 1903 nam
2397 1846 2579 1901 anima
2604 1860 2726 1915 qua:
2750 1843 2804 1898 in
2843 1857 3008 1897 carne
3040 1848 3146 1905 est,
3181 1847 3239 1894 ct
3267 1839 3376 1895 hoc

1792 1954 1981 1995 semen
2035 1938 2327 2010 spirituale
2379 1936 2747 2008 spiritualiter
2800 1934 3039 2004 accipit,
3089 1930 3375 2001 sapientite

1791 2025 2004 2091 unitur,
2056 2024 2331 2095 spirituali
2377 2035 2577 2079 natura
2607 2024 2770 2094 digna
2795 2022 3101 2094 iudicatur,
3138 2020 3374 2088 ideoque

1791 2125 1849 2173 et
1878 2125 2091 2172 naturae
2125 2117 2338 2172 unitur.
2372 2116 2588 2171 Etenim
2616 2116 2846 2170 verbum
2884 2124 3064 2179 tuum,
3116 2110 3372 2172 Domine,

1796 2224 1896 2264 seu
1935 2228 1952 2260 ‹
1989 2210 2244 2264 timorem
2277 2208 2333 2263 in
2388 2218 2545 2263 utero
2591 2207 2926 2277 accepimus,
2969 2213 3025 2259 et
3078 2202 3378 2273 parturivi-

1794 2316 1964 2355 tnus»
2026 2299 2133 2355 fide
2186 2310 2243 2355 et
2280 2300 2543 2370 operibus
2592 2301 2650 2354 in
2701 2297 2863 2353 nobis
2908 2295 3266 2367 protulimus,
3320 2304 3379 2349 et

1801 2410 1819 2441 ι
1857 2390 2177 2461 peperimus
2207 2390 2462 2460 spiritum
2506 2390 2701 2444 salutis
2757 2397 2881 2453 tuae,
2931 2403 3095 2458 quem
3145 2388 3379 2443 fecimus

1796 2500 1964 2554 super
1996 2484 2280 2538 terram“.
2314 2503 2332 2535 ›
2360 2483 2464 2550 Qui
2491 2484 2638 2539 enim
2668 2483 2942 2538 exsistens
2973 2483 3027 2537 in
3058 2498 3243 2548 carne,
3265 2497 3377 2537 non

1796 2577 1933 2632 vivit
1960 2577 2263 2631 secundum
2308 2591 2556 2643 carnem,
2608 2576 2704 2631 sed
2751 2575 3056 2631 secundum
3094 2575 3379 2646 spiritum,

1798 2687 1952 2727 suam
2001 2668 2378 2725 conditionem
2430 2668 2619 2739 aliquo
2650 2648 2816 2722 modo
2842 2667 3135 2721 convertit.
3165 2666 3381 2721 Nedum

1799 2761 2122 2832 temporalia
2153 2760 2308 2815 carni
2356 2769 2673 2832 congreget,
2731 2758 2973 2829 seipsum
3023 2758 3280 2829 abnegat,
3328 2765 3387 2821 et

1800 2853 2062 2912 Ecclesia:
2098 2853 2372 2923 spirituali
2411 2868 2533 2922 qua:
2582 2851 2763 2907 tendit
2815 2851 2883 2906 ad
2938 2850 3229 2921 Spiritum,
3287 2865 3382 2905 seu

1800 2945 2044 3001 Verbum
2077 2945 2198 3011 Dei,
2235 2944 2294 3001 fit
2327 2944 2534 3000 socius.
2568 2943 2672 3010 Qui
2703 2942 2873 3014 igitur
2916 2943 3159 2998 Domino
3190 2943 3269 2997 sic
3303 2957 3391 3012 ag-

1803 3033 2130 3105 glutinatur,
2172 3049 2317 3089 unus
2346 3033 2575 3103 spiritus
2605 3040 2691 3087 est
2726 3047 2852 3088 cum
2884 3046 2971 3086 eo.

3144 3125 3202 3177 '0
3257 3124 3391 3193 γοῦν

114 3218 259 3274 οὔτω
302 3218 642 3292 κολλώμενος
675 3221 754 3292 τῷ
801 3219 1012 3291 Κυρίῳ,
1049 3219 1106 3272 ἒν
1158 3216 1378 3271 πνεῦμά
1415 3217 1533 3271 ἐστι
1572 3217 1668 3271 σὺν
1705 3216 1873 3288 αὑτῷ.

695 3331 947 3386 ΚΕΦΔΛ.
983 3328 1115 3385 KA'.

191 3423 359 3476 Πάλιν
393 3418 487 3476 οὖν
516 3440 679 3492 φασιν
699 3439 712 3453 ⁸
739 3424 802 3476 Εἰ
830 3424 943 3485 τοῖς
971 3420 1257 3492 ίδιώμασιν
1297 3418 1462 3474 αὑτοῦ
1504 3420 1534 3472 ὁ
1563 3419 1696 3484 Θεὸς

116 3516 288 3584 Λόγος
341 3516 749 3586 διακρινόμενος
801 3514 896 3568 τοῦ
927 3514 1213 3583 όμοουσίου
1279 3511 1445 3565 αὑτοῦ
1483 3511 1698 3584 Πατρδς

116 3607 213 3661 καὶ
256 3606 597 3675 Πνεύματος,
646 3606 946 3668 ὑπόστασις
992 3605 1152 3668 εὐθὺς
1189 3606 1410 3668 νοεῖται,
1464 3603 1698 3666 καὶτοῖς

121 3698 404 3770 ἰδιώμασιν
454 3698 624 3769 αὑτῆς
654 3698 760 3769 ἄρα
796 3699 828 3766 ἡ
859 3688 1002 3768 σὰρξ
1041 3697 1206 3750 αὑτοῦ
1238 3695 1400 3765 τυχὸν
1428 3694 1507 3766 τῷ
1570 3694 1697 3746 ἄνευ

115 3792 391 3862 ἁμαρτίας
417 3793 480 3845 ὲκ
500 3789 776 3861 Παρθένου
796 3788 1079 3859 προελθεῖν
1099 3787 1319 3851 καὶτοῖς
1346 3770 1573 3840 τοιοῖσδε
1588 3784 1700 3839 τῶν

114 3884 417 3955 ὁμοουσίων
446 3884 584 3953 αὑτὴ
614 3884 833 3937 πάντων
863 3881 1262 3953 διακεκριμένη
1292 3878 1454 3941 εὐθὺς
1483 3878 1578 3931 καὶ⁹
1604 3877 1698 3948 ἥδε

117 3976 412 4038 ὑπόστασις
433 3976 651 4046 νοηθείη
666 3992 679 4006 ’
714 3976 836 4027 ἐπεὶ
851 3970 944 4027 οὑν
977 3975 1053 4044 μὴ
1078 3972 1147 4025 τὰ
1166 3971 1309 4025 αὑτὰ
1328 3969 1423 4024 τοῦ
1443 3971 1618 4038 Λόγου
1637 3986 1698 4022 τε

116 4070 211 4124 καὶ
233 4068 332 4132 τῆς
350 4067 553 4139 σαρκὸς
568 4065 637 4119 τὰ
663 4064 949 4135 ἰδιώματα,
977 4065 1097 4118 οὑδὲ
1115 4064 1171 4116 αἱ
1199 4060 1529 4123 ὑποστάσεις
1555 4059 1663 4131 ἄρα
1681 4075 1695 4089 ο

116 4162 233 4225 πῶς
261 4158 354 4217 οὖν
390 4162 486 4233 μία
515 4160 812 4220 ὑπόστασις
863 4158 993 4228 ὑμῖν
1032 4159 1066 4227 ἡ
1097 4156 1207 4210 τῶν
1254 4155 1349 4209 δύο
1390 4171 1450 4206 τε
1481 4152 1699 4222 φύσεων

115 4256 211 4311 καὶ
244 4255 436 4317 διττῶς
457 4251 891 4321 διακεκριμένων
935 4251 1000 4303 ὲκ
1029 4249 1140 4302 τῶν
1184 4246 1443 4318 ὁμοφυῶν
1487 4243 1698 4309 λελόγι-

115 4364 268 4412 σται;
307 4345 447 4398 Ἀλλ’
482 4344 705 4413 εὔδηλόν
738 4344 855 4395 ἐστι
893 4341 972 4411 τῷ
1020 4338 1527 4412 προσεκτικώτερον
1577 4335 1698 4387 ὲπι-

113 4439 383 4504 ϐάλλοντι,
419 4438 494 4501 ώς
543 4437 613 4489 τὰ
662 4435 763 4504 τῆς
799 4434 998 4501 σαρκὸς
1027 4431 1122 4486 τοῦ
1177 4431 1384 4500 Κυρίου
1431 4428 1700 4498 ἰδιώματα

109 4533 311 4594 πάντα,
338 4532 421 4584 ἑνὶ
452 4526 867 4596 καθολικωτέρῳ
888 4524 1048 4595 αίτίῳ
1095 4523 1277 4577 αὑτῶν
1303 4522 1524 4576 πάντων
1560 4518 1701 4573 ἰδιώ·

112 4641 246 4697 ματι
284 4622 453 4691 αὑτῆς
496 4620 845 4690 περιέχεταιο
902 4617 931 4670 ὃ
972 4618 1089 4669 ἐστι
1122 4615 1255 4668 αὐτὸ
1302 4613 1462 4667 τοῦτο
1501 4611 1564 4667 τὸ
1623 4611 1697 4682 μὴ

2423 3329 2577 3387 CAP.
2609 3331 2752 3386 XXI.

1876 3421 1945 3476 Et
1969 3438 2162 3478 rursus
2182 3423 2443 3494 inquiunt
2476 3439 2490 3476 :
2521 3422 2759 3478 Verbum
2785 3420 2884 3476 Dei
2918 3420 3041 3476 ‘suis
3067 3420 3388 3476 notionibus

1804 3528 1836 3568 a
1878 3513 2041 3568 Patre
2068 3522 2127 3568 et
2180 3513 2391 3583 Spiritu
2438 3511 3005 3569 consubstantialibus
3047 3510 3390 3577 distinctum.

1804 3619 2043 3673 persona
2067 3619 2188 3659 esse
2210 3605 2395 3659 statim
2430 3605 2763 3675 intelligitur
2786 3622 2800 3658 :
2822 3604 2901 3660 sic
2921 3603 3099 3675 ipsius
3122 3620 3253 3659 caro
3274 3621 3396 3675 qua:

1806 3695 1923 3749 suis
1980 3694 2411 3764 proprietatibus
2463 3710 2662 3763 nempe
2718 3703 2846 3748 ortu
2915 3694 3267 3749 immaculato
3327 3711 3393 3750 ex

1806 3784 2052 3854 Virgine,
2100 3792 2157 3839 et
2193 3784 2317 3839 aliis
2371 3783 2649 3838 similibus
2675 3782 3054 3853 {distinguitur
3096 3783 3167 3836 ab
3213 3783 3396 3837 berni-

1806 3874 1970 3929 nittus
1997 3873 2247 3946 ejusdem
2282 3882 2520 3936 naturas.
2547 3888 2783 3944 persona
2807 3873 3083 3928 censenda
3112 3883 3233 3940 est;
3270 3890 3395 3928 eum

1807 3981 1939 4035 ergo
1966 3965 2173 4021 eaedem
2220 3980 2332 4021 non
2369 3964 2482 4020 sint
2511 3964 2677 4021 Verbi
2705 3973 2763 4018 et
2791 3965 2975 4020 carnis
3004 3964 3393 4035 proprietates,

1806 4072 1987 4127 neque
2017 4057 2221 4113 eaedem
2266 4071 2550 4128 personae;
2602 4055 2748 4111 unde
2778 4071 2910 4127 ergo
2956 4072 3066 4110 una
3102 4071 3336 4127 persona
3364 4072 3394 4111 a

1806 4150 1966 4210 vobis
1997 4151 2342 4221 assignatur,
2375 4165 2497 4220 qua:
2546 4149 2758 4204 naturis
2787 4148 3004 4204 duabus
3056 4158 3293 4215 constat,
3339 4157 3396 4203 et

1808 4244 2002 4299 iisdem
2026 4244 2323 4314 dupliciter
2348 4242 2584 4298 diversis
2605 4256 2633 4295 a
2653 4248 2850 4295 natura
2877 4240 3125 4310 ejusdem
3154 4238 3397 4309 speciei’

1807 4337 2140 4409 Diligentius
2170 4335 2481 4392 attendenti
2506 4343 2721 4390 certum
2746 4332 2840 4387 fiet
2860 4347 3054 4387 omnes
3081 4331 3261 4386 «aruis
3283 4330 3391 4385 Do-

1808 4430 2026 4485 tninicze
2059 4429 2436 4500 proprietates
2475 4427 2568 4482 uni
2611 4426 2827 4481 cuidam
2868 4425 3042 4497 magis
3091 4423 3392 4480 universali

1808 4523 2159 4594 proprietati,
2214 4529 2272 4576 et
2321 4527 2647 4575 exterarum
2699 4518 2994 4574 causntiva:
3053 4517 3394 4583 incumbere,

1810 4630 1934 4685 qua:
1986 4613 2111 4669 talis
2158 4622 2243 4668 est
2279 4631 2292 4667 :
2326 4627 2454 4668 caro
2482 4611 2601 4666 sine
2634 4611 2769 4674 Deo,
2803 4621 2860 4665 et
2914 4609 2969 4664 in
3018 4625 3115 4665 sua
3161 4609 3393 4665 naturali

107 4681 267 4768 άθεεὶ
312 4681 481 4781 αὐτην
511 4681 605 4762 καὶ
762 4707 887 4770 καθ’
918 4704 1088 4775 αὑτὴν
1147 4701 1310 4772 φύσιν
1343 4700 1518 4770 αὐτῆς
1556 4681 1691 4770 ψιλῇ

1800 4681 2037 4775 persona
2094 4719 2379 4773 nunquam
2417 4701 2687 4757 substitit.
2739 4700 2808 4756 Et
2858 4700 2984 4756 ideo
3048 4717 3392 4771 quaecunque

109 4803 413 4870 ὑποστῆναι
449 4801 620 4872 αὐτὴν
673 4798 890 4853 πώποτε
914 4814 929 4829 ο
955 4796 1035 4850 διὸ
1065 4795 1162 4848 καὶ¹
1188 4794 1289 4845 ὅσα
1330 4789 1512 4853 ἰδικῶς
1544 4788 1696 4858 αὑτῷ

109 4893 437 4965 ἐμφαίνεται
454 4892 618 4963 ἕτερα
641 4891 907 4958 ἰδιώματα
930 4886 1083 4959 παρὰ
1107 4885 1318 4946 πάντας
1350 4880 1692 4952 ἀνθρώπους,

106 4981 286 5039 ταῦτά
321 4984 436 5035 ἐστι
471 4981 773 5051 θεοπρεπῆ,
800 4976 912 5032 οἷον
951 4979 985 5049 ἡ
1007 4976 1394 5046 ἀναμάρτητος
1414 4972 1692 5040 γέννησις,

107 5074 206 5130 κα)⁸
234 5075 530 5136 ἄπταιστος
570 5072 748 5141 πάντη
772 5069 1054 5131 διαϐίωσις
1083 5065 1273 5131 αὑτοῦ,
1304 5067 1337 5135 ἠ
1380 5061 1693 5130 πανάγαθος

108 5168 365 5237 πρόθεσις
396 5168 503 5231 ἀεὶ,
540 5169 574 5234 ἡ
634 5164 1011 5235 ὑπερδὺναμος
1058 5160 1194 5231 πρὸς
1247 5151 1694 5226 θαυματουργίαν

113 5260 269 5333 ἰσχὺς
296 5254 478 5323 αὐτῆς,
497 5256 851 5328 ἡὺπέρσοφος
881 5252 1106 5323 γνῶσις,
1149 5252 1183 5320 ἡ
1247 5246 1568 5307 παπέλειος
1598 5242 1693 5296 καὶ

109 5351 395 5423 ὑπερφυὴς
445 5350 638 5422 ἀρετὴ,
672 5349 768 5402 καὶ
797 5346 866 5400 τὰ
902 5344 1082 5399 τοιάδε
1119 5343 1267 5396 θεῖα·
1297 5341 1345 5393 εί
1392 5339 1450 5392 δὲ
1480 5337 1550 5390 τὰ
1578 5336 1697 5388 θεῖα

110 5446 211 5500 οὑκ
238 5444 367 5499 ἄνευ
391 5442 538 5508 θείας
574 5439 791 5512 φύσεώς
823 5454 957 5491 ποτε
1005 5435 1280 5507 φαίνεται,
1318 5431 1412 5484 καὶ
1457 5427 1526 5481 τὰ
1552 5424 1698 5480 ἰδιώ-

114 5555 261 5610 ματα
308 5537 492 5606 πάσηις
517 5533 872 5596 ὑποστάσεως
914 5528 1089 5600 αὑτῆς
1132 5526 1275 5590 ἰδίως
1312 5518 1451 5577 εἶναι
1486 5519 1586 5573 δεῖ.
1622 5518 1699 5570 oo

184 5684 232 5719 "
252 5684 355 5739 lsa.
391 5698 536 5748 xxvi,
575 5679 664 5733 l8.

1800 4795 1921 4849 alia:
1969 4794 2341 4864 proprietates
2377 4794 2431 4846 in
2479 4792 2711 4846 Domino
2745 4791 2967 4861 proprie
3007 4791 3390 4851 inveniuntur,

1797 4893 1855 4938 et
1887 4883 1942 4936 in
1981 4883 2215 4952 reliquis
2255 4880 2576 4936 hominibus
2593 4878 2878 4941 deﬁciunt,
2908 4894 2987 4933 eae
3025 4877 3226 4935 divinae
3266 4887 3396 4931 sunt

1798 4977 1942 5032 sicut
1972 4974 2231 5030 nativitas
2276 4972 2666 5035 immaculata,
2721 4969 2987 5023 sanctitas
3022 4968 3192 5022 totius
3242 4967 3395 5038 vitae,

1797 5064 2018 5118 bonitas
2043 5061 2282 5125 consilii,
2311 5060 2367 5113 in
2393 5060 2675 5114 miraculis
2713 5058 3141 5127 omnipotentia,
3172 5057 3397 5126 sapien~

1800 5153 1875 5208 tia
1920 5151 2210 5215 doctrinm,
2238 5150 2479 5219 perfecta
2521 5160 2577 5204 et
2611 5147 3051 5219 supernaturalis
3085 5148 3283 5210 virtus,
3334 5154 3391 5200 et

1799 5252 1998 5299 uetera
2023 5242 2231 5297 divina.
2266 5240 2322 5297 Si
2348 5241 2516 5311 opera
2566 5241 2753 5296 divina
2797 5242 2917 5295 sine
2955 5239 3142 5294 divina
3186 5248 3384 5294 natura

1799 5350 2085 5404 nunquam
2128 5342 2479 5394 exercentur,
2514 5341 2570 5388 et
2593 5332 2959 5403 proprietates
2984 5331 3114 5402 ipsa:
3136 5330 3233 5385 toti
3264 5344 3390 5399 per-

1802 5439 1951 5480 sona:
1999 5424 2225 5497 proprie
2276 5423 2585 5480 tribuenda:
2653 5432 2827 5490 sunt;
2878 5437 3002 5493 quae
3055 5423 3202 5477 enim
3253 5430 3380 5476 sunt

1803 5516 1968 5571 unius
1991 5530 2259 5585 personae,
2300 5514 2385 5569 vel
2409 5513 2463 5568 in
2494 5529 2601 5569 una
2620 5513 2900 5593 videntur,
2930 5511 3092 5567 alteri
3130 5522 3378 5582 persona:
