3876 6310
123 391 268 458 1535

1076 399 1474 461 ADVERSUS
1514 396 2065 460 NESTORIANOS.
2105 420 2173 434 -
2214 400 2361 459 LIB.
2404 397 2488 457 II.

3275 395 3292 459 1
3308 397 3429 461 Γιὸεἵ

119 502 296 565 ὅντως
341 502 495 585 ἔχειν
543 504 840 560 ὑπόστασιν
877 506 976 576 τὴν
1012 509 1313 580 ὑπόχρονον
1357 513 1519 580 φύσιν
1560 511 1716 565 δυνα-

1832 523 1952 564 tona
1994 511 2354 580 temporalem
2403 518 2656 563 naturam
2688 507 2897 563 habere
2936 522 3046 562 non
3085 508 3281 579 possit,
3313 511 3409 566 sed

115 593 238 650 τὸν.
280 591 425 647 ἁλλὰ
469 592 576 646 ὑπὸ
610 593 802 663 χρόνον
844 598 1184 666 κτήσασθαι,
1230 602 1326 655 καὶ
1359 602 1721 670 ἐνυποστῆναι

117 687 189 754 τῇ
235 684 401 755 ἅῖδέῳ
432 685 733 741 ὑποστάσει
772 685 871 758 τὴν
902 689 1009 743 ὑπὸ
1041 691 1231 762 χρόνον
1264 693 1427 762 φύσιν
1472 694 1719 747 δυνατόν·

120 779 219 830 καὶ
249 778 482 832 λέλυται
509 781 619 833 πᾶν
658 779 777 835 τόδε
804 781 867 834 τὸ
896 781 1125 853 ἄπορον.
1161 783 1319 838 Οὕτω
1350 785 1461 856 γὰρ
1496 786 1591 839 καὶ
1614 785 1723 848 πᾶς

121 871 153 923 ό
180 869 395 938 κόσμος
444 872 678 942 γενητὸς
711 870 808 939 ὣν,
839 871 920 944 τῷ
959 874 1208 947 ἀγενήτῳ
1258 875 1577 947 κοσμοποιῷ
1604 876 1725 946 Θεῷ

121 964 530 1035 ἔνυφέστηκεν.

720 1058 971 1115 ΚΕΦΛΛ.
1016 1061 1144 1115 KA'.

199 1149 269 1201 Ἥ
302 1148 464 1202 οὑδὲν
519 1150 775 1205 σύνθετόν
805 1168 970 1220 φασιν
999 1153 1057 1206 ὲν
1081 1152 1326 1223 Χριστῷ,
1373 1153 1406 1225 ἢ
1441 1155 1532 1208 καὶ
1561 1154 1724 1223 φύσις

120 1238 219 1292 καὶ
242 1240 576 1304 ὑπόστασις·
608 1240 643 1311 ἦ
673 1241 835 1311 φύσις
866 1242 966 1312 μὲν
996 1242 1163 1314 ἁπλῆ,
1191 1244 1489 1308 ὑπόστασις
1507 1245 1564 1298 δὲ
1596 1244 1722 1297 σύν-

121 1331 282 1395 θετος
309 1345 326 1361 ⁸
359 1332 394 1403 ἢ
451 1332 722 1387 ἀνάπαλιν
761 1333 923 1402 φύσις
964 1334 1064 1403 μὲν
1101 1334 1379 1400 σύνθετος,
1422 1336 1725 1399 ὑπόστασις

118 1423 179 1477 δὲ
203 1422 383 1493 ἁπλῆ·
420 1425 469 1477 εὶ
503 1426 602 1496 μὲν
629 1420 722 1480 οὖν
745 1425 921 1480 πάντα
949 1426 1098 1481 ἁπλᾶ
1126 1427 1195 1480 τὰ
1227 1429 1287 1482 ἐν
1309 1427 1481 1499 αὑτῷ,
1513 1427 1725 1497 ψευδῶς

123 1514 384 1569 σύνθεσιν
434 1516 732 1585 ὀνομάζετε
764 1518 850 1570 ἐπ’
886 1515 1083 1579 αὑτοῦ·
1116 1519 1165 1571 εἰ
1194 1518 1308 1590 δὲῆ
1338 1536 1397 1573 τε
1428 1520 1590 1589 φύσις
1630 1521 1726 1573 καὶ

121 1608 439 1671 ὑπόστασις
474 1607 637 1662 αὑτοῦ
688 1608 954 1674 σύνθετοι,
990 1610 1043 1664 τί
1093 1610 1159 1681 δὴ
1192 1612 1303 1682 ἄρα
1332 1614 1461 1675 τοὺς
1498 1613 1726 1684 Σεόηρί-

120 1716 224 1762 τας
268 1698 637 1763 ἁποσείεσθες
684 1702 735 1753 εἰ
781 1700 839 1755 δὲ
887 1702 946 1754 αἱ
994 1701 1188 1770 φύσεις
1232 1702 1333 1772 μὲν
1382 1703 1572 1770 ἁπλαῖ,
1604 1706 1638 1772 ἠ
1667 1704 1725 1758 δὲ

120 1790 434 1853 ὑπόστασις
469 1789 724 1854 σύνθετος
758 1791 885 1860 ὑμῖν
921 1791 1088 1856 δοκεῖ,
1121 1792 1355 1865 ἐπείπερ
1400 1793 1551 1864 ἁπλῆ
1583 1794 1719 1848 ὑπό-

122 1898 320 1945 στασις
355 1876 503 1935 εἶναι
534 1882 567 1952 ή
601 1882 693 1935 τοῦ
729 1883 906 1951 Λόγου
944 1884 1315 1955 ὡμολόγηται,
1346 1886 1474 1957 ὑμῖν
1502 1886 1559 1942 δὲ
1590 1887 1721 1943 σύν-

121 1973 281 2035 θετος
321 1965 470 2025 εἶναι
508 1972 541 2041 ή
569 1970 662 2025 τοῦ
688 1973 925 2044 Χριστοῦ
958 1974 1200 2042 λέγεται,
1220 1975 1315 2030 δύο
1344 1976 1453 2049 ἄρα
1481 1978 1723 2035 ὑποστάι-

124 2078 244 2124 σεις
276 2062 389 2115 εἰσὶ
430 2062 641 2131 σαφῶς,
668 2064 703 2133 ἧ
736 2080 797 2117 τε
838 2064 937 2118 τοῦ
984 2066 1160 2133 Λόγου
1200 2069 1295 2121 καὶ
1329 2067 1424 2122 τοῦ
1458 2070 1720 2140 Χριστοῦρ

80 2150 84 2154 ’
135 2155 307 2221 Ἀλλ’,
325 2149 372 2209 ὦ
394 2149 565 2221 οὗτοι,
594 2157 815 2227 πρῶτον
838 2158 937 2226 μὲν
953 2158 1020 2211 τὰ
1040 2159 1188 2213 ἁπλᾶ
1205 2162 1596 2234 ἐμπεριέχεται
1612 2166 1724 2229 τοῖς

124 2247 446 2312 συνθέτοις·
483 2247 624 2301 ὥστε
658 2247 752 2302 τοῦ
783 2249 956 2318 Λόγου
1006 2251 1177 2323 αὑτὴν
1204 2253 1422 2323 νοητὲον
1451 2252 1593 2309 εἶναι
1627 2256 1725 2328 τὴν

122 2341 221 2394 καὶ
247 2341 436 2411 ἁπλῆν
465 2341 654 2411 πρώην
682 2344 773 2395 καὶ
804 2343 1058 2398 σύνθετον
1080 2344 1175 2399 νῦν
1208 2347 1266 2401 ἰν
1299 2348 1540 2419 Χριστῷ·
1575 2350 1725 2421 ὅμως

126 2434 317 2506 μέντοι
340 2436 440 2488 καὶ
477 2436 537 2487 τὸ
568 2434 819 2489 σύνθετον
847 2437 999 2501 ὅπως
1027 2436 1247 2505 λέγεται
1300 2440 1431 2512 περὶ
1458 2443 1558 2511 τῆς
1587 2443 1722 2497 61:0.-

126 2530 381 2591 στάσεως
418 2526 657 2598 Χριστοῦ
680 2568 696 2592 ,
727 2520 1111 2600 διασαφητέον·
1148 2529 1264 2584 ἔστι
1290 2532 1401 2602 γὰρ
1432 2535 1529 2586 καὶ
1559 2532 1624 2589 ἐκ
1650 2551 1726 2587 τι·

122 2637 236 2675 νων
265 2619 381 2673 τῶν
417 2620 560 2672 κατὰ
588 2619 784 2673 ταυτὸν
816 2620 915 2673 τοῦ
947 2621 1206 2675 συνθέτου
1262 2624 1589 2694 πράγματος
1638 2624 1727 2678 λό-

121 2692 241 2783 γων
295 2712 683 2782 ἁπλουστέραν
731 2712 917 2781 μέντοι
963 2710 1106 2767 εἶναί
1155 2734 1273 2780 πως
1321 2716 1424 2787 τὴν
1473 2716 1724 2771 σύνθεσιν

119 2806 327 2861 αὑτοῦ·
378 2806 478 2860 καὶ
528 2805 677 2859 ἔστιν
728 2805 789 2870 ἐξ
841 2806 1157 2878 ἑτεροειδῶν
1190 2809 1572 2879 πραγμάτων·
1612 2804 1726 2863 οἷον

122 2901 275 2954 ἔστιν
335 2898 408 2964 ἐξ
478 2897 863 2966 ἁπλουστέρων
927 2899 1233 2970 φαρμάκων
1256 2942 1272 2965 ,
1336 2899 1725 2971 ποικιλώτερον

125 2994 415 3048 συνθεῖναι
446 2990 755 3060 φάρμακον·
795 2990 891 3041 καὶ
914 2991 978 3042 ὲκ
1013 2991 1299 3060 σωμάτων,
1331 2991 1489 3063 σῶμα
1517 2992 1721 3063 ἕτερον·

123 3085 222 3139 καὶ
246 3083 360 3137 ἀπὸ
397 3080 597 3147 λέξεων
626 3079 835 3145 ἁπλῶν,
867 3078 1010 3144 λέξιν
1044 3082 1299 3135 σύνθετον
1330 3084 1575 3154 ποιῆσαι·
1610 3085 1726 3140 ἔστι

1824 601 2114 673 acquirere
2133 612 2330 672 potest,
2358 603 2547 671 sicque
2577 601 2635 655 in
2672 615 2911 671 persona
2929 612 3132 655 aeterna
3157 603 3414 659 subsistit

1824 704 2022 750 natura
2072 694 2414 763 temporalis.
2463 693 2655 747 Soluta
2690 702 2776 748 est
2803 709 2935 763 ergo
2985 690 3305 761 ditiicultas;
3348 706 3413 749 ut

1824 785 2048 854 quando
2075 784 2282 840 dicitur
2338 793 2486 839 totus
2531 784 2772 838 mundus
2826 784 2921 854 qui
2945 795 3164 839 creatus
3199 794 3302 855 est,
3351 786 3410 841 in

1823 876 1939 931 Deo
1964 885 2218 931 creatore
2240 876 2482 946 ingenito
2512 877 2835 933 Subsistere.

2423 1061 2574 1117 CAP.
2608 1063 2796 1120 XXIV.

1896 1150 2149 1206 Instant:
2185 1153 2283 1209 Vel
2320 1154 2458 1221 nihil
2507 1164 2591 1211 est
2625 1159 2992 1229 compositum
3053 1161 3108 1214 in
3163 1159 3446 1224 Christo,_

1826 1240 1908 1296 vel
1956 1252 2152 1297 natura
2179 1252 2235 1298 et
2286 1260 2527 1314 persona
2567 1246 2764 1314 simul;
2797 1249 2919 1329 sive
2945 1256 3142 1304 natura
3183 1249 3409 1319 quidem

1826 1334 2055 1405 simplex
2077 1345 2133 1392 et
2162 1339 2465 1407 composita
2514 1355 2772 1409 persona,
2823 1341 2945 1397 sive
2969 1342 3172 1397 iterum
3212 1350 3408 1398 natura

1825 1426 2133 1497 composita
2170 1436 2228 1482 et
2258 1443 2491 1497 persona
2524 1431 2777 1501 simplex.
2828 1430 2884 1487 Si
2932 1433 3101 1503 igitur
3135 1434 3320 1490 omnia
3355 1434 3408 1486 in

1827 1516 1949 1585 ipso
1975 1526 2105 1572 sunt
2131 1519 2429 1588 simplicia,
2466 1520 2602 1576 i‘alse
2632 1521 2859 1591 ponitur
2888 1510 3009 1595 ejus
3039 1524 3370 1595 compositio
3396 1540 3409 1583 :

1827 1605 1872 1658 si
1890 1616 2093 1663 natura
2113 1606 2237 1675 ejus
2262 1614 2320 1662 et
2342 1623 2577 1677 persona
2597 1622 2728 1665 sunt
2757 1611 3075 1680 compositae
3100 1610 3286 1676 simul,
3311 1627 3413 1667 cur

1826 1710 1960 1766 ergo
1984 1697 2266 1755 Severitas
2298 1700 2372 1771 (ι)
2407 1702 2729 1770 repulistis?
2751 1702 2909 1769 Quod
2929 1704 2975 1757 si
3008 1704 3286 1774 simplices
3311 1719 3411 1758 na-

1832 1798 1987 1856 turae,
2015 1798 2072 1846 et
2101 1791 2404 1861 composita
2460 1792 2619 1848 vobis
2664 1793 2949 1850 videretur
2981 1809 3105 1849 esse
3148 1809 3411 1864 persona.

1827 1891 1957 1938 tunc
2000 1883 2262 1943 omnibus
2312 1884 2632 1940 hominibus
2663 1884 2968 1955 simplicem
3010 1885 3176 1942 Verbi
3216 1901 3409 1956 perso-

1824 1988 1951 2030 nam
1984 1972 2408 2041 afﬁrmantibus,
2433 1974 2592 2031 vobis
2613 1984 2801 2033 autem
2829 1978 3189 2047 compositam
3222 1978 3410 2033 dicen-

1827 2066 1975 2123 tibus
2002 2064 2215 2127 Christi
2249 2081 2572 2137 personam,
2598 2067 2740 2123 bene
2774 2067 2896 2123 dus:
2917 2080 3081 2123 erunt
3133 2083 3409 2138 personae,

1826 2172 1931 2212 una
1979 2156 2170 2222 Verbi.
2198 2165 2255 2211 et
2318 2158 2495 2219 altera
2551 2156 2779 2214 Christi.
2828 2159 3081 2224 Vobis,o
3129 2160 3408 2225 homines,

1824 2248 2005 2318 primo
2018 2256 2107 2307 est.
2118 2247 2519 2308 advertendum
2538 2248 2807 2319 simplicia
2826 2251 3146 2320 compositis
3162 2250 3433 2307 contine--

1827 2339 1999 2405 enim.
2021 2350 2083 2395 ut
2115 2339 2309 2401 eadem
2327 2340 2500 2399 Verbi
2513 2356 2748 2411 persona
2778 2343 2936 2412 prius
2956 2342 3123 2398 fuerit
3153 2345 3409 2416 simplex,
3508 2350 3526 2373 ‘

1823 2444 1880 2490 et
1911 2450 2061 2491 nunc
2081 2436 2543 2506 sitcompositain
2563 2435 2808 2493 Christo.
2834 2439 3090 2496 Attamen
3113 2456 3222 2511 quo
3244 2456 3413 2498 sensu

1825 2525 2044 2580 dicatur
2090 2526 2418 2595 compositio
2460 2525 2529 2581 de
2575 2526 2783 2582 Christi
2817 2545 3052 2598 persona
3113 2532 3415 2601 explanan-

1824 2616 1958 2670 dum
1987 2624 2093 2672 est.
2137 2617 2451 2687 Aliquando
2495 2618 2644 2673 enim
2685 2634 2755 2678 ex
2795 2622 3052 2689 pluribus
3106 2624 3295 2681 verbis
3343 2626 3413 2680 de

1825 2722 1939 2775 uno
1967 2715 2025 2760 et
2062 2706 2263 2763 eodem
2303 2710 2646 2778 composito,
2695 2711 3002 2782 simplicior
3037 2715 3256 2772 videtur
3293 2719 3417 2788 ejus
3450 2766 3455 2769 _

1824 2800 2186 2870 compositio;
2210 2800 2513 2871 aliquando
2543 2803 2690 2865 idem
2723 2804 2787 2859 ﬁt
2826 2821 2895 2861 ex
2932 2807 3169 2863 diversis
3195 2810 3362 2865 rebus
3397 2829 3442 2866 ;,.

1824 2908 1893 2951 ex
1925 2892 2364 2963 simplicioribus
2424 2895 2692 2957 remediis
2741 2899 2914 2970 magis
2966 2901 3182 2957 varium
3238 2919 3437 2959 remem

1826 2983 2002 3051 dium,
2048 2999 2118 3043 ex
2147 2985 2482 3055 corporibus
2515 3003 2721 3058 corpus
2750 2990 2923 3055 aliud,
2965 3007 3034 3048 ex
3069 2994 3431 3064 simplicibus.

1826 3075 2057 3131 vocibus
2090 3090 2284 3133 vocem
2312 3078 2685 3147 compositam,
2721 3079 2975 3149 videmus
3027 3082 3169 3139 ﬁeri.
3228 3085 3414 3140 Potest

125 3179 171 3228 δ’
205 3172 302 3230 οῦν
335 3173 441 3228 καὶ
483 3173 592 3228 ἀπὸ
640 3173 993 3226 ὑποστάσεων
1021 3173 1282 3228 πλειόνων
1328 3177 1457 3245 μίαν
1490 3178 1725 3233 ὑπόστα-

1832 3180 1960 3237 ergo
1989 3183 2057 3222 ex
2075 3167 2331 3237 pluribus
2352 3168 2608 3238 personis
2627 3171 2927 3242 excogitari
2954 3189 3064 3228 una
3084 3176 3415 3245 composita,

130 3287 219 3323 σιν
245 3273 397 3323 νοεῖν
431 3267 708 3335 σύνθετον,
746 3267 821 3330 ὼς
860 3266 953 3320 ἐπὶ
984 3267 1146 3337 χοροῦ
1174 3268 1271 3321 καὶ
1308 3268 1458 3324 οἴκου
1493 3271 1725 3326 καὶτῶν
1762 3258 1893 3312 *1"-
1917 3273 2045 3314 (ξι-ιω
2080 3258 2262 3330 θείων
2300 3259 2370 3316 de
2421 3260 2615 3327 ειιοιῖο,
2644 3261 2713 3327 de
2741 3262 2932 3330 domo.
2964 3274 3022 3321 ει
3066 3265 3190 3320 aliis
3223 3266 3433 3338 Ιιυὶιιει

129 3361 381 3415 τοιῶνδε·
416 3360 510 3413 καὶ
542 3359 659 3413 ἔστι
694 3358 803 3412 ἁπδ
835 3360 1056 3419 συνόδου
1092 3359 1355 3414 πλειόνων
1395 3361 1725 3432 ιδιωμάτων,

129 3453 193 3505 οὑ
220 3451 334 3505 τῶν
388 3449 483 3503 τοῦ
515 3449 690 3516 Λόγου
731 3448 911 3519 μόνον,
943 3448 1079 3503 ἁλλὰ
1116 3449 1212 3502 καὶ
1249 3449 1358 3503 τῶν
1396 3451 1497 3521 τῆς
1525 3452 1728 3524 σαρκδς

136 3542 510 3613 συγκειμένην
544 3540 639 3611 τὴν
689 3540 988 3594 ὑπόστασιν
1019 3541 1279 3611 Χριστοῦ·
1327 3541 1361 3613 ἢ
1401 3543 1470 3610 εκ
1509 3543 1728 3612 φύσεων

136 3635 442 3687 ὑπόστασιν
470 3630 724 3684 σύνθετόν
758 3648 917 3700 φατε,
945 3632 1326 3704 συμφήσομεν·
1361 3635 1410 3688 εἰ
1442 3635 1499 3689 δὲ
1529 3635 1630 3706 τὴν
1652 3635 1728 3700 ὡς

137 3727 201 3796 ἐξ
239 3725 621 3789 ὑποστάσεων,
660 3723 734 3795 μὴ
771 3724 1009 3793 γένοιτοι
1043 3728 1297 3780 σκοπεῖτε
1340 3728 1400 3781 δὲ
1425 3728 1509 3784 ὅτι
1540 3731 1640 3801 τὴν
1668 3729 1727 3797 ἐξ

142 3816 456 3887 ἰδιωμάτων
488 3812 759 3879 σύνθεσιν,
806 3812 904 3867 καὶ
960 3814 1067 3885 πρὸ
1111 3817 1315 3886 σαρκὸς
1364 3813 1512 3887 εἶχεν
1564 3818 1727 3889 ήτοῦ

139 3907 303 3977 λόγου
330 3905 650 3970 ὑπόστασις,
675 3908 723 3958 εἰ
753 3905 849 3959 καὶ
874 3905 949 3977 μὴ
980 3908 1044 3959 ἐκ
1074 3906 1367 3962 τοσούτων·
1405 3910 1468 3963 οὑ
1495 3910 1605 3981 γάρ
1629 3912 1728 3979 μό-

139 4017 232 4053 νυν
271 3998 334 4053 τὸ
361 3998 613 4069 γεννήσει
652 3994 948 4066 ὑφεστάναι
979 3997 1111 4052 ἴδιον
1141 3998 1239 4053 τοῦ
1276 4000 1431 4065 Υἱοῢ,
1459 4002 1597 4059 ἁλλὰ
1633 4004 1728 4057 καὶ

142 4094 204 4147 τὸ
258 4093 335 4163 μή
374 4092 571 4161 γεννᾷν
621 4088 906 4161 ὁμοούσιον
951 4089 1153 4158 Λόγον,
1194 4089 1330 4161 μηδὲ
1390 4093 1485 4161 ἀφ’
1531 4094 1726 4153 ἑαυτοῦ

144 4183 467 4254 ὲκπορεύειν
518 4179 742 4250 Πνεῦμα
797 4178 1073 4250 πρώτως,
1143 4182 1283 4251 μηδὲ
1330 4182 1728 4255 ἔκπορεύεσθαι

143 4274 289 4328 κατὰ
320 4275 383 4327 τὸ
433 4272 591 4342 ἅγιον
635 4269 861 4341 Πνεῦμα
886 4287 899 4302 ·
933 4271 1031 4323 καὶ
1072 4270 1145 4325 τὰ
1186 4273 1354 4328 λοιπὰ
1401 4275 1547 4340 ἰδίως
1575 4276 1729 4348 αὑτῷ

144 4366 441 4436 ἀνήκοντα·
475 4364 731 4426 σύνθετος
764 4364 874 4435 ἄρα
927 4363 1068 4416 κατὰ
1096 4364 1246 4418 τόνδε
1273 4366 1366 4420 τὸν
1404 4368 1631 4439 τρόπον,
1663 4370 1725 4423 οὑ

148 4456 310 4524 μόνον
359 4455 393 4523 ἡ
434 4453 529 4507 τοῦ
579 4452 778 4521 Λόγου,
818 4452 953 4505 ἁλλὰ
984 4453 1079 4505 καλ¹
1116 4452 1213 4507 τοῦ
1264 4455 1474 4526 Πατρὸς
1503 4459 1599 4512 καὶ
1631 4457 1726 4511 τοῦ

1829 3351 2010 3417 modi;
2046 3358 2231 3422 potest
2256 3351 2425 3408 etiam
2444 3368 2511 3408 ex
2543 3353 2803 3423 pluribus
2829 3356 3038 3427 junctis
3056 3356 3415 3429 proprietati-

1828 3443 1932 3498 bus
1984 3459 2096 3499 non
2132 3444 2299 3502 modo
2332 3446 2521 3512 Verbi,
2562 3446 2657 3505 sed
2691 3448 2858 3504 etiam
2901 3451 3105 3515 carnis,
3156 3460 3414 3525 constare

1827 3534 2037 3591 Christi
2077 3550 2332 3605 persona.
2358 3536 2532 3603 Quam
2558 3539 2603 3594 si
2642 3540 3004 3610 compositam
3029 3558 3062 3598 e
3093 3543 3309 3598 naturis
3324 3542 3416 3597 di-

1829 3623 1975 3685 citis,
2003 3626 2415 3693 censentimus;
2449 3627 2497 3681 si
2524 3642 2656 3683 vero
2678 3630 2834 3698 quasi
2858 3646 2924 3685 ex
2950 3633 3228 3700 personis,
3249 3631 3415 3688 absit.

1830 3713 2242 3770 Advertendum
2278 3724 2361 3770 est
2390 3716 2558 3771 etiam
2594 3717 2738 3775 hanc
2777 3721 3234 3792 compositionem
3279 3722 3421 3777 idio-

1831 3813 2040 3858 matum
2067 3803 2197 3859 licet
2228 3805 2575 3874 pauciorum,
2621 3815 2750 3887 ante
2775 3808 2948 3878 ipsam
2979 3809 3417 3868 incarnationem

1832 3894 2157 3950 convenisse
2186 3896 2351 3952 Verbi
2399 3912 2647 3966 personae
2681 3918 2694 3952 :
2725 3914 2836 3954 non
2880 3901 3061 3955 solum
3111 3904 3260 3957 enim
3297 3919 3421 3960 CSSe
3510 3965 3533 3975 ἢ

1830 3995 2174 4059 generatum,
2227 3996 2313 4043 est
2342 3988 2654 4058 proprietas
2687 3989 2873 4057 Verbi,
2927 3992 3021 4048 sed
3056 3993 3224 4051 etiam
3268 3996 3418 4065 quod

1832 4080 2302 4147 consubstantiale
2329 4080 2566 4137 Verbum
2595 4097 2708 4137 non
2731 4093 2980 4155 generet,
3003 4086 3152 4156 quod
3176 4086 3418 4157 Spiritus

1833 4171 2103 4243 primario
2118 4172 2188 4227 ab
2228 4173 2348 4243 ipso
2376 4188 2489 4228 non
2517 4174 2802 4244 procedat,
2835 4176 2983 4246 quod
3009 4176 3128 4248 ipse
3149 4193 3263 4234 non
3292 4190 3422 4250 pro-

1832 4264 1993 4331 cedat
2036 4264 2181 4321 sicut
2210 4264 2453 4336 Spiritus
2493 4273 2752 4333 sanctus,
2798 4275 2856 4324 et
2901 4269 3008 4326 alia
3049 4269 3310 4326 idiomata
3351 4271 3435 4328 ad»

1831 4371 1961 4412 eum
2010 4356 2365 4425 pertinentia.
2415 4355 2624 4414 Eodem
2677 4360 2843 4415 modo
2885 4371 2971 4417 est
3017 4362 3324 4433 composita
3362 4371 3423 4420 et

1832 4462 2072 4516 persona
2093 4448 2294 4515 Patris,
2309 4459 2367 4504 et
2388 4449 2628 4521 Spiritus
2647 4451 2851 4519 sancti,
2888 4467 2999 4508 non
3023 4455 3200 4510 solius
3230 4454 3417 4511 Verbi.

145 4548 305 4616 ἁγίου
357 4546 673 4616 Πνεύματος
722 4548 757 4617 ή
808 4544 1139 4608 ὑπόστασις·
1190 4546 1307 4612 πῶς
1345 4545 1440 4602 οὖν
1483 4552 1547 4603 ἐκ
1575 4552 1725 4606 τοῦδε

1836 4543 2044 4614 thuid
2081 4560 2214 4615 ergo
2248 4559 2321 4599 ex
2341 4545 2447 4601 hoc
2492 4545 2660 4603 nobis
2689 4548 3082 4605 enumeranda:
3107 4549 3163 4603 in
3198 4547 3421 4605 Christo

142 4640 321 4710 ἁπλῆς
352 4657 413 4693 τε
448 4640 538 4693 καὶ
571 4636 828 4692 συνθέτου
871 4636 1227 4702 ὑποστάσεως
1258 4640 1394 4709 ἡμῖν
1422 4639 1730 4711 ἐξαρίθμη-

145 4747 232 4794 σις
259 4731 651 4802 συναχθήσεται
701 4729 797 4782 ἐπὶ
847 4727 940 4782 τοῦ
981 4727 1193 4796 Λόγου;
1235 4728 1335 4798 μία
1384 4728 1492 4797 γὰρ
1526 4729 1560 4800 ή
1589 4730 1726 4801 αὑτή

143 4824 294 4876 ἐστιν
344 4825 410 4877 ὲκ
456 4824 720 4876 πλειόνων
754 4821 1063 4893 ἰδιωμάτων
1101 4822 1436 4894 συγκειμένη
1466 4822 1557 4876 τὸν
1596 4823 1730 4876 ὑπο-

147 4916 400 4970 στατικὸν
418 4915 591 4982 Λόγον
619 4915 810 4983 αὑτῆς.

722 5005 978 5060 ΚΕΦΛΛ.
1009 5007 1136 5061 ΚΕ’.

232 5100 290 5152 ὐ
321 5097 397 5169 μὴ
425 5096 655 5168 διαιρῶν
696 5095 791 5149 τοῦ
839 5097 1081 5165 Χριστοῦ
1118 5098 1216 5165 τὰς
1262 5099 1613 5162 ὑποστάσεις.
1665 5099 1725 5152 οὑ

140 5188 370 5243 δύναται
402 5187 585 5253 λέγειν
616 5186 720 5240 τῶν
753 5186 848 5238 τοῦ
882 5186 1121 5255 Χριστοῦ
1165 5188 1232 5241 τά
1288 5190 1385 5257 μὲν
1418 5189 1633 5259 θεότητι
1659 5190 1728 5243 τά

142 5276 199 5329 δὲ
243 5277 427 5348 σαρκὶ,
466 5273 604 5329 ἀλλά
643 5274 820 5327 πάντα
873 5274 1040 5345 σαρκὶ
1068 5275 1169 5329 ὅσα
1217 5279 1311 5329 καὶ
1358 5280 1542 5348 σαρκί.
1585 5281 1725 5333 Ἀλλ’

143 5363 262 5419 εστι
300 5367 395 5420 καὶ
424 5365 699 5436 διακρίσει
719 5365 830 5418 τῶν
862 5364 1079 5433 φύσεων
1112 5368 1422 5423 ἀποδιδόναι
1449 5371 1519 5424 τὰ
1550 5375 1729 5428 οἰκεῖα

144 5461 352 5515 τούτων
405 5461 695 5533 ἐκατέρῳ·
745 5462 808 5513 οὑ
878 5461 989 5528 γὰρ
1044 5461 1371 5528 ὑποστάσεις
1437 5464 1729 5538 διαφόρους

146 5553 418 5617 συνιέντες
450 5554 629 5624 φαμὲν
659 5551 754 5606 τοῦ
787 5554 850 5605 ἐκ
891 5551 1081 5617 δεξιῶν
1115 5552 1315 5624 λῃστοῦ
1355 5557 1416 5608 ὲν
1455 5556 1533 5626 τῷ
1563 5575 1729 5613 σταυ-

219 5696 293 5761 (4)
324 5693 562 5750 Severus
594 5695 977 5751 Antiochcnus
999 5696 1333 5766 patriarcha.
1360 5698 1414 5753 in
1441 5707 1598 5755 sexto
1621 5717 1725 5756 εξε-

149 5767 276 5838 culi
305 5780 514 5818 ramum
544 5782 748 5819 novum
797 5767 1085 5835 protendit
1115 5767 1557 5838 abr‘Eutychiana
1615 5771 1728 5826 ba:-

154 5836 488 5891 rcsinmam
551 5852 671 5892 csse
716 5847 970 5891 naturam
1036 5838 1089 5892 in
1137 5836 1381 5907 Christo,
1448 5840 1730 5908 dicebant,

1837 4644 1893 4689 et
1916 4634 2171 4704 simplex,
2198 4644 2255 4690 et
2278 4636 2584 4706 composita
2608 4651 2844 4707 persona
2876 4639 3278 4697 adducuntur?
3301 4640 3418 4698 Una

1836 4726 1987 4782 enim
2038 4727 2322 4782 eteadem
2379 4736 2466 4783 est
2494 4769 2508 4794 ,
2559 4745 2628 4785 ex
2656 4730 2910 4800 pluribus
2952 4732 3388 4814 proprietatibus
3406 4735 3452 4797 ,.'

1836 4834 1963 4874 cum
2002 4820 2201 4886 Verbo,
2234 4820 2289 4876 in
2321 4836 2555 4891 persona
2589 4823 2711 4894 ejus
2741 4825 3030 4882 exsistens.

2454 5000 2607 5056 CAP.
2650 5000 2817 5055 XXV.

1906 5095 2009 5163 Qui
2039 5092 2245 5149 Christi
2276 5108 2542 5163 personas
2601 5108 2712 5147 non
2746 5092 3041 5166 distinguit
3076 5137 3092 5161 ,
3138 5113 3249 5152 non
3324 5112 3423 5169 po-

1838 5195 1943 5240 test
1997 5184 2286 5239 tractaudo
2340 5184 2409 5238 de
2466 5183 2691 5241 Christo
2758 5185 2876 5241 ιιωο
2948 5187 3271 5255 divinitati,
3318 5190 3423 5244 ista

1835 5279 2055 5349 corpori
2094 5277 2373 5345 tribuere;
2436 5278 2621 5334 omnia
2660 5279 2843 5334 carnis
2891 5289 3076 5335 erunt.
3132 5281 3306 5337 Porro
3330 5278 3419 5336 di-

1835 5372 2053 5427 stinctis
2082 5371 2318 5436 naturis,
2371 5378 2555 5441 potest
2581 5371 2783 5443 cuique
2832 5373 3236 5429 horumsuum
3292 5390 3439 5444 pro-.

1834 5466 2018 5536 prium
2050 5464 2291 5520 restitui.
2320 5464 2438 5519 Non
2460 5464 2609 5520 enim
2641 5465 2888 5521 diversas
2916 5482 3182 5537 personas
3215 5468 3420 5523 intelli-

1832 5559 2035 5633 gimus,
2056 5556 2286 5628 quando
2306 5556 2376 5614 de
2404 5557 2619 5614 latrone
2652 5557 2723 5613 ad
2745 5558 3027 5615 dexteram
3049 5560 3311 5616 cruciﬁso
3340 5561 3427 5616 di-

1839 5717 2121 5828 gnumque
2146 5700 2518 5771 compositum
2556 5701 2790 5766 naturis,
2870 5717 3112 5771 persona
3158 5703 3429 5758 oliorum»

1879 5782 1993 5827 aut.

1879 5782 1993 5827 aut.
