3876 6310
133 353 264 418 i589

1040 350 1435 411 ADVERSUS
1471 350 2019 413 NESTURIANOS.
2053 375 2121 390 -ν
2161 355 2304 413 LIB.
2348 354 2428 413 II.
2466 354 2469 357 ⁷

3229 352 3363 418 1530

34 486 111 524 .3;-
128 460 366 544 ἐναντίον
394 459 501 513 ἔδει
521 459 796 526 συνάγειν,
821 450 869 511 ὦ
893 457 1170 528 ἄνθρωπεο
1207 459 1234 511 ὁ
1263 457 1568 528 προστιθεὶς
1588 457 1696 527 γάρ

1809 477 1833 515 o
1863 461 2047 526 homo,
2070 462 2507 516 concludendum
2536 467 2673 515 erat.
2708 460 2954 531 Simplici
2979 459 3126 516 enim
3150 462 3193 517 si
3231 463 3361 531 quid

33 580 115 619 :5:
129 573 179 607 τι
204 554 282 623 τῷ
313 552 507 622 ἁπλῷ,
540 553 600 604 ού
634 553 694 603 τδ
722 550 895 622 ἥμισυ
920 548 1085 603 αὑτοῦ
1114 550 1356 620 ἀφαιρεῖ,
1386 547 1499 603 ἁλλ’
1527 549 1696 602 ἐπαύ-

34 771 86 787 πιαι-

54 864 103 877 ⁵·-

58 888 77 896 γυ

51 958 66 967 α
85 964 90 971 -

39 982 65 991 (ις

52 1152 55 1163 I
80 1152 91 1167 ἲ

33 1168 93 1181 0..-

34 1459 108 1492 in;
132 1466 350 1537 μακρὰν
384 1466 553 1536 αὐτῆς
587 1463 1046 1534 ἀπεσχοινισμένα
1067 1503 1083 1527 ν
1128 1461 1216 1515 διὰ
1258 1460 1359 1530 τῆς
1394 1459 1562 1528 αὐτῆς
1592 1456 1699 1510 τῶν

38 1552 103 1563 ,σπι

36 1574 69 1585 14-
92 1574 103 1581 ι

34 1670 88 1681 ψη

34 1256 87 1299 ιιι

35 647 210 713 ερνΣά-ξει
240 645 362 699 τόδε
408 643 608 715 μᾶλλον
648 641 734 696 διὰ
763 641 863 711 τῆς
894 640 1190 704 συνθέσεως
1210 658 1224 672 °
1251 641 1457 711 Τριάδα
1496 638 1695 693 οῦνέϊ-

97 740 215 809 εναι
241 735 612 807 ὁμολογοῦμεν
663 733 859 805 ὀρθῶς,
898 733 1027 802 μιᾶς
1058 748 1118 784 τε
1169 730 1333 784 οὖσαν
1380 731 1474 783 καὶ
1517 729 1697 800 ἁπλῆς

104 827 364 901 εφύσεως·
397 826 749 881 ύποστάσεων
773 825 829 878 δὲ
858 825 1027 879 πάλαι
1063 824 1160 894 μὲν
1195 822 1302 875 τῶν
1337 821 1504 891 τριῶν
1535 823 1697 875 ἀσυν-

99 964 112 996 ε
130 922 299 985 θέτως
330 923 427 976 καὶ
462 920 679 991 ἀμιγῶς
703 919 941 993 ἐχουσῶν
969 919 1125 988 τήνδε
1169 917 1348 971 αὐτῶν
1391 916 1698 972 ἁπλουστά-

101 1031 227 1089 ἰτην
261 1012 424 1081 φύσιν
479 1016 538 1066 ὲν
586 1013 826 1075 ἑαυταῖς,
858 1010 980 1065 νυνὶ
1004 1010 1062 1064 δὲ
1104 1010 1205 1080 τῆς
1237 1010 1366 1078 μιᾶς
1394 1008 1571 1062 αὐτῶν
1597 1008 1697 1077 τὴν

96 1134 108 1183 η.
128 1106 368 1173 φυσικὴν
403 1104 687 1173 ἁπλότητα
715 1103 818 1170 τῆς
863 1101 1000 1165 ἰδίας
1027 1100 1279 1169 θεότητος
1313 1100 1456 1170 ἔχειν
1480 1101 1538 1152 ὲν
1569 1114 1694 1151 συν-

128 1195 280 1247 θέσει
312 1197 378 1265 τῇ
426 1193 559 1263 πρὸς
605 1193 703 1263 τὴν
739 1191 1014 1262 ἡμετέραν
1052 1189 1215 1261 φύσιν
1259 1189 1575 1260 ὁρωμένης·
1609 1187 1698 1240 ἵνα

128 1288 239 1367 γὰρ
267 1284 683 1355 ὲγκολπώσηται
714 1283 782 1336 τὰ
810 1282 918 1336 ῐδια
940 1280 1301 1353 προϐλήματα
1320 1281 1353 1349 ή
1383 1277 1604 1346 Θεότης,
1637 1275 1700 1346 ἥ-

128 1395 210 1440 τις
237 1376 396 1445 Λόγῳ
427 1375 681 1445 ἀληθείας
715 1373 1030 1443 ἀπεκύησεν
1072 1373 1221 1442 ήμᾶς
1250 1370 1417 1440 ήγουν
1452 1368 1530 1439 τῷ
1559 1367 1695 1437 Υῐῷ,

130 1557 299 1626 τριῶν
333 1558 462 1627 μιᾶς
494 1557 843 1618 ὑποστάσεως
871 1555 1092 1626 ἑαυτῆς,
1122 1554 1189 1607 δι’
1222 1547 1289 1624 ἦς
1322 1552 1417 1606 καὶ
1465 1549 1700 1621 προεδά-

101 1650 106 1655 ’
129 1649 251 1701 λετο
273 1648 342 1701 τὰ
366 1649 500 1701 ὄντα
537 1648 618 1712 είς
646 1647 706 1701 τὸ
733 1642 905 1709 εἶναι,
940 1644 1236 1699 ἁνελὰὄετο
1267 1642 1429 1697 πάλιν
1456 1641 1592 1695 αὐτὰ
1620 1642 1702 1703 είς

36 1743 101 1775 εα-
129 1742 359 1810 ἑαυτήν⁸
385 1740 463 1812 τῷ
503 1740 579 1810 μὴ
627 1738 1024 1809 ἐκφοιτητικῶς
1050 1736 1242 1807 ἔχοντα
1268 1734 1404 1805 "Pb;
1429 1733 1518 1786 τὸν
1550 1730 1699 1794 δντα’

34 1822 97 1868 ἷιλε
130 1830 350 1885 ἀπιέναι
406 1811 485 1894 είς
538 1830 626 1884 ἀεὶ⁵
676 1829 811 1900 πρὸς
852 1827 915 1881 τὸ
967 1827 1043 1896 μὴ
1075 1825 1215 1879 εἶναι
1237 1841 1253 1855 ·
1287 1820 1446 1877 τοῦτο
1484 1815 1578 1876 οῦν
1601 1818 1696 1889 τὴν

1809 1831 1908 1887 eet,
1938 1822 2039 1879 sed
2084 1832 2274 1879 contra
2302 1824 2460 1880 valde
2499 1826 2753 1890 honorat,
2785 1827 2831 1882 si
2873 1826 3165 1898 diligenter
3216 1829 3380 1898 inspi-

34 1930 97 1967 Lir
133 1923 263 1991 μίαν
285 1921 450 1990 φύσιν
472 1906 825 1990 ἢὺπόστασιν
853 1919 913 1972 ού
942 1916 1282 1985 καθυϐρίζει’
1309 1911 1618 1967 τούναντίον
1639 1909 1696 1963 δὲ

1809 1909 1936 1964 cias.
1969 1906 2285 1967 Sicutenim
2319 1914 2372 1967 in
2391 1915 2735 1984 simplicibus
2752 1916 3023 1986 personis,
3048 1933 3155 1972 non
3172 1919 3376 1988 genita,

35 2009 92 2061 εῖτ
134 2012 279 2082 τῷγε
310 2011 516 2081 νοερῶς
569 2009 921 2082 προσέχοντι,
963 2008 1057 2061 καὶ
1105 2002 1480 2072 ὑπρδοξάζει·
1513 1999 1702 2069 ὥσπερ

37 2107 95 2154 '.':.
134 2105 243 2172 γὰρ
275 2102 367 2155 διά
389 2119 450 2155 τε
490 2099 817 2171 ἀγεννησίας
846 2097 941 2152 καὶ⁵
977 2097 1282 2165 γεννήσεως
1317 2092 1409 2146 καὶ
1435 2087 1703 2160 ἐκπορεύ-

34 2201 91 2251 ,ι;.
134 2209 275 2254 σεως
328 2191 589 2245 δύνασθαι
639 2188 905 2260 ὑπάρχειν
951 2185 1152 2255 ἑαυτὴν
1198 2181 1568 2250 συνεστήσατο
1617 2177 1706 2231 διὰ

38 2328 66 2345 Μ

131 2284 241 2337 τῶν
270 2283 461 2337 ἁπλῶν
501 2281 663 2349 ιὺτῆς
697 2279 1070 2337 ὑποστάσεων,
1104 2273 1246 2327 οὕτω
1269 2271 1364 2326 καὶ
1391 2270 1478 2324 διὰ
1514 2267 1703 2323 συνθέ-

34 2393 89 2440 ί;;
133 2390 273 2436 σεως
299 2371 696 2439 ὑποστατικῆς,
724 2369 923 2439 ἑαυτὴν
948 2365 1291 2438 παρέστησεν
1331 2363 1598 2432 ὑπάρχειν
1622 2359 1706 2413 δύο

33 2494 91 2537 ττι
131 2465 363 2518 νασθαιο
403 2465 496 2517 καὶ
548 2463 714 2527 ἔδειξε
759 2461 940 2530 πάσης
980 2461 1287 2528 γεννήσεως
1319 2455 1415 2509 καὶ
1441 2453 1706 2523 ἐκπορεύ-

135 2573 276 2620 σεως
317 2557 415 2609 καὶ
458 2553 856 2625 δημιουργικῆς
901 2550 1201 2613 συνθέσεως
1235 2546 1334 2611 τὰς
1361 2546 1617 2613 δυνάμεις
1646 2542 1707 2608 ἐξ

1797 550 2095 617 addideris,
2120 568 2232 605 non
2261 561 2465 620 partem
2500 551 2781 607 dimidiam
2812 551 2985 620 ipsius
3007 551 3243 616 auferes,
3271 553 3365 607 sed

1797 640 1969 709 magis
2024 640 2159 694 illud
2217 640 2498 695 additionc
2558 640 2802 710 augebis.
2864 640 3188 696 Trinitatem
3237 658 3368 711 ergo

1797 742 1944 787 recte
1977 731 2334 797 confitemur,
2370 740 2579 787 naturze
2628 734 2791 787 unius
2827 741 2884 788 et
2916 734 3199 804 simplicis.
3253 735 3371 789 Ilu-

1792 823 1882 893 jus
1908 830 2091 876 autem
2135 831 2247 877 tres
2276 837 2523 893 personae
2573 822 2730 877 istam
2761 822 3223 891 simplicissimam
3270 840 3369 878 na-

1798 920 1975 966 turam
2019 911 2074 966 in
2126 928 2184 968 se
2237 912 2371 983 ipsis
2421 913 2540 968 sine
2596 912 2852 968 mistione
2897 924 2954 969 et
3000 913 3371 968 additamenta

1797 1002 2066 1058 hactenus
2090 1003 2401 1068 servabant,
2419 1013 2476 1058 et
2501 1019 2649 1057 nunc
2681 1019 2787 1058 una
2821 1019 2887 1058 ex
2913 1003 3207 1073 ipsislianc
3236 1003 3373 1058 sim-

1796 1095 1993 1165 plicem
2019 1103 2270 1150 naturam
2300 1096 2539 1165 proprim
2579 1095 2888 1151 divinitatis
2928 1096 3140 1150 unitam
3170 1104 3375 1151 nostra:

1798 1196 2008 1242 natura:
2059 1188 2260 1242 habere
2288 1186 2402 1242 visa
2444 1196 2549 1242 est.
2598 1188 2868 1243 Divinitas
2910 1188 3060 1244 enim
3105 1205 3227 1258 quae
3274 1204 3375 1259 per

1798 1277 2038 1332 Verbum
2086 1278 2355 1340 veritatis,
2403 1278 2517 1332 sive
2548 1278 2779 1343 Filium,
2812 1292 2913 1333 nos
2952 1286 3254 1342 creaverat,
3306 1287 3367 1332 ut

1800 1384 1925 1423 suas
1961 1379 2245 1423 creaturas
2281 1369 2441 1436 longe
2492 1370 2809 1424 aberrantes
2847 1370 2913 1425 ad
2974 1386 3034 1425 se
3066 1382 3370 1430 revocaret.

1800 1477 1898 1530 per
1917 1461 2164 1515 eamdem
2188 1477 2257 1515 ex
2290 1462 2469 1515 tribus
2495 1478 2785 1531 personam
2817 1477 2915 1532 per
2939 1478 3103 1532 quam
3138 1464 3284 1518 entia
3319 1465 3375 1517 in

1799 1563 1921 1602 esse
1950 1549 2276 1619 projecerat,
2309 1564 2372 1605 ea
2403 1549 2470 1604 ad
2516 1565 2573 1605 se
2605 1566 2801 1606 rursus
2842 1552 3060 1607 reduxit
3080 1591 3094 1613 ,
3131 1569 3199 1607 ne
3232 1555 3377 1622 aSpi-

1801 1648 1985 1695 rantes
2016 1641 2084 1695 ad
2122 1640 2290 1695 vitam
2342 1642 2665 1697 deciderent
2710 1643 2766 1698 in
2814 1654 3049 1699 mortem
3091 1653 3375 1700 aeternam.

1804 1731 1919 1786 Hoc
1942 1747 2073 1803 ergo
2109 1749 2274 1788 unam
2305 1743 2576 1795 naturam,
2608 1750 2705 1790 seu
2731 1750 3022 1805 personam
3064 1753 3173 1792 non
3205 1737 3379 1791 dedo-

1801 2011 1857 2056 et
1878 2004 2082 2073 genita,
2115 2013 2174 2059 et
2196 2006 2502 2075 procedens
2529 2008 2737 2077 scipsas
2762 2008 3025 2064 exsistere
3062 2024 3218 2079 posse
3248 2026 3382 2064 con-

1807 2093 1932 2147 scia:
1957 2104 2136 2161 erant,
2174 2095 2248 2150 ita
2279 2111 2377 2167 per
2420 2098 2680 2152 unionem
2711 2099 3110 2170 hypostaticam
3149 2100 3385 2156 manife-

1806 2190 2123 2251 staverunt;
2163 2194 2220 2240 et
2277 2200 2469 2242 omnes
2527 2188 2932 2259 generationis,
2987 2192 3379 2260 processionis,

1808 2275 2044 2329 actionis
2071 2279 2344 2346 potentias
2369 2278 2424 2333 in
2458 2280 2603 2333 entia
2629 2296 2659 2335 a
2686 2295 2745 2335 se
2777 2280 3094 2351 participari
3119 2282 3385 2351 probave-

1812 2372 1959 2427 runt,
1990 2365 2284 2436 omniaque
2327 2367 2590 2423 inferiora
2635 2383 2757 2423 esse
2804 2377 2919 2423 tum
2950 2368 3080 2423 huic
3127 2369 3395 2440 ingenitae

1810 2470 2058 2525 personae
2083 2457 2206 2513 aliis
2230 2460 2426 2530 majori
2452 2500 2467 2525 ,
2500 2468 2613 2514 tum
2645 2460 2989 2531 simplicitati
3014 2470 3221 2517 natura:
3246 2462 3387 2516 sub-

1811 2545 2082 2601 stantialis
2115 2548 2280 2602 trium
2312 2564 2693 2620 personarum.

34 2671 77 2725 U3
130 2646 305 2716 αὐτῆς
326 2641 469 2700 εἶναι
498 2647 556 2698 ὲν
578 2646 692 2708 τοῖς
719 2638 891 2709 οὖσιν,
911 2641 1199 2713 ὑπερέχειν
1227 2656 1286 2692 τε
1312 2637 1531 2692 πάντων
1592 2635 1732 2704 αὐτῇ
1768 2635 2066 2709 ἁγεννησίᾳ
2112 2641 2256 2695 κατά
2316 2641 2417 2711 τήν
2469 2643 2692 2713 μείζονα
2733 2644 2843 2700 τῶν
2890 2647 3260 2711 ὑποστάσεων,
3291 2648 3385 2702 καὶ

34 2766 77 2815 εν,
123 2745 399 2814 ἁπλότητι
430 2741 646 2813 φύσεως
675 2740 815 2797 κατὰ
842 2739 939 2812 τὴν
974 2738 1084 2792 τῶν
1108 2735 1273 2808 τριῶν
1301 2730 1503 2802 ἑαυτῆς
1537 2729 1849 2801 προσώπων
1885 2732 2163 2791 ούσίωσιν.

718 2836 966 2890 ΚΕΦΑΛ.
997 2835 1122 2889 AA'.

193 2935 258 2989 Εἰ
299 2932 397 3005 τὴν
430 2932 698 3004 διαίρεσιν
734 2933 843 2985 τῶν
890 2927 1238 2981 ὑποστάσεων
1279 2922 1381 2976 οὑκ
1411 2916 1711 2989 ἐφύλαττεν

2392 2832 2547 2890 CAP.
2585 2834 2780 2891 XXXI.

1878 2898 1996 2955 Nisi
2010 2898 2289 2957 distinctio
2304 2917 2662 2972 personarum
2677 2921 2800 2960 cum
2819 2904 3041 2976 physica
3058 2908 3259 2963 unione
3273 2923 3389 2963 ser-

123 3028 159 3095 ὴ
432 2972 840 3086 ἓξὲξπούδὲ,
870 3020 977 3090 ἄρα
1002 3017 1094 3069 τὸν
1118 3015 1251 3068 Θεὸν
1279 2972 1696 3081 Λόγον.ὲφύλατι

1809 2998 1985 3056 vetur,
2005 2992 2433 3062 nequeVerbum
2451 2995 2545 3050 Dei
2559 2996 2702 3065 quod
2720 2972 2859 3063 erat,
2873 3014 3050 3069 neque
3065 3011 3227 3053 nonio
3237 2999 3387 3069 quod
3424 3014 3435 3037 κ

126 3136 216 3171 τεν
244 3120 396 3188 ὅπερ
433 3112 521 3186 ῆν,
549 3115 671 3169 οὐδὲ
694 3118 786 3168 τὸν
814 3112 1097 3183 ἄνθρωπον
1124 3109 1260 3178 ὅπερ
1289 3104 1535 3174 γέγονεν.
1564 3100 1707 3169 Ἀρα
1809 3100 1984 3188 “tellis
2006 3100 2091 3138 εει
2115 3100 2373 3188 servant.

34 3180 69 3217 θ’
125 3175 382 3260 οὖνούδὲ
430 3175 522 3259 τὸν
560 3204 777 3276 σίδηρον
817 3175 953 3273 ὅπερ
993 3199 1131 3266 ἐστὶ,
1169 3175 1260 3250 καὶ
1289 3193 1350 3248 τὸ
1397 3192 1510 3262 πῦρ
1537 3191 1696 3243 ὄὲστι

1809 3182 1894 3230 cta
1921 3175 1977 3229 in
2007 3190 2184 3229 massa
2212 3175 2468 3231 candenti
2494 3191 2648 3232 suam
2669 3181 3223 3235 naturamamittunt?
3245 3197 3387 3235 nun-

42 3333 61 3387 Ε
429 3256 696 3350 έᾷτὰί
714 3256 978 3368 μύδρον.ή
1015 3256 1229 3387 ἒνωισιςς
1256 3287 1372 3387 ἀλλ’
1400 3256 1531 3387 ὀὐδὲ
1564 3280 1696 3387 κατά

1809 3265 1943 3336 quid
1970 3281 2063 3321 ros
2088 3273 2146 3320 et
2170 3266 2392 3321 vellus?
2425 3267 2545 3322 Non
2582 3280 2905 3339 separantur
2932 3285 3212 3342 personze'.
3256 3288 3383 3327 cum
3423 3312 3432 3319 .

1813 3364 1884 3387 ,ει
1921 3361 2039 3387 ηξηλ
2064 3356 2232 3387 ,ιι-λεί.
2256 3357 2478 3387 ηις-,οζηει
2506 3360 2635 3387 ...νιξη
2675 3361 2864 3387 1.--“-..
2905 3370 3218 3387 ......._-.......

132 3392 229 3461 τὴν
277 3389 472 3461 δρόσον
508 3389 603 3442 καὶ
649 3389 740 3442 τὸν
783 3388 967 3441 πόκον·
1011 3386 1134 3439 ἐπεὶ
1169 3381 1245 3452 μὴ
1276 3376 1597 3451 διορίζονται
1643 3370 1703 3424 aI

34 3455 63 3575 ἰ
133 3455 480 3555 ὑποστὰσεις,
522 3486 752 3556 φυσικῆς
793 3482 1090 3555 προδήλως,
1132 3479 1300 3551 ήγουν
1346 3473 1453 3528 τῶν
1496 3470 1711 3567 φύσεων
1746 3456 1944 3523 αὐτῶν,
1977 3455 2143 3527 οὔσης
2169 3456 2265 3528 τῆς
2294 3460 2557 3575 avaafg‘x.

206 3672 272 3724 EI
310 3669 462 3739 μένει
491 3669 530 3738 ή
558 3666 757 3735 γνῶσις,
795 3666 890 3735 τῆς
928 3662 1076 3726 θείας
1107 3660 1455 3739 ὑποστάσεως
1479 3659 1547 3728 τῇ
1591 3655 1710 3709 θεό-

137 3779 287 3830 τητι,
310 3727 413 3812 ’καὶ
449 3727 597 3832 μένε-ι
624 3759 657 3824 ή
689 3727 882 3823 ἄγνοια
926 3756 1020 3808 τοῦ
1063 3750 1351 3823 ἀνθρώπου
1403 3738 1472 3821 τῇ
1522 3747 1710 3841 σαρκὶ,

34 3837 35 3865 ξ
145 3852 264 3914 πῶς
297 3851 365 3904 τὰ
397 3848 503 3902 τῶν
550 3847 903 3903 ὑποστάσεων
954 3846 1106 3915 μένει
1159 3840 1483 3914 διῃρημένα,
1528 3837 1624 3891 καὶ
1654 3838 1710 3890 αἱ

140 3940 467 4001 ὑποστάσεις
503 3938 564 3991 ού
608 3937 828 4008 μένουσι
857 3934 1216 4008 διῃρημέναι;
1281 3930 1420 3984 Ἀλλ’
1466 3932 1499 4000 ή
1549 3927 1712 3997 φύσις

139 4034 291 4085 ἐστὶν
319 4032 362 4095 δῆ
394 4029 672 4101 γνωστικὴ
701 4029 735 4098 ἢ
768 4027 1036 4097 ἀγνοοῦσα
1069 4025 1212 4080 κατὰ
1249 4023 1347 4094 τὴν
1378 4021 1709 4076 ὑπόστασιν·

136 4124 201 4176 οὐ
231 4123 340 4192 γὰρ
372 4120 560 4183 ἁπλῶς
602 4122 636 4191 ή
688 4118 985 4182 ὑπόστασις
1006 4114 1283 4186 γινώσκει’
1308 4113 1403 4166 καὶ
1430 4112 1539 4182 γὰρ
1570 4108 1711 4164 πάν·-

138 4232 251 4267 των
281 4207 356 4266 ὧν
387 4212 599 4266 Παύλου
627 4212 661 4282 ή
689 4210 989 4272 ὑπόστασις
1035 4205 1315 4277 γινώσκει,
1346 4203 1498 4257 οὐδέν
1530 4218 1710 4273 φαμεν

34 4290 49 4321 ε’
136 4305 233 4358 τὸν
277 4305 443 4374 ὄνυχα
491 4301 676 4365 αὑτοῦ,
730 4302 843 4372 ῆτι
888 4299 998 4353 τῶν
1042 4299 1142 4369 τῆς
1194 4295 1510 4367 σωματικῆς
1544 4293 1710 4367 αὑτοῦ

34 4378 47 4414 ³
138 4395 359 4464 φύσεως
390 4393 699 4461 γινώσκειν,
731 4391 869 4446 ἀλλὰ
901 4391 1057 4461 μόνον
1085 4389 1183 4461 τὴν
1216 4385 1451 4456 φυσικὴν
1481 4384 1710 4455 δύναμιν

36 4475 46 4505 ⁵
138 4483 329 4547 αὐτοῦ,
360 4485 454 4538 καὶ
484 4482 641 4537 τοῦτο
671 4483 769 4554 τῆς
791 4482 1031 4552 ψυχικῆς
1067 4480 1225 4552 μόνον
1245 4480 1413 4551 ῆγουν
1439 4477 1530 4530 τὸν
1562 4475 1708 4529 νοῦν·

33 4568 41 4601 ⁵
135 4575 264 4630 οὐδὲ
294 4575 400 4648 γὰρ
436 4576 617 4629 πᾶσαν
649 4572 816 4644 αὐτῆς
850 4570 1084 4642 πρώτως
1127 4570 1227 4641 τὴν
1265 4567 1446 4638 φύσινο
1472 4567 1590 4629 πῶς
1617 4561 1710 4620 οὖν

34 4658 41 4691 ⁷
136 4668 204 4721 ἂν
230 4664 344 4721 εἷεν
376 4668 426 4721 oi
454 4667 553 4737 τῆς
582 4664 798 4736 φύσεως
843 4663 991 4730 λόγοι
1016 4665 1114 4731 τῆς
1143 4661 1497 4729 ὑποστάσεως
1522 4676 1537 4725 ;

719 4756 971 4810 ΚΕΦΑΛ.
1002 4754 1120 4809 ΛΓ.

1809 3079 1984 3139 factus
2006 3089 2091 3138 est
2115 3085 2373 3138 servavit.
2393 3083 2499 3141 Sed
2526 3087 2774 3156 nunquid
2804 3088 3008 3143 ferrum
3027 3098 3082 3143 et
3101 3090 3239 3159 ignis
3256 3091 3387 3158 jun-

1813 3364 1887 3419 sit
1920 3361 2041 3416 sine
2063 3356 2234 3413 dubio
2256 3357 2481 3428 physica
2506 3360 2637 3415 unio
2674 3361 2867 3416 harum
2905 3370 3245 3418 naturarum.

2374 3550 2527 3607 CAP.
2578 3549 2795 3607 XXXII.

1885 3638 2183 3693 Scientiam
2207 3639 2406 3695 divina:
2430 3656 2680 3710 personae
2697 3644 2742 3696 si
2773 3643 3033 3700 d.vinitas
3063 3648 3383 3713 servaverit,

1812 3737 1869 3784 et
1898 3745 2027 3785 caro
2051 3730 2410 3800 ignorantiam
2444 3733 2648 3797 carnis,
2680 3748 2778 3787 cur
2806 3735 3065 3790 distincte
3112 3742 3385 3796 manenti-

1812 3819 1918 3875 bus
1945 3836 2300 3890 personarum
2342 3822 2792 3891 proprietatibus,
2846 3827 2977 3895 ipsae
3020 3842 3263 3897 personae
3305 3831 3386 3883 di-

1812 3911 2023 3968 stincte
2066 3926 2178 3966 non
2216 3912 2564 3967 manebunt?
2617 3913 2724 3968 Sed
2776 3925 2971 3970 natura
3017 3932 3264 3987 persona}
3300 3922 3381 3975 vel

1811 4003 2113 4072 cognoscit,
2165 4002 2253 4056 vel
2312 4016 2421 4056 non
2480 4005 2762 4073 cognoscit
2818 4023 2832 4058 :
2878 4020 2989 4059 non
3012 4007 3157 4061 enim
3206 4010 3384 4074 onmis

1811 4108 2045 4163 persona
2077 4094 2375 4164 cognoscit.
2419 4092 2673 4149 Omnium
2706 4112 2828 4165 quae
2868 4098 3017 4152 novit
3047 4099 3195 4152 Pauli
3256 4117 3380 4169 per-

1812 4200 1968 4248 sona,
2008 4185 2268 4255 ungulam
2307 4186 2392 4240 vel
2441 4186 2677 4255 aliquam
2735 4188 2819 4242 sui
2869 4190 3117 4258 corporis
3168 4200 3380 4259 partem

1810 4274 2045 4330 dicimus
2078 4275 2216 4329 nihil
2239 4276 2580 4345 cognovisse,
2615 4278 2709 4331 sed
2745 4294 2908 4332 unam
2951 4283 3259 4336 naturalem
3296 4282 3380 4337 fa-

1809 4366 2091 4430 cultatem,
2126 4374 2182 4418 et
2218 4365 2364 4419 illam
2396 4366 2759 4435 spirimalem,
2791 4368 2843 4421 id
2867 4376 2951 4422 est
2986 4370 3322 4426 intellectum
3353 4392 3370 4429 :

1810 4467 1919 4505 non
1953 4451 2098 4506 enim
2142 4459 2252 4506 tota
2292 4462 2486 4506 natura
2520 4453 2639 4522 ejus
2678 4456 3064 4521 cognoscebat.
3100 4457 3211 4514 Cur
3251 4476 3382 4531 ergo

1810 4542 1878 4596 de
1910 4556 2143 4612 persona
2178 4541 2478 4607 diceretur,
2512 4543 2656 4613 quod
2688 4544 2756 4600 de
2784 4555 2978 4600 natura
3019 4547 3226 4604 dictum
3257 4551 3382 4606 est?

2381 4756 2531 4814 CAP.
2560 4759 2801 4819 XXXIII.

215 4849 313 4900 Ἓν
342 4850 630 4917 πρόσωπον
649 4848 945 4920 ἀπρόσιτον
964 4846 1094 4901 Θεοῦ
1111 4849 1174 4900 ὲκ
1200 4845 1434 4915 φύσεως·
1471 4864 1490 4899 ι
1521 4844 1696 4908 Οὐδεὶς

1887 4846 2003 4903 Una
2020 4856 2113 4903 est
2135 4848 2228 4902 Dei
2257 4847 2424 4903 facies
2455 4849 2768 4916 invisibilis,
2787 4852 2921 4909 dicit
2947 4858 3101 4911 enim
3126 4872 3141 4911 :
3165 4876 3183 4907 ι
3208 4864 3384 4915 Nemo

136 4940 270 5008 γάρ,
287 4939 443 5009 φησὶ,
465 4939 653 5008 ὄψεται
678 4939 740 4993 τδ
761 4939 1051 5010 πρόσωπόν
1067 4956 1166 5010 μου
1186 4940 1280 4993 καὶ
1300 4939 1544 5010 ζήσεται·
1574 4956 1593 4989 ι
1618 4938 1696 4992 κατ

1813 4940 2020 4996 videbit
2051 4940 2244 4998 faciem
2264 4958 2461 5007 meam,
2493 4951 2547 4998 et.
2564 4945 2711 4999 vivet
2731 4946 2777 4977 "
2801 4962 2819 5012 ;
2847 4966 2865 4998 ι
2897 4949 3383 5007 etunaest.facies

133 5032 196 5083 ἓν
214 5032 503 5101 πρόσωπον
521 5030 895 5100 ὲμπτυόμενον
907 5029 1214 5099 ἀνθρώπου·
1238 5049 1257 5083 t
1283 5030 1391 5082 Καὶ
1409 5031 1710 5082 ἐνέπτυσαν

135 5121 273 5191 γὰρ,
291 5121 444 5191 φησὶ,
472 5121 550 5183 είς
571 5121 632 5174 τὸ
654 5119 944 5191 πρόσωπον
971 5120 1157 5174 αὑτοῦ.
1193 5141 1212 5172 ι
1242 5123 1302 5174 EI
1330 5120 1389 5174 ἓν
1415 5119 1707 5190 πρόσωπον

135 5212 376 5283 Χριστοῦ
408 5214 558 5265 ἐστιν
607 5211 667 5276 ἐξ
706 5210 970 5275 ὲνὼσεως,
1001 5212 1109 5281 ἄρα
1160 5211 1282 5282 ἕχον
1331 5217 1387 5265 ἐν
1440 5211 1707 5286 έαυτῷπὺ

135 5305 432 5372 ἀπρόσιτον
483 5302 774 5374 πρόσωπον
801 5343 816 5368 ,
870 5304 963 5356 καὶ
1016 5303 1077 5356 τὺ
1133 5303 1507 5374 ἐμπτυόμενον
1540 5301 1709 5373 πρόσ-

136 5410 306 5448 ωπον.
343 5393 482 5446 Ἀλλ’
512 5392 636 5446 οὕτε
670 5392 729 5445 τὸ
751 5391 844 5445 ἐπὶ
870 5391 1007 5447 οεοῦ
1032 5393 1319 5463 εἰρημένον
1346 5391 1439 5444 τοῦ
1469 5393 1702 5462 ἀοράτου

137 5487 450 5555 πρόσωπον,
493 5486 568 5549 ὡς
602 5483 900 5548 ὑπόστασις
934 5483 1171 5551 ἐλέγετο,
1224 5482 1353 5553 περὶ
1404 5477 1465 5537 οῦ
1516 5481 1610 5535 νῦν
1642 5483 1702 5535 τὺ

138 5579 491 5649 ζητούμενον·
523 5579 584 5632 οὐ
615 5579 722 5648 γὰρ
754 5577 811 5629 ἓν
847 5577 1005 5648 μόνον
1025 5575 1088 5630 τὸ
1113 5575 1207 5629 τοῦ
1237 5574 1372 5628 Θεοῦ
1408 5573 1697 5644 πρόσωπόν

212 5718 253 5749 ’³
282 5721 449 5774 Exod.
488 5737 670 5784 nam,
705 5720 793 5772 “2.0.
875 5721 912 5748 ιθ
948 5719 1134 5772 Matth.
1162 5733 1305 5775 xm.
1333 5717 1413 5770 67-.

1812 5031 2054 5086 hominis
2070 5032 2371 5101 passibilis;
2401 5034 2664 5102 scriptum
2677 5042 2764 5089 est
2787 5037 2933 5090 enim
2957 5038 3102 5092 :.cEt
3127 5047 3256 5094 tunc
3281 5056 3380 5096 ex-

1811 5129 2048 5190 puerunt
2081 5121 2136 5174 in
2163 5121 2358 5176 faciem
2386 5123 2506 5193 ejus
2521 5123 2582 5179 η.
2608 5142 2627 5175 ι
2659 5124 2717 5180 Si
2744 5140 2874 5195 ergo
2906 5142 3011 5182 una
3033 5137 3118 5182 est
3146 5144 3380 5198 persona

1808 5212 2011 5269 Christi
2034 5221 2155 5283 post
2167 5213 2757 5280 incarnationem,buic
2767 5217 2994 5273 erituna
3008 5218 3175 5275 facies
3191 5221 3382 5275 invisi-

1812 5301 1962 5364 bilis.
1980 5302 2149 5356 altera
2176 5302 2469 5373 passibilis.
2493 5303 2598 5359 Sed
2628 5305 2731 5361 ista
2750 5307 2919 5364 facies
2940 5309 3377 5374 Dei‘invisibilts.

1811 5392 1880 5446 de
1899 5407 2005 5462 qua
2022 5392 2250 5461 quaestio
2262 5400 2488 5462 est,_pro
2512 5411 2744 5465 persona
2762 5398 3032 5468 accipitur
3057 5418 3075 5455 :
3094 5417 3202 5456 non
3227 5402 3375 5457 enim

1811 5483 1969 5537 unica
1992 5489 2077 5537 est
2113 5481 2217 5541 Dei.
2242 5498 2496 5552 persona,
2521 5487 2617 5541 sed
2645 5488 2861 5558 triplex.
2888 5490 2982 5544 Illa
3012 5492 3159 5546 enim
3184 5492 3379 5550 invisi-

1810 5575 1934 5629 bilis
1955 5575 2120 5629 facies
2141 5590 2247 5630 non
2263 5575 2408 5631 dicta
2431 5585 2514 5633 est
2543 5594 2647 5634 una
2670 5594 2791 5635 esse
2816 5597 2847 5637 e
2869 5582 3169 5652 Triuitatc;
3197 5603 3373 5657 neque
