3876 6310
496 335 628 406 1591
669 373 676 380 -

1771 335 2085 396 LEONTII
2125 335 2532 398 BYZANTINI

3697 321 3806 385 15ίὲ

491 467 620 511 cum
657 451 1007 522 oppositione
1057 461 1318 523 usurpata
1367 462 1451 508 est
1495 453 1564 508 ab
1609 465 1718 508 una
1764 452 2077 508 divinarum

2202 470 2314 516 μστι,
2349 451 2484 507 ἀλλὰ
2533 447 2680 519 τρία·
2734 446 2837 500 οὐκ
2875 443 2942 498 ἂν
2975 441 3086 514 γὰρ
3123 440 3330 503 ἑνικῶς
3389 432 3562 492 εἶναι
3615 437 3800 508 ὲῤῥῆεῃ

487 556 878 614 personarum,
927 529 1084 613 quasi
1110 544 1231 600 alia:
1264 544 1386 600 duae
1415 543 1912 600 consubstantiales
1939 543 2080 598 divi-

401 681 408 688 .
489 647 620 687 nam
667 631 867 688 faciem
895 633 1168 689 visibilem
1205 649 1318 704 prae
1365 649 1424 691 se
1465 635 1679 700 ferant',
1719 643 1776 690 et
1815 651 1924 690 una
1957 651 2082 705 qua:

490 711 742 794 loquitur
768 725 1104 782 invisibilem
1135 727 1368 794 habeat;
1411 729 1506 782 sed
1539 728 1766 782 nomine
1798 725 1959 782 faciei
1992 726 2078 782 in-

493 815 787 871 dicebatur
814 825 1028 872 naturae
1043 818 1163 888 ejus
1181 806 1344 883 visio,
1375 827 1432 873 et
1453 817 1724 873 naturalis
1755 817 1854 872 Dei
1881 813 2078 881 forma,

493 904 641 974 quod
691 905 836 961 idem
877 921 989 960 non
1033 915 1122 962 est
1155 923 1220 962 ac
1255 919 1513 977 persona;
1563 905 1656 962 Sic
1702 907 1903 962 iterum
1935 906 2081 976 quod

494 1011 752 1066 persona,
797 998 902 1052 hoc
931 1013 1043 1053 non
1071 1008 1156 1055 est
1204 999 1376 1055 facies
1417 999 1626 1055 Christi
1659 1015 1783 1070 qua:
1815 1007 2082 1070 consputa

497 1085 633 1154 fuit;
681 1089 785 1144 ista
836 1089 984 1143 enim
1031 1105 1160 1160 pars
1191 1088 1296 1144 fuit
1337 1105 1448 1144 non
1494 1088 1658 1144 modo
1689 1085 1930 1152 Christi,
1984 1087 2081 1143 sed

495 1177 665 1232 etiam
706 1179 944 1234 hominis
972 1181 1024 1234 in
1055 1180 1195 1251 ipso,
1245 1191 1302 1236 et
1331 1195 1526 1236 rursus
1565 1195 1736 1235 unum
1769 1179 2082 1234 membrum

495 1270 747 1340 corporis
780 1270 922 1342 ejus,
977 1279 1174 1341 caput;
1228 1287 1332 1327 nec
1362 1280 1537 1326 totum
1586 1277 1780 1342 caput,
1818 1270 1915 1326 sed
1955 1285 2085 1340 pars

493 1361 618 1431 ejus
647 1362 918 1426 anterior,
947 1373 1006 1418 et
1021 1379 1084 1417 ea
1113 1362 1354 1433 denique
1380 1378 1504 1433 quae
1521 1371 1607 1418 est
1627 1363 1840 1417 circum
1869 1361 2080 1417 oculos.

496 1450 553 1506 Si
583 1467 714 1524 ergo
749 1453 857 1508 hoc
894 1469 1006 1508 uno
1033 1454 1205 1509 verbo
1229 1453 1572 1525 signiﬁcatur
1595 1453 1800 1510 Christi
1822 1469 2082 1524 persona,

493 1558 606 1597 non
647 1552 829 1599 autem
859 1560 922 1600 ea
954 1561 1079 1615 quae
1107 1554 1303 1616 pectus
1328 1545 1694 1608 circumdant,
1724 1562 1829 1600 nec
1866 1561 2081 1611 manus,

494 1649 597 1690 nec
647 1633 838 1705 pedes.
881 1651 1062 1706 neque
1107 1643 1303 1692 caetera
1355 1637 1602 1692 membra
1648 1639 1899 1708 corporis
1943 1637 2081 1708 ejus,

495 1728 613 1783 sive
645 1729 770 1800 puri
809 1730 1075 1795 hominis,
1127 1728 1242 1784 sive
1285 1727 1382 1784 Dei
1415 1729 1486 1784 sit
1515 1743 1751 1798 persona
1792 1735 1848 1783 et
1893 1727 2081 1792 facies,

495 1818 799 1876 dicendum
855 1823 964 1876 erit
1011 1822 1330 1877 necessario
1377 1836 1500 1877 esse
1541 1829 1801 1878 extranea
1837 1835 2087 1890 persona:

493 1911 710 1982 reliqua
739 1913 861 1984 ejus
911 1914 1159 1969 membra
1189 1928 1312 1984 qua:
1334 1912 1532 1977 oculis,
1574 1921 1670 1966 aut
1703 1925 1800 1966 ore
1839 1925 1950 1966 non
1981 1911 2087 1966 cir-

491 2003 969 2059 cumscribuntur.
1003 2003 1160 2070 Quod
1197 2002 1406 2058 dictum
1441 1999 1730 2056 manifeste
1761 2007 1848 2056 est
1877 2000 2084 2070 puerile

493 2095 582 2150 vel
617 2095 1004 2166 sophisticum.

2184 545 2290 599 ὕπὺ
2307 544 2409 615 τῆς
2437 542 2723 612 Θεότητος,
2745 537 2870 592 οὔτε
2901 535 3043 590 κατὰ
3066 532 3544 600 ἁντιδιαστολὴν,
3581 532 3694 584 ὑπὸ
3709 531 3802 592 ἐτὸς

2183 636 2294 690 τῶν
2328 635 2489 690 Θείων
2540 630 2852 702 προσώπων
2905 627 3025 681 ἐστὶ
3069 626 3391 696 λεγόμενον
3431 623 3512 676 ea
3565 623 3796 694 ἀόρατον,

2184 728 2261 792 ὡς
2293 727 2402 780 τῶν
2430 723 2733 795 όμοουσίων
2761 721 2964 791 ἐτέρων
3006 717 3121 782 δύο,
3169 715 3412 788 ὁρατῶν
3441 715 3641 768 ὄντων
3668 713 3796 766 θέων

2186 819 2498 892 προσώπων
2522 863 2538 885 ,
2580 817 2674 872 τοῦ
2713 813 3151 888 χρηματίζοντος
3199 810 3263 864 δὲ
3328 809 3529 880 μόνου
3585 809 3794 876 inpias

2183 889 2564 984 τῦγχάνοντος·
2597 910 2716 966 ἀλλ’
2747 911 2782 977 ἡ
2811 907 2915 978 τῆς
2947 905 3165 976 φύσεως
3209 901 3403 956 αὐτοῦ
3444 899 3796 959 κατόπτενσις
3835 889 3837 892 ⁴

2184 1007 2440 1077 ἐδηλοῦτο
2473 1004 2564 1058 διὰ
2591 1001 2686 1058 τοῦ
2735 998 3071 1072 προσώπου,
3123 996 3218 1049 καὶ
3253 994 3321 1046 τὸ
3383 992 3650 1062 φυσικὸν
3681 985 3794 1048 εἶδος

2184 1097 2280 1152 τοῦ
2309 1096 2468 1163 Θεοῦ,
2500 1097 2639 1166 ὅπερ
2687 1094 2747 1148 οὺ
2774 1090 2971 1146 ταυτὸν
3013 1090 3220 1142 νοεῖται
3247 1087 3323 1155 τῇ
3363 1082 3688 1137 ὑποστάσει
3727 1081 3786 1132 ι-ι-

2187 1189 2268 1243 ἔτι
2312 1189 2371 1243 δὲ
2416 1191 2478 1243 οὗ
2523 1187 2718 1243 ταυτόν
2751 1190 2868 1240 ἐστι
2909 1186 2976 1255 τῇ
3011 1181 3321 1234 ὑποστάσει
3373 1173 3570 1228 αὐτοῦ
3613 1172 3787 1226 οὐδ’εῇ

2187 1279 2502 1350 ἔμπτυσθὲν
2531 1277 2770 1352 Χριστοῦ
2797 1275 3120 1348 πρόσωπονο
3147 1269 3328 1340 μέρος
3365 1267 3492 1335 γάρ
3527 1267 3651 1318 ἐστι

2188 1387 2266 1434 νο,
2306 1369 2370 1424 οὐ
2417 1369 2580 1440 μόνον
2625 1365 2888 1439 Χριστοῦ,
2917 1362 3056 1418 ἀλλὰ
3084 1362 3182 1415 καὶ
3209 1358 3314 1412 τοῦ
3350 1359 3492 1411 κατ’
3531 1354 3694 1409 mliti»:
3719 1354 3789 1403 5‘:-

2189 1461 2432 1533 θρώπου·
2465 1461 2564 1514 καὶ
2593 1461 2782 1513 τούτου
2809 1458 2917 1512 τῶν
2945 1451 3290 1525 σωματικῶν
3315 1449 3525 1519 μερῶν
3549 1446 3786 1510 Enim-.1

2186 1557 2221 1626 ἡ
2258 1553 2467 1623 κεφαλή
2497 1569 2510 1583 ·
2536 1551 2629 1606 καὶ
2679 1551 2817 1620 αὐτή
2844 1549 2900 1602 δὲ
2945 1549 3044 1616 οὐχ
3081 1545 3180 1614 ὅλη
3201 1585 3218 1609 ,
3255 1542 3412 1596 ἀλλὰ
3447 1541 3518 1593 τὶν
3551 1539 3614 1591 ἓν
3649 1538 3788 1626 αρετῆς

2188 1622 2424 1716 πλευρὸν
2461 1622 2648 1706 ἅπλῶς
2693 1641 2754 1694 τὸ
2786 1637 3144 1709 ἑμπρόσθιον,
3171 1635 3275 1688 καὶ
3303 1632 3460 1702 πρὸς
3488 1631 3622 1691 τοῦς

2193 1737 2358 1810 μέρος
2382 1736 2573 1806 αὐτῆς·
2612 1736 2662 1788 εἰ
2692 1729 2784 1787 οῦν
2819 1732 2956 1800 τᾷδε
2983 1731 3014 1783 ὁ
3038 1728 3140 1798 τῆς
3163 1725 3556 1784 ὑποστάσεως
3573 1719 3668 1773 τοῦ
3688 1719 3786 1786 Syr

2191 1827 2316 1882 στοῦ
2364 1827 2522 1895 λόγος
2553 1825 2807 1896 δηλοῦται
2848 1823 3018 1894 μόνῳ,
3052 1818 3178 1874 ἐπεὶ
3227 1817 3312 1889 μὴ
3357 1812 3782 1888 ὲμπερεώριστιι

2193 1919 2342 1990 αὐτῷ
2373 1919 2620 1990 στέρνον.
2661 1919 2756 1970 καὶ
2788 1917 2849 1970 αἱ
2897 1916 3100 1985 χεῖρες,
3147 1911 3250 1964 καὶ
3287 1911 3344 1963 οἱ
3395 1908 3589 1970 πόδες,
3621 1904 3709 1958 ιιι
3733 1901 3786 1990 τὰ

2191 2004 2354 2060 λοιπὰ
2385 2005 2479 2058 τοῦ
2522 2005 2796 2074 σώματος,
2841 2001 2953 2055 εἴτε
2982 1997 3142 2062 ψιλοῦ
3186 1995 3509 2066 ἀνθρώπου
3531 2035 3547 2058 ,
3583 1994 3689 2046 εἴτε
3711 1985 3784 2042 ὥν

2188 2091 2327 2146 Θεοῦ
2379 2094 2526 2147 ἐστιν
2552 2094 2586 2164 ἡ
2617 2091 2918 2154 ὑπόστασις
2955 2085 3200 2160 Χριστοῦ
3263 2087 3368 2138 καὶ
3410 2085 3480 2136 τὸ
3519 2081 3785 2151 πρόσωπον

495 2191 711 2262 ἀνάγκη
745 2191 903 2254 ἐκτὸς
931 2188 1070 2243 εἶναι
1106 2189 1264 2259 τῆσδε
1293 2189 1390 2258 τῆς
1415 2187 1767 2250 ὑποστάσεως
1813 2187 1988 2240 πάντα
2019 2186 2086 2240 τὰ
2111 2185 2248 2241 ἄλλα
2296 2188 2431 2258 μέλη
2467 2187 2660 2257 αὐτῆς,
2703 2186 2803 2239 ὅσα
2839 2183 2914 2256 μὴ
2966 2186 2998 2254 ἡ
3037 2181 3183 2252 ὄψις,
3219 2179 3412 2250 ἤγουν
3439 2179 3471 2230 ὁ
3505 2173 3780 2247 χαρακτὴρ,

495 2285 830 2357 περιγράφει
865 2283 1148 2356 ταύτης-ἥ
1193 2283 1287 2338 οῦν
1319 2284 1628 2348 παιδιῶδες,
1657 2283 1690 2355 ἢ
1725 2281 2034 2352 σοφιστικὸν
2090 2281 2152 2336 τὸ
2209 2283 2496 2356 εἰρημένον
2528 2283 2657 2354 ὑμῖν
2682 2281 2891 2352 σαφῶς.

1062 2379 1216 2436 CAP.
1265 2378 1504 2434 XXXIV.

567 2473 735 2528 Verbi
773 2472 868 2527 Dei
903 2488 1140 2542 persona
1175 2487 1284 2526 una
1308 2479 1392 2526 est
1415 2486 1524 2524 non
1550 2485 1618 2524 ex
1654 2469 1998 2534 unione,sed
2019 2480 2088 2522 ex

496 2564 942 2632 natura;Christi
965 2565 1201 2634 persona
1225 2578 1332 2617 una
1366 2568 1451 2616 est
1478 2576 1547 2616 ex
1577 2559 1814 2626 unione;
1845 2559 2085 2628 atquisi,

499 2667 562 2713 ut
594 2657 824 2724 Christi,
847 2657 921 2712 ita
941 2667 998 2713 et
1024 2655 1191 2712 Verbi
1215 2669 1451 2726 persona
1470 2668 1578 2708 una
1608 2660 1754 2708 esset
1773 2667 1836 2705 ex
1863 2651 2086 2716 unione,

501 2757 715 2804 certum
746 2759 896 2803 esset
937 2747 1180 2804 Verbum
1222 2746 1319 2802 Dei
1369 2754 1665 2816 antequam
1701 2759 1868 2799 unam
1901 2759 2090 2813 perso-

501 2857 630 2896 nam
667 2841 950 2907 habuerit,
983 2853 1105 2896 eam
1144 2854 1255 2894 non
1289 2839 1577 2902 habuisse,
1611 2838 1759 2893 haud
1792 2851 1974 2902 secus,
2025 2850 2090 2890 ac

499 2933 778 2991 Christus.
809 2933 914 2990 Sed
952 2933 1044 2989 illa
1072 2949 1182 2988 una
1214 2931 1488 2988 naturalis
1528 2947 1762 3002 persona
1795 2931 1959 2986 unius
1992 2945 2093 2984 na-

502 3039 643 3083 turae
671 3027 843 3083 Verbi
896 3026 1016 3093 Dei,
1045 3027 1212 3082 etiam
1246 3035 1374 3096 post
1416 3009 1884 3088 incarna’tionem,
1935 3021 2092 3077 unita

2778 2375 3028 2430 ΚΕΦΑΛ.
3064 2373 3184 2428 ΛΔ⁹.

2265 2475 2339 2528 Τὸ
2355 2474 2643 2545 πρόσωπον
2673 2469 2766 2524 τοῦ
2787 2467 2924 2523 Θεοῦ
2946 2467 3124 2536 Λόγου
3143 2466 3250 2518 οὐκ
3272 2463 3438 2518 ἔστιν
3469 2463 3538 2516 ἐκ
3555 2461 3650 2529 τῆς
3671 2455 3774 2512 ἑκώ-

2197 2581 2334 2627 σεως
2366 2563 2444 2629 ἓν,
2473 2563 2611 2616 ἀλλὰ
2641 2565 2707 2615 ἐκ
2739 2559 2987 2630 φύσεωςο
3011 2559 3073 2610 τὸ
3100 2557 3418 2628 πρόσωπον
3445 2553 3547 2608 τοῦ
3575 2547 3772 2622 Χριετῶ

2201 2657 2267 2710 ὲκ
2295 2655 2398 2726 τῆς
2420 2652 2666 2716 ἐνώσεώς
2691 2655 2838 2706 ἐστιν
2860 2650 2920 2703 ἓν
2941 2667 2958 2682 ο
2997 2649 3045 2702 εἰ
3071 2648 3183 2719 γὰρ
3215 2649 3288 2702 ἐκ
3327 2649 3440 2717 τῆς
3474 2636 3770 2710 ἑνώσεωςῖξι

2197 2746 2258 2800 τὸ
2288 2743 2346 2799 ἓν
2375 2743 2665 2815 πρόσωπον
2689 2743 2781 2797 τοῦ
2811 2739 2948 2795 Θεοῦ
2973 2739 3176 2807 Λόγου,
3209 2735 3421 2808 ὥσπερ
3473 2737 3539 2790 τὸ
3563 2735 3649 2788 τοῦ
3670 2734 3772 2802 X9-

2199 2839 2350 2902 στοῦ,
2374 2837 2533 2908 δῆλον
2573 2838 2656 2890 ὅτι
2689 2837 2816 2906 πρὶν
2848 2837 3077 2902 γένηται
3105 2834 3133 2886 ὀ
3169 2832 3307 2894 Θεὸς
3341 2831 3530 2898 Λόγος
3563 2830 3620 2881 ἒν
3642 2825 3771 2896 τρέε·

2199 2945 2372 2994 ωπον,
2395 2927 2496 2981 οὐκ
2525 2921 2640 2996 εἶχε
2661 2926 2722 2979 τὸ
2743 2923 2800 2978 ἓν
2828 2923 3139 2994 πρόσωπον,
3166 2919 3370 2990 ὥσπερ
3403 2918 3540 2971 οὐδὲ
3558 2914 3770 2984 Χριστές.

2201 3019 2344 3074 Ἀλλ’
2369 3019 2500 3074 αὐτὸ
2525 3019 2586 3071 τὸ
2619 3019 2684 3070 ὲκ
2711 3015 2924 3086 φύσεως
2955 3011 3015 3066 ἓν
3053 3011 3360 3082 πρόσωπον
3417 3011 3528 3078 τῆς
3557 3008 3674 3078 μιᾶς
3697 3001 3770 3070 σῦ-

501 3119 686 3174 Verbo
717 3119 772 3173 in
807 3119 925 3190 ipso
954 3128 1151 3174 natura
1183 3118 1388 3182 carnis,
1427 3132 1536 3171 una
1579 3125 1829 3170 remanet
1866 3127 2095 3183 persona

2205 3129 2342 3174 σεως
2368 3111 2462 3164 τοῦ
2492 3109 2690 3178 Λόγου,
2724 3105 2881 3160 τοῦτο
2911 3104 3006 3158 καὶ
3029 3103 3123 3157 ἐπὶ
3151 3103 3220 3172 τῇ
3266 3098 3478 3152 ὲνώσει
3513 3098 3616 3166 τῆς
3643 3109 3772 3159 πρεεο

505 3210 743 3264 duarum
785 3219 1112 3265 naturarum
1145 3209 1354 3266 Christi
1388 3225 1404 3261 :
1433 3223 1503 3262 ex
1531 3207 1738 3261 unione
1791 3205 1958 3275 igitur
1992 3219 2094 3258 na-

505 3318 778 3372 turarum,
806 3323 919 3362 non
949 3319 1338 3375 personarum,
1365 3317 1472 3356 una
1509 3303 1570 3355 lit
1595 3299 1802 3355 Christi
1835 3313 2092 3368 persona,

504 3413 629 3467 quae
676 3411 840 3450 unam
889 3395 1073 3449 adhuc
1121 3393 1326 3448 retinet
1378 3399 1654 3456 naturam,
1687 3397 1742 3444 et
1797 3387 1961 3444 unica
2011 3394 2097 3442 est

505 3503 742 3558 persona
795 3486 1024 3542 Christi.
1083 3483 1228 3550 Quid
1291 3484 1466 3554 ergo?
1502 3481 1758 3537 Christus
1809 3480 2095 3548 accepitne

507 3590 802 3647 personam
837 3591 904 3630 ex
952 3583 1175 3639 natura,
1237 3581 1438 3644 praeter
1489 3572 1722 3626 alteram
1754 3568 2093 3647 expunione,

507 3667 736 3722 annon?
769 3665 825 3722 Si
861 3681 976 3720 non
1020 3667 1268 3736 accepit,
1300 3678 1595 3735 personam
1629 3677 1738 3716 non
1768 3645 1900 3716 fecit
1933 3658 2094 3721 unio;

507 3761 628 3827 sed,
675 3769 736 3814 ut
763 3759 1006 3814 diximus
1031 3800 1046 3826 ,
1084 3757 1227 3813 facta
1259 3767 1345 3812 est
1380 3757 1436 3810 in
1483 3753 1720 3810 naturali
1759 3751 1924 3808 Verbi
1967 3767 2096 3820 per-

509 3869 644 3908 sona
677 3851 809 3908 unio
853 3861 1201 3906 naturarum.
1233 3849 1291 3906 Si
1337 3857 1526 3904 autem
1555 3844 1867 3900 naturalem
1902 3856 2096 3913 perso-

509 3961 674 4011 nam,
709 3949 910 4012 praster
965 3941 1130 3996 aliam
1187 3956 1256 3996 ex
1310 3939 1541 4001 unione,
1593 3935 1790 3991 habuit
1821 3931 2096 3997 Christus,

509 4037 655 4094 sicut
678 4034 947 4099 Verbum,
977 4049 1102 4088 cum
1133 4031 1332 4087 dicatis
1351 4013 1536 4086 Verbo
1566 4042 1690 4083 esse
1715 4040 2006 4096 personam
2033 4039 2101 4079 ex

511 4137 730 4192 natura,
761 4136 819 4183 et
851 4127 1013 4180 aliam
1037 4140 1105 4180 ex
1127 4123 1355 4186 unione,
1379 4121 1517 4176 duas
1545 4133 1678 4190 ergo
1707 4130 1973 4188 personas
2003 4114 2103 4168 ha-

512 4223 722 4277 bebunt
767 4219 1012 4276 Verbum
1069 4225 1127 4272 et
1161 4231 1313 4273 caro.
1362 4214 1446 4270 Ad
1490 4224 1785 4283 quamnam
1826 4207 1995 4279 igitur
2033 4221 2101 4261 ex

512 4323 752 4385 quatuor
791 4309 1044 4382 personis
1091 4305 1382 4362 referenda
1421 4311 1510 4359 est
1547 4302 1641 4356 illa
1670 4307 1997 4354 naturarum
2047 4303 2104 4350 et

512 4418 878 4476 personarum
912 4401 1044 4456 unio
1076 4401 1132 4454 in
1171 4413 1280 4453 una
1311 4393 1594 4466 persona?
1627 4391 1681 4446 Si
1711 4386 1778 4444 ad
1812 4402 2102 4458 personam

2195 3204 2495 3275 ληφθείσης
2543 3203 2680 3272 αὐτῇ
2730 3201 2788 3252 ὲν
2820 3195 2972 3267 αὐτῷ
3021 3195 3241 3264 φύσεως
3289 3192 3516 3262 σαρκῂ
3553 3189 3682 3260 7:96;
3714 3184 3772 3249 τῷ

2196 3297 2376 3370 Λόγῳ,
2407 3293 2468 3349 ’ἐν
2498 3297 2647 3348 ἔστιν
2675 3289 2968 3364 πρόσωπον
2995 3289 3104 3341 τῶν
3131 3284 3230 3339 δύο
3261 3283 3502 3353 φύσεων
3531 3277 3768 3352 Χριστοῦ·

2198 3395 2263 3446 ὲκ
2281 3391 2380 3462 τῆς
2431 3387 2528 3442 οὖν
2558 3384 2805 3447 ὲνώσεως
2857 3381 2966 3434 τῶν
3018 3379 3236 3450 φύσεων
3264 3376 3334 3428 οὐ
3368 3369 3771 3444 προσώπων.ἒν

2198 3485 2314 3536 ἐστι
2345 3481 2405 3536 τὸ
2433 3481 2724 3552 πρόσωπον
2744 3471 3009 3544 Χριστοῦ,
3047 3473 3076 3525 ὅ
3102 3475 3248 3524 ἐστιν
3279 3471 3350 3522 ἐκ
3385 3471 3533 3538 μιᾶς
3569 3465 3770 3534 φύσεως.

2198 3574 2257 3629 ἓν
2279 3573 2574 3645 πρόσωπον
2597 3567 2690 3622 τοῦ
2707 3567 2881 3635 Λόγου
2908 3583 2921 3596 υ
2953 3567 3080 3617 ἐπεὶ
3098 3562 3150 3616 τί
3173 3577 3315 3630 φατε
3335 3579 3352 3628 ;
3375 3562 3406 3613 ὁ
3426 3558 3664 3628 ligio-th;
3689 3553 3772 3620 ἔχει

2199 3667 2496 3735 πρόσωπον
2561 3663 2627 3714 ὲκ
2663 3659 2900 3730 φύσεως,
2934 3655 3074 3728 πρὸς
3117 3653 3196 3724 τῷ
3231 3655 3532 3724 προσώπῳ
3575 3647 3686 3702 τάδε

2199 3761 2265 3812 ὲκ
2295 3757 2396 3824 τῆς
2424 3754 2694 3816 ὲνώτεως,
2743 3751 2777 3823 ἢ
2808 3749 2965 3820 οὐχί;
3002 3749 3050 3802 εἰ
3083 3747 3181 3819 μὲν
3211 3745 3312 3800 οῦν
3349 3743 3505 3813 οὐχὶ,
3535 3741 3648 3794 οῦδ·
3689 3737 3771 3804 ἄρα

2202 3848 2498 3920 πρόσωπόν
2533 3849 2681 3901 ἐστιν
2706 3846 2740 3916 ἡ
2764 3845 2979 3906 ἒνωσις,
3012 3840 3127 3894 ἀλλ’
3152 3839 3231 3902 ὡς
3263 3837 3489 3907 ἔφημεν
3513 3836 3574 3887 ὲν
3603 3833 3676 3900 τῷ
3697 3846 3770 3896 ςτ-

2203 3941 2342 4010 σικῷ
2376 3939 2660 4012 προσώπῳ
2679 3936 2774 3990 τοῦ
2814 3936 3015 4002 Λόγου,
3051 3929 3266 4001 φύσεώς
3317 3930 3476 3980 ἐστιν
3509 3927 3544 3996 ἡ
3571 3925 3768 3978 Exierat.“

2202 4033 2250 4084 εξ
2267 4031 2324 4084 δὲ
2341 4029 2498 4100 ἔχειὸ
2521 4025 2758 4098 Χριστὸς
2773 4023 3002 4094 φυσικὸν
3024 4020 3343 4092 πρόσωπον,
3367 4015 3567 4084 ὥσπερ
3594 4013 3772 4076 ὀᾹὰτιῖ

2205 4122 2342 4191 πρὸς
2371 4099 2448 4189 τῷ
2479 4119 2578 4188 τῆς
2604 4115 2852 4178 ἑνώσεως
2879 4111 3158 4182 προσώπῳ
3189 4109 3437 4170 πάντως,
3463 4107 3556 4160 ὅτι
3597 4104 3686 4157 καὶ
3703 4099 3770 4151 τὶν

2203 4213 2376 4280 Λόγον
2395 4209 2533 4282 φατὲ
2551 4208 2696 4280 ἔχειν
2722 4208 2817 4262 καὶ
2848 4205 3012 4260 αὑτὸν
3041 4203 3292 4265 ὲνώσεως
3313 4199 3640 4272 πρόσωπον,
3667 4191 3768 4262 πρὸς

2205 4303 2282 4374 τῷ
2306 4304 2404 4374 τῆς
2437 4301 2653 4373 φύσεως
2688 4297 2987 4371 προσώπῳ,
3021 4294 3124 4348 ἀνὰ
3149 4293 3243 4346 δύο
3291 4287 3388 4346 οῦν
3413 4290 3609 4360 ἔχουσι
3637 4285 3766 4355 τρέσ-

2206 4367 2330 4448 ωπα
2360 4367 2582 4462 σαφῶς,
2621 4391 2652 4445 ὅ
2677 4367 2746 4442 τε.
2759 4367 2952 4450 Λόγος,
2981 4387 3074 4440 καὶ
3101 4387 3136 4456 ἡ
3172 4381 3344 4452 σάρξ·
3390 4382 3478 4442 εις
3525 4381 3670 4432 ποῖον
3696 4367 3762 4424 ὦν

513 4495 722 4552 Christi
747 4502 1032 4564 acceptam
1069 4507 1137 4545 ex
1170 4489 1398 4552 unione,
1429 4483 1639 4540 inutilis
1663 4492 1749 4539 est
1780 4479 1948 4536 Verbi
1972 4493 2095 4548 per-

2203 4486 2312 4540 τῶν
2337 4485 2620 4556 τεσσάρων
2676 4479 2988 4552 προσώπων
3015 4477 3203 4546 λέγετε
3243 4471 3580 4544 θεωρεῖσθαι
3601 4471 3690 4538 τὴν

518 4602 688 4651 sona;
744 4585 790 4640 si
840 4585 907 4638 ad
957 4581 1146 4645 Verbi,
1183 4595 1326 4635 vana
1355 4585 1440 4634 est
1471 4577 1679 4633 Christi
1728 4589 1988 4646 persona.
2035 4571 2102 4626 Et

517 4677 798 4748 quomodo
829 4673 1126 4732 subsistit?
1147 4673 1246 4730 Ubi
1271 4680 1358 4726 est
1387 4671 1476 4725 illa
1501 4686 1568 4726 ex
1603 4669 1808 4722 unione
1828 4663 2108 4738 persona?

519 4773 576 4829 Si
606 4779 762 4828 extra
811 4767 1090 4824 naturales
1122 4779 1410 4837 personas,
1443 4763 1611 4818 habet
1642 4759 1868 4831 propria
1907 4755 2108 4812 nativi-

520 4875 713 4932 tatem,
745 4865 1112 4926 lineamenta,
1147 4867 1202 4917 et
1227 4867 1464 4924 motum;
1503 4857 1547 4913 si
1586 4856 1638 4910 in
1669 4855 1954 4917 alterutra,
1995 4867 2108 4906 non

521 4960 631 5016 erit
660 4959 717 5014 in
749 4958 925 5014 altera
959 4971 1069 5011 una
1114 4968 1390 5026 persona;
1430 4951 1474 5005 si
1513 4949 1567 5004 in
1595 4957 1847 5016 utraque,
1883 4958 2109 4999 necesse

521 5061 609 5107 est
645 5052 816 5122 ipsam
847 5047 904 5102 in
939 5047 1230 5102 distinctas
1259 5051 1316 5099 et
1340 5043 1596 5097 diversas
1629 5049 1897 5110 personas
1937 5035 2111 5090 fuisse

524 5145 784 5208 divisam,
807 5143 923 5198 sive
947 5141 1003 5196 in
1032 5140 1318 5196 dimidiam
1370 5145 1580 5208 partem
1607 5133 1722 5188 sive
1751 5131 1803 5184 in
1827 5125 2113 5200 quodlibet

527 5237 842 5294 membrum
892 5231 1149 5300 visibile;
1181 5229 1338 5286 verbi
1376 5229 1554 5300 gratia
1588 5239 1760 5280 unum
1807 5220 2004 5293 pedem
2055 5219 2112 5273 in

527 5328 708 5386 Verbo
737 5325 880 5382 etin
927 5340 1092 5381 carne
1151 5321 1415 5393 intelligi;
1469 5319 1527 5374 in
1584 5331 1818 5388 persona
1849 5309 2116 5368 invisibili

529 5421 728 5494 pedem
785 5417 1142 5476 invisibilem.
1192 5415 1248 5470 in
1313 5412 1514 5468 visibili
1565 5407 1860 5464 visibilem.
1923 5404 2116 5458 Vestra

531 5517 702 5587 igitur
736 5511 1010 5569 sententia
1043 5518 1158 5564 tres
1194 5506 1364 5579 pedes
1397 5506 1453 5560 in
1479 5502 1682 5558 visibili
1731 5499 1956 5556 Christo
1987 5512 2121 5552 con-

533 5596 867 5674 spiciuntur,
899 5611 954 5657 et
979 5601 1122 5657 idem
1156 5599 1224 5653 (lc
1259 5596 1490 5668 reliquis
1519 5592 1806 5650 membris.
1842 5590 1974 5656 Quae
1991 5603 2116 5642 cum

533 5695 648 5748 sint
675 5709 842 5762 supra
874 5693 1046 5747 aniles
1062 5689 1276 5746 fabulas
1295 5685 1564 5750 absurda;
1603 5699 1728 5740 cum
1757 5696 1938 5750 neque
1966 5687 2118 5733 extra

539 5781 676 5836 duas
705 5781 982 5835 naturales
1022 5793 1306 5850 personas,
1345 5791 1526 5846 neque
1571 5777 1625 5830 in
1664 5771 1969 5835 ambabus,
2015 5784 2116 5825 ne-

2209 4575 2506 4645 πρόσωπον
2540 4573 2711 4627 τῶνδε
2732 4571 2842 4624 τῶν
2867 4569 3084 4639 φύσεων
3113 4567 3206 4620 καὶ
3231 4562 3549 4635 προσώπων
3575 4560 3762 4614 Em:

2190 4667 2257 4718 εἰ
2297 4667 2395 4735 μὲν
2425 4663 2532 4735 γὰρ
2584 4664 2666 4724 εἰς
2712 4660 2774 4714 τὸ
2801 4657 3040 4731 Χριστοῦ
3085 4653 3148 4720 ἐξ
3185 4653 3433 4713 ἑνώσεως
3491 4650 3761 4720 -ἑρὸςωτσν,

2209 4754 2464 4825 περιττὸν
2489 4753 2548 4806 τὸ
2570 4751 2667 4805 τοῦ
2705 4751 2877 4820 Λόγου
2899 4767 2912 4780 ·
2939 4749 2988 4802 εἰ
3023 4747 3080 4800 δὲ
3114 4749 3194 4810 εἰς
3221 4747 3282 4798 τὸ
3307 4744 3405 4797 τοῦ
3426 4743 3628 4810 Λόγου,
3661 4752 3765 4802 πιρ-

2211 4848 2367 4902 έλκον
2386 4847 2448 4900 τὸ
2473 4843 2715 4917 Χριστοῦ
2733 4861 2747 4877 ο
2787 4841 2904 4906 πῶς
2940 4840 2996 4894 δὲ
3019 4839 3113 4894 καὶ
3131 4837 3441 4908 ὑφέστηκεν
3463 4853 3481 4901 ;
3501 4835 3536 4906 ἢ
3555 4831 3655 4886 ποῦ

2211 4943 2272 4996 th
2302 4941 2361 5006 ἐξ
2383 4940 2631 5002 ὲνώσεως
2654 4937 2950 5008 πρόσωπον
2971 4935 3049 4999 ςεῐ
3078 4933 3177 5004 μὲν
3205 4929 3314 5000 γὰρ
3338 4927 3504 4990 ἐκτὸς
3532 4927 3768 4990 τῶνε-ευπ-

2213 5033 2348 5098 κῶν,
2383 5031 2518 5086 ἰδίαν
2559 5048 2616 5084 τε
2644 5029 2902 5100 γέννησιν
2925 5027 3018 5080 καὶ
3045 5021 3397 5096 περιγραφὴν
3455 5022 3558 5075 καὶ
3601 5019 3767 5082 ιξγηπι

2214 5125 2346 5196 ἕλει·
2365 5124 2414 5176 εἰ
2435 5122 2491 5176 δὲ
2505 5125 2561 5176 ὲν
2581 5120 2800 5189 θατέρῳ
2812 5119 2986 5188 μόνῳ,
3003 5118 3102 5189 οὐχ
3120 5115 3309 5169 ἐνώσει
3325 5113 3390 5166 τὺ
3403 5110 3678 5184 ἕτεροντῷ

2219 5237 2299 5290 ρῳ
2318 5214 2614 5288 προσώπῳ·
2641 5216 2688 5268 εἰ
2709 5215 2766 5267 δὲ
2785 5213 3138 5284 ἀμφοτέροις,
3156 5210 3369 5278 ἀνάγκη
3386 5200 3770 5278 διαμεμερξσῶι

2217 5310 2349 5363 αὐτὸ
2377 5311 2456 5373 εἰς
2487 5309 2555 5362 τὰ
2601 5305 2997 5376 διακεκριμένα
3027 5303 3122 5355 καὶ
3153 5298 3490 5370 διωρισμένα
3529 5297 3770 5367 πρόσεστι

2221 5401 2288 5456 ἂν
2331 5403 2534 5473 ἣμισυ,
2567 5401 2671 5454 ὅσα
2712 5415 2772 5452 τε
2803 5392 2895 5451 οῦν
2930 5394 3165 5466 αἰσθητὰ
3209 5391 3345 5463 μέλη
3375 5389 3550 5444 αὐτοῦ
3589 5379 3770 5442 ἔστενέ

2223 5490 2304 5559 εἷς
2335 5493 2470 5560 ποῦς
2499 5493 2666 5563 τυχὸν
2712 5489 2771 5543 ἐν
2797 5488 2874 5560 τῷ
2905 5489 3084 5558 Λόγῳ,
3125 5487 3154 5538 ὁ
3187 5486 3246 5538 δὲ
3280 5483 3438 5544 ἄλλος
3465 5484 3530 5536 ἐν
3551 5484 3617 5550 τῇ
3645 5473 3770 5545 σαρκὶ

2222 5585 2550 5656 νοηθήσεται
2571 5600 2584 5613 ·
2615 5583 2714 5636 καὶ
2745 5584 2774 5638 ὁ
2799 5581 2898 5652 μὲν
2928 5583 2987 5634 ὲν
3013 5579 3092 5650 τῷ
3118 5577 3336 5646 ἀοράτῳ
3373 5575 3675 5645 προσώπῳ,
3705 5565 3772 5621 ἄξι’

2227 5653 2388 5749 patos
2421 5677 2554 5740 ποῦς
2577 5693 2592 5708 ·
2643 5677 2670 5729 ὁ
2701 5675 2760 5730 δὲ
2791 5677 2848 5729 ὲν
2903 5674 2982 5744 τῷ
3035 5669 3242 5744 ὁρατῷ,
3269 5667 3466 5739 ὁρατός
3485 5683 3501 5694 ο
3533 5665 3676 5733 τρεῖς

2228 5767 2370 5822 κατὰ
2414 5769 2506 5821 τὸν
2535 5767 2736 5835 beati.»
2793 5763 3029 5838 Χριστὸν
3081 5762 3129 5814 οἱ
3188 5757 3348 5820 πόδες
3400 5753 3639 5824 ὁρῶνται
3681 5739 3772 5800 καθ’
