3876 6310
109 358 133 424 1
146 358 253 426 50ξῖ

1059 371 1457 435 ADVERSUS
1496 371 2051 433 NESTORIANOS.
2081 395 2154 405 -
2180 371 2327 431 LIB.
2371 369 2451 430 II.

3256 364 3390 430 Ῑὶιῦι

108 476 281 545 ὑμᾶς·
320 477 413 532 καὶ
463 476 555 532 ἐπὶ
593 479 703 533 τῶν
736 480 912 535 ἄλλων
961 481 1141 553 μελῶν
1174 488 1243 540 τὰ
1298 487 1497 557 ὅμοια·
1540 486 1588 538 εἰ
1642 484 1700 537 δὲ

1807 500 1913 555 que
1961 484 2017 538 in
2078 483 2346 537 alterutra
2404 481 2583 536 solum
2637 466 2941 536 subsistere
2995 478 3193 534 dicatis
3238 477 3388 531 illam

106 567 280 624 ταῦτα
305 571 399 624 καὶ
415 571 473 623 ὲν
494 573 681 643 γραῶν
702 573 918 646 ληρῳδή
928 593 1062 644 μασι
1084 577 1369 648 βδελυκτὰ,
1400 578 1524 630 ἐπεὶ
1554 578 1691 647 μήτε

110 662 262 724 ὲ-κτὸς
276 660 385 715 τῶν
413 661 506 715 δύο
530 664 776 732 φυσικῶν
805 667 1136 736 προσώπων,
1160 671 1298 740 μήτε
1332 672 1389 721 ὲν
1406 671 1520 730 τοῖς
1546 668 1689 731 δυσὶ,

113 753 249 822 μήτε
277 752 418 806 κατὰ
438 754 666 827 θάτερον
684 757 863 811 αὑτῶν
890 759 1049 828 μόνον
1081 760 1453 830 ὑφεστηκέναι
1480 759 1616 821 ὅλως
1630 759 1692 810 τὸ

119 845 177 896 ἓν
197 844 290 913 τῆς
319 845 566 910 ὲνώσεως
580 848 869 918 πρόσωπόν
891 867 1051 919 φατε,
1077 851 1362 923 προδήλως
1388 853 1470 905 ὅτι
1487 849 1691 904 ἀνυπό-

112 936 301 989 στατόν
312 954 365 987 τι
382 939 475 990 καὶ
492 938 843 1010 ἀνάπλασμα,
867 945 958 995 καὶ
977 942 1137 1010 Λόγῳ
1153 943 1311 1013 μόνον
1326 942 1382 994 ἓν
1400 943 1692 1012 πρόσωπον

110 1027 169 1091 ἐξ
190 1027 433 1092 ἐνώσεως
459 1031 708 1097 φυσικῶν
741 1034 1054 1103 προσώπων
1082 1031 1222 1088 εἶναι
1243 1034 1618 1104 δογματίζετε·
1636 1034 1693 1086 ὂ-

112 1134 219 1193 περ
269 1123 392 1177 οὔτε
436 1126 514 1197 τῷ
542 1126 781 1197 Χριστοῦ
826 1126 1042 1196 φυσικῷ
1068 1128 1259 1198 ὅμοιον
1278 1127 1358 1193 ὃν,
1388 1126 1492 1180 τίνι
1542 1124 1692 1180 ἔσται

111 1216 296 1285 ὅμοιον
313 1218 523 1284 εἴπατε,
542 1221 590 1272 εί
620 1221 712 1273 καὶ
729 1220 1092 1291 ὑφεστηκέναι
1111 1220 1237 1291 δοθῇ
1254 1221 1392 1273 κατὰ
1406 1217 1694 1289 συγχώρτι⁶

115 1327 199 1362 σιν
223 1326 236 1339 ο
256 1312 303 1363 εἰ
330 1310 384 1363 δὲ
416 1311 619 1364 εἴποιτε
634 1313 764 1375 ἴσως
788 1312 848 1365 τὸ
862 1313 1090 1380 φυσικὸν
1120 1312 1356 1380 Χριστοῦ
1398 1312 1693 1382 πρόσωπον

114 1397 250 1454 εἷναι
286 1402 346 1454 τὸ
373 1402 430 1469 ἐξ
461 1403 706 1473 ένώσεως
725 1404 783 1457 ἓν
809 1403 870 1457 ὃν
900 1406 1192 1476 εἰρημένον
1242 1406 1396 1475 ἡμῖν,
1431 1404 1478 1455 εἰ
1503 1403 1566 1455 ἐκ
1591 1401 1693 1472 τῆς

112 1493 221 1571 τῶν
239 1492 334 1548 δύο
358 1493 671 1565 προσώπων
693 1497 940 1566 φυσικῶν
980 1497 1228 1561 ἑνώσεως
1277 1497 1448 1559 ὅντως
1477 1495 1688 1562 γέγονε,

111 1582 196 1646 τίς
229 1585 256 1637 6
276 1584 369 1637 τοῦ
395 1584 687 1649 ἐνωθέντος
723 1591 846 1641 κατ’
868 1588 1000 1642 αὑτὸ
1023 1587 1255 1657 φυσικοῦ
1287 1587 1580 1659 προσώπου
1598 1586 1690 1640 ἄν·

115 1672 360 1743 Θρωπος;
402 1677 435 1728 6
459 1677 612 1745 παρὰ
647 1678 763 1731 τόν.
789 1718 802 1731 .
822 1719 835 1732 .
870 1675 980 1750 ἆρα
1005 1679 1064 1732 δὲ
1085 1675 1180 1733 οὖν
1209 1678 1306 1733 καὶ
1331 1679 1392 1731 τὸ
1415 1677 1546 1731 αὑτὸ
1568 1678 1692 1730 ἐαυ-

1794 588 2085 644 personam
2113 587 2180 628 ex
2214 572 2440 636 unione,
2480 579 2628 641 patet
2655 585 2755 626 vos
2786 585 2902 625 rem
2932 584 3041 624 non
3074 568 3387 623 subsisten-

1796 673 1930 727 tem,
1959 676 2207 718 errorem
2237 663 2461 729 docere,
2489 670 2545 716 et
2581 662 2725 717 hanc
2759 674 3050 731 personam
3085 675 3153 714 ex
3183 659 3386 713 unione

1794 759 2134 814 naturalium
2157 762 2520 828 personamte
2544 756 2775 812 credere
2806 771 2911 810 non
2940 756 3044 809 nisi
3080 755 3134 808 in
3159 754 3382 819 verbis;

1794 867 1917 922 qua:
1959 866 2083 906 cum
2116 850 2188 904 sit
2232 849 2515 905 dissimilis
2550 863 2802 920 personae
2851 845 3094 901 naturali
3138 834 3384 906 Christi.

1794 960 1896 998 cur
1924 943 1998 998 sit
2048 942 2244 997 similis
2308 941 2413 1011 ipsi
2478 940 2753 1009 proferte,
2806 937 3049 1011 etiamsi
3079 936 3387 991 subsistere

1794 1036 2037 1107 gratuito
2067 1010 2424 1089 concedatur.
2455 1032 2608 1098 Quod
2640 1032 2683 1086 si
2718 1010 3063 1086 contenditis
3080 1027 3384 1082 naturalem

1795 1127 2000 1183 Christi
2023 1141 2318 1197 personam
2346 1139 2467 1179 eam
2503 1139 2645 1186 esse,
2683 1138 2806 1192 qua:
2838 1137 2946 1176 una
2972 1135 3040 1175 ex
3067 1119 3272 1174 unione
3296 1116 3379 1172 di-

1794 1218 2050 1280 cebatur,
2103 1215 2251 1284 quod
2294 1215 2339 1272 si
2380 1229 2447 1268 ex
2494 1212 2712 1267 duabus
2748 1210 3099 1266 naturalibus
3134 1205 3386 1278 personis

1792 1308 2003 1381 junctis
2029 1302 2223 1362 effecta
2253 1316 2358 1370 est,
2390 1305 2517 1375 quis
2543 1312 2630 1359 est
2656 1305 2748 1359 ille
2773 1304 2937 1357 homo
2968 1302 3127 1371 cujus
3161 1311 3388 1354 natura-

1797 1403 1866 1457 lis
1894 1414 2126 1471 persona
2157 1414 2280 1452 cum
2335 1399 2513 1468 seipsa
2565 1395 2799 1450 unitur?
2854 1393 3029 1448 Ποιηο
3066 1400 3284 1447 contra.
3320 1428 3360 1444 ..

1798 1487 1866 1544 Et
1896 1489 1975 1543 sic
2003 1488 2447 1556 eademperSOna
2478 1486 2803 1547 exsistebat,
2828 1492 3027 1539 etnata
3055 1491 3147 1538 est
3171 1490 3384 1552 postea,
3446 1520 3453 1521 κ

1798 1580 1927 1650 quia
1960 1589 2121 1635 antea
2160 1578 2435 1633 existebat
2473 1586 2535 1632 ut
2582 1576 2892 1641 naturalis,
2920 1582 2977 1630 et
3029 1582 3155 1629 nata
3197 1582 3283 1629 est
3318 1588 3387 1627 ex

1799 1671 2005 1726 unione
2031 1680 2155 1741 post
2182 1680 2503 1724 naturarum
2531 1669 2896 1739 junctionem.

112 1768 208 1821 τοὺ
228 1771 547 1841 προϋπῆρχέ
583 1789 641 1825 τε
676 1773 771 1827 καὶ
801 1772 1189 1842 μεταγέγονεν,
1220 1774 1380 1845 εἰπερ
1418 1774 1494 1837 ὡς
1527 1768 1758 1843 φυσικὸν
1786 1767 1982 1837 προῆν,
2036 1766 2112 1830 ὡς
2140 1765 2199 1820 δὲ
2257 1765 2316 1830 ἐξ
2376 1762 2626 1826 ἑνώσεως
2699 1762 2841 1834 μετὰ
2896 1761 2998 1834 τὴν
3032 1762 3250 1816 σύνοδον
3280 1762 3388 1815 τῶν

115 1859 359 1927 φυσικῶν
390 1860 615 1927 γέγονεν
631 1879 647 1928 ;

704 1957 954 2011 ΚΕΦΛΛ.
982 1958 1109 2018 AE’,

189 2045 249 2100 Ei
269 2047 417 2100 ἔστιν
433 2049 461 2101 6
489 2047 660 2114 Λόγος
685 2049 712 2101 ὃ
750 2045 839 2119 ἦν,
866 2053 963 2103 καὶ.
1007 2049 1156 2103 ἔστιν
1179 2049 1208 2102 ὃ
1226 2048 1473 2118 γέγονεν,
1504 2044 1573 2119 ἦν
1597 2049 1701 2120 μὲν

115 2134 269 2199 Θεὸς,
299 2135 490 2203 γέγονε
525 2137 581 2189 δὲ
600 2137 695 2190 ἄνθ
706 2155 884 2207 ρωπος
905 2141 963 2192 ἐν
981 2139 1062 2192 ὲνὶ
1083 2138 1362 2210 προσώπῳ
1385 2140 1478 2193 τοῦ
1500 2139 1696 2207 Λόγου,

114 2226 179 2280 οὑ
203 2227 425 2283 δύναται
450 2223 588 2281 εἶναι
611 2231 919 2300 ἀμφότερα·
953 2231 1073 2294 ὅλος
1101 2230 1211 2301 γὰρ
1242 2232 1467 2301 γέγονεν
1493 2231 1701 2299 ἄνθρω-

118 2335 241 2383 πος,
294 2318 455 2388 φύσιν
480 2319 617 2387 ἔχων
675 2319 966 2391 ἀνθρώπου
1000 2323 1095 2374 καὶ
1123 2324 1443 2391 «odoror-tow
1473 2322 1621 2375 Ἀλλ’
1648 2323 1701 2376 εί

115 2407 213 2461 καὶ
240 2411 305 2478 τῇ
330 2409 685 2479 ὲμπροσώπῳ
722 2408 859 2461 Θεοῦ
899 2408 1061 2477 φύσει
1089 2411 1221 2475 Θεὸς
1253 2406 1324 2482 ἦν
1351 2413 1380 2465 ό
1411 2412 1588 2479 Λόγος
1622 2412 1699 2476 ὡς

115 2500 332 2571 φύσεως
356 2501 507 2564 θείας
532 2500 608 2554 ὢν
634 2501 860 2572 δηλαδὴ,
897 2502 995 2573 τὴν
1024 2503 1322 2556 ὑπόστασιν
1364 2502 1555 2563 αὑτοῦ,
1599 2505 1699 2573 οὑχ

113 2592 193 2656 ὡς
218 2592 403 2656 ἁπλῶς
425 2594 726 2656 ὑπόστασις
744 2588 812 2664 ἦν
829 2594 982 2659 θεὸς,
1012 2595 1125 2648 ἀλλ’
1149 2597 1224 2657 ώς
1240 2595 1456 2648 τοιᾶσδε
1483 2594 1701 2663 φύσεως

119 2687 287 2759 οὔσης
318 2687 470 2758 αὑτῷ
492 2688 588 2757 τῆς
610 2688 965 2753 ὑποστάσεως
985 2707 999 2720 ·
1024 2691 1153 2742 ἐπεὶ
1172 2689 1405 2762 ὁιῐατὴρ
1429 2691 1528 2743 οὑκ
1546 2690 1698 2742 ἔσται

114 2779 271 2845 Θεὸς,
301 2781 421 2834 ἐπεὶ
478 2781 551 2849 μὴ
585 2781 799 2834 τοιᾶσδε
828 2781 949 2843 οἵας
1003 2782 1031 2834 6
1071 2781 1246 2848 Λόγος
1277 2784 1423 2834 ἐστὶν
1459 2782 1696 2835 ὑποστά-

117 2888 291 2936 σεωςο
343 2873 437 2925 καὶ
467 2871 755 2945 ἄνθρωπος
792 2873 900 2942 ἄρα
952 2873 1178 2940 γέγονεν
1234 2875 1302 2943 τῇ
1333 2874 1433 2940 τῆς
1481 2872 1699 2941 φύσεως

114 2962 219 3033 τῆς
251 2964 600 3034 ἀνθρωπίνης
666 2963 994 3034 προσλήψει,
1050 2966 1098 3017 εἰ
1158 2964 1253 3017 καὶ
1294 2963 1610 3035 ἁπροσώπῳ
1664 2966 1697 3035 ἡ

118 3056 261 3128 αὑτὴ
290 3056 586 3120 ὑπόστασις
619 3055 713 3108 τοῦ
744 3056 918 3123 Λόγου
940 3073 953 3086 ·
979 3057 1028 3108 εί
1062 3056 1162 3124 μὲν
1193 3056 1303 3124 γὰρ
1333 3059 1426 3110 καὶ
1454 3058 1697 3109 ὑπόστα-

118 3166 209 3204 σιν
252 3150 455 3219 σαρκὸς
490 3148 856 3219 προσελάϐετο
890 3149 920 3218 ή
952 3148 1248 3209 ὑπόστασις
1278 3147 1371 3199 τοῦ
1402 3148 1600 3214 Λόγου,
1636 3149 1697 3201 οὑ

117 3240 393 3309 γέγονενὸ
414 3241 582 3309 Λόγος
614 3238 771 3310 σάρξ,
802 3240 915 3292 ἀλλ’
941 3240 1212 3308 ἐκτήσατο
1243 3238 1421 3306 σάρκα
1450 3241 1477 3290 ὀ
1504 3240 1695 3306 Λόγος*

2402 1948 2557 2005 CAP.
2599 1944 2819 2003 XXXV.

1872 2044 1928 2100 Si
1959 2043 2201 2100 Verbum
2233 2051 2318 2097 est
2350 2041 2516 2095 simul
2554 2040 2702 2112 quod
2735 2049 2875 2104 erat,
2913 2048 2970 2093 et
2999 2038 3145 2109 quod
3182 2039 3385 2093 factum

1798 2144 1903 2199 est,
1936 2144 1993 2189 et
2021 2143 2142 2189 erat
2170 2134 2334 2197 Deus,
2362 2132 2539 2187 factus
2581 2142 2667 2187 est
2709 2132 2875 2186 homo
2911 2131 2965 2184 in
2995 2147 3102 2184 una
3148 2147 3386 2201 persona

1798 2225 1988 2288 Verbi,
2017 2234 2314 2294 utrumque
2340 2239 2451 2278 non
2483 2229 2664 2293 potest
2690 2221 2917 2285 salvari,
2938 2221 3211 2290 siquidem
3238 2230 3389 2276 totus

1803 2314 1966 2369 homo
2000 2315 2180 2370 factus
2206 2320 2311 2379 est,
2349 2329 2473 2368 eum
2507 2320 2704 2367 natura
2744 2320 2804 2367 et
2838 2324 3079 2382 persona
3118 2311 3382 2367 hominis.

1801 2406 1858 2462 Si
1890 2416 2083 2462 natura
2111 2407 2281 2461 Deum
2315 2406 2525 2461 ferente
2557 2406 2702 2460 Deus
2733 2415 2855 2460 erat
2888 2404 3150 2470 Verbum,
3185 2419 3387 2474 nempe

1799 2506 1994 2551 natura
2037 2496 2225 2551 divina
2272 2496 2590 2567 prmditum,
2627 2509 2783 2549 suam
2831 2507 3124 2565 personam
3164 2493 3381 2555 habuit,

1799 2602 1910 2643 non
1956 2588 2104 2658 quod
2140 2588 2230 2641 illa
2268 2602 2502 2656 persona
2537 2586 2794 2641 absolute
2824 2585 2972 2639 Deus
2993 2586 3086 2649 sit,
3126 2583 3221 2638 sed
3254 2582 3384 2652 quia

1800 2677 1926 2732 talis
1965 2684 2173 2732 natura:
2221 2686 2343 2731 erat
2379 2676 2493 2729 haec
2540 2689 2797 2745 persona.
2832 2673 3006 2743 Secus
3037 2674 3185 2729 enim
3240 2673 3388 2727 Dens

1798 2782 1910 2822 non
1941 2778 2088 2823 esset
2118 2768 2302 2832 Pater,
2338 2768 2433 2837 qui
2466 2768 2714 2822 eamdem
2755 2782 3046 2836 personam
3080 2781 3189 2820 non
3220 2766 3389 2821 habet

1799 2868 1966 2928 atque
2007 2859 2273 2914 Verbum.
2335 2859 2399 2913 Et
2438 2858 2663 2914 aliunde
2708 2859 2875 2913 Verbi
2926 2874 3161 2929 persona
3218 2857 3389 2912 homo

1799 2949 1941 3004 facta
1993 2958 2096 3013 est,
2130 2964 2419 3003 assumens
2456 2959 2710 3003 naturam
2768 2950 3086 3009 humanam,
3157 2954 3214 3001 et
3265 2962 3386 2998 eam

1801 3026 2247 3111 impersonalenf.
2279 3039 2575 3093 Personam
2613 3039 2759 3093 enim
2795 3038 2979 3092 carnis
3004 3038 3047 3091 si
3088 3035 3391 3103 accepisset

1798 3131 1965 3187 Verbi
2018 3146 2276 3201 persona,
2311 3131 2551 3185 Verbum
2595 3146 2726 3185 caro
2776 3145 2885 3184 non
2928 3130 3133 3182 factum
3165 3126 3384 3189 fuisset,

1801 3223 1899 3280 sed
1945 3236 2167 3278 carnem
2219 3221 2643 3292 acquisivisset;
2698 3231 2755 3276 et
2788 3221 2857 3285 si,
2911 3230 2971 3275 ut
3028 3232 3280 3289 persona,
3317 3217 3390 3269 ita

120 3306 172 3388 ei
203 3306 259 3387 δὲ
290 3334 383 3388 καὶ
415 3335 449 3404 ὴ
497 3306 662 3401 φύσις
687 3306 862 3385 ταὺτοῦ
888 3306 1082 3400 γέγονε
1119 3331 1323 3400 σαρκὸς
1353 3330 1534 3400 φύσις,
1564 3331 1639 3394 ὡς
1668 3332 1700 3401 ἠ

1807 3325 2002 3368 natura
2046 3312 2220 3383 ipsius
2252 3312 2394 3368 facta
2440 3312 2635 3367 fuisset
2684 3321 2881 3367 natura
2910 3312 3112 3374 carnis,
3146 3306 3389 3361 Verbum

120 3427 441 3489 ὑπόστασις,
476 3425 576 3478 οὑκ
621 3426 937 3494 ἐσκήνωσεν
969 3426 1026 3477 ἐν
1072 3427 1207 3494 ἡμῖν
1251 3426 1362 3486 τοῖς
1397 3426 1702 3493 σαρκικοῖς,

120 3519 290 3588 ἤγουν
310 3518 387 3578 εἰς
411 3517 611 3586 σάρκα,
645 3515 757 3569 ἀλλ’
795 3517 1008 3586 ἐτράπη
1033 3518 1113 3576 εἰς
1141 3515 1314 3586 αὑτὴν
1339 3517 1367 3568 ὁ
1395 3515 1588 3582 Λόγοςι
1615 3514 1706 3568 δύ-

118 3627 281 3662 ναται
299 3606 392 3661 οὑν
409 3607 478 3660 τὰ
496 3607 699 3676 φυσικά
727 3607 967 3676 ὀνόματα
984 3607 1270 3679 ἀμφότερα
1287 3607 1474 3676 φέρειν
1494 3607 1522 3658 ὁ
1536 3606 1708 3673 Λόγος

120 3702 185 3752 ὲν
219 3697 290 3767 τῷ
321 3698 404 3750 ἐνὶ
440 3698 621 3766 διφυεῖ
647 3696 762 3759 νῦν,
821 3695 991 3748 πάλαι
1019 3696 1076 3748 δὲ
1126 3699 1385 3766 μονοφυεῖ
1430 3695 1708 3765 προσώπῳ

119 3791 288 3844 αὑτοὺ
310 3809 322 3822 ’
356 3792 403 3842 εἰ
432 3791 488 3844 δὲ
517 3790 667 3856 λέγοι
713 3805 794 3849 τις
845 3787 920 3856 μὴ
974 3786 1238 3840 δύνασθαι
1269 3788 1459 3857 φέρειν
1513 3787 1709 3857 ἑτέραν

122 3882 287 3952 φύσιν
323 3885 379 3935 ὲν
434 3880 633 3950 ἑαυτῷ,
693 3881 801 3932 οὐδ’
832 3879 940 3949 ἄρα
977 3878 1046 3932 τά
1091 3878 1192 3948 τῆς
1235 3881 1504 3949 σαρκικῆς
1552 3878 1708 3948 ἡμῶν

120 3974 339 4043 φύσεως
365 3973 462 4040 τῆς
488 3972 582 4024 νῦν
605 3974 874 4040 πρόσωπα
895 3972 993 4042 τὴν
1024 3971 1402 4039 πνευματικὴν
1420 3969 1605 4039 φύσιν,
1636 3973 1693 4022 ἐν

116 4070 192 4138 τῇ
224 4064 494 4138 μελλούσῃ
522 4063 819 4117 ἀναϐιώσει
855 4061 1247 4127 καταδέξανται
1280 4062 1421 4116 αὑτά
1442 4078 1457 4092 °
1498 4062 1613 4114 ἀλλ’
1669 4062 1702 4133 ἢ

118 4159 221 4212 καὶ
267 4155 459 4226 ἐτέρας
488 4154 816 4215 ὑποστάσεις
847 4151 1087 4218 ἕξουσιν,
1139 4150 1172 4221 ἦ
1204 4150 1324 4205 οὑδὲ
1356 4150 1481 4215 ’τὰς
1514 4150 1706 4220 φύσεις

116 4247 384 4317 ἀμείνους
401 4263 415 4277 ο
448 4245 668 4313 φύσεως
694 4244 750 4296 δὲ
775 4243 870 4296 καὶ
898 4243 1248 4305 ὑποστάσεως
1271 4245 1322 4295 εἱ
1350 4243 1508 4313 μόνος
1527 4242 1556 4294 6
1575 4242 1707 4307 Θεὸς

116 4340 320 4403 αἴτιος,
354 4337 409 4389 τί
439 4337 499 4389 τὸ
553 4334 762 4390 κωλὺον
810 4334 972 4387 αὑτὸν
1008 4332 1356 4403 μετατιθέναι
1390 4332 1554 4403 φύσιν
1587 4335 1710 4389 τινὰ

116 4433 205 4494 εἰς
236 4429 432 4500 ἑτέραν
458 4428 796 4491 ὑπόστασινς
826 4427 922 4478 καὶ
957 4424 1260 4479 ὑπόστασιν
1289 4425 1598 4496 ἀλλοτρίαν,
1627 4427 1709 4490 είς

116 4525 318 4595 ἑτέραν
376 4521 568 4590 φύσινς
610 4521 770 4591 εἰπερ
817 4518 1181 4590 αὑτῷπάντα
1225 4519 1428 4574 δυνατὰ
1455 4519 1704 4591 ἀληθῶςο

115 4620 260 4673 ὅπου
287 4633 350 4687 γε
373 4615 466 4670 καὶ
493 4614 601 4668 τῶν
631 4614 1012 4667 ὲνυποστάτων
1043 4612 1198 4675 ζώων
1224 4613 1318 4665 καὶ
1345 4612 1585 4682 βοτανῶν
1609 4614 1678 4668 τὰ

120 4710 342 4779 φύσεις,
377 4708 458 4771 εἰς
494 4706 687 4777 ἑτέρας
732 4704 1065 4766 ὑποστάσεις
1099 4703 1534 4774 μετατιθεμένας
1564 4704 1706 4774 όρῶ-

123 4819 227 4872 μεν
263 4800 472 4869 σαφῶς,
501 4800 596 4866 ἀφ’
621 4792 695 4852 ὧν
730 4799 989 4870 τρέφεται
1012 4796 1082 4850 τά
1118 4797 1456 4867 τρεφόμεναο
1491 4796 1713 4860 καὶτὰς

117 4892 453 4952 ὑποστάσεις
493 4891 568 4950 εἰς
596 4891 788 4960 ἐτέρας
824 4890 1038 4957 φύσεις,
1065 4883 1178 4943 οἷον
1204 4889 1298 4942 tut
1333 4889 1443 4942 τῶν
1474 4889 1539 4942 ὲκ
1571 4888 1715 4943 σκώ-

117 4986 290 5054 ληκος
312 4983 392 5044 εἰς
423 4979 624 5049 πτηνὸν
656 4979 1104 5050 μεταφυομένων.

707 5070 957 5123 ΚΕΦΑΛ.
991 5071 1132 5139 AG’.
1192 5072 1207 5079 ‘

198 5160 275 5214 Τὸ
301 5160 461 5230 φύσει
489 5159 619 5223 Υἱὸς
642 5158 735 5210 τοὺ
766 5157 924 5222 Θεοῦ,
961 5160 1057 5212 καὶ
1085 5161 1144 5213 τὸ
1174 5160 1337 5229 φύσει
1359 5164 1475 5228 υίὸς
1498 5164 1710 5236 ἀνθρώ-

121 5269 255 5316 που,
286 5249 633 5314 ὑποστάσεώς
686 5252 802 5303 ἐστι
845 5249 1107 5320 ὀνόματα,
1138 5244 1215 5305 ὧν
1244 5254 1413 5325 χωρὶς
1433 5256 1534 5309 οὐκ
1561 5256 1709 5310 ὲνδέ..

119 5363 283 5417 χεται
311 5343 486 5417 ὀρθῶς
514 5344 797 5415 ὁμολογεῖν
824 5343 918 5396 τὸν
942 5343 1390 5414 Χριστιανισμὸν,
1419 5348 1513 5400 καὶ
1532 5349 1711 5417 ἀμφό-

117 5454 262 5509 τερα
291 5438 350 5491 ὲν
377 5436 454 5506 τῷ
488 5438 567 5493 ἑνὶ
596 5435 819 5507 Χριστῷ
848 5437 1214 5514 όμολογεῖται,
1242 5439 1341 5492 οὑκ
1372 5441 1430 5491 ὲν
1462 5439 1709 5510 ἐκατέρῳ

118 5528 438 5600 ἀμφότερα.
473 5528 859 5592 Ὑποστάσεως
892 5529 1013 5598 μὲν,
1046 5528 1183 5583 ἀλλὰ
1203 5529 1304 5597 τῆς
1342 5530 1515 5599 αὑτῆς
1543 5531 1713 5600 πρόσ-

122 5618 248 5684 Θες·
291 5621 340 5673 εἰ
368 5622 475 5692 γὰρ
510 5620 687 5692 ὀρθῶς
720 5622 1007 5692 ἀμφότερα
1044 5624 1103 5675 ὲν
1124 5622 1202 5693 τῷ
1227 5622 1308 5674 ἐνὶ¹
1335 5622 1557 5693 Χριστῷ
1585 5624 1713 5693 ὁμο-

121 5710 395 5781 λογεῖται,
420 5712 489 5764 τὰ
509 5712 603 5765 δύο
624 5714 865 5784 ὀνόματα
905 5716 999 5766 ἐπὶ
1023 5714 1122 5783 τῆς
1153 5714 1323 5782 αὑτῆς
1348 5714 1713 5776 ὑποστάσεως

124 5801 224 5857 τοῦ
277 5804 394 5868 ἑνὸς
427 5804 667 5877 Χριστοῦ
695 5808 892 5871 κεῖται,
922 5806 1108 5876 ῶσπερ
1142 5805 1234 5859 ἐπὶ
1288 5806 1396 5860 τῶν
1423 5805 1709 5877 διωνύμων

1682 4631 1785 4711 ςι)

1811 3420 1920 3459 non
1950 3404 2252 3458 habitasset
2271 3403 2328 3456 in
2356 3402 2518 3457 nobis
2546 3402 2883 3466 carnalibus,
2917 3399 2973 3456 id
3001 3408 3087 3455 est
3119 3399 3176 3453 in
3202 3410 3387 3461 carne,

1809 3496 1907 3552 sed
1958 3498 2011 3550 in
2054 3495 2226 3565 ipsam
2278 3496 2474 3550 fuisset
2522 3509 2870 3550 conversum.
2942 3493 3175 3549 Nomina
3224 3489 3388 3560 igitur

1810 3589 2100 3657 utriusque
2158 3594 2373 3642 naturae
2404 3595 2585 3656 potest
2614 3588 2870 3656 excipere
2911 3586 3178 3646 Verbum,
3236 3580 3391 3651 quod

1810 3684 1866 3737 in
1918 3699 2023 3737 una
2065 3698 2301 3752 persona
2361 3682 2601 3752 duplicis
2655 3692 2866 3737 naturae
2901 3682 3065 3736 hodie
3116 3680 3390 3747 subsistit,

1809 3781 1968 3828 antea
2001 3774 2055 3827 in
2089 3764 2254 3828 unius
2281 3786 2517 3827 naturae.
2560 3771 2615 3826 Si
2649 3773 2834 3827 adhuc
2886 3771 3169 3826 diceretur
3201 3787 3230 3823 a
3266 3786 3393 3840 per-

1811 3881 1945 3920 sona
1982 3865 2149 3919 unius
2198 3871 2410 3918 natura:
2459 3863 2691 3923 alteram
2746 3871 2998 3916 naturam
3043 3861 3216 3930 accipi
3282 3876 3393 3914 non

1809 3970 1994 4026 posse,
2052 3969 2232 4023 neque
2307 3967 2543 4023 persona
2606 3960 2811 4005 nostrae
2868 3950 3110 4004 carnalis
3183 3956 3395 4003 natune

1809 4044 2156 4117 spiritualem
2186 4051 2442 4099 naturam
2473 4042 2528 4097 in
2567 4041 2750 4097 futura
2806 4040 3217 4095 resurrectione
3246 4040 3394 4094 acci‘

1809 4153 1942 4210 pere
1970 4144 2197 4208 posset;
2233 4134 2330 4190 sed
2364 4135 2448 4189 vel
2497 4134 2668 4188 altera
2719 4148 2954 4203 persona
2982 4132 3240 4196 daretur,
3284 4147 3395 4186 non

1812 4230 2116 4286 haberetur
2165 4226 2364 4280 melior
2412 4234 2632 4279 natura.
2689 4224 2826 4278 Cum
2873 4230 3057 4278 autem
3098 4231 3311 4277 naturae
3340 4231 3399 4277 et

1810 4333 2063 4391 personae
2094 4317 2246 4371 solus
2277 4315 2421 4369 Deus
2452 4314 2524 4369 sit
2556 4324 2782 4378 auctor,
2818 4314 2951 4383 quid
2982 4328 3110 4367 eum
3139 4313 3398 4382 prohibet

1813 4425 1980 4466 unam
2030 4418 2285 4463 naturam
2347 4407 2403 4460 in
2456 4407 2684 4460 alteram
2728 4422 3019 4475 personam
3064 4404 3400 4460 transferre?

1813 4508 1910 4555 aut
1958 4498 2197 4553 alienam
2242 4512 2539 4566 personam
2579 4496 2635 4551 in
2670 4498 2900 4552 alteram
2930 4497 3226 4552 naturain?
3261 4496 3400 4552 Huic

1814 4590 2063 4663 profecto
2108 4588 2295 4643 omnia
2329 4587 2617 4657 possibilia
2650 4595 2813 4651 sunt,
2866 4588 3128 4657 quoniam
3175 4599 3401 4642 naturas

1810 4697 2196 4754 personarum,
2219 4680 2545 4735 animalium
2566 4687 2623 4734 et
2653 4680 2987 4749 plantarum,
3017 4679 3222 4748 quibus
3243 4679 3402 4732 alun-

1812 4787 1904 4834 tur
1941 4777 2247 4832 nutriendze
2280 4776 2403 4831 alia:
2429 4790 2701 4844 personas,
2731 4774 2987 4828 videmus
3018 4774 3073 4827 in
3100 4789 3196 4827 eas
3224 4781 3402 4826 trans-

1812 4869 2084 4935 formari;
2143 4871 2232 4922 vel
2275 4865 2455 4920 adhuc
2502 4878 2768 4935 personas
2817 4864 2874 4917 in
2914 4878 3112 4918 novam
3146 4871 3401 4915 naturam

1814 4963 2074 5033 migrare,
2107 4972 2324 5012 vermes
2356 4956 2411 5009 in
2429 4955 2683 5023 volatilia
2715 4953 2941 5006 mutari.

2399 5059 2551 5115 CAP.
2588 5057 2832 5114 XXXVI.

1888 5162 2148 5216 Personm
2191 5156 2418 5212 nomina
2467 5162 2599 5210 sunt
2643 5155 2782 5217 ista,
2824 5153 3000 5209 Filius
3036 5152 3132 5209 Dei
3178 5162 3399 5218 natura,

1816 5261 2018 5307 natura
2051 5250 2196 5304 filius
2224 5247 2498 5310 hominis,
2538 5246 2659 5300 sine
2689 5244 2894 5314 quibus
2920 5244 3402 5300 Christianismum

1818 5353 1969 5399 recte
1999 5342 2253 5398 confiteri
2286 5349 2372 5396 est
2397 5337 2772 5409 impossibile;
2808 5339 2970 5393 ambo
2999 5337 3069 5392 de
3100 5352 3211 5391 uno
3237 5337 3403 5393 Chri-

1818 5446 1927 5499 sto,
1960 5452 2071 5490 non
2099 5435 2170 5489 de
2194 5435 2468 5489 alterutro
2502 5433 2663 5487 ambo
2691 5431 2976 5485 dicuntur.
3010 5429 3246 5484 Nomina
3277 5437 3407 5487 sunt

1817 5543 2105 5600 personae,
2162 5526 2259 5582 sed
2310 5524 2560 5595 ejusdem
2609 5535 2861 5593 persona;
2896 5540 2909 5576 :
2942 5522 2987 5576 si
3017 5522 3165 5576 enim
3199 5522 3267 5577 de
3295 5539 3408 5579 uno

1815 5619 2040 5675 Christo
2080 5618 2245 5673 ambo
2278 5626 2425 5671 recte
2457 5623 2818 5685 usurpantur,
2851 5614 2917 5668 ad
2943 5614 3191 5668 eamdem
3221 5629 3410 5684 perso-

1817 5728 1944 5767 nam
1978 5712 2145 5766 unius
2172 5710 2402 5771 Christi,
2442 5718 2667 5778 accepta
2700 5723 2765 5761 ex
2795 5722 2906 5760 uno
2934 5716 2990 5761 et
3018 5707 3188 5761 altero
3214 5707 3404 5769 verba,

1819 5806 2167 5870 referuntur,
2207 5788 2672 5874 quemadmodum
2710 5800 2899 5855 evenit
2948 5800 3038 5856 his
3078 5802 3245 5858 rebus
3284 5812 3408 5867 quae
