3876 6310
98 319 242 383 ῙῧίῖἾ
399 342 409 354 '
1040 323 1444 386 ADVERSUS
1479 318 2029 381 NESTORIANOS.
2064 348 2127 359 --
2170 324 2315 385 LIB.
2359 325 2443 387 II.
3262 325 3397 394 1598

38 424 41 451 ⁵
91 432 191 484 ὅτε
220 426 325 485 οὖν
356 432 507 500 λέγει
536 433 714 505 σάρκα
738 434 830 488 τὸν
856 433 1165 506 ἄνθρωπον,
1193 436 1268 499 ὡς
1298 435 1357 487 ὲν
1384 432 1485 503 τῷ,
1516 452 1534 485 ι
1566 430 1691 503 Πρὸς

1817 430 2038 498 quando
2072 431 2238 488 homo
2268 450 2397 489 caro
2422 422 2648 501 dicitur,
2679 435 2825 493 sicut
2850 434 2958 494 hoc
2982 437 3107 495 loco
3136 456 3152 494 :
3188 457 3208 492 ι
3235 438 3318 496 Ad
3345 450 3396 494 te

38 516 39 543 ῖ
95 524 157 575 σὲ
190 525 351 578 πᾶσα
379 525 517 596 σάρξ
532 527 672 597 ἦξει,
695 546 715 578 ι
742 528 879 595 μετὰ
896 528 994 597 τῆς
1009 527 1190 597 ψυχῆς
1213 526 1370 580 καλεῖ
1391 525 1557 580 αὐτὸν
1582 523 1691 595 μίαη

1817 522 1999 578 omnis
2029 539 2161 579 caro
2193 527 2375 581 veniet
2405 546 2422 578 ι
2448 568 2464 595 ,
2507 528 2598 582 ille
2629 543 2754 583 cum
2787 528 2970 584 anima
3011 544 3142 585 caro
3170 530 3396 597 dicitur,

38 634 39 639 ‘
93 615 320 687 σάρκα,
375 617 532 688 δῆλον
563 619 644 672 ὅτι
677 620 850 690 ἥμισυ
897 619 996 690 τῆς
1028 619 1159 688 μιᾶς
1211 618 1416 688 σαρκός
1475 620 1627 672 ἐστιν
1676 618 1691 667 i

1817 627 1921 669 nec
1954 622 2136 671 tamen
2171 616 2410 673 habetur
2437 618 2625 673 anima
2656 635 2787 690 pars
2811 619 2993 676 media
3020 620 3225 676 carnis.

38 730 41 733 ·
91 704 280 788 iuxe-

2422 820 2577 878 CAP.
2616 822 2781 878 XLII.

1884 931 1988 999 Qui
2010 932 2311 990 conﬁtetur
2330 935 2610 992 Christum
2635 938 2798 993 simul
2816 939 2987 994 Deum
3013 948 3070 994 et
3090 939 3393 1006 hominem,

1812 1037 1917 1077 nec
1944 1022 2080 1078 dicit
2107 1024 2271 1079 simul
2301 1024 2581 1081 Christum
2612 1036 2669 1081 et
2695 1028 2952 1094 alterum,
2986 1044 3098 1084 non
3126 1029 3395 1084 sibi'con-

1814 1113 2006 1199 sentit.
2067 1113 2175 1169 Sed
2228 1115 2482 1185 nunquid
2526 1117 2792 1187 possibile
2824 1126 2908 1173 est
2942 1118 2998 1172 in
3030 1127 3145 1174 toto
3172 1118 3397 1176 Christo

1813 1205 1953 1259 duos
1998 1207 2231 1275 reperiri
2269 1207 2521 1264 Christos
2558 1210 2902 1279 completos?
2942 1211 3084 1268 Cum
3111 1212 3396 1282 loquimur

1813 1300 1882 1355 de
1913 1315 2025 1354 uno
2054 1298 2280 1354 Christo
2309 1300 2485 1356 altero
2512 1310 2569 1377 et
2599 1300 2801 1367 altero,
2838 1316 2869 1355 a
2903 1311 3061 1372 parte
3094 1302 3148 1357 in
3178 1311 3394 1373 partem

1813 1390 2135 1446 transimus-

709 822 963 877 ΚΕΦΑΛ.
988 821 1122 877 MB'.

38 986 39 989 η
188 931 252 987 Ὀ
270 934 560 1004 ὁμολογῶν
585 936 679 989 τὸν
699 936 936 1006 Χριστὸν
953 935 1087 1007 ὁμοῦ
1118 934 1251 988 Θεὸν
1283 934 1376 987 καὶ
1402 932 1708 1004 ἄνθρωπον,

95 1025 199 1076 καὶ
265 1025 352 1096 μὴ
380 1026 557 1094 λέγων
589 1028 680 1081 τὸν
732 1028 972 1099 Χριστὸν
1007 1027 1145 1098 ὁμοῦ
1177 1027 1385 1098 ἓτερον,
1421 1026 1519 1097 τὴν
1572 1026 1712 1080 ἰδίαν

92 1116 338 1187 ἀναιρεῖ
391 1119 702 1187 ὁμολογίαν.
739 1121 851 1174 Καὶ
899 1121 1021 1184 πῶς
1076 1121 1303 1173 δυνατὸν
1338 1120 1399 1172 τὸ
1428 1120 1563 1174 αὐτὸ
1591 1119 1711 1172 ὅλον

93 1206 382 1275 Χριστοῦ,
415 1208 602 1282 ἕτερον
631 1213 725 1264 καὶ
745 1211 936 1283 ἕτερον
955 1213 1076 1266 ὅλον
1110 1213 1227 1275 ἐνὸς
1258 1212 1497 1282 Χριστοῦ
1523 1215 1705 1277 νοεῖν;

93 1296 215 1365 ἄρα
254 1291 360 1351 οὖν
383 1299 448 1350 ὲκ
478 1301 677 1370 μέρους
706 1303 803 1356 καὶ
825 1303 962 1375 πρὸς
998 1304 1163 1375 μέρος
1186 1302 1364 1366 ,αὑτοῦ
1413 1306 1563 1357 ἐστιν
1588 1305 1708 1356 Ets-

99 1389 198 1457 ρὸς
231 1391 333 1442 καὶ
360 1390 545 1463 ἕτερος
580 1393 609 1445 6
633 1387 714 1456 εἷς
734 1394 994 1466 Χριστός.

700 1531 955 1585 ΚΕΦΛΛ.
1003 1532 1135 1586 Ml".

172 1641 361 1694 Φασὶν
390 1643 471 1697 ἔτι
506 1644 589 1698 ὅτι
617 1645 666 1697 εἱ
690 1645 915 1714 γέγονεν
949 1646 1240 1717 ἄνθρωπος
1269 1647 1298 1700 6
1322 1646 1518 1717 Λογος,
1547 1646 1705 1718 δῆλον

90 1732 178 1786 ὅτι
202 1751 297 1798 τις
331 1735 648 1807 ἄνθρωπος’
678 1739 779 1791 οὐκ
798 1738 915 1791 ἔστι
945 1738 1053 1807 γὰρ
1073 1738 1383 1809 ἄνθρωπος,
1416 1739 1493 1811 μὴ
1524 1738 1599 1792 ὧν
1615 1757 1698 1803 τις

88 1824 405 1893 ἄνθρωπος
429 1843 442 1857 ·
473 1830 501 1882 ὁ
520 1828 576 1881 δέ
602 1847 685 1893 τις
710 1829 1019 1901 ἄνθρωπος,
1044 1830 1335 1902 ἀνθρώπου
1365 1831 1695 1894 ὑπόστασις·

2411 1529 2566 1588 CAP.
2600 1530 2789 1586 XLIII.

1879 1643 1935 1699 Si
1991 1643 2233 1700 Verbum
2284 1641 2454 1698 homo
2497 1640 2701 1696 factum
2739 1648 2864 1706 est,
2914 1639 3161 1710 profecto
3194 1640 3396 1711 aliquis

1810 1735 1975 1791 homo
2019 1744 2105 1792 est
2160 1735 2360 1807 (homo
2386 1735 2533 1790 enim
2564 1749 2673 1788 non
2698 1741 2804 1797 est,
2831 1734 2927 1803 qui
2952 1749 3062 1788 non
3088 1742 3173 1789 est
3194 1734 3395 1805 aliquis

1801 1827 2223 1901 homo);aliquis
2246 1827 2412 1882 homo
2428 1835 2513 1882 est
2530 1840 2793 1895 persona;
2823 1823 2990 1892 igitur
3011 1825 3096 1880 vel
3121 1826 3243 1880 duae
3266 1832 3393 1879 sunt

88 1913 125 1982 ἤ
169 1915 273 1968 οὖν
309 1916 408 1971 δύο
438 1918 774 1983 ὑποστάσεις
812 1921 1076 1990 Χριστοῦ,
1123 1923 1156 1992 ἢ
1191 1924 1224 1994 η
1274 1921 1367 1975 τοῦ
1403 1922 1579 1990 Λόγου
1615 1922 1701 1989 ἐξ·

86 2005 317 2061 ἔλιπεν.
357 2007 498 2061 Ἀλλ’
528 2009 712 2075 ἔνθεος
735 2013 800 2064 ἐκ
824 2011 1047 2083 πρώτης
1071 2012 1359 2083 ὑπάρξεως
1381 2008 1536 2074 οὗτος
1561 2015 1590 2067 6
1614 2017 1700 2078 τὶς

86 2098 399 2170 ἄνθρωπος
431 2101 669 2173 Χριστὸς
697 2103 795 2173 τὴν
823 2103 1121 2157 ὑπόστασίν
1169 2105 1322 2158 ἐστιν
1341 2120 1354 2134 ⁸
1411 2105 1550 2177 ὅπερ
1578 2099 1699 2158 ἴσον

84 2192 170 2261 τῷ
201 2192 356 2256 Θεὸς
396 2194 574 2248 εἰπεῖν
605 2196 1033 2267 ὲνανθρωπήσας
1088 2196 1187 2267 τὴν
1240 2196 1562 2259 ὑπόστασίν,
1610 2197 1700 2251 διὰ

82 2287 191 2354 τῆς
229 2284 382 2356 πρὸς
411 2285 513 2357 τὴν
547 2286 695 2340 θείαν
723 2286 914 2341 οὐσίαν
941 2289 1189 2351 ἐνώσεως
1217 2289 1317 2359 τῆς
1345 2286 1699 2360 ἀνθρωπίνης

83 2375 313 2438 οὐσίας.

689 2494 941 2548 ΚΕΦΑΛ.
972 2496 1103 2549 MA'.

156 2608 309 2663 Φασὶ
333 2607 495 2662 πάλιν
520 2609 604 2663 ὅτι
633 2611 682 2662 εί
706 2609 926 2679 ἔμεινεν
960 2609 990 2662 6
1017 2609 1153 2674 Θεὸς
1190 2608 1364 2679 Λόγος
1406 2610 1435 2664 ὃ
1465 2605 1556 2682 ἦν,
1598 2614 1694 2667 καὶ

86 2702 329 2771 γέγονεν
348 2700 379 2753 6
408 2700 509 2755 οὐκ
532 2696 623 2773 ἦν,
651 2701 811 2772 δῆλον
838 2701 922 2755 ὅτι
953 2701 1171 2773 ἔμεινεν
1194 2702 1438 2774 ἄσαρκος
1465 2704 1566 2776 τὴν
1599 2707 1693 2759 οὐ-

89 2792 221 2847 σίαν
260 2792 292 2847 6
348 2794 442 2846 καὶ
474 2787 564 2865 ἦν.
596 2794 705 2848 Καὶ
749 2794 860 2866 γάρ
893 2795 1047 2848 ἐστιν
1085 2793 1256 2859 ὅντως
1303 2794 1548 2868 ἄσαρκος
1592 2797 1694 2867 τὴν

85 2883 291 2938 οὐσίαν
315 2900 331 2916 ⁶
380 2883 497 2937 ἀλλ’
527 2884 650 2956 οὐχὶ
685 2887 846 2939 τοῦτο
889 2886 985 2939 καὶ
1010 2885 1111 2953 τῆς
1141 2884 1496 2952 ὑποστάσεως
1526 2887 1692 2942 αὐτοῦ

84 2973 187 3028 νῦν
217 2976 427 3028 οἰκεῖον
458 2975 852 3048 κατηγόρημα,
880 2977 1070 3046 ὥσπερ
1105 2979 1201 3032 καὶ
1232 2978 1456 3051 ἡψυχὴ,
1491 2978 1694 3045 ζῶντος

86 3068 187 3119 ἐπὶ
208 3068 319 3137 γῆς
344 3067 423 3120 ἔτι
447 3069 752 3135 Βασιλείου,
783 3071 1030 3141 ἄσαρκος
1061 3073 1161 3143 μὲν
1186 3072 1286 3142 τὴν
1335 3073 1549 3137 οὐσίαν,
1601 3090 1692 3127 σε·

90 3159 436 3231 σαρκωμένη
464 3160 523 3213 δέ
545 3162 660 3216 ἐστι
697 3162 796 3234 τὴν
828 3164 1151 3218 ὑπόστασιν.

714 3274 968 3330 ΚΕΦΛΛ.
993 3276 1128 3329 ME’.

175 3384 245 3438 Ἦ
290 3383 428 3454 σάρξ
462 3386 511 3438 εἰ
549 3385 624 3456 μὴ
650 3385 766 3442 ἔστι
811 3389 954 3451 τινὸς
985 3387 1301 3458 ἀνθρώπου,
1338 3389 1500 3458 φύσει
1536 3393 1688 3463 παρὰ

1801 1918 2008 1981 Christi
2049 1933 2301 1989 persona:
2325 1959 2341 1983 ,
2395 1918 2483 1973 vel
2527 1916 2919 1974 delicit’Verbi
2960 1932 3217 1987 persona.
3283 1917 3391 1973 Iste

1801 2013 2005 2084 aliquis
2030 2013 2217 2077 homo,
2249 2013 2527 2078 Christus,
2562 2013 2786 2068 divinus
2811 2021 2897 2069 est
2929 2027 3190 2083 persona,
3217 2029 3248 2068 a
3275 2016 3392 2085 pri-

1801 2121 1891 2160 mo
1920 2105 2147 2160 instanti
2178 2104 2536 2169 exsistentize,
2570 2103 2718 2174 quod
2752 2103 2900 2159 idem
2924 2110 3009 2158 est
3035 2119 3101 2159 ac
3125 2104 3169 2159 si
3194 2103 3384 2159 dicas:

1801 2198 1947 2253 Deus
1991 2198 2359 2265 personaliter
2390 2197 2560 2251 homo
2591 2195 2772 2251 factus
2802 2201 2924 2262 est,
2960 2196 3153 2267 juncta
3185 2195 3389 2252 divinae
3484 2202 3489 2207 '

1799 2288 2121 2346 substantiae
2156 2289 2400 2345 humana
2423 2286 2756 2343 subSIanlia.

2401 2498 2553 2556 CAP.
2590 2499 2778 2555 XLIV.

1873 2618 2074 2674 Dicunt
2113 2617 2314 2680 etiam,
2347 2616 2494 2687 quod
2532 2617 2577 2671 si
2613 2615 2854 2671 Verbum
2886 2615 2984 2672 Dei
3017 2624 3204 2671 manet
3232 2615 3382 2687 quod

1795 2717 1935 2772 erat,
1971 2715 2028 2762 et
2057 2706 2205 2778 quod
2236 2703 2345 2760 non
2373 2716 2495 2763 erat
2522 2706 2728 2762 factum
2756 2715 2862 2773 est,
2891 2706 3018 2762 ideo
3045 2706 3385 2777 incorporea:

1796 2798 2119 2855 substantiae
2164 2798 2431 2854 remansit
2482 2799 2632 2870 quod
2675 2807 2797 2854 erat
2831 2801 3022 2855 'antea.
3056 2798 3261 2863 Etiam,
3297 2809 3384 2854 est

1795 2891 2138 2961 incorporea
2162 2889 2510 2950 substantiae,
2547 2905 2696 2944 nunc
2726 2897 2910 2945 autem
2946 2888 3081 2944 illud
3113 2889 3383 2959 praedica-

1795 2992 1913 3038 tum
1948 2997 2059 3037 non
2083 2987 2169 3036 est
2192 2980 2479 3052 proprium
2506 2994 2757 3050 persona:
2781 2980 2931 3047 ejus;
2967 2980 3134 3043 sicut,
3157 2979 3383 3034 vivente

1797 3076 1851 3131 in
1882 3074 2047 3129 terris
2074 3074 2298 3138 Basilio,
2332 3071 2513 3128 anima
2540 3072 2865 3140 incorporea
2894 3070 3119 3141 quidem
3143 3082 3229 3125 est
3250 3069 3381 3125 sub-

1795 3165 2019 3233 stantia,
2052 3165 2149 3221 sed
2182 3178 2449 3235 corporea
2478 3163 2550 3218 ob
2578 3177 2893 3234 personam.

2405 3289 2558 3346 CAP.
2598 3288 2761 3346 XLV.

1857 3402 1973 3457 Nisi
2003 3417 2132 3458 caro
2162 3402 2237 3458 sit
2261 3401 2496 3469 alicujus
2519 3398 2761 3454 hominis
2809 3398 2904 3468 qui
2929 3405 3126 3453 natura
3161 3412 3271 3452 non
3294 3406 3379 3454 est

64 3476 184 3559 τὸν
208 3475 349 3529 Θεὸν
383 3477 557 3545 Λόγον
582 3477 772 3545 ἐτέρου
828 3480 999 3542 ὄντος,
1055 3479 1192 3532 ἀλλὰ
1212 3480 1308 3534 τοῦ
1343 3481 1499 3548 Θεοῦ,
1528 3483 1687 3554 δῆλον

1817 3492 2028 3547 Verbum
2073 3492 2206 3560 Dei,
2244 3492 2290 3547 si
2323 3492 2396 3547 sit
2424 3490 2545 3554 Dei,
2580 3499 2798 3546 certum
2825 3499 2910 3544 est
2935 3487 3123 3543 carnis
3145 3486 3378 3543 Creato-

88 3568 177 3622 ὅτι
208 3570 239 3622 6
266 3568 370 3639 τῆς
404 3571 608 3641 σαρκὸς
631 3573 978 3643 Δημιουργὸς
996 3573 1091 3625 καὶ
1120 3571 1272 3637 Θεὸς,
1300 3573 1394 3627 τοῦ
1421 3575 1556 3629 Θεοῦ
1583 3577 1685 3631 Λό-

1787 3597 1904 3636 rem
1952 3592 2010 3637 et
2054 3582 2227 3637 Deum
2275 3596 2399 3637 esse
2432 3581 2606 3636 Verbi
2631 3581 2727 3635 Dei
2759 3589 3067 3635 creatorem
3097 3588 3155 3635 et
3177 3579 3375 3635 Deum.

87 3679 194 3730 γου
232 3663 351 3715 ἐστὶ
396 3663 729 3741 δημιουργὸς
779 3666 873 3718 καὶ
911 3665 1065 3728 Θεός.
1113 3666 1255 3719 Ἀλλ’
1293 3666 1442 3721 ἔστιν
1493 3669 1687 3740 ἐτέρας

1817 3676 1884 3730 ist
1908 3674 2132 3745 quidem
2157 3673 2388 3727 alterius
2409 3681 2642 3736 naturae,
2669 3672 2765 3727 sed
2789 3687 2898 3726 non
2922 3686 3192 3740 personae,
3210 3687 3375 3741 quam

91 3754 197 3825 μὲν
220 3754 460 3823 φύσεως,
498 3755 795 3828 προσώπου
826 3757 881 3811 δὲ
904 3758 1057 3828 οὐχί·
1089 3758 1389 3813 άλλάὑτοῦ
1423 3760 1684 3832 ἰδιοποιη-

1787 3775 2042 3821 naturam
2096 3763 2202 3818 sibi
2248 3762 2531 3832 propriam
2584 3761 2717 3818 fecit
2749 3762 3024 3829 Verbum,
3065 3776 3193 3817 cum
3227 3762 3374 3818 illam

88 3847 336 3915 σαμένου
375 3848 545 3919 αὐτὴν
567 3846 661 3901 τοῦ
691 3849 867 3917 Λόγου
901 3851 1205 3922 προσλήψει
1234 3853 1298 3922 τῇ
1328 3852 1409 3915 είς
1423 3851 1522 3923 τὴν
1547 3851 1684 3906 ἰδίαν

1820 3858 2085 3930 ssumpsit
2117 3858 2174 3912 in
2207 3857 2429 3928 propria
2459 3871 2712 3925 persona.

88 3939 259 3993 ..ιὺτοῦ
283 3940 602 3995 ὑπόστασιν.

661 4052 915 4111 ΚΕΦΑΛ.
958 4056 1109 4122 Μςε

169 4165 235 4219 '0
266 4164 445 4235 σάρκα
473 4165 571 4235 μὲν
598 4130 737 4236 ἔχων
768 4168 861 4221 καὶ
904 4167 1083 4240 ψυχὴν
1113 4170 1361 4242 λογικὴν,
1393 4170 1682 4243 ἄνθρωπον

2385 4014 2764 4110 οΑΡζΧινι

1850 4166 1956 4234 Qui
1977 4182 2198 4222 carnem
2224 4167 2394 4222 habet
2418 4177 2471 4221 et
2500 4166 2740 4220 animam
2764 4165 3171 4229 rationabilem,
3193 4166 3373 4221 humi-

82 4254 143 4308 δὲ
172 4255 249 4325 μὴ
282 4254 444 4326 ἔχων,
473 4256 764 4326 ἄνθρωπός
792 4260 940 4312 ἐστιν
976 4260 1159 4330 μόνοςο
1190 4262 1298 4341 όδὲ
1325 4261 1467 4333 ἔχων
1502 4264 1682 4334 σάρκα

1820 4275 1907 4314 em
1940 4267 2124 4314 autem
2156 4275 2266 4314 non
2306 4259 2494 4324 habet,
2529 4258 2693 4313 homo
2730 4265 2816 4313 est
2841 4258 3024 4325 solus;
3060 4258 3155 4328 qui
3186 4266 3370 4314 autem

82 4349 185 4399 καὶ
216 4346 421 4418 ψυχὴν,
451 4347 591 4418 ἔχων
618 4347 675 4401 δὲ
716 4351 813 4403 καὶ
856 4350 948 4427 τὸν
989 4352 1301 4424 ἄνθρωπον,
1335 4356 1523 4428 ἕτερός
1561 4359 1679 4411 ἐστι

1823 4350 1951 4405 abet
1979 4366 2199 4405 carnem
2235 4359 2291 4404 et
2317 4349 2576 4413 animam,
2607 4348 2775 4403 habet
2806 4340 3027 4419 quoque
3063 4349 3367 4413 hominem,
3444 4366 3457 4375 ε

82 4440 244 4511 παρὰ
266 4440 359 4494 τὸν
391 4441 704 4514 ἄνθρωπονο
736 4444 831 4498 καὶ
859 4447 887 4497 6
915 4445 1048 4511 Θεὸς
1078 4443 1172 4503 οὖν
1198 4449 1392 4517 Λόγος,
1425 4451 1473 4503 εξ
1499 4451 1677 4523 σάρκα

1817 4443 1923 4497 lius
1949 4444 2047 4512 est}
2069 4444 2223 4515 juxta
2255 4442 2556 4499 hominem.
2597 4442 2665 4497 Et
2700 4443 2846 4497 Deus
2903 4442 3073 4513 igitur
3102 4442 3367 4505 Verbum.

82 4530 198 4600 ἔχει
236 4531 595 4605 ἐψυχωμένην
635 4534 780 4608 ψυχῇ
812 4535 1026 4610 λογικῇ,
1062 4540 1123 4605 ἐξ
1159 4542 1408 4615 ἀνάγκης
1438 4543 1674 4614 ἔχεικαὶ

1817 4535 2082 4591 icarnem
2131 4536 2297 4590 habet
2341 4536 2640 4590 animatam
2688 4534 2998 4592 rationabili
3044 4535 3250 4601 anima,
3300 4551 3370 4591 ex

80 4623 175 4674 τὸν
216 4623 521 4695 ἄνθρωπον.
559 4627 621 4679 Ei
652 4627 748 4681 οὖν
782 4630 811 4681 6
857 4631 1036 4701 σάρκα
1079 4649 1139 4685 τε
1183 4633 1323 4687 ἀλλὰ
1355 4635 1453 4689 καὶ
1492 4635 1673 4709 ψυχὴν

1819 4626 2108 4682 ecessitate
2139 4627 2306 4682 habet
2329 4628 2497 4683 etiam
2525 4628 2806 4683 hominem
2833 4645 2846 4681 :
2871 4627 2915 4681 si
2942 4626 3110 4699 igitur
3127 4627 3221 4698 qui
3248 4642 3370 4682 car-

80 4712 247 4782 ξχων,
264 4715 551 4785 ἄνθρωπον
571 4718 625 4771 δὲ
647 4720 721 4789 μὴ
740 4718 899 4790 ἔχων.
926 4723 1211 4795 ἄνθρωπός
1234 4726 1405 4794 ἐστιν,
1437 4727 1512 4792 ὡς
1543 4733 1668 4804 φῂς.

1817 4734 1905 4773 em
1955 4728 2011 4774 et
2043 4720 2281 4775 animam
2319 4720 2505 4786 habet,
2537 4721 2817 4777 hominem
2853 4736 2985 4776 vero
3020 4737 3129 4776 non
3177 4722 3365 4789 habet,

78 4807 146 4874 τῇ
182 4804 478 4860 ὑποστάσει
510 4812 576 4879 τῇ
615 4813 712 4881 μιᾷ
743 4805 848 4875 εἷς·
892 4814 988 4866 καὶ⁸
1015 4816 1044 4867 6
1071 4814 1203 4880 Θεὸς
1230 4817 1403 4885 Λόγος
1438 4818 1548 4888 ἄρα
1577 4819 1669 4873 τὸν

1818 4825 1944 4865 omo
1982 4818 2086 4877 est,
2120 4818 2182 4885 ut
2225 4810 2384 4876 dicis,
2434 4811 2492 4865 in
2540 4811 2896 4867 subsistentia
2943 4826 3052 4865 una
3096 4826 3272 4876 unus;
3309 4818 3367 4865 et

80 4894 370 4967 ἄνθρωπον
396 4898 557 4969 ἔχων,
590 4901 771 4973 σάρκα
813 4920 873 4956 τε
904 4906 999 4957 καὶ
1030 4905 1210 4977 ψυχὴν
1245 4907 1378 4979 ἔχει·
1414 4909 1475 4975 ἐξ
1499 4911 1669 4980 άνάγ-

1817 4917 1924 4956 ιευε
1948 4900 2193 4957 Verbum
2225 4901 2506 4955 hominem
2539 4901 2752 4955 habens
2786 4914 3009 4954 carnem
3037 4907 3094 4953 et
3121 4899 3362 4952 animam

79 5004 187 5058 κης
234 4985 329 5043 οὗν
366 4990 502 5062 πρὸς
530 4995 596 5063 τῇ
649 4993 865 5068 θεότητι
900 4998 930 5050 6
975 4996 1262 5070 ἄνθρωπος
1316 4997 1400 5066 εἷς
1449 5005 1565 5058 ἐστι
1596 5008 1664 5077 τῇ

1817 4993 1963 5058 abet,
1993 5008 2061 5047 ex
2093 4992 2418 5048 necessitate
2441 5006 2573 5062 ergo
2600 4999 2800 5061 praeter
2821 4989 3166 5045 divinitatem
3197 4988 3363 5043 homo

79 5079 383 5169 ὑποστάσει
415 5085 511 5138 καὶ
557 5085 699 5141 κατὰ
745 5086 836 5147 σὲ,
878 5088 1040 5161 εἴπερ
1081 5092 1176 5152 καὶ
1218 5092 1366 5167 ψυχὴ
1404 5096 1543 5168 πρὸς
1585 5097 1667 5169 τῷ

1817 5100 1918 5138 nus
1946 5092 2031 5139 est
2062 5083 2115 5138 in
2138 5083 2519 5149 subsistentia,
2549 5092 2606 5138 et
2635 5081 2940 5137 secundum
2977 5090 3052 5148 te,
3090 5080 3362 5151 siquidem

82 5168 289 5243 σώματι
302 5215 316 5240 ,
346 5173 422 5240 ὡς
461 5173 643 5241 εἶπας.
1638 5168 1646 5169 7

1817 5185 1828 5230 ι
1855 5176 2040 5232 anima
2078 5185 2163 5233 est
2194 5183 2394 5246 praeter
2423 5190 2648 5246 corpus,
2681 5182 2742 5229 ut
2769 5174 2976 5231 dixisti.

649 5291 907 5347 ΚΕΦΛΛ.
958 5295 1091 5351 ΜΖ¹.

2362 5287 2517 5345 CAP.
2556 5286 2769 5343 XLVII.

153 5400 212 5453 Εἰ
243 5399 301 5453 ἓν
326 5399 547 5471 ἄτομον,
579 5404 735 5470 φησὶ,
764 5400 917 5458 ἔστιν
943 5406 972 5460 6
1005 5407 1242 5477 Χριστὸς
1276 5410 1458 5480 μόνον,
1489 5413 1522 5483 ἢ
1561 5432 1661 5484 μο-

1845 5405 1903 5461 Si
1954 5421 2084 5461 vero
2131 5403 2467 5460 indivisibile
2513 5403 2800 5474 quiddam,
2850 5399 3232 5467 ait,Cbristus
3275 5408 3359 5456 est

77 5493 276 5558 νοειδές
297 5511 371 5560 τι,
411 5493 580 5565 ἡτῶν
615 5496 721 5552 ὑπὸ
755 5491 897 5563 εἶδος
937 5502 1153 5565 πάντως
1194 5502 1390 5573 (ἄλλως
1421 5506 1530 5577 γάρ
1561 5508 1660 5561 οὐκ

1817 5511 2002 5563 nilum,
2039 5510 2136 5554 aut
2166 5498 2331 5554 unius
2359 5497 2584 5569 speciei,
2620 5506 2716 5551 aut
2739 5512 2805 5550 ex
2839 5495 2927 5550 bis
2952 5510 3074 5565 qua:
3105 5494 3209 5550 sub
3231 5509 3357 5564 spe-

78 5583 203 5654 ἕνι).
232 5586 263 5656 ἢ
294 5586 387 5641 οὖν
417 5587 470 5641 τί
507 5589 626 5642 ἐστι
662 5590 829 5645 αὑτοῦ
851 5591 913 5645 τὸ
941 5589 1100 5659 εἶδος,
1129 5593 1162 5666 ἢ
1198 5594 1305 5648 ὑπὸ
1331 5598 1483 5650 ποῖον
1515 5591 1657 5662 εἶδός

1819 5613 1850 5652 e
1882 5604 2010 5650 sunt
2030 5595 2381 5666 generaliter,
2417 5593 2581 5648 aliter
2640 5591 2787 5647 enim
2835 5606 2956 5645 esse
2993 5605 3102 5643 non
3141 5598 3355 5660 potest;

80 5677 213 5739 ἐστι,
244 5678 453 5747 λέγετε.
495 5681 650 5737 Ἐπεὶ
685 5679 781 5737 οὖν
814 5682 988 5748 οὕτως
1019 5686 1292 5757 ἐπωρώθη
1318 5688 1387 5743 τά
1410 5690 1659 5762 νοήματα

1817 5691 1848 5744 :l
1885 5689 2053 5760 igitur
2099 5705 2221 5758 qua:
2261 5687 2333 5762 sit
2373 5688 2493 5757 ejus
2520 5684 2752 5757 Species,
2786 5684 2870 5739 vel
2902 5683 3006 5738 sub
3035 5700 3141 5753 qua
3172 5684 3354 5753 specie

81 5768 185 5824 τῶν
208 5769 473 5843 ἀπίστων,
515 5773 592 5840 ὡς
630 5775 863 5848 ἀγχόθεν
899 5777 1270 5849 σφαδάζοντας
1316 5782 1389 5854 μὴ
1430 5783 1653 5855 διαυγά-

1818 5794 1856 5854 t,
1887 5782 2072 5839 dicite.
2103 5781 2240 5838 Cum
2273 5760 2401 5852 ergo
2434 5782 2512 5837 sic
2549 5780 2894 5836 obdurcntur
2936 5777 3350 5835 incredulorum
