3876 6310
53 258 171 319 lGl‘l

996 248 1394 311 ADVERSUS
1434 245 1989 308 NESTORIANOS.
2016 245 2244 303 -LIB.
2290 244 2372 303 Il.

3181 245 3313 311 1602

53 368 188 433 959;,
222 363 256 432 ἦ
300 362 484 432 ἔτερος
528 360 751 425 ἁπλῶς,
784 360 844 412 οὐ
889 347 999 427 μὴν
1031 358 1143 425 ἐγὼ
1185 361 1213 410 ὀ
1244 356 1625 426 διαλεγόμενος

1733 352 1815 405 vel
1865 353 2031 415 Deus,
2079 352 2161 404 vel
2212 352 2353 406 alius
2397 352 2600 421 quivis,
2645 368 2752 405 non
2791 368 2893 423 ego
2922 363 3072 409 certe
3101 357 3194 425 qui
3228 374 3325 414 vos

53 460 189 528 ὃμῖν,
219 456 279 518 ὃς
310 453 377 525 ἦν
426 455 617 521 σαφῶς
652 453 748 505 καὶ
786 451 934 522 ψυχὴ
967 451 1063 505 καὶ
1091 451 1274 521 σῶμα⁶
1315 448 1474 519 δῆλον
1514 446 1623 518 ἄρα

53 549 109 611 ὓς
139 549 201 601 τὸ
221 547 353 600 αὐτὸ
387 546 680 618 πρόσωπον
708 544 768 596 τὸ
800 543 888 595 διὰ
909 543 1011 611 τῆς
1045 540 1387 612 ἀντωνυμίας
1422 557 1623 610 σημαι-

53 640 257 709 νόμενον
300 638 397 708 τῆς
444 637 592 706 ἐγὼ,
641 637 703 689 τό
749 654 809 688 τε
861 636 1121 703 λυόμενον
1167 632 1349 702 σῶμα,
1384 632 1479 685 καὶ
1522 631 1624 700 τὴν

53 731 433 801 Ξιαλεγομένην
464 730 643 800 ψυχὴν
677 729 766 781 διὰ
797 727 1070 798 σώματος,
1094 725 1191 778 καὶ
1219 725 1312 777 τὸν
1335 723 1623 793 ἐγείραντα

53 822 166 876 θεὸν
195 824 256 876 τὸ
278 823 456 888 λυθὲν,
489 823 759 893 περιέχει.
1415 828 1425 837 ’

611 954 868 1007 ΚΕΦΛΛ.
919 952 1053 1006 ME)’.

108 1110 130 1146 ε
163 1093 291 1146 Ὀτι
318 1093 375 1144 ὲν
405 1089 553 1160 αὐτῷ
583 1091 831 1140 κατοικεῖ
850 1088 956 1139 πᾶν
983 1086 1041 1138 τὸ
1071 1085 1344 1155 πλήρωμα
1373 1083 1473 1154 τῆς
1493 1083 1621 1135 Θεό-

53 1202 193 1255 τητος
222 1180 574 1253 σωματικῶς,
609 1199 627 1231 ι
663 1179 907 1248 δηλονότι
952 1179 1009 1230 ὲν
1051 1175 1129 1246 τῷ
1160 1174 1622 1245 προονομασθέντι

53 1276 273 1347 (ριστῷ,
300 1275 511 1343 εἴρηται
545 1272 622 1341 τῷ
674 1272 1005 1341 ’Δποστό).ῳ.
1034 1270 1157 1331 Πῶς
1181 1265 1274 1322 οὖν
1314 1273 1410 1337 οὐχ
1435 1260 1620 1336 ἕτερον

53 1370 195 1436 ptiust
230 1368 293 1420 τὸ
333 1367 609 1436 πλήρωμα
666 1365 763 1434 τῆς
813 1362 1099 1431 Θεότητος,
1155 1359 1311 1428 παρὰ
1364 1360 1618 1426 Χριστὸν,

53 1460 188 1530 ,ίπερ
211 1459 398 1529 ἕτερον
442 1456 502 1509 τὸ
529 1458 584 1508 ἕν
618 1475 722 1509 τινι
762 1455 856 1507 τοῦ
892 1457 949 1506 ὲν
991 1450 1033 1522 ᾧ
1063 1456 1198 1514 ἐστι,
1229 1455 1322 1506 καὶ
1352 1455 1412 1505 τὸ
1439 1470 1620 1505 κατοι-

53 1551 161 1603 ιοῦν
217 1550 355 1619 προς
398 1549 459 1599 τὸ
521 1546 980 1615 κατοικούμενονς
1040 1544 1292 1597 Τοιοῦτον
1331 1545 1460 1612 γοῦν
1504 1548 1619 1597 ἐστι

54 1644 135 1695 (αἱ
174 1642 254 1705 τὺ,
290 1641 421 1704 Θεὸς
449 1637 518 1711 ἦν
552 1643 610 1693 ὲν
641 1628 883 1710 Χριστῴί
911 1634 1061 1708 τΛρςι.
1102 1634 1198 1690 οὖν
1237 1638 1358 1690 ἐπεὶ
1382 1640 1617 1708 εἴρηται,
1651 1647 1662 1657 ·

1740 444 2016 514 alloquor,
2049 460 2211 513 quem
2247 451 2396 513 patet
2423 459 2543 498 csse
2569 459 2772 515 corpus
2795 456 2853 499 et
2890 447 3151 502 animant.
3189 449 3323 504 Evi-

1735 536 1875 591 dens
1900 535 2068 606 igitur
2094 536 2352 605 estquod
2384 535 2576 590 eadem
2621 552 2856 606 persona
2890 552 2991 607 per
3034 539 3178 595 hanc
3224 557 3323 610 ap-

1732 629 2086 699 pellationem
2131 644 2224 698 ego
2268 627 2593 697 signiﬁcata,
2643 630 2881 683 solutum
2933 646 3156 700 corpus,
3201 635 3323 688 ani-

1741 735 2000 788 mamque
2056 735 2154 789 per
2200 735 2405 789 corpus
2455 720 2802 790 loquentem,
2855 729 2911 775 et
2964 722 3320 777 suscitantem

1732 811 1907 865 Deum
1935 810 2085 882 quod
2121 811 2361 865 solutum
2386 823 2524 878 erat,
2557 812 2963 882 complectitur.

2328 944 2482 1003 CAP.
2523 943 2710 998 XLIX.

1812 1104 1831 1137 ι
1867 1084 2005 1152 Quia
2042 1086 2099 1138 in
2130 1085 2250 1154 ipso
2284 1081 2560 1137 inhabitat
2589 1080 2771 1137 omnis
2791 1081 3077 1151 plenitudo
3103 1080 3318 1135 Divini-

1730 1177 1859 1232 tatis
1905 1175 2357 1247 corporaliter“,
2409 1193 2428 1226 ι
2484 1174 2771 1228 evidenter
2820 1173 2878 1227 in
2933 1173 3318 1254 praeappellato

1736 1270 1979 1334 Christo,
2015 1270 2224 1323 dictum
2269 1276 2355 1322 est
2398 1267 2467 1321 ab
2510 1266 3108 1336 Apostolo.Quomodo
3151 1265 3319 1336 igitur

1726 1379 1839 1418 non
1889 1363 1996 1416 alia
2048 1371 2248 1415 natura
2303 1369 2388 1412 est
2442 1358 2732 1428 plenitudo
2789 1358 3121 1421 Divinitatis,
3171 1359 3317 1428 apud

1727 1455 2032 1518 Christum,
2066 1452 2111 1508 si
2143 1451 2291 1505 aliud
2331 1450 2384 1503 in
2414 1444 2706 1518 aliquo'est
2732 1464 2797 1502 ac
2820 1449 2964 1518 quod
2994 1448 3051 1502 in
3083 1450 3188 1503 isto
3210 1457 3315 1511 est,

1727 1556 1784 1601 et
1810 1547 2126 1600 inhabitans
2155 1544 2223 1597 ad
2265 1542 2667 1596 inhabitatum?
2694 1541 2824 1596 Tale
2869 1556 3066 1611 nempe
3113 1550 3198 1596 cst
3237 1551 3315 1604 et,

1728 1639 1878 1692 Deus
1909 1647 2028 1690 erat
2052 1637 2104 1688 in
2130 1635 2372 1690 Christo.
2402 1634 2596 1704 Igitur,
2626 1633 2846 1702 quando
2876 1634 3083 1688 dictum
3116 1643 3218 1697 est,
3249 1634 3317 1687 ad

54 1730 174 1799 Ιρδς
230 1730 424 1799 φὺόνον
478 1729 728 1784 ἐπιποθεῖ
771 1729 831 1781 τὸ
863 1729 1102 1795 πνεῦμα,
1137 1726 1165 1779 ὃ
1205 1726 1525 1798 κατῴκησεν
1563 1731 1619 1781 ὲν

1732 1729 1987 1783 invidiam
2035 1727 2227 1780 incitat
2256 1724 2496 1794 Spiritus
2523 1724 2621 1793 qui
2671 1723 2997 1778 inhabitavit
3037 1725 3093 1778 in
3132 1724 3316 1785 nobis.

53 1823 187 1890 ζμίν,
215 1821 405 1890 ἓτερον
442 1822 603 1890 ἡμεῖς
647 1820 742 1873 καὶ
775 1820 861 1871 ’ἐτε
875 1836 964 1889 ρον
998 1820 1058 1869 τὺ
1088 1818 1381 1871 κατοικοῦν
1409 1820 1467 1870 ἐν
1491 1819 1621 1888 ἡμῖν

53 1909 272 1979 τνεῦμα,
312 1913 491 1963 εἴτουν
520 1912 553 1981 ἡ
583 1904 943 1980 ψυχηήμῶν·
970 1910 1061 1963 καὶ
1085 1910 1215 1962 ὅταν
1245 1910 1398 1983 λέγῃ·
1438 1910 1540 1962 Ἕα
1568 1910 1622 1962 δὲ

53 2006 162 2069 τοὺς
194 2007 586 2069 κατοικοῦντας
619 2007 820 2069 οἰκίαις
853 2006 1126 2075 πηλίναις,
1158 2007 1215 2072 ἐξ
1246 2000 1320 2060 ὧν
1350 2008 1445 2059 καὶ
1469 2006 1624 2059 ctu-0‘.

53 2101 108 2151 ἐκ
137 2097 233 2150 τοῦ
264 2099 433 2152 αὑτοῦ
466 2097 636 2168 πηλοῦ
661 2099 848 2168 ἐσμεν·
894 2100 1051 2169 ἡμεῖς
1094 2095 1188 2153 οὖν
1215 2100 1399 2170 ἕτερος
1431 2098 1620 2166 πηλὸς,

53 2192 128 2244 (αἰ
158 2191 295 2260 ἄλλη
329 2193 361 2260 ἡ
405 2192 555 2243 οἰκία
658 2189 942 2259 mxuma
986 2189 1164 2258 δῆλον,
1204 2189 1280 2252 ὡς
1320 2192 1389 2242 τὰ
1421 2189 1621 2251 τοιάδε,

53 2282 90 2333 ἰν
118 2300 222 2335 τινι
248 2282 323 2345 ὡς
357 2281 523 2351 μέρος
549 2283 607 2333 ὲν
637 2280 713 2350 τῷ
746 2281 861 2350 ἰδίῳ
886 2282 991 2349 ὅλῳ
1014 2281 1260 2348 λέγεταις
1292 2281 1381 2333 Ἐν
1405 2278 1625 2350 Χριστῷ

53 2372 125 2427 νῦν
152 2373 227 2444 τῷ
258 2375 340 2426 ἐνὶ
373 2371 846 2442 συντετελεσμένῳ
870 2370 1165 2442 προσώπῳ,
1187 2372 1262 2434 ὡς
1292 2372 1455 2442 μέρος
1478 2372 1625 2425 ἐστὶν

53 2463 201 2515 ιύτοῡ
239 2464 339 2533 τῆς
369 2462 722 2524 ὑποστάσεως
765 2463 798 2531 ἡ
836 2462 1058 2529 Θεότης,
1085 2464 1141 2512 ἐν
1177 2460 1325 2529 αὺτῴ
1360 2462 1623 2532 νοουμένη

53 2554 177 2607 ma
213 2556 314 2623 τὴν
347 2554 628 2621 σάρκωσιν
657 2552 877 2621 ἑαυτῆς·
916 2552 989 2615 ὡς
1019 2553 1074 2605 δὲ
1103 2554 1391 2607 κατοικοῦν
1409 2555 1464 2606 ὲν
1495 2570 1626 2606 κατ-

53 2644 364 2713 .ικουμένῳ’
401 2643 539 2696 διότι
566 2658 630 2711 γε
664 2642 849 2695 τελεία
878 2642 972 2695 καὶ
997 2642 1290 2713 ὁλόκληρός
1313 2644 1430 2697 ἐστι
1464 2643 1626 2711 φύσις

53 2731 194 2785 τοῦτο
221 2733 280 2785 τὸ
309 2732 385 2798 ὼς
421 2733 587 2801 μέρος
618 2731 910 2800 πρόσωπον
958 2732 1331 2802 Θεωρούμενον
1366 2735 1424 2785 ἐν
1477 2733 1626 2802 αὐτῷ

53 2824 129 2875 (αὶ
163 2824 506 2895 ὲτεροούσιον
544 2824 681 2894 πρὸς
718 2824 780 2876 τὸ
806 2825 1232 2894 κατοικούμενον
1262 2824 1426 2877 αὑτοῦ
1465 2826 1627 2895 μέρος

53 2913 129 2963 ὕπ’
154 2914 322 2983 αὐτῆς
348 2930 360 2941 ·
400 2913 608 2966 τοιόσδε
659 2916 767 2984 γὰρ
795 2915 824 2966 ὁ
865 2914 977 2967 τῶν
1013 2917 1176 2968 οἴκων
1214 2917 1309 2967 καὶ
1333 2915 1627 2969 οἰκούντων

57 3004 209 3072 .ύγος.
261 3007 333 3057 Τὸ
376 3004 433 3057 δὲ
486 3004 819 3074 σωματικῶς
850 3000 990 3058 εἶναι
1021 3006 1119 3075 τὴν
1167 3006 1484 3075 κατοίκησιν
1526 3006 1627 3075 τῆς

53 3096 291 3166 ὒεότητος
323 3099 390 3147 ἐν
438 3095 678 3166 Χριστῷ,
715 3095 883 3165 ἧγουν
913 3097 969 3147 ὲν
995 3098 1062 3167 τῇ
1100 3097 1265 3164 σαρκὶ
1304 3096 1492 3163 αὑτοῦ,
1526 3101 1627 3167 μέ-

53 3202 161 3251 ;ους
191 3187 363 3241 αὑτοῦ
390 3185 579 3256 οὔσης,
607 3188 700 3239 καὶ
724 3189 790 3256 τῇ
838 3185 933 3240 τοῦ
973 3187 1096 3240 ὅλου
1124 3189 1463 3260 προσηγορίᾳ
1493 3207 1627 3243 κατ-

53 3279 432 3350 ρνομασθείσης
464 3277 579 3331 νῦν·
617 3278 677 3331 οὐ
717 3279 779 3331 τὺ
818 3279 894 3349 μὴ
926 3279 1066 3333 κατὰ
1100 3281 1448 3350 περιγραφὴν
1474 3298 1628 3334 τοπι-

53 3371 163 3438 ιιήν·
197 3371 271 3434 ὼς
321 3372 519 3441 ἑτέρας
560 3370 959 3442 περιεχομένης
999 3366 1140 3424 εἶναι
1177 3371 1275 3441 τὴν
1305 3370 1625 3443 κατοίκησιν

53 3462 318 3531 δυνάμεων
367 3462 469 3528 τῆς
513 3459 877 3531 κατοικούσης
919 3460 1137 3530 φύσεως
1167 3462 1246 3524 εἰς
1302 3460 1401 3532 τὴν
1443 3479 1626 3515 κατοι-

53 3555 339 3627 ι.ουμένην·
378 3553 523 3606 οὕτω
562 3554 671 3625 γὰρ
696 3554 791 3606 καὶ
817 3552 977 3624 μόνον
1007 3554 1217 3624 πέφυκε
1246 3557 1520 3608 κατοικεῖν
1543 3557 1623 3618 εἰς

53 3650 269 3720 πώματα
316 3651 386 3705 τὰ
429 3648 719 3720 ἀσώματαο
763 3649 858 3702 καὶ
900 3647 1040 3720 αὕτη
1085 3649 1235 3702 ἐστὶν
1267 3650 1300 3721 ἡ
1334 3648 1623 3721 σωματικὴ

53 3740 297 3793 (ατοικία
341 3739 449 3791 τῶν
484 3738 837 3809 ἀσωμάτων·
872 3737 934 3790 οὐ
993 3739 1134 3791 κατὰ
1166 3738 1457 3810 περίληψιν
1498 3754 1625 3807 συγ-

53 3830 375 3900 ιι).ειομένων
409 3830 516 3883 τῶν
545 3830 970 3901 ἁσχηματίστων
1001 3830 1079 3894 εἰς
1110 3829 1179 3882 τὰ
1213 3830 1626 3900 ἐσχηματισμέ-

53 3939 128 3984 va,
177 3922 294 3975 ἀλλ’
328 3921 565 3975 εἰσδύσει
619 3922 728 3975 τῶν
772 3921 989 3975 οἰκείων
1021 3920 1303 3989 δυνάμεων
1348 3920 1411 3974 τὸ
1467 3921 1627 3991 φύσει

53 4012 320 4083 ὶδύναμον
361 4014 499 4083 πρὸς
546 4015 831 4084 ἐνέργειαν
881 4012 1262 4083 δυναμούντων
1288 4030 1301 4042 ·
1343 3996 1439 4067 καὶ
1486 4012 1629 4066 οὓτω

53 4105 176 4175 μίαν
207 4105 507 4160 ὑπόστασιν
539 4108 607 4179 τῇ
634 4104 744 4159 τῶν
779 4103 997 4177 φύσεων
1027 4105 1284 4176 κοινωνίᾳ
1306 4105 1631 4160 ἀποτελούν-

53 4212 173 4249 των.

112 4351 157 4383 ²¹
194 4352 407 4408 Coloss.
445 4369 482 4407 ιι
529 4336 619 4408 9(

1731 1820 1881 1875 aliud
1915 1834 2017 1874 nos
2045 1827 2103 1872 et
2130 1817 2278 1872 aliud
2316 1816 2636 1871 inhabitans
2666 1814 2720 1868 in
2753 1815 2911 1869 nobis
2953 1814 3185 1883 spiritus
3210 1823 3317 1880 est,

1728 1914 1782 1970 id
1807 1904 2104 1969 est’anima
2136 1919 2323 1966 nostra
2355 1928 2369 1963 :
2395 1919 2452 1964 et
2484 1924 2609 1964 cum
2636 1908 2840 1963 dicitur
2868 1927 2881 1962 :
2915 1926 2934 1958 ι
2976 1908 3188 1977 Linque
3222 1924 3320 1964 au-

1729 2017 1836 2065 tem
1863 2006 2239 2062 inhabitantes
2257 2003 2515 2058 domibus
2538 2003 2724 2066 luteis,
2756 2018 2786 2056 e
2812 2001 3015 2071 quibus
3039 2009 3095 2054 et
3122 2001 3225 2070 ipsi
3250 2017 3320 2057 ex

1724 2101 1920 2155 eodem
1973 2098 2092 2153 luto
2141 2111 2375 2160 sumus;
2415 2114 2434 2146 ι
2484 2109 2587 2149 nos
2632 2094 2800 2163 igitur
2834 2093 2984 2147 aliud
3027 2092 3228 2156 lutum,
3263 2101 3320 2148 et

1733 2190 1880 2246 aliud
1919 2189 2117 2244 domus
2146 2188 2316 2249 lutea,
2346 2193 2442 2241 aut
2475 2193 2625 2255 patet
2655 2185 2771 2239 haec
2798 2184 2926 2239 talia
2958 2184 3014 2237 in
3042 2183 3228 2253 aliquo
3260 2193 3321 2237 ut

1726 2292 1945 2354 partem
1991 2281 2048 2334 in
2096 2278 2418 2350 particulari
2456 2285 2573 2331 toto
2607 2275 2756 2330 dici?
2800 2276 2859 2330 ln
2897 2274 3121 2331 Christo
3163 2290 3317 2345 ergo,

1734 2388 1842 2428 una
1881 2372 2154 2441 completa
2181 2385 2438 2441 persona,
2471 2378 2530 2423 ut
2558 2381 2684 2438 pars
2722 2375 2806 2422 est
2836 2366 2985 2420 illius
3011 2364 3318 2427 subsisten-

1730 2464 1818 2521 tia:
1848 2465 2138 2529 Divinitas,
2175 2464 2229 2518 in
2266 2463 2359 2517 illo
2395 2461 2670 2517 intellecta
2711 2466 2837 2528 post
2869 2472 3025 2513 suam
3062 2457 3318 2512 incarna-

1728 2558 1961 2624 tionem,
2002 2566 2066 2613 ut
2106 2554 2426 2610 inhabitans
2470 2552 2527 2607 in
2572 2548 2902 2606 inhabitato.
2949 2548 3319 2615 Quamobrem

1726 2651 1972 2722 perfecta
2002 2656 2060 2704 et
2090 2646 2363 2716 completa
2411 2651 2498 2699 est
2543 2652 2743 2698 natura
2784 2642 2898 2705 illa,
2939 2648 3002 2694 ut
3040 2653 3172 2709 pars
3207 2645 3317 2700 est,

1727 2757 1964 2814 persona
2007 2741 2064 2796 in
2112 2740 2233 2809 ipso
2276 2736 2513 2792 visibilis
2544 2744 2602 2790 et
2644 2734 2875 2790 alterius
2905 2732 3226 2788 substantiae
3253 2743 3321 2786 ac

1728 2850 1858 2905 pars
1888 2833 2038 2888 illius
2065 2829 2371 2886 inltabitata
2398 2828 2468 2883 ab
2497 2827 2618 2893 illa;
2653 2826 2778 2881 talis
2802 2825 2950 2880 enim
2989 2832 3076 2879 est
3104 2820 3321 2877 habita-

1731 2926 1945 2980 tionum
1984 2930 2041 2977 et
2088 2919 2457 2975 habitantium
2501 2914 2666 2971 ratio.
2708 2914 3087 2986 Corporaliter
3130 2921 3317 2968 autem

1731 3016 2041 3071 inhabitare
2083 3011 2437 3068 Divinitatem
2474 3009 2531 3063 in
2573 3007 2795 3063 Christo
2820 3048 2834 3069 ,
2880 3014 3013 3077 puta
3062 3006 3119 3060 in
3170 3005 3317 3062 illius

1684 3097 1699 3115 ’
1731 3122 1919 3172 carne,
1955 3122 2079 3176 quae
2122 3104 2273 3159 illius
2319 3116 2447 3172 pars
2495 3108 2602 3167 est,
2636 3108 2693 3154 et
2731 3100 2903 3155 totius
2948 3097 3316 3168 appellatione

1729 3215 1878 3254 nunc
1896 3197 2184 3253 nominata
2211 3202 2318 3259 est,
2350 3204 2462 3248 non
2488 3206 2588 3262 per
2614 3191 2846 3247 localem
2874 3190 2935 3245 lit
2965 3188 3317 3244 circumscri-

1728 3294 1994 3364 ptionem,
2028 3291 2123 3345 ita‘
2153 3297 2215 3343 ut
2254 3287 2361 3342 alia
2400 3284 2739 3340 circumdata
2773 3284 2846 3338 sit
2875 3281 3202 3337 inhabitatio
3232 3280 3314 3334 fa-

1728 3385 1998 3441 cultatum
2016 3378 2624 3440 inhabitantis’naturaa,
2643 3378 2698 3432 in
2718 3374 3021 3430 inhabitata
3039 3372 3148 3427 :sic
3163 3371 3312 3426 enim

1728 3472 1999 3544 contingit
2032 3472 2087 3525 in
2119 3469 2451 3539 corporibus
2476 3467 2792 3523 inhabitare
2829 3462 3228 3533 incorporalia;
3257 3467 3315 3516 et

1730 3564 1826 3619 illa
1854 3573 1940 3617 est
1987 3561 2289 3631 corporalis
2330 3559 2660 3616 inhabitatio
2706 3556 3164 3627 incorporalium;
3200 3567 3314 3607 non

1729 3669 1831 3724 per
1856 3651 2220 3706 inclusionem
2250 3650 2617 3714 insidentibus
2648 3649 2737 3704 his
2775 3664 2898 3718 qua:
2940 3648 3171 3701 formam
3200 3658 3315 3699 non

1732 3742 1943 3798 habent
1983 3740 2040 3795 in
2072 3740 2182 3796 illis
2220 3754 2343 3810 qua:
2372 3740 2600 3805 habent,
2631 3738 2728 3794 sed
2754 3754 2855 3807 per
2885 3735 3313 3791 insinuationem

1737 3835 2089 3908 propriarum
2121 3832 2442 3887 facultatum
2474 3830 2622 3901 quod
2664 3837 2860 3884 natura
2894 3827 3076 3882 debile
3116 3833 3201 3881 est
3222 3839 3312 3880 ro-

1726 3929 1861 3984 bore
1907 3925 2356 3989 instaurantium,
2386 3930 2443 3978 et
2486 3924 2560 3978 ita
2610 3936 2773 3976 unam
2811 3918 3225 3977 subsistentiam
3266 3921 3322 3975 in

1728 4028 2053 4077 naturarum
2084 4014 2480 4074 communitate
2509 4012 2934 4085 perﬁcientium.
