3876 6310
137 262 262 326 1603

1086 261 1483 322 ADVERSUS
1521 260 2068 323 NESTORIANOS.
2094 289 2159 299 —
2185 266 2330 325 LlB.
2375 265 2489 325 Ill.

3241 268 3375 335 1606

130 376 231 446 μήν
257 372 566 442 Νικόδημος
599 370 804 435 τέλειός
837 388 896 424 τε
947 366 1019 442 ἦν
1058 371 1173 434 υἱὸς
1208 371 1353 424 κατά
1397 357 1576 441 σάρκα
1607 371 1686 424 καί

1802 382 1860 426 et
1886 388 2124 442 sequere
2168 379 2298 436 mel.
2315 373 2511 428 Adhuc
2553 374 2782 443 insuper
2815 374 3150 430 Nicodemus
3200 380 3380 446 perle-

123 469 185 520 ἐκ
207 463 397 518 πολλοῦ
429 464 832 534 γεγεννημένος
864 462 1152 534 ἄνθρωπος
1171 478 1186 494 ⁸
1219 463 1356 533 πρὸς
1383 462 1524 515 δὲτὸ
1554 457 1695 516 εἶναι

120 560 212 626 οὐχ
257 553 442 616 ἁπλῶς
473 556 608 608 ἀλλά
635 555 1006 624 πνευματικὸς
1029 553 1336 625 ἄνθρωπος,
1365 553 1464 622 τῆς
1489 554 1578 607 διά
1603 554 1696 606 τοῦ

119 649 425 718 Πνεύματος
471 650 639 700 ἐδεῖτο
693 649 1110 719 ἀναγεννήσεως
1163 647 1256 700 καὶ
1316 647 1692 718 τελειότητος·

119 740 270 794 Οὕτω
295 739 425 808 γοῦν
460 739 556 792 καὶ
597 742 622 792 ὁ
653 739 847 808 Λόγος,
881 740 961 802 εἰς
993 740 1056 791 τὸ
1093 736 1232 792 εἶναι
1269 739 1398 802 Υίὸς
1433 737 1568 791 Θεοῦ
1600 737 1696 792 καὶ

118 832 264 894 Θεὸς,
315 830 539 892 τελείως
590 824 735 899 εἶχεν
782 829 906 882 ἀεί’
949 829 1085 898 πρὸς
1115 827 1173 880 δὲ
1225 827 1288 880 τὸ
1332 827 1693 896 ἐκπληρῶσαι

117 922 211 993 τὴν
246 921 378 975 ἰδίαν
410 921 660 974 εὐδοκίαν
693 923 750 972 ἐν
777 921 1000 984 οἰκείοις
1031 922 1147 983 τοῖς
1176 919 1424 990 ὑστέροις
1453 921 1690 989 καιροῖς,

117 1015 234 1068 καθ’
267 1016 334 1086 ἢν
364 1014 462 1084 οὐχ
487 1015 781 1085 ἁρπαγμὸν
828 1014 1133 1085 ἡγούμενος
1167 1015 1226 1065 τὸ
1256 1009 1398 1066 εἶναι
1426 1013 1516 1066 ῐσα
1546 1013 1690 1079 Θεῷ,

123 1108 328 1176 μορφὴν
361 1105 549 1159 δούλου
573 1106 758 1158 λαϐεῖν
791 1107 894 1178 πρὸ
948 1107 1160 1159 αἰώνων
1192 1105 1350 1158 ὥδινε
1403 1106 1498 1157 καὶ
1562 1121 1696 1174 προ-

120 1199 312 1268 ώρισεν
341 1198 519 1268 ἐαυτῷ
543 1215 555 1227 ·
601 1199 694 1250 καὶ
727 1200 858 1269 πρὶν
910 1197 1134 1267 ποιῆσαι
1184 1197 1252 1249 τά
1279 1197 1474 1260 πάντα,
1507 1195 1604 1266 τὴν
1635 1198 1691 1248 ἐν

116 1290 328 1362 Χριστῷ
365 1292 582 1344 πάντων
618 1290 1096 1360 ἀνακεφαλαίωσιν
1123 1290 1218 1342 καὶ
1245 1289 1440 1342 θέωσιν
1476 1289 1532 1340 ἐν
1561 1289 1690 1342 έαυ-

114 1382 190 1452 τῷ
219 1382 323 1434 τῶν
343 1383 403 1434 οὐ
431 1382 588 1435 θείων
618 1383 851 1451 φύσεων,
877 1377 1096 1456 ᾗφησιν
1116 1383 1144 1434 ὁ
1179 1379 1520 1443 Ἀπόστολος,
1549 1380 1691 1432 ἐλλι-

117 1473 228 1536 πῶς
265 1471 409 1544 εἶχεν
459 1474 540 1526 ἔτι
595 1474 728 1544 πρὸς
773 1475 1082 1544 φανέρωσιν
1114 1471 1206 1524 τοῦ
1277 1471 1691 1544 προορισθέντος

115 1564 259 1634 αὐτῷ
289 1564 674 1635 κεκρυμμένου
709 1564 1008 1634 μυστηρίου
1045 1565 1141 1634 τῆς
1175 1563 1309 1625 ἰδίας
1340 1563 1690 1634 ὲνανθρωπή-

116 1673 266 1718 σεως.
299 1655 540 1726 Οὐδεμία
573 1654 665 1708 οὖν
712 1655 963 1708 ἐντεῦθεν
1022 1656 1330 1727 κατηγορία
1363 1657 1511 1708 ἐστὶν
1559 1657 1688 1709 ἀτε-

113 1749 278 1812 λείας,
329 1749 450 1800 κατ’
481 1749 620 1801 ίδίαν
662 1749 961 1818 νοουμένης
1012 1749 1262 1817 υἰότητος
1295 1747 1563 1819 ἑκατέρας
1595 1748 1687 1816 φύι
1717 1733 1763 1792 Β

115 1858 245 1904 σεως
267 1856 282 1871 θ
314 1841 448 1893 ἀλλά
491 1841 649 1910 χρεία
677 1840 834 1910 μόνον
863 1843 1000 1912 πρὸς
1023 1841 1421 1911 συμπλήρωσιν
1449 1841 1546 1910 τῆς
1569 1839 1688 1894 κατ’

113 1931 354 1984 εὐδοκίαν
402 1931 538 1983 Θεοῦ
594 1932 731 2001 πρὸς
781 1930 1103 2000 ἀνθρώπους
1152 1933 1398 1994 ἐνώσεως
1448 1931 1687 2001 ἑκατέρᾳ

112 2023 265 2091 φύσει
296 2023 398 2092 τῆς
431 2023 623 2094 ἑτέρας
651 2025 730 2086 εἰς
764 2023 1114 2093 ἀποτέλεσμα
1147 2022 1240 2074 τοῦ
1292 2018 1433 2078 εἶναι
1478 2025 1542 2074 ὲκ
1577 2021 1686 2073 τῶν

109 2116 432 2185 πεφυκότων
472 2115 907 2186 διακεκριμένως
960 2117 1017 2167 ἐν
1055 2115 1336 2184 διαφόροις
1376 2113 1682 2167 ὑποστάσε-

113 2227 192 2262 σιν
222 2209 450 2278 ὁρᾶσθαι
487 2207 702 2275 φύσεων
741 2212 837 2261 καὶ
876 2208 1141 2278 υἰοτήτων
1197 2208 1443 2274 τελείων,
1475 2207 1596 2260 καθ’
1627 2207 1686 2259 ἓν

109 2302 169 2354 τὸ
202 2299 366 2354 αὐτοῦ
407 2300 701 2369 πρόσωπον
752 2299 1008 2367 γενέσθαι
1053 2299 1364 2352 συνέλευσιν
1390 2313 1403 2327 ·
1437 2299 1530 2352 καὶ
1559 2299 1686 2352 τάδε

112 2394 207 2462 μὲν
232 2391 425 2454 οὕτως.
462 2392 522 2443 Εἰ
547 2388 640 2444 οὖν
671 2391 802 2444 διότι
836 2393 1004 2461 ἄμφω
1036 2391 1176 2462 μέρη
1205 2391 1421 2459 λέγεται
1453 2393 1527 2454 ώς
1552 2394 1686 2462 πρὸς

106 2484 165 2535 τὸ
197 2482 314 2535 ὅλον
352 2482 528 2546 τέλος,
567 2481 820 2534 τουτέστι
868 2483 1124 2551 Χριστὸν,
1161 2482 1246 2534 διὰ
1284 2481 1402 2534 τόδε
1431 2481 1594 2552 ἀτελῆ
1625 2498 1684 2534 τε

108 2573 288 2636 ἁπλῶς
324 2573 416 2626 καὶ
451 2575 668 2641 ἰσότιμα
703 2573 844 2641 μέρη
881 2573 1007 2625 τάδε
1039 2572 1198 2640 φατὲ,
1225 2573 1332 2642 ἄρα
1356 2589 1418 2640 γε
1448 2572 1568 2624 ἐπεὶ
1591 2573 1685 2624 καὶ

109 2663 242 2734 πρὸς
274 2664 336 2716 τὸ
367 2664 488 2716 ὅλον
521 2663 675 2725 τέλος
720 2661 816 2714 τοῦ
856 2663 1082 2732 ὁπλίτην
1139 2663 1332 2715 ἑαυτὸν
1381 2663 1684 2733 ἐμφανίσαι

105 2756 181 2826 τῷ
211 2755 424 2825 στρατῷ
454 2759 547 2806 τὸν
581 2753 912 2824 στρατηγὸν,
943 2754 1108 2824 μέρος
1134 2771 1190 2807 τε
1221 2755 1385 2818 αὐτός
1411 2755 1549 2818 ἐστι,
1583 2754 1680 2808 καὶ

104 2848 164 2900 τὸ
191 2847 354 2900 ὅπλον
383 2845 572 2911 αὐτοῦ,
611 2846 812 2915 ὁμοίως
858 2845 1024 2912 ἀτελῆ
1076 2847 1244 2916 ἄμφω
1288 2847 1469 2899 ἐστίν·
1517 2847 1612 2899 καὶ
1657 2848 1685 2899 ὁ

109 2940 206 3010 μὲν
238 2941 347 2994 οὐδ’
379 2945 458 3003 εἰς
486 2939 828 3011 ἀνθρώπους,
863 2939 922 2990 τὸ
967 2938 1022 2990 δὲ
1058 2941 1138 3001 εἰς
1171 2940 1231 2992 τὸ
1266 2939 1428 2991 ὅπλον
1456 2935 1596 2991 εἶναι
1621 2939 1680 2990 οὐ

103 3031 514 3102 λογισθήσεται·
553 3034 612 3085 οὐ
646 3032 907 3085 διοίσουσί
949 3048 1008 3084 τε
1047 3030 1317 3100 ἀλλήλων,
1364 3033 1487 3084 ἐπεὶ
1520 3032 1683 3101 μέρος

1803 471 1925 517 ctus
1955 474 2075 518 erat
2107 465 2255 519 lilius
2288 465 2590 519 secundum
2613 481 2831 518 carnem
2863 473 2920 518 et
2948 480 3014 519 ex
3042 467 3216 521 multo
3239 479 3381 524 tetu-

1800 571 1937 625 pore
1982 556 2164 611 factus
2208 557 2375 611 homo
2407 577 2418 611 :
2459 566 2521 611 ut
2572 573 2706 612 vero
2738 566 2885 613 esset
2918 575 3029 612 non
3055 559 3384 629 simpliciter

1799 648 1894 703 sed
1923 649 2229 718 spiritualis
2259 650 2449 712 homo,
2498 665 2730 704 necesse
2765 659 2886 704 erat
2919 651 3072 704 illum
3108 667 3136 705 a
3169 651 3381 720 Spiritu

1799 741 2116 808 regenerari
2142 749 2198 794 et
2222 740 2435 810 perﬁci.
2479 739 2570 794 Sic
2608 751 2664 795 et
2696 741 2900 804 Verbo,
2943 756 3004 794 ut
3037 751 3182 795 esset
3208 743 3381 797 Filius

1796 831 1895 886 Dei
1929 840 1986 887 et
2016 833 2180 897 Deus,
2214 833 2352 886 nihil
2402 849 2642 902 unquam
2672 833 2851 888 defuit
2879 852 2892 887 :
2931 835 3026 888 sed
3055 834 3122 888 ad
3148 836 3376 904 explen—

1797 923 1919 979 dam
1945 925 2224 994 propriam
2247 925 2626 995 apparentiam
2647 925 2699 978 in
2726 925 2990 994 proximis
3015 927 3377 995 temporibus,

1789 1014 1944 1083 juxta
1981 1029 2146 1084 quam
2177 1030 2286 1068 non
2326 1016 2577 1084 rapinam
2617 1016 2923 1070 arbitratus
2957 1033 3014 1071 se
3045 1032 3167 1071 esse
3194 1034 3378 1087 aequa-

1794 1105 1902 1159 lem
1936 1106 2049 1160 Deo
2089 1105 2322 1159 formam
2366 1109 2509 1162 servi
2545 1110 2797 1177 accipere
2835 1119 2964 1163 ante
2994 1110 3193 1163 saecula
3232 1110 3379 1163 desi«

1795 1198 2013 1252 deravit
2059 1208 2114 1251 et
2159 1215 2217 1253 se
2256 1200 2709 1270 praedestinavit:
2742 1209 2799 1255 et
2837 1212 3136 1269 antequam
3169 1201 3378 1254 laceret

1795 1289 2073 1354 omnia,in
2091 1289 2314 1344 Christo
2336 1291 2582 1344 omnium
2611 1291 3044 1360 assumptionem
3071 1302 3125 1345 et
3153 1290 3377 1345 deiﬁca-

1800 1381 2003 1435 tionem
2053 1380 2106 1434 in
2156 1383 2340 1451 seipso
2387 1388 2710 1434 naturarum
2760 1397 2873 1435 non
2927 1381 3262 1445 divinarum,
3298 1382 3375 1434 illi

1795 1473 2003 1542 aliquid
2045 1473 2282 1536 deerat,
2319 1482 2380 1526 ut
2422 1473 2500 1527 ait
2546 1474 2845 1541 Apostolus
2877 1473 3016 1534 ",ad
3057 1473 3376 1526 manilesla-

1796 1566 2002 1619 tionem
2038 1567 2282 1637 mysterii
2317 1566 2631 1620 absconditi
2673 1566 2776 1635 ipsi
2826 1565 3208 1635 prtedestinati
3251 1582 3380 1634 pro-

1794 1660 1926 1728 pria:
1952 1659 2336 1712 humanitatis.
2373 1659 2532 1713 Nulla
2575 1659 2703 1712 inde
2745 1660 2915 1728 igitur
2955 1669 3039 1714 est
3089 1660 3230 1712 ratio
3274 1659 3380 1711 im-

1795 1750 2153 1818 perfectionis
2186 1792 2200 1816 ,
2254 1751 2386 1804 licet
2437 1749 2630 1804 ﬁliatio
2681 1751 3120 1820 uniuscujusque
3172 1758 3379 1802 natum

1795 1854 2046 1892 seorsum
2093 1839 2484 1892 consideretur
2521 1855 2532 1890 :
2568 1837 2664 1892 sed
2719 1847 2778 1892 ut
2825 1838 3202 1907 compleretur
3248 1836 3377 1890 unio

1796 1930 1870 1982 ita
1903 1938 1961 1983 ut
1994 1944 2179 1983 coram
2211 1929 2530 1982 hominibus
2564 1929 2710 1982 Deus
2736 1936 3050 1998 appareret,
3076 1927 3377 1995 unicuique

1793 2031 2006 2075 natura:
2033 2023 2207 2075 altera
2236 2030 2431 2075 natura
2462 2037 2601 2090 opus
2632 2029 2775 2086 erat,
2812 2028 2872 2074 ut
2906 2029 3118 2074 natura:
3147 2029 3203 2074 et
3240 2018 3377 2072 ﬁlia-

1794 2115 1974 2167 tiones
2010 2112 2286 2182 perfectae,
2323 2121 2466 2182 aptae
2505 2111 2767 2166 distincte
2814 2113 2871 2166 in
2929 2112 3166 2166 diversis
3203 2112 3376 2182 hypo-

1793 2206 2036 2260 stasihus
2092 2206 2290 2267 videri,
2354 2214 2826 2276 componerentur
2887 2215 2948 2259 ut
3002 2206 3058 2259 in
3120 2205 3372 2275 ejusdem

1792 2307 2082 2360 personam
2109 2293 2470 2347 convenirent
2502 2311 2516 2347 :
2559 2310 2681 2362 qua:
2712 2294 2940 2364 quidem
2981 2295 3076 2347 ita.
3104 2295 3160 2349 Si
3205 2295 3376 2365 igitur

1793 2382 1932 2436 duas
1962 2393 2168 2453 partes,
2225 2394 2519 2454 propterea
2551 2387 2699 2456 quod
2749 2386 2817 2440 ad
2869 2385 3033 2441 ﬁnem
3085 2397 3286 2453 totum,
3320 2388 3374 2441 id

1793 2485 1900 2539 est,
1934 2475 2242 2540 Christum,
2277 2487 2529 2548 vergant,
2566 2478 2916 2547 imperfectas
2963 2479 3292 2549 simpliciter
3320 2491 3376 2533 et

1792 2569 1913 2638 pari
1966 2570 2179 2624 honore
2227 2570 2412 2625 (licitis
2465 2570 2766 2633 habendas,
2826 2571 2972 2626 idem
3009 2571 3258 2641 profecto
3305 2569 3375 2625 de

1792 2659 1933 2714 duce
1959 2661 2054 2730 qui
2079 2660 2145 2715 ad
2179 2663 2342 2715 linem
2377 2671 2551 2716 totum
2579 2663 2774 2716 militis
2805 2663 2858 2718 in
2890 2664 3138 2718 exercitu
3169 2664 3371 2733 vergit,

1792 2751 2088 2806 dicendum
2147 2753 2256 2808 erit
2303 2771 2317 2806 :
2371 2754 2488 2823 ipse
2538 2764 2626 2809 cst
2677 2772 2825 2825 pars,
2875 2772 3003 2826 pars
3049 2755 3375 2810 suut'illius

1791 2860 1965 2908 arma,
1993 2860 2149 2913 teque
2179 2846 2342 2899 ambo
2367 2855 2497 2898 sunt
2529 2846 2853 2915 imperfecta
2885 2865 2898 2900 :
2933 2847 3043 2900 dux
3073 2846 3199 2901 ideo
3234 2846 3374 2900 nihil

1791 2934 1934 2988 inter
1963 2935 2237 3000 homines,
2267 2952 2417 2990 arma
2449 2937 2586 2989 nihil
2619 2937 2766 2992 inter
2796 2954 2946 2992 arma
2973 2937 3376 3008 computabun-

1795 3035 1923 3078 tur:
1958 3026 2071 3080 dux
2125 3043 2236 3082 non
2291 3028 2516 3083 dill'eret
2566 3029 2635 3081 ab
2684 3029 2876 3090 armis,
2935 3031 3141 3098 quippe
3177 3045 3307 3097 pars
3340 3043 3372 3080 a

106 3131 304 3196 μέρους
355 3125 506 3178 οὐδὲν
580 3125 830 3196 διαφέρει
881 3123 1097 3194 ἀληθῶς
1147 3123 1281 3177 καθὸ
1343 3125 1539 3194 μέροςο
1595 3129 1686 3176 καὶ

1792 3128 1944 3189 parte
1969 3128 2243 3188 quatenus
2277 3130 2357 3174 est
2385 3136 2530 3190 pars,
2564 3136 2674 3174 non
2708 3136 2838 3174 vere
2864 3119 3087 3174 diﬁ‘erat
3114 3137 3127 3173 :
3157 3129 3213 3176 et
3237 3121 3372 3175 sim-

104 3220 290 3283 ἀπλῶς
330 3220 551 3288 ἰσότιμα
589 3218 743 3271 ἔσται
774 3219 895 3271 καθ’
931 3218 1074 3288 ὑμᾶς
1109 3218 1203 3270 καὶ
1241 3218 1392 3279 τάδε,
1433 3217 1690 3287 ἁγχινού-

106 3327 309 3364 στατοι.
342 3309 482 3362 Ἀλλ’
506 3310 610 3362 ὑπὸ
647 3310 946 3374 συνειδότος
977 3310 1294 3381 βαλλόμενοι
1311 3310 1386 3378 μὴ
1407 3306 1690 3377 ἀποχρών-

101 3419 210 3466 τως
242 3401 387 3472 ἒχειν
431 3403 510 3465 εἰς
544 3401 844 3469 ἀπολογίαν
883 3402 981 3472 τῆς
1017 3402 1225 3456 ἑαυτῶν
1267 3399 1690 3469 δεισιδαιμονίας

103 3497 203 3556 τὰς
273 3493 572 3566 εἰρημένας
627 3495 819 3555 αὐτοῖς
868 3493 1225 3561 αἰτιολογίας,
1286 3493 1482 3564 ἐτέρας
1525 3492 1688 3546 πάλιν

101 3586 360 3657 ἀφορμὰς
421 3585 887 3656 μεταποιοῦνται,
946 3586 1023 3650 ώς
1079 3586 1395 3654 ἀναγκαίως
1431 3584 1689 3639 ἀσεϐοῦσι

103 3676 318 3734 πείθειν
355 3678 842 3749 ἀποπειρώμενοι·
882 3679 1018 3745 φασί
1049 3677 1178 3746 γοῦν
1206 3677 1303 3730 καὶ
1337 3676 1483 3730 τάδε·

327 3856 335 3862 ,
383 3845 388 3850 _
705 3788 963 3842 ΚΕΦΑΛ.
1007 3788 1082 3840 B'.

183 3899 244 3954 '0
275 3900 483 3973 κυρίως
513 3900 648 3962 υίὸς,
684 3899 807 3961 ὅλος
841 3898 960 3950 ἐστὶ
995 3897 1088 3950 τοῦ
1129 3898 1496 3966 γεννήσαντος
1530 3895 1642 3957 υἰὸς
1670 3911 1684 3926 ο

97 3992 256 4044 οὐδὲν
303 3994 409 4060 γὰρ
462 3993 526 4044 ὲκ
591 3993 791 4061 μέρους
844 3989 906 4043 ὅν
965 3989 1028 4042 έκ
1083 4007 1248 4052 τινος,
1281 3988 1500 4056 λέγεται
1531 3989 1687 4041 τοῦδε

96 4081 244 4145 υἰός·
282 4082 399 4134 ἀλλ’
437 4082 561 4135 οὐδὲ
605 4083 789 4153 πατήρ
831 4082 979 4133 ἐστιν
1026 4081 1053 4132 ὁ
1096 4079 1299 4148 μέρους
1347 4078 1538 4140 αἴτιος,
1596 4076 1689 4130 καὶ

93 4175 160 4227 οὐ
189 4173 285 4226 τοῦ
320 4174 440 4226 ὅλου
463 4191 474 4202 ο
508 4173 698 4243 ἀμέλει
737 4173 861 4226 ὅλου
891 4171 986 4225 τοῦ
1024 4173 1088 4223 ὲκ
1122 4169 1302 4239 ψυχῆς
1327 4169 1554 4240 λογικῆς
1594 4169 1690 4221 καὶ

96 4265 357 4334 σώματος
387 4263 528 4329 ζώου
569 4263 868 4334 λεγομένου
905 4262 1024 4316 υἱοῦ
1061 4261 1352 4332 ἀνθρώπου
1375 4275 1388 4290 ·
1424 4261 1473 4312 εἰ
1507 4261 1687 4330 συμϐῇ

92 4356 293 4409 τούτου
327 4357 385 4409 τὸ
416 4356 474 4408 ἓν
509 4355 674 4426 μέρος
706 4355 875 4426 χωρὶς
907 4354 1138 4424 θατέρου
1167 4353 1268 4422 τῆς
1302 4353 1514 4422 μήτρας
1537 4350 1689 4414 ἐξελ-

91 4448 236 4510 οεῖν,
271 4447 608 4518 ὲξάμὸλωμα
636 4447 731 4500 καὶ
757 4448 855 4514 οὐχ
880 4446 995 4498 υἱὸν
1026 4445 1146 4507 ἔθος
1186 4445 1319 4513 ἡμῖν
1364 4442 1676 4512 ὀνομάζειν,
1705 4426 1759 4484 Ῑ)

91 4537 369 4608 ἐκτρωσίν
412 4555 472 4590 τε
509 4538 602 4591 καὶ
645 4540 706 4590 οὐ
745 4537 998 4606 γέννησιν
1029 4537 1121 4588 ἐπί
1173 4535 1267 4587 τοῦ
1311 4533 1580 4588 τοιούτου.
1619 4532 1683 4586 Εἰ

91 4625 192 4683 οὖν
220 4633 285 4684 ἐκ
316 4629 512 4700 μέρους
538 4630 650 4682 υίδν
689 4628 980 4698 ἀνθρώπου
1008 4626 1145 4696 φατὲ
1184 4625 1276 4678 τὸν
1299 4627 1344 4678 Χ
1354 4626 1555 4693 ριστὸν,
1589 4625 1685 4693 δῆ-

88 4722 186 4775 λον
223 4722 298 4786 ώς
341 4722 463 4775 οὐδὲ
511 4722 723 4790 πατρὸς
758 4719 963 4790 κυρίως
1005 4717 1128 4770 οὐδὲ
1165 4717 1266 4786 τῆς
1317 4716 1524 4787 μητρός
1559 4731 1573 4745 ·
1599 4715 1684 4768 τί-

88 4830 186 4876 νος
221 4809 317 4866 οὗν
357 4815 479 4865 ἐστι
536 4812 700 4881 φύσει
751 4811 887 4875 υἱὸς,
938 4809 1126 4876 λέγετε
1167 4809 1320 4878 ήμῖν.
1364 4806 1430 4858 Τί
1489 4800 1600 4866 οὗν,
1638 4799 1684 4859 ὦ

86 4899 265 4968 οὗτοι,
301 4905 555 4976 ψεύδεται
605 4906 755 4958 πᾶσα
804 4907 837 4976 ή
881 4903 1014 4972 ἁγία
1059 4903 1272 4974 Γραφὴ,
1307 4900 1385 4968 πῆ
1427 4899 1527 4970 μὲν
1556 4898 1683 4950 Υἰὸν

84 4995 272 5060 Θεοῦ,
312 5000 386 5066 πῆ
432 4996 489 5049 δὲ
530 4997 646 5049 υἰδν
694 4995 982 5065 ἀνθρώπου
1028 4995 1119 5048 τὸν
1152 4994 1316 5048 αὐτὸν
1343 4989 1683 5060 ὀνομάζουσα

83 5090 374 5159 Χριστόν;
437 5091 532 5142 καὶ
581 5088 665 5153 τίς
719 5088 789 5142 τά
844 5089 1087 5157 ὑμέτερα
1141 5085 1514 5156 ληρῳδήματα
1565 5080 1674 5135 τῶν

84 5179 256 5233 θείων
297 5180 729 5250 προαποδέξεται
782 5179 1078 5249 ῥημάτωνς
1113 5176 1165 5228 τί
1199 5177 1256 5230 δὲ
1301 5176 1559 5245 λέγοιμεν
1585 5172 1679 5224 ἐπὶ

81 5269 360 5337 Χριστοῦ,
402 5270 498 5322 καὶ
537 5270 630 5322 ἐπὶ
676 5269 843 5335 Υἰοῦ;
871 5271 918 5320 εἰ
967 5269 1098 5340 γὰρ,
1133 5266 1279 5320 καθά
1312 5267 1406 5319 καὶ
1433 5267 1590 5334 ὑμεῖς
1621 5266 1680 5315 ὲν

79 5366 205 5426 τοῖς
248 5363 400 5426 ἰδίοις
454 5365 715 5434 εἰρήκατε
772 5364 1055 5427 πολλάκις,
1091 5366 1155 5416 ἐκ
1196 5363 1399 5434 μέρους
1455 5362 1551 5414 καὶ
1587 5360 1679 5412 τὸν

76 5455 382 5527 ἄνθρωπον
429 5457 592 5510 αὐτὸν
635 5458 756 5512 ὅλον
805 5457 1059 5510 καλεῖτά
1098 5456 1220 5526 ἰερά
1261 5455 1454 5522 Λόγια,
1485 5454 1562 5516 ὡς
1592 5452 1674 5518 τὸ,

82 5549 240 5618 Πρὸς
277 5550 338 5602 σὲ
368 5549 504 5620 σὰρξ
536 5549 684 5620 ἦξειο
719 5551 812 5604 καὶ
842 5549 923 5616 τὸ,
960 5569 977 5602 ι
1016 5549 1212 5604 Ἰακὼϐ
1232 5551 1286 5604 δὲ
1316 5546 1564 5617 εἰσῆλθεν
1596 5547 1677 5609 εἰς

151 5715 167 5744 ¹
205 5712 400 5768 Matth.
439 5729 551 5778 xu,
589 5713 636 5770 l.
715 5715 752 5742 "
785 5714 988 5782 Ephes,
1027 5729 1060 5778 ι,
1105 5715 1156 5770 υ.

1793 3210 2016 3279 pliciter
2051 3211 2194 3280 apud
2232 3227 2332 3266 vos
2363 3213 2482 3280 pari
2526 3212 2737 3266 honore
2771 3219 2957 3277 erunt,
2983 3221 3039 3266 et
3063 3212 3179 3266 hinc
3214 3228 3372 3283 saga-

1791 3303 2001 3358 eissimi
2059 3305 2330 3359 asseritis.
2388 3304 2494 3360 Sed
2548 3321 2675 3360 cum
2735 3305 3027 3360 manifeste
3075 3305 3370 3375 probatqu

1789 3395 1962 3451 fuerit
1985 3412 2123 3451 vana
2154 3412 2279 3452 esse
2310 3406 2633 3467 argumenta
2664 3413 2787 3466 quae
2819 3398 2887 3452 ad
2915 3414 3070 3452 suam
3102 3400 3371 3468 supersti—

1792 3489 2001 3544 tionem
2042 3490 2304 3544 tuendam
2338 3490 2595 3560 allegant,
2637 3490 2775 3545 alias
2821 3490 2928 3544 sibi
2962 3490 3248 3545 vindicant
3279 3509 3373 3546 oc-

1791 3581 2043 3636 casiones
2070 3589 2130 3634 ut
2156 3582 2544 3636 necessitatem
2575 3599 2688 3637 suat
2718 3583 3020 3650 impietatis
3049 3599 3370 3654 persuasam

1791 3673 2054 3729 eﬁieiant.
2083 3673 2208 3727 Haec
2233 3672 2402 3742 igitur
2433 3673 2651 3727 dicunt.

2450 3786 2602 3842 CAP.
2645 3789 2711 3842 ll.

1860 3901 1963 3967 Qui
1999 3909 2085 3955 est
2135 3899 2360 3970 proprie
2415 3899 2561 3954 ﬁlius
2589 3940 2603 3964 ,
2644 3908 2792 3954 totus
2829 3909 2912 3954 est
2957 3900 3076 3971 ejus
3109 3901 3202 3970 qui
3239 3918 3368 3956 eum
3467 3913 3470 3915 ‘

1790 3993 1987 4063 genuit
2033 3991 2180 4046 lilius
2233 4009 2246 4045 :
2294 3991 2444 4045 nulla
2495 3991 2644 4046 enim
2695 4001 2782 4046 est
2831 4008 2962 4062 pars
2991 4008 3116 4062 qua
3151 3993 3371 4048 dicatur

1789 4087 1910 4155 ejus
1939 4084 2086 4139 ﬁlius
2123 4101 2136 4137 :
2176 4083 2272 4138 sed
2324 4091 2482 4152 pater
2517 4084 2709 4152 nequit
2749 4099 2872 4138 esse
2908 4084 3101 4154 partis,
3129 4085 3262 4154 quin
3296 4086 3370 4139 sit

1793 4177 1964 4232 totius
1991 4185 2225 4241 auctor;
2255 4175 2328 4230 sit
2365 4175 2676 4244 exemplum
2723 4183 2900 4229 totum
2949 4175 3096 4245 quod
3151 4185 3369 4231 constat

1789 4282 1857 4319 ex
1886 4251 2070 4320 anima
2115 4265 2376 4320 rationali
2421 4274 2479 4319 et
2520 4280 2754 4334 corpore
2806 4265 3018 4320 viventi
3061 4275 3280 4320 constat
3311 4275 3368 4320 et

1789 4359 1938 4428 quod
1964 4358 2171 4412 dicitur
2200 4357 2348 4412 ﬁlius
2376 4357 2618 4411 hominis
2646 4373 2662 4411 :
2692 4357 2739 4412 si
2765 4358 3035 4413 acciderit
3070 4359 3216 4428 quod
3257 4375 3365 4413 una

1788 4465 1916 4520 pars
1951 4450 2112 4504 istius
2136 4449 2308 4504 totius
2333 4450 2453 4504 sine
2483 4449 2655 4504 altera
2687 4464 2752 4503 ex
2785 4459 2958 4505 matre
2985 4459 3164 4530 exeat,
3200 4452 3366 4506 abor-

1788 4543 1962 4598 tivum
1998 4551 2056 4596 et
2085 4557 2196 4595 non
2227 4541 2401 4595 ﬁlium
2435 4541 2726 4596 nominare
2771 4543 3034 4608 solemus,
3083 4543 3368 4600 addimus-

1787 4650 1894 4703 que
1929 4633 2187 4687 abortum
2219 4633 2409 4697 fuisse,
2455 4649 2568 4687 non
2599 4633 2967 4690 nativitatem.
3006 4634 3060 4690 Si
3101 4635 3269 4706 igitur
3294 4651 3364 4690 ex

1787 4733 1941 4794 parte
1971 4725 2145 4780 ﬁlium
2173 4725 2414 4782 hominis
2437 4726 2623 4782 dicitis
2657 4726 2967 4793 Christum,
3013 4729 3368 4784 manifestum

1785 4826 1870 4871 est
1904 4817 2052 4886 quod
2089 4833 2190 4872 nec
2215 4819 2388 4887 patris
2423 4819 2667 4886 proprie,
2702 4834 2804 4873 nec
2829 4819 3023 4873 matris
3054 4829 3139 4872 est
3167 4820 3311 4872 lilius
3351 4836 3364 4871 :

1787 4909 1944 4976 cujus
1992 4907 2161 4976 igitur
2191 4917 2391 4961 natura
2419 4906 2689 4969 sit,ﬁlius,
2717 4909 2878 4962 nobis
2905 4907 3367 4974 ostendite.Quid

1785 5014 1938 5068 ergo,
1975 5015 2009 5052 ο
2039 5014 2158 5060 vos,
2187 4999 2453 5052 mentitur
2485 4998 2666 5051 omnis
2707 4997 2994 5066 Scriptura
3020 5014 3198 5061 sacra,
3244 5016 3368 5068 qua:

1785 5089 1952 5143 modo
2004 5089 2204 5143 Filium
2240 5087 2354 5151 Dei,
2399 5087 2562 5143 modo
2595 5088 2766 5141 ﬁlium
2818 5089 3058 5144 hominis
3107 5091 3367 5145 eumdem

1787 5180 2038 5235 nominat
2063 5179 2391 5234 Christum?
2419 5179 2488 5234 Et
2530 5181 2656 5249 quis
2681 5190 2896 5236 vestras
2941 5198 3115 5252 nugas
3162 5183 3367 5238 divinis

1787 5283 2089 5342 anteponet
2149 5273 2551 5328 sermonibus?
2605 5273 2747 5339 Quid
2799 5292 2934 5330 vero
2990 5276 3240 5330 dicamus
3297 5277 3366 5331 de

1784 5366 2029 5432 Christo,
2063 5375 2120 5420 et
2163 5367 2232 5421 de
2263 5367 2446 5421 Filio?
2477 5366 2534 5421 Si
2579 5368 2752 5432 enim,
2801 5369 3265 5438 quemadmodum
3309 5379 3368 5424 et

1785 5477 1884 5516 vos
1913 5461 2063 5516 hunc
2107 5461 2368 5531 loquendi
2419 5461 2644 5516 modum
2697 5463 2987 5518 occasione
3028 5464 3154 5517 data
3207 5480 3367 5517 usur-

1787 5553 1979 5625 pastis,
2031 5569 2098 5608 ex
2153 5565 2310 5624 parte
2368 5553 2647 5609 hominem
2701 5554 2880 5624 ipsum
2933 5539 3108 5610 totum
3163 5565 3366 5612 vocant
