3876 6310
453 221 585 288 16Ί7
1146 231 1164 252 ·
1713 199 2022 263 LEONTII
2059 198 2086 258 Ι

2195 194 2462 255 ANTINI
3650 177 3706 238 it“
3727 179 3770 239 '3

451 343 610 386 saera
645 323 902 396 Eloquia,
939 322 1085 378 sicut.
1108 320 1163 375 in
1189 319 1296 374 hoc
1317 320 1464 384 loco,
1487 317 1556 373 ad
1582 326 1634 372 te
1655 332 1783 372 caro
1813 315 2034 379 veniet;
2067 318 2086 374 Δ

2195 308 2418 376 ἵγυπτον
2451 306 2509 357 έν
2536 306 2606 356 os’
2644 301 2845 370 ψυχαῖς
2868 316 2880 328 ·
2920 316 2939 350 ι
2983 296 3121 351 ἀλλὰ
3153 296 3252 349 καὶ
3293 297 3366 348 ἐκ
3409 291 3528 345 τοῦ
3567 291 3698 344 illo;
3725 309 3768 344 :1

449 385 609 474 etin
663 385 792 479 isto:
833 385 1003 468 Jacob
1035 409 1187 465 venit
1239 409 1295 464 in
1340 407 1635 479 Egyptum
1677 421 1803 462 cum
1836 404 2034 460 domus

2195 399 2308 470 ἔρος
2347 399 2508 468 μόνον
2559 395 2746 449 καλεῖ·
2782 393 2858 456 ὡς
2885 392 2977 454 τὸ,
3021 392 3172 446 Ἐκεί
3199 387 3430 458 ἔθαψαν
3487 385 3768 455 Ἀϐραὰμ,

451 525 566 568 suae
590 507 882 564 animabus
906 521 921 558 :
946 520 1014 560 ex
1043 510 1158 558 toto
1181 502 1348 557 etiam
1375 508 1588 572 partem
1611 500 1786 555 solam
1813 505 2032 566 vocant,

2195 493 2236 544 ιὶ
2263 491 2482 562 Σάρῤαν
2510 488 2609 559 τὴν
2637 489 2878 556 γυναῖκα
2907 483 3099 537 αὑτοῦ·
3137 481 3302 553 μόνον
3333 479 3472 550 γὰρ
3515 481 3587 532 τὸ
3623 478 3768 547 σῶμα

458 612 520 657 ut
556 600 612 654 in
660 599 768 654 hoc
800 599 946 660 loco,
969 596 1058 652 hic
1093 595 1426 666 sepelierant
1456 591 1736 648 Abraham
1755 599 1812 646 et
1843 590 2035 647 Saram

2195 581 2405 652 t6paitp.
2439 581 2556 634 ἐκεῖ
2602 577 2812 649 ἐτάφηο
2849 575 2970 640 πῶς
3017 575 3082 626 ἐκ
3139 573 3354 644 μέρους
3416 573 3510 642 μὴ
3574 571 3768 638 τολμᾷν

405 673 412 678 ’
456 693 752 764 coniugem
801 691 965 761 ejus:
1012 663 1191 744 solum
1235 687 1382 742 enim
1418 701 1624 756 corpus
1665 683 1902 739 Abrahae
1948 683 2039 738 hic

2195 675 2334 728 κλεῖν
2381 673 2495 727 υἱὸν
2547 670 2780 742 Θατέρου
2828 669 2938 722 τῶν
2974 666 3192 736 φύντων
3230 663 3628 736 νομοθετεῖτε
3655 663 3764 726 vis;

458 759 737 855 sepultum
761 759 848 838 est
880 799 894 835 :
927 780 1206 852 quomodo
1235 795 1304 834 ex
1334 786 1490 849 parte
1513 777 1688 831 ﬁlium
1713 774 2042 830 alterutrius

2198 767 2444 833 αἰτοιγε,
2470 767 2542 830 εξ,
2573 763 2650 826 ὡς
2677 763 2773 816 καὶ
2799 761 2956 816 αὐτοὶ
2983 761 3186 830 ἕψητε,
3221 759 3408 828 μόνου
3443 759 3556 810 τοῦ
3599 759 3766 823 σῶμα·

458 876 778 948 gcncrantis
807 888 1008 930 vocare
1039 888 1189 928 nunc
1213 886 1329 926 non
1369 868 1697 926 sustinetis"
1725 866 1889 922 Certe
1919 866 2045 937 qui-

2195 859 2234 917 i:
2264 860 2402 911 εἰσιν
2436 855 2603 909 αἴτιοι
2637 855 2770 925 ἡμῖν
2795 854 2845 906 οἱ
2875 853 2974 922 τῆς
3004 849 3217 920 σαρκὸς
3249 848 3552 919 πατέρες,
3585 848 3762 917 ἑτέρου

459 939 609 1029 dem.
657 967 726 1033 si,
762 975 824 1021 ut
853 973 910 1021 ct
945 965 1050 1036 ipsi
1089 965 1382 1030 dicebatis,
1415 963 1592 1018 solius
1624 960 1878 1032 corporis
1916 968 2048 1015 sunt

2195 947 2338 1016 1'95);
2371 945 2810 1016 ὁμολογουμένου
2856 939 2996 996 εἶναι
3025 939 3122 994 τοῦ
3173 941 3411 1008 Πατρὸς
3445 940 3576 991 τῶν
3609 956 3764 990 πνεν-

461 1065 718 1113 auctores
741 1057 906 1112 nobis
931 1055 1117 1111 carnis
1145 1065 1353 1126 patres,
1381 1061 1438 1109 et
1470 1051 1786 1108 confessum
1818 1050 1892 1106 sit
1926 1065 2046 1106 ma-

2195 1044 2361 1106 ἀτων,
2382 1040 2527 1094 κατὰ
2555 1040 2646 1093 τὸν
2683 1037 3031 1098 Ἀπόστολον,
3067 1035 3185 1098 πῶς
3210 1037 3275 1087 οὐ
3301 1036 3537 1096 πάντες
3565 1033 3758 1104 ἄνθρω-

463 1148 666 1204 nil‘este
689 1149 926 1203 alterum
960 1162 1083 1203 esse
1109 1121 1178 1202 ei:
1203 1153 1360 1216 patre
1385 1145 1706 1215 spirituum,
1737 1141 2047 1198 secundum

2196 1150 2244 1184 οι
2276 1121 2562 1200 προδῇλως
2589 1131 2654 1182 ὲκ
2681 1128 2887 1198 μέρους
2919 1143 2978 1179 τε
3011 1127 3142 1186 υἱοὶ.
3168 1126 3264 1178 καὶ
3303 1127 3377 1178 ὲκ
3423 1126 3645 1194 μέρους
3669 1142 3762 1176 εει-

385 1265 398 1287 ι
465 1240 813 1310 Apostolum,
837 1237 1119 1309 quomodo
1152 1214 1216 1294 ﬁt
1238 1247 1298 1292 ut
1319 1214 1514 1292 omnes
1540 1236 1794 1292 homines
1822 1233 2052 1289 eviden-

2195 1226 2306 1294 ἑρες
2347 1221 2740 1293 ὀνομάζονται;
2771 1221 2852 1273 ἑτι
2886 1220 2995 1290 μὴν
3031 1221 3126 1272 καὶ
3155 1217 3332 1272 αὑτοῦ
3375 1217 3483 1270 τοῦ
3523 1214 3762 1286 stipam;

469 1343 553 1388 ter
579 1347 647 1387 ex
679 1341 836 1401 parte
867 1331 986 1395 ﬁlii,
1026 1345 1094 1384 ex
1119 1337 1274 1398 parte
1315 1337 1498 1398 patres
1521 1342 1633 1382 non
1657 1325 2052 1381 nominentur?

2195 1320 2202 1370 ἱ
2233 1317 2306 1388 μὴ
2333 1319 2398 1370 ὲκ
2425 1315 2520 1368 τοῦ
2555 1316 2785 1386 ἄρρενος
2816 1315 2850 1384 ἡ
2877 1314 3033 1366 πᾶσα
3060 1312 3230 1375 αἰτία,
3265 1310 3424 1363 ἀλλά
3452 1312 3763 1377 συνεισάτῑι

472 1424 764 1488 Praeterea,
801 1422 846 1476 si
880 1422 1055 1492 ipsius
1085 1421 1338 1490 corporis
1361 1435 1528 1475 causa
1577 1434 1608 1473 e
1649 1418 1896 1474 masculo
1940 1433 2052 1473 non

2195 1426 2207 1460 t
2237 1408 2334 1460 καὶ
2374 1407 2437 1460 τὸ
2488 1406 2654 1476 οῆλυο
2696 1407 2792 1458 καὶ
2825 1407 2853 1458 ὁ
2885 1404 3008 1475 μὲν,
3042 1402 3119 1465 ὣς
3155 1403 3299 1471 φασί
3326 1419 3518 1466 τινες,
3552 1403 3627 1454 τὰ
3657 1417 3764 1453 στε-

476 1523 588 1568 tota
628 1513 719 1578 sit,
771 1513 869 1568 sed
924 1513 1225 1567 femineum
1279 1511 1446 1566 etiam
1505 1509 1718 1579 aliquid
1781 1508 2051 1573 conferat,

2195 1497 2423 1569 εώτερα,
2459 1499 2493 1568 ὴ
2527 1498 2584 1550 δὲ
2615 1497 2684 1550 τὰ
2720 1497 2992 1567 ὑγρότερα
3041 1495 3295 1548 ἐνδίδωσι
3340 1495 3431 1564 τῷ
3476 1496 3765 1563 γινομένῳ.

477 1621 665 1672 unum,
704 1604 936 1668 scilicet,
966 1615 1028 1659 ut
1060 1603 1218 1658 aiunt
1248 1603 1445 1673 aliqui,
1488 1601 1778 1664 solidiora,
1812 1603 2050 1655 alterum
2081 1665 2086 1672 ι

2195 1588 2276 1650 εῶς
2315 1589 2436 1658 οὐχὶ
2478 1588 2574 1640 καὶ
2607 1585 2772 1642 αὑτοῦ
2810 1585 2906 1638 τοῦ
2964 1586 3167 1655 μέρους
3223 1586 3294 1636 ὲκ
3351 1585 3576 1654 μέρους
3626 1583 3767 1644 62:5;

473 1665 727 1749 molliora
755 1665 944 1765 genito
973 1693 1237 1764 prabeat,
1268 1665 1550 1762 quomodo
1571 1701 1628 1746 et
1659 1691 1834 1761 ipsius
1878 1689 2054 1760 partis
2081 1665 2086 1722 Ῐ

2195 1683 2320 1736 isto:
2349 1681 2612 1752 ἑκάτερος
2643 1677 3012 1750 μερικὼτατοὶ
3051 1695 3116 1747 γε
3150 1679 3386 1746 φανεῖεν
3421 1678 3655 1742 τοκέεςς
3682 1677 3764 1738 ὡς

473 1801 543 1840 ex
573 1795 727 1854 parte
758 1784 1034 1840 venientis
1066 1791 1344 1846 auctores,
1399 1781 1786 1852 unusquisque
1832 1780 2054 1850 specia-

2195 1775 2316 1846 ἵπερ
2349 1775 2424 1845 μὴ
2472 1774 2624 1826 ἐστιν
2673 1771 2891 1842 ἀληθῶς
2922 1773 2989 1824 ἐκ
3029 1771 3234 1841 μέρους
3285 1771 3484 1823 εἰπεῖν
3512 1771 3764 1838 γεννήτο-

475 1875 596 1939 tim,
647 1890 761 1930 non
807 1873 1132 1928 viderentur
1179 1871 1484 1944 parentes?
1513 1871 1663 1938 Quos
1707 1870 1752 1925 si
1803 1884 1938 1924 vere
1987 1885 2055 1924 ex

2198 1883 2282 1929 ας,
2317 1864 2408 1918 διὰ
2447 1865 2516 1916 τὰ
2563 1863 2656 1932 ὑφ’
2690 1863 2846 1934 ὑμῶν
2895 1861 3004 1915 τῶν
3035 1860 3417 1914 διαλεκτικῶν
3447 1860 3768 1930 νομοθετού-

476 1973 630 2036 parte
663 1976 850 2034 patres
883 1963 1070 2018 dicere
1097 1977 1209 2017 non
1244 1962 1430 2026 liceat,
1454 1961 1610 2032 juxta
1648 1962 1798 2030 leges
1830 1976 1860 2014 a
1900 1959 2059 2014 vobis

2195 1972 2324 2019 ιενα,
2363 1953 2473 2006 οὐδ’
2519 1951 2630 2023 ἄρα
2669 1952 2860 2023 πατήρ
2907 1951 2994 2016 τις
3043 1950 3161 2003 έστὶ
3199 1967 3359 2011 τινος
3401 1950 3523 2003 τῶν
3567 1952 3628 2002 ἐν
3675 1949 3764 2018 ﬂigi

477 2055 788 2112 dialecticis
816 2055 1074 2119 sancitas,
1108 2068 1214 2108 nec
1241 2069 1375 2123 ergo
1409 2062 1565 2122 pater
1595 2053 1798 2122 aliquis
1819 2060 1904 2107 est
1931 2067 2059 2107 vere

2195 2046 2534 2116 ‘avvqeévvow
2570 2044 2877 2116 ἀνθρώπων
2909 2043 3158 2114 ἀληθῶς·
3189 2042 3326 2096 οὐδὲ
3361 2043 3486 2113 γὰρ
3512 2042 3619 2110 τῆς
3647 2059 3766 2110 σαρ-

479 2148 714 2218 alirujus
765 2145 1052 2200 hominum
1101 2143 1198 2213 qui
1243 2143 1413 2198 vitam
1458 2143 1692 2214 ingressi
1722 2149 1902 2198 sunt:
1947 2157 2061 2196 non

2195 2140 2256 2203 μὸς
2294 2139 2464 2210 μόνης
2511 2136 2746 2200 δεόντως
2775 2135 2989 2202 λέγοιτο
3031 2134 3098 2189 ἂν
3125 2151 3215 2197 τις
3259 2135 3488 2206 πατὴρ,
3517 2134 3644 2187 οὐδὲ
3671 2134 3764 2204 pi;-

479 2241 629 2293 enim
656 2238 840 2292 carnis
867 2237 1040 2292 solius
1085 2237 1486 2292 convenienter
1532 2235 1734 2306 aliquis
1778 2235 2063 2292 diceretur

2201 2249 2291 2305 ηρ,
2339 2231 2462 2284 οὐδὲ
2493 2230 2632 2293 υἱὸς,
2675 2228 2812 2282 ἀλλὰ
2843 2231 3045 2290 πάντες
3080 2227 3177 2280 ἀπ’
3203 2227 3543 2298 αὐτομάτου
3587 2227 3764 2297 ἐσμὲν.

483 2337 659 2397 pater,
692 2342 795 2381 nec
827 2335 1024 2389 mater,
1064 2340 1167 2379 nec
1197 2323 1380 2390 ﬁlius;
1417 2323 1586 2396 igitur
1611 2339 1808 2379 omnes
1829 2323 2064 2379 fortuito

482 2431 612 2471 casu
643 2431 858 2479 sumus,
887 2431 990 2471 nos
1028 2415 1124 2485 qui
1165 2415 1446 2469 nascimur
1477 2432 1490 2468 :
1523 2431 1666 2471 anne
1692 2415 1853 2471 vobis
1883 2416 2064 2471 mani-

483 2507 686 2563 festius
711 2507 962 2562 exhiberi
994 2515 1178 2577 potest
1205 2507 1642 2576 argumentum?

557 2597 747 2665 Quoad
807 2598 1120 2666 exemplum
1177 2595 1413 2650 abortivi
1443 2635 1458 2660 ,
1507 2595 1789 2665 quomodo
1838 2595 2068 2652 dicitis?

485 2687 662 2750 Anne,
686 2688 815 2756 quia
839 2697 924 2741 est
948 2702 1072 2756 pars
1095 2685 1423 2755 simpliciter
1443 2693 1500 2742 et
1522 2685 1928 2756 imperfectum,
1955 2702 2068 2743 non

488 2775 695 2829 dicitur
725 2774 894 2839 ﬁlius,
921 2787 1017 2829 aut
1053 2774 1180 2844 quia
1208 2774 1455 2830 nondum
1491 2775 1668 2831 vixit?
1715 2775 1772 2832 Si
1820 2776 1951 2847 quia
1983 2787 2072 2832 est

489 2864 897 2934 imperl'ectum,
927 2847 1150 2934 et‘pars
1189 2864 1538 2934 simpliciter,
1563 2865 1843 2935 quomodo
1876 2866 2072 2922 dicun-

2141 2333 2189 2383 οἱ
2207 2323 2562 2395 γεννώμενοι·
2592 2323 2686 2375 καὶ
2721 2321 2805 2384 τίς
2836 2319 3040 2374 τούτων
3075 2320 3166 2389 εἴη
3201 2319 3344 2388 ὑμῖν
3391 2319 3766 2392 armavi“-

2172 2432 2260 2494 eo;
2288 2413 2542 2483 ἔλεγχοςς

2240 2593 2316 2647 Τὸ
2342 2593 2398 2646 δὲ
2433 2591 2784 2660 παράδειγμα
2809 2588 2903 2643 τοῦ
2943 2588 3414 2660 έξαμδλὼματος,
3457 2591 3580 2654 πῶς
3610 2608 3757 2659 φατε

2172 2679 2284 2756 ἆρα
2331 2683 2440 2752 γὰρ
2473 2682 2548 2746 ὡς
2586 2683 2756 2752 μέρος
2805 2680 2990 2744 ἁπλῶς
3048 2682 3145 2733 καὶ
3195 2680 3405 2746 ἀτελὲς
3443 2682 3513 2734 οὗ
3565 2683 3760 2749 λέγεται

2173 2776 2290 2840 υἱὸς
2314 2816 2329 2836 ,
2371 2775 2404 2845 ἢ
2434 2773 2509 2837 ὡς
2542 2773 2617 2844 μὴ
2651 2773 2824 2842 ζῆσαν
2852 2771 3034 2838 οΰπω;
3069 2775 3119 2824 εἰ
3149 2772 3250 2841 μὲν
3283 2774 3387 2827 οὖν
3427 2772 3512 2837 ὡς
3547 2773 3758 2834 ἐλλιπὲς,

2175 2870 2270 2921 καὶ
2303 2867 2380 2931 ὡς
2415 2867 2580 2937 μέρος
2625 2863 2835 2927 ἁπλῶς,
2872 2864 2990 2926 πῶς
3019 2863 3089 2916 τὰ
3117 2863 3328 2916 κολοϐὰ
3357 2868 3464 2918 καὶ
3512 2866 3584 2917 τᾶ
3614 2869 3758 2934 τερα·

496 2964 584 3030 tur
607 2955 704 3009 lilii
739 2955 835 3025 qui
874 2957 1110 3009 truncati
1155 2965 1214 3010 et
1261 2957 1600 3012 monstruosi
1649 2957 1770 3012 sine
1809 2955 2071 3014 manibus

2195 2977 2301 3013 ιτια
2331 2959 2533 3030 χειρῶν
2566 2975 2626 3011 τε
2650 2957 2780 3010 ἄνευ
2803 2957 2897 3009 καὶ
2925 2955 3110 3010 ποδῶν
3133 2955 3410 3019 πολλάκις
3441 2958 3546 3010 καὶ
3580 2958 3763 3026 ἑτέρων

492 3058 550 3104 et
578 3047 988 3119 pedibussmpe
1013 3057 1069 3102 et
1093 3047 1218 3101 aliis
1275 3047 1542 3102 membris
1597 3059 1922 3114 nascuntur,
1951 3065 2076 3104 cum

2195 3051 2389 3122 1.09in
2437 3050 2778 3121 γεννώμενα,
2823 3050 2930 3102 υἱοὶ
2973 3048 3228 3115 λέγονται
3257 3051 3322 3102 ἐν
3372 3049 3520 3122 τὸσῃ
3564 3048 3761 3116 ἀτελείᾳ

497 3141 554 3196 in
597 3141 688 3194 tali
720 3141 1138 3210 iutperfectione
1167 3139 1317 3194 sint?
1341 3138 1484 3206 Quid
1511 3148 1568 3194 et
1595 3141 1780 3195 adhuc
1813 3140 1881 3195 de
1905 3141 2076 3196 Abra-

496 3228 623 3282 ham
669 3229 764 3298 qui
819 3231 1024 3284 multos
1083 3238 1212 3282 ante
1269 3243 1448 3284 annos
1492 3228 1787 3283 discedens
1846 3237 2078 3284 vocatur

498 3329 656 3390 pater
682 3321 962 3375 israelitici
993 3321 1208 3390 populi,
1244 3328 1302 3374 et
1330 3321 1397 3374 de
1439 3319 1609 3373 David
1645 3317 1742 3390 qui
1773 3328 1900 3390 post
1926 3336 2079 3375 mor-

501 3421 613 3465 tem
663 3419 821 3480 pater
869 3409 1086 3464 Domini
1136 3408 1380 3462 dicitur?
1425 3408 1714 3464 Manifeste
1761 3411 1908 3465 enim
1955 3426 2082 3481 pars

500 3501 675 3571 ipsius
707 3509 924 3556 servata
958 3500 1278 3556 nominatur
1304 3501 1359 3554 in
1393 3502 1642 3555 futurum
1667 3510 1846 3572 pater,
1868 3503 2084 3558 scilicet

501 3593 709 3652 anima.
761 3593 818 3650 Si
865 3594 1032 3664 igitur
1072 3594 1187 3648 sola
1221 3608 1351 3663 pars
1392 3592 1588 3648 vivens
1623 3593 1772 3649 ﬁlius
1817 3601 1876 3650 et
1901 3603 2082 3664 pater

505 3685 780 3741 nominari
804 3685 1028 3749 debeat,
1058 3684 1189 3754 quid
1225 3683 1458 3754 impedit
1483 3685 1616 3755 quin
1646 3683 1796 3740 ﬁlius
1816 3701 1883 3740 ex
1923 3696 2082 3756 parte

505 3776 700 3832 vivens
752 3777 1108 3832 nominetur?
1165 3773 1516 3831 Manifestum
1569 3783 1658 3830 est
1705 3777 1874 3847 igitur
1931 3777 2084 3847 quod

507 3866 653 3922 ﬁlius
687 3883 800 3923 non
827 3867 1054 3933 dicitur,
1083 3868 1216 3937 quia
1249 3868 1362 3922 vita
1386 3873 1560 3932 caret,
1589 3881 1701 3921 non
1733 3876 1920 3922 autem
1955 3868 2086 3938 quia

505 3968 590 4015 est
639 3973 787 4030 pars.
812 3959 1045 4029 Insuper
1097 3957 1516 4030 archisynagogi
1569 3958 1774 4028 neptis,
1825 3968 1883 4014 et
1935 3958 2084 4016 ﬁlius

507 4053 711 4120 viduae,
731 4061 792 4108 et
819 4052 915 4124 qui
947 4052 1151 4106 mortui
1197 4060 1332 4107 sunt
1357 4061 1485 4106 ante
1525 4060 1790 4122 parentes
1821 4052 1998 4118 vivos,
2035 4053 2085 4108 si

511 4153 659 4201 recte
705 4145 862 4202 vobis
907 4145 1168 4201 videntur
1221 4145 1278 4200 in
1336 4145 1635 4216 Evangelia
1673 4145 1785 4200 ﬁlia
1829 4155 1888 4201 et
1937 4144 2087 4201 ﬁlius

509 4236 692 4292 adhuc
738 4237 927 4293 vocari
982 4245 1210 4308 propter
1259 4236 1507 4306 ipsorum
1541 4237 1756 4292 animas
1781 4237 2034 4292 viventes
2070 4253 2084 4290 ;

2179 3142 2311 3196 ὅντα
2343 3143 2574 3212 μερικῇς
2604 3139 2684 3193 ἔτι
2712 3141 2769 3192 δὲ
2795 3139 2847 3193 τί
2879 3139 2944 3194 ἂν
2977 3139 3198 3208 φαίητε,
3239 3139 3517 3210 Ἀϐραὰμ
3539 3139 3642 3206 τοῦ
3676 3141 3764 3208 ’.τρό

2181 3233 2450 3286 πλείστων
2479 3232 2616 3286 ἐτῶν
2646 3231 3012 3303 ἀποιχομένου
3055 3231 3410 3301 καλουμένου
3453 3234 3663 3304 πατρὸς
3685 3231 3764 3285 το]

2194 3324 2524 3394 Ἰσραηλίτου
2547 3323 2700 3386 λαοῦ,
2735 3325 2829 3377 καὶ
2856 3323 3019 3377 Δαϐὶδ
3042 3325 3180 3393 μετᾶ
3204 3323 3446 3378 θάνατον
3469 3326 3680 3396 πατρὶς
3691 3326 3766 3375 1:-

2182 3419 2414 3489 γομένου
2444 3419 2536 3472 τοῦ
2560 3419 2767 3487 Κυρίου
2790 3435 2805 3480 ;
2836 3419 3022 3486 σαφῶς
3047 3417 3158 3488 γὰρ
3180 3418 3246 3470 τὸ
3273 3419 3599 3488 σωζόμενον
3621 3419 3767 3488 μέρος

2182 3506 2346 3560 αὑτοῦ
2377 3506 2707 3577 ὀνομάζεται
2726 3505 2912 3559 λοιπὸν
2938 3505 3145 3576 πατὴρ,
3167 3506 3340 3576 ἡγουν
3349 3509 3388 3602 1;
3413 3507 3590 3577 ψυχή.
3609 3507 3672 3561 ΕΙ
3689 3501 3766 3560 ὠν

2183 3600 2300 3651 ἐστι
2344 3597 2509 3668 μέρος
2543 3597 2704 3668 μόνον
2725 3596 2835 3661 ζῶν
2865 3596 3232 3666 ὀνομάζεσθαι
3258 3596 3382 3651 υἱὸν
3404 3600 3510 3651 καὶ
3549 3602 3765 3670 πατέρα.

2183 3688 2237 3740 τί
2260 3689 2458 3742 κωλύει
2484 3687 2710 3741 καὶυῐὸν
2738 3687 3100 3758 ὀνομάζεσθαι
3126 3689 3191 3740 ὲκ
3215 3687 3312 3741 τοῦ
3339 3689 3555 3760 μέρους
3572 3693 3638 3745 τὸ
3651 3691 3765 3755 {Cm

2183 3780 2340 3849 δῆλον
2369 3780 2498 3850 ἄρα,
2531 3780 2613 3832 ὅτι
2647 3779 2746 3850 οὐχ
2779 3779 2856 3842 ὡς
2894 3781 3081 3849 μέρος,
3112 3779 3229 3832 ἀλλ’
3255 3779 3334 3844 ὡς
3373 3783 3562 3846 ἄζωον
3588 3785 3654 3836 οὖ
3701 3784 3770 3835 li-

2185 3889 2343 3942 γεται
2379 3873 2442 3925 τδ
2473 3871 2548 3943 μὴ
2578 3871 2870 3942 λεγόμενον
2907 3873 3052 3935 υὶόςο
3097 3871 3176 3924 ἔτι
3214 3873 3321 3942 μὴν
3359 3873 3458 3926 τοῦ
3515 3877 3766 3947 ἀρχισυν-

2187 3963 2407 4032 αγώγου
2461 3963 2524 4016 τὸ
2579 3962 2889 4032 θυγάτριον,
2927 3961 3024 4015 καὶ
3049 3964 3078 4016 ὁ
3146 3962 3262 4025 υἱὸς
3289 3966 3393 4032 τῆς
3442 3965 3654 4035 χήρας.
3682 3965 3762 4018 καὶ

2189 4056 2724 4128 προ-τελευτήσαντες
2776 4054 2885 4107 τῶν
2945 4053 3164 4120 ζώντων
3216 4055 3444 4122 γονέων,
3500 4059 3555 4108 εἰ
3604 4058 3766 4128 ὀρθῶς

2190 4148 2320 4218 ὑμῖν
2346 4147 2599 4203 δοκοῦσιν
2621 4147 2680 4199 ὲν
2703 4146 2784 4218 τῷ
2814 4145 3134 4216 Εύαγγελιῳ
3160 4145 3414 4218 Θυγάτηρ
3439 4165 3507 4201 τε
3535 4151 3631 4202 καὶ
3669 4151 3765 4210 υἱὸς

2192 4239 2271 4292 ετι
2302 4237 2559 4307 λέγεσθαι
2590 4239 2683 4291 ἐπὶ
2705 4239 2826 4301 ταῖς
2853 4236 3058 4302 ζὼσαις
3101 4237 3284 4290 αὐτῶν
3307 4237 3555 4308 ψυχαῖς·
3590 4240 3696 4294 1δοῦ
3714 4239 3766 4291 τὸ

507 4343 644 4384 ecce
682 4344 712 4383 a
749 4329 908 4384 vobis
933 4329 1251 4384 confessum
1287 4336 1374 4382 est
1407 4335 1620 4398 partem
1657 4342 1786 4383 esse
1826 4328 2003 4383 ﬁlium
2029 4335 2086 4384 et

2198 4331 2364 4402 μέρος
2391 4331 2484 4384 καὶ
2509 4331 2640 4400 ὑμῖν
2669 4329 3014 4400 ὁμολογεῖται
3050 4325 3189 4382 εἶναι
3221 4330 3338 4392 υἱὸς
3379 4333 3478 4384 καὶ
3501 4331 3761 4402 θυγάτηρ

511 4417 681 4474 ﬁliam
715 4437 728 4473 :
763 4429 850 4474 est
895 4420 1064 4490 igitur
1099 4427 1352 4490 apertum
1400 4420 1570 4490 quod,
1605 4419 1738 4490 quia
1791 4433 1906 4474 non
1951 4419 2090 4474 vivit

513 4509 782 4578 primum,
804 4526 984 4580 neque
1001 4511 1132 4581 quia
1157 4518 1245 4566 est
1275 4526 1402 4581 pars
1423 4512 1776 4582 simpliciter,
1805 4511 1953 4566 ﬁlius
1977 4527 2090 4566 non

514 4597 721 4654 dicitur
753 4601 1065 4657 abortivus.
1093 4600 1150 4655 Si
1181 4602 1330 4656 enim
1357 4601 1530 4656 multa
1555 4609 1614 4657 et
1642 4601 1900 4657 informia
1929 4601 2093 4658 abor-

518 4689 760 4745 tivorum
789 4706 1024 4761 corpora
1061 4691 1244 4746 anima
1261 4691 1624 4755 donarentur,
1663 4690 1764 4744 ﬁlii
1803 4690 2003 4746 ﬁerent
2035 4700 2093 4748 et

513 4781 890 4838 dicerentur:
935 4792 1192 4838 cazterum
1244 4797 1356 4836 non
1411 4782 1547 4836 illud
1591 4781 1850 4846 dicimus,
1892 4797 2095 4853 nempe

517 4888 683 4928 omne
713 4881 927 4943 partem
974 4882 1032 4928 et
1067 4872 1242 4928 ﬁlium
1275 4888 1420 4939 esse,
1471 4873 1568 4928 sed
1609 4873 1770 4929 vobis
1817 4872 2097 4929 immerito

521 4964 704 5020 visum
763 4963 938 5020 fuisse
993 4979 1168 5018 unum
1231 4962 1406 5018 ﬁlium
1471 4979 1540 5019 ex
1605 4972 1765 5034 parte
1813 4979 2097 5035 nunquam

519 5057 748 5128 proprie
808 5057 1120 5123 nominari,
1171 5065 1269 5112 aut
1317 5073 1384 5112 ex
1433 5066 1590 5128 parte
1641 5071 1926 5126 nunquam
1977 5072 2100 5114 esse

509 5160 760 5222 .patrem.

597 5242 703 5298 Sed
749 5251 1014 5312 praeterea
1063 5241 1332 5297 addemus
1372 5258 1475 5298 nos
1519 5241 1789 5297 aliirmare
1817 5242 2102 5298 Christum

523 5344 648 5388 esse
672 5347 786 5386 non
810 5347 878 5387 ex
907 5342 1063 5402 parte
1086 5333 1438 5403 simpliciter,
1467 5334 1564 5388 sed
1605 5349 1674 5388 ex
1705 5341 1821 5388 toto
1845 5333 2107 5389 uniuscu-

521 5425 726 5494 jusque
760 5425 957 5479 Filium
979 5466 994 5490 ,
1022 5425 1156 5481 licet
1205 5427 1319 5481 sint
1345 5426 1595 5481 diversae
1620 5426 1859 5496 partium
1894 5441 2018 5496 quae
2051 5427 2106 5481 in

531 5513 650 5582 ipso
701 5524 830 5572 sunt
882 5516 1179 5575 ﬁliationes
1209 5537 1222 5572 :
1253 5519 1506 5588 corporis
1553 5516 1763 5574 Christi
1810 5533 1976 5573 causa
2023 5527 2109 5574 est

533 5618 726 5662 sancta
755 5609 919 5681 Virgo
952 5627 1075 5680 qua!
1104 5611 1312 5682 aliquid
1356 5627 1528 5666 unum
1573 5611 1736 5667 istius
1784 5611 2034 5682 corporis
2077 5627 2106 5666 a

2191 4424 2300 4496 ἄρα
2335 4419 2431 4477 οὖν
2465 4422 2635 4491 σαφές
2665 4423 2815 4475 ἐστιν
2863 4423 2944 4474 ὅτι
2993 4421 3070 4484 ὡς
3125 4421 3201 4490 μὴ
3254 4419 3364 4485 ζῶν
3394 4421 3653 4492 πρώτως,
3681 4423 3760 4474 ui

2192 4515 2292 4587 οὐχ
2317 4515 2394 4581 ὡς
2423 4515 2586 4586 μέρος
2619 4513 2827 4579 ἁπλῶς,
2859 4514 2920 4567 οὗ
2965 4513 3180 4580 λέγεται
3229 4513 3347 4576 υἱὸς
3389 4515 3451 4567 τὸ
3495 4514 3758 4577 siina»

2198 4624 2304 4678 μα’
2361 4606 2530 4660 πολλὰ
2585 4606 2696 4677 γὰρ
2747 4608 2843 4660 καὶ
2900 4605 3230 4676 ἁτελέστερι
3305 4605 3419 4659 τῶν
3497 4604 3762 4676 ἐξαμϐλω-

2201 4701 2387 4771 μάτων
2420 4698 2556 4764 ὅλως
2605 4699 2654 4752 εἰ
2701 4697 3004 4769 ψυχωθεῖεν
3051 4695 3300 4767 σώματα,
3352 4699 3462 4750 υἱοὶ
3485 4699 3762 4767 γεννῶνται

2197 4793 2294 4846 καὶ
2320 4791 2602 4862 λέγονταιο
2634 4793 2770 4846 ὅπου
2798 4807 2862 4860 γε
2899 4791 3034 4861 πρὸς
3053 4792 3240 4849 πᾶσιν.
3275 4791 3399 4844 οὐδὲ
3431 4791 3599 4845 τοῦτο
3621 4793 3761 4861 ἡμεῖς

2201 4901 2402 4955 φαμεν,
2449 4885 2533 4938 ὅτι
2573 4883 2682 4937 πᾶν
2733 4883 2938 4954 μέρος,
2989 4883 3084 4934 καὶ
3131 4881 3284 4944 υἱόςο
3324 4880 3446 4933 ἀλλ’
3483 4881 3573 4934 ὅτι
3601 4879 3764 4941 κακῶς

2201 4977 2330 5048 ὑμῖν
2361 4974 2531 5041 εδοξε.
2562 4976 2697 5047 μηδὲ
2731 4969 2814 5038 εἷς
2859 4974 2974 5036 υίὸς
2997 4975 3059 5026 ὲκ
3088 4972 3292 5043 μέρους
3321 4971 3545 5025 πώποτε
3583 4969 3765 5043 κυρίως

2203 5066 2588 5140 ὀνομάζεσθαι,
2618 5067 2652 5138 ἢ
2681 5068 2746 5120 ὲκ
2780 5066 2980 5138 μέρους
3023 5066 3205 5134 πατὴρ
3231 5061 3390 5116 εἶναι.

2289 5243 2450 5299 Ἀλλὰ
2479 5241 2618 5314 πρὸς
2641 5241 2854 5304 τούτοις
2876 5240 3113 5310 ἐροῦμεν
3137 5241 3203 5292 ὲκ
3226 5239 3554 5310 περιουσίας
3579 5240 3673 5294 καὶ
3704 5239 3768 5298 ὥς

2206 5338 2372 5408 ἡμεῖς
2413 5334 2536 5388 οὐδὲ
2579 5335 2642 5386 ἐκ
2663 5331 2864 5404 μέρους
2905 5330 3114 5398 ἁπλῶς,
3143 5331 3282 5386 ἀλλὰ
3309 5332 3405 5384 καὶ
3438 5332 3505 5385 ἐκ
3535 5331 3634 5386 τοῦ
3663 5329 3768 5383 ελον

2210 5427 2338 5481 Υῑδν
2366 5423 2630 5492 ἐκατέρου
2663 5421 2842 5492 φαμὲν
2885 5421 2980 5474 τὸν
3013 5419 3250 5492 Χριστὸν
3285 5415 3452 5484 εἶναι,
3487 5422 3698 5491 vids-qs:
3720 5419 3768 5471 δὲ

2208 5519 2488 5591 διαφόροις
2508 5516 2616 5570 τῶν
2646 5517 2705 5570 ὲν
2729 5513 2876 5584 αὐτῷ
2905 5513 3089 5585 μερῶν
3110 5529 3126 5546 ο
3154 5512 3253 5566 τοῦ
3287 5530 3349 5567 τε
3393 5513 3507 5586 γὰρ
3536 5515 3771 5581 σώματος

2211 5607 2448 5681 Χριστοῦ
2483 5607 2544 5660 τὸ
2578 5605 2680 5678 μέν
2697 5622 2746 5659 τι
2775 5602 2916 5657 κατὰ
2942 5602 3102 5672 φύσιν
3131 5602 3240 5658 ἀπὸ
3254 5602 3391 5656 Θεοῦ
3411 5603 3500 5657 διὰ
3529 5607 3638 5658 τὼν
3655 5613 3767 5666 προ-
