3876 6310
168 305 291 370 1609

1104 298 1502 371 ᾹΙΝΕΗΒῙῙΞ
1536 305 2083 372 NESTORIANOS.
2111 325 2179 347 -‘-
2216 304 2362 374 LIB.
2405 308 2520 371 III.

3284 303 3417 371 1610

160 421 319 489 γόνων
370 416 614 470 λαϐοῦσα
664 416 813 471 αἰτία
872 417 966 472 τοῦ
1021 413 1159 472 εἶναι
1198 420 1392 488 ήάγία
1444 420 1724 491 Παρθένος

1832 425 1943 479 Deo
1973 439 2073 499 per
2097 432 2357 494 parentes
2402 422 2638 492 accepit,
2679 429 2738 476 et
2780 419 2989 490 aliquid
3018 419 3253 476 alterum
3283 436 3420 490 pro.

161 512 285 573 ἐστὶ,
316 511 377 564 τὸ
404 511 460 564 δὲ
491 511 587 564 καὶ
619 511 762 571 ἰδίως
794 512 859 564 ἐκ
892 510 987 563 τοῦ
1034 513 1194 580 ἁγίου
1225 512 1549 583 Πνεῦμα-τος
1574 504 1732 566 δυνα-

165 603 414 674 μωθεῖσα,
449 602 552 672 τῆς
590 620 651 657 τε
703 590 881 674 duxi};
914 602 1081 657 αὐτοῦ
1119 604 1306 674 μήτηρ
1339 603 1509 668 ἐστὶν,
1546 602 1607 668 ἐξ
1635 604 1734 657 αὑ-

160 697 251 766 τῆς
282 697 417 767 πρὸς
445 694 544 766 τὴν
575 697 814 769 φυσικὴν
842 695 937 749 τοῦ
971 695 1103 749 ἰδίου
1132 696 1438 764 ἐνδύματος
1466 695 1731 763 συζυγίαν

129 788 718 860 ’νυμφοστολουμένης,
773 788 867 842 καὶ
916 789 992 853 ὡς
1026 791 1092 843 ἐκ
1126 788 1375 858 βαλϐῖδος
1427 788 1571 852 τινὸς
1625 806 1733 841 πα-

162 881 277 934 στοῦ
310 881 469 947 ἁγίου
501 883 566 950 τῇ
595 882 689 934 ἀπ’
722 880 894 949 αὐτῆς
937 881 1190 951 γεννήσει
1221 883 1302 945 εἰς
1333 882 1395 933 τὸ
1428 877 1567 934 εἶναι
1595 896 1731 949 προ-

161 971 324 1024 ελθεῖν
356 971 460 1024 ὑπὸ
511 970 649 1024 Θεοῦ
703 970 1080 1041 τεταγμένης·
1122 972 1217 1025 καὶ
1261 971 1363 1039 τῆς
1386 969 1638 1038 θεότητος
1675 970 1732 1024 δὲ

160 1061 335 1140 αςῦτοῦ,
392 1061 598 1133 ἀληθὴς
630 1062 955 1132 γεννήτειρά
993 1063 1109 1115 ἐστι
1139 1061 1235 1115 τοῦ
1280 1062 1456 1129 Λόγου
1508 1061 1602 1114 τοῦ
1636 1062 1730 1114 ἀπ’

161 1149 362 1205 αἰώνων
397 1152 643 1221 ἀσάρκου
691 1152 784 1204 καὶ
813 1151 1112 1205 ἀσυνθέτου
1143 1151 1202 1218 ἐξ
1228 1150 1400 1222 αὐτῆς
1422 1150 1729 1222 ἀρξαμένου

159 1244 246 1311 τῆς
281 1243 417 1312 μετᾶ
451 1243 652 1312 σαρκὸς
685 1243 932 1314 ἐμψύχου
959 1243 1368 1315 συνυπάρξεως,
1399 1243 1466 1296 δι’
1496 1245 1731 1299 ὑποσταο

158 1332 305 1401 τικῆς
339 1330 587 1395 ένὼσεως
620 1333 701 1395 είς
733 1332 1017 1403 πλήρωσιν
1068 1333 1169 1403 τῆς
1216 1333 1420 1396 οἰκείας
1458 1332 1726 1395 εὐδοκίας.

160 1421 358 1474 θῦκοῦν
384 1423 432 1474 εἰ
467 1423 561 1475 καὶ
607 1424 684 1492 μὴ
719 1422 1002 1487 ὡσαύτως,
1033 1422 1147 1476 ἀλλ’
1182 1424 1332 1494 ὅμως
1378 1423 1595 1476 πάντων
1622 1423 1731 1475 τῶν

161 1512 621 1584 Χριστοῦ’μερῶν
682 1516 866 1585 μήτηρ
918 1516 1015 1569 καὶ
1060 1514 1158 1568 τοῦ
1212 1516 1336 1568 ὂλου
1385 1515 1494 1586 ἄρα
1528 1517 1562 1585 ἡ
1597 1515 1731 1584 ἁγία

161 1604 451 1675 Παρθένος·
495 1604 674 1676 ἀρχῆς
707 1607 817 1675 γάρ
855 1622 1000 1667 τινος
1045 1605 1124 1674 τῷ
1151 1604 1479 1676 γεννωμένῳ
1513 1604 1731 1669 πάντως

157 1697 317 1760 αῐτιος
349 1698 377 1749 ὁ
405 1698 657 1751 ὁπωσοῦν
696 1696 990 1768 λεγόμενός
1027 1714 1153 1750 τινα
1185 1697 1447 1766 γεννῆσαι
1488 1696 1727 1766 ἀληθῶς,

1833 516 1953 585 prie
1979 531 2010 571 e
2041 523 2233 570 sancto
2262 514 2473 585 Spiritu
2503 513 2845 578 eﬂ'ormavit;
2888 521 2975 567 est
3000 513 3170 567 etiam
3218 520 3416 577 mater,

1832 609 1955 679 ejus
1983 608 2182 663 animae
2204 623 2329 677 qua:
2361 606 2588 677 quidem
2623 605 2690 660 ad
2729 605 2981 659 naturale
3006 603 3216 675 proprii
3251 605 3419 659 indu-

1834 699 2008 754 menti
2038 700 2358 768 conjugium
2385 712 2587 768 sponsa
2615 704 2812 751 ornata
2846 696 3011 750 ducta
3038 693 3165 758 fuit,
3191 703 3249 749 et
3282 695 3359 769 ita
3387 711 3417 750 a

1833 791 1947 847 Deo
1973 790 2241 861 disposita
2282 799 2369 845 est
2398 798 2461 844 ut
2505 790 2687 844 exiret
2717 788 2783 842 ad
2834 786 3215 842 exsisteudum
3258 786 3417 856 quasi

1831 898 1863 937 e
1891 884 2154 954 repagulo
2187 883 2424 953 alicujus
2463 882 2589 936 lecti
2631 879 2897 950 nuptialis
2947 879 3144 937 sancti.
3183 892 3418 948 genera-

1835 975 1984 1030 tione
2040 976 2111 1030 ab
2164 975 2281 1045 ipsa
2323 982 2590 1045 accepta:
2624 982 2681 1027 et
2728 972 3040 1028 divinitatis
3084 971 3227 1041 ejus,
3286 986 3419 1024 vera

1831 1068 2071 1139 genitrix
2104 1077 2190 1123 est
2230 1066 2397 1122 Verbi
2428 1066 2576 1137 quod
2622 1074 2745 1121 erat
2777 1081 2808 1120 a
2846 1063 3064 1139 saeculis
3097 1063 3216 1117 sine
3252 1078 3419 1117 carne

1830 1138 1888 1213 et
1914 1159 2364 1228 incompositum,
2409 1157 2667 1227 quodque
2705 1171 2805 1226 per
2844 1138 3017 1226 ipsam
3061 1154 3265 1224 incepit
3294 1153 3419 1209 ani-

1831 1252 1962 1305 mati
1989 1238 2115 1305 cum
2142 1266 2310 1305 carne
2351 1249 2821 1314 coexsistentiam,
2870 1263 2970 1318 per
3016 1246 3419 1318 hypostaticam

1832 1344 2115 1408 unionem,
2151 1342 2218 1397 ad
2268 1342 2650 1413 complendam
2695 1342 2977 1412 propriam
3012 1339 3418 1409 apparentiam.

1830 1434 2005 1504 Igitur
2041 1432 2260 1487 etiamsi
2292 1447 2403 1487 non
2429 1431 2625 1487 eodem
2648 1430 2833 1491 modo,
2863 1429 2962 1484 sed
2987 1444 3141 1497 aeque
3170 1429 3418 1482 omnium

1828 1525 2042 1582 Christi
2085 1527 2327 1596 partium
2379 1534 2555 1579 mater
2602 1534 2659 1579 et
2702 1523 2875 1579 totius
2921 1530 3073 1576 certe
3104 1530 3191 1574 est
3226 1531 3418 1575 sancta

1832 1618 2047 1688 Virgo:
2096 1618 2334 1687 alicujus
2373 1618 2523 1672 enim
2568 1615 2803 1686 originis
2855 1614 3048 1684 genito
3101 1619 3296 1666 auctor
3336 1622 3421 1667 est

1833 1710 2061 1766 omnino
2086 1710 2182 1780 qui
2207 1709 2415 1763 dicitur
2457 1723 2793 1778 quocunque
2820 1706 2985 1760 modo
3019 1705 3256 1775 aliquem
3293 1720 3420 1759 vere

158 1789 213 1843 οὺ
244 1788 425 1859 μέντοι
457 1789 673 1852 πάντως
694 1788 795 1858 τῆς
842 1787 937 1841 τοῦ
971 1786 1112 1842 εἶναι
1139 1788 1202 1840 ὲκ
1227 1788 1301 1858 μὴ
1330 1787 1523 1841 ὄντων·
1554 1789 1589 1859 ἢ
1620 1788 1727 1859 γὰρ

1832 1803 2111 1873 genuisse,
2138 1818 2248 1857 non
2276 1810 2460 1856 tamen
2490 1800 2720 1855 omnino
2753 1798 2986 1869 originis
3015 1813 3180 1868 quam
3209 1813 3275 1852 ex
3305 1813 3419 1852 non

158 1885 220 1936 ἂν
258 1882 417 1948 οὕτω,
452 1882 573 1936 οὐδὲ
605 1882 727 1935 καθ’
762 1881 925 1935 αὐτὸν
974 1883 1003 1935 ό
1056 1881 1253 1949 Λόγος,
1283 1880 1446 1951 φύσει
1483 1881 1612 1945 Υἱὸς
1657 1877 1725 1951 ἦν

156 1974 243 2028 τοῦ
272 1975 483 2047 Πατρός
503 1990 516 2003 ’
547 1975 752 2045 οὐ¹γάρ
790 1975 872 2037 εἰς
894 1973 955 2026 τὸ
986 1969 1126 2028 εἶναι
1160 1974 1225 2027 ὲκ
1255 1976 1333 2046 μὴ
1362 1973 1534 2028 όντων
1562 1974 1725 2043 γεγέ-

156 2084 303 2138 νηται
331 2068 421 2121 ὑπ’
447 2066 617 2121 αὐτοῦ
649 2069 675 2120 ὁ
707 2067 995 2132 συναῖδιος.

756 2284 1006 2341 ΚΕΦΛΛ.
1050 2282 1123 2341 Γν.

224 2394 341 2455 Ἔτι
378 2401 572 2470 φασὶν,
612 2402 660 2453 εἰ
692 2401 754 2453 ἐκ
792 2396 991 2472 μέρους
1042 2400 1071 2453 ό
1120 2396 1354 2473 Χριστὸς
1396 2398 1552 2469 ὑμῶν
1602 2399 1730 2463 Υἱὸς

152 2486 303 2558 Θεοῦ,
353 2494 445 2545 καὶ
498 2493 563 2547 ὲκ
602 2493 802 2563 μέρους
849 2493 956 2563 ἄρα
1004 2492 1136 2556 Θεὸς
1180 2492 1446 2561 δηλονότι,
1490 2493 1585 2546 καὶ
1617 2493 1715 2563 οὐχ

152 2580 287 2651 δλος,
314 2580 541 2657 ἡμίθεος
574 2586 701 2656 ἄρα.
745 2586 882 2638 Ἀλλ’
914 2586 1046 2656 ἡμῖν
1088 2586 1210 2648 ὅλος
1237 2585 1369 2648 Θεὸς
1413 2602 1727 2657 προσκυνη-

151 2678 240 2742 se;
266 2672 345 2741 εἷς
380 2680 409 2731 ό
443 2677 679 2748 Χριστός
704 2692 717 2705 ·
756 2676 851 2729 τοῦ
886 2677 985 2747 μὲν
1019 2676 1126 2730 τῶν
1153 2679 1209 2729 ὲν
1235 2676 1384 2748 αὐτῷ
1410 2676 1487 2747 τῷ
1521 2678 1601 2729 ἐνὶ
1622 2677 1729 2747 ὅλῳ

156 2769 351 2841 μερῶν,
383 2768 505 2823 κατ’
536 2769 727 2822 οὐσίαν
752 2769 906 2833 ὄντος
936 2767 1144 2822 τελείου
1172 2768 1315 2823 θείου
1334 2783 1348 2799 ·
1375 2768 1469 2823 τοῦ
1501 2768 1558 2822 δὲ
1586 2769 1728 2822 κατά

155 2862 439 2933 μετουσίαν
467 2861 564 2915 τοῦ
591 2862 869 2932 ἡνωμένου
899 2860 1050 2931 αὐτῷ
1084 2862 1205 2914 κατ’
1233 2860 1423 2914 οὐσίαν
1449 2859 1593 2913 θείου
1628 2860 1728 2931 μέ-

153 2970 273 3025 ρους
300 2970 315 2985 ·
351 2953 399 3005 εί
428 2952 485 3006 δὲ
533 2954 665 3023 ἡμῖν
694 2952 785 3005 τὸν
815 2951 1051 3022 Χριστὸν
1083 2951 1217 3003 διότι
1245 2949 1307 3003 τὸ
1340 2949 1399 3002 ἓν
1430 2948 1597 3020 μέρος
1632 2949 1727 3002 αὖ·

148 3044 243 3097 τοῦ
282 3045 440 3115 μόνον
470 3044 584 3115 ἔχει
617 3044 682 3097 τὸ
723 3042 883 3112 φύσει
905 3043 1069 3103 θεῖον,
1096 3041 1322 3114 ἡμίθεον
1357 3041 1618 3110 συνάγετε
1651 3037 1725 3094 εἷς

1827 1893 2225 1951 exsistentibus
2256 1893 2500 1949 extrahit
2532 1911 2544 1946 :
2592 1902 2744 1949 certe
2788 1891 2937 1947 enim
2976 1890 3070 1955 ita,
3119 1905 3229 1944 non
3267 1889 3414 1960 apud

1830 1987 2036 2056 ipsum,
2083 1987 2326 2043 Verbum
2368 1986 2543 2041 Filius
2581 1991 2702 2039 erat
2742 1982 2924 2038 Patris
2957 2000 2970 2036 :
3005 1997 3114 2036 non
3163 1981 3311 2035 enim
3354 1990 3418 2035 ut

1822 2087 1976 2134 esset
2022 2094 2090 2133 ex
2139 2094 2252 2134 non
2302 2077 2703 2134 exsisteutibus
2750 2076 2997 2146 genitum
3048 2082 3133 2127 est
3180 2073 3250 2127 ab
3295 2073 3415 2142 ipso

1824 2180 2183 2231 maternum.

2470 2282 2621 2341 CAP.
2664 2282 2755 2341 Ill.

1900 2388 2097 2452 Adhuc
2134 2396 2422 2467 inquiunt.
2454 2396 2499 2451 si
2539 2411 2604 2450 ex
2644 2403 2801 2466 parte
2831 2393 3086 2451 Christus
3109 2404 3293 2450 vester
3330 2403 3415 2450 est

1828 2487 1925 2542 Dei
1956 2488 2152 2554 Filius,
2177 2498 2233 2544 et
2260 2505 2327 2544 ex
2357 2498 2515 2559 parte
2553 2482 2706 2543 certe
2743 2488 2909 2551 Deus,
2946 2486 3300 2543 manifestum
3329 2497 3415 2543 est

1829 2581 1977 2652 quod
2008 2598 2119 2637 non
2147 2589 2315 2643 totus.
2346 2581 2442 2636 sed
2471 2581 2780 2637 semi-Dcus
2810 2589 2915 2636 est.
2961 2580 3219 2637 Attamen
3251 2580 3415 2636 nobis

1830 2682 1983 2729 totus
2034 2675 2182 2729 Deus
2219 2674 2522 2729 adorabilis
2569 2688 2714 2728 unus
2753 2671 3051 2728 Christus:
3090 2673 3223 2728 hinc
3264 2672 3415 2728 enim

1829 2766 2027 2820 suntin
2047 2765 2169 2837 ipso
2187 2781 2299 2820 uno
2326 2772 2444 2821 toto
2465 2775 2653 2837 partes
2683 2781 2804 2836 quae
2827 2765 2937 2820 sint
2960 2765 3263 2839 secundum
3281 2764 3386 2821 sub
3403 2794 3418 2807 -

1827 2859 2085 2912 stantiam
2120 2858 2401 2929 perfectus
2431 2858 2597 2921 Deus,
2630 2858 2894 2929 illincque
2931 2874 3063 2928 pars
3093 2857 3280 2913 divina
3315 2873 3416 2928 per

1826 2941 2309 3020 participationem
2339 2949 2443 3020 ipsi
2470 2950 2777 3004 secundum
2802 2950 3169 3004 substantiam
3203 2949 3421 3004 unitur.

1829 3040 1887 3096 Si
1929 3054 2063 3096 vero
2108 3049 2302 3096 contra
2346 3055 2444 3094 nos
2494 3038 2801 3102 Christum,
2852 3038 2983 3107 quia
3028 3052 3193 3091 unam
3244 3036 3417 3105 ipsius

148 3154 256 3200 ναι,
301 3137 455 3189 αὐτοὶ
502 3135 638 3205 μηδὲ
689 3134 751 3189 τδ
808 3134 932 3193 ,ὅλον
972 3134 1109 3203 μηδὲ
1143 3133 1307 3204 μέρος
1356 3132 1519 3202 φύσει
1580 3133 1723 3185 θεῖον

1832 3140 2039 3201 partem
2085 3131 2255 3186 solam
2304 3131 2473 3186 habet
2527 3138 2724 3185 natura
2773 3129 3038 3192 divinam,
3084 3127 3419 3182 semi-deum

150 3228 427 3293 παντελῶς
451 3231 508 3297 ἐν
537 3228 690 3299 αὑτῷ
720 3227 946 3295 εἰδότες,
979 3226 1138 3296 δῆλον
1160 3225 1235 3289 ὼς
1264 3225 1384 3278 οὐδὲ
1414 3224 1551 3288 ὅλως
1571 3224 1724 3291 Θεὸν,

148 3322 285 3375 άλλά
317 3321 472 3391 ψιλὸν
530 3320 819 3393 ἄνθρωπον
848 3320 1025 3390 πάντη
1064 3317 1187 3381 καθ’
1216 3318 1365 3387 ἡμᾶς
1393 3313 1534 3370 εἶναι
1565 3317 1729 3384 γινώ-

151 3428 307 3466 σκετε
344 3412 532 3467 αὐτόν.

749 3613 1001 3668 ΚΕΦΑΛ.
1044 3602 1117 3666 Δ’.

229 3714 376 3778 Ἀλλ’
408 3725 489 3785 εἰς
541 3722 735 3794 ἑτέρας
787 3722 1201 3794 παρακειμένας
1247 3720 1578 3788 αἰτιολογίας
1630 3714 1730 3786 τῆς

142 3814 406 3878 ἀσεϐείας
454 3816 633 3867 αὐτῶν
669 3812 1179 3883 μετακυλισθέντες,
1216 3813 1349 3881 φασὶ
1384 3811 1476 3865 διὰ
1501 3812 1618 3865 τόδε
1653 3811 1728 3881 μὴ

142 3904 328 3973 λέγειν
355 3905 415 3957 ἒν
446 3907 543 3959 καὶ
573 3906 634 3958 τὸ
675 3906 808 3959 αὐτὸ
857 3906 1018 3970 ζῶον,
1054 3905 1149 3959 καὶ
1187 3904 1314 3974 μίαν
1347 3903 1578 3972 όλότητα
1610 3902 1727 3954 υίοῦ

145 3999 325 4066 μόνην
378 3999 443 4049 ἐκ
492 3996 646 4061 θείας
697 4013 757 4049 τε
811 3999 907 4050 καὶ
962 3995 1318 4065 ἀνθρωπίνης
1343 3989 1483 4047 εἶναι
1515 3994 1729 4062 φύσεως

139 4089 287 4157 ἆμα,
318 4087 452 4141 διότι
508 4090 685 4141 πάντα
733 4088 845 4141 υἱὸν
900 4089 1188 4157 όμοούσιον
1238 4085 1470 4157 ὁρᾶσθαι
1514 4085 1725 4156 ἀνάγκη

134 4179 259 4239 τοῖς
302 4177 615 4231 τίκτουσιν
652 4177 916 4245 ἀνελλιπῆ
976 4194 1035 4230 τε
1074 4178 1167 4229 καὶ
1214 4177 1506 4246 ἀπέριττον
1559 4170 1725 4246 ἔχειν,

135 4269 243 4339 τὴν
275 4271 413 4340 πρὸς
441 4271 567 4333 τοὺς
598 4269 801 4337 φύντας
840 4269 1002 4321 αὐτὸν
1039 4269 1139 4337 τῆς
1177 4267 1366 4330 οὐσίας
1394 4266 1721 4337 ὁμοιότηταο

129 4359 165 4410 ὁ
198 4360 440 4429 Χριστὸς
490 4360 547 4412 δὲ
605 4359 758 4430 ὑμῶν
791 4360 819 4410 ό
850 4358 984 4411 Θεοῦ
1038 4376 1099 4411 τε
1140 4358 1233 4411 καὶ
1263 4357 1551 4429 ἀνθρώπου
1575 4357 1723 4422 Υἱὸς,

1831 3236 1953 3275 esse
1984 3220 2235 3291 arguitis,
2291 3220 2394 3289 ipsi
2441 3235 2546 3275 nec
2593 3226 2766 3272 totum
2818 3233 2921 3271 nec
2953 3225 3164 3287 partem
3217 3224 3419 3269 natura

1831 3310 2040 3376 divina,
2089 3309 2343 3366 absolute
2394 3311 2449 3365 in
2506 3313 2624 3381 ipso
2652 3310 2927 3373 videntes,
2971 3308 3261 3362 manifeste
3307 3323 3420 3361 non

1830 3402 2058 3457 omnino
2092 3400 2288 3467 Deum.
2336 3403 2433 3459 sed
2481 3402 2692 3458 nudum
2742 3401 3025 3456 hominem
3080 3399 3418 3463 omnimodo,

1826 3484 1981 3561 juxta
2014 3509 2115 3547 nos
2151 3494 2302 3548 illum
2339 3508 2585 3549 asserere
2610 3492 2845 3547 debetis.

2477 3608 2632 3664 CAP.
2671 3608 2761 3663 IV.

1904 3722 2010 3778 Sed
2048 3723 2102 3777 in
2132 3723 2238 3778 alia
2273 3723 2521 3794 subjecta
2551 3730 2877 3793 argumenta
2907 3719 3211 3791 impietatis
3236 3729 3421 3774 trans-

1829 3816 2040 3882 voluti,
2082 3816 2240 3871 aiunt
2269 3832 2281 3867 :
2310 3815 2441 3885 quia
2472 3829 2581 3868 non
2613 3813 2820 3868 dicitur
2854 3827 3026 3867 unum
3055 3819 3111 3866 et
3145 3810 3291 3865 idem
3333 3812 3421 3885 vi.

1829 3925 1961 3965 vum
1999 3917 2057 3964 et
2088 3925 2254 3965 unam
2297 3908 2625 3963 totalitatem
2674 3904 2771 3960 ﬁlii
2809 3904 2979 3959 solam
3026 3919 3093 3958 ex
3138 3903 3326 3957 divina
3363 3911 3421 3956 et

1830 4002 2067 4057 humana
2099 4011 2357 4057 constare
2384 4011 2585 4055 natura
2615 3997 2801 4063 simul,
2822 3997 2948 4053 ideo
2971 4011 3192 4050 omnem
3243 3994 3416 4049 illium

1829 4092 2355 4149 consubstantialem
2405 4105 2528 4146 esse
2572 4088 2900 4162 parentibus
2950 4101 3177 4141 necesse
3224 4096 3331 4150 est,
3359 4096 3418 4140 et

1831 4184 1942 4239 imo
1969 4185 2296 4255 completam
2343 4191 2400 4239 et
2439 4182 2782 4252 adeequatam
2828 4179 3034 4234 habere
3062 4193 3190 4232 cum
3225 4185 3417 4232 aucto-

1830 4276 1984 4331 ribus
2025 4277 2143 4331 suis
2168 4275 2494 4331 substantiaa
2527 4273 2947 4330 similitudinem
2980 4290 2994 4327 :
3032 4272 3129 4327 sed
3159 4270 3414 4340 Christus

1826 4376 2011 4423 vester
2039 4368 2135 4423 Dei
2161 4376 2218 4423 et
2242 4367 2483 4422 hominis
2510 4366 2701 4431 Filius,
2737 4364 2850 4420 Deo
2905 4363 3113 4434 aliquid
3150 4363 3410 4433 amplius.

131 4451 236 4502 καὶ
270 4449 410 4502 Θεοῦ
465 4451 669 4515 πλεῖον,
699 4451 794 4503 καὶ¹
843 4449 1133 4520 ἀνθρώπου
1162 4452 1424 4521 περισσόν
1474 4468 1528 4503 τι
1570 4449 1718 4521 ἔχει’

1832 4459 2052 4515 homine
2101 4458 2310 4530 aliquid
2348 4458 2605 4528 superius
2650 4457 2858 4512 habet:
2907 4454 3192 4526 quomodo
3238 4453 3411 4525 igitur

131 4539 264 4602 πῶς
296 4535 389 4592 οὖν
424 4538 593 4604 ὅντως
629 4540 722 4593 καὶ
755 4540 884 4604 Υἱὸς
918 4540 1123 4593 τούτων
1169 4541 1343 4603 ἔσται,
1380 4543 1407 4594 ό
1436 4540 1511 4610 μὴ
1542 4541 1719 4612 πάντη

127 4630 329 4701 ὅμοιος
356 4632 540 4694 αὐτοῖς
568 4631 666 4701 τὴν
694 4630 887 4699 φύσιν;
930 4631 1092 4694 Ἀλλ’,
1117 4624 1344 4695 ὧοῦτοι,
1373 4631 1592 4703 πρῶτον
1629 4632 1726 4703 μὲν

127 4722 236 4773 καὶ
265 4722 646 4794 τδὸμοούσιον
680 4723 819 4793 ἔχει,
850 4724 988 4793 πρὸς
1014 4724 1185 4793 ἄμφω
1217 4723 1401 4793 μέντοι
1436 4722 1554 4793 ἅμα
1597 4741 1727 4792 συγ-

123 4812 463 4882 κρινόμενος
485 4816 610 4877 τοὺς
632 4814 892 4878 τεκόντας
919 4814 1080 4885 αὐτὸν
1106 4817 1135 4868 ὁ
1156 4815 1419 4885 Χριστός·
1445 4815 1541 4869 καὶ
1568 4814 1725 4886 ἡμῶν

68 4914 71 4915 ⁷
123 4904 247 4974 γάρ
302 4904 532 4968 ἕκαστος
564 4906 767 4975 ἀμφοῖν
816 4910 928 4969 τοῖς
980 4907 1199 4975 γονεῦσι
1242 4907 1727 4978 παραϐαλλόμενος

126 4994 285 5066 ἅμα,
317 4997 544 5060 δεόντως
568 4998 805 5067 κρίνοιτο
828 4998 894 5051 ἂν
916 4994 1055 5051 εἶναι
1082 4999 1329 5069 όμοφυὴς
1360 5001 1472 5061 τοῖς
1501 4999 1726 5061 οἰκείοις

126 5086 364 5150 αἰτίοις,
396 5088 629 5159 ἐπείπερ
659 5088 753 5141 καὶ
787 5088 1017 5159 μητρῷά
1037 5104 1161 5143 τινα
1199 5089 1335 5160 ἔχει,
1362 5089 1399 5142 ἃ
1446 5091 1545 5143 οὐκ
1579 5089 1726 5143 ἐστιν

127 5177 278 5248 όρᾷν
320 5178 377 5229 ἐν
403 5177 481 5248 τῷ
507 5178 675 5249 πατρί
698 5196 710 5210 ·
748 5179 842 5231 καὶ
883 5178 1116 5250 πατρῷά
1144 5198 1263 5234 τινα
1290 5179 1327 5234 ἃ
1352 5181 1453 5234 οὐκ
1491 5180 1639 5233 ἐστιν
1666 5181 1725 5232 ὲν

123 5271 201 5338 τῇ
248 5269 424 5339 μητρὶ
449 5269 709 5333 πολλάκις
728 5286 742 5300 ·
772 5271 822 5322 εί
847 5270 903 5322 δὲ
927 5272 1021 5323 καὶ
1053 5270 1160 5324 ἀνὰ
1194 5271 1359 5341 μέρος
1402 5271 1724 5342 κρινόμενος

119 5360 398 5430 ἑκατέρῳ
434 5359 709 5413 δείκνυται
735 5360 920 5432 ὅμοιος
958 5360 1268 5431 ἄνθρωπος,
1296 5361 1420 5414 ἐπεὶ
1442 5360 1723 5435 συμϐέϐηέ

113 5467 229 5504 κεν
272 5452 337 5515 ἐξ
373 5451 634 5521 ὁμοειδῶν
679 5453 1309 5524 ἀμφοτέρων-τεχθῆναι
1353 5453 1537 5517 αὐτὸν,
1566 5453 1725 5520 τοῦτο

111 5540 447 5612 θεωρεῖται·
471 5544 531 5596 οὐ
554 5546 663 5613 γὰρ
682 5545 747 5614 δὴ
767 5545 863 5598 καὶ
878 5544 970 5597 ἐπὶ
991 5544 1101 5598 τῶν
1124 5544 1507 5615 ἀνομοιοειδῶν
1530 5545 1722 5599 αἰτίων

108 5631 222 5685 τοῦ
248 5635 597 5705 γεννωμένου
630 5635 746 5690 τόδε
774 5636 975 5705 ὁμοίως
990 5638 1184 5708 ὁρᾶται
1200 5652 1211 5664 ’
1238 5636 1355 5699 πῶς
1376 5636 1487 5707 γὰρ
1505 5635 1571 5689 ἂν
1591 5638 1724 5706 ὀμο-

116 5723 274 5794 φυὶς
307 5725 412 5795 ἰδία
442 5726 659 5797 κριθείη
688 5727 944 5800 ἀλέκτορι
968 5731 1061 5782 xal.
1096 5729 1346 5799 φασιανῷ
1366 5730 1426 5782 τὺ
1454 5731 1519 5784 ἐκ
1553 5730 1720 5784 τῶνδε

466 5820 737 5880 ΡΑτιιοι..
781 5820 899 5882 Gn.
944 5822 1099 5880 LXX
1115 5823 1284 5886 XVI.

1829 4563 1959 4605 vere
1987 4549 2206 4604 illorum
2229 4546 2402 4605 Filius
2425 4549 2554 4616 erit,
2582 4548 2675 4622 qui
2703 4562 2815 4602 non
2845 4553 2929 4602 est
2960 4543 3069 4600 illis
3094 4542 3410 4599 omnimode

1828 4652 2026 4698 natura
2065 4640 2304 4697 similis?
2334 4640 2443 4696 Sed
2475 4640 2714 4712 primum
2761 4640 3000 4695 similem
3041 4636 3408 4693 substantiam

1829 4734 1997 4791 habet
2022 4734 2300 4799 Christus,
2344 4733 2389 4789 si
2433 4732 2753 4789 conferatur
2801 4733 2969 4787 simul
3016 4745 3141 4785 cum
3192 4728 3413 4784 duobus

1827 4826 1923 4895 qui
1966 4841 2093 4881 eum
2146 4833 2461 4896 genuerunt
2495 4842 2508 4879 :
2537 4834 2790 4880 nostrum
2826 4822 2976 4878 enim
3030 4819 3411 4889 unusquisque

1827 4916 2099 4971 ambobus
2178 4916 2503 4986 parentibus
2575 4930 2682 4968 una
2775 4920 3131 4980 comparatus
3210 4923 3414 4963 convc-

1827 5006 2049 5061 nienter
2069 5005 2419 5075 judicaretur
2449 5018 2572 5058 esse
2607 5000 2833 5071 aequalis
2863 5009 3079 5054 naturas
3111 5014 3175 5054 ac
3196 4999 3421 5070 proprii:

1826 5108 2103 5159 auctores,
2133 5096 2339 5167 quippe
2381 5104 2439 5150 et
2483 5104 2734 5149 materna
2779 5093 3032 5163 quaedam
3067 5092 3257 5158 habet,
3289 5096 3423 5162 quam

1785 5199 1790 5203 '
1829 5188 1884 5242 in
1909 5198 2068 5258 patre
2095 5202 2207 5242 non
2236 5185 2617 5256 reperiuntur,
2662 5194 2719 5240 et
2744 5192 2976 5255 paterna
3001 5183 3254 5255 quaadam
3287 5197 3423 5253 quas.

1827 5278 1883 5333 in
1938 5288 2114 5333 matre
2168 5294 2313 5348 saepe
2351 5278 2551 5333 desunt
2591 5295 2607 5333 :
2638 5277 2683 5331 si
2723 5292 2854 5332 vero
2890 5293 2989 5347 per
3022 5285 3236 5347 partem
3255 5276 3410 5347 judi-

1826 5378 1985 5425 catus
2038 5369 2340 5443 unicuique
2393 5371 2708 5427 ostenditur
2758 5370 2958 5427 similis
3006 5370 3196 5436 homo,
3252 5368 3411 5423 illum

1826 5460 1999 5516 fuisse
2037 5476 2106 5517 ex
2128 5463 2399 5519 ambobus
2425 5464 2672 5534 ejusdem
2716 5463 2921 5535 speciei
2965 5463 3288 5526 formatum,
3332 5462 3412 5517 fa;

1825 5552 1931 5607 cile
1953 5563 2182 5624 apparet
2207 5572 2222 5610 :
2250 5572 2360 5611 non
2391 5557 2540 5612 enim
2567 5557 2637 5613 de
2669 5557 2765 5613 illo
2795 5557 2891 5628 qui
2919 5572 2986 5612 ex
3016 5556 3251 5611 diversa:
3283 5570 3410 5627 spc-

1826 5644 1929 5700 eiei
1961 5648 2287 5704 auctoribus
2311 5659 2467 5705 ortus
2488 5658 2594 5711 est.
2625 5650 2833 5720 pariter
2855 5658 3093 5705 constat.
3118 5647 3410 5716 Quomodo

1827 5734 2256 5809 enim,exempli
2304 5753 2491 5805 causa,
2516 5739 2762 5810 ejusdem
2809 5748 3022 5794 natura
3067 5739 3413 5798 iudicaretur

2832 5832 2906 5892 5'1
