3876 6310
479 273 610 340 1611

1741 266 2049 330 LEONTII
2089 262 2510 325 ΒῩΖΑΝΤΙΝΙ1

3655 255 3786 320 ῙΒΞΞ

471 387 621 460 quod
663 401 694 445 e
721 384 866 459 gallo
894 391 952 439 et
982 381 1252 453 phasiana
1283 391 1469 439 ortum
1502 380 1695 437 esset?
1722 378 1938 436 Pariter
1963 392 2062 433 au-

2179 373 2383 445 :exeév;
2418 375 2572 443 ὅμως
2593 371 2650 426 δὲ
2676 371 2862 440 λέγετε
2892 371 3048 442 ἡμῖν,
3071 367 3395 439 φυσιολόγοι
3413 382 3433 400 ⁶
3461 367 3592 421 uibar
3623 369 3782 423 τειιά

473 489 586 536 tem
615 477 783 534 dicite
821 475 1002 544 nobis,
1026 474 1338 546 physiologi
1371 491 1384 530 :
1413 473 1571 531 Anne
1599 471 1776 528 lilium
1821 470 2054 526 istorum

471 571 684 630 vocatis
732 568 868 624 illud
915 567 1230 631 minimum,
1257 577 1316 624 et
1363 565 1655 623 habetisne
1704 563 1841 620 illud
1887 575 2055 618 unam

473 662 729 723 animalis
746 660 1096 727 totalitatem,
1117 659 1358 716 nec-ne?
1387 657 1445 714 Si
1473 658 1622 714 enim
1647 655 1706 712 id
1721 669 1921 726 negare
1941 667 2053 708 non

475 755 640 815 detur
673 751 854 818 vobis,
895 751 1174 822 quomodo
1203 750 1273 806 de
1319 750 1408 806 his
1451 765 1576 820 quae
1616 756 1749 805 sunt
1794 755 2056 817 tanquam

474 843 544 898 de
574 841 661 898 his
681 856 806 912 quae
833 855 948 896 non
969 850 1100 896 sunt
1123 839 1454 910 loquimini?
1478 837 1586 894 Sed
1617 837 1832 900 talium,
1853 833 2054 906 inquit,

474 941 562 990 est
587 932 774 988 mistio
805 939 862 988 et
888 931 1143 988 confusio
1169 931 1376 1003 speciei
1403 931 1560 1002 juxta
1588 927 2004 1000 generationem
2041 943 2056 979 :

478 1025 556 1080 ita
587 1033 650 1079 ut
673 1039 784 1080 non
804 1023 1086 1097 judicetur
1109 1023 1247 1079 illud
1271 1038 1397 1080 esse
1416 1023 1473 1080 in
1506 1021 1640 1093 ipsis
1661 1031 1874 1092 partem
1903 1017 2056 1088 equi,

477 1123 535 1170 et
554 1115 702 1170 istud
745 1124 960 1186 partem
1006 1114 1172 1182 asini,
1197 1115 1294 1172 sed
1323 1115 1506 1171 omnia
1531 1115 1653 1170 esse
1679 1113 1924 1184 ipsorum
1953 1109 2063 1166 alia

479 1207 728 1264 membra
784 1217 843 1262 et
900 1207 1276 1263 indistincta:
1328 1207 1376 1262 si
1435 1205 1600 1262 talem
1663 1205 1835 1274 igitur
1883 1209 1941 1257 et
1995 1201 2062 1256 in

481 1299 704 1356 Christo
750 1299 1067 1355 mistionem
1114 1298 1554 1360 substantiarum
1607 1293 1898 1360 asseritis,
1963 1307 2063 1348 vos

483 1392 654 1448 dicite
708 1392 871 1448 nobis
929 1391 1064 1462 quid
1105 1389 1378 1446 sentiatis.
1425 1387 1534 1446 Sed
1577 1401 1689 1442 non
1721 1385 1792 1442 ad
1831 1384 2064 1441 demon-

479 1484 804 1538 strationem
835 1481 1032 1542 similis
1059 1479 1282 1536 unionis
1315 1480 1434 1536 haec
1449 1478 1794 1549 accepimus,
1829 1476 1897 1532 ad
1933 1491 2066 1532 eon-

477 1572 805 1630 futationem
859 1587 994 1628 vero
1057 1572 1114 1626 in
1173 1585 1419 1642 praesens
1456 1577 1696 1624 'tantum
1749 1574 2063 1624 vestrorum

479 1665 870 1730 oraculorum,
926 1671 1250 1735 generatum
1317 1669 1581 1733 oportere
1642 1673 1766 1716 esse
1818 1655 2065 1728 perfecte

2157 467 2374 522 καλεῖτε
2405 465 2468 518 τὺ
2508 463 2706 536 μικρὸν
2737 463 2878 530 τόδε,
2911 463 3006 515 καὶ
3041 461 3172 532 μίαν
3201 462 3324 516 ἴστε
3362 459 3522 526 ζώου
3551 460 3782 529 me:

2155 557 2338 624 τοῦτο,
2361 558 2396 628 ἢ
2415 556 2535 628 οὐχί
2556 572 2572 624 ;
2601 556 2652 609 εί
2674 555 2784 626 γὰρ
2809 556 2929 608 τόδε
2949 554 3234 626 ἀρνεῖσθαι
3255 555 3322 608 οὐ
3347 553 3610 607 δυνατὸν
3633 555 3778 623 sps.

2156 649 2276 714 πῶς
2293 649 2362 704 τὰ
2391 648 2520 704 ὄντα
2532 647 2610 712 ὡς
2633 647 2710 719 μὴ
2728 647 2856 702 ὄντα
2869 647 3085 700 λαλεῖτε
3107 663 3123 712 ;
3148 643 3319 698 ’Λλλὰ
3351 644 3474 698 τῶν
3495 645 3774 710 τοιούτω,

2159 741 2295 813 φησι
2323 739 2540 812 ,κρᾶσίς
2569 741 2690 792 ἐστι
2730 740 2826 794 καὶ
2856 739 3122 808 σύγχυσις
3149 736 3250 790 τοῦ
3279 735 3485 800 εἴδους
3508 736 3666 790 κατά
3693 738 3778 805 τὴν

2165 831 2458 902 γέννησιν’
2489 830 2569 894 ὡς
2601 829 2735 900 μηδὲ
2765 829 3051 900 κρίνεσθαι
3089 827 3213 882 τόδε
3279 826 3392 896 μὲν
3415 821 3574 879 εἶναι
3617 827 3686 878 τᾶ
3723 829 3774 878 ἐν

2159 923 2345 984 αὐτοῖς
2367 921 2534 991 μέρος
2566 921 2756 985 ἵππου,
2781 917 2876 971 καί
2900 916 3020 970 τόδε
3047 915 3199 978 ὄνου,
3227 913 3378 968 ἀλλὰ
3407 917 3606 968 πάντα
3639 908 3770 965 εἷται

2161 1017 2344 1072 αὐτῶν
2388 1014 2578 1070 ἀλλοῖα
2627 1013 2698 1067 τὰ
2750 1012 2888 1082 μέλη
2920 1011 3016 1066 καὶ
3047 1009 3410 1079 ἀδιάγνωστα
3433 1025 3454 1039 ο
3487 1009 3545 1060 εἰ
3571 1007 3769 1068 τοιάνδε

2159 1101 2254 1160 οὖν
2287 1104 2382 1158 καὶ
2423 1103 2522 1175 τὴν
2569 1103 2628 1155 ὲν
2674 1099 2901 1171 Χριστῷ
2950 1099 3150 1169 φύρσιν
3201 1098 3320 1150 τῶν
3371 1097 3598 1150 οὐσιῶν
3621 1112 3767 1163 φατε,

2165 1198 2324 1268 ὑμεῖς
2369 1195 2739 1265 εἷπατεὴμῖν,
2789 1192 2990 1262 φασίν·
3026 1190 3144 1244 ἀλλ’
3168 1188 3236 1243 οὐ
3280 1187 3438 1259 πρὸς
3488 1187 3662 1252 δεῖξιν
3681 1190 3768 1256 τῆς

2164 1289 2358 1361 ὁμοίας
2385 1269 2631 1349 ένώσεως
2646 1283 2772 1340 τάδε
2793 1283 3241 1354 παρειλήφαμεν,
3265 1275 3320 1334 ὦ
3345 1274 3531 1343 οὗτοι,
3554 1280 3675 1334 ἀλλ’
3701 1283 3768 1339 εἰς

2163 1381 2478 1454 ἀνατροπὴν
2510 1378 2688 1451 μόνων
2717 1375 2829 1431 τῶν
2862 1376 3000 1447 πρὸς
3030 1374 3094 1428 τὸ
3135 1373 3321 1444 παρὸν
3354 1372 3660 1442 ὑμετέρων
3689 1370 3768 1423 θε-

2167 1471 2516 1542 σπισμάτων,
2556 1467 2845 1540 ὀμοούσιον
2889 1465 3198 1528 maxime;
3229 1460 3385 1518 εἶναι
3430 1465 3557 1517 δεῖν
3585 1464 3769 1516 ἐκατέ·

2171 1581 2278 1638 ρων
2309 1563 2424 1617 τῶν.
2442 1562 2680 1632 φύντων,
2714 1561 2776 1613 τὺ
2813 1558 3158 1628 γεννώμενον
3183 1555 3622 1626 κηρυττόντων,
3647 1553 3681 1623 ἦ
3707 1554 3772 1620 μῆ

2169 1655 2453 1712 καλεῖσθαι
2477 1654 2642 1708 αὐτὸν
2679 1651 2810 1707 Υἱόν
2831 1669 2846 1683 ·
2883 1651 3004 1705 τόδε
3040 1648 3134 1704 οὖν
3161 1649 3301 1702 αὐτὸ
3328 1649 3402 1703 τὸ
3419 1649 3771 1719 πεφυρμένοι

481 1758 792 1814 substantia
825 1757 1122 1828 unicuique
1172 1754 1460 1826 generanti
1506 1752 1748 1814 similem
1799 1765 2064 1821 praenun-

2179 1749 2265 1813 καὶ
2317 1746 2686 1816 ἀδιάγνωστον
2713 1743 2832 1810 ,τοῦ
2886 1743 3087 1807 εἴδους,
3141 1743 3238 1794 ἐπὶ
3303 1741 3538 1794 τούτων
3587 1738 3770 1808 μῶλον

483 1853 764 1918 tiantium,
791 1861 889 1907 aut
918 1851 1099 1922 ipsum
1121 1865 1234 1906 non
1257 1849 1443 1905 vocari
1465 1848 1668 1903 Filium
1693 1863 1706 1900 :
1733 1845 1869 1903 illud
1898 1844 2068 1916 igitur

482 1947 708 2000 mistum
730 1952 787 1998 et
813 1942 1196 1998 indistinctum
1227 1939 1453 2012 speciei,
1481 1939 1570 1994 his
1593 1938 1661 1994 de
1685 1937 1862 1993 rebus
1892 1934 2068 2009 magis

482 2034 794 2090 eonfutabit
841 2043 1082 2090 vestram
1112 2032 1595 2104 propositionem:
1626 2030 1674 2086 si
1716 2029 1864 2085 enim
1903 2037 1962 2083 et
1997 2027 2068 2082 de

483 2127 572 2180 his
597 2141 833 2196 quorum
859 2126 1015 2196 juxta
1039 2124 1350 2180 membrum
1397 2123 1577 2179 solum
1610 2119 1918 2178 similitudo
1940 2134 2068 2176 cum

484 2218 752 2273 alterutro
792 2217 1179 2288 generantium
1219 2232 1331 2272 non
1369 2223 1643 2280 servatur,
1675 2213 1773 2268 filii
1807 2211 2070 2268 dicuntur

485 2325 758 2380 equorum
791 2308 1130 2374 senii-asini,
1165 2317 1223 2364 et
1267 2307 1368 2362 filii
1411 2307 1692 2362 asinorum
1740 2303 2066 2374 semi-equi,

487 2398 768 2470 quomodo
809 2405 1034 2468 propter
1080 2397 1323 2467 aliquain
1371 2411 1441 2451 ex
1472 2403 1627 2466 parte
1658 2393 2071 2449 dissimilitudi-

483 2505 638 2557 nem,
685 2506 796 2544 non
825 2505 987 2560 posse
1033 2487 1207 2543 lilium
1255 2503 1454 2544 vocare
1486 2488 1643 2542 illum
1691 2485 1787 2557 qui
1836 2501 1951 2540 non
1985 2495 2072 2541 est

489 2582 806 2637 omnimode
863 2581 1060 2635 similis
1109 2579 1464 2650 genitoribus
1498 2575 1880 2632 -asseruistis‘?
1927 2574 2070 2630 Illud

487 2672 633 2728 bene
663 2671 961 2727 dicendum
1004 2669 1284 2726 haberetis
1325 2668 1468 2723 forte
1503 2667 1612 2722 illis
1650 2666 1747 2737 qui
1788 2665 2072 2722 Christum

489 2764 726 2820 similem
763 2763 1078 2818 substantia
1108 2777 1207 2816 sua
1240 2761 1466 2831 utrique
1503 2761 1722 2832 parenti
1765 2775 1888 2816 esse
1923 2760 2074 2831 cogi-

489 2863 628 2919 tant,
661 2869 772 2910 non
805 2869 936 2909 vero
961 2852 1126 2908 nobis
1155 2853 1250 2924 qui
1277 2838 1454 2923 ipsius
1482 2843 1772 2924 jfersonam
1800 2867 1867 2906 ex
1891 2851 2075 2906 diver-

385 2999 392 3005 .
489 2949 569 3004 sis
590 2947 808 3002 naturis
841 2948 1157 3002 constitisse
1183 2945 1528 3018 profitemur.

559 3039 692 3134 Quae
712 3039 951 3134 quidem
979 3049 1111 3134 sunt
1135 3039 1325 3134 adhuc
1441 3037 1522 3134 .de
1557 3053 1620 3134 re
1646 3037 1961 3094 accuratius
1991 3037 2076 3094 in-
2099 3071 2143 3134 Ο

2129 1873 2134 1878 -
2167 1837 2464 1908 ἀνατρέψει
2485 1836 2586 1906 τὴν
2624 1835 2899 1906 ὑμετέραν
2935 1835 3279 1900 ἀπόφανσινο
3323 1835 3380 1885 εἱ
3412 1837 3532 1903 γὰρ
3573 1835 3669 1885 καὶ
3695 1832 3767 1897 ἐφ’

2166 1920 2242 1981 ὧν
2303 1927 2439 1996 μηδὲ
2471 1925 2612 1979 κατὰ
2647 1924 2809 1995 μέλος
2840 1923 3025 1976 οἱαοῦν
3055 1924 3319 1994 ὁμοιότης
3376 1923 3624 1986 σώζεται
3652 1921 3774 1988 πρὸς

2171 2019 2398 2088 θάτερον
2440 2017 2552 2069 τῶν
2583 2016 2901 2081 τικτόντων,
2951 2015 3058 2067 υἱοί
3095 2031 3155 2066 τε
3201 2013 3474 2081 λέγονται
3514 2014 3704 2064 ἵππων
3729 2011 3772 2062 οξ

2169 2110 2406 2183 ἡμίονοι,
2431 2107 2529 2162 καὶ
2567 2107 2736 2160 τέκνα
2766 2105 2904 2159 δνων
2932 2107 2982 2158 oi
3013 2107 3309 2175 ἡμίιπποι,
3349 2104 3480 2167 πῶς
3507 2104 3605 2156 διὰ
3639 2103 3772 2154 τὸέκ

2167 2202 2376 2274 μέρους
2425 2199 2708 2270 ἀνόμοιον,
2737 2197 2801 2251 οὐ
2850 2196 3117 2251 δύνασθαι
3169 2195 3292 2250 υἱὸν
3342 2195 3552 2249 καλεῖν
3581 2196 3672 2247 τὸν
3704 2196 3768 2262 μὴ

2171 2296 2353 2365 πάντη
2401 2293 2588 2362 ὅμοιον
2622 2292 2736 2354 τοῖς
2767 2287 3022 2354 τεκοῦσιν
3072 2287 3240 2342 αὐτὸν
3273 2288 3556 2358 εἰρήκατε
3583 2302 3599 2349 ;
3626 2283 3768 2337 τοῦτο

2169 2387 2228 2441 δὲ
2255 2387 2321 2441 ἂν
2343 2384 2526 2448 καλῶς
2553 2377 2700 2454 εἶχεν
2729 2383 2858 2452 ὑμῖν
2891 2379 3078 2449 λέγειν
3108 2379 3264 2442 ἴσως,
3303 2377 3452 2448 πρὸς
3492 2377 3627 2439 τοὺς
3645 2375 3768 2428 κατὰ

2175 2479 2304 2550 μίαν
2329 2475 2496 2531 αὐτοῦ
2522 2475 2622 2544 τὴν
2657 2473 2850 2528 οὐσίαν
2879 2473 3067 2542 ὅμοιον
3090 2465 3232 2522 εῖναι
3258 2469 3358 2522 τὸν
3383 2469 3633 2538 Χριστόν
3653 2466 3766 2516 ἐισ-

2168 2570 2348 2640 τέρων
2369 2568 2478 2622 τῶν
2507 2567 2710 2636 γονέων
2731 2563 3080 2630 δοξάζοντας,
3105 2561 3168 2614 οὐ
3194 2559 3309 2630 μὴν
3331 2560 3440 2613 καὶ
3467 2557 3614 2629 προς
3639 2558 3766 2626 ἡμᾶς

2171 2662 2300 2725 τοὺς
2331 2659 2474 2714 κατὰ
2533 2658 2826 2727 διαφόρους
2881 2653 3078 2723 φύσεις
3133 2650 3562 2724 ὁμολογοῦντας
3617 2647 3762 2702 αὐτοὶ

2175 2750 2565 2824 συνεστηκέναι
2601 2747 2700 2820 τὴν
2729 2745 3048 2800 ὑπόστασιν.

2235 3021 2372 3075 ’Ἔτι
2408 3018 2478 3072 ’δὲ
2527 3013 2893 3090 βασανιστέον
2949 3011 3045 3064 καὶ
3096 3007 3510 3082 ἀκριϐέστερον
3553 3006 3626 3061 ei

430 3167 434 3169 »
494 3127 767 3198 quirenda
793 3145 808 3182 :
839 3127 926 3182 vel
955 3127 1103 3182 enim
1129 3127 1302 3183 totius
1329 3126 1637 3182 similitudo
1665 3127 1829 3182 vobis
1852 3127 2076 3182 videtur

2179 3112 2334 3168 τοῦδε
2355 3129 2366 3140 ·
2397 3111 2430 3182 ἢ
2457 3107 2568 3180 γὰρ
2593 3109 2627 3178 ἡ
2655 3105 2750 3160 τοῦ
2799 3104 2923 3159 ὅλου
2961 3101 3216 3173 ὁμοιότης
3245 3100 3387 3170 ὑμῖν
3439 3099 3598 3152 δοκεί
3639 3092 3761 3149 εἶναι

491 3217 815 3276 tiliationem
848 3227 1249 3290 repraesentare
1279 3218 1637 3284 omniuo,vel
1667 3233 1778 3272 non
1813 3235 1826 3272 :
1860 3218 1908 3274 si
1937 3233 2074 3286 non,

489 3309 695 3366 frustra
735 3311 984 3382 quaeritis
1017 3328 1049 3366 a
1083 3311 1248 3366 nobis
1282 3327 1354 3366 an
1395 3310 1470 3367 sit
1497 3323 1662 3364 causa
1698 3292 1976 3366 liliationis
2005 3307 2076 3366 ad

491 3402 670 3472 ipsius
709 3403 1245 3458 demonstrationem
1275 3420 1288 3456 :
1315 3401 1502 3471 quoad
1535 3401 1686 3456 enim
1728 3399 2077 3457 demonstra-

495 3491 696 3556 tiones,
729 3507 832 3562 per
869 3507 1067 3548 causas
1096 3493 1260 3548 istam
1296 3493 1561 3548 constitui
1595 3491 1919 3549 liliationem
1948 3509 2078 3565 per-

493 3595 717 3636 suasum
765 3581 984 3638 babetis
1020 3589 1235 3638 tantum
1265 3601 1278 3638 :
1311 3583 1485 3654 igitur
1523 3583 1662 3640 Abel
1711 3582 1911 3640 similis
1939 3582 2079 3640 Cain

488 3673 645 3744 juxta
676 3681 846 3728 totam
881 3673 1057 3745 ipsius
1088 3674 1454 3732 substantiam
1480 3683 1537 3731 et
1566 3673 1716 3730 filius
1743 3674 1900 3729 illius
1933 3681 2077 3740 erat,

493 3773 552 3820 et
605 3765 736 3824 ideo
780 3765 902 3833 lilii,
944 3782 1059 3824 non
1077 3767 1262 3824 fratris
1307 3766 1681 3823 interfector?
1717 3765 1827 3822 Sed
1873 3765 2080 3836 quippe

496 3857 764 3914 similium
792 3873 952 3930 aeque
985 3866 1072 3915 est
1115 3859 1338 3925 relatio,
1389 3869 1448 3914 et
1490 3859 1626 3916 Cain
1673 3857 1892 3914 scilicet
1935 3857 2082 3912 ﬁlius

495 3951 636 4006 Abel
666 3950 928 4007 similiter
955 3951 1064 4006 erit
1096 3968 1110 4004 :
1146 3950 1319 4024 igitur
1343 3965 1478 4021 ergo
1493 3957 1552 4005 et
1575 3950 1756 4020 patris
1776 3947 1968 4019 potius
1995 3947 2080 4001 in-

498 4041 770 4097 terfector
789 4048 878 4097 est
909 4059 922 4096 :
957 4040 1167 4097 idcirco
1219 4049 1278 4096 et
1307 4039 1366 4095 in
1400 4039 1598 4103 eodem
1629 4037 1780 4094 filius
1810 4045 1868 4094 et
1897 4044 2081 4108 pater,

500 4141 559 4189 et
581 4133 755 4190 frater
778 4143 898 4190 erat
920 4133 1058 4190 Cain
1083 4132 1179 4204 qui
1212 4132 1371 4188 illum
1400 4131 1627 4198 occidit,
1673 4130 1812 4186 Abel
1839 4129 1924 4185 .ah
1962 4129 2084 4200 ipso

502 4223 832 4284 interfectus
853 4242 872 4280 :
903 4233 962 4282 et
999 4224 1136 4283 Cain
1163 4224 1262 4280 lilii
1293 4233 1352 4282 et
1397 4223 1578 4296 patris
1607 4229 1665 4280 et
1692 4221 1884 4278 fratris
1912 4220 2088 4276 inter;

501 4319 682 4375 fector
709 4335 727 4376 :
760 4319 888 4390 quis
918 4333 1050 4375 vere
1079 4333 1192 4374 non
1221 4317 1484 4374 irridedit
1520 4322 1740 4373 vestras
1771 4313 1966 4370 inanes
1993 4325 2088 4369 co-

2177 3205 2276 3275 τῆς
2315 3202 2564 3271 υἱότητος
2601 3195 2988 3268 παραστατικὴ
3037 3195 3281 3256 πάντως,
3323 3193 3359 3262 ἢ
3393 3193 3552 3262 οὐχί·
3603 3194 3652 3244 εί
3680 3191 3764 3258 μὲν

2179 3291 2272 3350 οὖν
2297 3293 2442 3364 οὐχὶ,
2477 3289 2656 3361 μάτην
2713 3287 2927 3358 ζητεῖτε
2975 3285 3109 3356 παρ’
3137 3279 3302 3352 ἡμῶν
3345 3283 3416 3336 τὸ
3478 3283 3557 3352 μὴ
3611 3283 3764 3336 αἴτεον

2179 3387 2422 3456 υίότητος
2471 3383 2550 3446 είς
2597 3377 2870 3443 ἀπόδειξιν
2920 3375 3127 3446 αὐτῆς·
3161 3376 3218 3427 αἱ
3288 3373 3409 3444 γὰρ
3445 3372 3762 3436 ἀποδείξεις,

2179 3476 2268 3530 διὰ
2299 3473 2408 3527 τῶν
2436 3470 2627 3525 αἰτίων
2649 3467 2852 3537 ταύτην
2887 3463 3221 3535 ὑφίστασθαι
3241 3464 3351 3533 τὴν
3382 3463 3622 3535 ultima
3659 3461 3765 3515 nf-

2167 3565 2340 3620 σϐεσθε
2372 3563 2560 3636 μόνον·
2592 3558 2705 3633 ἆρά
2733 3577 2797 3629 γε
2834 3558 3004 3612 ’Ἅϐελ
3034 3557 3180 3611 Κὰῖν
3213 3558 3411 3624 ὅμοιος
3443 3555 3524 3609 ὢν
3554 3555 3694 3609 κατὰ
3713 3553 3764 3606 τὸ

2179 3659 2300 3713 ὅλον
2324 3657 2426 3728 τῆς
2455 3655 2642 3720 οὐσίας
2671 3652 2864 3716 αὑτοῦ,
2907 3652 3002 3706 καὶ
3036 3651 3152 3714 υίὸς
3188 3648 3359 3703 αὑτοῦ
3381 3644 3482 3719 ἦν,
3505 3647 3762 3706 uiam};

2179 3747 2294 3815 οὖν,
2315 3749 2418 3804 οὐκ
2431 3745 2817 3816 ἀδελφοκτόνος
2831 3739 2900 3815 ἦν
2921 3761 2938 3812 ;
2956 3742 3070 3796 ἀλλ’
3088 3740 3278 3812 ἐπειδὴ
3293 3738 3406 3793 τῶν
3429 3739 3639 3808 ὁμοξων
3652 3737 3760 3790 ἐπέ-

2152 3832 2284 3912 ’σης
2312 3841 2429 3895 ἐστὶ
2454 3841 2490 3911 ἡ
2520 3839 2726 3909 σχέσις,
2758 3835 2857 3891 καὶ
2882 3835 3026 3890 Κάῖν
3051 3833 3162 3904 ἄρα
3195 3830 3312 3893 υίδς
3344 3829 3522 3884 ’Δσελ
3571 3829 3760 3897 ὁμοίως

2183 3933 2358 3986 ἔσται’
2376 3931 2484 4004 ἄρα
2499 3929 2593 3984 οὖν
2619 3931 2714 3984 καὶ
2740 3926 3108 4000 πατροκτόνος
3136 3922 3340 3994 μᾶλλόν
3363 3923 3550 3976 ἐστιν’
3577 3918 3760 3973 οὖκοίν

2181 4024 2280 4078 καὶ
2304 4025 2362 4078 ὲν
2379 4021 2586 4094 ταυτῷ,
2604 4021 2720 4084 υἱός
2745 4036 2806 4073 τε
2832 4019 2929 4073 καὶ
2955 4019 3140 4088 πατὴρ
3170 4014 3263 4070 καὶ
3286 4013 3527 4080 ἀδελφὸς
3543 4008 3611 4082 ἦν
3635 4013 3758 4064 ius

2183 4116 2280 4172 τοῦ
2295 4115 2609 4177 κτείναντος
2633 4111 2823 4177 αὑτὸν,
2853 4107 3024 4164 ’Ἅϐελ
3042 4109 3072 4162 ὁ
3094 4105 3443 4178 ἀνῃρημένος
3461 4106 3553 4158 ὑπ’
3575 4102 3754 4158 αὐτοῦ·

2185 4211 2284 4264 καὶ
2333 4207 2474 4263 Κάῖν
2523 4204 2800 4267 υίοκτόνος
2825 4219 2886 4256 τε
2921 4201 3020 4255 καὶ
3065 4201 3439 4268 πατροκτόνος
3495 4197 3591 4249 καὶ
3615 4192 3758 4248 ἀδελ-

2187 4299 2448 4370 φοκτόνος
2472 4312 2488 4329 ·
2523 4297 2620 4350 καὶ
2647 4295 2732 4371 τίς
2753 4295 2814 4348 οὐ
2844 4292 3066 4362 γελάσει
3088 4290 3218 4344 τάδε
3243 4287 3402 4358 ὑμῶν
3421 4287 3498 4340 τὰ
3524 4283 3755 4354 riae-api

467 4375 840 4483 .gitationes?
869 4409 1296 4482 Dijudicandum
1345 4416 1435 4465 est
1475 4407 1648 4479 igitur
1679 4403 1973 4461 manifeste
2023 4412 2076 4459 ul

2185 4398 2471 4471 δόγματα;
2500 4390 2788 4463 Διορατέον
2836 4386 2931 4441 οὖν
2975 4385 3165 4455 σαφῶς
3193 4383 3271 4448 ὡς
3302 4385 3402 4439 καί
3430 4379 3635 4483 ταύτην

503 4500 684 4572 Lucas
710 4501 1070 4572 evangelista,
1096 4502 1193 4572 qui
1223 4502 1384 4559 istam
1414 4515 1484 4555 ex
1510 4505 1672 4569 parte
1693 4511 1915 4554 causam
1944 4505 2000 4551 et
2022 4511 2091 4552 ex

505 4602 664 4666 parte
707 4592 1134 4648 similitudinem
1163 4593 1342 4651 solum
1371 4589 1662 4660 conspexit
1697 4589 1756 4644 in
1783 4588 1959 4644 Adam
1998 4601 2106 4642 re-_

507 4695 700 4756 spectu
735 4685 912 4755 patris
938 4684 1254 4752 spirituum.
1279 4685 1376 4739 Dei
1405 4701 1418 4737 :
1452 4681 1762 4738 secundum
1791 4681 1940 4736 enim
1971 4679 2091 4736 ani-

508 4792 658 4833 mam
683 4777 862 4833 solum
892 4776 1212 4832 immediata
1243 4791 1410 4832 causa
1433 4774 1514 4830 illi
1543 4782 1663 4830 erat
1692 4771 1858 4838 Deus,
1883 4773 2087 4844 quippe

509 4869 717 4929 indidit
764 4871 869 4942 ipsi
903 4869 1184 4941 spiramen
1226 4869 1354 4927 vita:
1397 4869 1454 4923 in
1493 4865 1736 4925 animam
1785 4865 2085 4930 viventem,

510 4979 638 5019 cum
688 4978 891 5034 corpus
933 4977 964 5018 e
1009 4961 1144 5027 limo
1199 4961 1279 5016 illi
1333 4959 1639 5016 formavit:
1671 4965 1729 5013 et
1777 4956 2086 5013 secundum

509 5055 749 5112 animam
782 5065 994 5112 tantum
1024 5053 1235 5109 homini
1282 5067 1405 5109 esse
1441 5051 1510 5108 ad
1563 5050 1862 5122 imaginem
1895 5049 1993 5106 Dei
2034 5059 2092 5106 et

511 5150 936 5207 similitudinem
963 5147 1235 5204 remansit
1267 5165 1278 5198 :
1309 5144 1496 5202 sciens
1539 5144 1719 5208 illum,
1740 5143 1794 5197 vi
1823 5157 2004 5199 causae
2033 5152 2092 5198 et

509 5241 898 5298 similitudinis
925 5255 992 5295 ex
1015 5246 1170 5308 parte
1196 5253 1318 5294 esse
1356 5236 1648 5294 evidenter
1674 5235 1876 5290 Filium
1913 5234 2093 5290 Patris

510 5335 808 5404 spirituum
835 5332 955 5398 Dei,
976 5331 1079 5386 fuit
1104 5330 1300 5398 Adam,
1325 5329 1702 5402 genealogiam
1727 5329 1802 5382 ita
1824 5326 2094 5399 ordinans

511 5430 569 5478 et
591 5423 820 5481 dicens:
860 5441 879 5474 ι
911 5421 1018 5491 Qui
1047 5421 1154 5478 fuit
1185 5420 1358 5476 Adam
1394 5421 1489 5492 qui
1514 5419 1636 5497 fuit
1677 5419 1776 5474 Dei
1803 5420 1846 5482 ³,
1881 5435 1899 5468 ι
1945 5417 2092 5472 sicut

514 5512 688 5570 dixit:
719 5534 737 5568 ι
775 5513 880 5581 Qui
913 5513 1019 5568 fuit
1048 5513 1183 5570 Scth
1205 5514 1298 5582 qui
1325 5512 1430 5566 fuit
1465 5511 1637 5566 Adam
1667 5510 1710 5576 ³,
1745 5528 1763 5560 ι
1787 5507 2092 5564 scilicetex

591 5686 608 5716 ⁸
635 5685 770 5740 Luc.
805 5703 882 5752 Ill,
907 5689 995 5744 58.
1073 5689 1092 5720 ³
1127 5687 1263 5743 ibid.

2191 4465 2428 4564 μερικὴν
2452 4486 2634 4541 αἰτίαν
2655 4483 2750 4537 καὶ
2767 4479 3006 4554 ’μερικὴν
3037 4475 3339 4549 ὁμοιότητα
3375 4465 3750 4564 μόνον-θεαξῇ-

2189 4557 2288 4646 σας
2322 4557 2540 4650 Λουκᾶς
2577 4577 2604 4629 ὁ
2645 4569 3042 4641 εὐαγγελιστὴς
3087 4565 3318 4620 ἐνοῦσαν
3359 4562 3459 4618 ita!
3485 4560 3564 4630 τῷ
3598 4557 3750 4650 ᾌδὶμ

2188 4678 2325 4749 ’πρὸς
2373 4673 2465 4728 τὸν
2515 4670 2731 4740 πατέρα
2775 4666 2885 4721 τῶν
2941 4661 3273 4732 πνευμάτων
3282 4655 3459 4749 θεόν’
3481 4649 3635 4749 Δκα·ςὰ
3658 4658 3748 4749 γαρ

2179 4741 2365 4839 ψυχὴν
2402 4765 2563 4837 μόνον
2596 4759 2872 4832 προσεχὴς
2903 4755 3076 4818 αἴτιος
3101 4750 3252 4822 αὐτῷ
3281 4745 3350 4820 ἦν
3389 4749 3430 4839 όᾲ
3463 4745 3626 4839 βεδε,

2202 4829 2586 4930 ξενίσωνρῦτῷ
2905 4846 3057 4917 ζωῆς
3084 4847 3164 4908 εἰς
3189 4840 3372 4914 ψυχὴν
3415 4837 3621 4930 ζῶσαν,
3648 4829 3751 4930 tersi

2191 4925 2252 5008 τὸ
2279 4945 2442 5022 σῶμα
2473 4949 2586 5004 ἀπὸ
2610 4949 2712 5018 γῆς
2741 4943 2894 5016 αὓτῷ
2915 4937 3280 5014 προδιέπλασε
3303 4951 3317 4965 ·
3350 4935 3446 4987 καὶ
3479 4929 3622 5022 acuta
3641 4925 3751 5022 1’15:

2193 5063 2291 5117 την
2332 5019 2667 5112 ,σωζόμενον
2724 5037 2885 5108 μόνον
2941 5033 3002 5086 τὸ
3054 5030 3174 5086 κατ’
3229 5026 3420 5082 εἰκόνα
3477 5021 3612 5076 Θεοῦ
3671 5019 3750 5117 καί

2195 5109 2457 5208 ὁμοίωσιν
2590 5128 2896 5200 ἀνθρώπῳ·
2929 5119 3084 5187 εἰδὼς
3110 5123 3176 5175 ὲκ
3203 5116 3437 5190 μρικῆς
3677 5109 3752 5161 ul

2195 5205 2505 5302 ὁμοιώσεως
2536 5225 2665 5278 Υίὸν
2693 5221 2883 5289 σαφῶς
2909 5215 3004 5270 τοῦ
3035 5213 3248 5284 Πατρδς
3292 5211 3415 5302 τῶν

2197 5293 2355 5387 έεοΰ,
2411 5317 2504 5372 καὶ
2550 5315 2642 5369 τδν
2681 5312 2856 5383 Ἀδὰμ
2901 5306 3326 5376 ἐγενεαλόγησεν
3360 5299 3538 5363 οὕτως
3581 5293 3753 5351 ἁνατᾶ-

2201 5415 2296 5481 ξας
2327 5413 2421 5464 καὶ
2457 5407 2648 5470 εἰπὼν,
2683 5401 2822 5459 εἶναι
2871 5401 2966 5456 τοῦ
3027 5399 3202 5469 Ἀδὰμ
3244 5396 3340 5450 τοῦ
3387 5390 3551 5456 Θεοῦ,
3589 5389 3753 5450 ὥσπερ

2197 5475 2325 5576 ἐφη,
2371 5499 2518 5556 «Τοῦ
2571 5498 2679 5571 Σὴο
2738 5495 2831 5551 τοῦ
2893 5493 3086 5562 Ἀδὰμ,
3117 5509 3136 5544 ι
3192 5490 3364 5560 ἧγουν
3421 5485 3516 5540 τδν
3557 5484 3618 5536 ἐκ
3676 5475 3752 5532 ts;
