3876 6310
85 324 91 329 .
170 254 292 323 1613

1077 261 1472 327 ADVERSUS
1513 261 2057 330 NESTORIANOS.
2089 293 2156 304 -
2178 264 2327 329 LIB.
2372 266 2487 328 ΙΙΙ.

3287 261 3425 325 16M

182 371 365 440 Ἀδάμ·
419 370 517 424 καὶ
566 372 757 444 ὥσπερ
811 368 955 442 εἶπε,
1011 374 1157 429 (Τοῦ
1210 377 1462 439 Ἰσαὰκ.»
1516 359 1732 446 ὅπερ’ὁ

1862 378 2043 432 ldam:
2079 387 2136 433 et
2164 378 2640 447 quemadmodum
2663 373 2742 429 ait
2771 390 2786 427 :
2821 392 2841 425 ι
2873 372 2979 439 Qui
3044 371 3151 428 fuit
3206 374 3359 429 Isaac
3398 392 3420 427 ι

174 463 437 528 Ματθαῖος
466 463 652 533 ἔλεγεν
672 482 686 498 ·
719 486 738 516 ι
775 466 1030 539 Ἀϐραὰμ
1062 468 1323 537 ἐγέννησε
1352 460 1450 520 ⁸τὸν
1492 469 1732 532 ⁹1σαὰκ,ο

175 556 333 621 οὕτως
367 556 473 630 ἔφη
494 600 510 625 ,
543 577 561 610 ι
581 557 690 611 Τοῦ
733 559 905 631 Ἀδὰμ
927 559 1024 613 τοῦ
1055 560 1215 614 Θεοῦ.
1259 578 1282 612 ι
1328 560 1485 615 Οὖτω
1518 562 1619 632 μὲν
1647 560 1739 616 οῦν

176 649 336 721 ἐχέτω
363 649 493 705 τάδε
512 667 527 683 ·
556 650 851 706 ἀκουστέον
880 651 937 705 δὲ
965 651 1061 707 καὶ
1087 651 1199 706 τῶν
1231 651 1456 706 λοιπῶν.

762 765 1017 824 ΚΕΦΑΛ.
1060 766 1136 820 Ε’.

241 882 301 937 El
326 878 420 939 οῦν
453 882 614 953 φύσει
656 885 805 937 ἐστὶν
854 882 984 947 Υίδς
1016 883 1153 937 Θεοῦ
1183 882 1212 934 ὁ
1258 872 1515 953 Χριστδς,
1542 882 1635 935 καὶ
1678 876 1741 935 οὖ

177 974 308 1030 κατὰ
337 975 498 1045 χάριν
550 973 826 1037 υἱοθεσίας
865 972 1120 1044 ἠξίωται,
1154 972 1310 1042 φασὶ,
1353 971 1473 1035 πῶς
1527 971 1743 1043 εἴρηται

175 1071 248 1119 έτι
275 1064 454 1135 πολλῷ
485 1064 687 1134 μᾶλλον
711 1065 745 1135 ἡ
776 1066 938 1136 χᾶρις
961 1063 1057 1116 καὶ
1091 1065 1124 1134 ή
1159 1061 1339 1133 δωρεὰ
1365 1061 1460 1115 τοῦ
1492 1061 1651 1127 Θεοῦ,
1685 1064 1743 1116 ὲν

173 1157 348 1226 χάριτι
390 1157 486 1209 τοῦ
525 1156 645 1219 ἑνὸς
668 1154 958 1228 ἀνθρώπου
1000 1153 1177 1224 Ἰησοῦ
1213 1154 1475 1223 Χριστοῦ,
1507 1156 1588 1215 είς
1614 1154 1745 1218 τοὺς

178 1248 394 1311 πολλοὺς
436 1248 836 1319 περιέσσευσε;
888 1246 985 1299 καὶ
1028 1246 1134 1307 ὅτι,
1179 1263 1197 1296 ι
1231 1243 1558 1315 Ἐχαρίσατο
1594 1244 1746 1315 αύτῷ

173 1342 199 1393 ὁ
219 1339 344 1402 Θεὸς
368 1338 539 1407 ὄνομα
561 1338 622 1391 τδ
646 1338 787 1409 ὑπὲρ
807 1338 914 1391 πᾶν
929 1336 1129 1406 ὖνομας
1156 1354 1175 1387 ι
1199 1335 1313 1400 καὶ,
1344 1354 1363 1387 ι
1385 1336 1445 1388 '0
1466 1335 1542 1407 μὴ
1568 1336 1746 1407 ἑαυτῷ

173 1431 227 1484 δὲ
270 1429 449 1483 λαϐὼν
488 1429 587 1499 τὴν
623 1427 815 1498 τιμὴν,
865 1427 1002 1481 ἀλλὰ
1048 1426 1272 1498 κληθεὶς
1322 1426 1429 1480 ὑπὸ
1474 1427 1570 1479 τοῦ
1606 1427 1744 1481 Θεοῦ

176 1523 420 1593 καθάπερ
471 1523 567 1576 καὶ
605 1522 882 1592 ’Λαρὼνμ
923 1520 977 1573 τί
1022 1522 1175 1575 ἔστιν
1229 1512 1383 1583 οὗτος
1423 1521 1452 1572 ὁ
1490 1520 1744 1590 Χριστὲς,

172 1614 373 1669 εἴπατε.
413 1615 581 1669 Πάλιν
614 1613 980 1683 παρεκδοχαὶ,
1007 1612 1171 1666 πάλιν
1204 1612 1550 1683 μεταγωγαὶ,
1582 1612 1745 1666 πάλιν

1841 470 1990 539 quod
2010 469 2298 525 Matthasus
2322 470 2573 525 vertebat
2593 467 2931 524 :tAbraham
2959 466 3156 538 genuit
3175 466 3329 522 Isaae
3345 467 3423 530 ⁸,»

1845 564 1919 619 ita
1946 562 2086 619 dixit
2117 581 2132 618 :
2175 581 2203 615 ι-
2227 562 2333 630 Qui
2354 562 2460 617 fuit
2483 560 2656 617 Adam
2677 559 2774 631 qui
2805 560 2914 615 fuit
2936 560 3059 616 Dei.
3087 579 3107 614 ι
3152 560 3231 614 Ita
3257 559 3429 630 igitur

1842 655 1965 711 haec
1989 655 2103 710 sint
2127 673 2140 708 :
2172 655 2269 711 sed
2293 655 2506 725 reliqua
2532 653 2815 709 audienda
2841 661 2995 710 sunt.

2507 767 2660 824 CAP.
2694 769 2761 823 ν.

1915 882 1971 939 Si
1992 896 2125 954 ergo
2153 891 2353 937 natura
2396 891 2482 937 est
2517 882 2694 937 Filius
2729 882 2828 937 Dei
2861 882 3142 950 Christus,
3192 891 3250 940 et
3306 898 3419 939 non

1843 976 2154 1032 secundum
2191 975 2431 1046 gratiam
2468 975 2711 1030 ﬁliorum
2743 974 3063 1045 adoptionis
3087 975 3292 1047 dignus
3326 975 3430 1030 ha-

1845 1069 2000 1123 bitus
2029 1077 2137 1131 est,
2169 1068 2349 1131 aiunt,
2381 1066 2662 1137 quomodo
2694 1065 2905 1121 dictum
2941 1076 3057 1133 est;
3101 1068 3276 1122 multo
3310 1082 3429 1120 ma-

1846 1160 1932 1231 gis
1965 1159 2144 1230 gratia
2174 1167 2230 1213 et
2264 1158 2473 1213 donum
2524 1159 2647 1224 Dei,
2679 1158 2736 1212 in
2765 1158 2941 1229 gratia
2974 1159 3144 1214 unius
3185 1159 3431 1214 hominis

1844 1250 1973 1307 Jesu
2002 1249 2208 1305 Christi
2231 1250 2286 1304 in
2323 1250 2514 1319 plures
2543 1249 2849 1305 abundavit
2880 1250 2941 1304 l’1?
2967 1259 3024 1305 et
3055 1251 3241 1306 istud:
3283 1251 3430 1305 «Do-

1844 1328 2009 1401 navit.
2035 1345 2115 1400 illi
2146 1345 2296 1400 Deus
2352 1359 2554 1399 nomen
2588 1345 2738 1414 quod
2787 1352 2874 1400 est
2927 1360 3099 1416 super
3131 1362 3296 1401 omne
3330 1361 3434 1399 no-

1847 1449 1975 1488 men
2000 1433 2056 1486 °?
2089 1452 2107 1485 ι
2139 1441 2197 1489 et
2229 1450 2242 1486 :
2285 1453 2302 1485 ι
2326 1433 2431 1500 Qui
2467 1449 2579 1494 non
2613 1435 2832 1505 accepit
2871 1435 2982 1489 sibi
3013 1436 3310 1502 honorem,
3336 1436 3431 1491 sed

1847 1532 2078 1580 vocatus
2126 1532 2212 1580 est
2242 1541 2272 1586 a
2322 1508 2435 1580 Deo
2488 1533 2755 1595 tanquam
2803 1526 2989 1581 Aaron
3024 1529 3087 1581 "?
3116 1547 3133 1579 ι
3164 1529 3300 1599 quid
3348 1537 3435 1583 est

1848 1616 1952 1672 iste
1971 1614 2249 1678 Christus,
2269 1616 2460 1670 dicite.
2485 1617 2629 1673 Usus
2650 1618 2817 1672 modo
2845 1618 3247 1690 synecdoches,
3267 1620 3434 1676 modo

85 1726 93 1732 ·
171 1708 225 1761 αἱ
259 1705 509 1777 συνήθεις
548 1705 926 1776 μετωνυμίαιο
965 1706 1060 1760 καὶ⁵
1107 1703 1298 1774 θαῦμά
1360 1721 1424 1771 γε
1460 1704 1633 1767 οὕτως
1661 1704 1746 1756 εὐ·

1862 1708 2213 1779 metaphorae,
2257 1709 2424 1763 modo
2452 1710 2805 1779 metonymia:
2836 1721 3175 1780 usurpatur:
3226 1721 3284 1766 et
3328 1712 3435 1765 mi-

173 1799 527 1870 επιλήσμονές
557 1801 681 1851 ἐστε
707 1799 801 1852 καὶ
832 1792 908 1852 ὧν
933 1799 1088 1869 ὑμεῖς
1108 1798 1369 1862 πολλάκις
1390 1798 1669 1868 εἰρήκατε,
1698 1798 1747 1849 εί

176 1894 248 1964 μὴ
285 1894 392 1964 ἄρα
430 1892 493 1948 τὸ
538 1893 633 1946 τοῦ
687 1893 972 1964 ληθάργου
1011 1891 1184 1956 πάθος
1232 1894 1471 1945 νοσεῖτε·
1518 1891 1600 1945 ὅτι
1641 1894 1746 1963 γὰρ

174 1985 264 2039 καὶ
291 1983 359 2037 τὰ
388 1984 481 2038 τοῦ
511 1985 629 2048 ἐνὸς
662 1984 768 2037 τῶν
803 1983 985 2054 μερῶν
1025 1982 1193 2036 αὐτοῦ
1229 1982 1324 2035 τοῦ
1357 1983 1558 2054 μέρους
1610 2000 1747 2035 κατ-

173 2080 468 2150 ηγορεῖται,
501 2077 603 2130 οὐκ
627 2077 875 2146 ἀγνοεῖτε
897 2093 912 2108 ο
942 2074 1021 2138 ὡς
1049 2074 1131 2139 τὸ,
1175 2094 1194 2126 ι
1220 2075 1447 2129 Ἐθεντο
1468 2074 1536 2128 τὰ
1565 2074 1748 2145 θνησι-

176 2171 306 2241 μαῖα
345 2170 455 2223 τῶν
494 2170 701 2223 δούλων
729 2186 846 2231 σου,
877 2167 1149 2238 βρώματα
1189 2169 1304 2230 τοῖς
1352 2169 1621 2230 πετεινοῖς
1651 2166 1747 2220 τοῦ

172 2260 415 2332 ούρανοῦ,
446 2262 545 2321 τὰς
571 2262 780 2331 σάρκας
810 2259 919 2312 τῶν
944 2258 1108 2312 ὁσίων
1140 2275 1233 2311 σου
1266 2260 1376 2322 τοῖς
1405 2257 1619 2329 θηρίοις
1648 2258 1750 2329 τῆς

173 2354 290 2422 γῆς.
333 2373 352 2404 ι
407 2352 568 2406 Ἀλλὰ
619 2351 713 2405 καὶ
754 2352 836 2405 ὅτι
867 2351 935 2405 τὰ
959 2349 1053 2404 τοῦ
1080 2348 1204 2403 ὅλου
1247 2351 1447 2421 μέρους
1478 2350 1621 2404 κατὰ
1652 2350 1748 2404 τοῦ

175 2444 292 2498 ὅλου
321 2443 559 2512 λέγεται,
595 2444 738 2497 ἵστε’
772 2443 847 2507 ὡς
869 2444 949 2507 τὸ,
983 2461 1001 2494 ι
1037 2443 1187 2496 Ἐκεῖ
1211 2441 1420 2510 ἔθα-,δαν
1459 2440 1737 2512 Ἀϐραὰμ,

177 2538 265 2590 καὶ
300 2537 515 2608 Σάρραν
545 2536 644 2607 τὴν
682 2539 914 2604 γυναῖκα
942 2534 1129 2589 αὐτοῦ.
1178 2554 1197 2586 ι
1235 2536 1348 2589 Καὶ
1378 2534 1652 2589 ἀνάπαλιν
1681 2534 1751 2588 τὰ

175 2647 204 2682 τ
227 2628 267 2681 ιῦ
300 2614 461 2695 ὃλου,
485 2629 628 2682 κατᾶ⁸
648 2629 740 2682 τοῦ
790 2627 993 2699 μέρους
1016 2643 1030 2657 ·
1057 2626 1133 2690 ὼς
1167 2626 1250 2693 τὸ,
1281 2645 1298 2678 ι
1327 2627 1435 2682 Καὶ
1494 2626 1750 2696 εἰσῆλθεν

188 2720 379 2775 Ἰακὼό
401 2722 456 2773 ὲν
486 2728 557 2774 σε’
584 2721 784 2790 ψυχαῖς
804 2722 883 2784 είς
905 2720 1181 2788 Αἴγυπτον
1200 2735 1212 2748 ·
1243 2739 1262 2772 ι
1295 2718 1376 2773 ἔτι
1410 2718 1515 2792 μὴν
1545 2721 1626 2773 ὅτι
1657 2721 1753 2774 καὶ

175 2814 239 2866 τὰ
256 2813 348 2866 τοῦ
362 2813 483 2866 ὅλου
500 2813 638 2866 κατὰ
656 2812 749 2866 τοῦ
767 2817 967 2884 μέρους
986 2812 1153 2865 αὐτοῦ
1173 2812 1395 2881 λέγεται
1412 2829 1541 2865 ποτε
1564 2812 1751 2881 μόνου,

174 2905 483 2976 ὁμ)λογεῖτε
514 2924 525 2935 ·
563 2905 639 2967 ὡς
683 2907 741 2957 ὲν
790 2905 890 2975 τῷ,
938 2924 956 2956 ι
988 2904 1314 2969 Ἐνύσταξεν
1368 2905 1402 2975 ἡ
1448 2903 1594 2974 ψυχή
1647 2921 1749 2974 μου

177 2998 283 3052 ἀπὸ
328 2997 579 3069 ἀκηδίας.
618 3016 635 3047 ι
691 2995 830 3049 Οῦτε
886 2997 994 3066 γὰρ
1038 2996 1219 3067 σῶμα,
1268 2990 1392 3049 οὔτε
1432 2995 1581 3065 ψυχὴ
1625 2994 1749 3048 καθ’

181 3091 352 3161 αὐτὴν
377 3089 654 3153 νυστάξειο
673 3089 768 3141 καὶ
788 3089 846 3140 ὲν
874 3088 1004 3158 τῷ,ι
1028 3088 1236 3158 Ἐκχεῶ
1257 3088 1365 3142 ἀπὸ
1388 3089 1482 3142 τοῦ
1507 3090 1757 3159 πνεύμα-

176 3185 266 3247 τὸς
308 3199 409 3252 μου
455 3181 549 3235 ἐπὶ
583 3182 765 3234 πᾶσαν
810 3179 1008 3249 σάρκα·
1041 3198 1058 3230 ι
1091 3178 1155 3231 οὗ
1200 3178 1310 3249 γὰρ
1337 3177 1402 3249 δὴ
1427 3179 1526 3250 τὴν
1551 3180 1757 3252 ἄψυχόν

179 3292 346 3346 φησι·
381 3275 474 3327 καὶ
503 3274 584 3326 ὅτι
610 3271 667 3324 δὲ
690 3271 758 3324 τὰ
784 3270 879 3323 τοῦ
928 3269 1049 3323 ὅλου
1078 3258 1221 3323 κατᾶ
1251 3269 1344 3322 τοῦ
1369 3270 1493 3323 ὅλου
1511 3271 1754 3339 λέγεται,

188 3370 552 3438 ἀναμφίὸολον
584 3369 777 3423 πᾶσιν·
815 3367 890 3429 ὼς
917 3366 1006 3427 τὸ,
1043 3367 1232 3418 Ἰσαὰκ
1261 3365 1317 3418 δὲ
1350 3366 1645 3437 ἐπορεύετο
1673 3367 1762 3420 διὰ

177 3465 279 3533 τῆς
306 3465 513 3535 ἐρήμου
535 3463 676 3516 κατὰ
702 3463 763 3513 τὸ
794 3458 975 3529 φρέαρ
1005 3460 1102 3524 τῆς
1123 3456 1371 3529 ὁράσεως
1387 3473 1401 3488 ⁸
1419 3456 1481 3509 τὸ
1502 3457 1558 3510 δὲ
1581 3458 1757 3527 napa-

176 3553 329 3619 δοξον
358 3551 590 3622 ἐροῦμεν
620 3550 734 3603 ἔτι·
769 3548 851 3601 ὅτι
876 3545 969 3600 ἐπὶ
1003 3547 1113 3600 τῶν
1159 3544 1408 3616 φυσικῶν
1433 3545 1762 3601 οίκειώσεων

178 3647 330 3700 ἔστιν
366 3646 492 3698 ἰδεῖν
526 3643 615 3697 διὰ
649 3644 748 3713 τὴν
781 3643 845 3694 ἐκ
869 3641 969 3711 τῆς
998 3638 1246 3702 ἑνὼσεως
1289 3637 1635 3710 συμπάθειαν
1670 3640 1764 3692 ἐπὶ

174 3737 288 3791 τῶν
306 3735 551 3790 ὁπωσοῦν
569 3734 910 3803 παθημάτων
930 3731 1227 3801 ήνωμένων
1251 3749 1315 3801 με
1327 3730 1455 3801 ρῶν,
1480 3732 1565 3785 ὅτι
1582 3733 1676 3783 καὶ
1696 3730 1763 3784 τὰ

176 3828 412 3899 θατέρου
436 3826 544 3879 τῶν
569 3825 753 3896 μερῶν
774 3823 867 3876 τοῦ
889 3824 1035 3888 ὅλου,
1057 3821 1201 3875 κατὰ
1228 3822 1323 3874 τοῦ
1353 3822 1540 3892 ἐτέρου
1565 3821 1765 3891 μέρους

178 3918 351 3974 αὑτοῦ
414 3919 843 3988 κατηγορεῖται’
881 3913 958 3977 ὡς
1003 3914 1086 3975 τὸ,
1139 3912 1322 3983 ψυχὴν
1366 3911 1464 3965 τοῦ
1527 3911 1760 3980 φονέως,

178 4012 304 4067 ἀντὶ
350 4011 451 4081 τῆς
504 4010 682 4080 ψυχῆς
727 4006 821 4060 τοῦ
862 4005 1239 4075 φονευθέντος,
1302 4002 1757 4057 ἀποκτείνεσθαι·

179 4105 365 4157 καίτοι
417 4103 468 4155 οἱ
510 4099 906 4161 ἀποκτένοντες
936 4138 950 4162 ,
991 4097 1054 4149 τὸ
1126 4095 1287 4167 σῶμα
1349 4094 1713 4149 ἀποκτένουσι
1746 4138 1761 4162 ,

183 4195 330 4264 μετὰ
355 4193 414 4246 δὲ
453 4190 611 4244 τοῦτο
655 4190 757 4243 οὐκ
783 4188 966 4258 ἔχουσι
996 4187 1048 4240 τί
1075 4187 1465 4258 περισσότερον
1500 4187 1730 4256 ποιῆσαι
1749 4204 1760 4217 ·

176 4283 388 4339 τοιόνδε
443 4282 510 4352 δή
563 4282 679 4333 ἐστι
716 4278 812 4331 καὶ
861 4277 942 4341 τὸ,
985 4295 1005 4327 ι
1040 4274 1390 4330 Ἐταπείνουν
1429 4277 1488 4328 ὲν
1539 4278 1766 4348 νηστείᾳ

174 4378 281 4448 τὴν
320 4374 501 4445 ψυχήν
542 4390 642 4441 μου
665 4389 679 4402 ο
707 4391 726 4423 ›
758 4371 853 4424 καὶ
887 4370 995 4439 γὰρ
1026 4368 1089 4421 τὸ
1123 4366 1285 4437 σῶμα
1320 4367 1549 4438 πρώτως
1579 4385 1638 4421 τε
1674 4371 1766 4423 καὶ
1791 4402 1845 4461 D

174 4468 356 4529 ὅντως
388 4464 502 4519 ἐστὶ
523 4462 582 4514 τὸ
613 4462 1040 4530 ταπεινούμενον
1070 4459 1165 4514 ἐπὶ
1192 4460 1438 4530 νηστείᾳ,
1470 4461 1503 4531 ἡ
1535 4460 1591 4514 δὲ
1621 4462 1767 4534 ψυχὴ

178 4560 281 4613 καὶ
318 4556 519 4628 μᾶλλον
543 4556 701 4627 νήφει
729 4553 824 4606 καὶ
844 4551 1076 4622 ὑψοῦται
1102 4538 1295 4621 ἐφόσον
1309 4552 1339 4603 ὁ
1359 4550 1463 4615 ἔξω
1481 4551 1578 4606 ἄνθ
1586 4570 1770 4623 ρωπος

174 4647 559 4703 ταπεινοῦται·
585 4647 701 4709 καὶ,
723 4644 907 4715 «Φωνὴ
925 4645 1157 4715 αἵματος
1179 4644 1274 4698 τοῦ
1301 4643 1536 4713 ἀδελφοῦ
1555 4660 1650 4722 σοι)
1676 4645 1774 4718 βοᾷ

181 4744 329 4813 πρός
367 4760 466 4812 με·
493 4762 510 4793 ι
544 4739 774 4810 καὶγὰρ
797 4739 913 4803 καὶ,
947 4736 1090 4791 κατὰ
1118 4735 1210 4790 τὸν
1254 4735 1601 4803 Ἀπόστολον,
1633 4738 1772 4791 ἀπο-

180 4832 368 4886 θανὼν
399 4832 479 4884 ἔτι
509 4832 665 4884 λαλεῖ
691 4830 767 4893 ὡς
790 4828 901 4894 ζῶν
938 4830 966 4881 ὁ
1009 4816 1197 4890 Ἀϐελ,
1231 4826 1333 4880 οὐκ
1363 4825 1515 4897 αὐτῷ
1548 4826 1767 4897 αἵματι,

177 4923 326 4977 ἀλλὰ
356 4925 420 4994 τῇ
444 4923 613 4993 ψυχῇ.

259 5013 443 5082 Σαφὲς
481 5011 572 5066 οὖν
605 5012 760 5066 ὅτιᾶ
811 5012 1071 5082 εἰρήκατε
1120 5012 1321 5074 πάντα,
1377 5008 1509 5080 περὶ
1569 5008 1773 5081 μέρους

176 5107 408 5173 λέγεται
432 5106 526 5160 τοῦ
551 5104 896 5177 ἀνθρωπίνου
933 5102 1203 5176 Χριστοῦ’
1227 5105 1262 5174 ἡ
1297 5104 1396 5173 μὲν
1435 5101 1542 5173 γὰρ
1572 5100 1682 5154 τῶν
1715 5104 1774 5154 ἐν

178 5198 343 5269 αὐτῷ
393 5197 645 5268 φύσεων,
683 5197 814 5261 Θεός
849 5214 909 5250 τε
940 5197 1040 5251 καὶΔ
1066 5195 1195 5259 Υἱὸς
1225 5193 1363 5248 Θεοῦ
1408 5195 1525 5248 ἐστι
1570 5212 1630 5248 τε
1680 5193 1774 5248 καὶ

178 5291 540 5361 ὀνομάζεται,
564 5289 811 5344 ούσιώδει
838 5289 984 5359 λόγῳ
1006 5305 1021 5319 ·
1057 5290 1090 5359 ἡ
1132 5286 1192 5341 δὲ
1222 5289 1405 5358 χάριτι
1428 5286 1646 5357 ἀληθῶς
1676 5289 1773 5341 καὶ

177 5387 375 5462 δωρεᾷ
406 5388 559 5452 θείας
595 5388 765 5458 τιμῆς
790 5385 886 5440 καὶ
909 5384 1211 5456 ὀνομασίας
1245 5382 1497 5453 ἠξίωται,
1526 5381 1642 5436 ἀλλ’
1673 5383 1776 5452 οὐχ

178 5479 379 5542 ἁπλῶς
407 5479 580 5550 ὖνομα
606 5478 774 5552 οὔσης
798 5477 974 5548 ψιλὸν,
1001 5479 1236 5547 πρᾶγμα
1264 5471 1625 5545 ὑποκείμενον
1655 5477 1775 5528 ὀνο-

255 5638 283 5671 δ
313 5637 508 5693 Matth.
540 5655 577 5703 t,
606 5638 662 5692 2.
738 5638 759 5670 '
787 5636 945 5695 Rom.
968 5651 1026 5705 v,
1051 5635 1141 5692 20.
1218 5637 1238 5669 °
1264 5635 1486 5705 Philipp

167 5719 380 5777 cum,
411 5708 501 5763 28.
551 5789 554 5791 Δ
584 5710 622 5741 ιι
657 5707 799 5765 Psal.
835 5714 1016 5791 δίκῃιν,
1046 5708 1130 5779 l5.
1217 5708 1260 5740 ¹³
1284 5705 1424 5763 Gen.
1481 5721 1554 5774 Iv,
1590 5706 1675 5760 lo.

1494 5676 1507 5690 .
1527 5651 1565 5690 ιι
1591 5634 1645 5707 9.
1724 5638 1744 5669 ⁷
1763 5634 1931 5693 llebr.
1957 5654 2011 5699 ν,
2031 5638 2081 5693 4.
2102 5637 2135 5707 ,⁸
2159 5637 2200 5691 Ρ
2228 5645 2274 5684 5.
2310 5644 2532 5697 uuln.
2554 5632 2606 5685 2.

1850 1816 1972 1854 rum
1990 1799 2137 1871 quod
2163 1799 2237 1854 ita
2264 1816 2385 1871 qu:e
2399 1807 2454 1854 et
2473 1815 2571 1855 vos
2588 1815 2728 1870 smpe
2746 1799 2988 1867 dixistis,
3013 1801 3234 1857 fueritis
3249 1802 3432 1865 obliti,

1850 1893 1956 1948 nisi
1981 1892 2264 1962 lethargiae
2299 1893 2493 1947 morbo
2541 1891 2807 1947 lahoretis
2838 1908 2989 1948 :non
3027 1894 3177 1949 enim
3212 1894 3437 1965 ignora-

1853 1982 1924 2037 tis
1959 1998 2084 2052 qua:
2121 1991 2251 2037 sunt
2278 1982 2445 2037 unius
2476 1998 2541 2038 ex
2564 1983 2815 2053 partibus
2837 1985 2904 2038 de
2933 1984 3052 2054 ipsa
3094 1994 3251 2056 parte
3290 1985 3437 2040 affir-

1850 2074 2030 2129 mari:
2098 2074 2245 2129 sicut
2275 2075 2331 2128 in
2367 2075 2475 2129 hoc
2523 2075 2686 2130 loco:
2748 2075 3111 2131 «Posuerunt
3162 2077 3435 2132 cadavera

1850 2179 2140 2220 servorum
2163 2174 2386 2219 tuorum
2419 2165 2475 2220 in
2501 2181 2687 2222 escam
2705 2166 3030 2223 volatilibus
3058 2167 3211 2229 cmli,
3237 2183 3437 2222 carnes

1852 2261 2168 2307 sanctorum
2195 2264 2416 2309 tuorum
2438 2254 2636 2310 bestiis
2663 2265 2825 2311 terra:
2856 2256 2913 2324 ες
2942 2276 2960 2307 δ
2999 2256 3095 2312 sed
3120 2257 3290 2312 etiam
3325 2258 3436 2312 sci-

1854 2345 1928 2400 tis
1962 2359 2086 2415 quae
2121 2354 2252 2400 sunt
2281 2346 2455 2401 totius
2486 2347 2685 2417 partis,
2709 2347 2777 2402 de
2810 2358 2927 2403 toto
2957 2348 3102 2404 dici:
3140 2358 3202 2404 ut
3232 2350 3286 2404 in
3330 2349 3438 2403 hoc

1852 2421 2102 2491 alio-loco
2125 2453 2138 2489 :
2165 2456 2183 2488 ι
2205 2435 2304 2491 Hic
2323 2435 2666 2506 sepelierunt
2682 2437 2958 2493 Abraham
2979 2446 3036 2494 et
3057 2438 3190 2495 Sara
3208 2454 3434 2495 uxorem

1852 2530 1973 2599 ejus
1997 2528 2055 2595 ’,
2081 2548 2098 2578 ι
2136 2537 2194 2583 et
2228 2529 2453 2594 iterum,
2487 2545 2610 2599 quae
2634 2538 2766 2585 sunt
2802 2533 2994 2597 totius,
3032 2530 3101 2587 de
3133 2541 3326 2601 parte:
3376 2541 3439 2585 ut

1855 2621 1912 2675 in
1948 2622 2078 2687 isto,
2116 2641 2134 2672 ι
2158 2621 2449 2693 Ingressus
2464 2631 2548 2679 est
2579 2623 2752 2680 Jacoh
2780 2639 2908 2679 cum
2929 2625 3050 2680 suis
3066 2622 3359 2679 anim‘abus
3382 2623 3440 2678 in

1852 2714 2171 2787 Egyptum,
2206 2737 2224 2767 ι
2256 2717 2441 2772 adhuc
2462 2717 2805 2774 confitemini
2833 2735 2956 2789 qua:
2980 2730 3111 2774 sunt
3165 2720 3335 2774 totius
3370 2718 3440 2771 de

1854 2818 2010 2877 parte
2030 2807 2147 2876 ipsa
2166 2808 2276 2863 dici
2295 2810 2592 2879 aliquando
2609 2811 2745 2876 sola,
2765 2812 2911 2867 sicut
2927 2812 2984 2866 in
3001 2827 3069 2866 eo
3086 2812 3209 2866 loco
3230 2831 3242 2866 :
3271 2806 3441 2865 «Dor-

1853 2896 2072 2951 mitavit
2123 2897 2310 2953 anima
2375 2914 2499 2954 mea
2547 2915 2661 2969 pra:
2707 2901 2873 2955 taedio
2925 2903 3004 2968 ίος
3038 2921 3057 2954 ι
3114 2918 3226 2956 non
3287 2902 3438 2956 enim

1857 3006 2082 3061 corpus,
2129 3006 2313 3061 neque
2360 2991 2546 3047 anima
2595 2993 2904 3048 secundum
2942 2995 3183 3064 seipsam
3240 2988 3480 3063 perna?

1780 3066 1825 3128 C
1859 3086 1990 3144 ctat,
2018 3087 2075 3134 et
2110 3079 2168 3133 in
2197 3079 2328 3144 alio,
2367 3080 2634 3135 «Effundo
2653 3081 2722 3136 de
2754 3081 2955 3151 spiritu
2977 3096 3102 3135 meo
3139 3096 3306 3151 super
3320 3097 3442 3136 om-

1858 3188 1986 3227 nem
2017 3187 2273 3233 carnem;
2298 3191 2323 3222 ι
2356 3188 2469 3228 non
2504 3174 2653 3228 enim
2688 3174 2835 3228 illam
2889 3174 3010 3228 sine
3050 3173 3234 3228 anima
3276 3174 3439 3232 dicit:

1859 3274 1916 3320 et
1969 3281 2093 3335 qua:
2143 3274 2275 3320 sunt
2332 3267 2506 3321 totius
2567 3265 2637 3321 de
2685 3275 2802 3321 toto
2853 3266 2987 3330 dici,
3042 3274 3296 3337 apertum
3359 3277 3444 3322 est

1830 3356 2162 3424 'omnibus;
2235 3357 2383 3412 sicut
2444 3356 2505 3410 in
2555 3357 2752 3423 altero,
2811 3358 2963 3413 Isaac
3020 3357 3135 3413 ibat
3185 3374 3286 3428 per
3342 3359 3444 3414 de-

1862 3459 2072 3503 sertum
2102 3450 2260 3519 juxta
2286 3447 2490 3503 fossam
2518 3448 2792 3519 visionis;
2841 3448 3050 3519 aliquid
3105 3466 3241 3506 vero
3283 3450 3444 3505 inau-

1862 3539 2043 3593 ditum
2094 3540 2556 3610 superaddemus,
2616 3556 2819 3612 nempe
2877 3541 3025 3612 quod
3097 3551 3310 3613 spectat
3375 3544 3444 3597 ad

1863 3637 2147 3692 naturales
2221 3638 2688 3709 coujunctiones,
2735 3638 2902 3694 datur
2970 3639 3162 3695 videre
3208 3649 3439 3711 propter

1866 3729 2232 3802 sympathiam
2286 3746 2412 3800 qua:
2458 3745 2528 3785 ex
2574 3730 2783 3785 unione
2839 3732 3022 3786 oritur
3071 3731 3256 3801 quoad
3309 3733 3448 3787 alle-

1866 3827 1989 3875 ctus
2049 3818 2295 3888 partium
2355 3818 2675 3885 unitarum,
2741 3834 2863 3888 qua:
2916 3828 3046 3895 sunt
3101 3820 3333 3876 alterius
3382 3837 3450 3874 es

1869 3912 2124 3983 partibus
2173 3910 2365 3977 totius,
2398 3910 2466 3967 de
2507 3910 2681 3966 altera
2720 3920 2879 3982 parte
2927 3911 3106 3982 ipsius
3152 3911 3445 3977 allirmari;

1868 4006 1950 4061 sic
1976 4004 2204 4068 dicitur,
2233 4005 2473 4060 animam
2525 4003 2847 4069 homicidae,
2904 4021 3006 4076 pro
3035 4007 3221 4062 anima
3271 4007 3450 4061 inter-

1870 4098 2023 4162 fecti,
2043 4097 2250 4165 occidi;
2273 4113 2440 4171 porro
2464 4098 2851 4154 interfectores
2863 4114 3068 4170 corpus
3083 4099 3446 4159 interﬁciun:.

1869 4198 1995 4260 post
2025 4189 2132 4244 hoc
2160 4205 2295 4245 vero
2338 4203 2450 4245 non
2498 4188 2707 4245 habent
2761 4191 3001 4261 amplius
3038 4189 3170 4260 quid
3224 4189 3448 4253 faciam,

1873 4282 2053 4336 simile
2101 4290 2188 4336 est
2242 4281 2349 4336 hoc
2395 4298 2408 4334 :
2465 4300 2483 4332 ι
2525 4279 2897 4336 Humiliabam
2951 4282 3010 4338 in
3067 4281 3278 4353 jejunio
3338 4282 3455 4337 ani-

1874 4389 2020 4427 mam
2051 4387 2230 4427 meam
2268 4372 2347 4438 ¹¹;
2378 4392 2396 4423 ι
2422 4386 2625 4442 corpus
2675 4371 2825 4426 enim
2856 4371 3097 4442 primum
3146 4382 3203 4428 et
3228 4371 3453 4427 realiter

1874 4464 2010 4520 illud
2046 4472 2133 4520 est
2156 4464 2304 4533 quod
2329 4463 2659 4518 humiliatur
2681 4463 2736 4518 in
2757 4464 2995 4534 jejunio,
3028 4464 3210 4519 anima
3228 4479 3362 4519 vero
3385 4479 3454 4519 eo

1875 4556 2051 4627 magis
2084 4556 2278 4626 vigilat
2317 4564 2374 4612 et
2401 4556 2697 4621 exaltatur,
2728 4558 2875 4627 quod
2905 4557 3234 4612 humiliatur
3271 4566 3453 4613 exter-

1874 4664 1981 4704 nus
2014 4648 2217 4714 homo,
2273 4657 2331 4703 et
2359 4648 2530 4704 illud:
2567 4650 2717 4706 «Vox
2772 4649 3064 4721 sanguinis
3119 4648 3314 4705 fratris
3364 4650 3447 4703 tui

1874 4741 2078 4796 clamat
2109 4741 2178 4797 ad
2209 4757 2296 4797 me
2316 4742 2396 4809 ¹²;
2423 4760 2441 4793 ›
2478 4741 2687 4797 etenim
2711 4741 3092 4797 etsecundum
3106 4739 3451 4810 Apostolum,

1875 4832 2176 4889 defunctus
2214 4834 2398 4889 adhuc
2449 4833 2699 4904 loquitur
2744 4841 3007 4901 tanquam
3059 4830 3249 4885 vivens
3291 4830 3450 4895 Abel,

1875 4940 1989 4978 non
2019 4925 2140 4995 ipso
2164 4924 2459 4994 sanguine,
2485 4924 2580 4978 sed
2612 4924 2816 4977 anima.

1924 5016 2299 5084 ,Manifestum
2351 5023 2435 5068 est
2492 5014 2663 5085 igitur
2711 5013 2897 5067 omnia
2951 5028 3073 5083 quae
3121 5010 3340 5068 dixistis
3385 5011 3457 5068 de

1880 5117 2035 5179 parte
2067 5108 2176 5162 dici
2228 5105 2434 5162 Christi
2484 5105 2708 5160 humani
2738 5123 2751 5158 :
2783 5121 2896 5160 una
2927 5107 3076 5161 enim
3128 5115 3454 5160 naturarum

1868 5216 2003 5272 quae
2031 5208 2163 5256 sunt
2197 5200 2253 5253 in
2275 5198 2419 5269 ipso,
2442 5199 2589 5253 Deus
2618 5206 2675 5253 et
2720 5198 2895 5254 Filius
2923 5198 3022 5253 Dei
3061 5206 3147 5252 est
3177 5206 3235 5253 et
3274 5197 3458 5253 nomia

1880 5302 2046 5348 natur
2082 5292 2366 5347 essentiali
2396 5291 2602 5346 verbo:
2643 5291 2816 5346 altera
2846 5304 2981 5346 vero
3036 5291 3214 5360 gratia
3254 5306 3384 5345 vere
3404 5298 3461 5344 et

1880 5383 2052 5447 dono,
2085 5381 2340 5437 divinum
2370 5381 2643 5437 honorem
2665 5388 2722 5435 et
2749 5378 3263 5435 denonzinationem
3309 5381 3456 5433 acci-

1884 5474 1989 5548 pit,
2026 5478 2149 5544 quae
2176 5488 2287 5528 non
2312 5485 2445 5528 sunt
2477 5472 2807 5543 simpliciter
2834 5484 3037 5525 nomen
3069 5467 3301 5535 nudum,
3334 5469 3460 5539 qui-

2705 5636 2726 5667 ⁹
2750 5632 2892 5690 Gen.
2911 5646 3039 5698 xxv,
3070 5627 3155 5684 lO.
3242 5626 3282 5659 ’°
3311 5628 3453 5685 Psal.
