  <div class='ocr_page' id='page_1' title='image "/cluster/home/n/w/nwhite01/storage/ocr_20150623/86 pars.1/pst.000005712878/851.png"; bbox 0 0 3876 6310; ppageno 0'>
   <div class='ocr_carea' id='block_1_1' title="bbox 456 262 2034 335">
    <p class='ocr_par' dir='ltr' id='par_1_1' title="bbox 456 262 2024 332">
     <span class='ocr_line' id='line_1_1' title="bbox 456 262 2024 332; baseline 0.003 -7"><span class='ocrx_word' id='word_1_1' title='bbox 456 262 588 328; x_wconf 72' lang='grc' dir='ltr'>ίί515</span> <span class='ocrx_word' id='word_1_2' title='bbox 1710 272 2024 332; x_wconf 72' lang='lat' dir='ltr'><strong>LEONTII</strong></span> 
     </span>
    </p>
   </div>
   <div class='ocr_carea' id='block_1_2' title="bbox 2140 262 3756 335">
    <p class='ocr_par' dir='ltr' id='par_1_2' title="bbox 2140 268 3756 335">
     <span class='ocr_line' id='line_1_2' title="bbox 2140 268 3756 335; baseline 0.002 -4"><span class='ocrx_word' id='word_1_3' title='bbox 2140 271 2466 331; x_wconf 65' lang='lat' dir='ltr'><strong>TZANTINI</strong></span> <span class='ocrx_word' id='word_1_4' title='bbox 3609 268 3756 335; x_wconf 64' lang='lat'><strong>1616</strong></span> 
     </span>
    </p>
   </div>
   <div class='ocr_carea' id='block_1_3' title="bbox 448 371 2034 448">
    <p class='ocr_par' dir='ltr' id='par_1_3' title="bbox 448 371 2024 447">
     <span class='ocr_line' id='line_1_3' title="bbox 448 371 2024 447; baseline 0.004 -23"><span class='ocrx_word' id='word_1_5' title='bbox 448 373 552 427; x_wconf 84' lang='lat' dir='ltr'><strong>bus</strong></span> <span class='ocrx_word' id='word_1_6' title='bbox 578 371 721 425; x_wconf 85' lang='lat' dir='ltr'><strong>desit</strong></span> <span class='ocrx_word' id='word_1_7' title='bbox 747 388 836 427; x_wconf 82' lang='lat' dir='ltr'><strong>res</strong></span> <span class='ocrx_word' id='word_1_8' title='bbox 895 374 980 428; x_wconf 88' lang='lat' dir='ltr'><strong>isti</strong></span> <span class='ocrx_word' id='word_1_9' title='bbox 1034 372 1249 429; x_wconf 83' lang='lat' dir='ltr'><strong>nomini</strong></span> <span class='ocrx_word' id='word_1_10' title='bbox 1306 377 1602 446; x_wconf 73' lang='lat' dir='ltr'><strong>subiacens</strong></span> <span class='ocrx_word' id='word_1_11' title='bbox 1652 392 1775 447; x_wconf 77' lang='lat' dir='ltr'><strong>qua:</strong></span> <span class='ocrx_word' id='word_1_12' title='bbox 1800 376 2024 447; x_wconf 86' lang='lat' dir='ltr'><strong>proprie</strong></span> 
     </span>
    </p>
   </div>
   <div class='ocr_carea' id='block_1_4' title="bbox 2140 371 3758 448">
    <p class='ocr_par' dir='ltr' id='par_1_4' title="bbox 2140 372 3758 448">
     <span class='ocr_line' id='line_1_4' title="bbox 2140 372 3758 448; baseline 0.001 -19"><span class='ocrx_word' id='word_1_13' title='bbox 2140 375 2332 442; x_wconf 49' lang='grc' dir='ltr'>μαστὸν</span> <span class='ocrx_word' id='word_1_14' title='bbox 2387 374 2533 436; x_wconf 86' lang='grc' dir='ltr'>ἱδίως</span> <span class='ocrx_word' id='word_1_15' title='bbox 2585 372 2723 444; x_wconf 80' lang='grc' dir='ltr'>τῷδε</span> <span class='ocrx_word' id='word_1_16' title='bbox 2769 373 2849 444; x_wconf 82' lang='grc' dir='ltr'>τῷ</span> <span class='ocrx_word' id='word_1_17' title='bbox 2892 376 3120 444; x_wconf 76' lang='grc' dir='ltr'>ὁνόματι</span> <span class='ocrx_word' id='word_1_18' title='bbox 3161 375 3266 428; x_wconf 83' lang='grc' dir='ltr'>οὐκ</span> <span class='ocrx_word' id='word_1_19' title='bbox 3322 374 3610 448; x_wconf 72' lang='grc' dir='ltr'>ἐχούσης,</span> <span class='ocrx_word' id='word_1_20' title='bbox 3641 373 3758 430; x_wconf 65' lang='grc' dir='ltr'>οἷον</span> 
     </span>
    </p>
   </div>
   <div class='ocr_carea' id='block_1_5' title="bbox 398 461 2034 539">
    <p class='ocr_par' dir='ltr' id='par_1_5' title="bbox 398 461 2030 538">
     <span class='ocr_line' id='line_1_5' title="bbox 398 461 2030 538; baseline 0.006 -25"><span class='ocrx_word' id='word_1_21' title='bbox 398 500 404 530; x_wconf 84' lang='grc'>,</span> <span class='ocrx_word' id='word_1_22' title='bbox 446 461 719 515; x_wconf 85' lang='lat' dir='ltr'><strong>nominari</strong></span> <span class='ocrx_word' id='word_1_23' title='bbox 747 462 942 532; x_wconf 78' lang='lat' dir='ltr'><strong>possit,</strong></span> <span class='ocrx_word' id='word_1_24' title='bbox 965 463 1112 518; x_wconf 89' lang='lat' dir='ltr'><strong>sicut</strong></span> <span class='ocrx_word' id='word_1_25' title='bbox 1143 465 1341 520; x_wconf 91' lang='lat' dir='ltr'><strong>dicunt</strong></span> <span class='ocrx_word' id='word_1_26' title='bbox 1369 466 1430 520; x_wconf 83' lang='grc' dir='ltr'>τὸ</span> <span class='ocrx_word' id='word_1_27' title='bbox 1455 468 1748 538; x_wconf 84' lang='grc' dir='ltr'>κριέλαφος</span> <span class='ocrx_word' id='word_1_28' title='bbox 1787 475 1843 522; x_wconf 91' lang='lat' dir='ltr'><strong>et</strong></span> <span class='ocrx_word' id='word_1_29' title='bbox 1876 469 2030 524; x_wconf 90' lang='lat' dir='ltr'><strong>simi-</strong></span> 
     </span>
    </p>
   </div>
   <div class='ocr_carea' id='block_1_6' title="bbox 2140 461 3757 539">
    <p class='ocr_par' dir='ltr' id='par_1_6' title="bbox 2140 465 3757 539">
     <span class='ocr_line' id='line_1_6' title="bbox 2140 465 3757 539; baseline 0 -19"><span class='ocrx_word' id='word_1_30' title='bbox 2140 484 2264 536; x_wconf 68' lang='grc' dir='ltr'>φασι</span> <span class='ocrx_word' id='word_1_31' title='bbox 2311 467 2371 519; x_wconf 91' lang='grc' dir='ltr'>τὸ</span> <span class='ocrx_word' id='word_1_32' title='bbox 2431 465 2750 536; x_wconf 71' lang='grc' dir='ltr'>κριὲλαφος,</span> <span class='ocrx_word' id='word_1_33' title='bbox 2808 467 2906 520; x_wconf 76' lang='grc' dir='ltr'>καὶ</span> <span class='ocrx_word' id='word_1_34' title='bbox 2957 467 3026 520; x_wconf 75' lang='grc' dir='ltr'><strong>τά</strong></span> <span class='ocrx_word' id='word_1_35' title='bbox 3074 467 3281 538; x_wconf 85' lang='grc' dir='ltr'>ὅμοια·</span> <span class='ocrx_word' id='word_1_36' title='bbox 3317 466 3467 520; x_wconf 78' lang='grc' dir='ltr'>ἀλλὰ</span> <span class='ocrx_word' id='word_1_37' title='bbox 3519 469 3624 520; x_wconf 66' lang='grc' dir='ltr'>διὰ</span> <span class='ocrx_word' id='word_1_38' title='bbox 3653 473 3757 539; x_wconf 73' lang='grc' dir='ltr'>τῆς</span> 
     </span>
    </p>
   </div>
   <div class='ocr_carea' id='block_1_7' title="bbox 447 552 2034 629">
    <p class='ocr_par' dir='ltr' id='par_1_7' title="bbox 447 552 2028 629">
     <span class='ocr_line' id='line_1_7' title="bbox 447 552 2028 629; baseline 0.005 -23"><span class='ocrx_word' id='word_1_39' title='bbox 447 553 554 618; x_wconf 84' lang='lat' dir='ltr'><strong>lia;</strong></span> <span class='ocrx_word' id='word_1_40' title='bbox 614 552 710 608; x_wconf 83' lang='lat' dir='ltr'><strong>sed</strong></span> <span class='ocrx_word' id='word_1_41' title='bbox 759 553 1030 609; x_wconf 86' lang='lat' dir='ltr'><strong>honorem</strong></span> <span class='ocrx_word' id='word_1_42' title='bbox 1079 556 1324 612; x_wconf 88' lang='lat' dir='ltr'><strong>nominis</strong></span> <span class='ocrx_word' id='word_1_43' title='bbox 1371 558 1496 612; x_wconf 87' lang='lat' dir='ltr'><strong>Filii</strong></span> <span class='ocrx_word' id='word_1_44' title='bbox 1551 559 1646 614; x_wconf 85' lang='lat' dir='ltr'><strong>Dei</strong></span> <span class='ocrx_word' id='word_1_45' title='bbox 1674 569 1730 614; x_wconf 87' lang='lat' dir='ltr'><strong>et</strong></span> <span class='ocrx_word' id='word_1_46' title='bbox 1759 559 1889 624; x_wconf 89' lang='lat' dir='ltr'><strong>Dei,</strong></span> <span class='ocrx_word' id='word_1_47' title='bbox 1921 560 2028 629; x_wconf 86' lang='lat' dir='ltr'><strong>ipsi</strong></span> 
     </span>
    </p>
   </div>
   <div class='ocr_carea' id='block_1_8' title="bbox 2140 552 3756 629">
    <p class='ocr_par' dir='ltr' id='par_1_8' title="bbox 2140 555 3756 628">
     <span class='ocr_line' id='line_1_8' title="bbox 2140 555 3756 628; baseline 0.001 -18"><span class='ocrx_word' id='word_1_48' title='bbox 2140 556 2266 628; x_wconf 79' lang='grc' dir='ltr'>πρὸς</span> <span class='ocrx_word' id='word_1_49' title='bbox 2302 557 2396 609; x_wconf 88' lang='grc' dir='ltr'>τὸν</span> <span class='ocrx_word' id='word_1_50' title='bbox 2443 557 2604 625; x_wconf 85' lang='grc' dir='ltr'>φύσει</span> <span class='ocrx_word' id='word_1_51' title='bbox 2651 555 2785 609; x_wconf 85' lang='grc' dir='ltr'>Θεὸν</span> <span class='ocrx_word' id='word_1_52' title='bbox 2839 555 3090 618; x_wconf 81' lang='grc' dir='ltr'>ἑνώσεως</span> <span class='ocrx_word' id='word_1_53' title='bbox 3125 556 3304 626; x_wconf 78' lang='grc' dir='ltr'>αὐτῆς</span> <span class='ocrx_word' id='word_1_54' title='bbox 3349 557 3756 626; x_wconf 73' lang='grc' dir='ltr'>ύποστατικῆς</span> 
     </span>
    </p>
   </div>
   <div class='ocr_carea' id='block_1_9' title="bbox 447 643 2029 722">
    <p class='ocr_par' dir='ltr' id='par_1_9' title="bbox 447 643 2029 722">
     <span class='ocr_line' id='line_1_9' title="bbox 447 643 2029 722; baseline 0.006 -25"><span class='ocrx_word' id='word_1_55' title='bbox 447 643 712 698; x_wconf 84' lang='lat' dir='ltr'><strong>traditum</strong></span> <span class='ocrx_word' id='word_1_56' title='bbox 773 653 1002 716; x_wconf 84' lang='lat' dir='ltr'><strong>propter</strong></span> <span class='ocrx_word' id='word_1_57' title='bbox 1068 649 1331 705; x_wconf 87' lang='lat' dir='ltr'><strong>unionem</strong></span> <span class='ocrx_word' id='word_1_58' title='bbox 1401 651 1808 722; x_wconf 80' lang='lat' dir='ltr'><strong>hypostaticam</strong></span> <span class='ocrx_word' id='word_1_59' title='bbox 1853 651 2029 721; x_wconf 86' lang='lat' dir='ltr'><strong>ipsius</strong></span> 
     </span>
    </p>
   </div>
   <div class='ocr_carea' id='block_1_10' title="bbox 445 736 2030 806">
    <p class='ocr_par' dir='ltr' id='par_1_10' title="bbox 445 736 2030 806">
     <span class='ocr_line' id='line_1_10' title="bbox 445 736 2030 806; baseline 0.005 -18"><span class='ocrx_word' id='word_1_60' title='bbox 445 751 570 790; x_wconf 82' lang='lat' dir='ltr'><strong>cum</strong></span> <span class='ocrx_word' id='word_1_61' title='bbox 610 736 709 790; x_wconf 91' lang='lat' dir='ltr'><strong>Dei</strong></span> <span class='ocrx_word' id='word_1_62' title='bbox 738 746 970 806; x_wconf 80' lang='lat' dir='ltr'><strong>natura;</strong></span> <span class='ocrx_word' id='word_1_63' title='bbox 1006 740 1082 795; x_wconf 89' lang='lat' dir='ltr'><strong>ita</strong></span> <span class='ocrx_word' id='word_1_64' title='bbox 1112 741 1268 795; x_wconf 82' lang='lat' dir='ltr'><strong>enim</strong></span> <span class='ocrx_word' id='word_1_65' title='bbox 1320 742 1542 796; x_wconf 88' lang='lat' dir='ltr'><strong>realiter</strong></span> <span class='ocrx_word' id='word_1_66' title='bbox 1579 743 1723 797; x_wconf 88' lang='lat' dir='ltr'><strong>dona</strong></span> <span class='ocrx_word' id='word_1_67' title='bbox 1750 753 1806 798; x_wconf 90' lang='lat' dir='ltr'><strong>et</strong></span> <span class='ocrx_word' id='word_1_68' title='bbox 1851 743 2030 796; x_wconf 82' lang='lat' dir='ltr'><strong>honor</strong></span> 
     </span>
    </p>
   </div>
   <div class='ocr_carea' id='block_1_11' title="bbox 445 828 2026 903">
    <p class='ocr_par' dir='ltr' id='par_1_11' title="bbox 445 828 2026 903">
     <span class='ocr_line' id='line_1_11' title="bbox 445 828 2026 903; baseline 0.003 -21"><span class='ocrx_word' id='word_1_69' title='bbox 445 839 502 883; x_wconf 75' lang='lat' dir='ltr'><strong>et</strong></span> <span class='ocrx_word' id='word_1_70' title='bbox 527 828 912 884; x_wconf 88' lang='lat' dir='ltr'><strong>denominatio</strong></span> <span class='ocrx_word' id='word_1_71' title='bbox 962 847 1157 901; x_wconf 80' lang='lat' dir='ltr'><strong>magna</strong></span> <span class='ocrx_word' id='word_1_72' title='bbox 1187 832 1430 888; x_wconf 88' lang='lat' dir='ltr'><strong>deiﬁcati</strong></span> <span class='ocrx_word' id='word_1_73' title='bbox 1483 833 1682 888; x_wconf 88' lang='lat' dir='ltr'><strong>abillo</strong></span> <span class='ocrx_word' id='word_1_74' title='bbox 1739 832 1835 903; x_wconf 88' lang='lat' dir='ltr'><strong>qui</strong></span> <span class='ocrx_word' id='word_1_75' title='bbox 1895 848 2026 887; x_wconf 78' lang='lat' dir='ltr'><strong>vere</strong></span> 
     </span>
    </p>
   </div>
   <div class='ocr_carea' id='block_1_12' title="bbox 447 920 2028 995">
    <p class='ocr_par' dir='ltr' id='par_1_12' title="bbox 447 920 2028 995">
     <span class='ocr_line' id='line_1_12' title="bbox 447 920 2028 995; baseline 0.003 -21"><span class='ocrx_word' id='word_1_76' title='bbox 447 921 600 974; x_wconf 86' lang='lat' dir='ltr'><strong>illum</strong></span> <span class='ocrx_word' id='word_1_77' title='bbox 631 920 915 978; x_wconf 82' lang='lat' dir='ltr'><strong>deiﬁcavit</strong></span> <span class='ocrx_word' id='word_1_78' title='bbox 963 937 1094 978; x_wconf 81' lang='lat' dir='ltr'><strong>vero</strong></span> <span class='ocrx_word' id='word_1_79' title='bbox 1127 924 1237 978; x_wconf 85' lang='lat' dir='ltr'><strong>Deo</strong></span> <span class='ocrx_word' id='word_1_80' title='bbox 1269 923 1324 978; x_wconf 92' lang='lat' dir='ltr'><strong>in</strong></span> <span class='ocrx_word' id='word_1_81' title='bbox 1362 923 1664 980; x_wconf 79' lang='lat' dir='ltr'><strong>donatione</strong></span> <span class='ocrx_word' id='word_1_82' title='bbox 1713 924 1800 980; x_wconf 83' lang='lat' dir='ltr'><strong>sui</strong></span> <span class='ocrx_word' id='word_1_83' title='bbox 1851 925 2028 995; x_wconf 89' lang='lat' dir='ltr'><strong>ipsius</strong></span> 
     </span>
    </p>
   </div>
   <div class='ocr_carea' id='block_1_13' title="bbox 444 1015 2030 1088">
    <p class='ocr_par' dir='ltr' id='par_1_13' title="bbox 444 1015 2030 1088">
     <span class='ocr_line' id='line_1_13' title="bbox 444 1015 2030 1088; baseline 0.002 -21"><span class='ocrx_word' id='word_1_84' title='bbox 444 1015 918 1080; x_wconf 81' lang='lat' dir='ltr'><strong>demonstrantur,</strong></span> <span class='ocrx_word' id='word_1_85' title='bbox 975 1015 1082 1070; x_wconf 92' lang='lat' dir='ltr'><strong>nisi</strong></span> <span class='ocrx_word' id='word_1_86' title='bbox 1136 1015 1392 1072; x_wconf 86' lang='lat' dir='ltr'><strong>ﬁctilium</strong></span> <span class='ocrx_word' id='word_1_87' title='bbox 1449 1017 1523 1071; x_wconf 89' lang='lat' dir='ltr'><strong>sit</strong></span> <span class='ocrx_word' id='word_1_88' title='bbox 1571 1032 1775 1072; x_wconf 89' lang='lat' dir='ltr'><strong>nomen</strong></span> <span class='ocrx_word' id='word_1_89' title='bbox 1821 1016 2030 1088; x_wconf 87' lang='lat' dir='ltr'><strong>gratiﬁ-</strong></span> 
     </span>
    </p>
   </div>
   <div class='ocr_carea' id='block_1_14' title="bbox 445 1105 2030 1180">
    <p class='ocr_par' dir='ltr' id='par_1_14' title="bbox 445 1105 2030 1180">
     <span class='ocr_line' id='line_1_14' title="bbox 445 1105 2030 1180; baseline 0.003 -21"><span class='ocrx_word' id='word_1_90' title='bbox 445 1105 624 1160; x_wconf 79' lang='lat' dir='ltr'><strong>rantis</strong></span> <span class='ocrx_word' id='word_1_91' title='bbox 654 1105 803 1176; x_wconf 90' lang='lat' dir='ltr'><strong>quod</strong></span> <span class='ocrx_word' id='word_1_92' title='bbox 834 1106 914 1160; x_wconf 90' lang='lat' dir='ltr'><strong>illi</strong></span> <span class='ocrx_word' id='word_1_93' title='bbox 959 1109 1184 1178; x_wconf 89' lang='lat' dir='ltr'><strong>proprie</strong></span> <span class='ocrx_word' id='word_1_94' title='bbox 1219 1108 1411 1164; x_wconf 88' lang='lat' dir='ltr'><strong>datum</strong></span> <span class='ocrx_word' id='word_1_95' title='bbox 1445 1121 1552 1165; x_wconf 90' lang='lat' dir='ltr'><strong>est.</strong></span> <span class='ocrx_word' id='word_1_96' title='bbox 1573 1110 1694 1166; x_wconf 89' lang='lat' dir='ltr'><strong>Non</strong></span> <span class='ocrx_word' id='word_1_97' title='bbox 1727 1110 1832 1164; x_wconf 89' lang='lat' dir='ltr'><strong>sibi</strong></span> <span class='ocrx_word' id='word_1_98' title='bbox 1860 1109 2030 1180; x_wconf 81' lang='lat' dir='ltr'><strong>igitur</strong></span> 
     </span>
    </p>
   </div>
   <div class='ocr_carea' id='block_1_15' title="bbox 445 1199 2032 1270">
    <p class='ocr_par' dir='ltr' id='par_1_15' title="bbox 445 1199 2032 1270">
     <span class='ocr_line' id='line_1_15' title="bbox 445 1199 2032 1270; baseline 0.002 -19"><span class='ocrx_word' id='word_1_99' title='bbox 445 1199 682 1269; x_wconf 87' lang='lat' dir='ltr'><strong>accepit,</strong></span> <span class='ocrx_word' id='word_1_100' title='bbox 741 1214 938 1269; x_wconf 91' lang='lat' dir='ltr'><strong>nempe</strong></span> <span class='ocrx_word' id='word_1_101' title='bbox 963 1216 992 1254; x_wconf 88' lang='lat' dir='ltr'><strong>a</strong></span> <span class='ocrx_word' id='word_1_102' title='bbox 1038 1200 1225 1270; x_wconf 86' lang='lat' dir='ltr'><strong>seipse</strong></span> <span class='ocrx_word' id='word_1_103' title='bbox 1251 1201 1563 1256; x_wconf 88' lang='lat' dir='ltr'><strong>honorem:</strong></span> <span class='ocrx_word' id='word_1_104' title='bbox 1600 1216 1783 1270; x_wconf 79' lang='lat' dir='ltr'><strong>neque</strong></span> <span class='ocrx_word' id='word_1_105' title='bbox 1827 1209 2032 1256; x_wconf 91' lang='lat' dir='ltr'><strong>semet-</strong></span> 
     </span>
    </p>
   </div>
   <div class='ocr_carea' id='block_1_16' title="bbox 447 1289 2031 1369">
    <p class='ocr_par' dir='ltr' id='par_1_16' title="bbox 447 1289 2031 1369">
     <span class='ocr_line' id='line_1_16' title="bbox 447 1289 2031 1369; baseline 0.003 -27"><span class='ocrx_word' id='word_1_106' title='bbox 447 1290 634 1358; x_wconf 84' lang='lat' dir='ltr'><strong>ipsum</strong></span> <span class='ocrx_word' id='word_1_107' title='bbox 682 1289 1016 1361; x_wconf 79' lang='lat' dir='ltr'><strong>gloriﬁcavit</strong></span> <span class='ocrx_word' id='word_1_108' title='bbox 1043 1291 1322 1358; x_wconf 84' lang='lat' dir='ltr'><strong>Christus,</strong></span> <span class='ocrx_word' id='word_1_109' title='bbox 1362 1293 1512 1369; x_wconf 88' lang='lat' dir='ltr'><strong>quod</strong></span> <span class='ocrx_word' id='word_1_110' title='bbox 1547 1309 1699 1348; x_wconf 90' lang='lat' dir='ltr'><strong>nunc</strong></span> <span class='ocrx_word' id='word_1_111' title='bbox 1752 1291 2031 1362; x_wconf 81' lang='lat' dir='ltr'><strong>signiﬁcat</strong></span> 
     </span>
    </p>
   </div>
   <div class='ocr_carea' id='block_1_17' title="bbox 449 1383 2028 1456">
    <p class='ocr_par' dir='ltr' id='par_1_17' title="bbox 449 1383 2028 1456">
     <span class='ocr_line' id='line_1_17' title="bbox 449 1383 2028 1456; baseline 0.001 -19"><span class='ocrx_word' id='word_1_112' title='bbox 449 1383 734 1439; x_wconf 86' lang='lat' dir='ltr'><strong>hominem</strong></span> <span class='ocrx_word' id='word_1_113' title='bbox 794 1384 1104 1439; x_wconf 90' lang='lat' dir='ltr'><strong>secundum</strong></span> <span class='ocrx_word' id='word_1_114' title='bbox 1138 1401 1196 1440; x_wconf 91' lang='lat' dir='ltr'><strong>se</strong></span> <span class='ocrx_word' id='word_1_115' title='bbox 1226 1394 1560 1455; x_wconf 80' lang='lat' dir='ltr'><strong>spectatum,</strong></span> <span class='ocrx_word' id='word_1_116' title='bbox 1583 1385 1677 1440; x_wconf 91' lang='lat' dir='ltr'><strong>sed</strong></span> <span class='ocrx_word' id='word_1_117' title='bbox 1705 1385 1937 1456; x_wconf 86' lang='lat' dir='ltr'><strong>loquens</strong></span> <span class='ocrx_word' id='word_1_118' title='bbox 1959 1384 2028 1439; x_wconf 89' lang='lat' dir='ltr'><strong>ad</strong></span> 
     </span>
    </p>
   </div>
   <div class='ocr_carea' id='block_1_18' title="bbox 447 1475 2027 1546">
    <p class='ocr_par' dir='ltr' id='par_1_18' title="bbox 447 1475 2027 1546">
     <span class='ocr_line' id='line_1_18' title="bbox 447 1475 2027 1546; baseline -0.001 -16"><span class='ocrx_word' id='word_1_119' title='bbox 447 1491 574 1543; x_wconf 75' lang='lat' dir='ltr'><strong>eum</strong></span> <span class='ocrx_word' id='word_1_120' title='bbox 609 1475 754 1530; x_wconf 92' lang='lat' dir='ltr'><strong>Deus</strong></span> <span class='ocrx_word' id='word_1_121' title='bbox 779 1475 1006 1530; x_wconf 88' lang='lat' dir='ltr'><strong>rcaliter</strong></span> <span class='ocrx_word' id='word_1_122' title='bbox 1032 1483 1089 1530; x_wconf 91' lang='lat' dir='ltr'><strong>et</strong></span> <span class='ocrx_word' id='word_1_123' title='bbox 1120 1475 1315 1531; x_wconf 90' lang='lat' dir='ltr'><strong>dicens</strong></span> <span class='ocrx_word' id='word_1_124' title='bbox 1335 1486 1462 1530; x_wconf 91' lang='lat' dir='ltr'><strong>actu</strong></span> <span class='ocrx_word' id='word_1_125' title='bbox 1494 1476 1616 1546; x_wconf 91' lang='lat' dir='ltr'><strong>ipso</strong></span> <span class='ocrx_word' id='word_1_126' title='bbox 1648 1491 1760 1546; x_wconf 91' lang='lat' dir='ltr'><strong>quo</strong></span> <span class='ocrx_word' id='word_1_127' title='bbox 1789 1475 2027 1531; x_wconf 80' lang='lat' dir='ltr'><strong>eﬁicitur</strong></span> 
     </span>
    </p>
   </div>
   <div class='ocr_carea' id='block_1_19' title="bbox 449 1567 2028 1638">
    <p class='ocr_par' dir='ltr' id='par_1_19' title="bbox 449 1567 2028 1638">
     <span class='ocr_line' id='line_1_19' title="bbox 449 1567 2028 1638; baseline 0.001 -18"><span class='ocrx_word' id='word_1_128' title='bbox 449 1568 566 1638; x_wconf 91' lang='lat' dir='ltr'><strong>ipse</strong></span> <span class='ocrx_word' id='word_1_129' title='bbox 603 1567 802 1631; x_wconf 87' lang='lat' dir='ltr'><strong>Filius,</strong></span> <span class='ocrx_word' id='word_1_130' title='bbox 828 1582 939 1622; x_wconf 91' lang='lat' dir='ltr'><strong>non</strong></span> <span class='ocrx_word' id='word_1_131' title='bbox 979 1578 1166 1624; x_wconf 87' lang='lat' dir='ltr'><strong>autem</strong></span> <span class='ocrx_word' id='word_1_132' title='bbox 1195 1569 1367 1623; x_wconf 75' lang='lat' dir='ltr'><strong>verbo</strong></span> <span class='ocrx_word' id='word_1_133' title='bbox 1401 1567 1585 1623; x_wconf 91' lang='lat' dir='ltr'><strong>nudo:</strong></span> <span class='ocrx_word' id='word_1_134' title='bbox 1618 1588 1636 1618; x_wconf 76' lang='grc' dir='ltr'><strong>ι</strong></span> <span class='ocrx_word' id='word_1_135' title='bbox 1663 1567 1840 1622; x_wconf 91' lang='lat' dir='ltr'><strong>Filius</strong></span> <span class='ocrx_word' id='word_1_136' title='bbox 1869 1583 2028 1622; x_wconf 89' lang='lat' dir='ltr'><strong>meus</strong></span> 
     </span>
    </p>
   </div>
   <div class='ocr_carea' id='block_1_20' title="bbox 447 1659 2029 1732">
    <p class='ocr_par' dir='ltr' id='par_1_20' title="bbox 447 1659 2029 1732">
     <span class='ocr_line' id='line_1_20' title="bbox 447 1659 2029 1732; baseline 0 -18"><span class='ocrx_word' id='word_1_137' title='bbox 447 1676 510 1714; x_wconf 91' lang='lat' dir='ltr'><strong>es</strong></span> <span class='ocrx_word' id='word_1_138' title='bbox 530 1669 611 1724; x_wconf 89' lang='lat' dir='ltr'><strong>tu,</strong></span> <span class='ocrx_word' id='word_1_139' title='bbox 633 1675 738 1731; x_wconf 92' lang='lat' dir='ltr'><strong>ego</strong></span> <span class='ocrx_word' id='word_1_140' title='bbox 768 1659 936 1715; x_wconf 86' lang='lat' dir='ltr'><strong>hodie</strong></span> <span class='ocrx_word' id='word_1_141' title='bbox 953 1662 1119 1731; x_wconf 89' lang='lat' dir='ltr'><strong>genui</strong></span> <span class='ocrx_word' id='word_1_142' title='bbox 1141 1670 1192 1716; x_wconf 92' lang='lat' dir='ltr'><strong>te</strong></span> <span class='ocrx_word' id='word_1_143' title='bbox 1220 1662 1284 1726; x_wconf 74' lang='grc'><strong>⁸³,</strong></span> <span class='ocrx_word' id='word_1_144' title='bbox 1307 1681 1326 1712; x_wconf 72' lang='grc' dir='ltr'><strong>ι</strong></span> <span class='ocrx_word' id='word_1_145' title='bbox 1359 1663 1534 1732; x_wconf 81' lang='lat' dir='ltr'><strong>gratia</strong></span> <span class='ocrx_word' id='word_1_146' title='bbox 1558 1660 1794 1727; x_wconf 91' lang='lat' dir='ltr'><strong>scilicet,</strong></span> <span class='ocrx_word' id='word_1_147' title='bbox 1813 1676 1880 1716; x_wconf 76' lang='lat' dir='ltr'><strong>ex</strong></span> <span class='ocrx_word' id='word_1_148' title='bbox 1915 1675 2029 1730; x_wconf 91' lang='lat' dir='ltr'><strong>quo</strong></span> 
     </span>
    </p>
   </div>
   <div class='ocr_carea' id='block_1_21' title="bbox 2133 647 3750 721">
    <p class='ocr_par' dir='ltr' id='par_1_21' title="bbox 2133 647 3750 721">
     <span class='ocr_line' id='line_1_21' title="bbox 2133 647 3750 721; baseline -0.001 -17"><span class='ocrx_word' id='word_1_149' title='bbox 2133 647 2570 721; x_wconf 66' lang='grc' dir='ltr'>μεταδιδομένηξ</span> <span class='ocrx_word' id='word_1_150' title='bbox 2595 649 2734 719; x_wconf 71' lang='grc' dir='ltr'>αὐτῇ</span> <span class='ocrx_word' id='word_1_151' title='bbox 2761 649 2864 720; x_wconf 81' lang='grc' dir='ltr'>τῆς</span> <span class='ocrx_word' id='word_1_152' title='bbox 2892 649 2987 702; x_wconf 88' lang='grc' dir='ltr'><strong>τοῦ</strong></span> <span class='ocrx_word' id='word_1_153' title='bbox 3038 649 3310 719; x_wconf 84' lang='grc' dir='ltr'>ὀνόματος</span> <span class='ocrx_word' id='word_1_154' title='bbox 3341 648 3444 703; x_wconf 86' lang='grc' dir='ltr'><strong>τοῦ</strong></span> <span class='ocrx_word' id='word_1_155' title='bbox 3471 649 3624 703; x_wconf 77' lang='grc' dir='ltr'>Υίοῦ</span> <span class='ocrx_word' id='word_1_156' title='bbox 3654 649 3750 703; x_wconf 77' lang='grc' dir='ltr'><strong>τοῦ</strong></span> 
     </span>
    </p>
   </div>
   <div class='ocr_carea' id='block_1_22' title="bbox 2129 737 3753 812">
    <p class='ocr_par' dir='ltr' id='par_1_22' title="bbox 2129 737 3753 812">
     <span class='ocr_line' id='line_1_22' title="bbox 2129 737 3753 812; baseline 0 -18"><span class='ocrx_word' id='word_1_157' title='bbox 2129 739 2268 794; x_wconf 83' lang='grc' dir='ltr'><strong>Θεοῦ</strong></span> <span class='ocrx_word' id='word_1_158' title='bbox 2320 741 2416 793; x_wconf 77' lang='grc' dir='ltr'>καὶ</span> <span class='ocrx_word' id='word_1_159' title='bbox 2464 737 2601 792; x_wconf 87' lang='grc' dir='ltr'><strong>Θεοῦ</strong></span> <span class='ocrx_word' id='word_1_160' title='bbox 2659 739 2864 809; x_wconf 81' lang='grc' dir='ltr'>τιμῆς”</span> <span class='ocrx_word' id='word_1_161' title='bbox 2919 739 3064 794; x_wconf 79' lang='grc' dir='ltr'>οὕτω</span> <span class='ocrx_word' id='word_1_162' title='bbox 3103 741 3213 812; x_wconf 80' lang='grc' dir='ltr'><strong>γὰρ</strong></span> <span class='ocrx_word' id='word_1_163' title='bbox 3265 742 3753 812; x_wconf 71' lang='grc' dir='ltr'>πραγματιωόῶς</span> 
     </span>
    </p>
   </div>
   <div class='ocr_carea' id='block_1_23' title="bbox 2130 828 3750 902">
    <p class='ocr_par' dir='ltr' id='par_1_23' title="bbox 2130 828 3750 902">
     <span class='ocr_line' id='line_1_23' title="bbox 2130 828 3750 902; baseline -0.016 -18"><span class='ocrx_word' id='word_1_164' title='bbox 2130 830 2446 902; x_wconf 67' lang='grc' dir='ltr'>χαρίσματα</span> <span class='ocrx_word' id='word_1_165' title='bbox 2474 830 2568 883; x_wconf 73' lang='grc' dir='ltr'>καὶ</span> <span class='ocrx_word' id='word_1_166' title='bbox 2600 828 2734 898; x_wconf 83' lang='grc' dir='ltr'>τιμὴ</span> <span class='ocrx_word' id='word_1_167' title='bbox 2776 829 2873 882; x_wconf 72' lang='grc' dir='ltr'>καὶ</span> <span class='ocrx_word' id='word_1_168' title='bbox 2905 829 3176 898; x_wconf 80' lang='grc' dir='ltr'><strong>ὀνομασία</strong></span> <span class='ocrx_word' id='word_1_169' title='bbox 3212 833 3440 901; x_wconf 80' lang='grc' dir='ltr'><strong>μεγάλη</strong></span> <span class='ocrx_word' id='word_1_170' title='bbox 3472 833 3582 884; x_wconf 63' lang='grc' dir='ltr'><strong>τοῦ</strong></span> <span class='ocrx_word' id='word_1_171' title='bbox 3610 832 3750 886; x_wconf 67' lang='grc' dir='ltr'><strong>θεω,</strong></span> 
     </span>
    </p>
   </div>
   <div class='ocr_carea' id='block_1_24' title="bbox 2131 918 3750 992">
    <p class='ocr_par' dir='ltr' id='par_1_24' title="bbox 2131 918 3750 992">
     <span class='ocr_line' id='line_1_24' title="bbox 2131 918 3750 992; baseline 0.001 -18"><span class='ocrx_word' id='word_1_172' title='bbox 2131 922 2317 984; x_wconf 79' lang='grc' dir='ltr'><strong>θέντος</strong></span> <span class='ocrx_word' id='word_1_173' title='bbox 2343 921 2496 989; x_wconf 73' lang='grc' dir='ltr'>παρὰ</span> <span class='ocrx_word' id='word_1_174' title='bbox 2521 918 2616 973; x_wconf 84' lang='grc' dir='ltr'><strong>τοῦ</strong></span> <span class='ocrx_word' id='word_1_175' title='bbox 2647 919 2866 989; x_wconf 83' lang='grc' dir='ltr'>ἀληθῶς</span> <span class='ocrx_word' id='word_1_176' title='bbox 2897 918 3202 984; x_wconf 82' lang='grc' dir='ltr'>θεὼσαντος</span> <span class='ocrx_word' id='word_1_177' title='bbox 3236 921 3378 977; x_wconf 82' lang='grc' dir='ltr'>αὐτὸ</span> <span class='ocrx_word' id='word_1_178' title='bbox 3407 922 3564 976; x_wconf 80' lang='grc' dir='ltr'>Θεοῦ</span> <span class='ocrx_word' id='word_1_179' title='bbox 3617 924 3750 992; x_wconf 66' lang='grc' dir='ltr'>ἀλη-</span> 
     </span>
    </p>
   </div>
   <div class='ocr_carea' id='block_1_25' title="bbox 2131 1008 3750 1083">
    <p class='ocr_par' dir='ltr' id='par_1_25' title="bbox 2131 1008 3750 1083">
     <span class='ocr_line' id='line_1_25' title="bbox 2131 1008 3750 1083; baseline -0.002 -19"><span class='ocrx_word' id='word_1_180' title='bbox 2131 1009 2259 1073; x_wconf 83' lang='grc' dir='ltr'>θοῦς</span> <span class='ocrx_word' id='word_1_181' title='bbox 2286 1011 2343 1064; x_wconf 76' lang='grc' dir='ltr'>ἐν</span> <span class='ocrx_word' id='word_1_182' title='bbox 2376 1009 2520 1062; x_wconf 79' lang='grc' dir='ltr'>δόσει</span> <span class='ocrx_word' id='word_1_183' title='bbox 2557 1008 2753 1074; x_wconf 73' lang='grc' dir='ltr'>ἑαυτοῦ</span> <span class='ocrx_word' id='word_1_184' title='bbox 2781 1009 3082 1072; x_wconf 76' lang='grc' dir='ltr'><strong>δείκνυται,</strong></span> <span class='ocrx_word' id='word_1_185' title='bbox 3118 1009 3280 1080; x_wconf 83' lang='grc' dir='ltr'>εἴπερ</span> <span class='ocrx_word' id='word_1_186' title='bbox 3332 1011 3416 1083; x_wconf 81' lang='grc' dir='ltr'>μὴ</span> <span class='ocrx_word' id='word_1_187' title='bbox 3466 1013 3750 1081; x_wconf 74' lang='grc' dir='ltr'>ψευδωνύ.</span> 
     </span>
    </p>
   </div>
   <div class='ocr_carea' id='block_1_26' title="bbox 2133 1096 3745 1175">
    <p class='ocr_par' dir='ltr' id='par_1_26' title="bbox 2133 1096 3745 1175">
     <span class='ocr_line' id='line_1_26' title="bbox 2133 1096 3745 1175; baseline 0.003 -23"><span class='ocrx_word' id='word_1_188' title='bbox 2133 1117 2249 1170; x_wconf 87' lang='grc' dir='ltr'><strong>μως</strong></span> <span class='ocrx_word' id='word_1_189' title='bbox 2276 1096 2640 1168; x_wconf 79' lang='grc' dir='ltr'><strong>χαριζόμενος</strong></span> <span class='ocrx_word' id='word_1_190' title='bbox 2667 1098 2818 1169; x_wconf 83' lang='grc' dir='ltr'><strong>αύτῷ</strong></span> <span class='ocrx_word' id='word_1_191' title='bbox 2841 1097 2903 1151; x_wconf 88' lang='grc' dir='ltr'>τὸ</span> <span class='ocrx_word' id='word_1_192' title='bbox 2929 1097 3058 1151; x_wconf 84' lang='grc' dir='ltr'>ῐδιον</span> <span class='ocrx_word' id='word_1_193' title='bbox 3081 1099 3258 1168; x_wconf 81' lang='grc' dir='ltr'>ὄνομα</span> <span class='ocrx_word' id='word_1_194' title='bbox 3289 1100 3566 1157; x_wconf 76' lang='grc' dir='ltr'>λέλεκται</span> <span class='ocrx_word' id='word_1_195' title='bbox 3595 1121 3612 1134; x_wconf 91' lang='grc'><strong>·</strong></span> <span class='ocrx_word' id='word_1_196' title='bbox 3651 1107 3745 1175; x_wconf 73' lang='grc' dir='ltr'>οὗχ</span> 
     </span>
    </p>
   </div>
   <div class='ocr_carea' id='block_1_27' title="bbox 2129 1185 3748 1264">
    <p class='ocr_par' dir='ltr' id='par_1_27' title="bbox 2129 1185 3748 1264">
     <span class='ocr_line' id='line_1_27' title="bbox 2129 1185 3748 1264; baseline 0.004 -21"><span class='ocrx_word' id='word_1_197' title='bbox 2129 1187 2310 1255; x_wconf 81' lang='grc' dir='ltr'>ἑαυτῷ</span> <span class='ocrx_word' id='word_1_198' title='bbox 2345 1187 2437 1240; x_wconf 81' lang='grc' dir='ltr'>οὖν</span> <span class='ocrx_word' id='word_1_199' title='bbox 2457 1185 2668 1253; x_wconf 76' lang='grc' dir='ltr'>ἐλαϐεν,</span> <span class='ocrx_word' id='word_1_200' title='bbox 2697 1189 2866 1258; x_wconf 74' lang='grc' dir='ltr'>ἧγουν</span> <span class='ocrx_word' id='word_1_201' title='bbox 2897 1189 2991 1256; x_wconf 78' lang='grc' dir='ltr'><strong>ἀφ’</strong></span> <span class='ocrx_word' id='word_1_202' title='bbox 3016 1189 3235 1255; x_wconf 81' lang='grc' dir='ltr'>ἑαυτοῦ,</span> <span class='ocrx_word' id='word_1_203' title='bbox 3262 1190 3364 1260; x_wconf 81' lang='grc' dir='ltr'>τὴν</span> <span class='ocrx_word' id='word_1_204' title='bbox 3381 1197 3569 1264; x_wconf 79' lang='grc' dir='ltr'>τιμήν</span> <span class='ocrx_word' id='word_1_205' title='bbox 3589 1211 3608 1224; x_wconf 75' lang='grc' dir='ltr'><strong>ο</strong></span> <span class='ocrx_word' id='word_1_206' title='bbox 3628 1197 3748 1248; x_wconf 69' lang='grc' dir='ltr'>σύᾶὶ</span> 
     </span>
    </p>
   </div>
   <div class='ocr_carea' id='block_1_28' title="bbox 2129 1275 3744 1350">
    <p class='ocr_par' dir='ltr' id='par_1_28' title="bbox 2129 1275 3744 1350">
     <span class='ocr_line' id='line_1_28' title="bbox 2129 1275 3744 1350; baseline 0.005 -20"><span class='ocrx_word' id='word_1_207' title='bbox 2129 1276 2322 1330; x_wconf 82' lang='grc' dir='ltr'>ἑαυτὸν</span> <span class='ocrx_word' id='word_1_208' title='bbox 2359 1275 2611 1340; x_wconf 74' lang='grc' dir='ltr'><strong>ἐδόξασεν</strong></span> <span class='ocrx_word' id='word_1_209' title='bbox 2644 1278 2673 1330; x_wconf 87' lang='grc' dir='ltr'><strong>ὁ</strong></span> <span class='ocrx_word' id='word_1_210' title='bbox 2695 1277 2953 1348; x_wconf 85' lang='grc' dir='ltr'>Χριστὸς,</span> <span class='ocrx_word' id='word_1_211' title='bbox 2983 1279 3122 1348; x_wconf 85' lang='grc' dir='ltr'>ὅπερ</span> <span class='ocrx_word' id='word_1_212' title='bbox 3167 1281 3441 1350; x_wconf 75' lang='grc' dir='ltr'><strong>σημαίνει</strong></span> <span class='ocrx_word' id='word_1_213' title='bbox 3495 1283 3606 1336; x_wconf 82' lang='grc' dir='ltr'><strong>νῦν</strong></span> <span class='ocrx_word' id='word_1_214' title='bbox 3656 1285 3744 1338; x_wconf 73' lang='grc' dir='ltr'>τὸν</span> 
     </span>
    </p>
   </div>
   <div class='ocr_carea' id='block_1_29' title="bbox 2130 1368 3746 1444">
    <p class='ocr_par' dir='ltr' id='par_1_29' title="bbox 2130 1368 3746 1444">
     <span class='ocr_line' id='line_1_29' title="bbox 2130 1368 3746 1444; baseline 0.004 -21"><span class='ocrx_word' id='word_1_215' title='bbox 2130 1371 2252 1423; x_wconf 79' lang='grc' dir='ltr'>κατ’</span> <span class='ocrx_word' id='word_1_216' title='bbox 2299 1369 2462 1422; x_wconf 80' lang='grc' dir='ltr'>αὑτὸν</span> <span class='ocrx_word' id='word_1_217' title='bbox 2511 1368 2822 1440; x_wconf 80' lang='grc' dir='ltr'>ἄνθρωπον,</span> <span class='ocrx_word' id='word_1_218' title='bbox 2865 1370 2983 1424; x_wconf 80' lang='grc' dir='ltr'>ἀλλ’</span> <span class='ocrx_word' id='word_1_219' title='bbox 3026 1373 3056 1423; x_wconf 85' lang='grc' dir='ltr'>ὁ</span> <span class='ocrx_word' id='word_1_220' title='bbox 3107 1371 3354 1442; x_wconf 82' lang='grc' dir='ltr'>λαλήσας</span> <span class='ocrx_word' id='word_1_221' title='bbox 3391 1376 3542 1444; x_wconf 81' lang='grc' dir='ltr'>πρὸς</span> <span class='ocrx_word' id='word_1_222' title='bbox 3577 1378 3746 1431; x_wconf 77' lang='grc' dir='ltr'>αὑτὸν</span> 
     </span>
    </p>
   </div>
   <div class='ocr_carea' id='block_1_30' title="bbox 2129 1461 3745 1542">
    <p class='ocr_par' dir='ltr' id='par_1_30' title="bbox 2129 1461 3745 1542">
     <span class='ocr_line' id='line_1_30' title="bbox 2129 1461 3745 1542; baseline 0.006 -26"><span class='ocrx_word' id='word_1_223' title='bbox 2129 1462 2263 1523; x_wconf 88' lang='grc' dir='ltr'>Θεὸς</span> <span class='ocrx_word' id='word_1_224' title='bbox 2285 1461 2748 1533; x_wconf 76' lang='grc' dir='ltr'>πραγματιωδῶς,</span> <span class='ocrx_word' id='word_1_225' title='bbox 2779 1463 2875 1516; x_wconf 80' lang='grc' dir='ltr'>καὶ</span> <span class='ocrx_word' id='word_1_226' title='bbox 2911 1462 3085 1518; x_wconf 72' lang='grc' dir='ltr'>εἰπὼν</span> <span class='ocrx_word' id='word_1_227' title='bbox 3129 1465 3209 1536; x_wconf 85' lang='grc' dir='ltr'><strong>τῷ</strong></span> <span class='ocrx_word' id='word_1_228' title='bbox 3237 1465 3397 1538; x_wconf 77' lang='grc' dir='ltr'>ἔργῳ</span> <span class='ocrx_word' id='word_1_229' title='bbox 3444 1473 3552 1540; x_wconf 85' lang='grc' dir='ltr'>τῆς</span> <span class='ocrx_word' id='word_1_230' title='bbox 3607 1472 3745 1542; x_wconf 73' lang='grc' dir='ltr'>πρὸς</span> 
     </span>
    </p>
   </div>
   <div class='ocr_carea' id='block_1_31' title="bbox 2130 1554 3744 1634">
    <p class='ocr_par' dir='ltr' id='par_1_31' title="bbox 2130 1554 3744 1634">
     <span class='ocr_line' id='line_1_31' title="bbox 2130 1554 3744 1634; baseline -0.001 -24"><span class='ocrx_word' id='word_1_231' title='bbox 2130 1555 2292 1610; x_wconf 84' lang='grc' dir='ltr'>αὐτὸν</span> <span class='ocrx_word' id='word_1_232' title='bbox 2325 1555 2598 1616; x_wconf 78' lang='grc' dir='ltr'>υἱοποιίας</span> <span class='ocrx_word' id='word_1_233' title='bbox 2641 1554 2808 1609; x_wconf 81' lang='grc' dir='ltr'>αὑτοῦ</span> <span class='ocrx_word' id='word_1_234' title='bbox 2837 1557 2933 1610; x_wconf 82' lang='grc' dir='ltr'>καὶ</span> <span class='ocrx_word' id='word_1_235' title='bbox 2957 1558 3020 1610; x_wconf 83' lang='grc' dir='ltr'><strong>ού</strong></span> <span class='ocrx_word' id='word_1_236' title='bbox 3045 1559 3189 1628; x_wconf 69' lang='grc' dir='ltr'>λόγῳ</span> <span class='ocrx_word' id='word_1_237' title='bbox 3217 1561 3386 1630; x_wconf 79' lang='grc' dir='ltr'>ψιλῷ,</span> <span class='ocrx_word' id='word_1_238' title='bbox 3429 1581 3449 1614; x_wconf 76' lang='grc' dir='ltr'>ι</span> <span class='ocrx_word' id='word_1_239' title='bbox 3478 1565 3620 1628; x_wconf 63' lang='grc' dir='ltr'>Υἱός</span> <span class='ocrx_word' id='word_1_240' title='bbox 3641 1583 3744 1634; x_wconf 67' lang='grc' dir='ltr'>μω</span> 
     </span>
    </p>
   </div>
   <div class='ocr_carea' id='block_1_32' title="bbox 2130 1641 3739 1726">
    <p class='ocr_par' dir='ltr' id='par_1_32' title="bbox 2130 1641 3739 1726">
     <span class='ocr_line' id='line_1_32' title="bbox 2130 1641 3739 1726; baseline 0.005 -26"><span class='ocrx_word' id='word_1_241' title='bbox 2130 1641 2184 1700; x_wconf 77' lang='grc' dir='ltr'><strong>εἱ</strong></span> <span class='ocrx_word' id='word_1_242' title='bbox 2215 1647 2280 1700; x_wconf 76' lang='grc' dir='ltr'>σὺ</span> <span class='ocrx_word' id='word_1_243' title='bbox 2301 1687 2315 1708; x_wconf 91' lang='grc'><strong>,</strong></span> <span class='ocrx_word' id='word_1_244' title='bbox 2342 1644 2464 1716; x_wconf 75' lang='grc' dir='ltr'><strong>ἐγὼ</strong></span> <span class='ocrx_word' id='word_1_245' title='bbox 2495 1647 2742 1717; x_wconf 75' lang='grc' dir='ltr'>σήμερον</span> <span class='ocrx_word' id='word_1_246' title='bbox 2776 1649 3090 1719; x_wconf 72' lang='grc' dir='ltr'><strong>γεγέννηκά</strong></span> <span class='ocrx_word' id='word_1_247' title='bbox 3128 1667 3210 1714; x_wconf 89' lang='grc' dir='ltr'><strong>σε,</strong></span> <span class='ocrx_word' id='word_1_248' title='bbox 3235 1670 3258 1703; x_wconf 66' lang='grc' dir='ltr'><strong>ι</strong></span> <span class='ocrx_word' id='word_1_249' title='bbox 3302 1653 3498 1724; x_wconf 74' lang='grc' dir='ltr'>χάριτι</span> <span class='ocrx_word' id='word_1_250' title='bbox 3541 1657 3739 1726; x_wconf 71' lang='grc' dir='ltr'>ἤγουν,</span> 
     </span>
    </p>
   </div>
   <div class='ocr_carea' id='block_1_33' title="bbox 452 1727 2034 1822">
    <p class='ocr_par' dir='ltr' id='par_1_33' title="bbox 452 1727 2026 1822">
     <span class='ocr_line' id='line_1_33' title="bbox 452 1727 2026 1822; baseline -0.001 -17"><span class='ocrx_word' id='word_1_251' title='bbox 452 1761 502 1806; x_wconf 88' lang='lat' dir='ltr'><strong>te</strong></span> <span class='ocrx_word' id='word_1_252' title='bbox 536 1727 828 1806; x_wconf 40' lang='lat' dir='ltr'><strong>Filio&#39;meo</strong></span> <span class='ocrx_word' id='word_1_253' title='bbox 853 1727 1051 1806; x_wconf 75' lang='lat' dir='ltr'><strong>natura</strong></span> <span class='ocrx_word' id='word_1_254' title='bbox 1085 1753 1236 1822; x_wconf 82' lang='lat' dir='ltr'><strong>juxta</strong></span> <span class='ocrx_word' id='word_1_255' title='bbox 1273 1727 1438 1806; x_wconf 74' lang='lat' dir='ltr'><strong>unam</strong></span> <span class='ocrx_word' id='word_1_256' title='bbox 1474 1751 1813 1822; x_wconf 80' lang='lat' dir='ltr'><strong>hyposlasim</strong></span> <span class='ocrx_word' id='word_1_257' title='bbox 1838 1727 2026 1804; x_wconf 43' lang='lat' dir='ltr'><strong>uni—vi:</strong></span> 
     </span>
    </p>
   </div>
   <div class='ocr_carea' id='block_1_34' title="bbox 2140 1727 3742 1822">
    <p class='ocr_par' dir='ltr' id='par_1_34' title="bbox 2140 1734 3742 1817">
     <span class='ocr_line' id='line_1_34' title="bbox 2140 1734 3742 1817; baseline 0.006 -24"><span class='ocrx_word' id='word_1_258' title='bbox 2140 1741 2231 1808; x_wconf 72' lang='grc' dir='ltr'><strong>ἀφ’</strong></span> <span class='ocrx_word' id='word_1_259' title='bbox 2261 1734 2323 1793; x_wconf 77' lang='grc' dir='ltr'><strong>οὗ</strong></span> <span class='ocrx_word' id='word_1_260' title='bbox 2353 1738 2430 1808; x_wconf 86' lang='grc' dir='ltr'>τῷ</span> <span class='ocrx_word' id='word_1_261' title='bbox 2457 1737 2618 1806; x_wconf 70' lang='grc' dir='ltr'>φύσει</span> <span class='ocrx_word' id='word_1_262' title='bbox 2660 1756 2764 1810; x_wconf 90' lang='grc' dir='ltr'><strong>μου</strong></span> <span class='ocrx_word' id='word_1_263' title='bbox 2814 1738 2928 1810; x_wconf 79' lang='grc' dir='ltr'><strong>Υἱῷ</strong></span> <span class='ocrx_word' id='word_1_264' title='bbox 2962 1757 3021 1794; x_wconf 88' lang='grc' dir='ltr'><strong>σε</strong></span> <span class='ocrx_word' id='word_1_265' title='bbox 3050 1743 3389 1812; x_wconf 76' lang='grc' dir='ltr'>προσὴνωσα</span> <span class='ocrx_word' id='word_1_266' title='bbox 3424 1748 3580 1800; x_wconf 70' lang='grc' dir='ltr'>κατὰ</span> <span class='ocrx_word' id='word_1_267' title='bbox 3613 1747 3742 1817; x_wconf 71' lang='grc' dir='ltr'>μίαν</span> 
     </span>
    </p>
   </div>
   <div class='ocr_carea' id='block_1_35' title="bbox 447 1841 2032 1914">
    <p class='ocr_par' dir='ltr' id='par_1_35' title="bbox 447 1841 2032 1914">
     <span class='ocr_line' id='line_1_35' title="bbox 447 1841 2032 1914; baseline -0.001 -15"><span class='ocrx_word' id='word_1_268' title='bbox 447 1843 654 1899; x_wconf 80' lang='lat' dir='ltr'><strong>etenim</strong></span> <span class='ocrx_word' id='word_1_269' title='bbox 667 1859 790 1914; x_wconf 73' lang='lat' dir='ltr'><strong>qua:</strong></span> <span class='ocrx_word' id='word_1_270' title='bbox 804 1843 922 1913; x_wconf 90' lang='lat' dir='ltr'><strong>ipse</strong></span> <span class='ocrx_word' id='word_1_271' title='bbox 938 1841 1078 1898; x_wconf 82' lang='lat' dir='ltr'><strong>dixit</strong></span> <span class='ocrx_word' id='word_1_272' title='bbox 1095 1842 1238 1898; x_wconf 80' lang='lat' dir='ltr'><strong>facta</strong></span> <span class='ocrx_word' id='word_1_273' title='bbox 1251 1843 1442 1908; x_wconf 79' lang='lat' dir='ltr'><strong>fuisse,</strong></span> <span class='ocrx_word' id='word_1_274' title='bbox 1456 1853 1512 1899; x_wconf 90' lang='lat' dir='ltr'><strong>et</strong></span> <span class='ocrx_word' id='word_1_275' title='bbox 1529 1843 1868 1914; x_wconf 85' lang='lat' dir='ltr'><strong>impossibile</strong></span> <span class='ocrx_word' id='word_1_276' title='bbox 1879 1858 2032 1898; x_wconf 88' lang='lat' dir='ltr'><strong>men-</strong></span> 
     </span>
    </p>
   </div>
   <div class='ocr_carea' id='block_1_36' title="bbox 452 1933 2031 2008">
    <p class='ocr_par' dir='ltr' id='par_1_36' title="bbox 452 1933 2031 2008">
     <span class='ocr_line' id='line_1_36' title="bbox 452 1933 2031 2008; baseline 0.001 -20"><span class='ocrx_word' id='word_1_277' title='bbox 452 1933 542 1988; x_wconf 88' lang='lat' dir='ltr'><strong>tiri</strong></span> <span class='ocrx_word' id='word_1_278' title='bbox 567 1935 762 2000; x_wconf 85' lang='lat' dir='ltr'><strong>Deum,</strong></span> <span class='ocrx_word' id='word_1_279' title='bbox 787 1935 1103 2005; x_wconf 88' lang='lat' dir='ltr'><strong>accepimus</strong></span> <span class='ocrx_word' id='word_1_280' title='bbox 1117 1937 1186 1990; x_wconf 89' lang='lat' dir='ltr'><strong>ab</strong></span> <span class='ocrx_word' id='word_1_281' title='bbox 1209 1937 1350 2006; x_wconf 92' lang='lat' dir='ltr'><strong>ipso.</strong></span> <span class='ocrx_word' id='word_1_282' title='bbox 1376 1935 1502 1992; x_wconf 65' lang='lat' dir='ltr'><strong>Haec</strong></span> <span class='ocrx_word' id='word_1_283' title='bbox 1519 1937 1688 2008; x_wconf 91' lang='lat' dir='ltr'><strong>igitur</strong></span> <span class='ocrx_word' id='word_1_284' title='bbox 1706 1935 2031 2001; x_wconf 86' lang='lat' dir='ltr'><strong>ostendunt,</strong></span> 
     </span>
    </p>
   </div>
   <div class='ocr_carea' id='block_1_37' title="bbox 449 2025 2034 2099">
    <p class='ocr_par' dir='ltr' id='par_1_37' title="bbox 449 2025 2034 2099">
     <span class='ocr_line' id='line_1_37' title="bbox 449 2025 2034 2099; baseline 0.002 -19"><span class='ocrx_word' id='word_1_285' title='bbox 449 2025 597 2096; x_wconf 85' lang='lat' dir='ltr'><strong>quod</strong></span> <span class='ocrx_word' id='word_1_286' title='bbox 632 2043 740 2080; x_wconf 90' lang='lat' dir='ltr'><strong>non</strong></span> <span class='ocrx_word' id='word_1_287' title='bbox 773 2041 803 2080; x_wconf 91' lang='lat' dir='ltr'><strong>a</strong></span> <span class='ocrx_word' id='word_1_288' title='bbox 831 2027 1016 2096; x_wconf 87' lang='lat' dir='ltr'><strong>seipso</strong></span> <span class='ocrx_word' id='word_1_289' title='bbox 1051 2027 1266 2084; x_wconf 89' lang='lat' dir='ltr'><strong>electus</strong></span> <span class='ocrx_word' id='word_1_290' title='bbox 1314 2027 1466 2083; x_wconf 88' lang='lat' dir='ltr'><strong>ﬁlius</strong></span> <span class='ocrx_word' id='word_1_291' title='bbox 1497 2029 1743 2084; x_wconf 87' lang='lat' dir='ltr'><strong>hominis</strong></span> <span class='ocrx_word' id='word_1_292' title='bbox 1765 2029 2034 2099; x_wconf 78' lang='lat' dir='ltr'><strong>gloriatur</strong></span> 
     </span>
    </p>
   </div>
   <div class='ocr_carea' id='block_1_38' title="bbox 451 2119 2032 2184">
    <p class='ocr_par' dir='ltr' id='par_1_38' title="bbox 451 2119 2032 2184">
     <span class='ocr_line' id='line_1_38' title="bbox 451 2119 2032 2184; baseline 0.003 -13"><span class='ocrx_word' id='word_1_293' title='bbox 451 2119 632 2172; x_wconf 82' lang='lat' dir='ltr'><strong>Deum</strong></span> <span class='ocrx_word' id='word_1_294' title='bbox 663 2119 870 2174; x_wconf 85' lang='lat' dir='ltr'><strong>habere</strong></span> <span class='ocrx_word' id='word_1_295' title='bbox 918 2119 1170 2184; x_wconf 83' lang='lat' dir='ltr'><strong>Patrem,</strong></span> <span class='ocrx_word' id='word_1_296' title='bbox 1205 2119 1299 2174; x_wconf 87' lang='lat' dir='ltr'><strong>sed</strong></span> <span class='ocrx_word' id='word_1_297' title='bbox 1331 2137 1361 2175; x_wconf 91' lang='lat' dir='ltr'><strong>a</strong></span> <span class='ocrx_word' id='word_1_298' title='bbox 1401 2121 1514 2175; x_wconf 88' lang='lat' dir='ltr'><strong>Deo</strong></span> <span class='ocrx_word' id='word_1_299' title='bbox 1570 2129 1802 2176; x_wconf 83' lang='lat' dir='ltr'><strong>vocatus</strong></span> <span class='ocrx_word' id='word_1_300' title='bbox 1839 2130 1924 2176; x_wconf 87' lang='lat' dir='ltr'><strong>est</strong></span> <span class='ocrx_word' id='word_1_301' title='bbox 1973 2121 2032 2176; x_wconf 90' lang='lat' dir='ltr'><strong>in</strong></span> 
     </span>
    </p>
   </div>
   <div class='ocr_carea' id='block_1_39' title="bbox 449 2209 2032 2280">
    <p class='ocr_par' dir='ltr' id='par_1_39' title="bbox 449 2209 2032 2280">
     <span class='ocr_line' id='line_1_39' title="bbox 449 2209 2032 2280; baseline 0.004 -20"><span class='ocrx_word' id='word_1_302' title='bbox 449 2209 934 2280; x_wconf 77' lang='lat' dir='ltr'><strong>participationem</strong></span> <span class='ocrx_word' id='word_1_303' title='bbox 965 2210 1117 2266; x_wconf 88' lang='lat' dir='ltr'><strong>illius</strong></span> <span class='ocrx_word' id='word_1_304' title='bbox 1157 2211 1362 2268; x_wconf 66' lang='lat' dir='ltr'><strong>divinae</strong></span> <span class='ocrx_word' id='word_1_305' title='bbox 1391 2211 1698 2278; x_wconf 88' lang='lat' dir='ltr'><strong>ﬁliationis,</strong></span> <span class='ocrx_word' id='word_1_306' title='bbox 1740 2223 1796 2269; x_wconf 88' lang='lat' dir='ltr'><strong>et</strong></span> <span class='ocrx_word' id='word_1_307' title='bbox 1834 2212 2032 2269; x_wconf 62' lang='lat' dir='ltr'><strong>aeterni</strong></span> 
     </span>
    </p>
   </div>
   <div class='ocr_carea' id='block_1_40' title="bbox 453 2303 2034 2374">
    <p class='ocr_par' dir='ltr' id='par_1_40' title="bbox 453 2303 2034 2374">
     <span class='ocr_line' id='line_1_40' title="bbox 453 2303 2034 2374; baseline 0.005 -20"><span class='ocrx_word' id='word_1_308' title='bbox 453 2303 632 2370; x_wconf 83' lang='lat' dir='ltr'><strong>ipsius</strong></span> <span class='ocrx_word' id='word_1_309' title='bbox 657 2303 980 2369; x_wconf 87' lang='lat' dir='ltr'><strong>sacerdotii,</strong></span> <span class='ocrx_word' id='word_1_310' title='bbox 1012 2303 1161 2374; x_wconf 87' lang='lat' dir='ltr'><strong>quod</strong></span> <span class='ocrx_word' id='word_1_311' title='bbox 1189 2320 1298 2358; x_wconf 90' lang='lat' dir='ltr'><strong>non</strong></span> <span class='ocrx_word' id='word_1_312' title='bbox 1333 2305 1558 2360; x_wconf 89' lang='lat' dir='ltr'><strong>nomine</strong></span> <span class='ocrx_word' id='word_1_313' title='bbox 1585 2314 1825 2372; x_wconf 89' lang='lat' dir='ltr'><strong>tantum,</strong></span> <span class='ocrx_word' id='word_1_314' title='bbox 1851 2305 1950 2361; x_wconf 93' lang='lat' dir='ltr'><strong>sed</strong></span> <span class='ocrx_word' id='word_1_315' title='bbox 1975 2313 2034 2361; x_wconf 89' lang='lat' dir='ltr'><strong>et</strong></span> 
     </span>
    </p>
   </div>
   <div class='ocr_carea' id='block_1_41' title="bbox 451 2393 2030 2468">
    <p class='ocr_par' dir='ltr' id='par_1_41' title="bbox 451 2393 2030 2468">
     <span class='ocr_line' id='line_1_41' title="bbox 451 2393 2030 2468; baseline 0.005 -22"><span class='ocrx_word' id='word_1_316' title='bbox 451 2409 510 2447; x_wconf 88' lang='lat' dir='ltr'><strong>re</strong></span> <span class='ocrx_word' id='word_1_317' title='bbox 566 2393 924 2464; x_wconf 81' lang='lat' dir='ltr'><strong>intelligitur:</strong></span> <span class='ocrx_word' id='word_1_318' title='bbox 981 2393 1127 2462; x_wconf 68' lang='lat' dir='ltr'><strong>«Qui</strong></span> <span class='ocrx_word' id='word_1_319' title='bbox 1171 2396 1322 2451; x_wconf 91' lang='lat' dir='ltr'><strong>enim</strong></span> <span class='ocrx_word' id='word_1_320' title='bbox 1358 2397 1569 2468; x_wconf 73' lang='lat' dir='ltr'><strong>iuravit</strong></span> <span class='ocrx_word' id='word_1_321' title='bbox 1613 2397 1665 2452; x_wconf 90' lang='lat' dir='ltr'><strong>ei</strong></span> <span class='ocrx_word' id='word_1_322' title='bbox 1727 2398 2030 2464; x_wconf 90' lang='lat' dir='ltr'><strong>Dominus,</strong></span> 
     </span>
    </p>
   </div>
   <div class='ocr_carea' id='block_1_42' title="bbox 450 2485 2032 2552">
    <p class='ocr_par' dir='ltr' id='par_1_42' title="bbox 450 2485 2032 2552">
     <span class='ocr_line' id='line_1_42' title="bbox 450 2485 2032 2552; baseline 0.004 -14"><span class='ocrx_word' id='word_1_323' title='bbox 450 2500 553 2539; x_wconf 81' lang='lat' dir='ltr'><strong>nec</strong></span> <span class='ocrx_word' id='word_1_324' title='bbox 569 2485 849 2552; x_wconf 74' lang='lat' dir='ltr'><strong>pmnitnit,</strong></span> <span class='ocrx_word' id='word_1_325' title='bbox 882 2485 962 2540; x_wconf 91' lang='lat' dir='ltr'><strong>Tu</strong></span> <span class='ocrx_word' id='word_1_326' title='bbox 988 2502 1049 2542; x_wconf 90' lang='lat' dir='ltr'><strong>es</strong></span> <span class='ocrx_word' id='word_1_327' title='bbox 1073 2487 1330 2542; x_wconf 80' lang='lat' dir='ltr'><strong>sacerdos</strong></span> <span class='ocrx_word' id='word_1_328' title='bbox 1357 2487 1413 2542; x_wconf 92' lang='lat' dir='ltr'><strong>in</strong></span> <span class='ocrx_word' id='word_1_329' title='bbox 1435 2497 1701 2543; x_wconf 64' lang='lat' dir='ltr'><strong>aeternum</strong></span> <span class='ocrx_word' id='word_1_330' title='bbox 1728 2489 2032 2544; x_wconf 89' lang='lat' dir='ltr'><strong>secundum</strong></span> 
     </span>
    </p>
   </div>
   <div class='ocr_carea' id='block_1_43' title="bbox 449 2579 2035 2650">
    <p class='ocr_par' dir='ltr' id='par_1_43' title="bbox 449 2579 2035 2650">
     <span class='ocr_line' id='line_1_43' title="bbox 449 2579 2035 2650; baseline 0.002 -18"><span class='ocrx_word' id='word_1_331' title='bbox 449 2581 701 2635; x_wconf 54' lang='lat' dir='ltr'><strong>o-tlinem</strong></span> <span class='ocrx_word' id='word_1_332' title='bbox 741 2579 1148 2634; x_wconf 78' lang='lat' dir='ltr'><strong>Melchisedech</strong></span> <span class='ocrx_word' id='word_1_333' title='bbox 1182 2579 1263 2644; x_wconf 74' lang='grc'><strong>¹⁸;</strong></span> <span class='ocrx_word' id='word_1_334' title='bbox 1292 2598 1310 2630; x_wconf 76' lang='grc' dir='ltr'><strong>ι</strong></span> <span class='ocrx_word' id='word_1_335' title='bbox 1347 2579 1463 2649; x_wconf 92' lang='lat' dir='ltr'><strong>ipse</strong></span> <span class='ocrx_word' id='word_1_336' title='bbox 1495 2587 1618 2634; x_wconf 89' lang='lat' dir='ltr'><strong>erat</strong></span> <span class='ocrx_word' id='word_1_337' title='bbox 1666 2579 1735 2634; x_wconf 91' lang='lat' dir='ltr'><strong>de</strong></span> <span class='ocrx_word' id='word_1_338' title='bbox 1780 2595 1893 2650; x_wconf 90' lang='lat' dir='ltr'><strong>quo</strong></span> <span class='ocrx_word' id='word_1_339' title='bbox 1949 2580 2035 2635; x_wconf 91' lang='lat' dir='ltr'><strong>di-</strong></span> 
     </span>
    </p>
   </div>
   <div class='ocr_carea' id='block_1_44' title="bbox 451 2671 2034 2736">
    <p class='ocr_par' dir='ltr' id='par_1_44' title="bbox 451 2671 2034 2736">
     <span class='ocr_line' id='line_1_44' title="bbox 451 2671 2034 2736; baseline 0.002 -10"><span class='ocrx_word' id='word_1_340' title='bbox 451 2683 599 2726; x_wconf 89' lang='lat' dir='ltr'><strong>ctum</strong></span> <span class='ocrx_word' id='word_1_341' title='bbox 627 2681 736 2728; x_wconf 87' lang='lat' dir='ltr'><strong>est:</strong></span> <span class='ocrx_word' id='word_1_342' title='bbox 779 2693 796 2724; x_wconf 78' lang='grc' dir='ltr'><strong>ι</strong></span> <span class='ocrx_word' id='word_1_343' title='bbox 827 2671 1096 2728; x_wconf 87' lang='lat' dir='ltr'><strong>Dominus</strong></span> <span class='ocrx_word' id='word_1_344' title='bbox 1141 2671 1284 2726; x_wconf 79' lang='lat' dir='ltr'><strong>dixit</strong></span> <span class='ocrx_word' id='word_1_345' title='bbox 1318 2671 1384 2727; x_wconf 89' lang='lat' dir='ltr'><strong>ad</strong></span> <span class='ocrx_word' id='word_1_346' title='bbox 1431 2686 1541 2736; x_wconf 89' lang='lat' dir='ltr'><strong>me,</strong></span> <span class='ocrx_word' id='word_1_347' title='bbox 1579 2672 1757 2728; x_wconf 88' lang='lat' dir='ltr'><strong>Filius</strong></span> <span class='ocrx_word' id='word_1_348' title='bbox 1785 2689 1944 2730; x_wconf 89' lang='lat' dir='ltr'><strong>meus</strong></span> <span class='ocrx_word' id='word_1_349' title='bbox 1973 2689 2034 2729; x_wconf 88' lang='lat' dir='ltr'><strong>es</strong></span> 
     </span>
    </p>
   </div>
   <div class='ocr_carea' id='block_1_45' title="bbox 454 2762 2035 2833">
    <p class='ocr_par' dir='ltr' id='par_1_45' title="bbox 454 2762 2035 2833">
     <span class='ocr_line' id='line_1_45' title="bbox 454 2762 2035 2833; baseline 0.004 -16"><span class='ocrx_word' id='word_1_350' title='bbox 454 2775 510 2817; x_wconf 85' lang='grc' dir='ltr'><strong>ιιι</strong></span> <span class='ocrx_word' id='word_1_351' title='bbox 536 2781 608 2830; x_wconf 76' lang='grc'><strong>;,›</strong></span> <span class='ocrx_word' id='word_1_352' title='bbox 651 2763 818 2833; x_wconf 83' lang='lat' dir='ltr'><strong>igitur</strong></span> <span class='ocrx_word' id='word_1_353' title='bbox 845 2762 930 2818; x_wconf 71' lang='lat' dir='ltr'><strong>ha:</strong></span> <span class='ocrx_word' id='word_1_354' title='bbox 956 2778 1146 2828; x_wconf 79' lang='lat' dir='ltr'><strong>voces,</strong></span> <span class='ocrx_word' id='word_1_355' title='bbox 1193 2764 1343 2819; x_wconf 88' lang='lat' dir='ltr'><strong>sicut</strong></span> <span class='ocrx_word' id='word_1_356' title='bbox 1397 2764 1579 2820; x_wconf 84' lang='lat' dir='ltr'><strong>Aaron</strong></span> <span class='ocrx_word' id='word_1_357' title='bbox 1633 2764 1873 2821; x_wconf 92' lang='lat' dir='ltr'><strong>similem</strong></span> <span class='ocrx_word' id='word_1_358' title='bbox 1917 2783 2035 2823; x_wconf 89' lang='lat' dir='ltr'><strong>mo-</strong></span> 
     </span>
    </p>
   </div>
   <div class='ocr_carea' id='block_1_46' title="bbox 452 2849 2036 2909">
    <p class='ocr_par' dir='ltr' id='par_1_46' title="bbox 452 2849 2036 2909">
     <span class='ocr_line' id='line_1_46' title="bbox 452 2849 2036 2909; baseline 0.004 -7"><span class='ocrx_word' id='word_1_359' title='bbox 452 2851 582 2903; x_wconf 87' lang='lat' dir='ltr'><strong>dum</strong></span> <span class='ocrx_word' id='word_1_360' title='bbox 612 2849 930 2905; x_wconf 89' lang='lat' dir='ltr'><strong>donationis</strong></span> <span class='ocrx_word' id='word_1_361' title='bbox 955 2865 986 2904; x_wconf 88' lang='lat' dir='ltr'><strong>a</strong></span> <span class='ocrx_word' id='word_1_362' title='bbox 1006 2850 1120 2905; x_wconf 91' lang='lat' dir='ltr'><strong>Deo</strong></span> <span class='ocrx_word' id='word_1_363' title='bbox 1144 2849 1302 2906; x_wconf 62' lang='lat' dir='ltr'><strong>facta:</strong></span> <span class='ocrx_word' id='word_1_364' title='bbox 1329 2850 1608 2906; x_wconf 87' lang='lat' dir='ltr'><strong>donorum</strong></span> <span class='ocrx_word' id='word_1_365' title='bbox 1634 2861 1694 2907; x_wconf 92' lang='lat' dir='ltr'><strong>et</strong></span> <span class='ocrx_word' id='word_1_366' title='bbox 1725 2852 2036 2909; x_wconf 89' lang='lat' dir='ltr'><strong>vocationis</strong></span> 
     </span>
    </p>
   </div>
   <div class='ocr_carea' id='block_1_47' title="bbox 455 2939 2036 3007">
    <p class='ocr_par' dir='ltr' id='par_1_47' title="bbox 455 2939 2036 3007">
     <span class='ocr_line' id='line_1_47' title="bbox 455 2939 2036 3007; baseline 0.006 -15"><span class='ocrx_word' id='word_1_367' title='bbox 455 2941 510 2992; x_wconf 89' lang='lat' dir='ltr'><strong>in</strong></span> <span class='ocrx_word' id='word_1_368' title='bbox 537 2940 718 2994; x_wconf 84' lang='lat' dir='ltr'><strong>Aaron</strong></span> <span class='ocrx_word' id='word_1_369' title='bbox 753 2949 810 2995; x_wconf 89' lang='lat' dir='ltr'><strong>et</strong></span> <span class='ocrx_word' id='word_1_370' title='bbox 835 2941 888 2994; x_wconf 93' lang='lat' dir='ltr'><strong>in</strong></span> <span class='ocrx_word' id='word_1_371' title='bbox 917 2939 1163 3007; x_wconf 87' lang='lat' dir='ltr'><strong>Christo,</strong></span> <span class='ocrx_word' id='word_1_372' title='bbox 1183 2957 1297 2998; x_wconf 90' lang='lat' dir='ltr'><strong>non</strong></span> <span class='ocrx_word' id='word_1_373' title='bbox 1323 2951 1508 3000; x_wconf 87' lang='lat' dir='ltr'><strong>tamen</strong></span> <span class='ocrx_word' id='word_1_374' title='bbox 1539 2942 1686 3000; x_wconf 91' lang='lat' dir='ltr'><strong>dona</strong></span> <span class='ocrx_word' id='word_1_375' title='bbox 1727 2943 1930 3000; x_wconf 88' lang='lat' dir='ltr'><strong>similia</strong></span> <span class='ocrx_word' id='word_1_376' title='bbox 1961 2944 2036 3001; x_wconf 89' lang='lat' dir='ltr'><strong>si-</strong></span> 
     </span>
    </p>
   </div>
   <div class='ocr_carea' id='block_1_48' title="bbox 2133 1831 3740 1910">
    <p class='ocr_par' dir='ltr' id='par_1_48' title="bbox 2133 1831 3740 1910">
     <span class='ocr_line' id='line_1_48' title="bbox 2133 1831 3740 1910; baseline 0.002 -23"><span class='ocrx_word' id='word_1_377' title='bbox 2133 1834 2436 1887; x_wconf 76' lang='grc' dir='ltr'><strong>ὑπόστασιν</strong></span> <span class='ocrx_word' id='word_1_378' title='bbox 2462 1849 2477 1864; x_wconf 78' lang='grc' dir='ltr'><strong>ο</strong></span> <span class='ocrx_word' id='word_1_379' title='bbox 2509 1833 2592 1886; x_wconf 83' lang='grc' dir='ltr'>ὅτι</span> <span class='ocrx_word' id='word_1_380' title='bbox 2628 1832 2738 1902; x_wconf 83' lang='grc' dir='ltr'><strong>γὰρ</strong></span> <span class='ocrx_word' id='word_1_381' title='bbox 2767 1831 2804 1888; x_wconf 74' lang='grc' dir='ltr'>ἃ</span> <span class='ocrx_word' id='word_1_382' title='bbox 2839 1832 2905 1886; x_wconf 82' lang='grc' dir='ltr'>ἂν</span> <span class='ocrx_word' id='word_1_383' title='bbox 2937 1834 3101 1896; x_wconf 78' lang='grc' dir='ltr'>αὐτὸς</span> <span class='ocrx_word' id='word_1_384' title='bbox 3147 1831 3274 1889; x_wconf 80' lang='grc' dir='ltr'>εἷπε</span> <span class='ocrx_word' id='word_1_385' title='bbox 3323 1837 3429 1892; x_wconf 71' lang='grc' dir='ltr'>καὶ</span> <span class='ocrx_word' id='word_1_386' title='bbox 3475 1839 3740 1910; x_wconf 70' lang='grc' dir='ltr'>ἐγενήθη-</span> 
     </span>
    </p>
   </div>
   <div class='ocr_carea' id='block_1_49' title="bbox 2135 1923 3740 2000">
    <p class='ocr_par' dir='ltr' id='par_1_49' title="bbox 2135 1923 3740 2000">
     <span class='ocr_line' id='line_1_49' title="bbox 2135 1923 3740 2000; baseline 0.004 -23"><span class='ocrx_word' id='word_1_387' title='bbox 2135 1941 2256 1988; x_wconf 88' lang='grc' dir='ltr'>σαν,</span> <span class='ocrx_word' id='word_1_388' title='bbox 2293 1926 2389 1977; x_wconf 79' lang='grc' dir='ltr'>καὶ</span> <span class='ocrx_word' id='word_1_389' title='bbox 2427 1924 2508 1976; x_wconf 81' lang='grc' dir='ltr'>ὅτι</span> <span class='ocrx_word' id='word_1_390' title='bbox 2559 1923 2824 1977; x_wconf 77' lang='grc' dir='ltr'>ἀδύνατον</span> <span class='ocrx_word' id='word_1_391' title='bbox 2861 1923 3166 1987; x_wconf 79' lang='grc' dir='ltr'>ψεύδεσθαι</span> <span class='ocrx_word' id='word_1_392' title='bbox 3194 1925 3360 1990; x_wconf 87' lang='grc' dir='ltr'>Θεὸν,</span> <span class='ocrx_word' id='word_1_393' title='bbox 3395 1930 3740 2000; x_wconf 67' lang='grc' dir='ltr'>μεμαθήκιο</span> 
     </span>
    </p>
   </div>
   <div class='ocr_carea' id='block_1_50' title="bbox 2133 2015 3734 2090">
    <p class='ocr_par' dir='ltr' id='par_1_50' title="bbox 2133 2015 3734 2090">
     <span class='ocr_line' id='line_1_50' title="bbox 2133 2015 3734 2090; baseline 0.007 -21"><span class='ocrx_word' id='word_1_394' title='bbox 2133 2034 2234 2089; x_wconf 87' lang='grc' dir='ltr'><strong>μεν</strong></span> <span class='ocrx_word' id='word_1_395' title='bbox 2273 2017 2404 2088; x_wconf 78' lang='grc' dir='ltr'>παρ’</span> <span class='ocrx_word' id='word_1_396' title='bbox 2429 2015 2621 2072; x_wconf 87' lang='grc' dir='ltr'>αὐτοῦ,</span> <span class='ocrx_word' id='word_1_397' title='bbox 2658 2015 2822 2088; x_wconf 87' lang='grc' dir='ltr'>Δηλοί</span> <span class='ocrx_word' id='word_1_398' title='bbox 2845 2016 2939 2071; x_wconf 75' lang='grc' dir='ltr'>οὖν</span> <span class='ocrx_word' id='word_1_399' title='bbox 2960 2018 3109 2080; x_wconf 76' lang='grc' dir='ltr'>τάδε,</span> <span class='ocrx_word' id='word_1_400' title='bbox 3140 2021 3222 2074; x_wconf 82' lang='grc' dir='ltr'>ὅτι</span> <span class='ocrx_word' id='word_1_401' title='bbox 3244 2021 3351 2075; x_wconf 71' lang='grc' dir='ltr'>οὐκ</span> <span class='ocrx_word' id='word_1_402' title='bbox 3381 2022 3489 2090; x_wconf 72' lang='grc' dir='ltr'><strong>ἀφ’</strong></span> <span class='ocrx_word' id='word_1_403' title='bbox 3515 2023 3734 2082; x_wconf 73' lang='grc' dir='ltr'>ἑαυτοῦ.</span> 
     </span>
    </p>
   </div>
   <div class='ocr_carea' id='block_1_51' title="bbox 2131 2108 3737 2182">
    <p class='ocr_par' dir='ltr' id='par_1_51' title="bbox 2131 2108 3737 2182">
     <span class='ocr_line' id='line_1_51' title="bbox 2131 2108 3737 2182; baseline 0.004 -20"><span class='ocrx_word' id='word_1_404' title='bbox 2131 2109 2458 2182; x_wconf 79' lang='grc' dir='ltr'>αἱρούμενος</span> <span class='ocrx_word' id='word_1_405' title='bbox 2511 2111 2540 2162; x_wconf 85' lang='grc' dir='ltr'><strong>ὁ</strong></span> <span class='ocrx_word' id='word_1_406' title='bbox 2587 2109 2704 2170; x_wconf 85' lang='grc' dir='ltr'>υίὸς</span> <span class='ocrx_word' id='word_1_407' title='bbox 2771 2108 2868 2162; x_wconf 85' lang='grc' dir='ltr'><strong>τοῦ</strong></span> <span class='ocrx_word' id='word_1_408' title='bbox 2930 2109 3226 2182; x_wconf 79' lang='grc' dir='ltr'>ἀνθρώπου</span> <span class='ocrx_word' id='word_1_409' title='bbox 3259 2153 3275 2172; x_wconf 90' lang='grc'><strong>.</strong></span> <span class='ocrx_word' id='word_1_410' title='bbox 3337 2113 3737 2178; x_wconf 67' lang='grc' dir='ltr'>ἀλαζονεύσεται</span> 
     </span>
    </p>
   </div>
   <div class='ocr_carea' id='block_1_52' title="bbox 2135 2200 3736 2278">
    <p class='ocr_par' dir='ltr' id='par_1_52' title="bbox 2135 2200 3736 2278">
     <span class='ocr_line' id='line_1_52' title="bbox 2135 2200 3736 2278; baseline 0.004 -23"><span class='ocrx_word' id='word_1_411' title='bbox 2135 2201 2358 2272; x_wconf 80' lang='grc' dir='ltr'>Πατέρα</span> <span class='ocrx_word' id='word_1_412' title='bbox 2385 2201 2542 2266; x_wconf 86' lang='grc' dir='ltr'>Θεὸν,</span> <span class='ocrx_word' id='word_1_413' title='bbox 2582 2200 2699 2255; x_wconf 83' lang='grc' dir='ltr'>ἀλλ’</span> <span class='ocrx_word' id='word_1_414' title='bbox 2727 2202 2832 2254; x_wconf 84' lang='grc' dir='ltr'><strong>ὑπὸ</strong></span> <span class='ocrx_word' id='word_1_415' title='bbox 2877 2203 2971 2256; x_wconf 84' lang='grc' dir='ltr'><strong>τοῦ</strong></span> <span class='ocrx_word' id='word_1_416' title='bbox 3011 2203 3148 2256; x_wconf 83' lang='grc' dir='ltr'>Θεοῦ</span> <span class='ocrx_word' id='word_1_417' title='bbox 3180 2203 3460 2274; x_wconf 80' lang='grc' dir='ltr'>κέκληται</span> <span class='ocrx_word' id='word_1_418' title='bbox 3505 2210 3601 2271; x_wconf 74' lang='grc' dir='ltr'><strong>εἱς</strong></span> <span class='ocrx_word' id='word_1_419' title='bbox 3643 2209 3736 2278; x_wconf 70' lang='grc' dir='ltr'>τὴν</span> 
     </span>
    </p>
   </div>
   <div class='ocr_carea' id='block_1_53' title="bbox 2134 2293 3734 2370">
    <p class='ocr_par' dir='ltr' id='par_1_53' title="bbox 2134 2293 3734 2370">
     <span class='ocr_line' id='line_1_53' title="bbox 2134 2293 3734 2370; baseline 0.004 -22"><span class='ocrx_word' id='word_1_420' title='bbox 2134 2293 2294 2359; x_wconf 82' lang='grc' dir='ltr'>ἀξίαν</span> <span class='ocrx_word' id='word_1_421' title='bbox 2323 2295 2422 2364; x_wconf 84' lang='grc' dir='ltr'>τῆς</span> <span class='ocrx_word' id='word_1_422' title='bbox 2447 2293 2596 2358; x_wconf 80' lang='grc' dir='ltr'>θείας</span> <span class='ocrx_word' id='word_1_423' title='bbox 2629 2293 2878 2364; x_wconf 80' lang='grc' dir='ltr'>υίότητος</span> <span class='ocrx_word' id='word_1_424' title='bbox 2917 2294 3148 2366; x_wconf 87' lang='grc' dir='ltr'>ταύτης,</span> <span class='ocrx_word' id='word_1_425' title='bbox 3181 2297 3410 2368; x_wconf 72' lang='grc' dir='ltr'>καὶτῆς</span> <span class='ocrx_word' id='word_1_426' title='bbox 3441 2297 3734 2370; x_wconf 70' lang='grc' dir='ltr'>διηνεκοῦς</span> 
     </span>
    </p>
   </div>
   <div class='ocr_carea' id='block_1_54' title="bbox 2133 2385 3732 2459">
    <p class='ocr_par' dir='ltr' id='par_1_54' title="bbox 2133 2385 3732 2459">
     <span class='ocr_line' id='line_1_54' title="bbox 2133 2385 3732 2459; baseline 0.004 -19"><span class='ocrx_word' id='word_1_427' title='bbox 2133 2385 2300 2440; x_wconf 79' lang='grc' dir='ltr'>αὐτοῦ</span> <span class='ocrx_word' id='word_1_428' title='bbox 2327 2385 2649 2457; x_wconf 84' lang='grc' dir='ltr'><strong>ἱερωσύνης,</strong></span> <span class='ocrx_word' id='word_1_429' title='bbox 2667 2386 2778 2439; x_wconf 80' lang='grc' dir='ltr'>οὐδ’</span> <span class='ocrx_word' id='word_1_430' title='bbox 2800 2386 2970 2457; x_wconf 84' lang='grc' dir='ltr'>αὐτῆς</span> <span class='ocrx_word' id='word_1_431' title='bbox 2992 2386 3154 2457; x_wconf 82' lang='grc' dir='ltr'>μόνον</span> <span class='ocrx_word' id='word_1_432' title='bbox 3175 2388 3442 2459; x_wconf 78' lang='grc' dir='ltr'>ὀνόματι,</span> <span class='ocrx_word' id='word_1_433' title='bbox 3469 2391 3617 2444; x_wconf 72' lang='grc' dir='ltr'>ἀλλὰ</span> <span class='ocrx_word' id='word_1_434' title='bbox 3643 2395 3732 2446; x_wconf 71' lang='grc' dir='ltr'><strong>καὶ</strong></span> 
     </span>
    </p>
   </div>
   <div class='ocr_carea' id='block_1_55' title="bbox 2133 2475 3732 2553">
    <p class='ocr_par' dir='ltr' id='par_1_55' title="bbox 2133 2475 3732 2553">
     <span class='ocr_line' id='line_1_55' title="bbox 2133 2475 3732 2553; baseline 0.004 -23"><span class='ocrx_word' id='word_1_435' title='bbox 2133 2478 2422 2548; x_wconf 77' lang='grc' dir='ltr'><strong>πράγματι</strong></span> <span class='ocrx_word' id='word_1_436' title='bbox 2475 2475 2814 2548; x_wconf 73' lang='grc' dir='ltr'>νοουμένης·</span> <span class='ocrx_word' id='word_1_437' title='bbox 2853 2495 2872 2528; x_wconf 75' lang='grc' dir='ltr'><strong>ι</strong></span> <span class='ocrx_word' id='word_1_438' title='bbox 2907 2477 2966 2531; x_wconf 82' lang='lat'><strong>&#39;0</strong></span> <span class='ocrx_word' id='word_1_439' title='bbox 3009 2477 3121 2549; x_wconf 77' lang='grc' dir='ltr'>γὰρ</span> <span class='ocrx_word' id='word_1_440' title='bbox 3162 2478 3380 2547; x_wconf 75' lang='grc' dir='ltr'>ὀμόσας</span> <span class='ocrx_word' id='word_1_441' title='bbox 3432 2482 3596 2553; x_wconf 80' lang='grc' dir='ltr'>αὐτῷ</span> <span class='ocrx_word' id='word_1_442' title='bbox 3622 2483 3732 2536; x_wconf 76' lang='grc' dir='ltr'><strong>Κύ-</strong></span> 
     </span>
    </p>
   </div>
   <div class='ocr_carea' id='block_1_56' title="bbox 2136 2565 3731 2642">
    <p class='ocr_par' dir='ltr' id='par_1_56' title="bbox 2136 2565 3731 2642">
     <span class='ocr_line' id='line_1_56' title="bbox 2136 2565 3731 2642; baseline 0.003 -20"><span class='ocrx_word' id='word_1_443' title='bbox 2136 2585 2266 2641; x_wconf 77' lang='grc' dir='ltr'>ριος,</span> <span class='ocrx_word' id='word_1_444' title='bbox 2298 2569 2393 2621; x_wconf 76' lang='grc' dir='ltr'>καὶ</span> <span class='ocrx_word' id='word_1_445' title='bbox 2430 2568 2490 2620; x_wconf 69' lang='grc' dir='ltr'>οὗ</span> <span class='ocrx_word' id='word_1_446' title='bbox 2527 2565 3026 2639; x_wconf 82' lang='grc' dir='ltr'>μεταμελούμενος,</span> <span class='ocrx_word' id='word_1_447' title='bbox 3048 2569 3131 2622; x_wconf 84' lang='grc' dir='ltr'>ὅτι</span> <span class='ocrx_word' id='word_1_448' title='bbox 3159 2589 3179 2621; x_wconf 73' lang='grc' dir='ltr'><strong>ε</strong></span> <span class='ocrx_word' id='word_1_449' title='bbox 3209 2571 3286 2624; x_wconf 70' lang='grc' dir='ltr'>Σὺ</span> <span class='ocrx_word' id='word_1_450' title='bbox 3350 2568 3408 2624; x_wconf 78' lang='grc' dir='ltr'>εἴ</span> <span class='ocrx_word' id='word_1_451' title='bbox 3439 2573 3630 2642; x_wconf 71' lang='grc' dir='ltr'>ἱερεὺς</span> <span class='ocrx_word' id='word_1_452' title='bbox 3656 2574 3731 2635; x_wconf 76' lang='grc' dir='ltr'><strong>είς</strong></span> 
     </span>
    </p>
   </div>
   <div class='ocr_carea' id='block_1_57' title="bbox 2135 2659 3730 2735">
    <p class='ocr_par' dir='ltr' id='par_1_57' title="bbox 2135 2659 3730 2735">
     <span class='ocr_line' id='line_1_57' title="bbox 2135 2659 3730 2735; baseline 0.003 -20"><span class='ocrx_word' id='word_1_453' title='bbox 2135 2662 2227 2715; x_wconf 88' lang='grc' dir='ltr'>τὸν</span> <span class='ocrx_word' id='word_1_454' title='bbox 2261 2661 2435 2714; x_wconf 80' lang='grc' dir='ltr'>αἰῶνα</span> <span class='ocrx_word' id='word_1_455' title='bbox 2469 2661 2609 2713; x_wconf 79' lang='grc' dir='ltr'>κατὰ</span> <span class='ocrx_word' id='word_1_456' title='bbox 2660 2659 2761 2732; x_wconf 76' lang='grc' dir='ltr'>τὴν</span> <span class='ocrx_word' id='word_1_457' title='bbox 2810 2659 2966 2725; x_wconf 83' lang='grc' dir='ltr'>τάξιν</span> <span class='ocrx_word' id='word_1_458' title='bbox 3008 2661 3380 2730; x_wconf 77' lang='grc' dir='ltr'>Μελχισεδὲκ,</span> <span class='ocrx_word' id='word_1_459' title='bbox 3413 2683 3437 2715; x_wconf 72' lang='grc' dir='ltr'><strong>ι</strong></span> <span class='ocrx_word' id='word_1_460' title='bbox 3475 2665 3642 2729; x_wconf 69' lang='grc' dir='ltr'>αὐτὸς</span> <span class='ocrx_word' id='word_1_461' title='bbox 3667 2662 3730 2735; x_wconf 73' lang='grc' dir='ltr'>ἦν</span> 
     </span>
    </p>
   </div>
   <div class='ocr_carea' id='block_1_58' title="bbox 2136 2747 3726 2827">
    <p class='ocr_par' dir='ltr' id='par_1_58' title="bbox 2136 2747 3726 2827">
     <span class='ocr_line' id='line_1_58' title="bbox 2136 2747 3726 2827; baseline -0.004 -19"><span class='ocrx_word' id='word_1_462' title='bbox 2136 2754 2234 2808; x_wconf 67' lang='grc' dir='ltr'>καὶ</span> <span class='ocrx_word' id='word_1_463' title='bbox 2277 2753 2404 2823; x_wconf 67' lang='grc' dir='ltr'>περὶ</span> <span class='ocrx_word' id='word_1_464' title='bbox 2435 2747 2498 2807; x_wconf 78' lang='grc' dir='ltr'><strong>οὗ</strong></span> <span class='ocrx_word' id='word_1_465' title='bbox 2541 2751 2794 2824; x_wconf 77' lang='grc' dir='ltr'>εἴρηται·</span> <span class='ocrx_word' id='word_1_466' title='bbox 2837 2773 2855 2804; x_wconf 77' lang='grc' dir='ltr'><strong>ι</strong></span> <span class='ocrx_word' id='word_1_467' title='bbox 2886 2753 3098 2822; x_wconf 78' lang='grc' dir='ltr'>Κύριος</span> <span class='ocrx_word' id='word_1_468' title='bbox 3145 2749 3270 2808; x_wconf 80' lang='grc' dir='ltr'>εἷπε</span> <span class='ocrx_word' id='word_1_469' title='bbox 3304 2757 3449 2827; x_wconf 76' lang='grc' dir='ltr'>πρός</span> <span class='ocrx_word' id='word_1_470' title='bbox 3481 2775 3577 2827; x_wconf 77' lang='grc' dir='ltr'><strong>με,</strong></span> <span class='ocrx_word' id='word_1_471' title='bbox 3611 2758 3726 2818; x_wconf 47' lang='lat' dir='ltr'><strong>ris;</strong></span> 
     </span>
    </p>
   </div>
   <div class='ocr_carea' id='block_1_59' title="bbox 2140 2841 3726 2920">
    <p class='ocr_par' dir='ltr' id='par_1_59' title="bbox 2140 2841 3726 2920">
     <span class='ocr_line' id='line_1_59' title="bbox 2140 2841 3726 2920; baseline 0 -21"><span class='ocrx_word' id='word_1_472' title='bbox 2140 2863 2242 2916; x_wconf 84' lang='grc' dir='ltr'><strong>μου</strong></span> <span class='ocrx_word' id='word_1_473' title='bbox 2275 2841 2327 2898; x_wconf 84' lang='grc' dir='ltr'>εἶ</span> <span class='ocrx_word' id='word_1_474' title='bbox 2363 2845 2426 2899; x_wconf 93' lang='grc' dir='ltr'><strong>σύ</strong></span> <span class='ocrx_word' id='word_1_475' title='bbox 2450 2861 2462 2874; x_wconf 82' lang='grc'><strong>’</strong></span> <span class='ocrx_word' id='word_1_476' title='bbox 2488 2865 2508 2898; x_wconf 75' lang='grc' dir='ltr'><strong>ι</strong></span> <span class='ocrx_word' id='word_1_477' title='bbox 2537 2844 2732 2899; x_wconf 80' lang='grc' dir='ltr'>οὐκοῦν</span> <span class='ocrx_word' id='word_1_478' title='bbox 2765 2845 2826 2897; x_wconf 90' lang='grc' dir='ltr'>τὸ</span> <span class='ocrx_word' id='word_1_479' title='bbox 2857 2844 3114 2917; x_wconf 83' lang='grc' dir='ltr'>καθάπερ</span> <span class='ocrx_word' id='word_1_480' title='bbox 3145 2849 3240 2900; x_wconf 69' lang='grc' dir='ltr'>καὶ</span> <span class='ocrx_word' id='word_1_481' title='bbox 3290 2847 3523 2920; x_wconf 80' lang='grc' dir='ltr'>’Δαρὼν</span> <span class='ocrx_word' id='word_1_482' title='bbox 3552 2849 3726 2919; x_wconf 75' lang='grc' dir='ltr'>ὅμοιον</span> 
     </span>
    </p>
   </div>
   <div class='ocr_carea' id='block_1_60' title="bbox 2138 2935 3724 3010">
    <p class='ocr_par' dir='ltr' id='par_1_60' title="bbox 2138 2935 3724 3010">
     <span class='ocr_line' id='line_1_60' title="bbox 2138 2935 3724 3010; baseline 0.003 -22"><span class='ocrx_word' id='word_1_483' title='bbox 2138 2935 2244 3008; x_wconf 81' lang='grc' dir='ltr'>μὲν</span> <span class='ocrx_word' id='word_1_484' title='bbox 2291 2936 2492 3008; x_wconf 65' lang='grc' dir='ltr'>τρόπον</span> <span class='ocrx_word' id='word_1_485' title='bbox 2535 2936 2634 3004; x_wconf 78' lang='grc' dir='ltr'>τῆς</span> <span class='ocrx_word' id='word_1_486' title='bbox 2674 2937 2739 2988; x_wconf 80' lang='grc' dir='ltr'>ἐκ</span> <span class='ocrx_word' id='word_1_487' title='bbox 2784 2935 2919 2987; x_wconf 86' lang='grc' dir='ltr'>Θεοῦ</span> <span class='ocrx_word' id='word_1_488' title='bbox 2965 2935 3168 3000; x_wconf 73' lang='grc' dir='ltr'>δύσεως</span> <span class='ocrx_word' id='word_1_489' title='bbox 3214 2937 3328 2989; x_wconf 84' lang='grc' dir='ltr'><strong>τῶν</strong></span> <span class='ocrx_word' id='word_1_490' title='bbox 3367 2941 3724 3010; x_wconf 69' lang='grc' dir='ltr'>χαρισμάτων</span> 
     </span>
    </p>
   </div>
   <div class='ocr_carea' id='block_1_61' title="bbox 453 3026 2034 3130">
    <p class='ocr_par' dir='ltr' id='par_1_61' title="bbox 453 3031 2028 3098">
     <span class='ocr_line' id='line_1_61' title="bbox 453 3031 2028 3098; baseline 0.004 -14"><span class='ocrx_word' id='word_1_491' title='bbox 453 3031 755 3098; x_wconf 68' lang='lat' dir='ltr'><strong>gniticant:</strong></span> <span class='ocrx_word' id='word_1_492' title='bbox 813 3043 962 3088; x_wconf 85' lang='lat' dir='ltr'><strong>certe</strong></span> <span class='ocrx_word' id='word_1_493' title='bbox 1015 3034 1165 3089; x_wconf 88' lang='lat' dir='ltr'><strong>enim</strong></span> <span class='ocrx_word' id='word_1_494' title='bbox 1188 3043 1244 3089; x_wconf 90' lang='lat' dir='ltr'><strong>et</strong></span> <span class='ocrx_word' id='word_1_495' title='bbox 1295 3033 1480 3090; x_wconf 80' lang='lat' dir='ltr'><strong>Aaron</strong></span> <span class='ocrx_word' id='word_1_496' title='bbox 1525 3035 1741 3092; x_wconf 85' lang='lat' dir='ltr'><strong>dictum</strong></span> <span class='ocrx_word' id='word_1_497' title='bbox 1788 3036 2028 3093; x_wconf 78' lang='lat' dir='ltr'><strong>fuisset:</strong></span> 
     </span>
    </p>
   </div>
   <div class='ocr_carea' id='block_1_62' title="bbox 2140 3026 3724 3130">
    <p class='ocr_par' dir='ltr' id='par_1_62' title="bbox 2140 3026 3724 3101">
     <span class='ocr_line' id='line_1_62' title="bbox 2140 3026 3724 3101; baseline 0.004 -22"><span class='ocrx_word' id='word_1_498' title='bbox 2140 3027 2418 3100; x_wconf 84' lang='grc' dir='ltr'>σημαίνει,</span> <span class='ocrx_word' id='word_1_499' title='bbox 2447 3028 2544 3081; x_wconf 79' lang='grc' dir='ltr'>καὶ</span> <span class='ocrx_word' id='word_1_500' title='bbox 2574 3026 2822 3096; x_wconf 77' lang='grc' dir='ltr'>κλήσεως</span> <span class='ocrx_word' id='word_1_501' title='bbox 2847 3026 2905 3080; x_wconf 76' lang='grc' dir='ltr'><strong>έν</strong></span> <span class='ocrx_word' id='word_1_502' title='bbox 2930 3045 2990 3081; x_wconf 90' lang='grc' dir='ltr'><strong>τε</strong></span> <span class='ocrx_word' id='word_1_503' title='bbox 3017 3027 3252 3100; x_wconf 79' lang='grc' dir='ltr'>Ἀαρὼν,</span> <span class='ocrx_word' id='word_1_504' title='bbox 3271 3031 3370 3082; x_wconf 82' lang='grc' dir='ltr'>καὶ</span> <span class='ocrx_word' id='word_1_505' title='bbox 3400 3033 3466 3084; x_wconf 78' lang='grc' dir='ltr'>ὲν</span> <span class='ocrx_word' id='word_1_506' title='bbox 3489 3032 3724 3101; x_wconf 76' lang='grc' dir='ltr'>Χριστῷ.</span> 
     </span>
    </p>
   </div>
   <div class='ocr_carea' id='block_1_63' title="bbox 462 3124 1465 3198">
    <p class='ocr_par' dir='ltr' id='par_1_63' title="bbox 462 3124 1465 3198">
     <span class='ocr_line' id='line_1_63' title="bbox 462 3124 1465 3198; baseline 0.008 -24"><span class='ocrx_word' id='word_1_507' title='bbox 462 3143 481 3174; x_wconf 75' lang='grc' dir='ltr'><strong>ι</strong></span> <span class='ocrx_word' id='word_1_508' title='bbox 508 3124 681 3179; x_wconf 86' lang='lat' dir='ltr'><strong>Filius</strong></span> <span class='ocrx_word' id='word_1_509' title='bbox 710 3141 864 3180; x_wconf 81' lang='lat' dir='ltr'><strong>meus</strong></span> <span class='ocrx_word' id='word_1_510' title='bbox 888 3141 948 3181; x_wconf 89' lang='lat' dir='ltr'><strong>es</strong></span> <span class='ocrx_word' id='word_1_511' title='bbox 985 3133 1064 3194; x_wconf 91' lang='lat' dir='ltr'><strong>tu,</strong></span> <span class='ocrx_word' id='word_1_512' title='bbox 1087 3147 1104 3178; x_wconf 72' lang='grc' dir='ltr'><strong>ι</strong></span> <span class='ocrx_word' id='word_1_513' title='bbox 1140 3143 1169 3182; x_wconf 84' lang='grc' dir='ltr'><strong>ε</strong></span> <span class='ocrx_word' id='word_1_514' title='bbox 1235 3127 1465 3198; x_wconf 71' lang='grc' dir='ltr'>τεὶἰιιιιο.</span> 
     </span>
    </p>
   </div>
   <div class='ocr_carea' id='block_1_64' title="bbox 523 3289 2044 3378">
    <p class='ocr_par' dir='ltr' id='par_1_64' title="bbox 523 3289 2044 3378">
     <span class='ocr_line' id='line_1_64' title="bbox 523 3289 2044 3378; baseline 0.005 -23"><span class='ocrx_word' id='word_1_515' title='bbox 523 3297 683 3368; x_wconf 86' lang='lat' dir='ltr'><strong>Quod</strong></span> <span class='ocrx_word' id='word_1_516' title='bbox 714 3303 862 3356; x_wconf 86' lang='lat' dir='ltr'><strong>enim</strong></span> <span class='ocrx_word' id='word_1_517' title='bbox 893 3305 1047 3358; x_wconf 87' lang='lat' dir='ltr'><strong>nulla</strong></span> <span class='ocrx_word' id='word_1_518' title='bbox 1086 3305 1160 3359; x_wconf 88' lang='lat' dir='ltr'><strong>sit</strong></span> <span class='ocrx_word' id='word_1_519' title='bbox 1190 3306 1334 3360; x_wconf 85' lang='lat' dir='ltr'><strong>ratio</strong></span> <span class='ocrx_word' id='word_1_520' title='bbox 1369 3321 1472 3375; x_wconf 92' lang='lat' dir='ltr'><strong>pro</strong></span> <span class='ocrx_word' id='word_1_521' title='bbox 1517 3289 1719 3376; x_wconf 69' lang='lat' dir='ltr'><strong>:eqhali</strong></span> <span class='ocrx_word' id='word_1_522' title='bbox 1769 3306 2044 3378; x_wconf 82' lang='lat' dir='ltr'><strong>dignitate</strong></span> 
     </span>
    </p>
   </div>
   <div class='ocr_carea' id='block_1_65' title="bbox 455 3394 2034 3468">
    <p class='ocr_par' dir='ltr' id='par_1_65' title="bbox 455 3394 2034 3468">
     <span class='ocr_line' id='line_1_65' title="bbox 455 3394 2034 3468; baseline 0.006 -23"><span class='ocrx_word' id='word_1_523' title='bbox 455 3394 748 3448; x_wconf 76' lang='lat' dir='ltr'><strong>sacerdotii</strong></span> <span class='ocrx_word' id='word_1_524' title='bbox 779 3395 964 3449; x_wconf 85' lang='lat' dir='ltr'><strong>Aaron</strong></span> <span class='ocrx_word' id='word_1_525' title='bbox 995 3395 1218 3450; x_wconf 88' lang='lat' dir='ltr'><strong>Christo</strong></span> <span class='ocrx_word' id='word_1_526' title='bbox 1248 3397 1632 3468; x_wconf 90' lang='lat' dir='ltr'><strong>comparandi,</strong></span> <span class='ocrx_word' id='word_1_527' title='bbox 1669 3399 1905 3455; x_wconf 86' lang='lat' dir='ltr'><strong>evidens</strong></span> <span class='ocrx_word' id='word_1_528' title='bbox 1926 3408 2034 3456; x_wconf 89' lang='lat' dir='ltr'><strong>est:</strong></span> 
     </span>
    </p>
   </div>
   <div class='ocr_carea' id='block_1_66' title="bbox 458 3484 2038 3562">
    <p class='ocr_par' dir='ltr' id='par_1_66' title="bbox 458 3484 2038 3562">
     <span class='ocr_line' id='line_1_66' title="bbox 458 3484 2038 3562; baseline 0.008 -26"><span class='ocrx_word' id='word_1_529' title='bbox 458 3484 666 3554; x_wconf 82' lang='lat' dir='ltr'><strong>quippe</strong></span> <span class='ocrx_word' id='word_1_530' title='bbox 698 3500 799 3553; x_wconf 90' lang='lat' dir='ltr'><strong>pro</strong></span> <span class='ocrx_word' id='word_1_531' title='bbox 821 3485 1004 3557; x_wconf 81' lang='lat' dir='ltr'><strong>Moyse</strong></span> <span class='ocrx_word' id='word_1_532' title='bbox 1048 3487 1145 3557; x_wconf 91' lang='lat' dir='ltr'><strong>qui</strong></span> <span class='ocrx_word' id='word_1_533' title='bbox 1192 3488 1297 3542; x_wconf 80' lang='lat' dir='ltr'><strong>Fuit</strong></span> <span class='ocrx_word' id='word_1_534' title='bbox 1355 3488 1476 3559; x_wconf 87' lang='lat' dir='ltr'><strong>ipso</strong></span> <span class='ocrx_word' id='word_1_535' title='bbox 1526 3491 1704 3560; x_wconf 83' lang='lat' dir='ltr'><strong>major</strong></span> <span class='ocrx_word' id='word_1_536' title='bbox 1749 3491 2038 3562; x_wconf 84' lang='lat' dir='ltr'><strong>amplioris</strong></span> 
     </span>
    </p>
   </div>
   <div class='ocr_carea' id='block_1_67' title="bbox 457 3575 2037 3652">
    <p class='ocr_par' dir='ltr' id='par_1_67' title="bbox 457 3575 2037 3652">
     <span class='ocr_line' id='line_1_67' title="bbox 457 3575 2037 3652; baseline 0.006 -24"><span class='ocrx_word' id='word_1_537' title='bbox 457 3575 650 3644; x_wconf 75' lang='lat' dir='ltr'><strong>gloriae</strong></span> <span class='ocrx_word' id='word_1_538' title='bbox 671 3575 873 3646; x_wconf 82' lang='lat' dir='ltr'><strong>dignus</strong></span> <span class='ocrx_word' id='word_1_539' title='bbox 897 3585 984 3632; x_wconf 88' lang='lat' dir='ltr'><strong>est</strong></span> <span class='ocrx_word' id='word_1_540' title='bbox 1015 3578 1259 3642; x_wconf 88' lang='lat' dir='ltr'><strong>habitus,</strong></span> <span class='ocrx_word' id='word_1_541' title='bbox 1291 3589 1502 3650; x_wconf 85' lang='lat' dir='ltr'><strong>quanto</strong></span> <span class='ocrx_word' id='word_1_542' title='bbox 1548 3581 1880 3652; x_wconf 89' lang='lat' dir='ltr'><strong>ampliorem</strong></span> <span class='ocrx_word' id='word_1_543' title='bbox 1931 3583 2037 3638; x_wconf 93' lang='lat' dir='ltr'><strong>ho-</strong></span> 
     </span>
    </p>
   </div>
   <div class='ocr_carea' id='block_1_68' title="bbox 456 3667 2038 3742">
    <p class='ocr_par' dir='ltr' id='par_1_68' title="bbox 456 3667 2038 3742">
     <span class='ocr_line' id='line_1_68' title="bbox 456 3667 2038 3742; baseline 0.005 -20"><span class='ocrx_word' id='word_1_544' title='bbox 456 3682 651 3722; x_wconf 90' lang='lat' dir='ltr'><strong>norem</strong></span> <span class='ocrx_word' id='word_1_545' title='bbox 707 3667 877 3724; x_wconf 88' lang='lat' dir='ltr'><strong>habet</strong></span> <span class='ocrx_word' id='word_1_546' title='bbox 927 3670 1127 3727; x_wconf 89' lang='lat' dir='ltr'><strong>domus</strong></span> <span class='ocrx_word' id='word_1_547' title='bbox 1181 3671 1279 3742; x_wconf 86' lang='lat' dir='ltr'><strong>qui</strong></span> <span class='ocrx_word' id='word_1_548' title='bbox 1304 3672 1603 3728; x_wconf 78' lang='lat' dir='ltr'><strong>fabricavit</strong></span> <span class='ocrx_word' id='word_1_549' title='bbox 1635 3674 1820 3729; x_wconf 88' lang='lat' dir='ltr'><strong>illam:</strong></span> <span class='ocrx_word' id='word_1_550' title='bbox 1851 3675 2038 3730; x_wconf 85' lang='lat' dir='ltr'><strong>adhuc</strong></span> 
     </span>
    </p>
   </div>
   <div class='ocr_carea' id='block_1_69' title="bbox 457 3761 2038 3837">
    <p class='ocr_par' dir='ltr' id='par_1_69' title="bbox 457 3761 2038 3837">
     <span class='ocr_line' id='line_1_69' title="bbox 457 3761 2038 3837; baseline 0.006 -23"><span class='ocrx_word' id='word_1_551' title='bbox 457 3761 764 3830; x_wconf 86' lang='lat' dir='ltr'><strong>apostolica</strong></span> <span class='ocrx_word' id='word_1_552' title='bbox 797 3762 1084 3820; x_wconf 91' lang='lat' dir='ltr'><strong>dicamus:</strong></span> <span class='ocrx_word' id='word_1_553' title='bbox 1111 3783 1130 3816; x_wconf 79' lang='grc' dir='ltr'><strong>ι</strong></span> <span class='ocrx_word' id='word_1_554' title='bbox 1155 3763 1212 3820; x_wconf 90' lang='lat' dir='ltr'><strong>Si</strong></span> <span class='ocrx_word' id='word_1_555' title='bbox 1253 3767 1662 3822; x_wconf 85' lang='lat' dir='ltr'><strong>consummatio</strong></span> <span class='ocrx_word' id='word_1_556' title='bbox 1713 3783 1817 3837; x_wconf 86' lang='lat' dir='ltr'><strong>per</strong></span> <span class='ocrx_word' id='word_1_557' title='bbox 1855 3768 2038 3824; x_wconf 88' lang='lat' dir='ltr'><strong>simile</strong></span> 
     </span>
    </p>
   </div>
   <div class='ocr_carea' id='block_1_70' title="bbox 457 3853 2036 3927">
    <p class='ocr_par' dir='ltr' id='par_1_70' title="bbox 457 3853 2036 3927">
     <span class='ocr_line' id='line_1_70' title="bbox 457 3853 2036 3927; baseline 0.005 -19"><span class='ocrx_word' id='word_1_558' title='bbox 457 3853 836 3910; x_wconf 86' lang='lat' dir='ltr'><strong>sacerdotium</strong></span> <span class='ocrx_word' id='word_1_559' title='bbox 892 3867 1033 3923; x_wconf 87' lang='lat' dir='ltr'><strong>erat,</strong></span> <span class='ocrx_word' id='word_1_560' title='bbox 1081 3857 1216 3927; x_wconf 86' lang='lat' dir='ltr'><strong>quid</strong></span> <span class='ocrx_word' id='word_1_561' title='bbox 1269 3860 1646 3915; x_wconf 83' lang='lat' dir='ltr'><strong>necessarium</strong></span> <span class='ocrx_word' id='word_1_562' title='bbox 1691 3860 1818 3924; x_wconf 80' lang='lat' dir='ltr'><strong>fuit,</strong></span> <span class='ocrx_word' id='word_1_563' title='bbox 1865 3861 2036 3916; x_wconf 86' lang='lat' dir='ltr'><strong>alium</strong></span> 
     </span>
    </p>
   </div>
   <div class='ocr_carea' id='block_1_71' title="bbox 459 3949 2038 4018">
    <p class='ocr_par' dir='ltr' id='par_1_71' title="bbox 459 3949 2038 4018">
     <span class='ocr_line' id='line_1_71' title="bbox 459 3949 2038 4018; baseline 0.008 -22"><span class='ocrx_word' id='word_1_564' title='bbox 459 3961 794 4018; x_wconf 74' lang='lat' dir='ltr'><strong>ronsurgere</strong></span> <span class='ocrx_word' id='word_1_565' title='bbox 864 3949 1209 4005; x_wconf 79' lang='lat' dir='ltr'><strong>sacerdotem</strong></span> <span class='ocrx_word' id='word_1_566' title='bbox 1261 3967 1327 4006; x_wconf 90' lang='lat' dir='ltr'><strong>ac</strong></span> <span class='ocrx_word' id='word_1_567' title='bbox 1397 3951 1705 4007; x_wconf 85' lang='lat' dir='ltr'><strong>secundum</strong></span> <span class='ocrx_word' id='word_1_568' title='bbox 1781 3952 2038 4008; x_wconf 90' lang='lat' dir='ltr'><strong>ordinem</strong></span> 
     </span>
    </p>
   </div>
   <div class='ocr_carea' id='block_1_72' title="bbox 457 4039 2038 4114">
    <p class='ocr_par' dir='ltr' id='par_1_72' title="bbox 457 4039 2038 4114">
     <span class='ocr_line' id='line_1_72' title="bbox 457 4039 2038 4114; baseline 0.005 -21"><span class='ocrx_word' id='word_1_569' title='bbox 457 4039 641 4114; x_wconf 75' lang='lat' dir='ltr'><strong>Aaron</strong></span> <span class='ocrx_word' id='word_1_570' title='bbox 671 4039 784 4096; x_wconf 88' lang='lat' dir='ltr'><strong>dici</strong></span> <span class='ocrx_word' id='word_1_571' title='bbox 827 4039 914 4094; x_wconf 68' lang='grc'><strong>’⁸2</strong></span> <span class='ocrx_word' id='word_1_572' title='bbox 935 4059 953 4092; x_wconf 78' lang='grc' dir='ltr'><strong>ι</strong></span> <span class='ocrx_word' id='word_1_573' title='bbox 985 4041 1162 4098; x_wconf 77' lang='lat' dir='ltr'><strong>Aliter</strong></span> <span class='ocrx_word' id='word_1_574' title='bbox 1199 4043 1245 4098; x_wconf 90' lang='lat' dir='ltr'><strong>si</strong></span> <span class='ocrx_word' id='word_1_575' title='bbox 1275 4059 1384 4098; x_wconf 91' lang='lat' dir='ltr'><strong>non</strong></span> <span class='ocrx_word' id='word_1_576' title='bbox 1416 4044 1748 4100; x_wconf 88' lang='lat' dir='ltr'><strong>translatum</strong></span> <span class='ocrx_word' id='word_1_577' title='bbox 1793 4045 1898 4100; x_wconf 81' lang='lat' dir='ltr'><strong>fuit</strong></span> <span class='ocrx_word' id='word_1_578' title='bbox 1946 4061 2038 4100; x_wconf 82' lang='lat' dir='ltr'><strong>sa-</strong></span> 
     </span>
    </p>
   </div>
   <div class='ocr_carea' id='block_1_73' title="bbox 457 4131 2038 4208">
    <p class='ocr_par' dir='ltr' id='par_1_73' title="bbox 457 4131 2038 4208">
     <span class='ocr_line' id='line_1_73' title="bbox 457 4131 2038 4208; baseline 0.004 -22"><span class='ocrx_word' id='word_1_579' title='bbox 457 4131 791 4200; x_wconf 89' lang='lat' dir='ltr'><strong>cerdotium,</strong></span> <span class='ocrx_word' id='word_1_580' title='bbox 817 4148 1000 4204; x_wconf 86' lang='lat' dir='ltr'><strong>neque</strong></span> <span class='ocrx_word' id='word_1_581' title='bbox 1042 4151 1270 4192; x_wconf 90' lang='lat' dir='ltr'><strong>necesse</strong></span> <span class='ocrx_word' id='word_1_582' title='bbox 1321 4136 1427 4192; x_wconf 81' lang='lat' dir='ltr'><strong>fuit</strong></span> <span class='ocrx_word' id='word_1_583' title='bbox 1479 4145 1540 4191; x_wconf 87' lang='lat' dir='ltr'><strong>ut</strong></span> <span class='ocrx_word' id='word_1_584' title='bbox 1580 4137 1722 4208; x_wconf 80' lang='lat' dir='ltr'><strong>legis</strong></span> <span class='ocrx_word' id='word_1_585' title='bbox 1751 4139 2038 4194; x_wconf 88' lang='lat' dir='ltr'><strong>translatio</strong></span> 
     </span>
    </p>
   </div>
   <div class='ocr_carea' id='block_1_74' title="bbox 417 4206 2040 4300">
    <p class='ocr_par' dir='ltr' id='par_1_74' title="bbox 417 4206 2040 4300">
     <span class='ocr_line' id='line_1_74' title="bbox 417 4206 2040 4300; baseline 0.006 -23"><span class='ocrx_word' id='word_1_586' title='bbox 417 4206 640 4291; x_wconf 54' lang='lat' dir='ltr'><strong>&#39;ﬁeret,</strong></span> <span class='ocrx_word' id='word_1_587' title='bbox 676 4233 738 4280; x_wconf 90' lang='lat' dir='ltr'><strong>ut</strong></span> <span class='ocrx_word' id='word_1_588' title='bbox 763 4225 902 4281; x_wconf 91' lang='lat' dir='ltr'><strong>dicit</strong></span> <span class='ocrx_word' id='word_1_589' title='bbox 941 4226 1058 4297; x_wconf 91' lang='lat' dir='ltr'><strong>ipse</strong></span> <span class='ocrx_word' id='word_1_590' title='bbox 1087 4227 1293 4284; x_wconf 87' lang='lat' dir='ltr'><strong>Paulus</strong></span> <span class='ocrx_word' id='word_1_591' title='bbox 1347 4206 1728 4300; x_wconf 74' lang='lat' dir='ltr'><strong>apostolus“,</strong></span> <span class='ocrx_word' id='word_1_592' title='bbox 1772 4231 1867 4285; x_wconf 90' lang='lat' dir='ltr'><strong>sed</strong></span> <span class='ocrx_word' id='word_1_593' title='bbox 1917 4241 2040 4286; x_wconf 84' lang='lat' dir='ltr'><strong>tan-</strong></span> 
     </span>
    </p>
   </div>
   <div class='ocr_carea' id='block_1_75' title="bbox 425 4310 2039 4389">
    <p class='ocr_par' dir='ltr' id='par_1_75' title="bbox 425 4310 2039 4389">
     <span class='ocr_line' id='line_1_75' title="bbox 425 4310 2039 4389; baseline 0.005 -22"><span class='ocrx_word' id='word_1_594' title='bbox 425 4310 430 4320; x_wconf 85' lang='lat'><em>&#39;</em></span> <span class='ocrx_word' id='word_1_595' title='bbox 463 4323 582 4368; x_wconf 92' lang='lat' dir='ltr'><strong>tum</strong></span> <span class='ocrx_word' id='word_1_596' title='bbox 612 4315 898 4372; x_wconf 88' lang='lat' dir='ltr'><strong>successio</strong></span> <span class='ocrx_word' id='word_1_597' title='bbox 924 4333 938 4382; x_wconf 91' lang='lat'>;</span> <span class='ocrx_word' id='word_1_598' title='bbox 969 4317 1042 4372; x_wconf 88' lang='lat' dir='ltr'><strong>ita</strong></span> <span class='ocrx_word' id='word_1_599' title='bbox 1065 4333 1200 4389; x_wconf 87' lang='lat' dir='ltr'><strong>ergo</strong></span> <span class='ocrx_word' id='word_1_600' title='bbox 1223 4325 1280 4373; x_wconf 92' lang='lat' dir='ltr'><strong>et</strong></span> <span class='ocrx_word' id='word_1_601' title='bbox 1304 4319 1422 4374; x_wconf 77' lang='lat' dir='ltr'><strong>haec</strong></span> <span class='ocrx_word' id='word_1_602' title='bbox 1445 4321 1615 4376; x_wconf 86' lang='lat' dir='ltr'><strong>verba</strong></span> <span class='ocrx_word' id='word_1_603' title='bbox 1644 4337 1656 4374; x_wconf 96' lang='lat'><strong>:</strong></span> <span class='ocrx_word' id='word_1_604' title='bbox 1693 4340 1712 4372; x_wconf 73' lang='grc' dir='ltr'><strong>ι</strong></span> <span class='ocrx_word' id='word_1_605' title='bbox 1737 4320 2039 4376; x_wconf 73' lang='lat' dir='ltr'><strong>Vocabitur</strong></span> 
     </span>
    </p>
   </div>
   <div class='ocr_carea' id='block_1_76' title="bbox 2137 3115 3726 3191">
    <p class='ocr_par' dir='ltr' id='par_1_76' title="bbox 2137 3115 3726 3191">
     <span class='ocr_line' id='line_1_76' title="bbox 2137 3115 3726 3191; baseline 0.001 -16"><span class='ocrx_word' id='word_1_606' title='bbox 2137 3120 2200 3175; x_wconf 86' lang='grc' dir='ltr'>οὐ</span> <span class='ocrx_word' id='word_1_607' title='bbox 2233 3118 2414 3190; x_wconf 79' lang='grc' dir='ltr'>μέντοι</span> <span class='ocrx_word' id='word_1_608' title='bbox 2444 3118 2538 3172; x_wconf 71' lang='grc' dir='ltr'><strong>καὶ</strong></span> <span class='ocrx_word' id='word_1_609' title='bbox 2581 3117 2895 3188; x_wconf 79' lang='grc' dir='ltr'>χαρίσματα</span> <span class='ocrx_word' id='word_1_610' title='bbox 2933 3121 3125 3188; x_wconf 79' lang='grc' dir='ltr'>ὃμοια’</span> <span class='ocrx_word' id='word_1_611' title='bbox 3158 3115 3195 3190; x_wconf 75' lang='grc' dir='ltr'>ἧ</span> <span class='ocrx_word' id='word_1_612' title='bbox 3233 3120 3346 3190; x_wconf 81' lang='grc' dir='ltr'><strong>γάρ</strong></span> <span class='ocrx_word' id='word_1_613' title='bbox 3386 3120 3461 3175; x_wconf 77' lang='grc' dir='ltr'>ἂν</span> <span class='ocrx_word' id='word_1_614' title='bbox 3514 3125 3610 3176; x_wconf 71' lang='grc' dir='ltr'><strong>καὶ</strong></span> <span class='ocrx_word' id='word_1_615' title='bbox 3655 3125 3726 3191; x_wconf 70' lang='grc' dir='ltr'><strong>τῷ</strong></span> 
     </span>
    </p>
   </div>
   <div class='ocr_carea' id='block_1_77' title="bbox 2149 3205 3723 3280">
    <p class='ocr_par' dir='ltr' id='par_1_77' title="bbox 2149 3205 3723 3280">
     <span class='ocr_line' id='line_1_77' title="bbox 2149 3205 3723 3280; baseline -0.015 4"><span class='ocrx_word' id='word_1_616' title='bbox 2149 3209 2362 3280; x_wconf 60' lang='grc' dir='ltr'><strong>’Λαβὼν</strong></span> <span class='ocrx_word' id='word_1_617' title='bbox 2392 3207 2592 3280; x_wconf 65' lang='grc' dir='ltr'><strong>ἐρρέθη</strong></span> <span class='ocrx_word' id='word_1_618' title='bbox 2621 3208 2702 3274; x_wconf 71' lang='grc' dir='ltr'><strong>τδν</strong></span> <span class='ocrx_word' id='word_1_619' title='bbox 2729 3209 2885 3272; x_wconf 74' lang='grc' dir='ltr'>ίΥξός</span> <span class='ocrx_word' id='word_1_620' title='bbox 2917 3227 3020 3280; x_wconf 79' lang='grc' dir='ltr'><strong>μου</strong></span> <span class='ocrx_word' id='word_1_621' title='bbox 3045 3205 3099 3263; x_wconf 70' lang='grc' dir='ltr'>εἴ</span> <span class='ocrx_word' id='word_1_622' title='bbox 3127 3211 3190 3262; x_wconf 75' lang='grc' dir='ltr'><strong>σύ</strong></span> <span class='ocrx_word' id='word_1_623' title='bbox 3213 3228 3228 3241; x_wconf 90' lang='grc'><strong>·</strong></span> <span class='ocrx_word' id='word_1_624' title='bbox 3254 3230 3274 3262; x_wconf 74' lang='grc' dir='ltr'><strong>ι</strong></span> <span class='ocrx_word' id='word_1_625' title='bbox 3298 3213 3411 3265; x_wconf 74' lang='grc' dir='ltr'><strong>καὶ</strong></span> <span class='ocrx_word' id='word_1_626' title='bbox 3445 3214 3519 3266; x_wconf 74' lang='grc' dir='ltr'><strong>τὲ.</strong></span> <span class='ocrx_word' id='word_1_627' title='bbox 3553 3214 3723 3268; x_wconf 67' lang='grc' dir='ltr'>λοιπά,</span> 
     </span>
    </p>
   </div>
   <div class='ocr_carea' id='block_1_78' title="bbox 2210 3300 3722 3375">
    <p class='ocr_par' dir='ltr' id='par_1_78' title="bbox 2210 3300 3722 3375">
     <span class='ocr_line' id='line_1_78' title="bbox 2210 3300 3722 3375; baseline -0.001 -18"><span class='ocrx_word' id='word_1_628' title='bbox 2210 3303 2333 3356; x_wconf 90' lang='grc' dir='ltr'>Ὅτι</span> <span class='ocrx_word' id='word_1_629' title='bbox 2377 3302 2488 3372; x_wconf 77' lang='grc' dir='ltr'><strong>γὰρ</strong></span> <span class='ocrx_word' id='word_1_630' title='bbox 2532 3300 2621 3356; x_wconf 63' lang='grc' dir='ltr'><strong>οἰδ·</strong></span> <span class='ocrx_word' id='word_1_631' title='bbox 2669 3300 2784 3371; x_wconf 77' lang='grc' dir='ltr'>ἔχει</span> <span class='ocrx_word' id='word_1_632' title='bbox 2812 3301 2970 3370; x_wconf 82' lang='grc' dir='ltr'>λόγον</span> <span class='ocrx_word' id='word_1_633' title='bbox 3004 3302 3147 3356; x_wconf 82' lang='grc' dir='ltr'>κατᾶ</span> <span class='ocrx_word' id='word_1_634' title='bbox 3184 3304 3285 3374; x_wconf 73' lang='grc' dir='ltr'>τὴν</span> <span class='ocrx_word' id='word_1_635' title='bbox 3321 3306 3606 3374; x_wconf 78' lang='grc' dir='ltr'>ἰσοτιμίαν</span> <span class='ocrx_word' id='word_1_636' title='bbox 3632 3309 3722 3375; x_wconf 76' lang='grc' dir='ltr'><strong>τῆς</strong></span> 
     </span>
    </p>
   </div>
   <div class='ocr_carea' id='block_1_79' title="bbox 2141 3390 3724 3468">
    <p class='ocr_par' dir='ltr' id='par_1_79' title="bbox 2141 3390 3724 3468">
     <span class='ocr_line' id='line_1_79' title="bbox 2141 3390 3724 3468; baseline -0.001 -20"><span class='ocrx_word' id='word_1_637' title='bbox 2141 3393 2443 3466; x_wconf 78' lang='grc' dir='ltr'>ἱερωσύνης</span> <span class='ocrx_word' id='word_1_638' title='bbox 2492 3390 2705 3463; x_wconf 81' lang='grc' dir='ltr'>’Λαρων</span> <span class='ocrx_word' id='word_1_639' title='bbox 2758 3393 3258 3466; x_wconf 83' lang='grc' dir='ltr'>συγκρίνεσθαιτῷ</span> <span class='ocrx_word' id='word_1_640' title='bbox 3301 3395 3562 3468; x_wconf 78' lang='grc' dir='ltr'>Χριστῷ,</span> <span class='ocrx_word' id='word_1_641' title='bbox 3599 3398 3724 3468; x_wconf 67' lang='grc' dir='ltr'>πρό-</span> 
     </span>
    </p>
   </div>
   <div class='ocr_carea' id='block_1_80' title="bbox 2137 3485 3730 3557">
    <p class='ocr_par' dir='ltr' id='par_1_80' title="bbox 2137 3485 3730 3557">
     <span class='ocr_line' id='line_1_80' title="bbox 2137 3485 3730 3557; baseline 0.002 -17"><span class='ocrx_word' id='word_1_642' title='bbox 2137 3486 2330 3556; x_wconf 73' lang='grc' dir='ltr'>δηλονο</span> <span class='ocrx_word' id='word_1_643' title='bbox 2363 3485 2521 3556; x_wconf 73' lang='grc' dir='ltr'>εἴπερ</span> <span class='ocrx_word' id='word_1_644' title='bbox 2557 3485 2652 3538; x_wconf 78' lang='grc' dir='ltr'>καὶ</span> <span class='ocrx_word' id='word_1_645' title='bbox 2683 3485 2969 3548; x_wconf 84' lang='grc' dir='ltr'>Μωῦσέως</span> <span class='ocrx_word' id='word_1_646' title='bbox 3010 3485 3107 3538; x_wconf 86' lang='grc' dir='ltr'><strong>τοῦ</strong></span> <span class='ocrx_word' id='word_1_647' title='bbox 3158 3487 3414 3557; x_wconf 73' lang='grc' dir='ltr'>μείζονος</span> <span class='ocrx_word' id='word_1_648' title='bbox 3455 3491 3625 3543; x_wconf 81' lang='grc' dir='ltr'>αὑτοῦ</span> <span class='ocrx_word' id='word_1_649' title='bbox 3653 3508 3730 3542; x_wconf 87' lang='grc' dir='ltr'>το-</span> 
     </span>
    </p>
   </div>
   <div class='ocr_carea' id='block_1_81' title="bbox 2140 3575 3725 3648">
    <p class='ocr_par' dir='ltr' id='par_1_81' title="bbox 2140 3575 3725 3648">
     <span class='ocr_line' id='line_1_81' title="bbox 2140 3575 3725 3648; baseline 0.003 -17"><span class='ocrx_word' id='word_1_650' title='bbox 2140 3577 2300 3632; x_wconf 89' lang='grc' dir='ltr'>σοῦτο</span> <span class='ocrx_word' id='word_1_651' title='bbox 2355 3575 2604 3638; x_wconf 85' lang='grc' dir='ltr'>πλείονος</span> <span class='ocrx_word' id='word_1_652' title='bbox 2662 3575 2822 3640; x_wconf 67' lang='grc' dir='ltr'>δόξης</span> <span class='ocrx_word' id='word_1_653' title='bbox 2874 3576 3104 3645; x_wconf 74' lang='grc' dir='ltr'>ἠξίωται</span> <span class='ocrx_word' id='word_1_654' title='bbox 3157 3579 3441 3648; x_wconf 82' lang='grc' dir='ltr'>Χριστὸς,</span> <span class='ocrx_word' id='word_1_655' title='bbox 3501 3581 3725 3634; x_wconf 73' lang='grc' dir='ltr'>καθόσον</span> 
     </span>
    </p>
   </div>
   <div class='ocr_carea' id='block_1_82' title="bbox 2140 3666 3724 3739">
    <p class='ocr_par' dir='ltr' id='par_1_82' title="bbox 2140 3666 3724 3739">
     <span class='ocr_line' id='line_1_82' title="bbox 2140 3666 3724 3739; baseline 0 -16"><span class='ocrx_word' id='word_1_656' title='bbox 2140 3669 2362 3723; x_wconf 81' lang='grc' dir='ltr'>πλείονα</span> <span class='ocrx_word' id='word_1_657' title='bbox 2387 3667 2552 3739; x_wconf 79' lang='grc' dir='ltr'>τιμὴν</span> <span class='ocrx_word' id='word_1_658' title='bbox 2582 3666 2693 3738; x_wconf 78' lang='grc' dir='ltr'>ἔχει</span> <span class='ocrx_word' id='word_1_659' title='bbox 2725 3667 2818 3722; x_wconf 88' lang='grc' dir='ltr'><strong>τοῦ</strong></span> <span class='ocrx_word' id='word_1_660' title='bbox 2845 3667 2998 3721; x_wconf 81' lang='grc' dir='ltr'>οἴκου</span> <span class='ocrx_word' id='word_1_661' title='bbox 3030 3669 3059 3721; x_wconf 86' lang='grc' dir='ltr'>ὁ</span> <span class='ocrx_word' id='word_1_662' title='bbox 3085 3673 3516 3735; x_wconf 69' lang='grc' dir='ltr'>κατασκευάσας</span> <span class='ocrx_word' id='word_1_663' title='bbox 3537 3674 3692 3726; x_wconf 65' lang='grc' dir='ltr'>αὐτόν</span> <span class='ocrx_word' id='word_1_664' title='bbox 3711 3689 3724 3702; x_wconf 91' lang='grc'>·</span> 
     </span>
    </p>
   </div>
   <div class='ocr_carea' id='block_1_83' title="bbox 2139 3759 3724 3833">
    <p class='ocr_par' dir='ltr' id='par_1_83' title="bbox 2139 3759 3724 3833">
     <span class='ocr_line' id='line_1_83' title="bbox 2139 3759 3724 3833; baseline 0.003 -19"><span class='ocrx_word' id='word_1_665' title='bbox 2139 3761 2219 3815; x_wconf 79' lang='grc' dir='ltr'>ἔτι</span> <span class='ocrx_word' id='word_1_666' title='bbox 2255 3761 2363 3832; x_wconf 77' lang='grc' dir='ltr'>μὴν</span> <span class='ocrx_word' id='word_1_667' title='bbox 2401 3759 2776 3823; x_wconf 84' lang='grc' dir='ltr'>άποστολικῶς</span> <span class='ocrx_word' id='word_1_668' title='bbox 2832 3761 3043 3813; x_wconf 77' lang='grc' dir='ltr'>εἰπεῖν·</span> <span class='ocrx_word' id='word_1_669' title='bbox 3103 3779 3121 3812; x_wconf 77' lang='grc' dir='ltr'><strong>ι</strong></span> <span class='ocrx_word' id='word_1_670' title='bbox 3147 3762 3212 3814; x_wconf 81' lang='grc' dir='ltr'><strong>Εἰ</strong></span> <span class='ocrx_word' id='word_1_671' title='bbox 3255 3765 3289 3833; x_wconf 73' lang='grc' dir='ltr'>ἡ</span> <span class='ocrx_word' id='word_1_672' title='bbox 3336 3763 3626 3828; x_wconf 79' lang='grc' dir='ltr'>τελείωσις</span> <span class='ocrx_word' id='word_1_673' title='bbox 3661 3765 3724 3817; x_wconf 71' lang='grc' dir='ltr'><strong>δι’</strong></span> 
     </span>
    </p>
   </div>
   <div class='ocr_carea' id='block_1_84' title="bbox 2138 3846 3725 3925">
    <p class='ocr_par' dir='ltr' id='par_1_84' title="bbox 2138 3846 3725 3925">
     <span class='ocr_line' id='line_1_84' title="bbox 2138 3846 3725 3925; baseline 0 -17"><span class='ocrx_word' id='word_1_674' title='bbox 2138 3854 2332 3925; x_wconf 79' lang='grc' dir='ltr'>ὁμοίας</span> <span class='ocrx_word' id='word_1_675' title='bbox 2369 3851 2672 3924; x_wconf 79' lang='grc' dir='ltr'>ἱερωσύνης</span> <span class='ocrx_word' id='word_1_676' title='bbox 2721 3846 2812 3923; x_wconf 80' lang='grc' dir='ltr'>ἦν,</span> <span class='ocrx_word' id='word_1_677' title='bbox 2857 3851 2946 3915; x_wconf 89' lang='grc' dir='ltr'><strong>τίς</strong></span> <span class='ocrx_word' id='word_1_678' title='bbox 2995 3853 3158 3922; x_wconf 83' lang='grc' dir='ltr'>χρεία</span> <span class='ocrx_word' id='word_1_679' title='bbox 3183 3854 3376 3923; x_wconf 80' lang='grc' dir='ltr'>ἕτερον</span> <span class='ocrx_word' id='word_1_680' title='bbox 3407 3856 3725 3909; x_wconf 69' lang='grc' dir='ltr'>ἀνίστασθαι</span> 
     </span>
    </p>
   </div>
   <div class='ocr_carea' id='block_1_85' title="bbox 2143 3943 3724 4016">
    <p class='ocr_par' dir='ltr' id='par_1_85' title="bbox 2143 3943 3724 4016">
     <span class='ocr_line' id='line_1_85' title="bbox 2143 3943 3724 4016; baseline -0.001 -16"><span class='ocrx_word' id='word_1_681' title='bbox 2143 3947 2292 4016; x_wconf 82' lang='grc' dir='ltr'>ἱερέα</span> <span class='ocrx_word' id='word_1_682' title='bbox 2322 3947 2462 3998; x_wconf 81' lang='grc' dir='ltr'>κατὰ</span> <span class='ocrx_word' id='word_1_683' title='bbox 2493 3945 2596 4016; x_wconf 80' lang='grc' dir='ltr'>τὴν</span> <span class='ocrx_word' id='word_1_684' title='bbox 2633 3943 2786 4009; x_wconf 82' lang='grc' dir='ltr'>τάξιν</span> <span class='ocrx_word' id='word_1_685' title='bbox 2827 3943 3040 4015; x_wconf 84' lang='grc' dir='ltr'>’Λαρὼν</span> <span class='ocrx_word' id='word_1_686' title='bbox 3085 3945 3375 4014; x_wconf 77' lang='grc' dir='ltr'>λέγεσθαις</span> <span class='ocrx_word' id='word_1_687' title='bbox 3405 3966 3424 3998; x_wconf 78' lang='grc' dir='ltr'><strong>ι</strong></span> <span class='ocrx_word' id='word_1_688' title='bbox 3461 3948 3640 4011; x_wconf 74' lang='grc' dir='ltr'>ἄλλως</span> <span class='ocrx_word' id='word_1_689' title='bbox 3669 3965 3724 4000; x_wconf 83' lang='grc' dir='ltr'><strong>τε</strong></span> 
     </span>
    </p>
   </div>
   <div class='ocr_carea' id='block_1_86' title="bbox 2139 4035 3723 4109">
    <p class='ocr_par' dir='ltr' id='par_1_86' title="bbox 2139 4035 3723 4109">
     <span class='ocr_line' id='line_1_86' title="bbox 2139 4035 3723 4109; baseline -0.001 -17"><span class='ocrx_word' id='word_1_690' title='bbox 2139 4039 2187 4092; x_wconf 84' lang='grc' dir='ltr'><strong>εί</strong></span> <span class='ocrx_word' id='word_1_691' title='bbox 2223 4038 2298 4109; x_wconf 83' lang='grc' dir='ltr'>μὴ</span> <span class='ocrx_word' id='word_1_692' title='bbox 2353 4036 2615 4108; x_wconf 82' lang='grc' dir='ltr'>μετετέθη</span> <span class='ocrx_word' id='word_1_693' title='bbox 2677 4037 2710 4108; x_wconf 84' lang='grc' dir='ltr'>ή</span> <span class='ocrx_word' id='word_1_694' title='bbox 2741 4037 3184 4106; x_wconf 77' lang='grc' dir='ltr'>ίερωσύνη,οὖδὲ</span> <span class='ocrx_word' id='word_1_695' title='bbox 3222 4035 3298 4102; x_wconf 81' lang='grc' dir='ltr'><strong>-ὲξ</strong></span> <span class='ocrx_word' id='word_1_696' title='bbox 3340 4039 3594 4107; x_wconf 68' lang='grc' dir='ltr'>ἀνάγκης</span> <span class='ocrx_word' id='word_1_697' title='bbox 3635 4039 3723 4092; x_wconf 72' lang='grc' dir='ltr'>καὶ</span> 
     </span>
    </p>
   </div>
   <div class='ocr_carea' id='block_1_87' title="bbox 2139 4120 3724 4199">
    <p class='ocr_par' dir='ltr' id='par_1_87' title="bbox 2139 4120 3724 4199">
     <span class='ocr_line' id='line_1_87' title="bbox 2139 4120 3724 4199; baseline 0 -16"><span class='ocrx_word' id='word_1_698' title='bbox 2139 4129 2304 4199; x_wconf 86' lang='grc' dir='ltr'>νόμου</span> <span class='ocrx_word' id='word_1_699' title='bbox 2339 4127 2630 4198; x_wconf 80' lang='grc' dir='ltr'>μετάθεσις</span> <span class='ocrx_word' id='word_1_700' title='bbox 2661 4120 2966 4199; x_wconf 83' lang='grc' dir='ltr'>γέγονεν,ᾖ</span> <span class='ocrx_word' id='word_1_701' title='bbox 2995 4143 3161 4196; x_wconf 77' lang='grc' dir='ltr'>φησιν</span> <span class='ocrx_word' id='word_1_702' title='bbox 3185 4129 3215 4180; x_wconf 85' lang='grc' dir='ltr'><em>ὁ</em></span> <span class='ocrx_word' id='word_1_703' title='bbox 3256 4127 3422 4190; x_wconf 82' lang='grc' dir='ltr'>αὐτὸς</span> <span class='ocrx_word' id='word_1_704' title='bbox 3458 4130 3670 4191; x_wconf 66' lang='lat' dir='ltr'><strong>lla-310;</strong></span> <span class='ocrx_word' id='word_1_705' title='bbox 3695 4131 3724 4182; x_wconf 83' lang='grc' dir='ltr'><strong>ὀ</strong></span> 
     </span>
    </p>
   </div>
   <div class='ocr_carea' id='block_1_88' title="bbox 2139 4221 3718 4292">
    <p class='ocr_par' dir='ltr' id='par_1_88' title="bbox 2139 4221 3718 4292">
     <span class='ocr_line' id='line_1_88' title="bbox 2139 4221 3718 4292; baseline 0.001 -15"><span class='ocrx_word' id='word_1_706' title='bbox 2139 4222 2457 4284; x_wconf 78' lang='grc' dir='ltr'>ἀπόστολος,</span> <span class='ocrx_word' id='word_1_707' title='bbox 2491 4221 2628 4274; x_wconf 78' lang='grc' dir='ltr'>ἀλλὰ</span> <span class='ocrx_word' id='word_1_708' title='bbox 2684 4222 2848 4291; x_wconf 85' lang='grc' dir='ltr'>μόνον</span> <span class='ocrx_word' id='word_1_709' title='bbox 2891 4222 3111 4292; x_wconf 79' lang='grc' dir='ltr'>διαδοχή</span> <span class='ocrx_word' id='word_1_710' title='bbox 3141 4239 3153 4251; x_wconf 80' lang='grc'><strong><em>⁸</em></strong></span> <span class='ocrx_word' id='word_1_711' title='bbox 3187 4221 3367 4287; x_wconf 77' lang='grc' dir='ltr'>οὕτως</span> <span class='ocrx_word' id='word_1_712' title='bbox 3399 4223 3495 4278; x_wconf 75' lang='grc' dir='ltr'>οὖν</span> <span class='ocrx_word' id='word_1_713' title='bbox 3521 4227 3616 4278; x_wconf 67' lang='grc' dir='ltr'>καὶ</span> <span class='ocrx_word' id='word_1_714' title='bbox 3645 4228 3718 4288; x_wconf 69' lang='grc' dir='ltr'>τί,</span> 
     </span>
    </p>
   </div>
   <div class='ocr_carea' id='block_1_89' title="bbox 2145 4313 3217 4386">
    <p class='ocr_par' dir='ltr' id='par_1_89' title="bbox 2145 4313 3217 4386">
     <span class='ocr_line' id='line_1_89' title="bbox 2145 4313 3217 4386; baseline -0.002 -18"><span class='ocrx_word' id='word_1_715' title='bbox 2145 4334 2164 4368; x_wconf 73' lang='grc' dir='ltr'><strong>ε</strong></span> <span class='ocrx_word' id='word_1_716' title='bbox 2191 4315 2558 4386; x_wconf 44' lang='grc' dir='ltr'>κληθήσεται.</span> <span class='ocrx_word' id='word_1_717' title='bbox 2577 4314 2705 4376; x_wconf 80' lang='grc' dir='ltr'>Υἱὸς</span> <span class='ocrx_word' id='word_1_718' title='bbox 2738 4313 2875 4366; x_wconf 84' lang='grc' dir='ltr'>Θεοῦ</span> <span class='ocrx_word' id='word_1_719' title='bbox 2903 4331 2917 4344; x_wconf 75' lang='grc' dir='ltr'><strong>ο</strong></span> <span class='ocrx_word' id='word_1_720' title='bbox 2947 4333 2966 4366; x_wconf 78' lang='grc' dir='ltr'><strong>ι</strong></span> <span class='ocrx_word' id='word_1_721' title='bbox 3004 4316 3096 4366; x_wconf 69' lang='grc' dir='ltr'>καὶ</span> <span class='ocrx_word' id='word_1_722' title='bbox 3134 4315 3217 4378; x_wconf 69' lang='grc' dir='ltr'>τὸ,</span> 
     </span>
    </p>
   </div>
   <div class='ocr_carea' id='block_1_90' title="bbox 3257 4316 3716 4387">
    <p class='ocr_par' dir='ltr' id='par_1_90' title="bbox 3257 4316 3716 4387">
     <span class='ocr_line' id='line_1_90' title="bbox 3257 4316 3716 4387; baseline 0.007 -20"><span class='ocrx_word' id='word_1_723' title='bbox 3257 4335 3276 4367; x_wconf 77' lang='grc' dir='ltr'><strong>ι</strong></span> <span class='ocrx_word' id='word_1_724' title='bbox 3301 4316 3434 4380; x_wconf 71' lang='grc' dir='ltr'>Υἱὸς</span> <span class='ocrx_word' id='word_1_725' title='bbox 3475 4319 3716 4387; x_wconf 56' lang='grc' dir='ltr'>Ὑψίστου</span> 
     </span>
    </p>
   </div>
   <div class='ocr_carea' id='block_1_91' title="bbox 459 4405 2034 4480">
    <p class='ocr_par' dir='ltr' id='par_1_91' title="bbox 459 4405 2034 4474">
     <span class='ocr_line' id='line_1_91' title="bbox 459 4405 2034 4474; baseline 0.005 -13"><span class='ocrx_word' id='word_1_726' title='bbox 459 4405 634 4463; x_wconf 83' lang='lat' dir='ltr'><strong>Filius</strong></span> <span class='ocrx_word' id='word_1_727' title='bbox 649 4409 746 4464; x_wconf 90' lang='lat' dir='ltr'><strong>Dei</strong></span> <span class='ocrx_word' id='word_1_728' title='bbox 767 4427 815 4474; x_wconf 83' lang='grc'><strong>;›</strong></span> <span class='ocrx_word' id='word_1_729' title='bbox 851 4418 908 4464; x_wconf 91' lang='lat' dir='ltr'><strong>et</strong></span> <span class='ocrx_word' id='word_1_730' title='bbox 930 4409 1068 4466; x_wconf 89' lang='lat' dir='ltr'><strong>ista:</strong></span> <span class='ocrx_word' id='word_1_731' title='bbox 1100 4431 1119 4464; x_wconf 87' lang='grc'><strong><em>‹</em></strong></span> <span class='ocrx_word' id='word_1_732' title='bbox 1146 4411 1320 4468; x_wconf 85' lang='lat' dir='ltr'><strong>Filius</strong></span> <span class='ocrx_word' id='word_1_733' title='bbox 1343 4412 1612 4469; x_wconf 86' lang='lat' dir='ltr'><strong>Altissimi</strong></span> <span class='ocrx_word' id='word_1_734' title='bbox 1637 4415 1928 4471; x_wconf 88' lang='lat' dir='ltr'><strong>vocabitur</strong></span> <span class='ocrx_word' id='word_1_735' title='bbox 1953 4414 2034 4465; x_wconf 68' lang='lat' dir='ltr'><strong>&quot;a&#39;</strong></span> 
     </span>
    </p>
   </div>
   <div class='ocr_carea' id='block_1_92' title="bbox 2140 4405 3716 4480">
    <p class='ocr_par' dir='ltr' id='par_1_92' title="bbox 2141 4405 3716 4478">
     <span class='ocr_line' id='line_1_92' title="bbox 2141 4405 3716 4478; baseline 0.001 -17"><span class='ocrx_word' id='word_1_736' title='bbox 2141 4407 2500 4478; x_wconf 74' lang='grc' dir='ltr'>κληθήσεται,</span> <span class='ocrx_word' id='word_1_737' title='bbox 2526 4425 2544 4456; x_wconf 78' lang='grc' dir='ltr'><strong>ι</strong></span> <span class='ocrx_word' id='word_1_738' title='bbox 2583 4406 2679 4460; x_wconf 72' lang='grc' dir='ltr'>καὶ</span> <span class='ocrx_word' id='word_1_739' title='bbox 2714 4405 2783 4459; x_wconf 83' lang='grc' dir='ltr'><strong>τά</strong></span> <span class='ocrx_word' id='word_1_740' title='bbox 2825 4407 2988 4462; x_wconf 77' lang='grc' dir='ltr'>λοιπὰ</span> <span class='ocrx_word' id='word_1_741' title='bbox 3013 4408 3243 4462; x_wconf 81' lang='grc' dir='ltr'>νοείσθω</span> <span class='ocrx_word' id='word_1_742' title='bbox 3265 4427 3278 4438; x_wconf 90' lang='grc'><strong>·</strong></span> <span class='ocrx_word' id='word_1_743' title='bbox 3307 4410 3406 4464; x_wconf 73' lang='grc' dir='ltr'>καὶ</span> <span class='ocrx_word' id='word_1_744' title='bbox 3435 4412 3498 4464; x_wconf 82' lang='grc' dir='ltr'>τὸ</span> <span class='ocrx_word' id='word_1_745' title='bbox 3530 4410 3716 4478; x_wconf 74' lang='grc' dir='ltr'>γεννώ-</span> 
     </span>
    </p>
   </div>
   <div class='ocr_carea' id='block_1_93' title="bbox 459 4499 2037 4572">
    <p class='ocr_par' dir='ltr' id='par_1_93' title="bbox 459 4499 2037 4572">
     <span class='ocr_line' id='line_1_93' title="bbox 459 4499 2037 4572; baseline 0.008 -22"><span class='ocrx_word' id='word_1_746' title='bbox 459 4504 516 4550; x_wconf 89' lang='lat' dir='ltr'><strong>et</strong></span> <span class='ocrx_word' id='word_1_747' title='bbox 568 4499 782 4568; x_wconf 87' lang='lat' dir='ltr'><strong>reliqua</strong></span> <span class='ocrx_word' id='word_1_748' title='bbox 816 4501 1095 4572; x_wconf 86' lang='lat' dir='ltr'><strong>inlellige:</strong></span> <span class='ocrx_word' id='word_1_749' title='bbox 1147 4505 1298 4572; x_wconf 89' lang='lat' dir='ltr'><strong>quod</strong></span> <span class='ocrx_word' id='word_1_750' title='bbox 1330 4506 1479 4560; x_wconf 90' lang='lat' dir='ltr'><strong>enim</strong></span> <span class='ocrx_word' id='word_1_751' title='bbox 1540 4515 1734 4563; x_wconf 87' lang='lat' dir='ltr'><strong>natum</strong></span> <span class='ocrx_word' id='word_1_752' title='bbox 1784 4515 1872 4562; x_wconf 89' lang='lat' dir='ltr'><strong>est</strong></span> <span class='ocrx_word' id='word_1_753' title='bbox 1906 4523 2037 4562; x_wconf 87' lang='lat' dir='ltr'><strong>san-</strong></span> 
     </span>
    </p>
   </div>
   <div class='ocr_carea' id='block_1_94' title="bbox 460 4595 2039 4670">
    <p class='ocr_par' dir='ltr' id='par_1_94' title="bbox 460 4595 2039 4670">
     <span class='ocr_line' id='line_1_94' title="bbox 460 4595 2039 4670; baseline 0.01 -30"><span class='ocrx_word' id='word_1_754' title='bbox 460 4595 611 4641; x_wconf 84' lang='lat' dir='ltr'><strong>etum</strong></span> <span class='ocrx_word' id='word_1_755' title='bbox 641 4600 782 4652; x_wconf 89' lang='lat' dir='ltr'><strong>erat,</strong></span> <span class='ocrx_word' id='word_1_756' title='bbox 832 4601 890 4645; x_wconf 90' lang='lat' dir='ltr'><strong>ct</strong></span> <span class='ocrx_word' id='word_1_757' title='bbox 927 4608 1038 4648; x_wconf 91' lang='lat' dir='ltr'><strong>non</strong></span> <span class='ocrx_word' id='word_1_758' title='bbox 1083 4595 1436 4652; x_wconf 88' lang='lat' dir='ltr'><strong>solummodo</strong></span> <span class='ocrx_word' id='word_1_759' title='bbox 1489 4601 1893 4656; x_wconf 86' lang='lat' dir='ltr'><strong>sanctiﬁcatum</strong></span> <span class='ocrx_word' id='word_1_760' title='bbox 1937 4616 2039 4670; x_wconf 88' lang='lat' dir='ltr'><strong>per</strong></span> 
     </span>
    </p>
   </div>
   <div class='ocr_carea' id='block_1_95' title="bbox 460 4679 2036 4762">
    <p class='ocr_par' dir='ltr' id='par_1_95' title="bbox 460 4679 2036 4762">
     <span class='ocr_line' id='line_1_95' title="bbox 460 4679 2036 4762; baseline 0.01 -28"><span class='ocrx_word' id='word_1_761' title='bbox 460 4679 770 4752; x_wconf 84' lang='lat' dir='ltr'><strong>ingenitum</strong></span> <span class='ocrx_word' id='word_1_762' title='bbox 796 4681 1064 4753; x_wconf 89' lang='lat' dir='ltr'><strong>Spiritum</strong></span> <span class='ocrx_word' id='word_1_763' title='bbox 1122 4694 1374 4742; x_wconf 90' lang='lat' dir='ltr'><strong>sanctum</strong></span> <span class='ocrx_word' id='word_1_764' title='bbox 1419 4691 1514 4758; x_wconf 88' lang='lat' dir='ltr'><strong>qui</strong></span> <span class='ocrx_word' id='word_1_765' title='bbox 1559 4707 1684 4746; x_wconf 86' lang='lat' dir='ltr'><strong>cum</strong></span> <span class='ocrx_word' id='word_1_766' title='bbox 1722 4693 1842 4762; x_wconf 90' lang='lat' dir='ltr'><strong>ipso</strong></span> <span class='ocrx_word' id='word_1_767' title='bbox 1894 4702 2036 4758; x_wconf 87' lang='lat' dir='ltr'><strong>erat,</strong></span> 
     </span>
    </p>
   </div>
   <div class='ocr_carea' id='block_1_96' title="bbox 466 4765 2040 4852">
    <p class='ocr_par' dir='ltr' id='par_1_96' title="bbox 466 4765 2040 4852">
     <span class='ocr_line' id='line_1_96' title="bbox 466 4765 2040 4852; baseline 0.007 -25"><span class='ocrx_word' id='word_1_768' title='bbox 466 4765 608 4827; x_wconf 71' lang='lat' dir='ltr'><strong>‘luod</strong></span> <span class='ocrx_word' id='word_1_769' title='bbox 640 4778 726 4827; x_wconf 88' lang='lat' dir='ltr'><strong>est</strong></span> <span class='ocrx_word' id='word_1_770' title='bbox 755 4781 811 4828; x_wconf 91' lang='lat' dir='ltr'><strong>et</strong></span> <span class='ocrx_word' id='word_1_771' title='bbox 831 4771 1068 4828; x_wconf 83' lang='lat' dir='ltr'><strong>Verbum</strong></span> <span class='ocrx_word' id='word_1_772' title='bbox 1103 4783 1322 4845; x_wconf 89' lang='lat' dir='ltr'><strong>partum</strong></span> <span class='ocrx_word' id='word_1_773' title='bbox 1347 4792 1415 4833; x_wconf 84' lang='lat' dir='ltr'><strong>ex</strong></span> <span class='ocrx_word' id='word_1_774' title='bbox 1433 4779 1686 4852; x_wconf 82' lang='lat' dir='ltr'><strong>Virgine:</strong></span> <span class='ocrx_word' id='word_1_775' title='bbox 1717 4783 1865 4852; x_wconf 91' lang='lat' dir='ltr'><strong>quod</strong></span> <span class='ocrx_word' id='word_1_776' title='bbox 1889 4785 2040 4838; x_wconf 89' lang='lat' dir='ltr'><strong>enim</strong></span> 
     </span>
    </p>
   </div>
   <div class='ocr_carea' id='block_1_97' title="bbox 475 4864 2034 4948">
    <p class='ocr_par' dir='ltr' id='par_1_97' title="bbox 475 4864 2034 4948">
     <span class='ocr_line' id='line_1_97' title="bbox 475 4864 2034 4948; baseline 0.009 -34"><span class='ocrx_word' id='word_1_777' title='bbox 475 4864 526 4917; x_wconf 88' lang='lat' dir='ltr'><strong>in</strong></span> <span class='ocrx_word' id='word_1_778' title='bbox 553 4877 613 4918; x_wconf 81' lang='lat' dir='ltr'><strong>ea</strong></span> <span class='ocrx_word' id='word_1_779' title='bbox 644 4872 1003 4935; x_wconf 90' lang='lat' dir='ltr'><strong>conceptum,</strong></span> <span class='ocrx_word' id='word_1_780' title='bbox 1035 4866 1173 4923; x_wconf 91' lang='lat' dir='ltr'><strong>dicit</strong></span> <span class='ocrx_word' id='word_1_781' title='bbox 1196 4868 1444 4948; x_wconf 70' lang='lat' dir='ltr'><strong>angelus,</strong></span> <span class='ocrx_word' id='word_1_782' title='bbox 1475 4885 1543 4926; x_wconf 78' lang='lat' dir='ltr'><strong>ex</strong></span> <span class='ocrx_word' id='word_1_783' title='bbox 1581 4871 1790 4942; x_wconf 90' lang='lat' dir='ltr'><strong>Spiritu</strong></span> <span class='ocrx_word' id='word_1_784' title='bbox 1820 4884 2034 4940; x_wconf 89' lang='lat' dir='ltr'><strong>sancto,</strong></span> 
     </span>
    </p>
   </div>
   <div class='ocr_carea' id='block_1_98' title="bbox 465 4950 2041 5032">
    <p class='ocr_par' dir='ltr' id='par_1_98' title="bbox 465 4950 2041 5032">
     <span class='ocr_line' id='line_1_98' title="bbox 465 4950 2041 5032; baseline 0.008 -24"><span class='ocrx_word' id='word_1_785' title='bbox 465 4950 708 5024; x_wconf 77' lang='lat' dir='ltr'><strong>Spiritus</strong></span> <span class='ocrx_word' id='word_1_786' title='bbox 727 4965 956 5012; x_wconf 88' lang='lat' dir='ltr'><strong>sanctus</strong></span> <span class='ocrx_word' id='word_1_787' title='bbox 984 4965 1072 5013; x_wconf 87' lang='lat' dir='ltr'><strong>est</strong></span> <span class='ocrx_word' id='word_1_788' title='bbox 1100 4975 1115 5012; x_wconf 92' lang='lat'><strong>:</strong></span> <span class='ocrx_word' id='word_1_789' title='bbox 1149 4958 1294 5014; x_wconf 87' lang='lat' dir='ltr'><strong>sicut</strong></span> <span class='ocrx_word' id='word_1_790' title='bbox 1323 4968 1382 5016; x_wconf 91' lang='lat' dir='ltr'><strong>et</strong></span> <span class='ocrx_word' id='word_1_791' title='bbox 1419 4963 1570 5032; x_wconf 83' lang='lat' dir='ltr'><strong>quod</strong></span> <span class='ocrx_word' id='word_1_792' title='bbox 1597 4979 1665 5018; x_wconf 84' lang='lat' dir='ltr'><strong>ex</strong></span> <span class='ocrx_word' id='word_1_793' title='bbox 1687 4976 1876 5029; x_wconf 75' lang='lat' dir='ltr'><strong>carne,</strong></span> <span class='ocrx_word' id='word_1_794' title='bbox 1911 4981 2041 5020; x_wconf 88' lang='lat' dir='ltr'><strong>caro</strong></span> 
     </span>
    </p>
   </div>
   <div class='ocr_carea' id='block_1_99' title="bbox 464 5043 2042 5120">
    <p class='ocr_par' dir='ltr' id='par_1_99' title="bbox 464 5043 2042 5120">
     <span class='ocr_line' id='line_1_99' title="bbox 464 5043 2042 5120; baseline 0.006 -21"><span class='ocrx_word' id='word_1_795' title='bbox 464 5043 672 5101; x_wconf 86' lang='lat' dir='ltr'><strong>dictum</strong></span> <span class='ocrx_word' id='word_1_796' title='bbox 706 5053 793 5101; x_wconf 86' lang='lat' dir='ltr'><strong>est</strong></span> <span class='ocrx_word' id='word_1_797' title='bbox 822 5061 979 5103; x_wconf 84' lang='lat' dir='ltr'><strong>esse:</strong></span> <span class='ocrx_word' id='word_1_798' title='bbox 1016 5049 1260 5120; x_wconf 84' lang='lat' dir='ltr'><strong>Spiritus</strong></span> <span class='ocrx_word' id='word_1_799' title='bbox 1289 5067 1422 5108; x_wconf 87' lang='lat' dir='ltr'><strong>vero</strong></span> <span class='ocrx_word' id='word_1_800' title='bbox 1452 5053 1619 5118; x_wconf 88' lang='lat' dir='ltr'><strong>Deus,</strong></span> <span class='ocrx_word' id='word_1_801' title='bbox 1645 5063 1702 5109; x_wconf 90' lang='lat' dir='ltr'><strong>et</strong></span> <span class='ocrx_word' id='word_1_802' title='bbox 1751 5055 1898 5111; x_wconf 87' lang='lat' dir='ltr'><strong>Deus</strong></span> <span class='ocrx_word' id='word_1_803' title='bbox 1922 5064 2042 5111; x_wconf 90' lang='lat' dir='ltr'><strong>erat</strong></span> 
     </span>
    </p>
   </div>
   <div class='ocr_carea' id='block_1_100' title="bbox 465 5139 2042 5218">
    <p class='ocr_par' dir='ltr' id='par_1_100' title="bbox 465 5139 2042 5218">
     <span class='ocr_line' id='line_1_100' title="bbox 465 5139 2042 5218; baseline 0.005 -23"><span class='ocrx_word' id='word_1_804' title='bbox 465 5139 751 5197; x_wconf 80' lang='lat' dir='ltr'><strong>Christus:</strong></span> <span class='ocrx_word' id='word_1_805' title='bbox 791 5141 940 5212; x_wconf 88' lang='lat' dir='ltr'><strong>quod</strong></span> <span class='ocrx_word' id='word_1_806' title='bbox 967 5151 1301 5214; x_wconf 91' lang='lat' dir='ltr'><strong>conceptum</strong></span> <span class='ocrx_word' id='word_1_807' title='bbox 1325 5145 1473 5200; x_wconf 90' lang='lat' dir='ltr'><strong>idem</strong></span> <span class='ocrx_word' id='word_1_808' title='bbox 1499 5156 1586 5202; x_wconf 90' lang='lat' dir='ltr'><strong>cst</strong></span> <span class='ocrx_word' id='word_1_809' title='bbox 1619 5162 1685 5202; x_wconf 90' lang='lat' dir='ltr'><strong>ae</strong></span> <span class='ocrx_word' id='word_1_810' title='bbox 1723 5149 1870 5217; x_wconf 86' lang='lat' dir='ltr'><strong>quod</strong></span> <span class='ocrx_word' id='word_1_811' title='bbox 1912 5164 2042 5218; x_wconf 87' lang='lat' dir='ltr'><strong>par-</strong></span> 
     </span>
    </p>
   </div>
   <div class='ocr_carea' id='block_1_101' title="bbox 465 5233 2040 5306">
    <p class='ocr_par' dir='ltr' id='par_1_101' title="bbox 465 5233 2040 5306">
     <span class='ocr_line' id='line_1_101' title="bbox 465 5233 2040 5306; baseline 0.005 -20"><span class='ocrx_word' id='word_1_812' title='bbox 465 5243 581 5286; x_wconf 82' lang='lat' dir='ltr'><strong>tum</strong></span> <span class='ocrx_word' id='word_1_813' title='bbox 623 5233 728 5288; x_wconf 84' lang='lat' dir='ltr'><strong>fuit</strong></span> <span class='ocrx_word' id='word_1_814' title='bbox 765 5250 915 5289; x_wconf 90' lang='lat' dir='ltr'><strong>:non</strong></span> <span class='ocrx_word' id='word_1_815' title='bbox 947 5235 1074 5290; x_wconf 86' lang='lat' dir='ltr'><strong>vani</strong></span> <span class='ocrx_word' id='word_1_816' title='bbox 1125 5235 1295 5306; x_wconf 80' lang='lat' dir='ltr'><strong>igitur</strong></span> <span class='ocrx_word' id='word_1_817' title='bbox 1323 5239 1570 5293; x_wconf 90' lang='lat' dir='ltr'><strong>nominis</strong></span> <span class='ocrx_word' id='word_1_818' title='bbox 1619 5249 1751 5293; x_wconf 89' lang='lat' dir='ltr'><strong>sunt</strong></span> <span class='ocrx_word' id='word_1_819' title='bbox 1799 5239 1942 5294; x_wconf 86' lang='lat' dir='ltr'><strong>dona</strong></span> <span class='ocrx_word' id='word_1_820' title='bbox 1971 5240 2040 5294; x_wconf 91' lang='lat' dir='ltr'><strong>de</strong></span> 
     </span>
    </p>
   </div>
   <div class='ocr_carea' id='block_1_102' title="bbox 463 5324 2040 5410">
    <p class='ocr_par' dir='ltr' id='par_1_102' title="bbox 463 5324 2040 5410">
     <span class='ocr_line' id='line_1_102' title="bbox 463 5324 2040 5410; baseline 0.006 -33"><span class='ocrx_word' id='word_1_821' title='bbox 463 5324 706 5392; x_wconf 80' lang='lat' dir='ltr'><strong>Christo,</strong></span> <span class='ocrx_word' id='word_1_822' title='bbox 739 5327 975 5388; x_wconf 80' lang='lat' dir='ltr'><strong>scilicet,</strong></span> <span class='ocrx_word' id='word_1_823' title='bbox 1008 5328 1155 5384; x_wconf 81' lang='lat' dir='ltr'><strong>Deus</strong></span> <span class='ocrx_word' id='word_1_824' title='bbox 1187 5337 1244 5384; x_wconf 88' lang='lat' dir='ltr'><strong>et</strong></span> <span class='ocrx_word' id='word_1_825' title='bbox 1271 5329 1445 5386; x_wconf 84' lang='lat' dir='ltr'><strong>Filius</strong></span> <span class='ocrx_word' id='word_1_826' title='bbox 1479 5331 1574 5384; x_wconf 82' lang='lat' dir='ltr'><strong>Dei</strong></span> <span class='ocrx_word' id='word_1_827' title='bbox 1615 5341 1670 5384; x_wconf 89' lang='lat' dir='ltr'><strong>et</strong></span> <span class='ocrx_word' id='word_1_828' title='bbox 1706 5330 2040 5410; x_wconf 77' lang='lat' dir='ltr'><strong>Unigenilus</strong></span> 
     </span>
    </p>
   </div>
   <div class='ocr_carea' id='block_1_103' title="bbox 463 5417 2037 5492">
    <p class='ocr_par' dir='ltr' id='par_1_103' title="bbox 463 5417 2037 5492">
     <span class='ocr_line' id='line_1_103' title="bbox 463 5417 2037 5492; baseline 0.004 -23"><span class='ocrx_word' id='word_1_829' title='bbox 463 5427 520 5470; x_wconf 80' lang='lat' dir='ltr'><strong>ct</strong></span> <span class='ocrx_word' id='word_1_830' title='bbox 550 5417 816 5472; x_wconf 82' lang='lat' dir='ltr'><strong>Dominus</strong></span> <span class='ocrx_word' id='word_1_831' title='bbox 845 5421 1053 5488; x_wconf 68' lang='lat' dir='ltr'><strong>glorim,</strong></span> <span class='ocrx_word' id='word_1_832' title='bbox 1083 5429 1139 5474; x_wconf 89' lang='lat' dir='ltr'><strong>et</strong></span> <span class='ocrx_word' id='word_1_833' title='bbox 1169 5422 1404 5492; x_wconf 79' lang='lat' dir='ltr'><strong>reliqua,</strong></span> <span class='ocrx_word' id='word_1_834' title='bbox 1436 5421 1532 5476; x_wconf 84' lang='lat' dir='ltr'><strong>sed</strong></span> <span class='ocrx_word' id='word_1_835' title='bbox 1581 5423 1748 5476; x_wconf 87' lang='lat' dir='ltr'><strong>realia</strong></span> <span class='ocrx_word' id='word_1_836' title='bbox 1771 5441 1784 5476; x_wconf 95' lang='lat'><strong>:</strong></span> <span class='ocrx_word' id='word_1_837' title='bbox 1806 5424 1851 5478; x_wconf 91' lang='lat' dir='ltr'><strong>si</strong></span> <span class='ocrx_word' id='word_1_838' title='bbox 1887 5423 2037 5478; x_wconf 86' lang='lat' dir='ltr'><strong>enim</strong></span> 
     </span>
    </p>
   </div>
   <div class='ocr_carea' id='block_1_104' title="bbox 467 5505 2044 5576">
    <p class='ocr_par' dir='ltr' id='par_1_104' title="bbox 467 5505 2044 5576">
     <span class='ocr_line' id='line_1_104' title="bbox 467 5505 2044 5576; baseline 0.006 -16"><span class='ocrx_word' id='word_1_839' title='bbox 467 5505 582 5562; x_wconf 61' lang='lat' dir='ltr'><strong>haec</strong></span> <span class='ocrx_word' id='word_1_840' title='bbox 603 5526 710 5565; x_wconf 88' lang='lat' dir='ltr'><strong>non</strong></span> <span class='ocrx_word' id='word_1_841' title='bbox 745 5511 817 5565; x_wconf 82' lang='lat' dir='ltr'><strong>ita</strong></span> <span class='ocrx_word' id='word_1_842' title='bbox 841 5525 1050 5576; x_wconf 78' lang='lat' dir='ltr'><strong>essent,</strong></span> <span class='ocrx_word' id='word_1_843' title='bbox 1076 5515 1272 5568; x_wconf 69' lang='lat' dir='ltr'><strong>falsum</strong></span> <span class='ocrx_word' id='word_1_844' title='bbox 1306 5531 1505 5569; x_wconf 87' lang='lat' dir='ltr'><strong>nomen</strong></span> <span class='ocrx_word' id='word_1_845' title='bbox 1543 5515 1748 5570; x_wconf 88' lang='lat' dir='ltr'><strong>donum</strong></span> <span class='ocrx_word' id='word_1_846' title='bbox 1784 5517 2044 5570; x_wconf 77' lang='lat' dir='ltr'><strong>nomina—</strong></span> 
     </span>
    </p>
   </div>
   <div class='ocr_carea' id='block_1_105' title="bbox 539 5687 1891 5765">
    <p class='ocr_par' dir='ltr' id='par_1_105' title="bbox 539 5687 1891 5765">
     <span class='ocr_line' id='line_1_105' title="bbox 539 5687 1891 5765; baseline 0.007 -22"><span class='ocrx_word' id='word_1_847' title='bbox 539 5687 583 5721; x_wconf 79' lang='grc'><strong>⁸³</strong></span> <span class='ocrx_word' id='word_1_848' title='bbox 612 5689 752 5744; x_wconf 71' lang='lat' dir='ltr'><strong>Psal.</strong></span> <span class='ocrx_word' id='word_1_849' title='bbox 808 5711 863 5757; x_wconf 89' lang='lat' dir='ltr'><strong>ll,</strong></span> <span class='ocrx_word' id='word_1_850' title='bbox 899 5696 965 5760; x_wconf 78' lang='lat'><strong>7&#39;,</strong></span> <span class='ocrx_word' id='word_1_851' title='bbox 1000 5694 1167 5749; x_wconf 73' lang='lat' dir='ltr'><strong>Hebr.</strong></span> <span class='ocrx_word' id='word_1_852' title='bbox 1208 5713 1258 5764; x_wconf 72' lang='grc' dir='ltr'>γ,</span> <span class='ocrx_word' id='word_1_853' title='bbox 1287 5697 1337 5750; x_wconf 78' lang='lat' dir='ltr'><strong>.‘i.</strong></span> <span class='ocrx_word' id='word_1_854' title='bbox 1419 5699 1461 5728; x_wconf 70' lang='lat'><em>“</em></span> <span class='ocrx_word' id='word_1_855' title='bbox 1495 5697 1635 5752; x_wconf 78' lang='lat' dir='ltr'><strong>Psal.</strong></span> <span class='ocrx_word' id='word_1_856' title='bbox 1667 5715 1772 5765; x_wconf 71' lang='grc' dir='ltr'>ειιι,</span> <span class='ocrx_word' id='word_1_857' title='bbox 1846 5701 1891 5753; x_wconf 67' lang='lat' dir='ltr'><strong>’i.</strong></span> 
     </span>
    </p>
   </div>
   <div class='ocr_carea' id='block_1_106' title="bbox 1969 5698 2452 5764">
    <p class='ocr_par' dir='ltr' id='par_1_106' title="bbox 1969 5698 2452 5764">
     <span class='ocr_line' id='line_1_106' title="bbox 1969 5698 2452 5764; baseline 0 -10"><span class='ocrx_word' id='word_1_858' title='bbox 1969 5699 2009 5732; x_wconf 81' lang='lat'><strong>&quot;</strong></span> <span class='ocrx_word' id='word_1_859' title='bbox 2040 5698 2208 5754; x_wconf 77' lang='lat' dir='ltr'><strong>Hebr.</strong></span> <span class='ocrx_word' id='word_1_860' title='bbox 2243 5715 2337 5764; x_wconf 81' lang='lat' dir='ltr'><strong>vn,</strong></span> <span class='ocrx_word' id='word_1_861' title='bbox 2373 5701 2452 5754; x_wconf 87' lang='lat' dir='ltr'><strong>ll.</strong></span> 
     </span>
    </p>
   </div>
   <div class='ocr_carea' id='block_1_107' title="bbox 2138 4495 3716 4572">
    <p class='ocr_par' dir='ltr' id='par_1_107' title="bbox 2138 4495 3716 4572">
     <span class='ocr_line' id='line_1_107' title="bbox 2138 4495 3716 4572; baseline 0.003 -21"><span class='ocrx_word' id='word_1_862' title='bbox 2138 4515 2300 4569; x_wconf 88' lang='grc' dir='ltr'>μενον</span> <span class='ocrx_word' id='word_1_863' title='bbox 2323 4497 2435 4568; x_wconf 82' lang='grc' dir='ltr'>γὰρ</span> <span class='ocrx_word' id='word_1_864' title='bbox 2458 4498 2612 4565; x_wconf 74' lang='grc' dir='ltr'>ἅγιον</span> <span class='ocrx_word' id='word_1_865' title='bbox 2638 4495 2706 4569; x_wconf 78' lang='grc' dir='ltr'>ἦν</span> <span class='ocrx_word' id='word_1_866' title='bbox 2726 4513 2742 4528; x_wconf 79' lang='grc' dir='ltr'><strong>ο</strong></span> <span class='ocrx_word' id='word_1_867' title='bbox 2777 4499 2872 4550; x_wconf 75' lang='grc' dir='ltr'><strong>καὶ</strong></span> <span class='ocrx_word' id='word_1_868' title='bbox 2903 4499 2966 4551; x_wconf 84' lang='grc' dir='ltr'>οὐ</span> <span class='ocrx_word' id='word_1_869' title='bbox 2997 4499 3161 4568; x_wconf 86' lang='grc' dir='ltr'>μόνον</span> <span class='ocrx_word' id='word_1_870' title='bbox 3189 4501 3529 4572; x_wconf 74' lang='grc' dir='ltr'>ἡγιασμένον</span> <span class='ocrx_word' id='word_1_871' title='bbox 3555 4503 3640 4556; x_wconf 75' lang='grc' dir='ltr'>διὰ</span> <span class='ocrx_word' id='word_1_872' title='bbox 3663 4503 3716 4555; x_wconf 70' lang='grc' dir='ltr'>τὸ</span> 
     </span>
    </p>
   </div>
   <div class='ocr_carea' id='block_1_108' title="bbox 2136 4589 3716 4662">
    <p class='ocr_par' dir='ltr' id='par_1_108' title="bbox 2136 4589 3716 4662">
     <span class='ocr_line' id='line_1_108' title="bbox 2136 4589 3716 4662; baseline 0.003 -19"><span class='ocrx_word' id='word_1_873' title='bbox 2136 4591 2538 4661; x_wconf 87' lang='grc' dir='ltr'>συγγενόμενον</span> <span class='ocrx_word' id='word_1_874' title='bbox 2563 4589 2710 4660; x_wconf 83' lang='grc' dir='ltr'>αὐτῷ</span> <span class='ocrx_word' id='word_1_875' title='bbox 2757 4589 3054 4660; x_wconf 78' lang='grc' dir='ltr'>ἀγέννητον</span> <span class='ocrx_word' id='word_1_876' title='bbox 3084 4591 3312 4662; x_wconf 80' lang='grc' dir='ltr'>Πνεῦμα</span> <span class='ocrx_word' id='word_1_877' title='bbox 3345 4595 3525 4662; x_wconf 68' lang='grc' dir='ltr'>ἅγιον,</span> <span class='ocrx_word' id='word_1_878' title='bbox 3557 4596 3586 4648; x_wconf 81' lang='grc' dir='ltr'><strong>ὅ</strong></span> <span class='ocrx_word' id='word_1_879' title='bbox 3609 4597 3716 4648; x_wconf 70' lang='grc' dir='ltr'>ἔστι</span> 
     </span>
    </p>
   </div>
   <div class='ocr_carea' id='block_1_109' title="bbox 2137 4682 3714 4758">
    <p class='ocr_par' dir='ltr' id='par_1_109' title="bbox 2137 4682 3714 4758">
     <span class='ocr_line' id='line_1_109' title="bbox 2137 4682 3714 4758; baseline 0.001 -22"><span class='ocrx_word' id='word_1_880' title='bbox 2137 4682 2233 4736; x_wconf 70' lang='grc' dir='ltr'>καὶ</span> <span class='ocrx_word' id='word_1_881' title='bbox 2260 4685 2288 4736; x_wconf 83' lang='grc' dir='ltr'>ὁ</span> <span class='ocrx_word' id='word_1_882' title='bbox 2317 4683 2488 4750; x_wconf 83' lang='grc' dir='ltr'>Λόγος</span> <span class='ocrx_word' id='word_1_883' title='bbox 2534 4682 2748 4753; x_wconf 73' lang='grc' dir='ltr'>τεχθεὶς</span> <span class='ocrx_word' id='word_1_884' title='bbox 2805 4683 2871 4734; x_wconf 77' lang='grc' dir='ltr'>ὲκ</span> <span class='ocrx_word' id='word_1_885' title='bbox 2911 4683 3012 4752; x_wconf 81' lang='grc' dir='ltr'>τῆς</span> <span class='ocrx_word' id='word_1_886' title='bbox 3063 4685 3378 4751; x_wconf 80' lang='grc' dir='ltr'>Παρθένου·</span> <span class='ocrx_word' id='word_1_887' title='bbox 3408 4686 3472 4738; x_wconf 86' lang='grc' dir='ltr'>τὸ</span> <span class='ocrx_word' id='word_1_888' title='bbox 3517 4687 3623 4758; x_wconf 76' lang='grc' dir='ltr'><strong>γάρ</strong></span> <span class='ocrx_word' id='word_1_889' title='bbox 3663 4689 3714 4739; x_wconf 71' lang='grc' dir='ltr'>ἐν</span> 
     </span>
    </p>
   </div>
   <div class='ocr_carea' id='block_1_110' title="bbox 2139 4775 3718 4848">
    <p class='ocr_par' dir='ltr' id='par_1_110' title="bbox 2139 4775 3718 4848">
     <span class='ocr_line' id='line_1_110' title="bbox 2139 4775 3718 4848; baseline 0.003 -20"><span class='ocrx_word' id='word_1_890' title='bbox 2139 4775 2277 4847; x_wconf 82' lang='grc' dir='ltr'>αὑτῇ</span> <span class='ocrx_word' id='word_1_891' title='bbox 2312 4775 2637 4846; x_wconf 79' lang='grc' dir='ltr'>συλληφθὲν,</span> <span class='ocrx_word' id='word_1_892' title='bbox 2702 4775 2869 4846; x_wconf 75' lang='grc' dir='ltr'>φησὶν</span> <span class='ocrx_word' id='word_1_893' title='bbox 2920 4777 2949 4829; x_wconf 84' lang='grc' dir='ltr'><strong>ὁ</strong></span> <span class='ocrx_word' id='word_1_894' title='bbox 2994 4775 3252 4845; x_wconf 81' lang='grc' dir='ltr'>ἄγγελος,</span> <span class='ocrx_word' id='word_1_895' title='bbox 3305 4777 3388 4840; x_wconf 71' lang='grc' dir='ltr'>ἐκ,</span> <span class='ocrx_word' id='word_1_896' title='bbox 3419 4778 3718 4848; x_wconf 78' lang='grc' dir='ltr'>Πνεῦματος</span> 
     </span>
    </p>
   </div>
   <div class='ocr_carea' id='block_1_111' title="bbox 2140 4865 3717 4939">
    <p class='ocr_par' dir='ltr' id='par_1_111' title="bbox 2140 4865 3717 4939">
     <span class='ocr_line' id='line_1_111' title="bbox 2140 4865 3717 4939; baseline 0.002 -18"><span class='ocrx_word' id='word_1_897' title='bbox 2140 4867 2318 4936; x_wconf 84' lang='grc' dir='ltr'>ἁγίου,</span> <span class='ocrx_word' id='word_1_898' title='bbox 2354 4865 2580 4937; x_wconf 84' lang='grc' dir='ltr'>Πνεῦμα</span> <span class='ocrx_word' id='word_1_899' title='bbox 2629 4866 2786 4935; x_wconf 76' lang='grc' dir='ltr'>ἅγιόν</span> <span class='ocrx_word' id='word_1_900' title='bbox 2831 4869 2985 4922; x_wconf 79' lang='grc' dir='ltr'>ἐστιν</span> <span class='ocrx_word' id='word_1_901' title='bbox 3011 4884 3026 4899; x_wconf 83' lang='lat'><strong><em>°</em></strong></span> <span class='ocrx_word' id='word_1_902' title='bbox 3067 4867 3261 4939; x_wconf 84' lang='grc' dir='ltr'>ὥσπερ</span> <span class='ocrx_word' id='word_1_903' title='bbox 3297 4871 3394 4923; x_wconf 78' lang='grc' dir='ltr'><strong>καὶ</strong></span> <span class='ocrx_word' id='word_1_904' title='bbox 3428 4871 3490 4924; x_wconf 85' lang='grc' dir='ltr'>τὸ</span> <span class='ocrx_word' id='word_1_905' title='bbox 3523 4873 3587 4924; x_wconf 78' lang='grc' dir='ltr'>ἐκ</span> <span class='ocrx_word' id='word_1_906' title='bbox 3627 4869 3717 4938; x_wconf 75' lang='grc' dir='ltr'>τῆς</span> 
     </span>
    </p>
   </div>
   <div class='ocr_carea' id='block_1_112' title="bbox 2141 4956 3720 5032">
    <p class='ocr_par' dir='ltr' id='par_1_112' title="bbox 2141 4956 3720 5032">
     <span class='ocr_line' id='line_1_112' title="bbox 2141 4956 3720 5032; baseline 0.001 -20"><span class='ocrx_word' id='word_1_907' title='bbox 2141 4959 2364 5032; x_wconf 85' lang='grc' dir='ltr'>σαρκὸς,</span> <span class='ocrx_word' id='word_1_908' title='bbox 2399 4959 2535 5030; x_wconf 81' lang='grc' dir='ltr'>σὰρξ</span> <span class='ocrx_word' id='word_1_909' title='bbox 2576 4958 2796 5030; x_wconf 73' lang='grc' dir='ltr'>εἴρηται</span> <span class='ocrx_word' id='word_1_910' title='bbox 2837 4956 2978 5013; x_wconf 80' lang='grc' dir='ltr'>εἶναι</span> <span class='ocrx_word' id='word_1_911' title='bbox 3003 4977 3018 4991; x_wconf 74' lang='grc' dir='ltr'><strong><em>ο</em></strong></span> <span class='ocrx_word' id='word_1_912' title='bbox 3049 4960 3280 5030; x_wconf 88' lang='grc' dir='ltr'>Πνεῦμα</span> <span class='ocrx_word' id='word_1_913' title='bbox 3303 4961 3364 5016; x_wconf 71' lang='grc' dir='ltr'><strong>δὲ</strong></span> <span class='ocrx_word' id='word_1_914' title='bbox 3387 4964 3419 5016; x_wconf 78' lang='grc' dir='ltr'><strong>ό</strong></span> <span class='ocrx_word' id='word_1_915' title='bbox 3441 4963 3576 5026; x_wconf 82' lang='grc' dir='ltr'>Θεὸς</span> <span class='ocrx_word' id='word_1_916' title='bbox 3594 4979 3614 4995; x_wconf 77' lang='grc' dir='ltr'><strong>ο</strong></span> <span class='ocrx_word' id='word_1_917' title='bbox 3633 4962 3720 5015; x_wconf 74' lang='grc' dir='ltr'>καὶ</span> 
     </span>
    </p>
   </div>
   <div class='ocr_carea' id='block_1_113' title="bbox 2139 5046 3718 5125">
    <p class='ocr_par' dir='ltr' id='par_1_113' title="bbox 2139 5046 3718 5125">
     <span class='ocr_line' id='line_1_113' title="bbox 2139 5046 3718 5125; baseline 0.001 -21"><span class='ocrx_word' id='word_1_918' title='bbox 2139 5051 2270 5115; x_wconf 85' lang='grc' dir='ltr'>Θεὸς</span> <span class='ocrx_word' id='word_1_919' title='bbox 2305 5051 2362 5104; x_wconf 81' lang='grc' dir='ltr'><strong>δὲ</strong></span> <span class='ocrx_word' id='word_1_920' title='bbox 2399 5046 2528 5121; x_wconf 73' lang='grc' dir='ltr'><strong>ἦψὸ</strong></span> <span class='ocrx_word' id='word_1_921' title='bbox 2558 5052 2793 5121; x_wconf 81' lang='grc' dir='ltr'>Χριστός</span> <span class='ocrx_word' id='word_1_922' title='bbox 2812 5069 2827 5084; x_wconf 75' lang='lat'>&#39;</span> <span class='ocrx_word' id='word_1_923' title='bbox 2859 5052 2921 5106; x_wconf 90' lang='grc' dir='ltr'>τὸ</span> <span class='ocrx_word' id='word_1_924' title='bbox 2967 5053 3276 5125; x_wconf 76' lang='grc' dir='ltr'>συλληφθὲν</span> <span class='ocrx_word' id='word_1_925' title='bbox 3303 5053 3468 5108; x_wconf 84' lang='grc' dir='ltr'>τοῦτό</span> <span class='ocrx_word' id='word_1_926' title='bbox 3496 5055 3718 5109; x_wconf 71' lang='grc' dir='ltr'>ἐστικαὶ</span> 
     </span>
    </p>
   </div>
   <div class='ocr_carea' id='block_1_114' title="bbox 2139 5141 3718 5219">
    <p class='ocr_par' dir='ltr' id='par_1_114' title="bbox 2139 5141 3718 5219">
     <span class='ocr_line' id='line_1_114' title="bbox 2139 5141 3718 5219; baseline 0.002 -22"><span class='ocrx_word' id='word_1_927' title='bbox 2139 5144 2200 5198; x_wconf 80' lang='grc' dir='ltr'>τὸ</span> <span class='ocrx_word' id='word_1_928' title='bbox 2236 5144 2546 5216; x_wconf 80' lang='grc' dir='ltr'>συντεχοὲν.</span> <span class='ocrx_word' id='word_1_929' title='bbox 2613 5146 2688 5199; x_wconf 76' lang='grc' dir='ltr'><strong>οὐ</strong></span> <span class='ocrx_word' id='word_1_930' title='bbox 2733 5145 2904 5199; x_wconf 81' lang='grc' dir='ltr'>κενῶν</span> <span class='ocrx_word' id='word_1_931' title='bbox 2949 5141 3045 5200; x_wconf 84' lang='grc' dir='ltr'>οὗν</span> <span class='ocrx_word' id='word_1_932' title='bbox 3092 5147 3377 5216; x_wconf 85' lang='grc' dir='ltr'>ὀνομάτων</span> <span class='ocrx_word' id='word_1_933' title='bbox 3417 5148 3718 5219; x_wconf 79' lang='grc' dir='ltr'>χαρίσματα</span> 
     </span>
    </p>
   </div>
   <div class='ocr_carea' id='block_1_115' title="bbox 2145 5237 3719 5308">
    <p class='ocr_par' dir='ltr' id='par_1_115' title="bbox 2145 5237 3719 5308">
     <span class='ocr_line' id='line_1_115' title="bbox 2145 5237 3719 5308; baseline 0.001 -18"><span class='ocrx_word' id='word_1_934' title='bbox 2145 5237 2237 5290; x_wconf 73' lang='grc' dir='ltr'><strong>ἐπὶ</strong></span> <span class='ocrx_word' id='word_1_935' title='bbox 2265 5238 2522 5308; x_wconf 75' lang='grc' dir='ltr'>Χριστοῦ,</span> <span class='ocrx_word' id='word_1_936' title='bbox 2557 5237 2619 5292; x_wconf 82' lang='grc' dir='ltr'>τό</span> <span class='ocrx_word' id='word_1_937' title='bbox 2646 5255 2704 5292; x_wconf 89' lang='grc' dir='ltr'><strong>τε</strong></span> <span class='ocrx_word' id='word_1_938' title='bbox 2746 5239 2878 5302; x_wconf 88' lang='grc' dir='ltr'>Θεὸς</span> <span class='ocrx_word' id='word_1_939' title='bbox 2923 5241 3016 5292; x_wconf 73' lang='grc' dir='ltr'>καὶ</span> <span class='ocrx_word' id='word_1_940' title='bbox 3045 5239 3177 5303; x_wconf 83' lang='grc' dir='ltr'>Υἱὸς</span> <span class='ocrx_word' id='word_1_941' title='bbox 3199 5239 3338 5293; x_wconf 78' lang='grc' dir='ltr'>Θεοῦ</span> <span class='ocrx_word' id='word_1_942' title='bbox 3363 5241 3456 5294; x_wconf 79' lang='grc' dir='ltr'>καὶ</span> <span class='ocrx_word' id='word_1_943' title='bbox 3481 5242 3719 5308; x_wconf 63' lang='grc' dir='ltr'><strong>³Μονογεο</strong></span> 
     </span>
    </p>
   </div>
   <div class='ocr_carea' id='block_1_116' title="bbox 2148 5332 3716 5402">
    <p class='ocr_par' dir='ltr' id='par_1_116' title="bbox 2148 5332 3716 5402">
     <span class='ocr_line' id='line_1_116' title="bbox 2148 5332 3716 5402; baseline 0 -17"><span class='ocrx_word' id='word_1_944' title='bbox 2148 5333 2244 5400; x_wconf 72' lang='grc' dir='ltr'>νὴς</span> <span class='ocrx_word' id='word_1_945' title='bbox 2274 5335 2369 5384; x_wconf 69' lang='grc' dir='ltr'>καὶ</span> <span class='ocrx_word' id='word_1_946' title='bbox 2388 5332 2593 5402; x_wconf 80' lang='grc' dir='ltr'>Κύριος</span> <span class='ocrx_word' id='word_1_947' title='bbox 2619 5333 2718 5401; x_wconf 64' lang='grc' dir='ltr'>τῆς</span> <span class='ocrx_word' id='word_1_948' title='bbox 2747 5332 2928 5400; x_wconf 77' lang='grc' dir='ltr'>δόξης,</span> <span class='ocrx_word' id='word_1_949' title='bbox 2960 5333 3059 5386; x_wconf 70' lang='grc' dir='ltr'>καὶ</span> <span class='ocrx_word' id='word_1_950' title='bbox 3086 5333 3154 5386; x_wconf 69' lang='grc' dir='ltr'><strong>τά</strong></span> <span class='ocrx_word' id='word_1_951' title='bbox 3197 5332 3388 5398; x_wconf 78' lang='grc' dir='ltr'>λοιπὰ,</span> <span class='ocrx_word' id='word_1_952' title='bbox 3421 5333 3560 5387; x_wconf 72' lang='grc' dir='ltr'>ἀλλὰ</span> <span class='ocrx_word' id='word_1_953' title='bbox 3587 5335 3716 5402; x_wconf 68' lang='grc' dir='ltr'>πρά-</span> 
     </span>
    </p>
   </div>
   <div class='ocr_carea' id='block_1_117' title="bbox 2148 5425 3716 5498">
    <p class='ocr_par' dir='ltr' id='par_1_117' title="bbox 2148 5425 3716 5498">
     <span class='ocr_line' id='line_1_117' title="bbox 2148 5425 3716 5498; baseline 0 -20"><span class='ocrx_word' id='word_1_954' title='bbox 2148 5443 2314 5494; x_wconf 78' lang='grc' dir='ltr'>γματι</span> <span class='ocrx_word' id='word_1_955' title='bbox 2352 5425 2522 5478; x_wconf 71' lang='grc' dir='ltr'>ὅντων</span> <span class='ocrx_word' id='word_1_956' title='bbox 2545 5440 2560 5454; x_wconf 66' lang='grc' dir='ltr'><strong>ο</strong></span> <span class='ocrx_word' id='word_1_957' title='bbox 2587 5427 2636 5477; x_wconf 89' lang='grc' dir='ltr'><strong>εἱ</strong></span> <span class='ocrx_word' id='word_1_958' title='bbox 2685 5425 2796 5498; x_wconf 84' lang='grc' dir='ltr'>γὰρ</span> <span class='ocrx_word' id='word_1_959' title='bbox 2823 5425 2899 5496; x_wconf 80' lang='grc' dir='ltr'>μὴ</span> <span class='ocrx_word' id='word_1_960' title='bbox 2923 5426 3050 5480; x_wconf 79' lang='grc' dir='ltr'>τάδε</span> <span class='ocrx_word' id='word_1_961' title='bbox 3079 5426 3253 5490; x_wconf 86' lang='grc' dir='ltr'>οῦτως</span> <span class='ocrx_word' id='word_1_962' title='bbox 3287 5425 3424 5496; x_wconf 72' lang='grc' dir='ltr'>ἔχοι,</span> <span class='ocrx_word' id='word_1_963' title='bbox 3456 5425 3716 5495; x_wconf 71' lang='grc' dir='ltr'>ψευδωνυ·</span> 
     </span>
    </p>
   </div>
   <div class='ocr_carea' id='block_1_118' title="bbox 2154 5516 3696 5589">
    <p class='ocr_par' dir='ltr' id='par_1_118' title="bbox 2154 5516 3696 5589">
     <span class='ocr_line' id='line_1_118' title="bbox 2154 5516 3696 5589; baseline 0 -20"><span class='ocrx_word' id='word_1_964' title='bbox 2154 5518 2251 5586; x_wconf 81' lang='grc' dir='ltr'><strong>μία</strong></span> <span class='ocrx_word' id='word_1_965' title='bbox 2283 5517 2342 5570; x_wconf 86' lang='grc' dir='ltr'>τὸ</span> <span class='ocrx_word' id='word_1_966' title='bbox 2367 5516 2541 5588; x_wconf 79' lang='grc' dir='ltr'>δῶρον</span> <span class='ocrx_word' id='word_1_967' title='bbox 2570 5516 2668 5587; x_wconf 79' lang='grc' dir='ltr'>τῆς</span> <span class='ocrx_word' id='word_1_968' title='bbox 2701 5518 2999 5587; x_wconf 77' lang='grc' dir='ltr'>ὀνομασίας</span> <span class='ocrx_word' id='word_1_969' title='bbox 3027 5516 3122 5570; x_wconf 86' lang='grc' dir='ltr'><strong>τοῦ</strong></span> <span class='ocrx_word' id='word_1_970' title='bbox 3156 5516 3294 5570; x_wconf 83' lang='grc' dir='ltr'>Θεοῦ</span> <span class='ocrx_word' id='word_1_971' title='bbox 3337 5518 3494 5572; x_wconf 70' lang='grc' dir='ltr'>ἔσται</span> <span class='ocrx_word' id='word_1_972' title='bbox 3514 5519 3571 5570; x_wconf 70' lang='grc' dir='ltr'>ἓν</span> <span class='ocrx_word' id='word_1_973' title='bbox 3598 5518 3696 5589; x_wconf 75' lang='grc' dir='ltr'>Χρι</span> 
     </span>
    </p>
   </div>
   <div class='ocr_carea' id='block_1_119' title="bbox 2535 5698 3376 5767">
    <p class='ocr_par' dir='ltr' id='par_1_119' title="bbox 2535 5698 3376 5767">
     <span class='ocr_line' id='line_1_119' title="bbox 2535 5698 3376 5767; baseline -0.001 -14"><span class='ocrx_word' id='word_1_974' title='bbox 2535 5701 2576 5731; x_wconf 71' lang='grc' dir='ltr'>η</span> <span class='ocrx_word' id='word_1_975' title='bbox 2602 5699 2740 5754; x_wconf 87' lang='lat' dir='ltr'><strong>ibid.</strong></span> <span class='ocrx_word' id='word_1_976' title='bbox 2776 5700 2856 5754; x_wconf 70' lang='grc' dir='ltr'>ιε.</span> <span class='ocrx_word' id='word_1_977' title='bbox 2945 5702 2987 5733; x_wconf 80' lang='grc' dir='ltr'><strong>ιτ</strong></span> <span class='ocrx_word' id='word_1_978' title='bbox 3019 5699 3150 5755; x_wconf 80' lang='lat' dir='ltr'><strong>Luc.</strong></span> <span class='ocrx_word' id='word_1_979' title='bbox 3189 5715 3227 5767; x_wconf 90' lang='grc' dir='ltr'><strong>ι,</strong></span> <span class='ocrx_word' id='word_1_980' title='bbox 3283 5698 3376 5755; x_wconf 75' lang='lat'><strong>32.</strong></span> 
     </span>
    </p>
   </div>
  </div>
