3876 6310
152 314 279 381 1617

1060 313 1457 372 ADVERSUS
1499 310 2043 389 NESTQRIANOS.
2080 335 2147 343 —
2178 310 2323 368 LIB.
2366 307 2481 367 III.

3269 305 3406 370 1613

147 425 255 496 στῷ
278 442 294 456 ο
329 423 534 492 ταύτης
572 421 629 475 δὲ
662 422 754 474 καὶ
782 422 975 474 εἴδωλα
1006 424 1097 475 καὶ
1126 423 1307 493 ἥρωες
1333 423 1425 474 καὶ
1472 421 1723 491 δαίμονες

1838 420 1996 475 Lionis
2027 419 2124 473 Dei
2159 418 2269 472 erit
2299 418 2358 471 in
2381 415 2634 471 Christo:
2675 416 2821 470 hanc
2849 415 2998 469 enim
3044 423 3101 470 et
3155 415 3299 470 idola
3351 426 3407 468 et

148 518 310 571 πάλαι
351 518 567 584 ἔτυχον,
595 507 663 585 ἦς
708 513 801 565 ἐπὶ
842 513 1162 584 καθαιρέσει
1216 513 1386 576 ὅντως
1441 515 1469 566 6
1516 511 1724 583 ἀληθὴς

147 611 271 674 Υἱὸς
296 609 391 663 τοῦ
426 605 563 661 Θεοῦ
588 605 898 678 ἐπεδήμησέ
921 624 980 659 τε
1007 609 1101 660 καὶ
1125 606 1354 661 πλεῖστα
1375 605 1726 678 ᾠκονόμησεν

146 702 494 772 ἐπιδημήσας
515 713 530 729 ⁸
566 700 659 754 καὶ
695 699 796 753 οὑκ
840 697 907 751 ἂν
962 698 1120 769 κακῷ
1148 699 1208 752 τὸ
1233 698 1403 753 κακόν
1427 715 1511 761 τις
1538 696 1726 751 ἰᾶσθαι

146 793 308 847 αὑτὸν
339 793 483 845 εἴποι
503 808 519 822 ο
552 790 687 845 ἀλλὰ
739 789 833 843 καὶ
864 788 1086 857 ἄγγελοι
1133 790 1229 843 καὶ
1257 789 1569 859 ἅνθρωποι,
1618 789 1726 843 υἱοὶ

146 886 301 951 θεοῦ,
342 884 437 938 καὶ
484 885 590 936 υἱοὶ
632 880 892 951 Ὑψίστου
944 879 1493 951 εῐρηνταιπολλάκις.
1527 882 1592 935 Τί
1632 880 1727 935 οῦν

149 978 558 1049 περισσότερον,
588 977 645 1029 ὲν
669 975 805 1046 τῷδε
832 973 1053 1045 Χριστῷ
1081 972 1159 1044 τῷ
1184 976 1465 1045 μονογενεῖ
1493 974 1607 1044 Υἱῷ
1631 972 1726 1025 τοῦ

146 1072 280 1125 Θεοῦ
305 1089 319 1138 ;
357 1070 475 1133 πῶς
506 1070 563 1122 δὲ
590 1070 682 1123 καὶ
712 1070 1043 1141 Μονογενὴς,
1076 1070 1128 1123 εί
1150 1069 1273 1123 κατ’
1288 1069 1486 1131 αὐτοὺς
1507 1069 1540 1137 ἠ
1568 1067 1728 1137 χάρις

150 1165 183 1231 ἡ
214 1164 295 1225 είς
322 1161 487 1214 αὑτὸν
525 1163 621 1230 τῆς
662 1159 966 1232 θεώσεωςῆ
992 1161 1274 1232 υίότητος;
1303 1161 1502 1231 Χάριτι
1537 1157 1630 1211 οῦν
1660 1159 1726 1227 τῇ

148 1253 215 1304 δι’
240 1251 485 1316 ὲνὼσεως
530 1252 900 1320 ὑποπατικῆς
954 1253 1090 1323 πρὸς
1153 1251 1245 1304 τὸν
1281 1250 1440 1320 φύσει
1465 1248 1614 1314 Υῐὸιί,
1649 1246 1729 1300 ετ-

156 1359 313 1414 ρηται
332 1342 519 1412 σαφῶς
545 1343 671 1406 Υἱὸς
702 1342 794 1395 τοῦ
827 1342 964 1396 Θεοῦ
993 1342 1087 1396 τοῦ
1119 1342 1317 1407 ζῶντος
1346 1345 1373 1396 6
1395 1343 1727 1412 Μονογενής.

740 1540 989 1593 κΕφΑΑ.
1035 1544 1125 1609 (τι.

235 1650 417 1713 Ἀλλὰ,
455 1652 638 1720 φασὶν,
679 1652 727 1703 εἰ
781 1652 855 1722 μὴ
906 1651 1263 1721 οἰκονομικῶς
1303 1654 1536 1723 εἴρηται,
1564 1653 1639 1716 ὡς
1668 1652 1733 1706 ἂν

1828 510 2031 564 heroes
2060 517 2117 563 et
2170 508 2451 562 daemones
2505 507 2637 560 olim
2693 505 3080 568 obtinuerunt,
3119 504 3186 559 ad
3240 520 3406 574 quam

1827 600 2120 657 delendam
2142 600 2371 655 omnino
2394 614 2561 653 verus
2594 597 2764 653 Filius
2793 598 2887 652 Dei
2922 600 3075 652 venit
3128 606 3188 653 et
3231 598 3409 653 multa

1827 692 2103 763 disposuit
2136 701 2261 762 post
2288 690 2626 746 adventum:
2652 690 2836 744 nullus
2856 699 2941 744 est
2986 690 3137 744 enim
3160 689 3255 759 qui
3293 704 3437 761 ma-l

1828 786 1945 839 lum
1979 785 2124 838 malo
2147 782 2357 838 mederi
2384 782 2562 836 dicat:
2599 782 2695 836 sed
2724 789 2782 836 et
2814 779 2992 852 angeli
3029 790 3085 835 et
3149 780 3409 835 homines

1828 877 1929 933 ﬁlii
1970 876 2089 940 Dei,
2134 884 2192 930 et
2234 874 2329 929 lilii
2379 874 2649 931 Altissimi
2687 888 2832 944 saepe
2872 874 3011 929 dicti
3053 882 3219 928 sunt:
3271 872 3406 943 quid

1831 970 1999 1040 igitur
2022 969 2262 1038 amplius
2295 968 2346 1022 in
2368 967 2591 1022 Christo
2626 966 2913 1038 unigenito
2941 966 3079 1021 Filio
3106 966 3247 1021 Dei?
3271 982 3411 1037 quo-

1830 1059 1997 1113 modo
2016 1058 2167 1112 enim
2195 1058 2400 1113 dicitur
2416 1055 2772 1127 Unigenitus,
2800 1055 2844 1110 si
2872 1055 3018 1125 apud
3048 1053 3197 1126 ipsos
3210 1054 3405 1109 eadem

1831 1150 1904 1205 sit
1927 1150 2103 1221 gratia
2126 1165 2189 1204 ac
2208 1149 2354 1220 apud
2386 1150 2566 1218 ipsum
2586 1146 2954 1204 deiﬁcationis
2976 1155 3072 1201 aut
3091 1144 3411 1200 (iliationis?

1830 1243 2015 1298 Gratia
2046 1242 2213 1313 igitur
2242 1250 2474 1311 propter
2505 1240 2771 1294 unionem
2820 1238 3227 1309 hypostaticam
3281 1250 3409 1291 cum

1831 1332 1972 1387 Filio
1996 1333 2052 1386 in
2077 1340 2297 1396 natura,
2328 1330 2511 1386 dictus
2541 1338 2627 1385 est
2656 1324 2947 1384 manifeste
2992 1328 3167 1383 Filius
3196 1326 3294 1381 Dei
3325 1326 3411 1379 vi—

1833 1426 2016 1483 ventis
2045 1423 2387 1494 unigenitus.
2420 1447 2429 1455 ι

2473 1536 2624 1592 CAP.
2688 1536 2779 1589 Vl.

1906 1656 2037 1722 Sed,
2066 1653 2362 1725 inquiunt,
2388 1651 2435 1706 si
2463 1665 2576 1705 non
2599 1649 3014 1705 accommodate
3046 1648 3257 1704 dictum
3307 1657 3414 1712 est,

154 1744 315 1807 εἴποι,
347 1744 504 1811 ὑμεῖς
545 1743 839 1812 φεύγοντες
859 1746 960 1813 τὴν
990 1744 1192 1814 ἀκριϐῆ
1234 1745 1343 1797 τῶν
1379 1743 1728 1815 σημαινομέ-

1838 1748 2067 1821 perinde
2112 1762 2176 1803 ac
2204 1747 2250 1802 si
2273 1759 2410 1799 voce
2462 1759 2561 1799 vos
2584 1753 2903 1799 accuratam
2935 1757 3126 1797 rerum
3155 1741 3415 1812 designa—

156 1850 261 1887 νων
293 1835 567 1898 ἐξέτασινο
597 1836 690 1889 καὶ
726 1839 773 1889 εί
810 1837 885 1907 μὴ
911 1837 1011 1891 οὑκ
1058 1836 1173 1908 ἔχει
1219 1837 1415 1909 κυρίαν
1434 1840 1536 1910 τὴν
1563 1838 1731 1893 ἔκϐα-

156 1944 238 1980 σιν
264 1927 296 1997 ἢ
332 1928 615 2000 παραϐολῇ
661 1929 693 2001 ἢ
744 1929 1102 2001 ἀλληγορίᾳῆ
1132 1931 1456 2002 φαντασίᾳῆ
1489 1931 1729 2002 δοκήσει,

152 2020 245 2072 καὶ
277 2020 418 2073 κατὰ
446 2021 606 2090 κενῆς
635 2024 811 2074 κεῖται
857 2023 933 2083 ὡς
967 2024 1104 2094 πρὸς
1135 2023 1390 2077 ὑπόνοιαν
1435 2023 1593 2093 μόνον
1620 2025 1732 2087 τοῖς

152 2114 448 2183 ἀκροαταῖς
480 2113 548 2165 τὰ
590 2113 882 2184 λεγόμενα,
932 2115 1018 2178 τίς
1074 2117 1223 2169 ἐστιν
1248 2118 1275 2169 6
1319 2118 1432 2180 υἱὸς
1461 2117 1518 2180 ὃς
1560 2116 1731 2187 ἔμαθε

152 2202 245 2257 καὶ
284 2203 378 2271 ἀφ’
410 2196 485 2256 ὧν
541 2202 712 2256 ἔπαθε
765 2204 864 2273 τὴν
922 2204 1206 2275 ὑπακοήν;
1237 2223 1255 2255 ι
1289 2206 1347 2259 ’0
1382 2200 1491 2259 ’καὶ
1519 2206 1735 2275 δεήσεις

152 2295 244 2347 καὶ
277 2295 557 2365 ἱκετηρίας
587 2295 724 2365 μετὰ
753 2298 1004 2366 κραυγῆς
1031 2296 1123 2349 καὶ
1156 2296 1407 2366 δακρύων
1438 2298 1733 2367 προσενέγ-

152 2403 274 2452 κας,
328 2389 421 2440 καὶ
473 2387 849 2451 εἰσακουσθεὶς
907 2388 1015 2442 ἀπὸ
1066 2389 1167 2459 τῆς
1219 2389 1530 2456 εὐλαϐείας,
1578 2410 1597 2443 ι
1637 2393 1733 2446 καὶ

153 2478 484 2543 τελειωθεὶς,
540 2480 634 2533 καὶ
694 2480 1051 2551 σταυρωθεὶς,
1098 2481 1194 2535 καὶ
1254 2482 1486 2550 ταφείςο
1520 2483 1616 2536 καὶ
1672 2482 1732 2537 δν

152 2570 373 2640 ήγειρεν
394 2572 423 2623 6
447 2569 580 2634 Θεὸς
619 2571 683 2623 ἐκ
710 2570 946 2642 νεκρῶν,
980 2571 1074 2625 καὶ
1102 2573 1131 2624 6
1160 2571 1397 2641 ὑψωθεὶς
1442 2574 1537 2627 καὶ
1576 2573 1734 2639 δοξα-

153 2662 322 2726 σθεὶς,
351 2664 444 2716 καὶ
478 2664 545 2718 τὰ
598 2663 763 2719 λοιπά
783 2681 799 2695 ·
835 2662 959 2717 οὔτε
1001 2665 1111 2736 γὰρ
1146 2665 1253 2719 ῖδια
1282 2665 1376 2720 τοῦ
1408 2666 1581 2736 Λόγου
1603 2666 1731 2720 τάδε

152 2771 236 2817 τις
280 2754 542 2824 τολμήσει
601 2755 677 2826 μή
730 2754 999 2825 δαιμονῶν
1034 2758 1433 2828 καταφάσκειν,
1462 2758 1588 2813 οὔτε
1633 2760 1733 2813 σὺν

153 2846 321 2916 ἑτέρῳ
352 2845 524 2911 ὄντος.
569 2845 710 2900 Ἀλλ’
743 2846 844 2918 ήδη
887 2848 1151 2914 πολλάκις
1200 2850 1330 2921 ὑμῖν
1384 2850 1608 2923 ἐρρέθη,
1656 2851 1733 2914 ὡς

153 2938 262 2992 ἀπὸ
292 2938 493 3008 μέρους
528 2938 590 2991 τὸ
616 2939 737 2993 ὅλον
767 2938 1030 3005 πολλάκις
1051 2945 1462 3014 κατηγορεῖται,
1489 2943 1642 3013 νόμῳ
1670 2960 1732 2997 τε

150 3029 477 3101 διαλεκτικῷ
490 3030 675 3102 κοινῷ,
696 3031 789 3085 καὶ
807 3032 923 3104 ἰδίῳ
938 3029 1159 3105 ἐθειτπς
1174 3034 1334 3102 ἁγίας
1349 3034 1596 3105 Γραφῆς.
1618 3035 1734 3090 Οὐκ
1760 3048 1767 3105 ζ

152 3122 259 3194 ἄρα
275 3122 367 3177 οὖν
385 3122 605 3194 δοκήσει
627 3123 660 3194 ἢ
684 3124 967 3197 παραϐολῇ
986 3126 1020 3196 ἦ
1042 3143 1148 3180 τινι
1170 3125 1361 3198 τοιῷδε
1380 3129 1584 3198 τρόπῳ,
1606 3128 1738 3183 ταῦ-

150 3216 220 3270 τά
241 3218 376 3271 ἑστι·
405 3218 501 3271 σὺν
521 3217 753 3288 ἀληθείᾳ
770 3218 847 3285 δὲ,
877 3217 1015 3288 μετὰ
1043 3217 1154 3271 τῶν
1199 3218 1385 3288 μέντοι
1413 3220 1737 3290 πρεπόντων

151 3307 512 3377 διανοητικῶν
546 3310 987 3380 προσδιορισμῶν
1024 3309 1326 3382 ὲκληπτέον
1353 3311 1524 3365 αὑτάο
1550 3312 1737 3376 ἁπλῶς

151 3399 209 3453 δὲ
228 3400 324 3454 καὶ
344 3400 522 3471 ὑμεῖς,
535 3401 583 3452 εί
600 3400 747 3472 μὴξὲν
768 3400 905 3471 τῷδε
923 3402 1073 3472 αὑτῷ
1089 3403 1168 3474 τῷ
1183 3401 1370 3473 τοιῷδε
1385 3420 1736 3472 καταφασκο-

160 3490 311 3560 μένῳ
343 3491 421 3561 τῷ
452 3491 696 3562 Χριστῷ,
729 3492 824 3546 καὶ
848 3495 878 3546 6
908 3492 1070 3562 φύσει
1110 3494 1238 3559 Υίὸς
1280 3495 1374 3548 τοῦ
1397 3493 1532 3549 Θεοῦ
1564 3495 1738 3565 Λόγος

155 3583 363 3633 νοεῖται
393 3582 523 3650 ὑμῖν
553 3582 887 3652 ἐνυπάρχειν
938 3582 1164 3648 ἀπαθῶς
1214 3584 1334 3655 μὲν,
1362 3585 1455 3638 καὶ
1484 3584 1650 3650 αὑτὸς
1679 3587 1737 3640 δὲ

149 3672 327 3726 τοῖσδε
356 3672 455 3743 τὴν
482 3672 647 3743 φύσιν
672 3674 1119 3744 ὑποϐεϐλημένος
1141 3675 1229 3728 διὰ
1254 3676 1421 3745 μέσου
1446 3677 1540 3731 τοῦ
1560 3677 1734 3747 Λόγου

153 3766 253 3833 τῆς
308 3766 662 3828 ὑποστάσεως
720 3765 921 3819 αὑτοῦ·
957 3765 1059 3819 ποῦ
1096 3765 1370 3837 ζητοῦμεν
1409 3769 1500 3822 τὸν
1548 3767 1737 3841 ἕτερον

151 3855 281 3909 Υίὸν
303 3856 399 3909 τοῦ
426 3856 586 3921 Θεοῦ,
611 3858 740 3928 περὶ
765 3853 824 3910 οὑ
855 3856 1067 3928 εἴρηται
1099 3859 1180 3912 ὅτι
1205 3875 1224 3909 ι
1261 3858 1352 3912 Ἐν
1385 3861 1566 3930 μορφῇ
1599 3858 1736 3913 Θεοῦ

155 3948 443 4018 ὑπάρχων,
494 3950 686 4003 ἑαυτὸν
734 3951 990 4018 ἐκένωσε,
1041 3953 1136 4005 καὶ
1186 3953 1451 4025 αἰσχύνης
1503 3954 1736 4007 θανάτου

150 4045 387 4116 σταυροῦ
421 4048 829 4117 κατεφρόνησε;
857 4067 875 4099 ι
914 4049 1012 4101 καὶ
1062 4048 1163 4102 ποῦ
1207 4052 1234 4102 6
1259 4049 1386 4111 Υἱὸς
1409 4046 1503 4103 τοῦ
1535 4049 1671 4123 Θεοῦ
1711 4052 1739 4104 6

154 4139 474 4209 μονογενὴς,
500 4140 661 4204 αὑτὸς
689 4143 717 4193 6
749 4142 888 4211 ὑπὲρ
912 4139 1069 4209 ἡμῶν
1095 4143 1334 4206 ἐκδοθεὶς
1369 4142 1474 4195 ὑπὸ
1499 4142 1594 4195 τοῦ
1629 4141 1739 4197 Πα-

148 4231 313 4301 τρός;
354 4250 370 4282 ι
403 4230 590 4295 Οὕτως
638 4231 769 4300 γὰρ,
813 4233 1000 4301 φησὶν,
1035 4232 1324 4305 ἠγάπησεν
1374 4235 1402 4287 6
1457 4233 1590 4297 Θεὸς
1644 4236 1737 4288 τὸν

149 4323 380 4393 κόσμον,
410 4322 552 4376 ὥστε
580 4327 671 4377 τὸν
700 4323 829 4376 Υίὸν
858 4323 1023 4377 αὑτοῦ
1047 4324 1138 4379 τὸν
1172 4307 1441 4397 μονογενῆ
1489 4327 1682 4385 ἔδωκε.
1711 4348 1731 4382 ι

221 4595 319 4659 Τίς
345 4612 401 4648 τε
428 4596 456 4648 6
486 4593 758 4663 πεμφθεὶς
781 4593 1073 4665 μονογενὴς
1110 4594 1234 4657 Υἱὸς
1264 4596 1357 4650 τοῦ
1396 4596 1602 4669 Κυρίου
1642 4596 1738 4651 τοῦ

149 4686 477 4758 ἀμπελῶνος
507 4686 644 4755 μετὰ
701 4687 828 4749 τοὺς
882 4686 1256 4758 προλαϐόντας
1320 4688 1542 4752 δούλους
1578 4688 1741 4753 ὄντας

149 4777 362 4841 πάντας
393 4778 528 4847 πρὸς
562 4779 689 4842 τοὺς
731 4777 938 4841 κακοὺς
992 4781 1294 4849 γεωργοὺς,
1324 4779 1378 4832 εἴ
1416 4798 1533 4844 πως
1580 4782 1742 4835 αὑτὸν

151 4871 593 4940 ἐντραπήσονται
650 4887 665 4937 ;
732 4870 827 4923 καὶ
872 4870 957 4933 τίς
1014 4871 1131 4925 ἐστι
1189 4862 1252 4923 οῦ
1306 4870 1601 4926 ἐθεάσαντο
1640 4873 1742 4946 τὴν

148 4960 309 5025 δόξαν
373 4960 448 5022 ὡς
502 4959 822 5030 μονογενοῦς
873 4960 1024 5032 παρὰ
1081 4961 1294 5031 Πατρὸς
1344 4962 1393 5015 οἱ
1446 4963 1737 5033 μαθηταί;

151 5051 235 5104 ἔτι
296 5051 402 5122 μὴν
447 5052 533 5113 τίς
584 5052 612 5103 6
661 5050 901 5121 6ptses'1c
965 5052 1088 5114 Υίὸς
1121 5052 1258 5105 Θεοῦ
1319 5053 1459 5106 κατὰ
1523 5053 1742 5124 πνεῦμα

151 5140 465 5213 ἁγιωσύνης
496 5161 512 5210 ;
541 5145 625 5206 τίς
641 5160 697 5196 τε
729 5146 757 5197 6
786 5143 1030 5205 καταϐὰς
1047 5144 1142 5196 καὶ
1164 5145 1461 5214 εἰσκριθεὶς
1484 5145 1559 5208 ὡς
1588 5128 1742 5208 ὑετὸς

151 5238 245 5291 ἐπὶ
296 5237 462 5290 πόκον
506 5228 611 5301 ;οὑ
647 5236 755 5303 πρὸ
783 5234 876 5287 τοῦ
934 5235 1084 5304 ἡλίου
1138 5235 1382 5305 διαμένει
1431 5237 1490 5291 τὸ
1564 5237 1734 5308 ὄνομα

152 5328 320 5382 αὑτοῦ
353 5329 447 5382 καὶ
487 5329 593 5398 πρὸ
637 5328 735 5397 τῆς
772 5326 1001 5398 σελήνης
1046 5329 1242 5381 ὲστὶνό
1277 5327 1465 5399 θρόνος
1510 5348 1523 5397 ;
1557 5330 1641 5402 τίς
1671 5348 1732 5383 τε

152 5421 177 5473 5
202 5419 402 5487 λέγων,
444 5419 611 5489 Σῶμα
665 5418 722 5471 δὲ
757 5418 1071 5488 κατηρτίσω
1119 5436 1209 5488 μοι
1239 5437 1253 5485 ;
1279 5421 1327 5473 εί
1377 5421 1459 5491 μη.
1484 5420 1597 5490 ἄρα
1644 5422 1738 5474 καὶ

153 5511 499 5583 προὺπαρξιν
541 5510 642 5579 τῆς
657 5509 831 5579 Ἰησοῦ
871 5508 1051 5580 ψυχῆς
1078 5509 1505 5582 ὀνειροπολεῖ-τε·
1541 5512 1654 5576 πῶς
1683 5512 1737 5566 δὲ

156 5604 315 5667 αὑτὸς
343 5606 399 5656 ὲν
416 5596 461 5671 ᾧ
487 5601 555 5655 τά
570 5602 745 5657 πάντα
771 5600 1039 5665 ἔκτισται,
1067 5602 1161 5655 καὶ
1184 5601 1527 5673 πρωτότοκος
1551 5606 1615 5657 ὲκ
1636 5603 1744 5657 τῶν

230 5746 270 5776 ¹⁸
304 5744 469 5800 Hebr.
543 5762 590 5811 ν,
640 5745 689 5797 7.

1838 1850 2020 1896 tarum
2055 1838 2469 1910 inquisitionem
2516 1837 2791 1900 vitaretis,
2823 1844 2881 1890 et
2929 1836 2978 1890 si
3025 1834 3252 1905 praefata
3302 1849 3414 1887 non

1836 1919 2077 1987 habeant
2104 1929 2468 2001 principalem
2496 1928 2809 1999 digressum
2846 1937 2944 1982 aut
2996 1926 3283 1997 parabola,
3317 1934 3415 1980 aut

1833 2022 2121 2093 allegoria,
2150 2019 2673 2091 autimaginatione,
2697 2027 2795 2073 aut
2818 2018 3013 2090 ﬁgura,
3038 2026 3096 2073 et
3127 2017 3183 2072 in
3209 2032 3413 2071 vanum

1833 2130 1947 2169 non
1968 2114 2250 2184 jactentur
2275 2119 2536 2180 tanquam
2569 2111 2749 2164 solum
2791 2108 2860 2163 ad
2894 2106 3212 2163 illudendos
3252 2106 3414 2161 audi—

1834 2217 2003 2271 tores,
2031 2204 2159 2276 quis
2180 2215 2266 2258 est
2298 2203 2447 2258 ﬁlius
2478 2201 2574 2272 qui
2610 2200 2813 2257 didicit
2840 2215 2909 2255 ex
2960 2200 3031 2258 iis
3064 2215 3186 2270 quae
3216 2213 3416 2269 passus

1832 2306 1918 2356 est
1938 2295 2353 2354 obedientiam?
2384 2313 2401 2346 ι
2425 2292 2529 2360 Qui
2561 2303 2618 2348 et
2655 2308 2850 2364 preces
2896 2300 2953 2347 et
2980 2291 3416 2363 supplicationes

1833 2408 1961 2449 cum
1989 2390 2230 2446 clamore
2266 2387 2450 2442 valido
2484 2396 2540 2442 et
2562 2385 2822 2456 lacrymis
2853 2383 3077 2445 obtulit,
3108 2383 3202 2454 qui
3248 2398 3417 2438 exan-

1834 2486 1986 2547 ditus
2025 2491 2110 2539 est
2140 2497 2244 2552 pro
2268 2497 2368 2536 sua
2396 2479 2713 2536 reverentia
2750 2479 2815 2544 “',
2849 2498 2866 2530 ι
2897 2489 2953 2533 et
2990 2485 3415 2533 consummatus

1834 2584 1892 2634 et
1948 2574 2270 2638 cruciﬁxus,
2324 2583 2382 2628 et
2434 2573 2718 2643 sepultus;
2776 2580 2833 2627 et
2891 2586 3058 2641 quem
3121 2568 3416 2626 suscitavit

1834 2670 1985 2723 Deus
2007 2684 2076 2723 ex
2109 2665 2365 2732 mortuis,
2392 2672 2447 2720 et
2465 2665 2571 2720 fuit
2598 2664 2875 2719 exaltatus
2890 2672 2946 2718 et
2972 2663 3330 2734 glorificatus.
3359 2672 3417 2717 et

1834 2761 2089 2829 reliqua:
2133 2772 2298 2812 nemo
2317 2757 2467 2812 enim
2486 2757 2607 2812 haec
2628 2772 2749 2811 esse
2777 2754 2944 2811 Verbi
2983 2753 3208 2825 propria
3238 2753 3408 2808 aude-

1833 2852 1917 2906 bit
1941 2851 2048 2905 nisi
2092 2850 2377 2905 insaniens
2419 2848 2714 2914 aﬂirmare,
2769 2864 2874 2904 nec
2921 2847 3139 2904 etiamsi
3171 2845 3412 2902 Verbum

1834 2958 1964 2999 cum
2001 2944 2177 2997 altero
2196 2949 2369 2996 esset.
2396 2939 2507 2995 Sed
2537 2940 2650 3012 jam
2688 2956 2833 3011 saepe
2872 2941 3033 2995 vobis
3086 2940 3299 2995 dictum
3330 2946 3417 2994 est

1834 3050 1937 3106 per
1959 3040 2171 3105 partem
2207 3040 2383 3088 totum
2413 3048 2559 3102 saepe
2583 3032 2864 3104 designari
2895 3042 2951 3088 et
2984 3035 3101 3103 lege
3125 3032 3415 3088 dialectica

1837 3126 2140 3192 communi,
2186 3135 2244 3180 et
2289 3126 2518 3196 proprio
2568 3140 2675 3181 usu
2724 3140 2896 3181 sacra:
2930 3123 3268 3195 Scriptura:
3305 3139 3414 3179 non

1835 3219 2088 3291 profecto
2116 3219 2286 3290 igitur
2312 3217 2429 3273 haec
2464 3226 2724 3274 constant
2777 3218 2949 3289 ﬁgura
2999 3224 3095 3272 aut
3153 3216 3416 3288 allegoria

1836 3320 1934 3368 aut
1956 3311 2222 3384 parabola
2245 3318 2343 3366 aut
2365 3310 2555 3381 aliquo
2589 3311 2758 3366 simili
2783 3318 2945 3379 tropo
2970 3327 2984 3364 :
3018 3310 3112 3365 sed
3146 3326 3276 3365 vere
3300 3310 3416 3379 ipsa

1838 3401 2319 3471 interpretandum
2342 3411 2427 3458 est
2457 3416 2583 3457 cum
2618 3401 3086 3457 convenientibus
3115 3410 3173 3457 et
3209 3401 3420 3456 intelli-

1837 3495 2106 3566 gibilibns
2166 3494 2716 3551 modiﬁcationibus:
2777 3495 2874 3550 sed
2931 3510 3032 3551 vos
3088 3494 3420 3565 simpliciter

1837 3586 2030 3651 dicite,
2078 3586 2123 3641 si
2169 3601 2281 3640 non
2323 3587 2643 3656 concipitur
2680 3587 2842 3642 vobis
2868 3586 2925 3641 in
2976 3586 3096 3656 ipso
3148 3594 3421 3655 quatenus

1841 3680 1964 3735 talis
1991 3679 2294 3734 ailirtnatur
2330 3677 2556 3733 Christo
2593 3686 2792 3733 natura
2817 3679 3021 3734 Filium
3056 3680 3151 3733 Dei
3178 3679 3419 3733 Verbum

1839 3771 2185 3842 impassibile
2212 3784 2336 3825 esse
2366 3775 2425 3824 et
2450 3770 2699 3826 Verbum
2746 3770 2929 3839 ipsum
2986 3770 3295 3825 secundum
3328 3786 3423 3823 na-

1839 3871 2020 3919 turam
2043 3864 2198 3920 hisce
2220 3863 2539 3934 subjectum
2585 3863 2869 3917 mediante
2895 3862 3061 3917 Verbi
3094 3862 3268 3932 ipsius
3296 3878 3423 3932 pcr-

1838 3955 2127 4012 sonaz'ubi
2173 3969 2487 4026 queremus
2532 3953 2701 4008 alium
2751 3952 2955 4008 Filium
3010 3953 3130 4011 Dei.
3182 3954 3251 4009 de
3310 3970 3421 4024 quo

1838 4048 2053 4103 dictum
2097 4056 2184 4105 est
2227 4065 2241 4101 :
2284 4046 2466 4103 «Cum
2514 4046 2573 4100 in
2625 4044 2806 4101 forma
2852 4045 2949 4101 Dei
2995 4056 3166 4109 esset,
3214 4054 3419 4101 semet-

1839 4141 2020 4213 ipsum
2056 4138 2382 4203 exinanivit,
2430 4146 2489 4193 et
2548 4136 2933 4193 confusionem
2989 4136 3185 4192 mortis
3239 4140 3423 4194 crucis

1839 4232 2176 4302 contempsit
2211 4230 2287 4284 "?
2316 4249 2334 4282 ι
2366 4230 2437 4284 Ει
2466 4229 2563 4284 ubi
2595 4230 2708 4285 erit
2737 4230 2915 4285 Filius
2967 4229 3062 4284 Dei
3100 4232 3423 4301 nnigenitus

1841 4326 1960 4395 ipse
1989 4338 2090 4395 pro
2122 4321 2284 4377 nobis
2314 4319 2478 4375 datus
2507 4336 2538 4375 a
2570 4319 2769 4374 Patre?
2808 4339 2825 4372 ι
2852 4319 2947 4376 Sic
2974 4320 3150 4385 enim,
3185 4322 3285 4386 ait,
3333 4322 3421 4377 di-

1768 4416 1971 4476 Dlexit
1996 4417 2143 4471 Deus
2174 4411 2467 4478 mundum,
2509 4421 2572 4467 ut
2603 4411 2806 4466 Filium
2861 4428 3023 4469 suum
3074 4411 3422 4482 unigenitum

1835 4507 1993 4562 daret
2017 4508 2085 4560 ’°.
2113 4526 2131 4559 ι

1908 4598 2043 4675 Quis
2074 4605 2160 4653 est
2185 4595 2353 4652 etiam
2386 4595 2483 4667 qui
2514 4597 2722 4652 missus
2754 4596 2860 4653 l‘uit
2897 4596 3224 4668 unigenitus
3254 4597 3426 4653 Filius

1840 4688 2060 4744 Domini
2093 4688 2272 4743 vineas
2303 4696 2429 4758 post
2453 4701 2649 4743 omnes
2685 4687 2783 4757 qui
2837 4687 2993 4742 illum
3023 4695 3427 4757 praecesserant

1841 4796 2055 4845 servos,
2091 4779 2160 4835 ad
2200 4780 2373 4835 malos
2398 4778 2691 4850 agricolas,
2721 4788 2782 4834 ut
2820 4787 3105 4834 constaret
3143 4794 3214 4832 an
3268 4778 3423 4832 illum

1840 4881 2173 4929 vererentur
2194 4872 2280 4925 “‘i
2318 4870 2455 4938 Quis
2486 4878 2572 4926 est
2603 4871 2766 4940 cujus
2790 4869 3050 4938 discipuli
3082 4868 3267 4922 mirati
3297 4877 3428 4923 sunt

1838 4966 2071 5036 gloriam
2103 4964 2263 5033 quasi
2289 4962 2561 5031 unigeniti
2593 4977 2624 5015 a
2649 4961 3010 5026 Patre?Quis
3042 4960 3228 5015 adhuc
3283 4959 3424 5015 deli-

1838 5055 1990 5111 nitus
2017 5062 2101 5110 est
2123 5054 2295 5108 Filius
2316 5052 2412 5107 Dei
2446 5052 2754 5107 secundum
2789 5052 3047 5122 spiritum
3080 5051 3429 5108 sanctitatis?

1837 5146 1974 5214 Quis
2010 5153 2095 5200 est
2128 5142 2225 5213 qui
2260 5141 2555 5197 descendit
2578 5150 2637 5197 et
2670 5142 2993 5213 penetravit
3040 5145 3189 5201 sicut
3238 5145 3426 5217 pluvia

1842 5239 1899 5292 in
1934 5233 2335 5305 vellus?Cujus
2361 5249 2486 5290 cum
2516 5235 2632 5290 sole
2658 5244 2950 5306 permanet
2974 5253 3177 5294 nomen
3206 5247 3265 5294 et
3299 5247 3429 5293 ante

1842 5330 2032 5383 lunam
2066 5334 2152 5382 est
2175 5326 2381 5381 solium
2410 5326 2593 5394 ?Quis
2624 5336 2713 5383 est
2761 5328 2857 5399 qui
2890 5329 3050 5396 dicit,
3099 5345 3307 5400 corpus
3336 5346 3423 5384 re-

1843 5422 2068 5491 Stituam
2131 5419 2310 5474 mihi?
2370 5419 2478 5475 nisi
2521 5428 2675 5475 certe
2730 5421 3235 5491 prmexsistentiam
3295 5420 3425 5476 Jesn

1845 5487 2389 5568 anima§somnietisz
2422 5513 2705 5582 quomodo
2736 5521 2925 5568 autem
2954 5511 3047 5569 ille
3073 5514 3190 5584 ipse
3229 5512 3287 5568 in
3317 5530 3429 5594 quo

1848 5605 2035 5660 omnia
2072 5616 2260 5659 creata
2312 5613 2463 5670 sunt,
2514 5613 2574 5659 et
2625 5605 3030 5675 primogenitus
3082 5620 3150 5661 ex
3190 5616 3428 5662 morth

771 5745 810 5775 ¹⁹
853 5744 1092 5816 Philipp.
1118 5760 1175 5812 ιι,
1209 5746 1261 5811 7,
1293 5745 1345 5799 8.
1427 5745 1653 5816 "Aean.
1710 5761 1786 5813 ιιι,
1839 5745 1917 5801 ιο.
1998 5747 2039 5777 ¹¹
2077 5744 2267 5800 Matth.
2307 5760 2413 5810 χχι,
2456 5746 2521 5799 57
2563 5761 2717 5815 seqq.
