3876 6310
449 295 588 389 ιδιο

1677 309 1988 371 LEONTII
2028 312 2429 375 ΒΥΖΑΝΤΙΝῙ

3609 308 3749 377 162i!

445 414 628 473 dictus
657 425 763 483 est,
800 418 854 472 in
891 415 1153 475 omnibus
1216 421 1332 491 ipse
1373 423 1697 492 praecellens
1739 427 2003 499 primoge-

2123 431 2334 502 νεκρῶν
2389 431 2622 502 εἴρηται,
2659 430 2717 483 ἐν
2763 431 2928 484 πᾶσιν
2962 429 3125 494 αὐτὸς
3160 429 3496 501 πρωτεύων,
3578 449 3739 504 πρω-

442 509 594 562 nitus
613 509 795 563 omnis
822 513 1129 566 creaturae?
1167 511 1363 578 Qualis
1398 522 1486 568 est
1524 516 1619 585 qui
1663 526 1751 573 est
1780 517 1853 572 de
1879 520 2023 574 coelo

441 600 718 655 secundus
741 600 912 657 homo
947 612 1004 658 et
1032 603 1336 660 Dominus?
1368 604 1502 672 Quis
1532 607 1601 662 de
1623 623 1735 679 quo
1771 609 2026 681 loquitur

439 693 725 759 Joannes:
786 713 806 746 ‹
848 694 956 762 Qui
1019 695 1315 752 desursum
1366 700 1542 764 venit,
1595 715 1769 771 super
1824 717 2023 758 omnes

439 794 525 840 est
550 786 640 840 ”?
670 806 689 839 ι
731 786 868 855 Quis
892 797 979 844 est
1003 791 1098 859 qui
1132 790 1271 845 dicit
1290 790 1522 861 gloriam
1556 790 1762 847 habere
1804 807 1835 847 a
1857 792 2022 849 Patre

438 885 734 948 antequam
789 879 1032 934 mundus
1088 879 1270 943 ﬁeret,
1320 888 1377 935 et
1433 880 1731 935 confitetur
1787 898 1846 937 se
1893 898 2020 937 cum

441 970 596 1024 Patre
626 986 795 1023 unum
825 971 987 1025 esse?
1013 971 1084 1026 Et
1112 972 1240 1041 quis
1283 982 1368 1027 est
1407 971 1502 1042 qui
1554 972 1723 1027 habet
1771 982 2019 1043 potesta-

442 1069 547 1115 tem
578 1062 824 1132 ponendi
854 1078 1009 1118 suam
1052 1063 1292 1119 animam
1331 1073 1386 1119 et
1432 1066 1689 1120 sumendi
1717 1066 1785 1131 ’³,
1837 1076 1894 1121 et
1920 1066 2018 1137 qui

439 1168 688 1208 eversum
717 1155 1005 1224 proprium
1049 1156 1314 1225 templum
1353 1164 1618 1226 tanquam
1648 1157 1903 1211 divinum
1955 1167 2015 1213 et

438 1261 545 1300 tton
584 1246 806 1300 domum
853 1247 1245 1316 particularem
1289 1249 1537 1312 dictum,
1598 1257 1720 1319 post
1766 1248 2014 1303 triduum

438 1336 769 1391 rezedilicare
798 1345 981 1404 potest
1008 1336 1097 1390 “?
1125 1336 1419 1402 Quomodo
1452 1345 1639 1392 autem
1688 1353 1754 1391 ex
1781 1337 1886 1394 lidc
1926 1338 2017 1408 ju-

434 1425 584 1478 stitia
616 1424 792 1480 dicit:
827 1445 846 1477 ι
872 1427 950 1481 Ne
982 1426 1192 1482 dixeris
1232 1427 1286 1480 in
1320 1426 1491 1482 corde
1523 1438 1640 1491 tuo,
1669 1429 1795 1497 quis
1822 1442 2017 1483 ascen-

433 1516 516 1571 dit
545 1516 599 1570 iu
630 1517 855 1583 coelum,
879 1517 931 1570 id
967 1526 1055 1571 est
1110 1516 1400 1574 Christum
1464 1518 1744 1573 deducere
1794 1518 1863 1581 ",
1897 1537 1918 1568 ι
1959 1518 2017 1571 si

436 1621 544 1663 non
565 1609 845 1663 caelestem
885 1625 1006 1665 esse
1033 1610 1189 1663 illum
1228 1618 1285 1664 et
1314 1625 1425 1664 non
1457 1610 1670 1665 nudum
1720 1610 2010 1664 mortalem

2125 522 2346 586 τότοκος
2399 522 2579 593 πάσης
2602 521 2865 587 κτίσεωξ;
2888 520 3042 584 ποῖός
3066 520 3126 573 τέ
3149 522 3300 573 ἐστιν
3332 521 3365 574 ὁ
3410 521 3472 589 ἐξ
3490 522 3737 592 οὐρανοῦ

2124 612 2374 685 δεύτερος
2402 613 2687 685 ἄνθρωπος
2717 612 2810 667 καὶ
2833 612 3038 683 Κύριος
3062 629 3076 678 ;
3103 603 3188 675 τίς
3205 630 3267 665 τε
3283 613 3345 666 ὃν
3369 629 3517 683 φησι
3551 614 3738 669 Ἰωάν-

2124 719 2271 774 νηςνί
2307 704 2371 756 ’0
2387 703 2593 757 ἄνωθεν
2616 704 2931 775 ἐρχόμενος,
2952 703 3154 773 μείζων
3170 704 3401 757 πάντων
3420 703 3580 763 ent:
3606 724 3625 755 ι
3655 707 3737 768 τῖς

2123 812 2182 848 τε
2204 796 2235 846 ὁ
2256 796 2428 864 λέγων
2450 794 2608 861 δόξαν
2631 793 2774 865 ἔχειν
2791 795 2945 866 παρὰ
2964 793 3042 864 τῷ
3060 793 3234 864 Πατρὶ
3253 795 3362 865 πρὸ
3386 793 3485 847 τοῦ
3514 795 3618 847 τὸν
3640 798 3731 848 κὸο

2124 898 2261 955 σμον
2292 884 2566 954 γενέσθαι,
2616 886 2710 939 καὶ
2745 883 3027 956 ὁμολογῶν
3056 882 3249 936 ἑαυτὸν
3290 884 3394 937 σὺν
3552 884 3730 955 [lupi

2122 974 2181 1027 ἒν
2220 969 2358 1026 εἶναι
2383 990 2397 1040 ;
2418 973 2513 1026 καὶ
2545 974 2673 1036 τίςὸ
2695 971 2943 1037 ἐξουσίαν
2976 970 3115 1041 ἔχων
3144 970 3321 1024 θεῖναι
3353 973 3465 1042 τὴν
3512 973 3730 1027 οἰκείαν

2121 1063 2286 1117 αὐτοῦ
2308 1064 2486 1135 ψυχὴν
2514 1064 2608 1119 καὶ
2621 1057 2772 1136 ἆραι,
2796 1064 2891 1117 καὶ
2910 1061 3140 1115 λυθέντα
3168 1062 3265 1115 τὸν
3304 1062 3450 1117 [διον
3471 1064 3633 1127 ναὸν,
3656 1065 3728 1127 ὡς

2120 1155 2263 1208 θεῖον
2293 1154 2383 1207 καὶ
2403 1155 2503 1207 οὐκ
2529 1149 2676 1208 οἷκον
2716 1153 2985 1207 ἰδιωτικὸν
3026 1152 3347 1222 λεγόμενον,
3424 1154 3487 1205 ἐν
3538 1153 3719 1223 epuli

2119 1248 2357 1318 ἡμέραις
2399 1248 2612 1317 ἐγεῖραι
2646 1246 2909 1312 δυνατός;
2938 1244 3055 1308 πῶς
3087 1245 3143 1298 δὲ
3176 1245 3271 1297 καὶ
3301 1246 3333 1315 ὴ
3369 1246 3442 1297 εκ
3480 1245 3727 1309 uiaret);

2117 1337 2429 1407 δικαιοσύνη
2448 1336 2620 1404 λέγει,
2654 1356 2672 1387 ι
2704 1337 2796 1407 Μὴ
2834 1336 2999 1406 εἴπῃς
3033 1336 3095 1387 ὲν
3119 1338 3185 1405 τῇ
3218 1335 3430 1406 καρδίᾳ
3471 1352 3601 1400 σου,
3632 1337 3727 1398 Τίς

2116 1428 2450 1500 ἀναϐήσεται
2498 1430 2577 1491 είς
2612 1427 2705 1481 τὸν
2733 1428 2997 1498 οὐρανόν;
3024 1427 3273 1479 τούτέστι
3304 1427 3560 1498 Χριστδν
3590 1446 3725 1480 κατ-

2117 1523 2365 1588 αγαγεῖν,
2386 1539 2405 1570 ι
2432 1521 2481 1573 εί
2507 1519 2583 1590 μὴ
2609 1520 2702 1572 καὶ
2725 1518 2977 1589 οὐράνιον
2997 1514 3138 1572 εἶναι
3169 1518 3338 1572 αὐτὸν
3358 1522 3464 1572 καὶ
3481 1520 3547 1572 οὐ
3565 1519 3723 1588 ψιλξν

2114 1608 2358 1677 ἐπίγειόν
2388 1625 2553 1679 φησι;
2577 1607 2658 1671 τίς
2677 1625 2738 1661 τε
2757 1611 2786 1661 ὁ
2802 1609 3011 1679 Κύριος
3031 1609 3131 1679 τῆς
3155 1608 3343 1677 δόξης,
3365 1608 3432 1660 ὃν
3455 1608 3721 1676 ἀγνοοῦν-

431 1696 603 1750 dicit?
633 1696 767 1763 Quis
799 1706 886 1753 est
933 1698 1202 1754 Dominus
1232 1699 1422 1771 gloria:
1466 1715 1635 1771 quem
1698 1699 2003 1755 nescientes

2113 1719 2205 1765 τες
2256 1702 2611 1773 ἐσταύρωσαν
2651 1717 2667 1765 ;
2704 1699 2823 1764 πῶς
2863 1700 2922 1753 δὲ
2956 1701 3051 1754 καί
3104 1701 3264 1770 ὑμεῖς
3319 1701 3492 1755 αὐτοὶ
3521 1701 3625 1772 τὴν
3664 1703 3721 1752 ἐν

432 1788 829 1844 cruciﬁxerunt
861 1790 945 1842 ὀἳ
990 1789 1281 1856 Quomodo
1334 1802 1390 1846 et
1424 1806 1525 1847 vos
1570 1792 1674 1862 ipsi
1730 1792 2003 1846 Nictenam

2116 1794 2324 1865 Νικαίᾳ
2351 1772 2535 1848 πίστιν
2572 1793 2633 1846 οὐ
2679 1791 3112 1862 παραιτούμενοι
3152 1792 3246 1846 τὸν
3275 1794 3341 1846 ὲκ
3368 1792 3472 1846 τοῦ
3504 1793 3717 1863 Πατρὶς

436 1881 595 1935 ﬁdem
650 1897 763 1936 non
809 1881 1171 1947 abdicantes,
1219 1882 1564 1937 confitemini
1608 1882 1892 1939 Christum
1941 1899 2010 1938 ex

435 1970 594 2025 Patre
631 1972 879 2042 genitum
917 1980 1044 2026 ante
1101 1971 1289 2026 omnia
1318 1972 1539 2036 siecula,
1600 1973 1698 2041 qui
1738 1972 1856 2042 ipse
1907 1972 2008 2027 deo

426 2063 646 2117 scendit
673 2063 744 2118 de
764 2062 924 2118 coelis
955 2071 1012 2119 et
1033 2062 1454 2118 incarnatusest
1476 2079 1543 2119 ex
1566 2062 1775 2133 Spiritu
1814 2072 2011 2120 saneto

424 2165 480 2209 et
513 2154 679 2209 Maria
700 2156 947 2226 Virgine,
968 2164 1024 2210 et
1054 2155 1223 2209 homo
1249 2154 1429 2209 factus
1456 2155 1584 2210 est?
1632 2162 1689 2209 et
1726 2156 2010 2225 quomodo

427 2246 737 2318 itttelligitis
751 2247 935 2301 omnia
957 2246 1062 2301 alia
1082 2262 1203 2317 quae
1228 2262 1258 2301 a
1291 2246 1455 2301 nobis
1475 2263 1542 2301 ex
1565 2248 1737 2303 sacris
1758 2248 2005 2317 Eloquiis

425 2335 646 2404 praefata
672 2345 802 2390 sunt
828 2335 895 2391 de
917 2334 1141 2391 Christo
1158 2375 1172 2400 ,
1208 2343 1468 2413 tanquam
1492 2334 1633 2389 Filio
1655 2334 1775 2400 Dei,
1802 2343 1858 2390 et
1882 2351 2004 2405 qua:

426 2427 599 2495 gratia
628 2435 683 2481 et
735 2436 933 2481 natura
962 2426 1163 2481 Filium
1204 2426 1302 2480 Dei
1343 2425 1500 2478 illum
1527 2434 1858 2495 praaponunt
1887 2426 1910 2478 ?
1944 2425 2003 2481 Si

421 2519 568 2573 enim
598 2520 713 2574 hac
732 2534 843 2573 non
867 2517 1039 2589 ﬁgura
1057 2525 1154 2572 aut
1170 2516 1568 2587 imaginatione
1585 2525 1682 2571 aut
1701 2516 1769 2571 ad
1785 2517 2002 2571 illusio-

390 2682 399 2687 p
423 2630 550 2668 nem
570 2620 665 2667 aut
685 2620 914 2682 propter
938 2609 1149 2677 aliquid
1168 2624 1362 2663 eorum
1374 2624 1498 2678 quae
1514 2609 1839 2664 asseruistis
1851 2609 2001 2664 dicta

422 2703 630 2757 fuerint
659 2703 713 2755 in
738 2715 896 2755 sacra
944 2698 1257 2769 Scriptura,
1289 2714 1471 2769 neque
1518 2698 1747 2754 nomine
1802 2698 2000 2755 ﬁctitio

420 2790 604 2851 dictus
639 2793 973 2849 fueritDeus
1007 2799 1063 2847 et
1085 2790 1259 2845 Filius
1288 2789 1413 2857 Dei,
1454 2798 1512 2845 et
1540 2789 1811 2846 Dominus
1850 2791 1998 2846 idem

419 2888 691 2946 Christus.
729 2883 1010 2955 quomodo
1039 2897 1152 2937 non
1180 2881 1329 2937 idem
1360 2880 1470 2937 erit
1513 2881 1647 2947 duo,
1690 2882 1896 2952 quippe
1929 2882 1998 2937 de

416 2977 611 3032 eodem
642 2984 942 3044 utrumque
970 2979 1259 3037 narratur,
1280 2968 1560 3041 quomodo
1586 2986 1733 3025 unus
1747 2979 1803 3025 et
1826 2968 1998 3026 Filius

424 3065 513 3120 Dei
544 3074 743 3120 natura
795 3072 852 3119 et
903 3061 1081 3118 Filius
1134 3060 1233 3115 Dei
1285 3060 1485 3133 gratia,
1541 3059 1898 3130 impassibilis
1940 3067 1999 3114 et

419 3160 719 3229 passibilis,
752 3158 1003 3214 exaltans
1057 3166 1115 3213 et
1151 3156 1450 3220 exaltatus,
1507 3164 1565 3210 et
1616 3152 1853 3223 reliqua,
1882 3167 1996 3208 non
2023 3125 2068 3188 Ο

418 3250 829 3308 mstimabitur?

486 3344 608 3399 Non
641 3344 789 3399 enim
816 3339 1179 3395 rationabiles
1220 3354 1353 3392 vere
1382 3336 1518 3391 estis
1554 3350 1677 3399 vos,
1716 3349 1750 3389 ο
1776 3334 2027 3398 verbosi,

417 3437 512 3506 qui
543 3452 644 3505 per
676 3421 1054 3503 acceptionem
1078 3430 1268 3500 ﬁgurae
1302 3437 1360 3484 et
1403 3426 1823 3497 imaginationis
1872 3441 1999 3497 pas-

417 3527 602 3580 siones
634 3532 691 3578 et
747 3521 1026 3592 passibilis
1069 3519 1298 3575 nomina
1348 3517 1570 3589 proprie
1625 3517 1899 3588 recipitis,
1942 3526 1999 3574 et

417 3622 683 3671 naturaet
700 3613 955 3669 realiter:
986 3610 1493 3682 impassibilitatem
1520 3622 1655 3664 vero
1672 3616 1728 3664 et
1751 3609 1994 3681 gloriam

416 3716 474 3761 et
502 3706 792 3771 honorem,
825 3713 883 3760 et
907 3719 1109 3760 nomen
1135 3700 1503 3757 deiﬁcationis
1535 3710 1592 3757 et
1622 3700 1824 3756 divinae
1861 3700 2000 3755 ﬁlia-

418 3799 608 3865 tionis,
640 3813 752 3853 non
776 3805 975 3852 natura
1008 3793 1369 3867 generaliter,
1400 3806 1506 3848 nec
1544 3808 1603 3849 re
1635 3807 1743 3848 nec
1774 3807 1905 3848 vere
1926 3792 1995 3846 de

413 3892 657 3958 Christo,
682 3891 777 3947 sed
800 3889 998 3945 falsum
1021 3899 1223 3943 nomen
1245 3895 1301 3942 et
1318 3885 1550 3957 ﬁguram
1566 3894 1621 3942 et
1642 3886 1996 3957 imaginatioo

415 3998 542 4039 nem
564 3992 619 4037 ct
639 3998 833 4037 vanam
849 3977 1544 4051 appellationembabctis:
1564 3976 1610 4032 si
1623 3978 1772 4032 enim
1789 3977 1996 4045 etlvere

416 4074 680 4130 dicuntur
712 4073 782 4128 ab
806 4073 928 4143 ipso
957 4079 1013 4127 et
1052 4068 1479 4137 ﬁuntbumana,
1510 4069 1606 4124 sed
1643 4068 1995 4124 considerate

414 4165 603 4221 studio
635 4163 889 4219 veritatis
943 4161 1058 4233 regi
1092 4160 1319 4232 quidem
1353 4159 1547 4214 dicere
1576 4158 1822 4229 propriis
1856 4158 1994 4213 sub-

410 4256 591 4326 jectis,
617 4270 763 4310 unus
792 4271 861 4310 ex
904 4252 1064 4308 vobis
1094 4266 1239 4318 sum,
1287 4258 1345 4306 et
1382 4249 1579 4305 similis
1611 4250 1793 4316 vobis,
1825 4256 1882 4304 et
1911 4250 1995 4304 fa-

415 4362 541 4402 cere
569 4347 624 4401 in
655 4347 774 4402 acie
800 4346 1074 4401 instructa
1106 4359 1230 4413 quae
1266 4348 1399 4397 sunt
1429 4341 1624 4395 militis
1664 4339 1734 4395 ad
1782 4355 1991 4411 procu-

2117 1884 2447 1955 γεννηθέντα
2476 1884 2581 1956 πρὸ
2624 1884 2842 1937 πάντων
2861 1882 2972 1936 τῶν
3012 1881 3244 1946 αἰώνων,
3273 1883 3369 1936 τὸν
3392 1884 3569 1936 αὑτὸν
3588 1901 3713 1936 κατ-

2114 1975 2340 2030 ελθόντα
2368 1976 2432 2029 ὲκ
2462 1974 2570 2028 τῶν
2600 1974 2848 2046 οὐρανῶν
2906 1977 3000 2029 καὶ
3055 1972 3424 2046 σαρκωθέντα
3478 1974 3716 2045 Χριστῇν

2112 2067 2423 2140 ὁμολογεῖτε
2440 2070 2505 2121 ὲκ
2520 2066 2660 2122 Πνεύ
2670 2083 2837 2137 ματος
2850 2065 3005 2134 ἁγίου
3025 2067 3117 2118 καί
3134 2065 3362 2136 Μαρίας
3384 2066 3494 2136 τῆς
3514 2065 3714 2136 Παρθέ-

2112 2180 2225 2228 νου,
2240 2161 2334 2214 καὶ
2354 2159 2675 2231 ὲνανθρωπή
2684 2175 2853 2211 σαντα
2876 2176 2893 2225 ;
2916 2158 3012 2211 καὶ
3030 2154 3098 2207 τὰ
3115 2155 3251 2210 ἄλλα
3260 2155 3344 2219 δὲ,
3366 2156 3499 2220 ⁴ιιιῶς
3522 2159 3713 2219 νοεῖτε,

2111 2253 2212 2307 ὅσα
2239 2251 2568 2323 προείρηται
2598 2252 2731 2322 ἡμῖν
2758 2251 2824 2303 ὲκ
2844 2249 2954 2302 τῶν
2981 2246 3142 2319 ἱερῶν
3174 2247 3395 2315 Λογίων
3427 2248 3565 2322 περὶ
3589 2248 3713 2317 Χρι-

2113 2343 2264 2408 στοῦ,
2298 2343 2374 2405 ὼς
2414 2340 2547 2395 Υἱοῦ
2591 2340 2893 2410 Θεοῦ,πρὸς
2936 2342 3002 2409 τῇ
3041 2339 3226 2409 χάριτι
3256 2337 3356 2391 καὶ
3396 2338 3712 2407 φύσειδντα

2110 2436 2237 2489 Υἱὺν
2269 2434 2427 2498 Θεοῦ,
2459 2432 2812 2503 παριστῶντα
2842 2430 3036 2496 αὐτόν;
3091 2432 3141 2484 εί
3203 2430 3318 2501 γὰρ
3352 2429 3439 2500 μὴ
3495 2431 3711 2498 δοκήσει

2108 2524 2503 2599 ἢ’φαντασίᾳῆ
2557 2523 2693 2595 πρὸς
2736 2522 2994 2576 ὑπόνοιαν
3037 2521 3073 2592 ἦ
3117 2539 3171 2574 τι
3218 2522 3333 2575 τῶν
3366 2521 3588 2575 λοιπῶν
3642 2514 3710 2574 ὧν

2108 2619 2274 2689 ἐφητε
2306 2616 2428 2671 οὐδὲ
2456 2614 2631 2669 ταῦτα
2658 2616 2807 2668 ἑστιν
2830 2614 3099 2686 εἰρημένα
3126 2614 3186 2668 ὲν
3213 2617 3285 2686 τῇ
3315 2613 3448 2685 θείᾳ
3498 2616 3708 2686 Γραφῇ,

2105 2709 2230 2763 οὔτε
2289 2708 2396 2780 μὴν
2443 2707 2814 2780 ψευδωνύμως
2868 2708 3086 2779 εἴρηται
3133 2708 3271 2773 Θεός
3314 2725 3379 2761 τε
3428 2710 3533 2762 καὶ
3583 2709 3705 2770 Υἱὸς

2104 2800 2264 2867 Θεοῦ,
2296 2801 2393 2854 καὶ
2417 2800 2668 2872 Κύριοςὸ
2691 2799 2853 2865 αὐτὸς
2878 2798 3137 2871 Χριστὸς,
3171 2800 3292 2862 πῶς
3325 2800 3459 2870 οὐχὶ
3488 2802 3519 2853 ό
3548 2799 3706 2859 agna;

2103 2894 2254 2949 ἔσται
2285 2892 2474 2964 ἄμφω,
2500 2892 2663 2965 εἴπερ
2694 2892 2836 2946 κατὰ
2860 2891 2956 2945 τοῦ
2991 2890 3158 2945 αὐτοῦ
3188 2891 3442 2960 ἑκατερα
3489 2891 3705 2958 λέγεται

2103 2987 2201 3041 καὶ
2226 2980 2308 3047 εἷς
2338 2985 2368 3039 ὃ
2404 3002 2465 3040 τε
2498 2984 2658 3055 φύσει
2713 2983 2843 3048 Υἱὸς
2891 2983 2986 3037 τοῦ
3032 2981 3168 3037 Θεοῦ
3227 2982 3326 3036 καὶ
3350 2984 3380 3036 ὁ
3408 2982 3600 3054 χάριτι
3629 3023 3648 3050 ,
3676 2984 3704 3035 ὁ

2104 3075 2322 3143 ἀπαθής
2340 3091 2401 3128 τε
2430 3075 2524 3128 καὶ
2555 3071 2818 3145 παθητὸς,
2846 3072 3083 3126 ἀνιστῶν
3101 3089 3161 3125 τε
3189 3072 3287 3125 καὶ
3310 3072 3704 3142 ἀνιστάμενος,

2102 3168 2196 3222 καί
2222 3166 2294 3221 τὰ
2320 3164 2506 3233 λοιπὰ,
2530 3164 2925 3238 δοξασθήσεται
2959 3182 2980 3232 ;

2170 3356 2247 3410 Οὐ
2303 3354 2415 3427 γὰρ
2447 3352 2663 3421 εὖλογοι
2704 3350 2874 3414 ὄντως
2923 3348 3105 3417 ὑμεῖς,
3136 3339 3184 3400 ὧ
3223 3344 3598 3415 εὕρεσιλόγοι,
3636 3341 3702 3396 δι’

2099 3447 2385 3503 εὐλάϐειαν
2441 3447 2539 3517 μὲν
2603 3445 2893 3514 δοκήσεωςε
2937 3441 3031 3495 καὶ
3064 3438 3389 3509 φαντασίας,
3441 3438 3516 3491 τὰ
3555 3435 3700 3504 πάθη

2098 3558 2160 3595 τε
2209 3541 2306 3594 καὶ
2349 3540 2419 3593 τὰ
2464 3537 2561 3592 τοῦ
2643 3533 2890 3605 παθητοῦ
2946 3533 3193 3603 ὀνόματα
3258 3530 3479 3601 κυρίως
3548 3527 3699 3580 £105:-

2098 3632 2339 3702 χόμενοι,
2375 3629 2469 3683 καὶ
2502 3628 2664 3698 φύσει
2707 3626 2804 3680 καὶ
2844 3621 3283 3696 πραγματιωδῶς
3303 3637 3320 3652 ·
3347 3622 3453 3689 τὴν
3472 3622 3533 3674 δὲ
3557 3620 3703 3674 ἁπα-

2099 3723 2250 3776 θείαν
2281 3721 2376 3775 καὶ
2404 3718 2564 3786 δόξαν
2601 3718 2697 3772 καὶ
2718 3717 2906 3788 τιμὴν,
2945 3717 3042 3768 καὶ
3070 3714 3131 3767 τὸ
3159 3713 3257 3780 τῆς
3302 3711 3570 3783 θεότητος
3610 3712 3702 3765 καὶ

2099 3811 2249 3875 θείας
2276 3810 2523 3882 υίότητος
2546 3810 2743 3880 ὄνομα,
2768 3809 2830 3861 οὗ
2864 3806 3027 3877 φύσει
3054 3805 3117 3858 τὸ
3148 3803 3408 3865 καθόλου,
3462 3805 3527 3857 οὐ
3564 3803 3703 3874 πρά-

2097 3919 2305 3974 γμασιν
2348 3900 2473 3955 οὐδὲ
2503 3899 2673 3963 ὅντως
2702 3899 2797 3951 ἐπὶ
2828 3894 3090 3968 Χριστοῦ,
3127 3893 3263 3949 ἀλλὰ
3305 3893 3700 3962 eam“,pr

2098 3993 2193 4047 καὶ
2230 3991 2452 4060 δόκησιν
2484 3989 2579 4044 καὶ
2620 3988 2917 4058 φαντασίαν
2966 3987 3065 4039 καὶ
3110 3984 3365 4054 διακενῆς
3416 4001 3700 4055 προσηγο-

2102 4077 2243 4149 ρίαν⁹
2270 4078 2329 4130 εἰ
2360 4076 2469 4148 γὰρ
2499 4078 2592 4130 καὶ
2620 4076 2791 4140 ὅντως
2808 4075 3029 4143 λέγεται
3057 4074 3150 4128 ὑπ’
3180 4072 3350 4126 αὐτοῦ
3387 4076 3490 4126 καὶ
3526 4074 3699 4143 πράτ-

2098 4183 2248 4222 τεται
2277 4166 2348 4220 τὰ
2398 4164 2738 4237 ἀνθρώπινα,
2774 4162 2913 4217 ἀλλά
2950 4163 3206 4216 σκοπεῖτε
3245 4159 3595 4230 φιλαλήθως,
3618 4161 3694 4213 ὅτι

2098 4256 2311 4328 βασιλεῖ
2366 4255 2466 4327 μὲν
2497 4254 2680 4324 λέγειν
2723 4256 2839 4317 τοῖς
2890 4253 3040 4315 ἰδίοις
3078 4251 3347 4321 ὑπηκόοις
3388 4251 3478 4303 ὅτι
3513 4245 3611 4313 Εἷς
3636 4249 3689 4314 ἐξ

2097 4348 2252 4421 ὑμῶν
2277 4349 2417 4418 είμι,
2451 4346 2559 4400 καὶ·
2592 4347 2777 4416 ὅμοιος
2817 4346 2968 4415 ὑμῖν,
3002 4344 3099 4399 καὶ
3127 4343 3393 4413 πράττειν
3428 4345 3491 4395 ἐν
3522 4340 3693 4411 καιρῷ

415 4440 642 4493 randam
678 4436 990 4493 communis
1029 4434 1311 4506 propriam
1348 4433 1679 4504 reipublicae
1732 4432 1990 4497 salutem,

2106 4440 2462 4512 παρατάξεως
2492 4438 2564 4492 τὰ
2604 4438 2700 4492 τοῦ
2738 4436 3094 4510 στρατιώτου,
3147 4435 3435 4506 προθυμίᾳ.
3466 4436 3569 4506 τῆς
3602 4435 3691 4487 τοῖν

412 4546 522 4585 non
543 4530 721 4585 solum
749 4544 861 4584 non
896 4543 1019 4584 esse
1037 4525 1588 4597 reprehendendum,
1615 4524 1713 4579 sed
1735 4533 1794 4580 et
1821 4524 1992 4580 nimis

412 4622 748 4693 gloriosum:
788 4621 1024 4679 militem
1047 4634 1203 4684 vero,
1228 4617 1273 4673 si
1302 4616 1451 4688 regie
1490 4624 1766 4695 proponat
1797 4625 1854 4673 et
1883 4632 1990 4672 no-

412 4715 677 4779 minetur,
714 4729 826 4769 non
861 4726 1085 4782 parvam
1130 4712 1418 4766 incurrere
1462 4709 1872 4765 accusationem
1897 4728 1911 4764 :
1940 4710 1989 4765 si

410 4806 581 4879 igitur
609 4804 709 4877 qui
735 4813 820 4861 est
860 4803 1035 4860 Filius
1061 4800 1309 4858 hominis
1336 4807 1394 4855 et
1430 4798 1598 4853 homo
1627 4799 1830 4865 solum,
1862 4800 1987 4854 uni-

409 4899 631 4971 genitus
671 4899 771 4955 Dei
826 4897 1025 4962 Filius,
1073 4904 1130 4951 et
1175 4891 1580 4966 primogenitus
1607 4892 1792 4948 omnis
1829 4908 1989 4949 crea-

411 5002 549 5049 tura:
577 4992 642 5058 ",
675 5002 732 5048 et
776 5007 944 5062 super
977 5004 1175 5046 omnes
1203 4987 1352 5042 Deus
1379 4985 1447 5053 “,
1480 4992 1538 5041 et
1583 4984 1822 5056 reliqua,
1876 4986 1987 5041 dici

410 5083 723 5139 consentiat
775 5090 995 5137 etcum
1046 5086 1325 5151 potestate
1384 5084 1675 5147 praeponat
1728 5085 1986 5147 tanquam

409 5176 690 5240 dominus,
750 5174 809 5229 in
866 5174 1040 5228 Deum
1100 5170 1422 5240 conspirare
1480 5167 1886 5224 convincitur:
1941 5170 1990 5224 si

408 5284 564 5335 vero,
588 5283 715 5324 cum
743 5267 816 5322 sit
842 5265 941 5322 Dei
962 5264 1138 5320 Filius
1176 5271 1234 5319 et
1268 5263 1433 5326 Deus,
1462 5267 1655 5315 utatur
1690 5260 1989 5330 aliquando

409 5360 671 5418 humanis
707 5359 940 5416 vocibus
965 5367 1022 5414 et
1053 5357 1241 5423 rebus,
1286 5353 1521 5411 evidens
1550 5359 1637 5407 est
1675 5351 1825 5422 quod
1878 5369 1993 5424 pra:

407 5454 646 5511 naturali
682 5448 1082 5525 magnitudine,
1110 5445 1558 5503 bumiliationem
1586 5458 1654 5499 ex
1684 5443 1986 5501 dilectione

411 5547 691 5603 ostendat.

476 5673 807 5739 "Joan.m,
839 5675 927 5727 51.
1009 5674 1053 5703 ’³
1084 5671 1242 5727 Joan.
1294 5686 1346 5735 χ,
1384 5668 1469 5723 18.
1549 5668 1593 5698 ’³
1633 5664 1789 5721 Joan.
1831 5684 1888 5733 ιι,
1948 5669 2027 5726 19.

344 5734 347 5737 ’
411 5739 456 5778 ⁸⁵
488 5743 693 5814 Eplics.
724 5734 802 5807 tv,
828 5742 877 5796 6.

2094 4531 2278 4586 κοινοῦ
2314 4532 2416 4602 τῆς
2458 4529 2593 4593 ἰδίας
2648 4527 2922 4591 πολιτείας
2974 4526 3272 4597 σωτηρίας,
3335 4526 3401 4579 οὐ
3440 4529 3605 4596 μόνον
3631 4525 3687 4577 οὐ

2091 4623 2319 4694 ψεκτὸν,
2347 4621 2483 4676 ἀλλὰ
2520 4620 2611 4675 καὶ
2645 4619 2786 4688 ἄγαν
2819 4617 3030 4682 ἔνδοξον
3047 4633 3059 4646 ·
3081 4616 3430 4689 στρατιώτην
3458 4618 3521 4671 δὲ
3546 4618 3685 4677 ὅντα,

2095 4715 2391 4787 βασιλικῶς
2440 4712 2802 4785 προστάττειν
2847 4710 2882 4782 ἢ
2933 4708 3340 4781 ὀνομάζεσθαι,
3389 4710 3455 4763 οὐ
3516 4707 3688 4778 μικρῷ

2091 4807 2378 4880 περιϐαλεῖ
2404 4805 2741 4880 ἐγκλήματι*
2774 4807 2937 4876 είπερ
2970 4799 3066 4858 οὖν
3096 4803 3228 4867 Tib;
3254 4801 3334 4855 ῶν
3372 4801 3685 4873 ἀνθρώπου,

2108 4902 2203 4955 καὶ
2260 4900 2552 4973 ἄνθρωπος
2638 4898 2801 4969 μόνον
2829 4939 2845 4964 ,
2900 4899 2929 4950 ὁ
2998 4895 3294 4968 μονογενὴς
3365 4893 3465 4947 τοῦ
3559 4892 3686 4948 Θεοῦ

2091 4994 2243 5061 Υίδς,
2298 4992 2395 5047 καὶ
2445 4990 2795 5062 πρωτότοκος
2856 4987 3040 5057 πάσης
3090 4985 3348 5049 κτίσεως,
3397 4987 3501 5039 καὶ
3536 4988 3567 5039 δ
3600 4983 3684 5036 ἐπὶ

2090 5084 2310 5140 πάντων
2363 5082 2496 5146 Θεὸς
2514 5124 2530 5149 ,
2565 5080 2660 5137 καὶ
2699 5079 2770 5134 τὰ
2820 5078 3017 5144 λοιπὰ,
3048 5076 3347 5147 λεγόμενός
3392 5093 3454 5129 τε
3489 5074 3682 5130 ἀποδέ-

2091 5184 2267 5245 χεται,
2298 5173 2393 5227 καὶ
2428 5170 2651 5241 ἐξουσίᾳ
2689 5169 3031 5242 προστάσσει
3081 5169 3159 5233 ὡς
3204 5167 3434 5239 Κύριος,
3493 5169 3681 5239 ἁνταρ·

2094 5264 2219 5330 σίας
2247 5265 2395 5319 ἑάλω
2415 5264 2551 5337 πρὸς
2576 5262 2730 5317 Θεόνο
2773 5264 2823 5316 εἰ
2868 5261 2927 5315 δὲ
2959 5261 3055 5315 καὶ
3096 5259 3235 5314 Θεοῦ
3268 5259 3398 5322 Υἱὸς
3430 5261 3537 5314 καὶ
3559 5259 3682 5321 Θεὸς

2097 5355 2267 5420 ὅντως
2291 5355 2389 5421 ῶν,
2424 5355 2623 5425 χρῆταί
2656 5369 2788 5407 ποτε
2820 5354 2938 5415 τοῖς
2971 5351 3330 5422 ἀνθρωπείοις
3355 5352 3576 5421 ῥήμασι
3596 5350 3681 5404 καὶ

2098 5448 2412 5519 πράγμασι,
2445 5446 2605 5517 δῆλον
2751 5445 2888 5516 πρὸς
2932 5447 3003 5516 τῇ
3040 5447 3240 5513 φυσικῇ
3274 5441 3678 5515 μεγαλειότητι,

2097 5540 2191 5594 καὶ
2218 5537 2625 5607 συγκατάόασιν
2659 5537 2721 5604 ἐξ
2748 5536 3084 5607 ἀγαθότητος
3113 5534 3508 5589 ἐπιδείκνυται.

2108 5660 2153 5701 ’³
2187 5669 2346 5724 Rom.
2396 5684 2449 5734 κ,
2488 5665 2543 5723 6.
2622 5667 2666 5697 ’⁸
2704 5664 2882 5720 lCor.
2946 5680 3002 5731 η,
3038 5664 3092 5719 8.
3169 5661 3217 5693 ’τ
3242 5660 3453 5717 Coloss.
3495 5679 3538 5727 ι,
3598 5662 3673 5715 15.
