3876 6310
205 307 339 373 1621

1140 312 1534 374 ADVERSUS
1570 305 2120 371 NESTORIANOS.
2158 327 2229 338 -
2265 303 2412 362 LIB.
2455 301 2572 362 III.

3335 292 3472 358 1629

277 420 342 474 Εί
364 418 420 472 δὲ
453 416 528 489 μή
565 415 707 471 κατά
744 416 838 471 τοῦ
873 416 1040 472 αὐτοῦ
1067 419 1197 474 Υίοῦ
1236 422 1272 491 ἢ
1305 422 1624 493 προσώπου,
1655 421 1790 477 ἀλλά

1963 415 2023 472 Si
2053 422 2240 470 autem
2271 428 2386 468 non
2414 386 2482 468 de
2527 410 2723 467 eodem
2760 408 2904 464 Filio
2945 416 3043 462 aut
3100 407 3295 464 eadem
3346 425 3472 481 pcr-

204 509 327 565 καθ’
348 508 537 578 ἐτέρου
558 509 653 562 καὶ
676 509 863 580 ἐτέρου
884 509 1004 563 υἱοῦ
1022 510 1093 564 τὰ
1113 511 1350 585 διάφορα
1376 517 1568 579 νοεῖτε,
1593 514 1710 578 πῶς
1727 513 1788 568 ού

204 601 299 655 δύο
330 603 481 664 υἱοὺς
511 603 697 671 σαφῶς
740 600 1028 670 δοξάζετε;
1079 603 1196 668 πῶς
1226 605 1284 658 δὲ
1321 607 1380 659 οὐ
1420 605 1649 678 θάτερον
1689 605 1790 677 μὲν

205 694 339 748 Θεὸν
371 693 525 746 οὐδὲν
569 694 648 755 είς
678 690 999 770 ἀνθρώπους
1046 696 1166 747 κατ’
1220 694 1413 749 οὐσίαν
1459 680 1791 758 κενωθέντα,

207 783 345 836 ἀλλὰ
380 783 539 853 μόνον
577 782 718 837 κατά
769 782 868 853 τὴν
905 782 964 850 ἐξ
996 782 1209 837 αἰώνων
1234 784 1602 858 προνοητικὴν
1623 781 1788 838 αὑτοῦ

205 875 512 944 ἐνέργειαν,
558 873 626 926 δι’
653 873 844 943 ἑτέρου
873 874 974 945 τὴν
1009 875 1284 945 ἡμετέραν
1325 876 1600 946 σωτηρίαν
1648 876 1794 929 οίκο-

205 964 478 1035 νομοῦντὰ
537 980 711 1032 φατες
771 964 848 1028 ὡς
896 963 1035 1034 μηδὲ
1103 964 1390 1037 ἀληθεύειν
1434 965 1622 1018 λοιπὸν
1669 964 1791 1019 καθ’

205 1054 350 1123 ὑμᾶς
372 1052 452 1119 τὸ,
490 1054 563 1106 Οὐ
604 1052 843 1123 πρέσϐυς
885 1053 990 1106 οὐδ’
1013 1053 1266 1123 ἄγγελος,
1294 1054 1410 1107 ἀλλ’
1438 1053 1600 1117 αὐτὸς
1622 1056 1651 1108 6
1680 1054 1794 1107 Κύ-

209 1161 320 1214 ριος
398 1144 604 1197 ἔσωσεν
651 1145 820 1216 ἡμᾶς,
851 1144 943 1198 τὸν
991 1145 1047 1198 δὲ
1101 1144 1291 1213 ἕτερον
1334 1145 1470 1210 υἱὸν,
1505 1145 1794 1216 ἄνθρωπον

204 1236 386 1303 ψιλὸν,
433 1235 553 1289 κατ’
587 1234 743 1289 οὐδὲν
786 1234 906 1305 Θεῷ
951 1237 1314 1290 κοινωνοῦντα
1343 1235 1376 1308 ἢ
1403 1236 1702 1306 ἡνωμένον,
1729 1237 1793 1288 οὐ

208 1325 391 1393 φύσει,
427 1327 525 1396 οὐχ
552 1326 853 1381 ὑποστάσει
874 1327 1127 1392 δοξάζετε
1155 1343 1171 1394 ;
1202 1329 1251 1381 εἰ
1287 1327 1383 1398 μὴ,
1412 1326 1487 1390 ὥς
1517 1344 1674 1396 φατε,
1699 1327 1797 1396 μό-

206 1434 283 1484 νῳ
321 1415 399 1486 τῷ
422 1417 645 1487 ὀνόματι
680 1417 821 1471 κατὰ
865 1418 957 1471 τὸν
1005 1417 1114 1471 τῶν
1153 1417 1463 1488 ὁμωνύμων
1487 1417 1666 1484 λόγον·
1708 1417 1794 1486 ἐφ’

144 1501 151 1507 ”
205 1500 283 1557 ὧν
312 1507 375 1559 τὸ
406 1508 505 1577 μὲν
548 1507 721 1578 ὄνομα
773 1509 974 1576 κοινὸν,
1004 1510 1033 1562 6
1063 1509 1120 1562 δὲ
1163 1508 1307 1563 κατὰ
1351 1507 1589 1578 τοῦνομα
1638 1508 1798 1578 λόγος

207 1598 309 1667 τῆς
347 1598 557 1662 οὐσίας,
610 1598 796 1670 ἕτερός
826 1601 976 1653 ἐστιν
1027 1598 1138 1652 ἀεί’
1186 1594 1298 1653 οἷον
1327 1599 1354 1652 ὅ
1382 1615 1442 1652 τε
1482 1600 1541 1652 ὲν
1566 1598 1798 1671 ἀληθείᾳ

207 1688 516 1759 ἄνθρωπος,
546 1690 640 1742 καὶ
670 1692 698 1743 ὁ
723 1691 780 1743 ὲν
808 1691 998 1762 Γραφῇ
1019 1690 1187 1761 ἄμφω
1200 1688 1492 1760 λεγόμενος
1525 1690 1795 1752 ὡσαύτως

1892 525 2047 577 sona,
2074 507 2174 565 sed
2212 508 2283 564 de
2316 521 2430 561 uno
2453 515 2511 561 et
2541 504 2719 560 altero
2744 503 2858 559 ﬂli‘o
2881 502 3105 558 diversa
3151 501 3468 573 concipitis,

1891 600 2172 671 quomodo
2198 612 2311 653 non
2330 596 2473 652 duos
2486 610 2609 651 esse
2639 593 2789 650 ﬂlios
2810 593 3100 650 manifeste
3122 592 3471 664 opinamini?

1892 688 2172 761 quomodo
2201 701 2336 743 vero
2367 685 2603 741 alterum
2623 683 2850 754 quidem
2871 684 3045 739 Deum
3068 682 3299 738 minime
3325 683 3473 737 inter

1894 781 2150 837 homines
2185 777 2492 835 secundum
2542 775 2911 830 substantiam
2964 781 3318 836 evacuatum,
3375 772 3472 828 sed
3547 806 3550 809 -

1894 871 2074 926 solum
2093 869 2251 939 juxta
2301 865 2684 936 operationem
2724 863 2899 932 ipsius
2932 876 3000 917 ex
3042 862 3262 917 saeculis
3291 860 3476 932 provi~

1894 964 2145 1026 dentem,
2176 972 2283 1030 ope
2333 955 2571 1013 alterius
2615 954 2684 1011 de
2726 963 2914 1010 nostra
2948 953 3127 1009 salute
3173 953 3476 1023 disponen-

1894 1060 2009 1107 tem
2075 1063 2189 1104 non
2224 1045 2451 1101 dicitis?
2483 1043 2569 1100 sic
2606 1042 2755 1114 apud
2783 1057 2885 1098 vos
2943 1058 3056 1097 non
3114 1056 3243 1099 esse
3273 1056 3471 1096 verum

1896 1141 2069 1208 istud,
2102 1155 2207 1195 nec
2233 1137 2503 1202 nuntius,
2549 1149 2734 1205 neque
2777 1135 3033 1205 angelus,
3070 1134 3166 1189 sed
3195 1134 3315 1203 ipse
3365 1133 3476 1187 Do-

1896 1235 2086 1289 minus
2132 1230 2368 1287 salvavit
2407 1243 2535 1292 nos,
2590 1228 2831 1282 alterum
2866 1241 3002 1281 vero
3035 1225 3232 1290 lilium,
3288 1224 3475 1279 homi-

1896 1341 2026 1382 nem
2061 1325 2300 1389 nudum,
2354 1322 2585 1377 minime
2611 1321 2728 1374 Deo
2760 1320 3197 1390 participantcm
3219 1327 3317 1373 aut
3350 1318 3478 1372 uni-

1899 1427 2041 1484 tum,
2083 1432 2189 1472 nec
2227 1424 2428 1471 natura
2473 1429 2578 1469 nec
2630 1414 2916 1485 hypostasi
2969 1411 3324 1482 cpinamini?
3359 1411 3479 1466 Nisi

1897 1509 2099 1566 dicatis
2130 1509 2205 1563 ita
2236 1522 2363 1563 esse
2389 1506 2511 1562 solo
2538 1505 2789 1571 nomine,
2837 1504 3155 1561 secundum
3199 1502 3349 1573 quod
3379 1503 3481 1555 ha-

1899 1600 2065 1656 betur
2104 1616 2208 1670 pro
2233 1599 2422 1655 verbis
2451 1598 2840 1671 homonymis:
2875 1595 3060 1668 quoad
3110 1595 3213 1650 ista
3238 1607 3479 1663 quorum

1898 1706 2103 1747 nomen
2131 1706 2427 1747 commune
2484 1699 2591 1754 est,
2620 1690 2868 1745 Verbum
2924 1685 3235 1742 secundum
3272 1696 3479 1739 nomen

206 1777 350 1830 τισὶν
378 1779 838 1850 ἀπαρατηρήτως
884 1779 1189 1851 ἄνθρωπος.
1221 1779 1380 1834 Οῦτω
1413 1781 1514 1851 μὲν
1562 1778 1657 1832 οῦν
1704 1779 1797 1833 καὶ

1904 1782 2250 1847 substantia),
2273 1782 2507 1836 alterum
2538 1788 2626 1836 est
2653 1784 2911 1850 semper;
2940 1787 3002 1833 ut
3026 1778 3083 1832 in
3108 1777 3350 1832 veritate
3376 1775 3481 1829 ιιυ-
3524 1770 3527 1771 ⁷

212 1869 342 1923 τάδε
393 1870 526 1940 παρ’
555 1870 713 1940 ἡμῶν
742 1870 1122 1925 ἀποδέδεικται
1143 1886 1158 1900 ⁸
1192 1872 1280 1925 ἵνα
1321 1872 1378 1925 δὲ
1412 1872 1549 1943 πρὸς
1578 1870 1801 1941 ἔλεγχον

206 1959 306 2029 τῆς
355 1958 550 2028 λοιπῆς
592 1960 773 2014 αὐτῶν
818 1961 1073 2025 ἀσεϐείας
1128 1963 1327 2027 αὐτοὺς
1375 1962 1799 2033 κατασύρωμεν,

207 2049 366 2101 αὐτον⁵
398 2048 707 2117 λεγέτωσαν
741 2052 894 2122 ἡμῖν·
929 2052 1020 2106 τὸν
1050 2053 1171 2107 κατ’
1195 2055 1394 2116 αὐτοὺς
1421 2053 1656 2123 θάτερον
1689 2051 1801 2104 τῶν

208 2140 344 2191 υἱῶν
380 2140 638 2211 Χριστὸν,
668 2141 757 2195 τὸν
787 2141 1080 2197 ἀσύνθετον
1129 2144 1208 2214 τῷ
1265 2144 1450 2215 Λόγῳ,
1506 2143 1800 2214 τίνιφασὶν

207 2228 532 2299 ὁμοούσιον;
562 2233 611 2284 εί
637 2231 745 2303 γὰρ
768 2232 966 2298 οὐδενὶ,
995 2234 1117 2288 οὐδὲ
1154 2234 1287 2289 Υίὸν
1331 2235 1490 2299 ὅλως,
1517 2235 1663 2298 τίνος
1692 2234 1802 2305 ἄρα

213 2321 499 2388 εῑποισαν;
542 2322 667 2375 ἐπεὶ
697 2326 810 2388 τοῖς
851 2323 1104 2378 τεκοῦσιν
1141 2323 1210 2397 ἦν
1253 2326 1644 2396 ἀνομοούσιος·
1682 2325 1802 2379 οὐδὲ

210 2411 547 2482 γεννηθέντα
585 2412 701 2477 οῦν,
745 2413 867 2467 οὐδὲ
897 2413 1039 2478 ζῶον
1063 2414 1216 2469 ἔσται
1260 2418 1403 2470 νοεῖν
1432 2414 1618 2480 αὑτὸν,
1658 2414 1802 2470 καθὰ

210 2505 308 2559 καὶ
354 2504 510 2558 αὐτοὶ
546 2510 603 2561 ἐν
631 2508 744 2568 τοῖς
795 2505 990 2577 πρώην
1020 2506 1342 2561 δεδώκασινο
1385 2507 1436 2560 εί
1479 2507 1538 2561 δὲ
1569 2505 1646 2577 τῷ
1683 2505 1802 2578 Θεῷ

213 2595 401 2666 μόνον,
428 2595 538 2667 ἄρα
565 2612 632 2665 γε
672 2597 767 2651 καὶ
796 2597 891 2651 δύο
932 2598 1063 2651 θεῖοι
1105 2598 1210 2651 υἱοί
1240 2599 1368 2661 εἰσι,
1406 2598 1502 2653 καὶ
1537 2597 1737 2670 τετρὰς
1765 2600 1799 2669 ἡ

208 2686 342 2753 ἀγία
370 2685 563 2758 Τριάς·
586 2686 682 2739 καὶ
709 2685 867 2740 τοῦτο
904 2687 963 2741 δὲ
988 2687 1260 2757 λέγοντες,
1284 2687 1319 2759 ἢ
1349 2688 1409 2741 οὐ
1439 2687 1531 2741 τὸν
1562 2689 1627 2741 ὲκ
1653 2688 1805 2757 Παρ-

211 2778 366 2831 θένου
404 2778 568 2847 φασὶν
607 2776 747 2833 εἶναι
799 2779 971 2844 τόνδε,
1010 2779 1044 2850 ἢ
1083 2780 1179 2834 καὶ
1208 2780 1308 2852 τὴν
1341 2780 1643 2849 Παρθένον,
1671 2779 1805 2833 Θεὸν

213 2871 362 2922 ἴσασι
399 2870 585 2938 φύσει·
620 2870 782 2942 εἴπερ
813 2871 1098 2941 όμοούσιος
1141 2873 1238 2926 καὶ
1267 2872 1403 2943 αὐτῇ
1444 2874 1474 2926 ό
1508 2861 1805 2943 ὁμοούσιος

210 2960 354 3030 Θεῷ*
382 2960 463 3014 διὸ
492 2960 558 3032 δὴ
580 2962 676 3016 καὶ
698 2962 845 3034 ἡμᾶς
878 2963 1088 3035 πάντας
1121 2964 1249 3026 τοὺς
1281 2963 1605 3035 όμοουσίους
1634 2964 1800 3035 αὐτῇ,

214 3051 371 3115 θεοὺς
414 3051 481 3106 ἂν
528 3052 737 3106 εἴποιεν
793 3052 1038 3115 εἰκότωςσ
1109 3053 1205 3108 καὶ
1262 3053 1625 3125 ἀπειροθεῒαν
1689 3055 1804 3106 είσ-

1902 1893 2028 1942 mo,
2057 1886 2114 1932 et
2138 1877 2194 1930 in
2222 1874 2514 1945 Scriptura
2542 1875 2707 1931 ambo
2740 1874 2926 1930 dictus
2955 1868 3290 1944 quibusdam
3315 1871 3485 1925 homo

1902 1968 2038 2039 quin
2058 1968 2242 2036 animo
2276 1966 2345 2021 ad
2381 1967 2489 2021 hoc
2515 1965 2840 2021 attendatur
2882 1980 2896 2018 :
2926 1965 3001 2018 ita
3029 1961 3261 2033 quidem
3313 1961 3485 2032 igitur

1901 2067 1958 2114 et
1989 2059 2107 2113 haec
2141 2073 2171 2112 a
2220 2057 2386 2111 nobis
2432 2057 2817 2112 demonstrata
2852 2061 3020 2108 sunt:
3081 2061 3144 2107 ut
3190 2060 3379 2106 autem
3414 2051 3483 2105 ad

1901 2150 2287 2221 probationem
2341 2148 2573 2217 reliqum
2629 2158 2826 2202 eorum
2887 2143 3196 2215 impietatis
3220 2142 3372 2213 ipsos
3402 2153 3485 2196 at-

1902 2241 2212 2305 trahamus,
2238 2238 2344 2309 ipsi
2375 2238 2562 2295 dicant
2594 2238 2791 2293 nobis:
2823 2237 3004 2294 Unum
3033 2236 3190 2306 juxta
3239 2235 3391 2305 ipsos
3417 2249 3486 2287 ex

1906 2329 2040 2385 ﬁliis
2068 2328 2357 2385 Christum
2391 2327 2889 2397 noncom‘positum
2915 2325 3125 2389 Verbo,-
3165 2322 3258 2380 cui
3289 2324 3486 2379 dicunt

1904 2418 2482 2490 consubstantialem?
2505 2418 2563 2473 Si
2585 2419 2733 2473 enim
2753 2418 2914 2481 nulli,
2934 2432 3040 2472 nec
3058 2416 3231 2471 lilium
3255 2412 3485 2470 omnino

1908 2510 2156 2580 alicujus
2182 2506 2437 2578 profecto
2471 2507 2689 2563 dicant!
2740 2507 2960 2563 Etenim
2990 2521 3103 2562 non
3160 2506 3242 2561 illi
3291 2504 3487 2561 eadem

1903 2619 1971 2659 ac
1992 2601 2324 2673 parentibus
2343 2608 2494 2656 esset
2517 2600 2828 2655 substantia
2851 2617 2866 2654 :
2898 2614 3082 2670 neque
3107 2598 3280 2671 igitur
3329 2597 3486 2669 geni-

1907 2705 2045 2763 tum,
2106 2709 2290 2765 neque
2336 2694 2528 2749 vivum
2580 2692 2807 2747 dabitur
2845 2691 3001 2746 illum
3058 2690 3378 2762 concipere,
3429 2698 3494 2745 ut

1905 2787 2012 2858 ipsi
2049 2801 2229 2857 nuper
2285 2792 2731 2840 concesserunt:
2779 2783 3047 2839 siautem
3112 2784 3228 2838 Deo
3286 2780 3477 2837 solum

1903 2876 2156 2949 profecto
2189 2874 2416 2946 quidem
2439 2882 2497 2930 et
2526 2875 2639 2930 duo
2664 2874 2843 2930 divini
2867 2875 2966 2931 lilii
2996 2882 3150 2940 sunt,
3176 2882 3233 2930 et
3258 2880 3492 2944 qualer-

1904 2969 2052 3024 nitas
2071 2975 2169 3022 aut
2189 2976 2383 3022 sancta
2406 2966 2700 3022 Trinitas:
2742 2973 2801 3021 et
2840 2966 2983 3021 illud
3014 2975 3334 3022 asserentes
3394 2972 3494 3019 aut

1905 3074 2019 3114 non
2039 3073 2109 3114 ex
2157 3057 2380 3128 Virgine
2417 3056 2575 3111 illum
2628 3070 2755 3113 esse
2788 3056 3007 3122 dicunt,
3056 3065 3155 3111 aut
3206 3056 3491 3126 Virginem

213 3142 409 3212 άγουσι
444 3144 891 3214 προφανέστατα·
928 3145 978 3197 εί
1016 3144 1072 3196 δὲ
1131 3146 1265 3215 ἡμῖν
1296 3120 1458 3215 μόνον
1511 3144 1797 3214 όμοούσιόν

1906 3151 2080 3206 Deum
2117 3120 2319 3204 natura
2359 3156 2679 3203 noverunt:
2731 3149 2941 3219 quippe
2993 3120 3075 3203 sit
3113 3120 3493 3203 consubstan-

213 3253 348 3306 φασι
377 3237 468 3291 τὸν
507 3238 768 3308 Χριστὸν,
806 3237 935 3291 Υἱὸν
970 3234 1106 3290 Θεοῦ
1134 3237 1449 3306 λεγόμενον,
1478 3237 1530 3289 τί
1553 3236 1800 3307 διαφέροι

216 3329 284 3381 ἂν
319 3322 472 3391 οὗτος
503 3328 612 3382 τῶν
649 3328 854 3384 λοιπῶν
889 3327 1020 3382 υἱῶν
1049 3327 1145 3382 τοῦ
1182 3326 1317 3382 Θεοῦ
1343 3327 1670 3401 εἰρημένων,
1714 3326 1801 3380 λε-

212 3420 628 3489 γέτωσανςπερὶ
647 3412 721 3473 ὧν
758 3419 975 3491 εἴρηται
1005 3418 1110 3473 ὑπὸ
1138 3418 1231 3472 τοῦ
1261 3417 1419 3472 Θεοῦ·
1445 3436 1466 3468 ι
1494 3418 1606 3472 Kal.
1644 3417 1798 3472 ἔσον-

209 3508 302 3565 ταί
334 3528 423 3582 μοι
449 3511 528 3573 είς
557 3512 706 3575 υἱοὺς
738 3511 833 3565 καὶ
863 3510 1168 3582 θυγατέρας
1189 3526 1203 3539 ·
1236 3508 1407 3573 οκαὶμ
1441 3508 1583 3578 Ἐγὼ
1611 3504 1764 3564 εἷπον
1783 3526 1798 3542 ο

211 3601 334 3654 Θεοί
355 3603 475 3654 ἐστε
528 3603 623 3654 καὶ
651 3603 757 3655 υἱοὶ
793 3601 1048 3670 Ὑψίστου
1077 3602 1297 3668 πάντες,
1333 3620 1353 3654 ι
1383 3602 1475 3655 καὶ
1497 3601 1567 3655 τὰ
1587 3600 1789 3657 τοιάδε.

1909 3241 2055 3297 tialis
2096 3248 2156 3296 et
2198 3239 2308 3310 ipsi
2358 3238 2856 3295 consubstantialis
2896 3239 3033 3295 Deo.
3089 3237 3218 3292 Ideo
3273 3245 3333 3291 et
3389 3250 3491 3291 nos

1905 3347 2104 3388 omnes
2153 3331 2662 3387 consubstantiales
2711 3329 2947 3401 Virgini,
2999 3329 3135 3386 deos
3181 3328 3382 3383 merito
3412 3326 3500 3382 d2-

1908 3431 2132 3480 cerent:
2189 3430 2247 3479 et
2298 3418 2770 3493 inexperientiam
2824 3423 3097 3478 exhibent
3151 3419 3494 3476 manifestis—

1909 3516 2081 3571 sime:
2113 3516 2160 3570 si
2195 3531 2333 3572 vero
2367 3516 2534 3572 nobis
2589 3516 2770 3572 solum
2816 3514 3351 3571 consubstantialem
3407 3511 3489 3567 di-

1901 3614 2039 3661 cunt
2062 3606 2375 3664 Christum.
2411 3606 2594 3662 Flium
2624 3607 2725 3662 Dei
2750 3607 2987 3673 doletum,
3029 3607 3088 3661 in
3130 3620 3242 3676 quo
3274 3603 3497 3660 differat

211 3693 317 3749 iste
350 3709 382 3746 a
433 3692 646 3748 caneris
678 3693 803 3749 tiliis
832 3693 919 3747 dei
960 3694 1306 3764 nuncupatis,
1367 3693 1576 3759 dicant,
1608 3692 1677 3748 de
1707 3692 1910 3763 quibus
1948 3698 2225 3768 prolatum
2257 3705 2343 3752 est
2367 3712 2400 3753 a
2427 3698 2541 3754 Deo
2567 3715 2581 3751 :
2612 3708 2644 3750 Δι
2682 3700 2750 3754 Et
2776 3707 2943 3755 erunt
2986 3698 3122 3753 mihi
3174 3698 3230 3752 in
3281 3697 3425 3753 filios
3440 3704 3498 3752 et

212 3783 425 3839 tilias?»
459 3783 527 3837 Et
573 3802 592 3835 ι
631 3783 744 3854 Ego
772 3782 887 3837 dixi
917 3800 930 3836 :
956 3782 1042 3836 Dii
1068 3782 1204 3839 estis
1225 3790 1282 3838 et
1314 3782 1415 3838 ﬁlii
1440 3783 1644 3839 excelsi
1671 3797 1866 3841 omnes
1894 3786 1963 3854 ³⁸,
1989 3805 2007 3838 ι
2039 3793 2098 3842 et
2126 3786 2353 3850 similia.
2472 3798 2481 3807 '
3533 3795 3536 3801 '

811 3898 1064 3951 ΚΕΦΑΛ.
1106 3899 1186 3951 Z'.

283 3987 411 4042 Υίὺν
467 3987 589 4059 μὲν,
622 3988 777 4060 φησὶ,
808 3987 900 4042 τοῦ
934 3987 1095 4052 Θεοῦ,
1129 3986 1290 4057 φύσει
1320 3988 1413 4041 τὸν
1454 3988 1590 4042 Θεὸν
1620 3968 1793 4059 Ᾰόγον

214 4079 393 4150 μόνον,
423 4078 516 4131 τὸν
538 4079 826 4149 όμοούσιον
855 4078 936 4149 τῷ
967 4078 1143 4150 Πατρί
1177 4096 1358 4150 φαμεν
1389 4096 1403 4111 ’
1440 4080 1531 4133 τὸν
1555 4080 1613 4134 δὲ
1658 4082 1795 4153 Χρι-

213 4170 355 4233 στὸν,
388 4170 518 4224 Υίὸν
548 4170 648 4239 μὲν
690 4168 831 4223 Θεοῦ
876 4171 1388 4241 προσαγορεύεσθαι
1416 4174 1601 4241 χάριτι
1636 4172 1807 4242 λέγω

1974 3991 2176 4047 Filium
2198 3990 2444 4062 quidem,
2466 3892 2828 4060 ἰηιῗυῗῖοοὲἰιῖ
2833 3939 3033 4044 natura
3051 3986 3226 4043 Deum
3246 3984 3493 4042 Verbum

1893 4084 2098 4149 solum,
2135 4081 2671 4139 consubstantialem
2700 4081 2850 4136 Patri
2881 4074 3160 4136 dicimus:
3203 4079 3493 4135 Christum

1893 4189 2030 4230 vero
2057 4174 2259 4229 Filium
2292 4172 2393 4229 Dei
2422 4172 2698 4243 appellari
2733 4172 2907 4243 gratia
2943 4178 3220 4236 tenemus,
3252 4170 3494 4227 similem

214 4279 336 4332 μεν,
371 4262 559 4332 ὅμοιον
606 4260 664 4313 δὲ
698 4254 842 4314 εἶναι
890 4263 956 4331 τῇ
997 4260 1159 4329 φύσει
1191 4278 1207 4294 ⁸
1234 4262 1296 4315 οὐ
1322 4261 1413 4315 διὰ
1440 4263 1561 4317 τόδε
1599 4263 1657 4316 δὲ
1695 4265 1792 4319 καὶ

1904 4281 2030 4321 vero
2073 4280 2199 4321 esse
2242 4272 2488 4320 natura:
2522 4278 2635 4319 non
2690 4270 2879 4317 autem
2928 4261 3058 4318 ideo
3101 4263 3283 4332 ipsum
3331 4261 3497 4316 nobis

208 4355 474 4423 ὁμότιμον
494 4350 661 4404 αὐτὸν
676 4352 807 4420 ἡμῖν
822 4351 923 4422 ήδη
945 4352 1356 4423 παριστάνομεν
1379 4354 1527 4407 Υίόν·
1554 4356 1679 4408 ἐπεὶ
1698 4356 1793 4410 καὶ

1904 4359 2109 4414 honore
2160 4372 2353 4428 parem
2398 4356 2602 4411 Filium
2643 4356 2756 4427 jam
2800 4355 3170 4425 preponimus
3214 4369 3392 4409 :nam
3440 4363 3499 4410 et

210 4446 377 4515 ἡμεῖς
422 4441 671 4512 χάρισμα
695 4440 968 4505 υἱοθεσίας
1007 4441 1273 4513 ἐλάϐομεν
1317 4445 1468 4515 παρά
1502 4442 1639 4498 Θεοῦ
1659 4486 1675 4512 ,
1707 4445 1797 4499 καὶ

1905 4449 2013 4521 ipsi
2039 4449 2249 4505 donum
2274 4446 2649 4504 deiﬁcationis
2667 4447 2984 4519 accepimus
3016 4462 3048 4501 a
3077 4447 3214 4512 Deo,
3239 4453 3297 4501 et
3322 4445 3497 4518 gratia

209 4534 396 4606 χάριτί
435 4534 606 4603 ἐσμεν
638 4532 806 4586 τέκνα
833 4531 992 4599 Θεοῦ,
1023 4533 1117 4587 καὶ
1146 4534 1474 4606 κληρονόμοι
1502 4534 1663 4597 Θεοῦ,
1700 4536 1797 4591 καὶ

213 4624 649 4697 συγκληρονόμοι
682 4624 849 4680 αὐτοῦ
890 4625 1131 4697 Χριστοῦ
1155 4642 1171 4657 ο
1201 4626 1297 4681 καὶ
1325 4626 1436 4680 τῶν
1460 4628 1662 4698 ὁμοίως
1691 4628 1802 4702 γὰρ

211 4719 523 4790 λεγομένων
571 4717 837 4783 πολλάκις
856 4756 874 4785 ,
905 4717 1114 4788 ἄφατος
1144 4717 1464 4789 εὑρίσκεται
1511 4720 1755 4791 διαφορά
1780 4738 1799 4754 ο

219 4810 432 4880 κυρίως
462 4809 565 4881 γὰρ
595 4811 691 4864 καὶ
718 4811 1000 4882 κτίσματα
1030 4809 1059 4865 6
1084 4827 1146 4864 τε
1171 4809 1373 4880 κώνωψ
1391 4813 1486 4866 καὶ
1506 4813 1536 4866 6
1554 4813 1800 4882 -ᾶγγελος

213 4902 380 4970 ἄμφω
409 4901 612 4973 ὁμοίως
644 4901 897 4971 λέγεταιο
929 4903 1026 4957 καὶ
1057 4903 1123 4957 οὐ
1145 4904 1299 4977 παρά
1316 4904 1437 4959 τόδε
1463 4904 1629 4976 ὄμοιά
1654 4906 1799 4961 ἐστι’

212 4993 348 5047 πολὺ
379 4993 489 5065 γὰρ
536 4994 601 5048 τὸ
628 4995 889 5067 διάφορον
939 4995 1118 5051 αὐτῶν
1139 5013 1154 5028 ο
1193 4994 1368 5062 οὕτως
1418 4993 1515 5053 οῦν
1559 4998 1655 5053 καὶ
1700 5000 1795 5053 ἐπὶ

212 5085 322 5139 τῶν
348 5086 496 5140 θέσει
521 5087 794 5159 διαφόρων
820 5088 957 5143 υίῶν
980 5086 1121 5141 Θεοῦ
1162 5089 1258 5142 καὶ
1285 5089 1470 5160 χάριτι
1525 5086 1750 5162 νοητέον
1774 5107 1788 5123 ’

215 5168 466 5239 πλείονὸς
500 5176 631 5260 »γὰρ
662 5176 831 5248 τιμῆς
864 5176 1094 5247 ἠξίωται
1138 5169 1432 5254 όΧριστὸς
1492 5181 1588 5236 καὶ
1642 5182 1797 5252 παρά

214 5267 428 5337 Μωῦσῆ
456 5267 549 5320 τὸν
598 5267 773 5338 μέγαν
804 5271 863 5322 ὲν
918 5269 1253 5340 προφήταις,
1296 5271 1531 5327 καθόσον
1570 5272 1796 5327 πλείονα

213 5355 381 5425 τιμὴν
408 5356 524 5427 ἔχει
553 5356 652 5411 τοῦ
690 5360 841 5413 οἴκου
871 5361 900 5413 6
923 5360 1347 5426 κατασκευάσας
1377 5362 1560 5419 αὐτόν.

286 5448 350 5503 Εἰ
380 5446 476 5502 οῦν
512 5449 589 5521 μὴ
635 5452 730 5504 καὶ
769 5449 944 5505 ταῦτα
992 5452 1398 5523 προσποιεῖσθε,
1458 5454 1575 5508 ἀλλ’
1624 5455 1795 5520 ὅντως

221 5540 322 5595 κᾶν
372 5544 541 5614 τιμῆς
591 5543 685 5599 καὶ
742 5544 900 5611 ἀξίας
932 5544 1048 5600 ἴστε
1090 5547 1385 5618 πρόκρισιν
1428 5547 1793 5619 ὲπὶΧριστοῦ

294 5697 338 5727 ’⁵
368 5696 509 5751 l‘sal.
553 5713 731 5763 LXXXI,
761 5698 814 5753 6.
905 5700 949 5731 ³ο
984 5699 1142 5753 Rom.
1179 5715 1299 5766 VIII,
1343 5701 1429 5754 i7.

1907 4554 2105 4596 sumus
2133 4539 2231 4595 ﬁlii
2255 4539 2374 4605 Dei,
2403 4546 2461 4594 et
2483 4539 2735 4596 lueredes
2760 4536 2880 4605 Dei,
2899 4546 2958 4595 et
2977 4536 3300 4595 cohaeredes
3320 4539 3496 4610 ipsius

1904 4630 2114 4689 Christi
2129 4632 2197 4687 ³⁸.
2215 4632 2278 4687 in
2296 4632 2386 4689 his
2407 4640 2590 4688 tamen
2608 4645 2733 4704 qua:
2752 4647 2895 4702 saepe
2921 4630 3183 4687 similiter
3203 4631 3492 4698 dicuntur,

1905 4724 2131 4780 infanda
2159 4725 2440 4797 reperitur
2471 4725 2828 4782 diﬂ‘erentia:
2880 4725 3107 4796 pr0prie
3149 4724 3309 4781 enim
3336 4739 3497 4781 crea-

1904 4821 2047 4872 turae
2069 4823 2128 4872 et
2154 4817 2319 4871 culex
2344 4822 2402 4871 et
2431 4816 2664 4887 angelus
2692 4815 2858 4870 ambo
2889 4815 3149 4870 similiter
3189 4813 3454 4869 dicuntur
3480 4831 3495 4869 :

1899 4916 2092 4963 etnon
2126 4908 2258 4964 ideo
2286 4907 2500 4963 similes
2533 4915 2664 4962 sunt
2685 4905 2966 4960 :m‘ultum
3008 4904 3159 4959 enim
3187 4902 3495 4958 ditferunt:

1898 5000 1975 5055 ita
2002 4999 2176 5070 igitur
2214 4998 2283 5072 de
2314 4997 2554 5053 diversis
2597 4994 2726 5050 ﬁliis
2755 4995 2854 5050 Dei
2898 4994 3197 5065 adoptione
3227 5000 3286 5049 et
3318 4992 3497 5064 gratia

1903 5087 2306 5146 sentiendum:
2365 5086 2652 5158 amplioris
2708 5085 2857 5141 enim
2912 5085 3102 5158 gloriae
3152 5086 3361 5157 dignus
3409 5092 3497 5140 est

1902 5180 2123 5237 habitus
2164 5178 2444 5246 Christus,
2489 5186 2548 5234 et
2579 5192 2694 5249 prae
2722 5175 2908 5249 Moyse
2936 5190 3136 5250 magno
3182 5175 3328 5234 inter
3359 5189 3494 5245 pro-

1902 5274 2122 5344 phetas,
2162 5279 2374 5343 quanto
2406 5269 2733 5341 ampliorem
2768 5264 3042 5325 honorem
3074 5267 3249 5329 habet
3298 5265 3496 5322 domus

1903 5365 1999 5435 qui
2028 5362 2512 5419 fabricavit-illam.
3462 5376 3465 5379 ν

1977 5454 2036 5512 Si
2085 5455 2255 5526 igitur
2295 5469 2406 5510 non
2452 5462 2511 5509 et
2561 5451 2682 5507 haec
2729 5449 3092 5515 admiseritis,
3120 5447 3221 5525 sed
3265 5459 3396 5503 vere
3439 5454 3497 5502 et

1906 5549 2137 5605 honoris
2156 5555 2216 5604 et
2235 5546 2524 5621 dignitatis
2546 5543 3167 5603 noveritis'electionem
3187 5539 3257 5598 de
3272 5528 3496 5597 Christo
