3908 6306
114 327 278 398 1625

1048 330 1446 393 Αῡνεῖιευδ
1485 296 2124 389 ΝΕΞΤΟΒΙᾸΝΟΞ-
2152 324 2299 383 LIB.
2342 322 2457 382 III.
2529 328 2535 333 ο

3266 309 3413 382 16Ξέ

106 444 202 516 ’τῷ
240 444 354 514 γὰρ
403 443 758 513 ἐργαζομένῳ
819 443 1022 496 δίδοται
1074 443 1174 512 μὲν
1225 444 1435 513 μισθὸς,
1468 443 1530 495 οὐ
1572 441 1715 493 κατὰ

1818 453 1984 506 supra
2024 452 2126 491 nos
2155 436 2329 505 ipsius
2358 435 2725 491 excellentia?
2750 435 3012 502 Operanti
3050 433 3199 490 enim
3237 434 3401 490 datur

108 551 292 605 χάριν
320 534 398 599 δὲ,
428 533 566 588 ἄλλα
591 534 713 587 κατ’
743 532 1066 604 ape-0.11m.”
1105 551 1124 584 ι
1154 534 1217 586 ΕΞ
1247 533 1304 586 δὲ
1337 533 1480 587 κατὰ
1513 534 1708 603 χάριν,

106 628 226 680 οὐκ
253 626 314 690 ἐξ
336 626 515 697 ἔργων
545 641 558 655 °
598 625 722 678 ἐπεὶ
750 628 783 694 ὴ
813 626 971 696 χάρις
1031 625 1215 678 οὐκέτι
1250 626 1453 692 γίνεται
1479 627 1661 698 χάρις,
1686 644 1704 676 ι

108 718 197 781 ὡς
264 718 514 788 εἴρηται·
546 716 724 779 ἄλλως
769 717 826 769 δὲ
890 717 938 769 εἰ
971 717 1005 785 ὴ
1036 716 1197 786 χάρις
1227 716 1365 785 αὕτη
1397 716 1492 771 καὶ
1513 718 1546 786 ἠ
1578 715 1710 784 τίμὴ

104 803 185 878 ἧς
218 807 455 878 ἠξίωται
488 806 725 878 Χριστὸς
755 806 1021 875 διαφορὰν
1045 809 1190 859 ποιεῖ
1219 808 1311 860 καί
1345 809 1481 876 πρὸς
1511 807 1603 859 τὸν
1651 808 1709 860 ὲν

106 899 440 969 προφήταις
496 894 774 965 ἐξαίρετον
824 895 1056 965 Μωῦσῆ,
1098 894 1332 948 καθόσον
1363 895 1590 950 πλείονα
1624 913 1708 949 τι-

110 989 236 1058 μὴν
292 985 535 1056 ἔχειτοῦ
580 986 732 1039 οἴκου
764 986 793 1038 ὁ
842 986 1267 1050 κατασκευάσας
1329 988 1517 1054 αὑτὸν,
1548 988 1708 1057 δῆλον

105 1080 200 1133 ὃτι
234 1079 460 1133 κτίστου
493 1078 630 1148 πρὸς
657 1079 886 1147 κτίσμα,
934 1077 1176 1147 τοσαύτη
1232 1078 1381 1131 ἐστὶν
1412 1080 1445 1147 ἡ
1476 1080 1711 1151 διαφορὰ

104 1173 143 1241 ἡ
180 1171 286 1224 ἀπ’
320 1171 492 1239 αὐτῆς
525 1170 860 1241 ἐγγινομένη
894 1172 1007 1233 τοῖς
1041 1171 1293 1239 μετόχοις
1331 1171 1534 1238 αὐτῆς,
1572 1174 1710 1242 πρὸς

106 1261 251 1322 τοὺς
302 1259 495 1330 πρώην
533 1259 754 1329 ὁμοίους
799 1259 1012 1313 αὐτῶν·
1042 1261 1145 1312 οὐκ
1197 1261 1307 1331 ἄρα
1340 1261 1503 1330 ἀρκεῖ
1530 1262 1709 1333 οὐδὲή

104 1347 214 1401 τοῦ
264 1348 500 1417 ἀγγέλου
535 1347 673 1419 πρὸς
702 1346 942 1401 κώνωπα
989 1348 1215 1413 διένεξις
1247 1350 1472 1421 φυσικὴ,
1509 1350 1543 1421 ἢ
1574 1368 1709 1422 χρυ-

107 1441 216 1494 σοῦ
281 1440 418 1512 πρὸς
476 1440 775 1512 ὄστρακον,
828 1441 996 1511 ἄμφω
1063 1442 1297 1496 κτιστῶν
1352 1441 1541 1506 ὅντων,
1606 1442 1711 1497 κᾶν

106 1529 386 1600 ὑπερέχοι
400 1547 454 1583 τι
467 1530 695 1602 θάτερον
714 1532 840 1585 ϐατὲ
850 1549 966 1602 ρου,
984 1533 1064 1595 είς
1082 1533 1440 1601 παράδειγμα
1451 1534 1548 1602 τῆς
1570 1534 1711 1587 κατὰ

105 1621 358 1689 Χριστὸν
373 1620 630 1693 διαφόρου
660 1623 795 1691 πρὸς
812 1624 957 1692 ήμόίς
980 1623 1224 1693 χάριτοςο
1253 1626 1300 1676 εἰ
1317 1624 1425 1694 γὰρ
1458 1623 1534 1694 μὴ
1550 1625 1710 1693 ὅμοια

109 1707 265 1764 εἶναι
329 1714 481 1765 ποιεί
531 1713 626 1766 καὶ
653 1714 687 1782 ή
722 1714 800 1775 είς
837 1715 984 1782 ἡμᾶς
1011 1715 1116 1768 ὑπὸ
1140 1713 1280 1767 Θεοῦ
1314 1717 1448 1784 τιμὴ
1480 1717 1573 1768 καὶ
1607 1716 1710 1785 χά-

1811 527 2038 597 quidem
2070 541 2310 590 merces,
2352 542 2462 581 non
2496 541 2627 580 vero
2673 527 2976 581 secundum
3021 527 3277 596 gratiam,
3303 525 3405 581 sed

1810 619 2117 675 secundum
2152 618 2440 673 debitum:
2484 638 2501 667 ι
2538 617 2595 671 Si
2617 625 2802 671 autem
2837 633 2904 671 ex
2932 617 3126 687 gratia,
3147 619 3262 686 jam
3288 632 3400 671 non

1809 729 1878 767 ex
1912 712 2200 782 operibus:
2226 710 2472 778 alioquin
2497 711 2803 779 gratiajam
2836 725 2944 763 non
2972 717 3060 763 est
3080 709 3257 779 gratia
3278 709 3355 774 ³¹,
3375 729 3392 759 ι

1810 805 2018 859 dictum
2071 813 2191 858 est:
2221 803 2383 857 aliter
2428 809 2650 855 autem:
2687 800 2744 855 Si
2776 800 2951 871 gratia
2982 801 3096 871 ipsa
3133 809 3188 855 et
3216 801 3398 855 honor

1809 898 1968 967 cujus
2026 895 2229 963 dignus
2284 893 2511 947 habitus
2565 902 2652 947 est
2700 892 2955 949 Christus
3029 890 3399 946 differentiam

1805 987 1974 1044 eflicit
2026 1003 2057 1042 a
2097 987 2280 1058 Moyse
2328 985 2474 1039 inter
2530 985 2830 1054 prophetas
2882 984 3203 1054 conspicuo,
3247 990 3301 1038 et
3324 983 3395 1038 sit

1810 1080 2046 1149 amplior
2088 1087 2296 1148 quanto
2326 1077 2654 1147 ampliorem
2688 1076 2952 1131 honorem
3000 1076 3168 1130 habet
3198 1077 3399 1129 domus

1810 1171 1906 1240 qui
1954 1170 2242 1224 fabricavit
2295 1169 2466 1232 illam,
2494 1168 2726 1223 evidens
2757 1179 2843 1223 est
2875 1167 3024 1236 quod
3068 1166 3299 1220 artificis
3326 1166 3396 1224 ab

1809 1277 1978 1331 opere
2015 1268 2166 1315 tanta
2211 1261 2282 1314 sit
2330 1259 2647 1313 differentia
2686 1268 2888 1327 quanta
2938 1258 3126 1327 gratia:
3168 1256 3395 1326 partici-

1815 1353 2069 1422 pantium
2096 1351 2165 1405 ab
2206 1350 2315 1404 illis
2342 1349 2437 1418 qui
2464 1358 2624 1403 antea
2669 1349 2815 1403 inter
2859 1364 2917 1402 se
2951 1348 3162 1402 similes
3195 1356 3395 1401 erant:

1810 1459 1921 1499 non
1950 1452 2101 1499 certe
2123 1440 2326 1497 suflicit
2346 1455 2527 1509 neque
2556 1439 2733 1508 angeli
2770 1454 2799 1492 a
2825 1439 3001 1493 culice
3028 1437 3399 1506 discrepantia

1811 1534 2107 1600 naturalis,
2135 1540 2233 1587 aut
2261 1531 2382 1586 auri
2426 1546 2458 1585 a
2501 1536 2663 1595 testa,
2693 1544 2812 1597 qua:
2838 1527 3000 1581 ambo
3037 1537 3221 1581 creata
3245 1533 3398 1591 sunt,

1809 1624 2029 1679 etiamsi
2069 1625 2306 1678 alterum
2343 1621 2519 1676 altero
2558 1619 2765 1688 aliquid
2826 1627 3073 1688 superet,
3106 1617 3163 1689 in
3214 1631 3401 1670 exem-

1806 1717 1962 1786 plum
1996 1715 2189 1784 gratia:
2215 1728 2340 1782 quae
2370 1711 2514 1781 apud
2561 1710 2846 1764 Christum
2886 1710 3074 1763 differt
3113 1725 3144 1763 a
3184 1708 3392 1762 nobis:

111 1818 229 1869 ρις,
271 1802 387 1855 ἀλλ’
417 1802 449 1872 ἢ
484 1803 609 1855 ὅσον
663 1804 884 1857 κτίστου
918 1805 1053 1874 πρὸς
1102 1805 1312 1874 κτίσμα
1340 1804 1575 1876 διαφορὰ
1605 1823 1705 1875 cpu-

1810 1807 1857 1861 si
1902 1805 2052 1860 enim
2094 1820 2207 1858 non
2238 1803 2438 1857 similia
2478 1801 2682 1857 faciant
2731 1802 2910 1855 honor
2950 1810 3006 1855 et
3038 1800 3214 1869 gratia
3236 1800 3331 1869 qui
3366 1815 3398 1853 a

108 1889 378 1947 λάττεται
404 1892 462 1944 ὲν
493 1892 626 1960 ἡμῖν
657 1892 750 1944 καὶ
791 1891 943 1962 αὐτῷ
1000 1894 1094 1945 ἐπὶ
1122 1897 1242 1957 ταῖς
1277 1894 1449 1958 θείαις
1491 1895 1703 1967 χάρισι,

111 1982 356 2050 κτίστην
389 1981 608 2053 άληθῶς
635 1983 731 2036 καὶ
760 1984 819 2036 οὑ
851 1984 1058 2055 κτίσμα
1086 1987 1323 2057 Χριστὸν
1353 1989 1514 2058 μόνον
1560 2006 1706 2061 παρ-

113 2074 341 2143 ίστησιν
368 2068 510 2128 εἶναι
535 2076 568 2144 ή
595 2076 923 2146 ἐγγινομένη
961 2078 1113 2147 αὑτῷ
1162 2079 1324 2148 χάρις
1355 2096 1371 2111 ·
1405 2079 1532 2133 οὔτε
1582 2081 1703 2134 καθ’

110 2165 273 2235 ἡμᾶς
317 2159 432 2229 οὖν,
489 2163 612 2217 οὔτε
650 2164 791 2217 κατὰ
815 2166 1027 2236 Μωῦσῆ
1059 2166 1150 2220 τὸν
1184 2168 1360 2237 μέγαν
1388 2169 1516 2222 ὄντα
1546 2170 1707 2239 μόνον

109 2252 403 2305 δείκνυσιν
440 2252 624 2319 αὑτὸν,
652 2252 792 2306 ἀλλὰ
825 2253 917 2306 καὶ
964 2252 1097 2307 Θεὸν
1142 2256 1328 2326 σαφῶς
1353 2271 1367 2286 ’
1403 2258 1566 2327 μόνου
1597 2261 1706 2330 γὰρ

109 2342 273 2397 Θεοῦ
305 2343 366 2395 τὸ
405 2342 610 2407 κτίζειν
637 2344 732 2397 καὶ
778 2341 1215 2409 κατασκευάζειν
1241 2346 1308 2399 ὲκ
1340 2346 1414 2418 μὴ
1440 2347 1610 2401 ὄντων
1638 2349 1707 2402 τὰ

110 2432 303 2488 πάντα
331 2445 345 2460 ·
400 2432 619 2487 πάντων
670 2431 727 2496 δὲ
781 2432 890 2487 τῶν
940 2432 1080 2503 μετὰ
1134 2433 1290 2499 Θεὸν,
1320 2436 1383 2489 τὸ
1423 2436 1706 2501 κτίζεσθαι

114 2522 255 2577 ἴδιον
286 2538 300 2553 ο
332 2523 441 2576 τῶν
472 2524 571 2594 μὲν
627 2524 733 2577 ὑπὸ
763 2523 900 2578 Θεοῦ
934 2526 1179 2595 ἀμέσως,
1218 2527 1328 2581 τῶν
1362 2527 1419 2582 δὲ
1472 2531 1567 2583 καὶ
1616 2531 1707 2586 διά

108 2631 267 2678 τινος
300 2615 471 2685 μέσου
490 2614 600 2667 τῶν
624 2618 690 2668 ὲκ
708 2615 843 2702 ᾷεοῧ
869 2619 1310 2688 προκτισθέντων
1332 2637 1346 2651 ο
1385 2620 1582 2675 οὐκοῦν
1606 2639 1705 2676 σα-

112 2704 239 2775 φῶς
268 2706 296 2758 ό
327 2704 553 2775 χάριτος
589 2706 683 2759 καὶ
710 2707 879 2777 τιμῆς
905 2707 1160 2774 ἀξιωθεὶς
1190 2711 1429 2777 τοιᾶσδε,
1459 2713 1555 2767 καὶ
1582 2716 1703 2768 κτί-

114 2812 257 2874 στης
285 2796 402 2848 ἐστὶ
430 2796 525 2847 καὶ
553 2795 707 2859 Θεὸς,
738 2798 831 2851 καὶ
859 2798 967 2851 τῶν
1004 2798 1142 2854 ὅλων
1199 2800 1451 2871 Χριστὸς,
1489 2801 1592 2871 κᾶν
1630 2803 1704 2873 μὴ

117 2885 382 2956 βούλεσθε
403 2903 415 2915 ·
448 2886 562 2938 ἀλλ’
590 2878 665 2940 ὧν
689 2905 823 2955 φατε
857 2888 1057 2956 λογίων
1086 2891 1245 2960 ὑμεῖς
1274 2893 1373 2962 τὴν
1406 2892 1639 2962 δύναμιν
1668 2894 1700 2965 ἢ

113 2977 212 3033 τὸν
272 2976 476 3029 σκοπόν
532 2977 630 3047 οὐχ
688 2979 873 3047 ὁρᾶτε,
905 2978 956 3031 οί
1004 2979 1287 3044 δοκοῦντες
1322 2981 1453 3053 παρ’
1487 2984 1703 3046 ἑαυτοῖς

116 3062 373 3135 ᾄκριὸεῖς
402 3063 543 3121 εἶναι
576 3067 683 3119 τῶν
710 3066 919 3135 νοητῶν
944 3068 1342 3140 διαγνώμονες.

201 3347 373 3402 Ἀλλὰ
400 3347 493 3402 νῦν
521 3350 571 3402 οἱ
605 3348 807 3418 κομψοὶ
840 3348 1028 3420 ὥσπερ
1062 3350 1288 3420 χάριτος
1316 3350 1584 3421 διαφορὰς
1616 3351 1708 3404 καὶ

116 3443 315 3511 ⁸τιμῆς,
350 3440 522 3504 οὕτως
548 3441 643 3494 καὶ
671 3440 955 3494 υίοοεσιῶν
998 3441 1277 3512 βούλονται
1315 3440 1484 3507 δεῖξαι
1518 3444 1583 3496 ὲκ
1609 3445 1708 3512 τῆς

119 3533 289 3600 ἁγίας
314 3532 540 3603 Γραςμῆς
564 3547 578 3560 °
616 3532 704 3586 ῖνα
730 3534 778 3586 εἰ
802 3533 894 3586 καὶ
920 3533 988 3586 τὰ
1010 3534 1148 3588 αὐτὰ
1177 3536 1308 3606 ήμῖν
1335 3536 1429 3589 καὶ
1457 3535 1552 3589 ἐπὶ
1573 3537 1708 3602 Χρι-

122 3624 258 3681 στοῦ
290 3623 533 3690 λέγουσι,
569 3622 770 3689 δόξοιέν
796 3641 848 3676 τι
878 3625 1134 3694 περισσὸν
1166 3624 1315 3696 αὑτῷ
1340 3625 1538 3680 διδόναι
1567 3627 1707 3696 ὑπὲρ

117 3716 296 3785 ἡμᾶς,
330 3713 424 3765 καῖ
451 3713 525 3784 μὴ
553 3713 726 3785 πάντη
757 3716 921 3768 πᾶσιν
952 3717 1138 3786 ὅμοιον
1168 3716 1378 3770 οἴεσθαι
1413 3735 1425 3748 ·
1455 3719 1620 3787 ἡμεῖς
1648 3718 1705 3769 δὲ

118 3806 205 3859 ὅτι
234 3804 337 3874 μὲν
373 3806 479 3857 εἰσὶ
507 3804 767 3875 διαφοραὶ
799 3805 908 3859 τῶν
941 3806 1202 3870 ὡσαύτως
1231 3808 1543 3879 λεγομένων
1563 3850 1577 3873 ,
1604 3809 1706 3860 οὐκ

118 3894 461 3965 ἀντεροῦμεν
493 3913 506 3927 ο
544 3895 657 3949 ἀλλ’
691 3898 773 3950 ὅτι
795 3898 844 3948 εί
875 3896 951 3979 μὴ
980 3897 1079 3966 τὴν
1122 3897 1197 3960 ὠς
1228 3897 1449 3951 κτίστου
1480 3898 1616 3968 πρὸς
1644 3898 1706 3950 τὸ

119 3988 334 4057 κτίσμα
387 3987 553 4041 αὑτοῦ
595 3988 737 4042 κατὰ
793 3988 855 4041 τὸ
912 3988 1110 4056 λόγιον,
1142 3990 1550 4059 παραστήσειή
1612 3989 1705 4041 ἐπὶ

118 4078 367 4145 Χριστοῦ
415 4078 549 4149 πρὸς
610 4080 755 4148 ἡμᾶς
811 4079 1079 4148 λεγομένη
1118 4080 1372 4149 διαφορὰ,
1399 4082 1499 4133 οὐκ
1534 4080 1702 4143 ὅντως

117 4167 264 4236 αὕτη
302 4168 419 4220 ἐστὶ
476 4167 599 4220 καθ’
628 4167 695 4238 ἢν
742 4169 879 4237 ὑπὲρ
944 4168 1185 4236 Μωῦσῆν
1213 4169 1445 4238 ἠξίωται
1494 4171 1661 4238 τιμῆς
1687 4183 1700 4198 .

117 4258 284 4312 τοῦτο
342 4259 452 4328 γάρ
502 4252 614 4311 οἷον
666 4258 922 4326 γνώμονα
956 4277 1076 4312 τινα
1123 4261 1219 4312 καὶ
1254 4260 1455 4314 κανόνα
1483 4260 1703 4329 τίθεμεν

119 4350 220 4418 τῆς
256 4349 391 4417 πρὸς
418 4338 566 4418 ἡμᾶς
594 4348 870 4418 ὑπεροχῆς
890 4349 1056 4402 αὑτοῦ
1083 4349 1353 4402 δεικτικόν
1381 4366 1394 4378 ·
1425 4350 1613 4421 ἐπειδὴ
1645 4349 1702 4403 δὲ

1806 1898 1919 1953 Deo
1950 1898 2006 1951 in
2034 1911 2140 1950 nos
2179 1897 2430 1957 veniunt,
2490 1894 2588 1948 sed
2627 1901 2895 1961 quantum
2942 1892 3209 1946 artificem
3257 1891 3400 1944 inter

1811 1998 1869 2046 et
1924 2005 2084 2059 opus,
2133 1987 2449 2042 differentia
2493 1994 2748 2040 servetur
2798 2000 2902 2038 nos
2948 1984 3094 2038 inter
3120 1992 3176 2037 et
3213 1983 3395 2050 ipsum

1809 2078 1993 2149 quoad
2052 2077 2270 2132 divinas
2328 2074 2555 2145 gratias,
2615 2072 2936 2128 Creatorem
2987 2087 3120 2126 vere
3173 2080 3232 2125 et
3284 2085 3398 2122 non

1807 2178 2117 2226 creaturam
2171 2167 2402 2223 exhibet
2439 2165 2615 2235 gratia
2658 2165 2763 2234 ipsi
2794 2165 2971 2219 facta:
3015 2177 3198 2231 neque
3229 2160 3399 2230 igitur

1807 2259 2116 2315 secundum
2171 2273 2295 2319 nos,
2352 2269 2533 2323 neque
2584 2253 2890 2308 secundum
2940 2251 3162 2321 Moysen
3218 2248 3399 2303 solum

1806 2366 2067 2420 magnum
2113 2347 2358 2402 ostendit
2399 2346 2602 2414 ipsum,
2641 2346 2735 2399 sed
2774 2359 2833 2399 et
2864 2343 3035 2396 Deum
3064 2339 3351 2395 manifeste
3374 2357 3391 2392 :

1807 2442 1980 2497 solius
2008 2440 2156 2496 enim
2190 2439 2287 2494 Dei
2324 2452 2513 2492 creare
2549 2444 2605 2491 et
2649 2435 2929 2490 fabricare
2972 2449 3039 2489 ex
3076 2449 3186 2488 non
3246 2433 3396 2487 exsi-

1807 2533 2085 2588 stentibus
2102 2530 2288 2586 omnia
2309 2547 2323 2593 ;
2346 2528 2594 2583 omnium
2619 2542 2750 2580 vero
2763 2542 2885 2596 qua:
2907 2534 3032 2579 sunt
3055 2533 3177 2594 post
3196 2525 3394 2589 Deum,

1806 2621 1983 2678 creari
2012 2619 2321 2689 proprium,
2347 2617 2580 2671 aliorum
2606 2615 2829 2685 quidem
2854 2629 2881 2667 a
2905 2614 3019 2668 Deo
3053 2612 3394 2673 immediate,

1805 2712 2042 2766 aliorum
2106 2723 2242 2764 vero
2308 2707 2683 2761 mediautibus
2752 2720 2819 2758 ex
2894 2704 3007 2773 Deo
3069 2703 3395 2772 procreatis.

1805 2798 1978 2868 Igitur
2027 2794 2320 2849 manifeste
2374 2795 2470 2863 qui
2527 2792 2718 2863 gratia:
2766 2800 2822 2846 et
2874 2790 3103 2845 honoris
3162 2790 3395 2861 hujusce

1805 2890 2008 2960 dignus
2034 2887 2259 2942 habitus
2283 2894 2390 2949 est,
2421 2894 2478 2939 et
2520 2884 2750 2938 Creator
2775 2890 2860 2937 est
2884 2889 2940 2936 et
2974 2883 3140 2945 Deus,
3182 2891 3239 2937 et
3277 2898 3397 2935 om-

1804 2980 1957 3033 nium
1992 2976 2274 3038 Christus,
2331 2976 2464 3030 licet
2505 2972 2868 3027 dissentiatis.
2905 2972 3011 3027 Sed
3043 2973 3395 3042 eloquiorum

1809 3070 1877 3125 de
1907 3069 2110 3140 quibus
2136 3084 2233 3123 vos
2264 3065 2581 3135 loquimini,
2614 3065 2874 3118 virtutem
2921 3073 3018 3119 aut
3066 3064 3229 3120 finem
3279 3082 3392 3121 non

1815 3166 2038 3233 videtis,
2061 3164 2155 3234 qui
2207 3173 2388 3218 tamen
2419 3159 2829 3230 vobismetipsis
2856 3159 3123 3214 videmini
3149 3160 3396 3223 accurati

1808 3273 1930 3312 eSse
1961 3254 2391 3326 intelligibilium
2413 3251 2750 3322 cognitores.

1883 3347 1991 3403 Sed
2020 3362 2171 3402 nunc
2202 3344 2414 3401 versuti
2461 3342 2921 3414 quemadmodum
2969 3342 3203 3412 gratiam
3250 3343 3395 3398 inter

1807 3448 1863 3492 et
1912 3439 2199 3501 honorem,
2254 3437 2330 3490 ita
2380 3434 2619 3488 filiorum
2680 3433 2827 3487 inter
2886 3431 3214 3502 adoptiones
3270 3448 3393 3488 esse

1808 3528 2178 3583 differentiam
2225 3526 2419 3581 volunt
2458 3524 2753 3580 ostendere
2787 3539 2854 3577 ex
2882 3539 3039 3578 sacra
3068 3522 3391 3593 Scriptura;

1810 3632 1869 3677 ut
1900 3622 1947 3676 si
1976 3621 2170 3676 eadem
2196 3635 2318 3673 esse
2362 3634 2426 3672 ac
2459 3619 2623 3673 nobis
2668 3617 2737 3672 de
2785 3617 3008 3672 Christo
3061 3617 3270 3680 dicant,
3310 3618 3393 3670 vi-

1807 3714 2046 3768 deantur
2079 3709 2288 3779 aliquid
2315 3710 2555 3777 amplius
2590 3709 2693 3777 ipsi
2726 3708 3036 3762 concedere
3069 3723 3240 3776 super
3270 3723 3391 3770 nos,

1806 3818 1862 3863 et
1893 3823 2002 3862 non
2030 3803 2348 3860 omnimode
2396 3803 2658 3857 omnibus
2689 3802 2924 3856 similem
2952 3801 3225 3855 aestimare
3251 3819 3265 3867 ;
3294 3817 3396 3856 nos

1808 3909 1992 3956 autem
2015 3912 2137 3952 esse
2166 3894 2514 3950 differentias
2547 3895 2691 3949 inter
2716 3909 2779 3947 ea
2804 3909 2926 3962 qua:
2956 3893 3168 3961 pariter
3208 3894 3394 3946 nomi-

1806 4000 2028 4053 nantur,
2054 4006 2166 4043 non
2188 4001 2475 4057 negamus.
2501 3985 2610 4039 Sed
2638 3985 2684 4038 si
2711 3984 3091 4038 differentiam
3129 3993 3394 4052 tanquam

1804 4083 2084 4140 Creatoris
2109 4082 2178 4136 ab
2200 4082 2318 4150 ipso
2341 4077 2604 4134 Creatore
2632 4077 2937 4131 secundum
2968 4076 3250 4145 eloquium
3280 4091 3391 4129 non

1805 4180 2163 4244 repraisentet
2206 4168 2524 4224 differentia
2574 4167 2721 4221 dicta
2763 4166 2830 4221 de
2865 4165 3088 4220 Christo
3133 4181 3164 4218 a
3205 4165 3389 4228 nobis,

1804 4280 1917 4320 non
1975 4278 2105 4318 vere
2169 4262 2287 4331 ipsa
2341 4267 2428 4314 est
2483 4257 2788 4312 secundum
2842 4271 3006 4325 quam
3052 4271 3166 4326 prae
3204 4256 3390 4326 Moyse

1805 4355 2008 4424 dignus
2038 4362 2124 4407 est
2161 4350 2386 4405 habitus
2416 4347 2678 4401 honoris:
2708 4345 2843 4399 illud
2879 4346 3028 4400 enim
3053 4354 3113 4399 ut
3136 4360 3389 4398 normam

115 4440 393 4508 δεινότητι
451 4440 737 4509 σοφιστικῇ
798 4440 896 4503 τὰς
948 4439 1241 4510 προτάσεις
1292 4440 1386 4493 τοῦ
1433 4442 1700 4510 παρόντος

1808 4445 2042 4514 aliquam
2082 4450 2139 4497 et
2186 4439 2433 4510 regulam
2462 4436 2849 4508 proponimus,
2896 4451 3005 4506 qua
3066 4451 3235 4505 super
3286 4451 3389 4490 nos

119 4530 556 4600 ἐπιχειρήματος
580 4532 637 4582 ἐν
669 4529 907 4600 πλείστῳ
934 4530 1058 4600 ὕφει
1087 4532 1485 4597 καταξάναντες
1514 4533 1589 4597 ὡς
1622 4534 1698 4606 μὴ

118 4622 295 4691 ἔχοιεν
348 4619 571 4692 εὔδηλον
602 4621 665 4673 τὸ
695 4620 890 4685 ἀσεϐὲς
945 4625 1059 4685 τοῖς
1089 4624 1581 4694 ἀκροαταῖς,“μηδὲ
1609 4625 1701 4677 εὖ·

118 4713 278 4766 κολον
309 4712 406 4783 τὴν
434 4711 744 4783 ἀνατροπὴν
772 4716 889 4776 τοῖς
918 4704 1256 4780 άντῖλὲγουσι
1281 4753 1297 4777 ,
1331 4714 1696 4784 μεσολαϐοὖν-

118 4820 211 4867 τες
243 4804 342 4866 τὰς
373 4803 512 4873 ὑπὲρ
542 4796 616 4856 ὧν
648 4803 1006 4872 ὲγκα).οῦνται
1047 4804 1345 4872 ἀπολογίας
1367 4845 1382 4869 ,
1417 4804 1698 4877 μεθυπερ-

117 4895 303 4959 ϐατῶς
351 4897 448 4949 καὶ
499 4897 923 4966 συγκεχυμένως
972 4898 1498 4964 κατασκευάζουσιν,
1533 4900 1698 4968 ἡμεῖς

117 4985 298 5039 αὐτῶν
349 4987 442 5039 τὸν
492 4987 693 5040 σκοπὸν
732 4987 852 5040 ὅλον
884 4987 977 5041 τοῦ
1024 4990 1454 5061 ἐπιχειρήματος
1503 4989 1694 5042 συλλέ-

120 5078 333 5142 ξαντες,
366 5078 639 5148 ἐχομένως
667 5080 963 5149 ἐθήκαμεν,
996 5081 1090 5132 καὶ
1113 5079 1694 5148 ὲπικατεσκευάσαμεν

119 5169 185 5239 ἢν
218 5169 494 5240 βούλονται
531 5170 796 5241 διαφορὰν
857 5166 998 5224 εἶναι
1052 5171 1160 5224 τῶν
1210 5170 1490 5227 υίοθεσιῶν
1523 5171 1583 5224 ὲν
1625 5172 1691 5241 τῇ

121 5261 253 5333 ἁγίᾳ
288 5263 475 5334 Γραφῇ
511 5263 741 5334 καθεξῆς
772 5263 1043 5332 λέγοντες.

203 5438 546 5510 Ἔρῤήθησαν
606 5439 735 5519 γάρ,
794 5441 979 5509 φασὶν,
1018 5442 1125 5497 uici.
1160 5442 1253 5496 τοῦ
1286 5441 1422 5497 Θεοῦ
1445 5487 1458 5508 ,
1496 5443 1700 5507 πάντες

119 5530 215 5586 ἃ·δῦ
225 5549 419 5603 ρωποιο
435 5536 492 5588 ὲν
511 5533 610 5605 τῷ,
634 5534 806 5603 «Ἐγὼ
825 5531 999 5601 εἷπον,
1018 5536 1141 5589 Θεοί
1159 5538 1282 5591 ἐστε
1307 5539 1401 5592 καὶ
1418 5539 1525 5592 υἱοὶ
1542 5538 1699 5608 Ὑψί-

185 5700 222 5731 ³¹
271 5708 428 5767 llom.
464 5727 536 5777 In,
571 5711 623 5766 6.
702 5712 745 5744 ³³
780 5713 919 5768 Psal.
963 5729 1144 5781 Lxxzu,
1172 5715 1224 5770 ti.

1800 4537 1982 4606 ipsius
2010 4531 2339 4589 excellentia
2372 4528 2738 4585 ostendatur:
2775 4526 3226 4597 quandoquidem
3257 4542 3389 4582 vero

1799 4624 2102 4680 calliditate
2181 4619 2484 4690 sophistica
2551 4618 3030 4688 prepositionibus
3100 4617 3388 4687 praesentis

1798 4714 2107 4788 argumenti
2153 4713 2484 4779 densissimo
2533 4712 2655 4764 velo
2703 4710 3007 4780 coopertis,
3042 4724 3112 4764 ne
3156 4707 3388 4763 evidens

1798 4817 1949 4865 esset
1998 4807 2252 4877 impietas
2303 4802 2693 4865 auditoribus,
2742 4812 2840 4855 aut
2892 4800 3073 4855 facilis
3125 4798 3387 4855 refutatio

1799 4898 2341 4960 contradicentibus,
2404 4893 2734 4962 interruptis
2786 4892 3035 4959 ipsorum
3080 4890 3149 4943 de
3184 4891 3389 4957 quibus

1794 5000 2167 5063 provocamur
2187 4987 2527 5057 argumentis
2558 5000 2656 5052 per
2685 4990 3046 5036 transennam
3069 4988 3126 5033 et
3155 4979 3386 5035 confuse

1793 5090 2053 5154 arguunt,
2098 5095 2201 5134 nos
2241 5076 2583 5148 prepositum
2634 5082 2809 5128 totum
2845 5087 3035 5126 eorum
3077 5073 3386 5142 argumenti

1793 5176 2138 5245 colligentes,
2170 5170 2360 5226 subito
2398 5168 2686 5240 posuimus
2716 5174 2772 5221 et
2817 5164 3174 5235 probavimus
3216 5178 3384 5234 quam

1795 5268 1969 5324 velint
2015 5262 2388 5319 differentiam
2424 5277 2547 5316 esse
2588 5260 2732 5314 inter
2782 5257 3111 5328 adoptiones
3144 5256 3201 5310 in
3226 5271 3385 5311 saera

1807 5360 2095 5429 Scriptura
2119 5356 2381 5425 deinceps
2411 5355 2681 5425 legentes.

1877 5447 2021 5504 Dicti
2052 5453 2182 5502 sunt
2208 5446 2380 5510 enim,
2403 5444 2582 5508 aiunt,
2607 5442 2704 5496 filii
2735 5440 2854 5505 Dei,
2879 5453 3072 5495 omnes
3096 5434 3380 5491 homines:

1808 5555 2038 5613 nempe:
2069 5537 2213 5608 «Ego
2225 5535 2360 5603 dixi,
2384 5535 2460 5589 dii
2483 5533 2619 5589 estis
2633 5542 2689 5588 et
2710 5532 2804 5586 filii
2823 5528 3035 5586 Excelsi
3058 5540 3254 5614 omnes
3271 5526 3332 5582 ³².
3356 5543 3378 5579 ι
