3908 6306
535 277 687 347 [1331'

1720 334 1729 342 .
1792 282 2101 344 LEONTII
2144 285 2454 355 ΒΥΖΑΝἸῚ
2467 295 2548 354 NI

3727 289 3833 354 ιεξε

529 393 888 467 Jttdaica,_nc:
915 393 1258 464 dicant-quid
1290 393 1571 464 amplius?
1603 395 1658 450 Si
1691 395 1842 450 enim
1872 413 1983 450 non
2018 413 2114 451 ex-

2234 405 2430 477 ῑαῖκῆς,
2465 407 2550 459 τρια
2605 406 2680 474 μὴ
2733 403 2880 470 λέγω
2933 420 2987 454 τι
3040 403 3264 468 πλεῖον;
3303 401 3379 459 El
3427 403 3552 472 μὲν
3589 403 3714 474 γάρ

531 487 704 550 cellit,
732 500 864 540 ecce
896 484 1042 555 apud
1071 501 1174 541 nos
1203 487 1261 540 in
1295 486 1572 556 dignitate
1607 486 1788 541 solum
1813 485 2115 541 Christiani

529 576 788 631 Christus
827 583 946 631 est:
975 576 1020 632 si
1043 591 1178 632 vero
1208 577 1482 632 excellere
1511 591 1631 632 eam
1658 576 1883 630 omnino
1907 576 2113 642 dicitis,

531 667 680 721 sicut
735 675 793 722 et
847 669 962 738 jam
1025 667 1398 729 concessistis,
1455 675 1606 722 certe
1660 665 2010 736 superiorem
2060 672 2118 720 et

533 760 715 830 ipsum
749 759 936 816 eﬁ‘ccit
961 770 1148 816 nostra
1179 761 1488 816 substantia
1519 769 1732 814 tantum
1761 766 2034 828 quantum
2059 765 2116 812 et

531 865 636 906 nos
681 849 872 907 ﬁdeles
924 851 1240 908 inﬁdelibus
1292 852 1613 922 superiores
1673 850 1874 907 eﬁiciet
1928 857 2115 906 nostra

533 941 776 996 ﬁliorum
807 943 1056 1013 adoptio.
1810 970 1818 978 ο
2065 941 2092 950 “

601 1031 872 1103 Superior
900 1035 1070 1104 igitur
1101 1035 1264 1090 nobis
1301 1034 1646 1099 hominibus,
1676 1043 1734 1088 et
1769 1033 1906 1104 ipsis
1949 1033 2116 1103 spirié

537 1123 777 1178 tualibus
787 1125 1120 1198 Christianis
1135 1125 1442 1180 secundum
1459 1123 1826 1186 substantiam
1839 1121 2115 1187 Christus,

537 1213 670 1284 quid
719 1212 886 1282 igitur
931 1216 1042 1271 erit
1095 1216 1406 1272 secundum
1462 1215 1757 1270 naturam?
1808 1213 1918 1268 Aut
1965 1220 2118 1267 certe

537 1299 825 1360 cherubim
871 1315 969 1360 aut
1013 1308 1262 1377 angelus,
1316 1316 1415 1362 aut
1461 1307 1664 1375 aliquis
1705 1319 1774 1359 ex
1805 1303 2120 1374 legionibus

537 1412 660 1464 quae
692 1405 820 1451 sunt
879 1397 941 1450 in
989 1397 1196 1460 medio,
1255 1406 1351 1450 aut
1395 1398 1542 1450 Dens
1591 1409 1722 1450 vere
1780 1395 2117 1450 necessario.

533 1484 670 1539 Cum
722 1485 888 1554 igitur
930 1485 1186 1555 angelum
1224 1483 1342 1538 ﬁeri
1391 1484 1571 1554 ipsum
1609 1483 1922 1538 secundum
1985 1481 2119 1536 sub-

537 1575 818 1639 stantiam,
864 1575 932 1630 ab
965 1575 1227 1630 omnibus
1257 1573 1576 1629 omnimode
1612 1573 1991 1643 improbatum
2024 1572 2118 1638 sit,

535 1669 1094 1740 etavobismetipsis,
1134 1669 1297 1724 fallax
1321 1669 1432 1724 erit
1471 1676 1567 1722 aut
1597 1667 1916 1721 humanitas
1955 1663 2117 1720 Verbi

538 1769 635 1815 aut
683 1733 1196 1825 deiﬁcatio-carnis,
1227 1771 1284 1815 et
1315 1759 1532 1828 reliqua
1573 1757 1762 1812 omnia
1811 1771 1932 1826 quas
1975 1755 2122 1810 afﬁr—
2147 1733 2196 1792 Β

541 1859 694 1905 mant
729 1851 950 1921 eloquia
977 1851 1047 1906 de
1074 1851 1490 1914 incarnatione,
1507 1859 1564 1904 et
1591 1863 1820 1904 necesse
1843 1855 1931 1903 est
1949 1847 2125 1902 Deum

538 1941 720 2014 ipsum
772 1957 896 1998 esse
931 1943 1238 2000 secundum
1270 1941 1658 2006 substantiam,
1685 1941 1860 2010 gratia
1893 1940 2127 2010 hujusce

539 2036 782 2090 ﬁliorum
799 2035 1116 2105 adoptionis
1133 2033 1202 2088 de
1218 2049 1329 2104 qua
1346 2031 1666 2102 loquimini,
1690 2031 1865 2086 Deum
1883 2029 2088 2084 factum
2109 2047 2123 2083 :

539 2142 704 2182 omne
728 2141 864 2181 vero
899 2126 1046 2196 quod
1081 2125 1216 2180 facit
1243 2123 1453 2193 aliquid
1483 2123 1661 2193 majus
1685 2130 1770 2177 est
1803 2137 1871 2176 eo
1896 2121 2045 2191 quod
2067 2121 2128 2175 ﬁt

536 2217 610 2272 ab
638 2217 796 2288 ipso:
833 2216 1090 2287 profecto
1131 2215 1301 2286 igitur
1339 2213 1519 2285 gratia
1563 2214 1707 2283 ipsa,
1749 2213 1924 2283 major
1951 2219 2038 2267 est
2071 2220 2129 2266 et

537 2309 726 2365 divina
773 2325 938 2380 quam
988 2309 1107 2378 ipsa
1143 2307 1276 2362 fecit
1306 2305 1654 2362 substantia:
1690 2320 1824 2376 ergo
1859 2315 1916 2360 et
1941 2304 2128 2360 divina

536 2403 808 2474 largiente
838 2401 1013 2472 ipsam
1045 2399 1278 2471 gratiam
1321 2397 1656 2463 substantia,
1699 2397 1907 2467 quippe
1941 2412 1973 2450 a
2015 2397 2129 2454 Deo

537 2494 846 2564 gratiﬁcata
871 2493 1018 2548 fuit‘:
1049 2491 1198 2562 quod
1222 2491 1373 2546 enim
1406 2505 1517 2544 uno
1548 2504 1579 2544 e
1603 2488 1824 2543 duobus
1853 2488 2130 2544 similibus

538 2595 596 2640 et
637 2585 945 2654 aequalibus
988 2584 1250 2654 superius
1303 2588 1360 2636 et
1406 2580 1589 2652 majus
1636 2579 1882 2644 videtur,
1937 2587 2022 2634 est
2073 2587 2130 2634 et

539 2675 716 2731 altero
736 2673 1052 2730 omnimode
1083 2672 1244 2744 quasi
1273 2672 1474 2728 lineari
1499 2669 1868 2728 necessitate:
1891 2671 1967 2726 ita
1993 2685 2130 2727 vero

539 2775 596 2821 et
651 2781 756 2822 nos
803 2767 982 2836 gratia
1035 2772 1094 2820 et
1145 2780 1259 2819 non
1314 2771 1516 2819 natura
1583 2761 1680 2818 ﬁlii
1721 2763 1844 2830 Dei,
1893 2764 2131 2834 majores

541 2857 750 2920 erimus
775 2858 892 2912 Deo
915 2856 1223 2913 secundum
1249 2857 1638 2922 substantiam,
1686 2865 1917 2926 propter
1959 2857 2132 2927 majo-

543 2965 658 3004 rem
683 2949 991 3006 substantia
1021 2949 1256 3020 gratiam
1281 2967 1294 3004 :
1317 2963 1490 3019 quare
1522 2947 1692 3018 igitur
1714 2946 1922 3002 timetis
1945 2947 2130 3004 dicere

545 3042 868 3112 participem
918 3056 1041 3098 esse
1097 3039 1299 3096 divinae
1328 3039 1652 3096 suhstantim
1682 3038 2008 3094 Christum?
2034 3037 2132 3092 Est

541 3132 772 3188 eﬁ'ector
803 3131 1005 3188 divina:
1031 3141 1244 3187 natura:
1273 3147 1397 3202 quae
1429 3139 1515 3186 est
1539 3130 1686 3200 apud
1717 3145 1816 3184 vos
1839 3137 1897 3183 et
1915 3127 2130 3184 naturis

543 3221 976 3291 superadditur:
1043 3219 1384 3276 eﬁ‘ectrieem
1445 3219 1620 3290 ipsius
1672 3227 1742 3272 et
1796 3231 2020 3272 causam
2075 3222 2132 3270 et

545 3315 809 3384 majorem
847 3313 973 3378 ista,
999 3311 1215 3368 scilicet
1241 3311 1478 3382 gratiam
1521 3309 1763 3364 ﬁliorum
1815 3307 2132 3378 adoptionis

546 3403 650 3472 ipsi
673 3403 836 3468 datis,
863 3419 966 3458 nec
993 3401 1284 3466 veremini,
1304 3417 1338 3456 o
1361 3399 1555 3455 amici:
1585 3397 1682 3454 sed
1703 3413 1835 3453 vere
1857 3399 2159 3453 malorum‘

545 3491 722 3544 multo
760 3491 922 3562 pejus
969 3498 1028 3544 et
1065 3488 1367 3559 pessimum
1398 3486 1783 3542 machinantes
1816 3485 1922 3542 visi
1960 3486 2130 3542 estis:

545 3589 602 3636 et
628 3595 762 3635 vero
791 3595 902 3635 non
939 3580 1115 3635 videri
1165 3579 1321 3650 impii
1360 3594 1505 3646 esse,
1549 3593 1864 3650 quanquam
1894 3577 2134 3634 libenter

546 3669 670 3726 sitis
695 3669 874 3741 impii,
897 3670 1146 3741 quaeritis
1174 3677 1422 3724 tantum:
1464 3684 1578 3723 non
1601 3669 1753 3724 enim
1783 3667 1939 3722 scitis
1971 3667 2132 3738 plane

548 3757 603 3812 in
647 3773 756 3828 quo
804 3758 1082 3828 praecellat
1133 3757 1296 3813 vobis
1332 3757 1592 3814 Christus
1633 3772 1798 3827 quem
1835 3771 1894 3811 re
1919 3756 2132 3810 nudum

499 3877 504 3882 -
549 3845 832 3901 hominem
885 3845 1193 3901 secundum
1217 3861 1318 3900 vos
1349 3860 1472 3900 esse
1518 3843 1890 3900 existimatis:
1929 3841 2134 3913 quippe

549 3936 777 4008 gratiam
813 3947 870 3992 et
909 3937 1178 3993 honorem
1207 3943 1263 3991 et
1311 3936 1566 4008 gloriam,
1619 3935 1844 3990 nomine
1893 3941 2129 3999 tantum,

549 4029 630 4083 illi
658 4029 912 4098 aptatis:
969 4029 1212 4084 Verbum
1266 4029 1478 4083 frustra
1535 4026 1911 4099 glorificantes
1968 4039 2133 4094 supra

551 4117 755 4171 unione
793 4116 994 4172 divinae
1037 4125 1093 4171 et
1148 4116 1402 4172 humanae
1443 4126 1679 4178 naturae.
1719 4124 1777 4172 et
1812 4115 1938 4171 ideo
1965 4129 2133 4186 super

551 4207 933 4263 incarnatione
960 4207 1128 4264 Verbi
1161 4219 1217 4264 et
1239 4207 1591 4264 deitieatione
1621 4208 1804 4264 carnis
1826 4207 2022 4276 ipsius.

619 4298 738 4354 Jam
763 4299 911 4354 enim
935 4307 992 4353 et
1019 4298 1156 4354 illud
1197 4299 1610 4370 expendamus:
1633 4297 1921 4366 Quomodo
1947 4297 2132 4352 dicitis

2219 497 2499 567 ὑπερέχει,
2542 497 2653 551 ἰδοὺ
2686 495 2810 550 καθ’
2837 497 2986 566 ἡμᾶς
3027 497 3086 548 ἐν
3123 493 3253 566 ἀξίᾳ
3283 495 3466 562 μόνον
3503 495 3830 564 Χριστιανσί

2215 590 2245 641 ὁ
2273 591 2506 659 Χριστός
2537 591 2686 643 ἐστιν
2709 605 2723 620 ο
2751 590 2802 642 εί
2834 589 2893 642 δὲ
2925 589 2988 641 τὸ
3022 586 3322 658 ὑπερέχειν
3375 586 3588 656 αὐτὴν
3641 589 3832 650 πάγη

2217 679 2376 748 φατὲ,
2413 677 2596 742 καθὼς
2641 680 2734 733 καὶ
2784 678 2886 750 ἤδη
2927 677 3222 742 δεδώκατε,
3276 677 3394 747 ἄρα
3433 693 3514 744 τε
3565 675 3830 746 κρείττω

2218 773 2313 825 καὶ
2349 771 2514 826 αὐτὸν
2542 769 2814 839 πεποίηκε
2857 769 2960 838 τῆς
2987 767 3112 822 καθ’
3145 769 3299 838 ἡμᾶς
3335 767 3561 830 οὐσίας
3597 768 3830 820 τοσσΞι-ει

2216 863 2342 916 ὅσον
2369 861 2467 917 καὶ
2497 863 2648 932 ἡμᾶς
2674 861 2804 924 τοὺς
2827 861 3054 924 πιστοὺς
3074 858 3184 912 τῶν
3216 859 3496 912 ἀπίστων
3525 859 3830 930 κρείττους

2218 956 2438 1024 ποιήσει
2463 953 2498 1024 ἡ
2527 952 2775 1024 ἡμετέρα
2805 951 3068 1006 υἱοθεσία.

2287 1042 2570 1112 Κρείττων
2601 1037 2696 1095 οὖν
2745 1039 2907 1112 ἡμῶν
2957 1039 3066 1093 τῶν
3111 1039 3466 1111 ἀνθρώπιον,
3529 1043 3642 1094 καὶ
3681 1043 3826 1094 αὖτΪισ

2216 1133 2327 1187 τῶν
2349 1132 2740 1204 πνευματικῶν
2771 1130 3117 1202 Χριστιανῶν
3145 1135 3271 1186 κατ’
3305 1133 3526 1186 οὐσίαν
3557 1132 3645 1186 ὣν
3665 1136 3696 1185 ὁ
3713 1134 3822 1198 I9:-

2220 1226 2364 1292 στὸς,
2401 1226 2453 1279 τί
2482 1225 2592 1296 άρα
2622 1225 2773 1278 ἔσται
2802 1223 2902 1294 τὴν
2955 1223 3152 1292 φύσιν;
3198 1224 3233 1293 ἥ
3266 1225 3386 1294 γάρ
3437 1223 3822 1294 Χερσυεὶμ,ἱί

2219 1315 2476 1385 ἄγγελος,
2513 1315 2547 1386 ἦ
2584 1331 2638 1367 τι
2673 1313 2782 1368 τῶν
2813 1316 2871 1367 ὲν
2919 1314 3071 1384 μέσῳ
3089 1313 3424 1384 ταγμάτων,
3457 1315 3496 1384 ἢ
3549 1315 3695 1376 Θεὸς
3717 1317 3824 1382 ἐλη-

2220 1407 2329 1471 θῶς
2359 1405 2420 1472 ἐξ
2453 1407 2726 1474 ἀνάγκηςο
2764 1405 2890 1459 ἐπεὶ
2919 1401 3012 1460 οὖν
3057 1405 3121 1458 σεδ
3153 1405 3404 1473 ἄγγελον
3435 1406 3721 1473 γενέσθαι
3747 1408 3826 1457 1:}-

2218 1495 2310 1548 τὸν
2338 1495 2436 1566 τὴν
2469 1495 2680 1559 οὐσίαν,
2719 1496 2854 1548 πᾶσι
2895 1496 3074 1564 πάντη
3113 1493 3555 1563 ἀπαράδεκτον,
3590 1494 3689 1547 καὶ
3721 1495 3822 1562 ὗμίι

3759 1623 3774 1634 δ

2219 1587 2276 1641 δὲ
2322 1588 2507 1650 αὐτοῖς
2541 1586 2769 1657 (ψευδὴς
2797 1586 2908 1658 γὰρ
2935 1585 3090 1639 ἔσται
3113 1585 3149 1654 ἥ
3174 1603 3240 1638 τε
3281 1584 3732 1654 ὲνανθρώπησις
3749 1584 3824 1636 tsi

2216 1679 2420 1744 Λόγου,
2457 1677 2551 1730 καὶ
2584 1679 2618 1745 ή
2653 1675 2848 1738 θέωσις
2875 1676 2975 1746 τῆς
3013 1675 3242 1746 σαρκὸς,
3277 1677 3385 1728 καὶ
3424 1675 3505 1727 τά
3541 1676 3712 1728 λοιπὰ
3737 1677 3820 1727 τὲει

2225 1765 2436 1834 Λογίων
2465 1766 2644 1819 πάντα
2669 1764 2739 1818 τὰ
2781 1765 2910 1836 περὶ
2934 1765 3034 1834 τῆς
3057 1763 3444 1834 οἰκονομίας),
3467 1766 3696 1835 ἀνάγκη
3716 1765 3821 1817 Θεές

2227 1856 2389 1909 αὐτὸν
2425 1851 2566 1908 εἶναι
2593 1855 2694 1925 τὴν
2718 1854 2938 1920 οὐσίαν,
2979 1857 3051 1924 τῇ
3089 1856 3278 1924 χάριτι
3320 1856 3506 1924 τῆσδε
3531 1859 3636 1926 τῆς
3663 1856 3816 1908 υἱέε-

2229 1946 2350 2010 σίας
2369 1946 2436 2016 ἦν
2462 1962 2602 2014 φατε
2630 1945 3040 2016 θεοποιηθὲντα·
3065 1947 3178 1998 πᾶν
3196 1946 3258 1998 δὲ
3282 1945 3353 1998 τδ
3385 1945 3587 1998 ποιοῦν
3613 1961 3688 2005 τι,
3717 1947 3818 2015 διεῖ-

2227 2035 2320 2100 ζον
2353 2035 2448 2089 τοῦ
2476 2035 2800 2106 ποιουμένου
2829 2035 2922 2087 ὑπ’
2952 2035 3140 2088 αὐτοῦ’
3172 2036 3289 2106 ἄρα
3331 2035 3442 2089 οὖν
3475 2038 3512 2106 ἡ
3547 2037 3711 2107 χάρις
3737 2034 3814 2087 :5-

2227 2148 2320 2200 τη,
2359 2131 2563 2199 μείζων
2593 2131 2690 2184 καὶ
2721 2131 2820 2200 τῆς
2847 2121 3151 2201 γενομένης
3191 2131 3289 2183 ὑπ’
3320 2132 3516 2201 αὐτῆς
3563 2131 3712 2193 (Beia;
3747 2130 3814 2180 οὗ·
3865 2138 3869 2146 ‘

2231 2223 2372 2284 σίας
2413 2221 2610 2276 οὐκοῦν
2641 2222 2735 2276 καὶ
2764 2222 2862 2292 τῆς
2903 2223 3289 2293 χαρισαμένης
3323 2223 3514 2294 αὐτὴν
3545 2224 3646 2294 τὴν
3681 2223 3810 2292 χάριν

2229 2313 2380 2376 θείας
2411 2313 2637 2378 οὐσίας,
2676 2313 2838 2384 εἴπερ
2875 2313 2981 2366 ὑπὸ
3010 2312 3150 2366 Θεοῦ
3201 2315 3553 2383 κεχάρισται
3576 2333 3590 2342 ·
3628 2315 3687 2365 τὸ
3726 2313 3809 2380 vi;

2229 2406 2348 2470 ἑνὸς
2378 2405 2482 2460 δύου
2499 2404 2608 2458 τῶν
2634 2407 2838 2476 ὁμοίων
2873 2405 2968 2457 καὶ
3017 2403 3152 2456 ίσων
3185 2406 3461 2473 κρεῖττον
3517 2405 3612 2456 καὶ
3655 2403 3806 2471 μεῖζετι

2229 2497 2573 2567 φαινόμενον,
2601 2497 2698 2551 καὶ
2735 2494 2830 2549 τοῦ
2873 2495 3061 2566 ἐτέρου
3101 2495 3331 2558 πάντως
3358 2497 3713 2565 γραμμικαες
3732 2495 3806 2544 si.

2229 2589 2450 2656 άγκαις·
2487 2587 2630 2640 οὓτω
2659 2587 2716 2640 δὲ
2744 2587 2811 2640 ἂν
2853 2585 2950 2640 καὶ
2980 2587 3144 2656 ἡμεῖς
3171 2624 3186 2648 ,
3218 2587 3425 2657 χάριτι
3455 2589 3553 2640 καὶ
3591 2586 3654 2638 οὐ
3679 2583 3802 2652 φύει

2228 2679 2384 2742 ὄντες
2412 2679 2518 2732 υἱοὶ
2545 2676 2710 2744 Θεοῦ,
2739 2677 2992 2748 μαζονες
3009 2671 3163 2746 ὦμεν
3191 2676 3338 2729 Θεοῦ
3369 2678 3484 2746 τὴν
3517 2676 3716 2734 eisin,
3736 2673 3802 2724 Eni

2229 2773 2332 2842 τὴν
2365 2771 2588 2842 μείζονα
2617 2770 2720 2840 τῆς
2749 2771 2936 2834 οὐσίας
2969 2772 3152 2841 χάριν·
3185 2769 3240 2820 τί
3270 2769 3342 2838 δὴ
3373 2764 3478 2822 οὖν
3519 2765 3801 2821 εὐλαϐεἰώ

2233 2857 2462 2928 μέτοχον
2491 2853 2634 2911 εἶναι
2649 2857 2830 2925 λέγειν
2857 2856 3010 2920 θείας
3029 2855 3224 2918 οὐσίας
3253 2856 3352 2909 τὸν
3378 2857 3659 2927 Χριστόνς
3679 2871 3800 2922 aeq;-

2229 2947 2332 3016 τῆς
2358 2964 2418 3000 τε
2450 2946 2618 3018 οὔσης
2664 2947 2788 3000 καθ’
2813 2947 2959 3017 ὑμᾶς
3001 2947 3099 3000 καὶ
3151 2945 3685 3016 ὲπισυμὸαινούσης
3708 2947 3801 3002 :35;

2156 3066 2200 3125 α
2233 3037 2429 3108 φύσεσι
2460 3041 2562 3108 τῆς
2605 3039 2758 3103 Θείας
2787 3039 3026 3109 φύσεως·
3056 3037 3158 3108 τὴν
3189 3038 3502 3108 ποιητικὴν
3533 3036 3700 3104 £1773;
3731 3036 3800 3084 πεῖ

2235 3131 2419 3186 αἰτίαν
2473 3133 2570 3185 καὶ
2617 3131 2841 3200 μείζονα
2878 3128 3084 3201 ταύτης
3108 3167 3124 3192 ,
3173 3129 3354 3199 ἣγουν
3409 3130 3518 3200 τὴν
3551 3129 3704 3200 χάριν
3731 3125 3802 3192 τῆς

2237 3223 2507 3287 υἱοθεσίας
2564 3222 2714 3293 αὐτῷ
2756 3221 3157 3286 διδόντεςνκαὶ
3216 3219 3294 3290 μὴ
3347 3220 3799 3289 ὑποστειλάμενον

2239 3312 2530 3384 βέλτιστον
2566 3311 2681 3366 ἀλλ’
2713 3311 2884 3375 ὅντως
2930 3313 2988 3364 ὲν
3031 3312 3227 3372 κακοῖς
3273 3310 3338 3362 τὺ
3372 3309 3586 3379 μᾶλλον
3632 3310 3801 3378 χεῖρον.

2237 3403 2334 3458 καὶ
2361 3403 2424 3456 τὸ
2454 3403 2716 3457 κάκιστον
2747 3401 3150 3472 σκαιωροῦντες
3197 3400 3563 3471 ὲφωράθητε·
3609 3400 3696 3452 καὶ
3718 3397 3800 3464 γὰρ

2241 3495 2386 3568 μηδὲ
2415 3495 2596 3549 δοκεῖν
2632 3494 2871 3558 ἀσεῦεῖν,
2921 3493 3101 3546 καίτοι
3148 3491 3426 3550 ἑκουσίως
3485 3489 3799 3547 ἀσεϐοῦντες,

2240 3587 2616 3658 περιτέοιεϊσθε
2670 3587 2850 3658 μόνον’
2887 3586 2948 3639 οὐ
2984 3583 3097 3656 γὰρ
3144 3584 3258 3636 ἴστε
3308 3583 3460 3648 ὅλως
3491 3603 3551 3638 τι
3581 3581 3801 3652 3995131

2240 3679 2395 3750 ὑμῶν
2419 3679 2510 3732 τὸν
2538 3678 2774 3749 Χριστὸν
2799 3674 3281 3747 πράγματι,ψιλδν
3303 3675 3364 3728 δὲ
3387 3675 3683 3744 Ereptum
3708 3669 3802 3723 καθ’

2241 3771 2388 3840 ὑμᾶς
2422 3765 2564 3824 εἶναι
2593 3769 2758 3822 αὑτὸν
2795 3767 3098 3836 λογίζεσθε·
3134 3766 3186 3818 εί
3226 3766 3325 3820 καὶ
3355 3768 3534 3836 χάριν
3561 3768 3653 3819 xui.
3669 3761 3800 3832 τιμήν

2239 3861 2336 3916 καὶ⁸
2365 3860 2542 3926 δόξαν,
2578 3860 2806 3930 ὀνόματι
2842 3858 3022 3928 μόνον,
3057 3856 3208 3927 αὐτῷ
3243 3856 3600 3925 περιάπτετε
3619 3873 3634 3885 '
3663 3855 3799 3918 Δᾶτιν

2237 3951 2496 4020 διακενῆς
2543 3951 2672 4014 τοὺς
2714 3949 2846 4020 περὶ
2895 3948 2995 4018 τῆς
3029 3945 3280 4009 ἑνὼσεως
3326 3947 3432 4015 τῆς
3472 3947 3628 4010 θείας
3653 3963 3704 3996 τε
3728 3941 3796 3995 ιεὶ

2239 4042 2338 4094 ἀνθ
2349 4039 2827 4112 ρωπίνηςφύσεως
2857 4035 3185 4102 δοξάζοντες,
3223 4035 3396 4104 ἧγουν
3421 4043 3559 4099 τοὺς
3585 4033 3703 4104 περὶ
3725 4031 3796 4097 τῆς

2241 4131 2573 4202 σαρκώσεως
2601 4128 2696 4182 τοῦ
2725 4128 2924 4196 Λόγου,
2948 4127 3044 4181 καὶ
3067 4125 3172 4196 τῆς
3203 4123 3461 4188 θεὼσεως
3495 4125 3603 4193 τῆς
3635 4122 3796 4194 σαρκὸς

2237 4239 2425 4280 αυτου.

2320 4311 2689 4380 Ἐξεταζέσθω
2738 4311 2848 4384 γὰρ
2899 4311 3006 4382 ἤδη
3052 4309 3150 4364 καὶ
3188 4308 3306 4362 τόδε
3335 4325 3347 4338 ·
3387 4307 3522 4372 Πῶς
3557 4320 3685 4376 φατε
3721 4299 3793 4367 τὴν

553 4387 814 4442 unionem
848 4388 1009 4443 istam
1039 4403 1204 4458 quam
1255 4388 1464 4460 ﬁngitis
1493 4389 1786 4444 admittere
1819 4387 1980 4442 Verbi
2005 4401 2126 4441 cum

2236 4402 2434 4455 ἕνωσιν
2469 4400 2696 4470 ταύτην,
2735 4403 2802 4472 ἣν
2848 4399 3238 4470 προσποιεῖσθε
3273 4398 3571 4468 ὁμολογεῖν
3603 4393 3684 4448 τοῦ
3709 4389 3788 4443 Δό-

551 4476 775 4532 Christo
815 4479 911 4548 qui
943 4479 1100 4534 vobis
1130 4479 1356 4534 videtur
1390 4481 1577 4545 homo,
1631 4481 1776 4534 inter
1823 4478 2005 4532 omnia
2061 4479 2126 4533 ab

2234 4511 2356 4562 γου,
2406 4493 2542 4562 πρὸς
2587 4492 2679 4544 τὸν
2729 4491 2990 4544 δοκοῦντα
3041 4491 3172 4561 ὑμῖν
3227 4489 3526 4558 ἄνθρωπον
3573 4481 3786 4555 Χριστὸν,

555 4565 714 4621 initio
771 4569 1149 4638 conceptionis
1209 4571 1383 4640 ipsius
1441 4571 1734 4626 confestim
1789 4569 1908 4624 ﬁeri
1957 4569 2134 4640 ipsam

555 4665 863 4712 asserentes
883 4659 1064 4728 Specie
1082 4660 1324 4729 pietatis,
1343 4661 1436 4730 qui
1459 4673 1644 4716 tamen
1665 4661 2134 4730 compositionem

557 4747 722 4804 Verbi
769 4761 896 4802 cum
948 4764 1118 4804 carne
1168 4749 1292 4805 ﬁeri
1342 4751 1596 4820 negatis:
1651 4751 1784 4805 unio
1827 4752 2000 4818 enim,
2029 4751 2138 4807 nisi

555 4839 860 4896 secundum
880 4839 1340 4911 compositionem
1365 4841 1716 4910 fiat,omaino
1731 4843 1815 4898 vel
1832 4844 2136 4898 secundum

559 4931 962 5002 appositionem
988 4932 1219 4997 localem
1253 4933 1500 4999 videtur,
1533 4933 1678 4990 sicut
1701 4933 1902 5007 lapidis
1932 4942 1989 4987 et
2013 4935 2138 4989 auri

555 5025 613 5079 in
649 5025 856 5080 annulo
878 5034 934 5082 et
959 5027 1150 5081 ﬁnium
1171 5027 1373 5084 ludam:
1393 5029 1633 5099 regionis
1659 5028 1724 5082 ad
1749 5028 1886 5084 ﬁnes
1905 5025 2140 5082 conﬁnis

557 5116 659 5187 ipsi
701 5117 982 5186 Samarize,
1017 5127 1075 5174 et
1105 5120 1232 5175 talia
1259 5139 1272 5175 :
1305 5123 1390 5177 vel
1422 5122 1730 5178 secundum
1760 5121 2011 5175 habitum
2041 5136 2138 5174 vo-

557 5209 797 5266 luntarie
819 5210 1081 5278 electum,
1100 5221 1164 5266 ut
1185 5228 1244 5267 se
1269 5213 1440 5269 habet
1458 5215 1581 5269 auri
1599 5223 1813 5269 amator
1831 5213 1899 5268 ad
1915 5207 2134 5279 aurum,

500 5291 508 5298 ’
556 5317 823 5370 equorum
853 5303 922 5357 ad
955 5319 1151 5372 equos,
1195 5311 1250 5358 et
1289 5307 1633 5376 voluptatum
1670 5305 1738 5359 ad
1773 5305 2135 5375 voluptatem,

559 5401 613 5448 st
635 5392 728 5448 Dei
763 5395 975 5462 3“)in
1003 5397 1068 5450 ad
1099 5397 1292 5462 Deum,
1325 5407 1382 5452 et
1413 5385 1657 5452 similia:
1700 5398 1788 5452 vel
1829 5398 2136 5454 secundum

559 5483 806 5538 habitum
843 5487 1151 5543 naturalem
1183 5488 1499 5558 quemdam,
1529 5490 1986 5558 sicutparentum
2010 5505 2137 5560 erga

557 5575 802 5642 ejusdem
855 5589 1065 5636 natura:
1099 5581 1278 5646 ﬁlios;
1321 5593 1416 5636 aut
1457 5583 1654 5637 similis
1683 5583 2008 5639 substantia:
2038 5584 2141 5639 hu-

560 5663 804 5732 minum,
853 5682 943 5726 aut
993 5689 1298 5744 equorum,
1348 5683 1442 5730 aut
1497 5675 1803 5746 aquilarum
1865 5677 2134 5748 omnium,

2237 4585 2390 4656 παρὰ
2419 4583 2601 4636 πάντα
2631 4599 2688 4638 τε
2719 4583 2813 4636 καὶ
2845 4583 2940 4636 ἀπ’
2974 4582 3152 4652 ἀρχῆς
3193 4581 3448 4650 κυήσεως
3469 4578 3641 4632 αὐτοῦ
3660 4570 3780 4630 εΰῶς

2245 4676 2420 4746 αὐτὴν
2456 4675 2708 4743 λέγοντες
2740 4674 2995 4742 γενέσθαι
3047 4672 3448 4740 εὐσεὸοφανῶς,
3497 4671 3553 4723 οἱ
3585 4667 3784 4721 corbem

2235 4765 2334 4819 τοῦ
2364 4767 2538 4834 Λόγου
2586 4766 2725 4835 πρὸς
2758 4765 2858 4836 τὴν
2905 4767 3084 4835 σάρκα
3111 4762 3368 4832 γενέσθαι
3404 4763 3480 4831 μὴ
3526 4752 3780 4831 παραδεκτῖο

2239 4874 2430 4929 μενοι;
2459 4859 2492 4928 ἡ
2523 4856 2631 4926 γὰρ
2661 4857 2853 4920 ἓνωσις
2878 4858 2912 4926 ἡ
2937 4855 3013 4926 μὴ
3040 4855 3182 4908 κατὰ
3221 4853 3470 4906 σύνθεσιν
3501 4849 3660 4913 οὖσα,
3685 4845 3778 4897 πᾶν·

2237 4965 2344 5007 τως
2379 4949 2411 5019 ἦ
2464 4947 2609 5012 κατὰ
2649 4949 2951 5017 παράθεσιν
2996 4946 3191 5017 ὁρᾶται
3227 4942 3480 5013 τοπικὴν,
3532 4938 3646 4994 οἷον
3671 4933 3778 4989 λίθω

2239 5039 2333 5092 καὶ
2367 5038 2587 5110 χρυσίου
2623 5041 2681 5092 ἐν
2713 5038 3004 5108 δακτυλίῳ,
3035 5041 3129 5090 καί
3155 5037 3396 5106 πέρατος
3424 5036 3527 5104 τῆς
3566 5028 3782 5086 Ἰουδαίας

2238 5129 2420 5200 χώρας
2451 5129 2588 5200 πρὸς
2627 5131 2686 5182 τὸ
2724 5131 2899 5199 πέρας
2945 5128 3045 5197 τῆς
3091 5128 3488 5198 ἀγχιτέρμονος
3533 5126 3670 5193 αὐτῇ
3706 5118 3780 5170 ΣΡ

2243 5221 2494 5293 μαρείας,
2526 5223 2622 5274 καὶ
2660 5222 2730 5274 τὰ
2779 5221 2960 5274 τοιάδε
2982 5235 2996 5249 °
3023 5220 3058 5288 ἢ
3090 5220 3232 5272 κατὰ
3273 5218 3666 5290 προαιρετικὴν
3692 5209 3778 5279 σχέο

2241 5331 2347 5376 σιν,
2381 5313 2456 5376 ὡς
2508 5313 2536 5364 ὁ
2579 5312 2904 5384 φιλόχρυσος
2932 5310 3188 5383 πρὸς-τὸν
3227 5309 3450 5380 χρυσὸν,
3480 5310 3512 5361 ὁ
3562 5308 3776 5376 (ptiust-3;

2241 5405 2376 5476 πρὸς
2402 5406 2531 5468 τοὺς
2565 5404 2786 5468 ἵππους,
2821 5403 2918 5458 καὶ
2955 5405 2984 5456 ὁ
3011 5402 3294 5474 φιλήδονος
3318 5403 3456 5473 πρὸς
3473 5401 3581 5470 τὴν
3611 5395 3774 5470 ήδονὶρν

2241 5497 2334 5551 καὶ
2364 5497 2608 5565 φιλόθεος
2657 5496 2795 5566 πρὸς
2835 5496 2927 5549 τὸν
2964 5494 3118 5560 θεὸν,
3153 5496 3246 5548 καὶ
3284 5493 3354 5547 τὰ
3394 5495 3582 5562 ὅμοια·
3615 5482 3773 5562 ἤπειτᾶ

2243 5587 2427 5658 σχέσιν
2459 5587 2698 5656 φυσικήν
2752 5603 2904 5650 τινα,
2936 5581 3049 5640 οἷον
3101 5587 3269 5656 ἡτῶν
3320 5586 3526 5652 γονέων
3579 5583 3702 5654 :95;
3729 5573 3774 5628 τά

2241 5679 2458 5748 ὁμοφυῆ
2486 5677 2661 5732 αὐτῶν
2703 5678 2888 5733 τὲκνκ’
2931 5679 2962 5748 ἦ
3017 5678 3124 5732 τῶν
3153 5678 3458 5748 639023in
3496 5676 3773 5748 ἀνθρώπων.
