3908 6306
65 290 216 354 1633

996 289 1393 351 ADVERSUS
1430 288 2238 351 NESTORIANOS.—'LIB.
2274 289 2389 352 III.

3198 286 3344 354 .1633

55 404 92 471 ἢ
129 402 344 461 ἵππων,
370 397 403 469 ἦ
440 397 614 452 ἀετῶν
636 397 879 461 πάντων,
912 394 987 465 τῷ
1005 397 1151 467 λόγῳ
1171 396 1266 449 τοῦ
1299 394 1461 449 ἀετοῦ
1489 394 1662 456 εἴδους

1765 395 1972 464 quippe
1994 394 2089 465 qui
2118 411 2288 450 unum
2314 395 2417 450 sub
2439 395 2656 454 ratione
2680 393 2883 465 speciei
2916 391 3347 464 aquilae'eﬂiciat

55 492 119 544 ἓν
166 489 402 545 ποιοῦσα
437 490 513 542 τά·
535 485 657 541 κατ’
700 488 861 541 αὑτὸν
894 486 1072 540 πάντα
1103 487 1304 556 ἄτομα,
1350 486 1552 556 φυσικῇ
1587 486 1654 555 τῇ

58 580 460 652 ὁμοιότητι·
502 581 578 643 ὡς
621 580 827 641 εἰκόνος
873 579 1014 650 πρὸς
1066 578 1125 631 τὸ
1156 579 1486 648 ἀρχέτυπον·
1518 576 1552 649 ἢ
1588 579 1655 648 τῇ

57 674 351 742 ὁμοιότητι
381 673 543 727 πάλιν
573 674 668 726 καὶ
694 672 866 742 αὐτὴν
897 671 1158 725 συνάπτει
1192 670 1254 724 τὸ
1283 670 1341 724 ὲν
1375 670 1657 741 ἑκατέροις

59 761 231 828 εἶδος·
269 766 318 816 ει
365 764 465 834 μὲν
486 763 578 817 οὖν
608 764 750 817 κατὰ
781 761 1088 833 παράθεσιν
1123 763 1356 831 τοπικήν
1386 778 1524 831 φατε
1557 762 1658 830 τὴν

58 854 266 907 ἕνωσιν
291 854 386 906 τοῦ
421 854 597 922 Λόγου
637 853 772 925 πρὸς
803 853 894 906 τὸν
932 852 1189 923 Χριστὸν,
1225 853 1386 921 σῶμά
1412 870 1472 905 τε
1500 854 1528 906 ὁ
1556 852 1659 905 Λό-

61 962 166 1014 γος
204 946 232 997 ὁ
280 945 444 1008 θεῖος,
479 946 573 998 καὶ
608 945 822 1014 όρατδς,
872 945 965 997 καὶ
1007 945 1196 1007 ἁπτὸς,
1249 944 1343 998 καὶ
1392 945 1451 997 ὲν
1483 945 1654 1014 τόπῳ,

62 1036 167 1090 καὶ
205 1035 601 1107 περιγραπτὺς,
651 1037 744 1089 καὶ
776 1035 843 1088 τὰ
873 1035 1037 1089 λοιπά
1080 1036 1284 1090 ἄτοπα·
1315 1038 1364 1089 εἰ
1405 1035 1462 1088 δὲ
1516 1037 1658 1089 κατά

64 1127 472 1197 προαιρετικὴν
524 1127 733 1197 σχέσιν,
776 1128 836 1179 οὐ
892 1127 1134 1198 Χριστοῦ
1177 1130 1339 1197 μόνου
1381 1130 1519 1199 πρὸς
1564 1130 1656 1182 τὸν

62 1219 205 1273 Θεὸν
233 1222 265 1288 ἡ
305 1219 522 1286 ἓνωσις,
556 1220 691 1273 ἀλλά
721 1221 815 1272 καὶ
857 1220 1022 1273 ’Λϐελ
1068 1221 1164 1273 καὶ
1206 1220 1376 1291 Ἑνὼχ
1404 1223 1501 1274 καὶ
1531 1220 1656 1275 Νῶε

62 1310 164 1364 καὶ
209 1310 461 1382 Ἀϐραὰμ
491 1311 587 1364 καὶ
629 1310 814 1363 Ἰσαὰκ
850 1312 941 1364 καὶ
986 1309 1203 1376 Ἰακὼϐ,
1225 1312 1530 1376 Μωῡσέως,
1564 1313 1659 1366 καὶ

61 1401 352 1470 Σαμουὴλ,
382 1402 478 1454 καὶ
513 1400 696 1463 Δαϐὶδ,
732 1402 826 1454 καὶ
867 1402 1155 1471 Ἰερεμίου,
1192 1404 1287 1455 καὶ
1324 1402 1432 1455 τῶν
1454 1403 1657 1458 λοιπῶν

64 1493 336 1563 Πατέρων
393 1494 485 1544 καὶ
549 1492 907 1563 πατριαρχῶν
960 1494 1056 1546 καὶ
1084 1493 1382 1564 προφητῶν
1438 1495 1657 1548 πάντων

61 1583 178 1635 τῶν
234 1582 425 1653 μέχρις
476 1583 722 1637 Ἰωάννου
760 1583 854 1635 τοῦ
899 1583 1227 1648 Βαπτιστοβ,
1269 1585 1364 1637 καὶ
1411 1585 1520 1638 τῶν
1550 1585 1658 1639 ἀπὸ

76 1676 361 1740 Ἰωάννου,
393 1677 490 1729 καὶ
523 1676 686 1747 μέχρι
718 1674 813 1728 τοῦ
864 1676 959 1728 νῦν
999 1676 1484 1746 εὐαρεστησάντων
1514 1678 1653 1749 Θεῷ·

1762 485 1908 554 apud
1947 485 2120 555 ipsam
2152 487 2335 540 omnia
2380 485 2763 549 indirisibilia,
2804 486 3043 540 naturali
3086 484 3349 540 similitu-

1760 576 1927 631 dine:
1971 587 2067 631 aut
2098 587 2159 631 ut
2188 577 2413 632 habitus
2444 577 2699 648 imaginis
2730 577 2795 631 ad
2825 576 3222 649 archetypum:
3250 574 3345 645 qui

1760 668 2124 723 similitudine
2152 669 2352 723 iterum
2385 678 2443 724 et
2470 669 2641 738 ipsam
2669 676 2891 738 coaptat
2921 668 2975 721 in
3009 680 3346 736 unoquoque

1759 760 2023 829 speciem.
2054 760 2109 814 Si
2136 760 2307 830 igitur
2337 761 2559 831 quidem
2597 760 2903 815 secundum
2935 758 3342 829 appositioncm

1761 852 1993 908 localem
2030 853 2219 909 dicitis
2268 854 2385 909 ﬂeri
2426 855 2689 908 unionem
2739 853 2907 908 Verbi
2945 868 3068 907 cum
3096 851 3343 913 Christo,

1759 960 2070 1017 corpusque
2121 956 2205 1001 est
2234 947 2473 1003 Verbum
2500 946 2773 1009 divinum,
2808 953 2864 999 et
2903 944 3078 999 videri
3108 950 3165 998 et
3196 941 3343 1010 tangi

1758 1042 1961 1104 potest,
1979 1045 2036 1092 et
2055 1037 2109 1090 in
2130 1036 2256 1091 loco
2277 1044 2553 1100 versatur,
2576 1044 2631 1090 et
2646 1035 3064 1097 limitatumest,
3083 1040 3345 1087 etcmtera

1759 1127 2035 1182 absurda:
2086 1129 2131 1182 si
2180 1143 2315 1182 vero
2364 1126 2670 1181 secundum
2726 1127 2978 1181 habitum
3033 1122 3345 1179 voluntarie

1755 1215 2016 1279 electum,
2041 1232 2150 1271 non
2183 1215 2387 1272 Christi
2420 1216 2593 1271 solius
2620 1232 2744 1270 cum
2793 1216 2904 1270 Deo
2935 1213 3067 1268 unio
3091 1213 3220 1273 erit,
3248 1210 3343 1265 sed

1758 1314 1815 1360 et
1844 1306 1980 1362 Abel
2010 1316 2065 1361 et
2111 1309 2337 1364 Henoch
2372 1318 2428 1363 et
2472 1310 2589 1363 Noe
2623 1318 2679 1364 et
2708 1309 2987 1363 Abraham
3018 1314 3074 1361 et
3107 1303 3261 1384 Isaae
3289 1310 3345 1358 et

1755 1401 1950 1463 Jacoh.
1976 1402 2177 1472 Moysis
2214 1411 2270 1457 et
2298 1402 2540 1465 Samuel,
2574 1411 2629 1457 et
2659 1402 2854 1465 David,
2897 1410 2954 1455 et
2994 1401 3265 1464 Jeremiae,
3286 1403 3345 1456 et

1757 1501 2085 1547 creterorum
2103 1494 2333 1548 Patrum
2355 1502 2411 1548 et
2433 1493 2876 1562 patriarcharum
2898 1491 3147 1546 omnium
3167 1509 3345 1562 usque

1758 1584 1825 1638 ad
1880 1584 2149 1639 Joannem
2199 1585 2522 1653 Baptistam,
2581 1593 2639 1638 et
2681 1598 2875 1638 eorum
2907 1582 3002 1652 qui
3049 1598 3078 1636 a
3133 1583 3345 1638 Joanne

1762 1688 1939 1743 usque
1975 1673 2042 1726 ad
2075 1673 2129 1727 id
2177 1672 2445 1742 temporis
2483 1672 2940 1741 complacuerunt
2966 1670 3021 1724 in
3053 1671 3166 1725 Deo
3193 1687 3207 1723 :
3232 1686 3345 1725 non

63 1768 125 1820 οὐ
172 1768 284 1838 γάρ
314 1742 536 1838 εἴρηται⁷
712 1768 833 1831 ἐνὸς
863 1767 1046 1838 μόνου,
1088 1742 1201 1820 ἀλλ’
1248 1742 1330 1821 ότι
1382 1742 1660 1824 (Ἐύδοκεϊ

1765 1765 1909 1819 enim
1934 1764 2143 1819 dictum
2186 1773 2271 1818 cst
2312 1764 2379 1817 de
2430 1778 2538 1817 uno
2568 1764 2723 1817 solo:
2764 1781 2783 1813 ‹
2820 1762 3232 1831 Beneplacitum
3260 1771 3347 1818 est

67 1860 279 1931 Κύριος
303 1863 360 1913 ὲν
386 1864 494 1922 τοῖς
525 1860 878 1930 φοϐουμένοις
908 1861 1089 1925 αὑτὸν,
1117 1862 1176 1913 ὲν
1208 1861 1341 1915 πᾶσι
1361 1863 1473 1923 τοῖς
1503 1862 1656 1914 ἑλπί-

67 1950 266 2013 ζουσιν
316 1951 410 2002 ἐπὶ
459 1950 519 2003 τὸ
580 1950 728 2013 ἔλεος
797 1950 984 2002 αὑτοῦ.
1034 1969 1052 2001 ι
1128 1950 1256 2011 Καὶ,
1330 1969 1348 1999 ι
1387 1951 1501 2003 Οὐκ
1544 1952 1658 2003 ἐστι

66 2041 513 2113 προσωποληψξα
550 2041 703 2112 παρά
740 2040 817 2111 τῷ
857 2042 997 2113 Θεῷ,
1037 2062 1054 2095 ι
1095 2043 1208 2095 ἀλλ’
1235 2044 1294 2095 ὲν
1322 2045 1485 2095 ’τιεανετλ¹
1516 2042 1658 2096 ἔθνει

64 2133 94 2184 ὁ
132 2131 473 2202 φοϐούμενος
507 2132 667 2185 αὐτὸν
721 2135 816 2186 καὶ
869 2132 1236 2204 ἐργαζόμενος
1276 2134 1655 2204 δικαιοσύνην,

64 2222 262 2287 δεκτὸς
290 2224 439 2293 αὐτῷ
487 2226 626 2278 ἐστι·
668 2225 837 2293 σαφὲς
866 2226 978 2291 οὖν,
1015 2226 1090 2288 ὡς
1123 2227 1244 2279 οὐδὲ
1278 2228 1343 2279 ὲκ
1374 2226 1536 2295 τῆσδε
1559 2227 1659 2297 τῆς

67 2318 346 2381 ὲνώσεως,
371 2320 522 2372 οὐδὲν
560 2321 723 2374 πλέον
760 2322 824 2374 ἐκ
854 2322 962 2373 τῶν
1003 2322 1145 2391 ὑπὲρ
1176 2321 1303 2383 τοὺς
1336 2320 1432 2372 ἀπ’
1459 2319 1658 2382 αἰῶνος

67 2406 275 2476 ἄνδρας
308 2408 601 2477 θεοφόϐους
649 2412 742 2465 καὶ
795 2412 1059 2478 ἀγγέλους
1114 2411 1268 2463 ἔσται
1301 2409 1563 2479 Χριστοῦ·
1592 2410 1654 2464 οὐ

68 2499 305 2553 δύνασθε
340 2500 434 2553 οὖν
476 2501 657 2570 λέγειν
700 2503 782 2556 ὅτι
819 2502 1104 2567 ἐξελέξατο
1145 2503 1310 2556 αὐτὸν
1352 2505 1514 2573 μόνον
1546 2502 1658 2557 ἀπὸ

72 2593 298 2646 πάντων
331 2593 542 2665 ὁρατῶν
587 2597 681 2648 καὶ
715 2596 984 2666 ἀοράτων·
1023 2596 1118 2649 καὶ
1156 2597 1239 2650 ὅτι
1270 2598 1410 2666 ὑπὲρ
1444 2597 1657 2660 πάντας

68 2682 301 2752 ἠξίωται
364 2687 530 2756 τιμῆς
579 2705 722 2750 τινος
761 2688 794 2758 ἢ
843 2685 1088 2752 ἐνώσεως
1137 2688 1169 2759 ἢ
1204 2688 1452 2759 υῐότητος
1484 2689 1517 2758 ἦ
1556 2691 1656 2759 χά-

75 2791 228 2844 ριτος
262 2777 328 2828 ὲκ
365 2776 464 2845 τῆς
490 2779 748 2847 τοιαύτης
784 2778 1053 2840 ἑνὼσεως.

144 2866 211 2918 Εἰ
241 2866 296 2918 δὲ
327 2867 386 2919 οὐ
425 2867 649 2936 ταύτην,
685 2867 820 2920 ἀλλά
854 2867 951 2939 τὴν
988 2867 1132 2921 κατὰ
1175 2868 1370 2938 ’σχέσιν
1420 2868 1656 2938 φυσικὴν

71 2958 264 3023 λέγετε
310 2959 505 3013 ἕνωσιν
559 2960 655 3013 τοῦ
692 2962 867 3028 Λόγου
908 2962 1046 3031 πρὸς
1085 2960 1177 3014 τὸν
1232 2961 1487 3032 Χριστὸν,
1534 2962 1655 3015 ἐπεὶ

74 3052 218 3123 αὕτη
248 3054 302 3104 ἐν
341 3056 453 3115 τοῖς
478 3053 785 3122 ὀμοουσίοις
840 3054 1054 3121 ὁρᾶται·
1105 3053 1215 3106 πᾶν
1269 3052 1376 3122 γάρ
1427 3053 1564 3117 ζῶον
1602 3056 1661 3109 τὸ

1767 3044 1883 3114 ipsa
1935 3043 1992 3097 in
2030 3041 2602 3097 consubstantialibus
2634 3042 2890 3097 videatur
2940 3060 2953 3095 :

72 3144 265 3212 ὅμοιον
300 3145 508 3215 ἀγαπᾷ,
542 3145 601 3197 οὐ
634 3144 694 3196 τὺ
728 3144 800 3214 μὴ
850 3143 1056 3213 ὅμοιον·
1100 3142 1132 3212 ἢ
1166 3144 1307 3196 κατὰ
1337 3162 1490 3205 τινας
1524 3162 1660 3218 συμ-

74 3234 369 3303 ϐεϐηκυίας
433 3235 597 3289 τινῶν
635 3236 985 3307 ὁμοιότητας,
1028 3235 1184 3304 δῆλον
1231 3236 1306 3298 ὡς
1340 3235 1372 3305 ἢ
1427 3237 1569 3291 κατά
1609 3256 1661 3291 τι

75 3328 427 3399 συμϐεϐηκὸς
450 3329 634 3397 ὅμοιον
662 3329 751 3380 τὸν
773 3329 946 3397 Λόγον
968 3328 1188 3400 Χριστῷ
1215 3324 1353 3382 εἶναι
1379 3347 1536 3397 φατε,
1569 3332 1663 3384 καὶ

74 3419 136 3470 οὐ
168 3419 301 3479 Θεὸς
332 3419 483 3471 ἔσται
518 3420 546 3471 ὁ
580 3420 751 3485 Λόγος
780 3420 938 3492 οὐσίᾳ
972 3421 1063 3473 καὶ
1090 3421 1498 3491 συμϐεϐηκόσιν
1563 3422 1665 3490 ὑφ-

80 3510 262 3571 εστὼς
304 3511 364 3561 τὺ
409 3511 539 3563 ῐόιον
568 3512 937 3582 πρόσωπον·ῆ
981 3512 1101 3563 κατ’
1134 3511 1343 3575 οὐσίαν,
1381 3514 1474 3565 καλ⁵
1504 3513 1664 3584 δῆλον

74 3598 151 3659 ὡς
208 3600 239 3670 ἢ
286 3601 376 3651 τὸν
410 3601 580 3668 Λόγον
612 3601 793 3669 σάρκα
825 3603 939 3655 ἴστε
973 3601 1191 3672 ὁμοφυῆ
1223 3605 1289 3674 τῇ
1318 3604 1476 3674 σαρκὶ
1509 3604 1660 3669 ὄντα,

77 3691 176 3742 καὶ
225 3690 400 3743 λείπει
452 3692 578 3761 ὑμῖν
615 3695 645 3758 ἡ
681 3691 800 3744 θεία
830 3692 1000 3764 Τριάς
1043 3694 1122 3745 ἐνὶ
1156 3693 1454 3765 προσώπῳ·
1500 3696 1533 3768 ἢ
1571 3696 1664 3750 καὶ

74 3781 178 3853 τὴν
213 3783 410 3853 σάρκα,
443 3784 575 3836 Θεὸν
619 3785 904 3855 όμοούσιον
951 3783 1046 3838 τοῦ
1106 3785 1282 3854 Λόγου
1325 3785 1523 3851 οἴεσθε,
1571 3786 1665 3839 καὶ

79 3876 394 3946 περιττεύει
448 3878 574 3947 ὑμῖν
608 3879 640 3948 ἡ
674 3877 804 3945 ἁγία
861 3877 1028 3944 Τριάς
1092 3879 1190 3950 μιᾷ
1234 3878 1552 3932 ὑποστάσει·
1606 3879 1665 3944 ἐξ

77 3968 330 4037 ἀνάγκης
358 3967 451 4021 οὖν
485 3968 651 4022 δυάδα
685 3969 717 4039 ἦ
771 3970 1006 4040 τετράδα
1057 3972 1435 4039 προσκυνεῖτε·
1481 3971 1579 4038 τὴν
1609 3971 1665 4022 δὲ

77 4060 246 4127 ἁγίαν
280 4060 508 4129 Τριάδα,
547 4062 765 4124 πάντως
792 4062 1264 4130 παραχαράττετε·
1297 4063 1344 4114 εἰ
1374 4060 1431 4114 δὲ
1459 4060 1665 4113 τούτων

78 4150 189 4201 τῶν
232 4151 477 4204 ἐνώσεων
528 4153 785 4220 οὐδεμίαν
820 4150 1188 4222 καταδέχεσθε
1242 4152 1421 4219 λέγειν
1464 4146 1559 4205 ’διά
1597 4152 1665 4204 τὰ

79 4240 282 4304 ἄτοπα,
307 4243 429 4294 οὐδὲ
458 4243 556 4312 τὴν
596 4245 735 4295 κατά
781 4242 1028 4295 σύνθεσιν
1075 4242 1266 4295 ἕνωσιν
1296 4243 1384 4295 διά
1428 4243 1496 4295 τὰ
1526 4242 1660 4312 aut-

78 4351 215 4404 τερα
244 4335 512 4401 δόγματα·
546 4337 594 4386 εἰ
631 4336 707 4400 δὲ,
751 4336 825 4398 ὼς
874 4335 1210 4404 ὁμολογεῖτε,
1236 4335 1353 4398 πῶς
1381 4336 1561 4404 λέγειν
1586 4336 1667 4388 δο-

1759 1857 1995 1911 Domino
2017 1873 2183 1928 super
2215 1857 2480 1911 timentes
2505 1870 2654 1917 cum,
2688 1863 2744 1908 et
2770 1854 2824 1908 in
2850 1853 2933 1908 eis
2976 1857 3070 1922 qui
3115 1858 3359 1924 sperant

1762 1964 1929 2019 super
1954 1948 2336 2003 misericordia
2365 1948 2485 2017 eius
2503 1947 2576 2011 ll'9;
2618 1964 2636 1996 ι
2673 1954 2764 1999 et:
2798 1964 2816 1994 α
2857 1945 2975 1999 Νοη
3021 1946 3106 1999 es't
3155 1943 3350 2014 perso-

1759 2055 1955 2093 narum
1988 2040 2242 2110 acceptio
2266 2039 2411 2109 apud
2441 2039 2611 2092 Dcum
2633 2038 2703 2102 ⁸ο,
2729 2035 2826 2091 sed
2858 2036 2913 2090 in
2946 2036 3097 2090 omni
3117 2034 3344 2091 natione

1762 2131 1967 2205 timens
1988 2147 2115 2187 eum
2157 2143 2213 2187 et
2237 2133 2426 2188 colens
2452 2131 2724 2202 justitiam
2751 2130 2853 2200 ipsi
2883 2138 3145 2199 acceptus
3167 2137 3287 2184 est:
3317 2151 3338 2183 ι

1759 2209 2113 2279 manifestum
2188 2224 2356 2294 igitur
2406 2222 2554 2293 quod
2608 2236 2793 2291 neque
2835 2235 2902 2275 ex
2956 2221 3060 2276 hac
3113 2221 3343 2287 unione,

1758 2315 1899 2369 nihil
1925 2316 2162 2386 amplius
2183 2331 2250 2371 ex
2273 2315 2395 2370 iStis
2415 2329 2583 2384 super
2607 2313 2864 2367 homines
2883 2313 2950 2366 ab
2968 2312 3118 2366 omni
3143 2313 3345 2368 szecnlo

1758 2406 2021 2462 timentes
2038 2408 2211 2462 Deum
2231 2422 2291 2462 .et
2309 2406 2532 2476 angelos
2559 2405 2664 2460 erit
2688 2404 2941 2459 Christo:
2974 2419 3084 2458 non
3111 2402 3346 2473 potestis

1760 2497 1933 2569 igitur
1955 2499 2178 2562 dicere;
2210 2497 2379 2567 elegit
2417 2496 2595 2566 ipsum
2623 2496 2801 2551 solum
2834 2496 2904 2550 ab
2926 2496 3187 2551 omnibus
3208 2493 3345 2550 visi-

1757 2591 1964 2646 bilibus
2003 2598 2060 2645 et
2105 2588 2515 2643 invisibilibus:
2561 2597 2637 2653 et,
2683 2601 2855 2657 supra
2899 2601 3094 2642 omnes
3147 2586 3347 2657 dignus
3382 2620 3405 2629 ι

1758 2682 1986 2737 habitus
2010 2687 2096 2736 est
2122 2679 2356 2734 honoris
2394 2679 2630 2750 alicujus
2678 2685 2775 2732 aut
2823 2677 3046 2733 unionis
3080 2685 3175 2733 aut
3206 2677 3348 2733 ﬁlia-

1761 2773 1932 2827 tionis
1962 2780 2060 2825 aut
2083 2770 2276 2840 gratia:
2302 2785 2369 2824 ex
2402 2768 2495 2823 tali
2531 2770 2758 2824 unione.

1829 2861 1886 2917 Si
1917 2877 2051 2916 vero
2085 2865 2197 2914 non
2231 2860 2402 2925 illam,
2429 2860 2526 2915 sed
2560 2858 2868 2914 secundum
2899 2859 3149 2915 habitum
3186 2868 3347 2916 natu-

1758 2954 1929 3007 ralem
1969 2951 2219 3006 asseritis
2258 2953 2522 3005 unionem
2570 2950 2738 3006 Verbi
2769 2966 2892 3005 cum
2923 2950 3147 3007 Christo
3175 2992 3190 3016 ,
3222 2968 3347 3007 cum

3000 3058 3163 3098 omne
3197 3045 3347 3099 enim

1764 3135 1967 3190 animal
2000 3134 2178 3189 simile
2209 3133 2317 3188 sibi
2359 3144 2505 3188 amat
2532 3135 2601 3199 ξ’,
2633 3149 2742 3188 non
2780 3134 3049 3189 dissimile
3087 3152 3101 3190 :
3139 3145 3236 3189 aut
3264 3151 3353 3192 se-

1764 3227 2007 3282 cundum
2058 3224 2323 3296 quasdam
2375 3224 2689 3280 accidentes
2737 3225 3102 3295 quorumdam
3151 3225 3350 3281 simili-

1761 3319 2006 3378 tudines,
2042 3319 2273 3373 evidens
2302 3317 2449 3387 quod
2499 3317 2804 3372 secundum
2850 3317 3061 3386 aliquid
3097 3318 3354 3375 accidens

1765 3410 1943 3464 simile
1972 3410 2214 3464 Verbum
2262 3408 2486 3463 Christo
2520 3423 2641 3462 esse
2688 3408 2908 3468 dicitis,
2959 3415 3160 3462 etnon
3206 3409 3354 3465 Deus

1764 3501 1869 3554 erit
1904 3484 2146 3555 Verbum
2198 3500 2508 3555 suhstantia
2553 3509 2609 3554 et
2652 3499 3036 3554 accidentibus
3068 3500 3351 3568 supposita

1766 3591 1989 3660 propria
2039 3607 2273 3659 persona
2307 3609 2320 3643 :
2357 3599 2453 3646 aut
2501 3591 2809 3645 secundum
2857 3591 3219 3646 substantiam
3242 3632 3258 3656 ,
3295 3600 3352 3647 et

1765 3682 1994 3737 evidens
2024 3682 2172 3751 quod
2214 3682 2457 3735 Verbum
2487 3697 2710 3735 carnem
2747 3683 2955 3750 putatis
2990 3698 3110 3737 esse
3155 3693 3353 3738 natura

1766 3772 1917 3827 carni
1950 3772 2155 3836 simile,
2186 3781 2243 3825 et
2272 3771 2429 3825 deest
2464 3771 2623 3824 vobis
2651 3770 2837 3823 divina
2865 3770 3109 3825 Trinitas
3140 3771 3193 3823 in
3226 3787 3353 3840 per-

1767 3880 1899 3919 sona
1931 3882 1942 3916 :
1978 3872 2074 3918 aut
2118 3879 2363 3926 carnem,
2401 3862 2573 3916 Deum
2609 3860 3137 3915 consubstantialem
3168 3861 3354 3916 Verbo

1765 3956 2136 4020 existimatis,
2181 3966 2240 4010 et
2281 3962 2535 4024 superest
2579 3953 2736 4007 vobis
2786 3961 2972 4007 sancta
3003 3952 3246 4008 Trinitas
3296 3953 3352 4010 in

1767 4064 1875 4103 una
1909 4048 2187 4119 hypostasi
2233 4063 2246 4099 :
2288 4044 2605 4100 necessario
2647 4045 2813 4114 igitur
2838 4044 3012 4098 Deum
3044 4043 3100 4097 in
3133 4044 3353 4099 duabus

1767 4149 1863 4194 aut
1890 4149 2129 4210 quatuor
2158 4138 2408 4208 personis
2439 4136 2686 4192 adoratis
2720 4152 2733 4188 :
2770 4143 3016 4188 sanctam
3066 4150 3200 4189 vero
3225 4134 3351 4189 Tri-

1768 4231 1997 4301 nitatem
2032 4230 2259 4285 omnino
2303 4227 2518 4283 vitiatis
2553 4243 2565 4278 :
2603 4227 2648 4280 si
2694 4237 2880 4281 autem
2934 4226 3136 4278 nullam
3168 4242 3237 4301 ex
3265 4226 3353 4282 his

1769 4295 2071 4378 gnionibus
2113 4336 2234 4377 esse
2291 4319 2596 4374 admittatis
2643 4325 2869 4386 propter
2917 4316 3194 4382 absurda,
3249 4335 3353 4373 nec

78 4429 228 4479 κεῖτε
268 4429 364 4478 ἐπὶ
399 4428 490 4479 τοῦ
536 4428 711 4491 Λόγου
757 4428 851 4481 καὶ
894 4428 990 4496 τῆς
1046 4428 1247 4495 σαρκὸς
1290 4428 1522 4493 ἕνωσιν,
1558 4429 1663 4481 πά-

1769 4414 2076 4469 secundum
2108 4412 2564 4483 compositionem
2610 4410 2875 4464 unionem
2918 4417 3140 4479 propter
3170 4421 3353 4466 vestra

80 4533 184 4586 σης
242 4516 490 4580 ἐνῶσεως
544 4519 744 4588 τρόπον
817 4517 1223 4588 ἀπαρνούμενοι
1281 4520 1339 4571 ἐν
1406 4520 1658 4585 ἐαυτοῖς;

78 4606 277 4659 οὐκοῦν
302 4607 461 4677 δῆλον
483 4608 728 4677 γέγονεν,
763 4611 838 4673 ὡς
863 4612 1147 4681 μόρφωσιν
1179 4612 1465 4675 εὐσεϐείας
1503 4613 1662 4683 μόνον

82 4696 446 4769 ὑποκρίνεσθε
473 4740 488 4765 ,
525 4700 622 4771 τὴν
649 4701 877 4772 δύναμιν
910 4703 1082 4773 αὐτῆς
1112 4705 1411 4775 ἠρνημένοι
1438 4705 1501 4758 τὸ
1542 4704 1665 4757 σύν-

81 4787 222 4840 ολον·
250 4793 345 4843 καὶ
374 4792 483 4863 γὰρ
508 4792 571 4863 δὴ
594 4795 688 4846 καὶ
731 4798 787 4848 ἐν
815 4798 929 4859 τοῖς
955 4797 1104 4866 ἑξῆς,
1145 4797 1340 4851 τοιοίδε
1375 4796 1662 4867 ἐλέγχεσθε

81 4882 164 4942 εἰς
194 4883 502 4954 φανέρωσιν
529 4885 621 4938 τοῦ
650 4888 823 4955 Λόγου
866 4888 1072 4956 ταύτην
1113 4888 1364 4956 λέγοντες
1392 4883 1532 4942 εἶναι
1565 4888 1663 4960 τὴν

84 4976 298 5042 ἕνωσιν,
322 4979 416 5031 καὶ
432 4980 510 5042 εὶς
528 4980 818 5051 πρόσωπον
847 4982 947 5034 οὐκ
976 4977 1093 5034 οἶδα
1123 4980 1237 5045 πῶς
1262 4981 1663 5043 ἀποκαλοῦντες

83 5072 278 5144 αὑτήν.
298 5073 541 5144 Τῷδγάρ,
563 5076 715 5144 φησι,
741 5075 801 5127 τὸ
823 5074 1112 5145 πρόσωπον
1135 5075 1353 5146 ἐπέχειν
1376 5074 1468 5127 τοῦ
1490 5074 1662 5141 Λόγου

84 5162 174 5214 τὸν
202 5164 456 5235 Χριστὸν,
491 5164 694 5234 ταύτην
729 5164 907 5235 ἴσμεν.

172 5430 332 5506 Ἀλλ’,
363 5427 409 5484 ὦ
444 5430 693 5497 σὀφισταί
734 5429 828 5482 καὶ
857 5430 918 5480 οὐ
946 5427 1120 5494 σοφώ,
1149 5429 1288 5495 τάχα
1321 5425 1376 5477 δὲ
1408 5425 1499 5476 καὶ
1534 5423 1667 5492 πρὸς

87 5524 244 5578 τοῦτο
289 5525 539 5594 ἀδόκιμοι
568 5538 580 5550 ·
631 5522 727 5591 οὐχ
775 5520 945 5582 οὕτως
994 5520 1139 5571 ἐστὶν
1176 5521 1207 5587 ἡ
1240 5520 1317 5579 εἰς
1373 5515 1679 5587 πρόσωπον¹

159 5703 198 5735 ⁸³
232 5705 367 5760 Psal.
411 5721 581 5767 CXLVI,
627 5703 706 5757 ll.

1770 4506 2044 4575 dogmata.
2101 4503 2192 4568 Si,
2227 4512 2286 4557 ut
2334 4500 2678 4565 convenitis,
2723 4500 2910 4568 aliquo
2964 4498 3130 4553 modo
3168 4499 3358 4578 dicere.

1769 4597 2033 4652 videmini
2072 4598 2140 4651 de
2164 4595 2331 4651 Verbi
2363 4603 2419 4648 et
2447 4592 2632 4648 carnis
2663 4592 2865 4645 unione
2887 4632 2901 4655 ,
2931 4606 3149 4646 omnem
3189 4592 3353 4648 unio-

1770 4690 1859 4744 nis
1912 4689 2152 4758 speciem
2202 4687 2522 4759 rejicientes
2577 4685 2631 4738 in
2684 4682 3134 4754 vobismetipsis;
3185 4684 3353 4755 igitur

1770 4782 2000 4838 evidens
2041 4780 2246 4836 factum
2287 4789 2370 4834 est
2394 4818 2408 4838 .
2437 4777 2583 4848 quod
2636 4775 2865 4830 formam
2902 4777 3122 4845 pictatis
3147 4777 3350 4831 virtute

1773 4874 1947 4953 ipsius
1976 4887 2205 4943 prorsus
2235 4871 2532 4938 denegata,
2565 4876 2777 4921 tantum
2811 4866 3067 4934 eﬂingitis
3098 4884 3111 4919 :
3145 4867 3349 4920 ctenim

1773 4974 1923 5020 certe
1964 4974 2021 5018 et
2055 4962 2366 5017 successive
2391 4959 2681 5029 probatum
2716 4966 2801 5010 est
2837 4971 2938 5009 vos
2971 4955 3157 5011 dicere
3188 4956 3348 5009 istam

1774 5057 2037 5110 unionem
2061 5068 2181 5108 esse
2207 5051 2273 5104 ad
2304 5048 2805 5103 manifestationem
2840 5036 3023 5112 Verbi,
3046 5046 3140 5101 sed
3168 5046 3348 5115 quoad

1763 5158 2055 5216 personam
2102 5142 2289 5196 nescio
2339 5139 2620 5209 quomodo
2659 5153 2781 5193 eam
2833 5135 3170 5206 appelletis:
3219 5152 3350 5205 pro-

1765 5244 1951 5306 pterea
1986 5232 2130 5286 cnim
2158 5229 2300 5299 quod
2342 5246 2634 5301 personam
2657 5230 2862 5284 retincl
2886 5227 3052 5283 Verbi
3072 5227 3349 5293 Christus,

1767 5329 1928 5381 istam
1957 5324 2234 5379 novimus.

1836 5420 1938 5474 Sed
1968 5460 1980 5483 ,
2011 5434 2043 5471 ο
2072 5417 2332 5487 sophistae
2359 5424 2415 5472 ct
2447 5433 2555 5470 non
2592 5414 2893 5485 sapientes,
2921 5428 3045 5467 mox
3081 5421 3262 5468 autem
3296 5424 3355 5467 ct

1765 5521 1990 5584 propter
2043 5510 2148 5563 hoc
2202 5508 2427 5579 rrprnhi
2482 5525 2497 5561 :
2554 5524 2663 5561 non
2714 5507 2789 5560 ita
2838 5515 2927 5560 est
2958 5505 3011 5557 in
3057 5516 3350 5573 personam

817 5702 859 5733 ⁸ο
891 5701 1048 5755 Deut.
1080 5714 1184 5763 xw,
1237 5682 1346 5765 Π,
1387 5696 1543 5748 Rern.
1578 5709 1637 5756 ll,
1674 5690 1759 5745 ll.
1827 5690 1865 5720 δ’
1906 5687 2074 5744 Eccli.
2099 5704 2214 5757 XIII,
2251 5688 2335 5744 l9.
