3908 6306
170 358 178 362 _
213 264 349 333 1537

1108 269 1504 330 ADVERSUS
1542 269 2090 337 NESTORIANOS.
2112 295 2176 304 -
2209 270 2356 330 LIB.
2398 270 2515 330 IlI.

3317 265 3469 334 71638

207 379 363 435 θείαν
386 378 545 443 δόξαν
573 377 1081 451 συναρπάζειν,·καὶ
1102 380 1472 451 ἀποφέρεσθαι
1503 380 1640 450 πρὸς
1664 379 1788 442 τοὺς

1891 378 2041 433 enim
2080 378 2542 448 homonymorum
2593 375 2814 432 fruetur
2868 373 3056 444 aliquo
3098 387 3167 459 ex
3210 372 3301 429 his
3341 391 3466 446 qua

206 468 540 539 ἀγνοοῦντας
570 469 671 542 τὴν
697 469 793 525 τοῦ
830 470 991 540 φύσει
1022 470 1158 525 Θεοῦ
1190 471 1328 542 πρὸς
1359 472 1485 549 τοὺς
1514 460 1787 540 ψευδωνύ-

209 579 347 632 μους
378 561 672 633 διάκρισινο
723 563 772 614 εί
826 562 882 616 δὲ
930 560 1068 633 αὕτη
1115 563 1262 615 ἐστὶν
1320 564 1353 633 ἡ
1416 560 1628 632 μεγάλη
1660 559 1788 625 δόξα

202 654 473 725 Χριστοῦ,
502 653 711 725 ταύτης
745 653 925 724 πολλῷ
959 654 1226 725 πρότερον
1256 651 1496 724 Χριστοῦ
1539 651 1788 715 διάϐολός

184 761 269 798 ττε
318 746 414 797 καὶ
458 743 713 815 δαίμονες
746 745 1209 815 ἐπιθυμήσαντες,
1239 743 1594 814 ἀπήλαυσαν·
1650 743 1787 796 ἀλλὰ

206 834 304 890 καὶ
333 833 450 898 ζῶα
480 836 576 889 καὶ
605 836 811 906 ἑρπετὰ
836 834 1116 907 ἠξίωνται,
1142 835 1217 899 ὼς
1242 834 1480 905 εἴρηται,
1503 834 1664 904 τῆσδε
1687 851 1700 863 '
1721 836 1785 888 ἐκ

190 924 426 978 επάντων
448 923 541 976 οὖν
568 924 834 978 δέδεικται
867 924 1080 994 τρανῶς
1128 923 1202 987 ὡς
1239 922 1272 993 ἢ
1309 923 1429 976 οὐδὲ
1465 924 1635 995 τιμῆς
1663 923 1782 976 οὐδὲ

203 1015 365 1085 δόξης
404 1015 525 1069 οὐδὲ
556 1014 719 1068 ἄλλου
744 1015 889 1077 τινος
916 1015 1024 1067 τῶν
1052 1014 1270 1085 ὑψηλῶν
1300 1015 1395 1068 καὶ
1428 1013 1589 1068 θείων
1612 1014 1783 1084 ⁴ἠξίωσ-

203 1124 297 1159 ται
329 1106 497 1169 ὅντως
547 1108 641 1161 καὶ
669 1107 957 1177 πράγματι
993 1108 1266 1177 Χριστός·
1296 1106 1329 1176 ἢ
1375 1107 1533 1177 εἴπερ
1562 1107 1777 1173 ἀληθῶς

203 1196 264 1247 ὲν
311 1193 525 1264 μεθέξει
542 1195 663 1249 ’τῶν
689 1196 849 1249 θείων
877 1197 993 1248 ἐστὶ
1017 1196 1414 1267 προσηγοριῶν,
1443 1197 1520 1266 τῷ
1543 1196 1774 1266 πρώτως

202 1284 368 1338 αὐτὸν
400 1284 489 1337 τὸν
516 1284 733 1355 ἀληθῶς
767 1286 861 1338 καὶ
891 1287 1050 1353 φύσει
1086 1286 1212 1339 τάδε
1238 1286 1606 1356 οἰκειούμενον
1639 1286 1782 1357 ἔχειν

203 1377 266 1429 ὲν
315 1376 494 1442 ἐαυτῷ
525 1376 657 1429 Θεοῦ
688 1376 880 1444 Λόγον·
912 1377 1002 1430 διὰ
1036 1377 1190 1430 τοῦδε
1225 1377 1334 1446 γὰρ
1367 1379 1459 1432 καὶ
1498 1378 1681 1432 πάντα
1712 1378 1780 1432 τὰ

202 1466 341 1519 Θεοῦ
390 1467 533 1519 ἰδικὰ
577 1467 736 1536 μόνον
789 1468 884 1520 καὶ
935 1468 1084 1536 αὑτῷ
1129 1469 1471 1537 συνεπόμενα
1526 1469 1780 1539 ἐξαίρετα

201 1557 449 1622 πλουτεῖ,
481 1560 573 1612 καὶ
601 1562 656 1612 ἐν
678 1559 855 1631 ἑαυτῷ
886 1561 1253 1614 ἐπιδείκνυται
1286 1561 1500 1625 όντωςό
1522 1563 1776 1631 Χριστός.

1884 479 2016 524 sunt
2045 470 2361 541 homonymi
2396 488 2409 523 :
2441 470 2545 525 nisi
2578 478 2729 526 certe
2760 468 2894 523 illud
2928 467 3109 537 ipsum
3131 482 3254 523 esse
3280 467 3469 522 dicant

1885 560 2129 615 divinam
2173 560 2402 631 gloriam
2459 560 2594 615 falsa
2640 560 3018 615 nominatione
3061 559 3469 628 _corripere,-et
3550 612 3555 618 .

1884 651 2112 722 gloriari
2162 667 2349 707 coram
2415 652 2523 706 illis
2586 652 2680 721 qui
2738 644 2994 720 ignorant
3040 650 3467 705 distinctionem

1884 743 2051 813 hujus
2085 743 2233 812 quod
2275 751 2359 798 est
2390 752 2586 797 natura
2616 751 2673 796 et
2717 742 2885 812 hujus
2922 740 3068 810 quod
3113 748 3199 795 est
3243 741 3467 795 nomine

1892 823 2089 884 ﬁclitio
2115 831 2279 885 Deus.
2309 830 2367 885 Si
2389 845 2522 885 vero
2548 834 2668 900 ipsa
2694 840 2779 885 est
2806 845 3001 900 magna
3030 830 3203 900 gloria
3233 830 3463 897 Christi,

1890 922 2040 977 illam
2086 923 2259 977 multo
2288 932 2416 978 ante
2459 922 2744 1002 Christum
2789 922 3043 979 diabolus
3088 930 3144 977 et
3188 922 3468 976 daemones

1888 1013 2270 1069 desiderantes
2330 1014 2700 1084 perceperunt
2755 1032 2769 1068 :
2829 1012 2926 1068 sed
2993 1023 3051 1068 et
3099 1012 3359 1067 animalia
3410 1018 3467 1066 et

1884 1105 2109 1175 reptilia
2146 1108 2292 1161 illius
2331 1106 2496 1177 digna
2543 1106 2735 1160 habita
2785 1112 2953 1170 sunt,
2992 1112 3054 1159 ut
3094 1103 3304 1158 dictum
3335 1109 3463 1158 est:

1882 1211 1951 1250 cx
1979 1197 2243 1251 omnibus
2270 1196 2438 1266 igitur
2467 1203 2837 1250 monstratum
2869 1203 2955 1250 est
2978 1195 3127 1249 clare
3162 1204 3257 1248 aut
3285 1208 3468 1262 neque

1889 1286 2141 1352 honoris,
2191 1304 2374 1357 neque
2446 1288 2660 1357 glorise,
2704 1302 2885 1357 neque
2944 1286 3179 1357 alicujus
3235 1285 3467 1338 alterius
3554 1343 3564 1353 ,

1870 1378 2089 1434 horum
2130 1395 2255 1449 quae
2296 1380 2671 1435 suntexeelsa
2716 1388 2773 1433 et
2821 1378 3008 1431 divina
3040 1378 3265 1447 dignum
3302 1374 3466 1429 habi-
3519 1369 3525 1376 ’

1888 1479 2004 1526 tum
2038 1472 2211 1527 fuisse
2246 1487 2374 1526 vere
2407 1479 2464 1527 et
2495 1471 2722 1525 realiter
2767 1469 3052 1524 Christum
3083 1509 3098 1533 ,
3135 1476 3231 1522 aut
3255 1469 3301 1522 si
3334 1479 3463 1520 vere

1884 1573 1970 1620 est
1996 1565 2051 1619 in
2086 1564 2509 1635 participatione
2551 1562 2862 1617 divinarum
2891 1559 3347 1628 appellationum,
3394 1555 3469 1608 il-

197 1647 298 1706 lud
330 1661 582 1708 constare
610 1670 678 1707 ex
714 1669 781 1709 eo
809 1654 953 1723 quod
985 1654 1221 1723 primum
1250 1653 1448 1708 habeat
1505 1654 1561 1708 in
1592 1655 1891 1725 semetipso
1920 1658 2163 1712 Verbum
2209 1659 2331 1721 Dei,
2367 1658 2486 1711 haec
2549 1671 2683 1710 vere
2715 1666 2911 1709 natura
2973 1654 3079 1710 sibi
3127 1653 3418 1707 vindicans
3451 1665 3466 1704 :
3531 1690 3537 1695 .

173 1743 327 1800 ideo
354 1746 503 1801 enim
567 1757 623 1801 et
689 1746 949 1801 omnibus
988 1748 1083 1801 Dei
1134 1747 1470 1817 specialibus
1515 1756 1728 1804 tantum
1782 1759 1837 1806 et
1898 1753 2003 1822 ipsi
2055 1752 2469 1822 pertinentibus
2523 1751 2758 1813 ditatur.
2803 1759 2860 1805 et
2906 1750 3024 1804 hmc
3069 1750 3125 1802 in
3173 1747 3469 1815 semetipso

198 1838 425 1892 exhibet
453 1854 582 1892 vero
605 1837 881 1894 Christus.

278 1933 400 1984 Ἔτι
433 1932 540 2001 μὴν
565 1931 812 2014 λέγοντες
842 1924 986 1985 οὗτοι
1012 1932 1167 1998 ἀξίας
1194 1933 1356 1986 αὐτον
1386 1934 1770 2003 μετειληφέναι

1946 1937 2162 1989 Rursus
2214 1948 2385 2004 porro
2449 1933 2698 1987 dicentes
2748 1932 2836 1985 isti
2905 1929 3223 2000 dignitatem
3288 1923 3468 1997 ipsum'

204 2021 422 2076 οίασοῦν
453 2023 738 2093 μεγίστης,
762 2022 1245 2093 ἀποκρινέσθωσαν
1269 2026 1422 2093 ἡμῖν·
1451 2024 1595 2095 Λῦτη
1619 2026 1777 2078 ὁποία

205 2118 355 2171 ἐστὶν
378 2119 411 2187 ή
443 2116 600 2180 ἀξίας
630 2117 831 2185 φυσική
863 2133 970 2180 τις,
1001 2117 1088 2168 οἵα
1114 2117 1146 2184 ἡ
1179 2116 1273 2168 τοῦ
1313 2115 1605 2187 ἀνθρώπου
1644 2119 1779 2187 πρὸς

204 2209 275 2261 τὰ
301 2210 472 2277 κτήνη
491 2207 610 2260 κατ’
635 2207 821 2260 οὐσίαν
837 2207 1100 2278 ὑπεροχὴ.
1129 2208 1262 2260 καθὸ
1287 2207 1524 2279 εἴρηται,
1555 2228 1572 2259 ι
1595 2211 1780 2264 Πάντα

207 2295 486 2362 ὑπέταξας
521 2296 780 2349 ὑποκάτω
818 2296 925 2348 τῶν
965 2296 1142 2349 ποδῶν
1190 2297 1355 2351 αὑτοῦ
1401 2299 1651 2368 πρόϐατα
1685 2300 1781 2352 καὶ

182 2385 339 2459 νβόας
377 2386 621 2452 ἁπάσας
662 2404 680 2437 ι
719 2387 752 2457 ἦ
783 2385 1208 2456 συμϐεϐηκῶσα,
1236 2388 1326 2442 οἵα
1375 2391 1408 2459 ἡ
1461 2389 1557 2442 τοῦ
1605 2390 1779 2443 Σαοὺλ

194 2480 348 2553 πρὸς
374 2480 502 2543 τοὺς
528 2480 835 2548 ὁμοφύλους
876 2480 1084 2550 ῦψωσις
1104 2501 1118 2545 ;
1142 2483 1204 2537 Εί
1232 2485 1328 2552 μὲν
1364 2484 1471 2554 γὰρ
1502 2486 1780 2557 συμϐεϐη-

184 2573 387 2637 ;κῶσα,
420 2573 645 2626 αὐτόθεν
680 2573 799 2627 οὐδὲ
837 2572 959 2626 θεία
990 2574 1113 2631 οὐδὲ
1153 2574 1431 2644 ἀξιόλογος
1462 2592 1476 2607 ·
1507 2579 1556 2630 εί
1581 2577 1637 2631 δὲ
1678 2596 1779 2645 φυ-

194 2665 367 2734 σικὴ,
386 2665 554 2733 δῆλον
587 2664 661 2727 ὼς
692 2665 791 2717 οὐκ
820 2664 937 2717 ἔστι
967 2666 1136 2735 αὐτῆς
1165 2666 1414 2736 μετέχειν
1443 2668 1660 2737 ἀληθῶς
1685 2671 1781 2722 καὶ

191 2756 270 2809 -όὺ
299 2756 700 2824 ψευδωνύμως,
745 2758 837 2817 τὸν
880 2756 953 2825 μὴ
1004 2756 1267 2828 πρότερον
1318 2759 1415 2827 τῆς
1459 2761 1578 2812 κατ’
1612 2760 1781 2830 αὐτὴν

212 2845 428 2916 φύσεως
474 2847 705 2916 τυχόντα
747 2864 760 2876 ·
802 2848 962 2918 εἰπερ
998 2844 1091 2900 οὖν
1149 2848 1387 2917 φυσικῆς
1439 2849 1594 2914 ἀξίας
1645 2849 1778 2903 Θεοῦ

203 2938 445 3009 Χριστὸς
479 2937 791 3008 μετείληφε,
830 2938 922 2992 καὶ
954 2938 1013 2991 τὸ
1040 2939 1184 3004 Θεὸς
1217 2939 1433 3007 φύσεως
1475 2941 1646 3010 ὅνομα
1687 2958 1782 2994 κυ-

216 3030 347 3100 ρίως
376 3031 516 3095 ἐστὶ,
544 3030 701 3099 δῆλον
723 3031 797 3093 ὡς
819 3030 917 3100 τὴν
942 3029 1106 3099 φύσιν
1136 3030 1306 3101 αὐτὴν
1337 3031 1438 3101 τὴν
1468 3031 1618 3085 θείαν
1646 3050 1781 3102 κτηο

214 3125 447 3193 σάμενος
474 3124 688 3194 πρῶτον
710 3163 723 3185 ,
768 3120 836 3197 ἧς
861 3123 964 3176 ἰδία
993 3124 1140 3176 ἐστὶν
1172 3125 1205 3194 ὴ
1238 3123 1365 3189 ἀξία
1394 3124 1489 3176 καὶ
1519 3126 1550 3193 ἡ
1583 3126 1782 3192 ὀνομα-

216 3215 327 3279 σία,
357 3216 452 3267 καὶ
479 3214 648 3268 ταῦτα
677 3213 1129 3285 συνεκληρώσατο
1153 3230 1166 3244 ⁸
1201 3213 1398 3266 οὐκοῦν
1424 3212 1598 3283 ὀρθῶς
1629 3214 1783 3278 δοξά-

1878 2040 2043 2094 quam
2075 2024 2364 2078 maximam
2409 2023 2773 2094 participasse
2803 2061 2817 2084 ,
2860 2019 3228 2089 respondeant
3253 2019 3411 2073 nobis
3447 2035 3463 2074 :

1877 2116 2067 2183 Qualis
2120 2125 2205 2171 est
2267 2117 2507 2185 dignitas
2576 2114 2719 2170 ista?
2784 2112 2927 2166 Num
2981 2127 3085 2181 qua
3153 2111 3464 2175 naturalis,

1879 2209 2058 2278 qualis
2109 2218 2196 2263 est
2260 2209 2503 2263 hominis
2557 2223 2726 2277 super
2784 2205 3039 2260 animalia
3080 2203 3464 2258 substantialis

1880 2301 2214 2369 praestantia,
2254 2309 2415 2371 prout
2458 2299 2666 2354 dictum
2697 2309 2782 2353 est
2823 2314 2836 2350 :
2876 2318 2893 2348 ι
2931 2296 3125 2351 Omnia
3177 2294 3460 2365 subjecisti

1876 2390 1985 2445 sub
2047 2391 2280 2460 pedibus
2311 2392 2465 2461 ejus,
2505 2406 2635 2445 oves
2668 2401 2724 2443 et
2774 2389 2944 2443 boves
2992 2385 3398 2443 universas“?
3438 2402 3461 2436 ι

1880 2483 1961 2538 An
1996 2482 2270 2548 accidens,
2303 2483 2482 2551 qualis
2528 2497 2693 2551 supra
2736 2479 3078 2535 contribules
3123 2471 3304 2532 Saulis
3349 2476 3462 2529 ccl-

1882 2574 2118 2629 situdo?
2159 2572 2216 2627 Si
2257 2574 2482 2643 quidem
2531 2573 2680 2628 enim
2729 2571 3016 2634 accidens,
3074 2585 3140 2624 eo
3186 2569 3306 2638 ipso
3362 2581 3465 2621 nec

1883 2666 2105 2729 divina,
2145 2681 2250 2720 nec
2290 2664 2671 2730 memoranda;
2714 2664 2759 2719 si
2808 2678 2941 2717 vero
2983 2660 3255 2715 naturalis
3280 2701 3294 2723 ,
3346 2673 3466 2712 ma-

1882 2758 2140 2812 nifestum
2189 2766 2278 2811 est
2332 2773 2443 2812 non
2473 2772 2603 2812 vere
2648 2756 2876 2825 sineque
2924 2754 3144 2808 ﬁctione
3189 2766 3309 2805 eam
3339 2765 3465 2819 par-

1884 2847 2140 2915 ticipasse
2208 2847 2361 2900 illum
2426 2847 2519 2916 qui
2554 2846 2736 2915 prior
2794 2852 2991 2898 natura
3053 2858 3121 2897 ex
3179 2839 3271 2894 illa
3326 2854 3464 2894 con-

1881 2946 2060 2994 stante
2108 2953 2218 2992 non
2274 2922 2411 2991 erat.
2467 2936 2524 2992 Si
2585 2951 2717 3005 ergo
2766 2936 3074 2988 naturalem
3144 2932 3467 3001 dignitatem

1881 3029 1979 3084 Dei
2036 3028 2289 3084 Christus
2345 3027 2733 3097 participavit,
2797 3032 2855 3079 et
2912 3038 3110 3078 nomen
3163 3024 3306 3077 Deus
3365 3036 3468 3075 na-

1887 3127 2008 3176 tura
2050 3119 2333 3190 proprium
2377 3126 2481 3182 est,
2525 3126 2675 3186 patet
2713 3116 2887 3179 illum,
2925 3115 3041 3182 ipsa
3086 3113 3240 3182 prius
3280 3112 3468 3166 divina

1885 3210 2125 3281 positum
2148 3216 2367 3272 natura,
2387 3208 2544 3277 cujus
2569 3204 2787 3276 propria
2810 3211 2893 3258 est
2909 3201 3147 3273 dignitas
3170 3210 3224 3255 et
3243 3215 3467 3263 nomen,

217 3270 384 3376 ξομεν
417 3307 666 3360 σύνθεσιν
710 3308 806 3375 τῆς
833 3270 983 3370 θείας
1011 3308 1105 3359 καὶ
1145 3270 1490 3375 ἀνθρωπίνης
1532 3270 1782 3373 φύσεωςο

1891 3270 1945 3357 et
1978 3303 2096 3357 haec
2124 3301 2289 3356 simul
2316 3270 2585 3355 sortitum.
2616 3270 2757 3351 esse.
2801 3270 3177 3364 Recte'igitur
3204 3292 3472 3363 praedica-

214 3396 247 3469 ἢ
283 3400 331 3450 εί
362 3399 436 3468 μὴ
469 3398 588 3451 τόδε
612 3397 786 3459 οὕτως
811 3398 945 3467 ἔχει,
978 3398 1137 3459 αὐτὸς
1173 3397 1406 3466 τραπεὶς
1450 3397 1532 3458 είς
1577 3395 1785 3448 τοιάνδε

216 3492 369 3545 θείαν
399 3491 559 3561 φύσιν
587 3492 615 3544 ό
640 3490 946 3560 ἄνθρωπος,
983 3489 1213 3558 ἠξίωται
1243 3489 1340 3557 τῆς
1372 3488 1608 3555 φυσικῆς
1635 3487 1800 3550 θείας

215 3583 314 3633 καί⁵
344 3579 641 3648 ὀνομασίας
669 3596 683 3611 ο
714 3579 808 3631 καὶ
850 3577 1004 3630 ἔσται
1057 3576 1252 3640 οὕτως,
1302 3575 1424 3629 οὑδὲ
1479 3574 1789 3643 σωζόμενος

215 3672 379 3735 αὐτὸς
413 3671 544 3725 ἕτιό
573 3668 827 3734 ἀξιωθεὶς
864 3669 962 3736 τῆς
997 3667 1155 3732 ἀξίας
1177 3706 1193 3731 ,
1223 3666 1343 3720 οὐδὲ
1376 3667 1553 3736 μένων
1580 3669 1608 3718 ὁ
1636 3663 1790 3728 δεξά-

222 3780 386 3833 μενος
414 3761 512 3831 τὴν
530 3749 726 3832 ⁸χάριν,
755 3759 874 3813 οὐδὲ
904 3758 999 3813 δύο
1025 3759 1216 3830 φύσεις
1244 3758 1380 3821 ὅλως
1406 3757 1787 3825 ὑποκείμεναι,

217 3854 340 3907 οὐδὲ
375 3852 680 3924 σωζόμενον
703 3853 884 3915 αὐτοῖς
918 3852 1052 3915 ὅλως
1081 3851 1141 3904 τὸ
1192 3849 1530 3919 ἀνθρώπινον
1567 3850 1624 3901 ἐν
1654 3849 1790 3917 Χρι-

223 3946 354 4017 στῷ,
410 3947 590 3999 καίτοι
622 3945 956 4010 τούναντίον,
996 3944 1058 3998 τὸ
1092 3942 1233 3996 θεῖον
1268 3940 1364 3995 ἀπ’
1385 3939 1548 3993 αὑτοῦ
1593 3939 1792 4009 μᾶλλον

222 4046 495 4117 περιελεῖν
521 4045 873 4117 μαχομένοις.

303 4312 506 4374 Ἡδέως
531 4311 575 4363 δ’
607 4310 673 4373 ἂν
708 4306 887 4362 αὐτῶν
911 4305 991 4358 ἔτι
1012 4304 1105 4358 καὶ⁴
1127 4302 1248 4356 τόδε
1271 4300 1567 4371 πυθοίμην,
1607 4300 1668 4351 Et
1701 4298 1793 4352 τὸν

224 4403 401 4471 Λόγον
424 4401 661 4471 Χριστὸν
692 4394 1020 4467 ὀνομάζουσί
1048 4412 1163 4458 πως
1191 4410 1206 4459 ;
1232 4393 1265 4462 ἢ
1296 4392 1391 4445 καὶ
1420 4392 1509 4445 τὸν
1538 4390 1794 4460 Χριστὸν,

222 4496 274 4548 εἰ
297 4493 434 4564 πρὸς
460 4489 539 4561 τῷ
567 4489 679 4560 Υίῷ
700 4489 795 4541 καὶ
812 4485 949 4557 Θεῷ,
976 4485 1110 4554 φασὶ
1152 4484 1246 4536 καὶ
1272 4482 1466 4549 Λόγον,
1505 4480 1539 4550 ἢ
1564 4481 1714 4549 auxi;
1749 4480 1797 4531 εί

1887 3409 2012 3448 mus
2053 3392 2254 3449 divinas
2297 3406 2422 3447 cum
2464 3390 2704 3445 humana
2749 3387 3190 3458 conjunctionem
3237 3392 3465 3438 naturae.

1850 3481 1854 3485 “
1887 3485 1997 3539 Aut
2040 3484 2087 3539 si
2122 3499 2211 3538 res
2254 3484 2326 3538 ita
2367 3498 2427 3538 se
2474 3496 2585 3536 non
2615 3480 2803 3542 habet,
2847 3479 3013 3534 homo
3042 3476 3156 3546 ipse
3190 3475 3245 3528 in
3277 3474 3471 3544 hujuso

1891 3572 2040 3628 modi
2073 3571 2317 3626 divinam
2360 3579 2613 3626 naturam
2649 3584 2972 3632 conversus,
3018 3567 3222 3621 divinae
3260 3572 3474 3618 natura:

1890 3660 2213 3731 dignitatem
2257 3673 2382 3713 cum
2417 3657 2639 3712 nomine
2672 3656 2933 3711 obtinuit.
2984 3655 3052 3709 Et
3080 3654 3207 3707 inde
3248 3652 3354 3705 crit
3378 3659 3475 3705 aut

1891 3766 2072 3820 neque
2102 3757 2354 3805 servetur
2386 3747 2568 3802 adhuc
2600 3746 2717 3815 ipse
2759 3745 2854 3814 qui
2889 3743 3211 3813 dignitatem
3244 3755 3468 3809 prome-

1894 3841 2028 3907 ruit,
2064 3856 2169 3895 nec
2205 3845 2527 3910 permaneat
2557 3836 2652 3906 qui
2698 3835 2907 3904 recepit
2948 3832 3202 3904 gratiam,
3234 3848 3337 3886 nec
3362 3831 3474 3885 sint

1895 3932 2124 3987 omnino
2161 3931 2284 3986 duae
2331 3936 2544 3983 naturae
2598 3925 2878 3996 subjectae,
2920 3939 3024 3978 nec
3067 3923 3201 3993 ipsis
3245 3938 3474 3992 prorsus

1896 4030 2149 4079 servetur
2176 4019 2347 4091 .quod
2399 4028 2485 4073 εει
2531 4018 2833 4072 humanum
2878 4016 2933 4069 in
2989 4013 3232 4074 Christo.
3270 4013 3398 4067 licet
3442 4028 3474 4068 e

1897 4123 2087 4170 contra
2134 4111 2280 4182 quod
2334 4119 2419 4167 est
2469 4108 2721 4164 divinum
2772 4107 2840 4163 ab
2881 4106 3002 4176 ipso
3044 4105 3226 4175 potius
3255 4104 3474 4159 auferre

1896 4203 2254 4260 contendant.

1964 4291 2227 4345 Libenter
2264 4288 2443 4343 adhuc
2484 4287 2553 4342 ab
2601 4286 2684 4341 eis
2707 4295 2764 4340 et
2795 4286 2899 4340 hoc
2931 4283 3380 4348 sciscitaremur:
3418 4281 3475 4336 Si

1898 4382 2138 4437 Verbum
2188 4379 2466 4449 appellant
2518 4375 2839 4441 Christum,
2896 4372 3212 4444 quomodo?
3268 4371 3363 4428 Vel
3422 4379 3479 4426 et

1898 4472 2200 4537 Christum,
2247 4480 2446 4540 praeter
2473 4467 2674 4522 Filium
2709 4476 2765 4522 et
2806 4467 2999 4531 Deum,
3034 4464 3225 4519 dicunt
3257 4475 3312 4518 et
3341 4463 3478 4518 Ver-

228 4587 329 4657 μὲν
345 4553 440 4638 οὖν
468 4553 588 4653 ούχὶ
612 4623 626 4646 ,
650 4553 771 4634 ’ἰδοὺ
799 4553 1075 4632 πάντατά
1105 4574 1329 4628 δοθέντα
1361 4573 1452 4626 ὑπ’
1498 4571 1678 4624 αὐτῶν
1712 4571 1788 4633 είς

1899 4565 2052 4626 bum,
2089 4563 2175 4616 vel
2228 4577 2358 4615 non.
2417 4559 2474 4614 Si
2504 4557 2730 4628 quidem
2781 4574 2929 4623 non;
2978 4572 3109 4611 ecce
3165 4563 3365 4609 cuncta
3411 4553 3480 4606 ab

223 4674 394 4746 τιμὴν
421 4671 658 4744 Χριστοῦ
690 4667 1018 4740 ἀνέτρεψαν,
1043 4666 1137 4720 καὶ
1161 4664 1284 4718 οὐδὲ
1305 4663 1406 4733 τὴν
1427 4663 1570 4716 κατὰ
1594 4662 1655 4714 τὸ
1679 4660 1795 4713 ὅνο-

230 4780 308 4835 μα
338 4761 503 4832 ψιλὴν
530 4759 817 4815 κοινωνίαν
840 4756 1169 4827 παρέχουσιν
1200 4754 1270 4824 ἢν
1325 4750 1747 4823 προσποιοῦνται
1778 4766 1794 4781 ·

226 4854 277 4929 εξ
305 4853 415 4924 γὰρ
442 4852 518 4923 μὴ
553 4851 733 4920 λόγος,
758 4849 880 4903 οὐδὲ
917 4846 1054 4901 Θεοῦ
1096 4847 1224 4910 Υἱὸς
1259 4843 1489 4915 φυσικὸς
1512 4881 1527 4906 ,
1559 4842 1679 4895 οὐδὲ
1722 4839 1800 4911 τῷ

227 4944 488 5014 ὀνόματν
516 4944 566 4997 εί
586 4943 645 4996 δὲ
673 4941 846 4996 ταῦτα
887 4938 1307 5007 διαϐλεψάμενοι
1340 4934 1664 5003 ὀνομάζουσι
1707 4934 1803 4985 καὶ⁹

230 5032 400 5104 Λόγον
424 5032 515 5087 τὸν
540 5032 796 5105 Χριστὸν,
822 5032 915 5084 καί⁵
940 5030 1032 5083 τὸν
1058 5029 1231 5098 Λόγον
1251 5028 1506 5098 Χριστὸν,
1533 5027 1613 5088 είς
1632 5040 1801 5094 προσ-

232 5128 383 5180 ώπου
430 5124 752 5188 ἀντὲνδειξιν
780 5122 889 5193 ἄρα
914 5124 1008 5176 καὶ
1054 5119 1488 5191 ἀντωνομασίαν,
1522 5117 1621 5186 τῆς
1674 5116 1806 5186 κλή-

237 5233 374 5279 σεως
398 5216 499 5286 τῆς
534 5214 735 5285 σαρκὸς
764 5214 861 5291 καὶ
905 5213 995 5266 τὸν
1044 5212 1216 5279 Λόγον
1260 5211 1423 5263 αὐτὸν
1478 5207 1805 5279 μεταλαϐεῖν

237 5323 401 5378 φασιν
421 5320 436 5336 ·
473 5308 533 5360 ἐν
552 5308 662 5378 ὅσῳ
689 5301 784 5360 οὖν
822 5305 885 5358 τὸ
929 5303 1060 5359 αὐτὸ
1093 5303 1224 5356 ἴδιον
1256 5301 1548 5370 πρόσωπον
1586 5299 1807 5368 ἐπέχειν

236 5411 334 5469 την
367 5400 549 5470 σάρκα
575 5397 824 5468 βούλεται
854 5397 949 5450 καὶ
975 5394 1134 5449 τοῦτο
1165 5394 1493 5464 ἐμφανίσαι,
1518 5392 1808 5463 εὑρεθήσε-

237 5509 323 5546 ται
354 5493 516 5555 αὐτὸς
543 5493 603 5546 τὸ
630 5492 847 5563 ἐκείνης
892 5490 1103 5560 ἐπέχων
1127 5504 1140 5519 ’
1178 5487 1335 5542 τοῦτο
1379 5486 1436 5541 δὲ
1484 5483 1808 5540 ἀντικαταλ-

323 5666 365 5696 ⁸²
396 5663 537 5721 Psal.
568 5682 682 5733 vm,
712 5665 762 5721 8.

1896 4657 2031 4726 ipsis
2063 4669 2321 4710 concessa
2369 4653 2425 4706 in
2456 4652 2722 4710 honorem
2748 4648 2958 4707 Christi
3004 4655 3346 4711 everterunt,
3378 4660 3482 4700 nec

1896 4748 2072 4819 ipsam
2102 4748 2244 4802 hanc
2281 4745 2586 4816 simplicem
2621 4744 2924 4799 secundum
2958 4756 3161 4796 nomen
3193 4738 3484 4809 proferunt

1901 4840 2366 4902 communionem,
2400 4851 2565 4907 quam
2596 4835 2827 4906 ﬁngunt.
2883 4833 3001 4888 Nisi
3036 4832 3183 4886 enim
3217 4830 3479 4891 Verbum,

1900 4948 2006 4988 nec
2051 4932 2148 4986 Dei
2179 4931 2352 4984 Filius
2376 4927 2666 4989 naturalis,
2720 4940 2824 4979 nec
2867 4921 3181 4976 nominalis.
3238 4919 3295 4973 Si
3329 4932 3480 4978 vero,

1905 5025 2028 5079 istis
2068 5019 2372 5091 perspectis
2400 5059 2415 5083 ,
2461 5016 2737 5086 appellent
2799 5013 3080 5068 Christum
3131 5009 3372 5063 Verbum
3428 5014 3485 5062 ει

1908 5113 2150 5171 Verbum
2178 5111 2478 5175 Christum,
2517 5115 2649 5162 tunc
2671 5107 2740 5163 ad
2771 5119 3018 5176 personae
3048 5103 3392 5173 negationem
3420 5116 3487 5155 ac

1911 5203 2429 5267 contradictionem,
2477 5215 2678 5254 nomen
2707 5198 2891 5254 carnis
2934 5206 2991 5252 et
3034 5197 3211 5267 ipsum
3239 5193 3483 5247 Verbum

1910 5300 2189 5369 accepisse
2218 5297 2429 5352 dicunt.
2480 5295 2542 5350 In
2583 5308 2915 5365 quocunque
2959 5306 3089 5346 sane
3119 5290 3235 5359 ipsa
3262 5284 3490 5357 propria

1910 5406 2145 5462 persona
2174 5400 2394 5445 carnem
2416 5402 2696 5444 assumere
2725 5385 2859 5441 velit
2893 5383 3059 5453 idque
3100 5379 3300 5444 videri,
3344 5378 3486 5448 ipse,

1913 5481 2062 5554 quod
2088 5489 2174 5538 est
2215 5481 2420 5546 carnis,
2467 5478 2678 5535 habere
2720 5474 3048 5548 reperietur.
3105 5470 3210 5528 Sed
3237 5470 3356 5525 haec
3381 5466 3491 5527 erit
