3908 6306
503 245 646 312 1639

1773 242 2086 307 'LEONTII
2123 241 2530 306 ΒΥΖΑΝἸΊΝῙ

3675 243 3806 306 16Ῑο

507 361 760 435 quaedam
800 356 1178 428 reciprocatio
1226 370 1590 428 personarum
1649 369 1706 413 et
1759 358 2080 419 nominum.

2187 356 2328 426 λαγή
2369 372 2452 418 τις
2491 353 2644 406 ἔσται
2675 351 2988 419 προσώπων
3010 351 3102 404 καὶ
3127 345 3450 420 ὀνομάτων,
3487 347 3595 401 διὰ
3647 354 3798 403 ποίαν

495 459 649 528 juxta
697 459 904 508 certam
965 449 1434 520 dispensationem
1486 467 1500 503 :
1552 450 1754 504 etenim
1804 450 1849 504 si
1903 451 2080 504 solum

496 552 648 599 certe
681 539 940 597 convenit
975 539 1179 609 majori
1223 539 1448 592 nomine
1488 539 1758 594 minorem
1790 554 2081 609 personam

497 635 762 698 exaltare,
789 631 921 702 quid
959 646 1099 700 opus
1141 637 1228 684 est
1263 631 1526 700 majorem
1556 645 1846 699 personam
1879 629 2081 683 minori

499 725 724 780 nomine
757 723 1100 792 deprimere?
1133 721 1290 775 Nulla
1333 730 1418 775 est
1448 723 1597 776 enim
1632 721 1839 775 utilitas
1870 718 2082 790 gloriﬁ-

493 827 624 873 cato
673 833 742 871 ex
799 814 1142 886 ignobilitate
1187 812 1552 884 gloriﬁcantis
1605 828 1754 866 eum.
1812 810 1924 866 Sed
1979 827 2082 866 nec

502 911 680 980 ipsum
722 908 982 971 Verbum,
1043 921 1143 961 suo
1176 905 1400 976 proprio
1443 905 1668 960 nomine
1701 920 1922 959 carnem
1967 905 2082 974 glo-

501 1003 744 1064 riﬁcans,
785 1015 854 1054 ex
908 1000 1028 1069 ejus
1081 998 1304 1052 nomine
1346 997 1575 1068 gloriam
1620 1013 1895 1067 querens,
1947 996 2078 1050 illud

499 1091 734 1161 accepit.
805 1091 1069 1156 Quasnam
1127 1088 1294 1158 igitur
1338 1099 1422 1143 est
1463 1105 1635 1144 causa
1683 1098 1868 1160 partes
1911 1087 2081 1141 advo-

497 1181 680 1244 candi,
729 1180 936 1244 dicant,
981 1179 1087 1232 nisi
1143 1186 1319 1232 totum
1359 1177 1652 1248 colligendi
1705 1177 1888 1231 ratio?
1943 1177 2080 1230 Dum

496 1287 630 1324 vero
667 1269 873 1323 frustra
901 1267 1110 1332 dicunt,
1161 1267 1345 1320 omnia
1375 1282 1506 1321 sane
1553 1282 1896 1336 quaecunque
1937 1267 2083 1320 Dens

411 1346 416 1352 ’
501 1361 741 1414 Verbum
775 1366 880 1424 est,
938 1359 1054 1412 hate
1089 1366 1146 1412 et
1195 1374 1318 1412 esse
1367 1358 1646 1411 hominem
1694 1357 1797 1426 ipsi
1839 1357 2076 1414 unitum.

500 1449 635 1502 nihil
683 1449 850 1503 Verbi
907 1447 1215 1502 tribuentes
1265 1448 1486 1502 Christo
1528 1447 1598 1502 ab
1643 1448 1737 1501 illo
1788 1457 2076 1517 θοῇσι-δια,

495 1537 775 1605 quomodo
816 1535 1025 1605 pudore
1075 1551 1185 1590 non
1249 1534 1600 1590 aﬂieientur?
1629 1535 1766 1591 Nam
1833 1535 1901 1600 si,
1939 1551 2080 1606 prte-

497 1639 582 1683 ter
633 1629 806 1698 ipsius
858 1629 1224 1683 substantiam
1269 1629 1477 1699 aliquid
1522 1638 1610 1684 est
1655 1629 1802 1684 Deus
1834 1629 2074 1684 Verbum

498 1723 646 1791 quod
698 1720 920 1775 Christo
969 1721 1384 1788 communicat,
1441 1737 1510 1776 eo
1562 1723 1684 1792 ipso
1723 1721 1936 1792 aliquid
1995 1728 2079 1776 cst

497 1812 756 1867 accidens
787 1821 995 1866 tantum
1027 1831 1038 1866 :
1074 1812 1222 1883 quod
1276 1830 1384 1867 non
1420 1830 1489 1869 ex
1537 1830 1625 1870 me
1677 1814 1838 1881 dico;
1888 1813 1984 1868 sed
2034 1813 2079 1868 si

495 1904 630 1974 quid
681 1905 734 1958 in
771 1904 891 1973 ipso
940 1919 1168 1974 prorsus
1217 1905 1476 1960 accidens
1529 1915 1775 1976 putatur,
1822 1914 2078 1961 caeterum

498 2014 608 2052 non
643 1997 750 2052 erit
777 1998 942 2051 Deus.
985 1995 1041 2052 Si
1075 2005 1258 2052 autem
1293 2006 1493 2068 praeter
1537 1999 1904 2055 substantiam
1943 1998 2081 2054 Ver-

501 2091 627 2143 bnm
658 2099 742 2142 est
775 2095 983 2141 tantum
1033 2087 1344 2158 hypostasis
1377 2089 1498 2153 Dei,
1528 2089 1635 2144 hoc
1665 2090 1827 2145 etiam
1871 2090 2077 2144 dicant.

497 2182 578 2237 Eo
626 2181 773 2251 quod
833 2195 983 2234 nunc
1033 2180 1200 2236 homo
1253 2180 1517 2236 Christus
1568 2191 1656 2238 est
1693 2197 1822 2238 cum
1875 2181 2077 2247 Verbo,

497 2272 774 2343 quomodo
797 2288 904 2325 non
950 2271 1241 2327 evidenter
1291 2273 1603 2328 secundum
1643 2273 1966 2344 hypostasin
1998 2274 2078 2328 illi

499 2366 688 2420 unitus
713 2366 840 2420 est?
885 2364 980 2421 Vel
1027 2364 1174 2418 enim
1211 2365 1356 2434 apud
1389 2365 1629 2421 Verbum
1658 2366 1820 2420 aliam
1843 2367 2078 2420 similem

503 2457 743 2512 hominis
793 2473 915 2512 esse
969 2455 1164 2512 dicunt
1219 2456 1562 2527 hypostasin,
1615 2456 1746 2512 huic
1784 2456 1988 2522 datam,
2023 2465 2081 2512 et

497 2557 666 2604 erunt
707 2548 819 2602 duo
850 2547 1050 2610 Verba,
1089 2555 1147 2601 et
1187 2545 1292 2600 ista
1311 2546 1443 2616 ,‘duo
1477 2546 1576 2612 dii,
1627 2555 1685 2600 et
1716 2545 1828 2600 duo
1868 2545 1986 2610 ﬁlii,
2023 2555 2081 2601 et

497 2640 855 2710 quaternaria
896 2647 1082 2692 sancta
1129 2635 1416 2702 Trinitas;
1462 2637 1548 2692 vel
1575 2636 1620 2692 si
1668 2637 1784 2691 haec
1821 2653 1932 2692 una
1971 2637 2078 2692 hu-

500 2747 674 2786 mana:
711 2740 923 2784 naturae
964 2728 1390 2793 communicata,
1420 2727 1474 2782 id
1504 2739 1610 2790 est,
1641 2744 1763 2784 eam
1791 2744 2080 2786 assumens

499 2824 556 2877 in
588 2821 902 2890 semetipsa,
937 2819 1249 2875 communis
1272 2828 1359 2874 est
1385 2819 1552 2875 Verbi
1582 2829 1640 2876 et
1661 2821 1844 2876 carnis
1870 2821 2077 2878 Christi

497 2913 830 2986 hypostasis,
880 2920 1030 2966 recte
1062 2925 1164 2966 nos
1202 2927 1534 2966 veneramur
1563 2911 1620 2966 in
1665 2912 1886 2968 Christo
1909 2911 2076 2969 Verbi

497 3017 555 3063 et
582 3007 767 3062 carnis
808 2989 1113 3060 secundum
1143 3002 1464 3075 hypostasin
1501 3004 1786 3060 unionem.
1817 3003 1925 3060 Sed
1958 3005 2081 3074 qui-
2108 3033 2148 3090 ο

498 3099 628 3155 dem
653 3115 740 3153 res
777 3099 849 3152 ita
876 3106 979 3153 est.

570 3193 772 3248 Verum
813 3189 1032 3246 etiamsi
1079 3204 1190 3244 non
1239 3197 1389 3244 esset
1444 3190 1552 3244 ulla
1589 3190 1900 3245 conl‘utatio
1941 3191 2079 3244 istoa-

499 3300 622 3340 rum
667 3293 1124 3355 argumentorum
1163 3281 1233 3336 ab
1277 3282 1414 3352 ipsis
1451 3282 1742 3337 allatorum
1770 3283 1825 3336 in
1850 3283 2082 3352 gratiam

502 3378 755 3446 ipsorum
807 3372 1132 3442 impietatis.
1182 3371 1464 3440 quomodo
1495 3387 1608 3425 non
1647 3371 1763 3426 sola
1805 3371 2086 3428 suﬂiceret

500 3469 570 3524 ad
602 3464 977 3535 repellendam
1003 3477 1196 3516 eorum
1224 3461 1673 3531 superstitionem
1708 3463 1799 3518 illa
1840 3480 1962 3535 quae
1993 3481 2084 3521 se-

497 3555 690 3626 quitur
719 3568 787 3607 ex
816 3553 1040 3606 illorum
1069 3551 1543 3620 propositionibus
1566 3552 1921 3609 absurditas?
1944 3553 2083 3610 Cum

501 3647 651 3702 enim
679 3659 826 3700 unus
855 3643 930 3698 sit
966 3643 1307 3714 proprietate
1345 3643 1545 3706 Filius,
1569 3651 1629 3698 ut
1669 3645 1882 3712 dicunt,
1911 3654 2090 3702 totus-

502 3755 612 3811 que
647 3749 842 3792 natura
872 3735 1046 3790 Filius
1082 3734 1203 3801 Dei,
1232 3743 1361 3789 ante
1385 3733 1668 3790 Christum
1697 3745 1753 3792 et
1781 3747 1906 3808 post
1925 3738 2089 3792 Chri-

500 3837 643 3882 stum
673 3825 882 3894 absquc
915 3839 1081 3878 carne
1105 3823 1439 3888 intellectus,
1469 3840 1572 3879 una
1590 3825 1802 3882 scilicet
1828 3827 2086 3900 hyposta-

501 3917 597 3980 sis,
613 3929 848 3984 cumque
865 3913 970 3967 alia
985 3911 1058 3967 sit
1075 3911 1386 3983 hypostasis
1403 3910 1628 3974 Christi.
1649 3922 1866 3982 totaque
1887 3923 2084 3969 natura

501 4006 675 4062 Filius
712 4002 953 4057 hominis
993 4007 1051 4056 et
1092 4001 1376 4054 incarnata
1409 4000 1646 4069 cognita,
1675 4001 1769 4054 sed
1800 4001 1973 4070 gratia
1997 4000 2084 4054 di-

501 4103 868 4176 gnationeqne
892 4111 1026 4166 pura
1049 4111 1112 4150 ac
1151 4094 1387 4164 simplici
1419 4095 1592 4148 Filius
1613 4093 1710 4147 Dei
1749 4091 1918 4156 dicta,
1947 4107 2086 4162 quo-

503 4195 664 4247 modo
694 4207 807 4245 non
857 4197 1045 4242 essent
1070 4187 1182 4241 duo
1207 4186 1300 4240 ﬁlii
1329 4187 1446 4240 istae
1473 4185 1594 4240 dum
1619 4185 1960 4255 hypostases,
1987 4199 2088 4254 per

501 4287 790 4340 distinctas
823 4281 1121 4336 tiliationes
1151 4289 1206 4334 et
1246 4279 1538 4334 distinctos
1580 4286 1763 4347 patres
1790 4276 2084 4342 distincue,

2185 446 2295 517 ἄρα
2332 445 2682 515 οἰκονομίανς
2711 445 2772 500 Ei
2809 443 2921 515 γὰρ
2963 443 3028 515 δὴ
3084 444 3248 514 μόνον
3297 443 3538 513 ὑψῶσαι
3590 442 3703 496 ἔδει

2189 536 2396 608 μείζονι
2422 536 2649 606 ὀνόματι
2671 536 2732 588 τό
2757 530 2921 606 ἧττον
2954 537 3275 606 πρόσωπον,
3309 537 3406 598 τίς
3438 537 3477 605 ἡ
3519 537 3694 604 χρεία
3713 536 3795 588 τοΞ

2183 625 2524 680 ταπεινῶσαι
2554 625 2614 678 τὸ
2646 626 2831 694 μεῖζον
2863 625 3159 696 πρόσωπον
3187 626 3270 696 τῷ
3303 626 3506 697 ἥττονι
3533 627 3793 695 ὀνόματις

2182 719 2244 772 οὑ
2281 719 2390 788 γάρ
2427 734 2513 781 τις
2530 715 2728 787 ’δνησις
2753 717 2833 786 τῷ
2863 717 3209 782 δοξασθέντι,
3242 721 3313 770 ἐκ
3341 719 3454 787 τῆς
3493 719 3602 770 τοῦ
3652 719 3792 783 5055-

2183 827 2376 872 σαντος
2407 809 2573 863 αὑτὸν
2603 807 2818 874 ἀδοξίας
2836 823 2849 836 °
2883 809 2999 860 ἀλλ’
3035 810 3160 863 οὐδὲ
3188 811 3356 874 αὑτὸς
3384 814 3418 862 ὁ
3455 811 3702 875 δοξάσις
3723 812 3790 880 τῷ

2185 904 2302 973 ἰδίῳ
2317 902 2545 972 ὀνόματι
2568 899 2666 970 τὴν
2691 901 2871 972 σάρκα
2895 903 3089 969 Λόγος,
3120 902 3282 972 δόξης
3309 903 3594 973 δεόμενος
3621 907 3685 957 ὲκ
3706 906 3788 957 ττῦ

2181 995 2447 1064 ὀνόματος
2471 992 2642 1061 αὐτῆς
2671 992 2831 1045 τοῦτο
2862 993 3159 1064 μετείληφε
3177 1011 3195 1027 ο
3213 997 3302 1058 τίς
3321 994 3430 1047 οὖν
3456 997 3494 1064 ἡ
3519 996 3678 1050 αἰτία
3700 997 3789 1065 τξς

2185 1083 2576 1154 μετακλήσεως
2607 1083 2716 1136 τῶν
2749 1085 2959 1155 μερῶν,
2990 1087 3221 1149 εἴποιεν,
3249 1088 3305 1138 εί
3344 1087 3430 1158 μὴ
3457 1089 3491 1140 6
3520 1088 3758 1156 λόγοςτί
3759 1107 3786 1150 ς

2179 1175 2272 1228 τοῦ
2309 1175 2432 1228 ὅλου
2466 1174 2810 1240 συνθέσεωςς
2853 1177 2912 1227 ὲν
2946 1175 3005 1228 δὲ
3036 1177 3117 1248 τῷ
3143 1177 3337 1244 λέγειν
3372 1178 3598 1242 αὐτοὺς
3635 1179 3780 1248 εἰκῆ,

2181 1265 2262 1318 ὅτι
2295 1265 2426 1331 Ναὶ,
2457 1265 2636 1318 πάντα
2680 1267 2783 1320 ὅσα
2806 1267 2953 1318 ἐστὶν
2980 1269 3008 1320 ὁ
3035 1267 3173 1330 Θεὸς
3197 1269 3384 1336 Λόγος
3411 1309 3429 1332 ,
3469 1271 3599 1322 ἐστὶ
3643 1269 3731 1322 καὶ
3758 1272 3784 1320 6

2181 1358 2406 1420 tmen;
2430 1357 2580 1427 ἀύτῴ
2602 1357 2910 1428 ἄνθρωπος,
2939 1359 3108 1428 μηδὲν
3139 1357 3237 1412 τοῦ
3269 1359 3467 1426 Λόγου
3519 1358 3785 1420 Bibe-39:1;

2180 1447 2405 1520 Χριστῷ
2425 1448 2914 1518 διακεχωρισμένῳ
2959 1449 3126 1502 αὑτοῦ
3151 1491 3168 1514 ,
3224 1449 3352 1515 πῶς
3401 1452 3650 1515 ἑαυτοὺς
3696 1453 3784 1503 οὑκ

2180 1541 2656 1612 ἐντραπήσονταις
2687 1543 2736 1593 εἰ
2765 1541 2872 1612 γὰρ
2901 1540 3016 1595 ἔστι
3042 1559 3097 1594 τι
3125 1545 3153 1596 ὁ
3175 1541 3318 1605 Θεὸς
3339 1543 3533 1609 Λόγος
3561 1543 3700 1614 πρὶς
3725 1545 3780 1611 τῇ

2167 1619 2340 1702 ὀὐσίᾳ
2371 1630 2540 1684 αὑτοῦ
2565 1631 2594 1684 δ
2623 1631 2947 1700 μεταδίδωσι
3002 1633 3228 1704 Χριστῷ
3249 1673 3266 1697 ,
3328 1650 3394 1685 συ
3407 1633 3700 1704 μεεσηκός
3737 1650 3782 1686 τι

3585 1725 3780 1778 mei

2183 1815 2242 1866 ἐν
2275 1812 2425 1884 αὐτῷ
2453 1813 2590 1877 ὅλως
2622 1813 2973 1884 συμϐεϐηκός
3013 1831 3066 1867 τι
3088 1818 3322 1880 νοεῖται,
3357 1818 3428 1870 οὑ
3457 1817 3605 1880 Θεδς
3641 1817 3780 1869 ἔσται

2183 1903 2369 1957 λοιπόν
2395 1919 2408 1933 ·
2451 1905 2509 1970 εἰ⁸
2533 1903 2591 1956 δὲ
2620 1904 2924 1966 ὑπόστασις
2975 1905 3093 1957 ἐστι
3128 1904 3270 1958 Θεοῦ
3317 1907 3471 1974 πρὸς
3525 1911 3595 1978 τῇ
3633 1908 3778 1976 οὐσίᾳ

2187 1996 2349 2066 μόνον
2370 1997 2398 2049 6
2428 1995 2621 2064 Λόγος,
2669 1998 2762 2050 καὶ
2791 1995 2952 2050 τοῦτο
2997 1998 3204 2052 εἴποιεν
3230 2015 3244 2029 ·
3271 1999 3364 2053 ὃτι
3387 2000 3494 2053 καὶ
3524 2003 3555 2052 ό
3582 1999 3778 2070 ἂνθρω-

2184 2105 2286 2150 πος
2315 2086 2551 2158 Χριστός
2573 2088 2690 2140 ὲστι
2710 2087 2804 2140 νῦν
2823 2090 2920 2142 σὺν
2943 2088 3024 2160 τῷ
3051 2089 3233 2159 Λόγῳ,
3263 2091 3390 2154 πῶς
3411 2093 3482 2144 οὑ
3505 2092 3634 2144 καθ’
3657 2093 3780 2144 ὑπό-

2184 2195 2372 2232 στασιν
2415 2178 2624 2250 ἥνωται
2669 2177 2820 2249 αὐτῷ
2870 2180 3092 2249 σαφῶςς
3127 2181 3160 2252 ἢ
3201 2181 3316 2254 γὰρ
3371 2183 3555 2254 ἄλλην
3597 2184 3778 2253 ὁμοίαν

2183 2269 2482 2324 ὑπόσταοίν
2515 2285 2648 2338 φασι
2677 2269 2771 2322 τοῦ
2799 2270 3092 2340 ἀνθρώπου
3115 2274 3262 2326 κατὰ
3290 2275 3390 2326 τὸν
3411 2275 3599 2342 Λόγον
3645 2273 3774 2328 εἶναι

2179 2361 2280 2430 τὴν
2308 2360 2553 2415 δοθεῖσαν
2585 2360 2756 2430 αὐτῷ,
2779 2364 2872 2415 καὶ
2899 2363 2992 2416 δύο
3018 2364 3169 2432 λόγοι
3195 2361 3308 2418 εἷεν
3337 2407 3354 2426 ,
3393 2367 3498 2420 καὶ
3527 2367 3626 2423 δύο
3667 2367 3773 2419 θεοὶ

2180 2444 2350 2515 οὗτοι,
2382 2453 2476 2504 καὶ
2504 2451 2610 2503 υἱοὶ
2641 2451 2754 2512 δύο,
2785 2453 2882 2506 καὶ
2917 2455 3116 2525 τετρὰς
3160 2457 3194 2525 ὴ
3239 2457 3380 2524 ἁγία
3411 2459 3627 2529 Τριᾶς-
3662 2461 3694 2530 ﬁ
3729 2464 3772 2513 εἰ

2181 2541 2320 2613 αὕτη
2357 2543 2458 2613 μία
2499 2542 2852 2613 μεταδοθεῖσα
2867 2548 2932 2617 τῇ
2955 2547 3200 2621 φύσειτῇ
3233 2551 3593 2625 avom-meta.
3617 2555 3770 2623 ἦγον-θ

2183 2631 2689 2704 συμπαραλαϐοῦσα
2704 2635 2762 2688 ὲν
2779 2636 2976 2707 ἑαυτῇ,
3011 2639 3165 2709 κοινή
3203 2643 3321 2692 ἐστι
3353 2640 3453 2693 τοῦ
3484 2643 3664 2710 Λόγου
3687 2645 3770 2694 καὶ

2179 2727 2279 2796 τῆς
2312 2726 2514 2799 σαρκὸς
2549 2727 2789 2796 Χριστοῦ
2823 2728 3162 2794 ὑπόστασις,
3206 2731 3391 2800 ὀρθῶς
3445 2732 3684 2802 σέϐομεν
3719 2735 3770 2785 ἒν

2179 2818 2404 2887 Χριστῷ
2435 2819 2535 2888 τὴν
2561 2820 2686 2872 καθ’
2722 2820 3019 2874 ὑπόστασιν
3051 2821 3143 2874 τοῦ
3174 2823 3356 2890 Λόγου
3390 2825 3493 2877 καὶ
3521 2825 3624 2894 τῆς
3653 2840 3772 2894 εαρ-

2183 2908 2276 2972 κὺς
2309 2909 2506 2964 ἕνωσιν
2530 2912 2692 2982 ἡμεῖς
2731 2928 2747 2942 ο
2787 2911 2898 2964 ἀλλ’
2923 2911 3101 2977 οὕτως
3140 2913 3243 2982 μὲν
3272 2914 3427 2969 τάδε.

2185 1721 2305 1774 κατ’
2336 1721 2514 1774 έκεῖνο
2540 1721 2702 1792 μόνον
2733 1723 2904 1786 ἐστὶν,
2931 1723 2992 1776 οὑ
3021 1722 3167 1791 λέγω
3200 1720 3298 1778 οὖν
3325 1725 3509 1788 αὑτός
3537 1741 3553 1755 ·

2256 3176 2322 3231 ΕΞ
2349 3177 2407 3231 δὲ
2431 3178 2525 3232 καὶ
2547 3177 2621 3249 μὴ
2647 3175 2714 3250 ἦν
2756 3197 2838 3244 τις
2877 3181 3160 3256 ἀνατροπὴ
3189 3185 3364 3240 τῶνδε
3401 3187 3518 3242 τῶν
3555 3192 3772 3262 εἰρημέ-

2185 3283 2293 3321 νων
2329 3267 2514 3332 αὑτοῖς
2543 3267 2966 3338 πειθανοὶργιῶν
2998 3273 3141 3345 ὑπὲρ
3166 3275 3268 3344 τῆς
3288 3277 3480 3330 αὐτῶν
3500 3281 3771 3344 ἀσεὸεξις.

2187 3358 2306 3421 πῶς
2335 3358 2435 3412 οὑκ
2469 3359 2694 3430 ἀρκέσει
2738 3364 2832 3414 καὶ
2881 3364 3016 3434 μόνη
3073 3365 3211 3436 πρὸς
3259 3369 3632 3443 ama-emt,
3679 3375 3772 3442 τῆς

2186 3455 2307 3508 κατ’
2331 3455 2528 3518 αὐτοὺς
2551 3455 2979 3528 δεισιδαιμονίας
3005 3463 3038 3530 ἡ
3063 3462 3307 3534 ἑπομένη
3357 3468 3478 3528 τοῖς
3517 3468 3650 3540 παρ’
3678 3472 3770 3523 αὖα

2185 3544 2294 3598 τῶν
2325 3543 2558 3615 Θέμασιν
2587 3547 2829 3614 ἀτοπίας
2863 3550 2982 3612 ἑνὸς
3009 3552 3118 3622 γὰρ
3165 3552 3298 3606 Υίοῦ
3330 3555 3488 3620 ὄντος
3528 3559 3655 3630 ἰδίᾳ,
3701 3559 3772 3621 ὥς

2186 3652 2370 3702 φασιν,
2404 3637 2528 3690 ὅλου
2557 3654 2616 3690 τε
2645 3637 2806 3706 φύσει
2836 3640 2968 3693 Υίοῦ
2997 3642 3094 3694 τοῦ
3126 3642 3286 3709 Θεοῦ,
3317 3648 3432 3716 πρὸ
3457 3649 3697 3719 Χριστοῦ
3719 3667 3770 3704 τε

2188 3729 2282 3781 καὶ
2317 3729 2456 3798 μετὰ
2491 3730 2724 3800 Χριστὸν
2758 3733 3014 3804 ἀσάρκως
3052 3737 3370 3806 νοουμένου,
3425 3741 3604 3810 {no-4y
3651 3745 3770 3813 Wa;

2187 3821 2539 3887 ὑποστάσεως
2565 3863 2580 3886 ,
2613 3825 2704 3877 καὶ
2732 3825 2922 3895 ἑτέρας
2961 3827 3314 3894 ὑποστάσεως
3354 3834 3461 3902 τῆς
3501 3835 3602 3888 τοῦ
3643 3837 3769 3908 Χρε-

2191 3912 2339 3977 στοῦ,
2364 3914 2492 3984 ὅλης
2521 3931 2581 3968 τε
2610 3915 2769 3984 φύσει
2805 3917 2932 3971 Υἱοῦ
2955 3920 3245 3987 ἀνθρώπου
3275 3924 3371 3976 καὶ
3392 3927 3668 3996 ἐνσάρκου
3691 3946 3768 3995 για

2188 4003 2560 4074 νωσκομένης,
2596 4007 2780 4078 χάριτι
2801 4007 2858 4060 δὲ
2883 4011 2976 4061 καὶ
2999 4009 3126 4081 δόξῃ
3151 4011 3282 4084 ψιλῇ
3313 4015 3454 4084 μόνῃ
3475 4016 3767 4086 λεγομένης

2189 4092 2487 4146 ΥἱοῦΘεοῦ
2513 4135 2529 4161 ,
2568 4096 2684 4160 πῶς
2713 4098 2774 4150 οὐ
2813 4099 2907 4153 δύο
2949 4101 3058 4154 υἱοὶ
3087 4097 3197 4155 εἷεν
3227 4105 3286 4155 ai
3314 4104 3412 4158 δύο
3446 4107 3766 4169 ὑποστάσεις

2187 4181 2348 4240 αὗται
2370 4186 2619 4258 διάφοροί
2650 4206 2708 4241 τε
2732 4191 2827 4242 καὶ
2847 4191 2939 4244 ἐπὶ
2958 4192 3234 4264 διασόροις
3252 4196 3526 4266 υἱότησιν,
3548 4204 3646 4252 καὶ
3669 4202 3766 4254 ἀπὸ

2187 4278 2460 4352 διαφόρων
2493 4283 2700 4337 τοκέων
2722 4326 2737 4347 ,
2772 4286 2866 4338 καὶ
2919 4287 3278 4358 διωρισμένοι
3308 4293 3374 4360 τῇ
3409 4293 3648 4364 ὑπάρξει
3681 4297 3762 4348 καὶ

442 4431 449 4437 ,
499 4383 556 4430 et
577 4372 918 4429 subsistendi
945 4371 1108 4426 modo
1130 4371 1358 4439 locoque
1384 4384 1602 4438 semper
1627 4367 1913 4422 discretae?
1936 4367 2082 4434 Qua-

2190 4371 2340 4442 τόπῳ
2370 4372 2490 4439 ἁεί;
2516 4366 2591 4424 ὧν
2614 4375 2662 4426 εἰ
2690 4373 2788 4443 μὲν
2810 4377 2909 4446 τὴν
2940 4377 3099 4444 φύσει
3131 4379 3285 4432 θείαν
3311 4383 3760 4452 προσκυνοῦντες.

505 4480 621 4516 rum
643 4460 931 4530 siquidem
953 4475 1116 4513 unam
1133 4467 1331 4512 natura
1353 4459 1596 4512 divinam
1621 4465 1972 4521 venerantes,
2004 4458 2088 4510 al-

503 4563 675 4607 teram
707 4563 791 4605 est
819 4550 1346 4605 consubstantialem
1396 4549 1504 4604 sibi
1551 4548 1854 4603 diﬂitentur
1890 4547 2086 4611 Judzri,

499 4644 704 4701 Christi
727 4642 1031 4695 adversarii
1055 4641 1327 4694 manifesti
1359 4652 1563 4707 erunt;
1588 4639 1838 4696 dicentes
1860 4651 1917 4696 ct
1941 4641 2043 4710 ipsi
2072 4658 2086 4694 :

508 4757 524 4786 ι
553 4737 784 4804 Propter
808 4734 1017 4788 nullum
1031 4733 1235 4786 bonum
1254 4748 1395 4802 opus
1417 4733 1726 4800 Iapidamus
1746 4741 1818 4795 te,
1843 4733 1936 4789 scd
1959 4733 2090 4804 quia

505 4834 560 4877 tu
594 4823 756 4876 homo
771 4835 897 4876 cum
919 4820 1017 4885 sis,
1041 4821 1178 4876 facis
1198 4821 1545 4892 temetipsum
1568 4821 1765 4876 Filium
1794 4823 1910 4876 Dei.
1934 4842 1953 4874 ι
1982 4822 2090 4877 Sed

500 4926 556 4970 et
580 4915 624 4970 si
655 4917 814 4969 istam
845 4924 906 4969 ut
932 4915 1104 4969 Deum
1131 4895 1384 4978 adorant,
1420 4929 1583 4984 quam
1611 4914 1957 4968 solummodo
1983 4914 2090 4968 hu-

504 5023 720 5062 manam
754 5016 1061 5078 agnoscunt
1089 5021 1212 5061 esse
1247 5017 1522 5068 naturam.
1552 5005 1727 5062 Graeci
1755 5006 2086 5076 produntur,

501 5108 810 5154 creaturam
841 5100 964 5153 loco
1000 5099 1280 5153 Creatoris
1303 5099 1622 5162 adorantes,
1654 5098 1950 5168 reipsaqne
1980 5098 2091 5169 An-

502 5189 880 5257 thropolatrx,
921 5195 976 5241 ct
1023 5187 1446 5256 quaternionem
1479 5187 1792 5241 divinarum
1825 5187 2088 5256 hyposta-

500 5293 632 5334 seen
653 5295 719 5334 ex
750 5279 926 5333 tribus
964 5279 1532 5334 consubstantialibus
1549 5288 1605 5334 et
1628 5293 1735 5332 una
1757 5277 2086 5347 alienigena,

501 5369 922 5424 constituentes.
970 5371 1034 5422 lat
1060 5385 1168 5423 non
1191 5369 1414 5424 dicant:
1441 5369 1744 5424 Voluntate
1781 5368 1874 5422 Dei
1910 5368 2090 5422 homi-

503 5477 628 5517 nem
660 5461 942 5517 Christum
965 5461 1283 5516 adoramus.
1319 5461 1424 5518 Ubi
1460 5462 1611 5516 enim
1643 5461 1957 5516 docuerunt
1990 5476 2088 5515 nos

502 5552 689 5606 divina
725 5555 947 5608 oracula
975 5553 1253 5608 hominem
1281 5564 1340 5609 ut
1363 5555 1534 5608 Deum
1563 5555 1834 5609 addrare?
1860 5556 1920 5608 At
1957 5571 2087 5609 vero

510 5656 622 5698 non
653 5653 735 5697 est
765 5645 918 5698 locus
940 5663 1047 5718 quo
1068 5646 1252 5702 divina
1280 5646 1562 5724 Scriptura
1600 5661 1710 5704 non
1737 5661 1924 5719 arguat
1953 5649 2088 5703 tates

2191 4463 2293 4532 τὴν
2325 4463 2521 4535 ἑτέραν
2545 4465 2619 4528 ὡς
2648 4467 2932 4536 όμοοὺσιον
2959 4470 3173 4535 ἑαυτοῖς
3213 4473 3760 4544 ἀποπροσποιοῦνται,

2204 4553 2442 4624 Ἐὀραῖοι
2465 4557 2658 4622 σαφεῖς
2684 4553 2795 4608 εἷεν
2825 4558 3182 4630 ἀντίχριστοι·
3203 4561 3461 4630 λέγοντες
3489 4566 3590 4619 καὶ
3601 4566 3759 4620 αὐτοὶ·

2139 4703 2147 4714 ι
2197 4664 2217 4695 ι
2244 4645 2380 4714 Περὶ
2411 4645 2578 4699 καλοῦ
2612 4647 2773 4718 ἔργου
2811 4649 2873 4702 οὑ
2905 4649 3198 4721 λιθάζομέν
3219 4669 3302 4718 σε,
3329 4655 3448 4708 ἀλλ’
3476 4659 3563 4708 ὅτι
3591 4659 3654 4710 σὺ
3676 4659 3760 4711 ἇν-

2193 4735 2408 4800 Θρωπος
2434 4735 2722 4800 ὣν,ποιεῖς
2745 4738 2936 4794 ἑαυτὸν
2964 4741 3092 4795 Υίὺν
3116 4742 3252 4796 Θεοῦ
3272 4761 3288 4774 ο
3317 4762 3336 4796 ι
3361 4747 3411 4798 εἰ
3438 4745 3496 4798 δὲ
3521 4749 3624 4802 καὶ
3646 4748 3765 4800 23:3-

2190 4843 2291 4896 την
2315 4825 2392 4888 ὡς
2421 4825 2556 4880 Θεὸν
2601 4827 2878 4894 σέϐουσιν,
2929 4832 2996 4900 ἢν
3039 4833 3200 4902 μόνον
3232 4834 3591 4907 ἀνθρωπίνην
3636 4834 3764 4890 εἶναι

2191 4917 2355 4986 φύσιν
2385 4917 2766 4988 γινώσκουσιν,
2793 4922 3053 4992 Ἕλληνες
3083 4925 3340 4996 πρόδηλοι
3363 4927 3650 4998 σεϐόμενοι
3681 4929 3764 4996 τὴν

2191 5009 2369 5062 κτίσιν
2401 5011 2554 5080 παρὰ
2588 5012 2682 5064 τὸν
2712 5013 2996 5079 κτίσαντα,
3053 5015 3151 5068 καὶ
3207 5016 3380 5081 ὅντως
3417 5019 3764 5090 evaganti.

2190 5117 2337 5170 τραι,
2363 5102 2459 5154 καὶ
2497 5104 2732 5173 τετράδα
2765 5106 3124 5170 συνιστῶντες
3166 5107 3327 5160 Θείων
3376 5109 3728 5164 ὑποστὰσεων
3749 5153 3762 5175 ,

2189 5190 2254 5241 ὲκ
2283 5189 2452 5260 τριῶν
2499 5191 2802 5261 ὀμοουςέων
2837 5193 2932 5245 καὶ
2969 5195 3098 5263 μιᾶς
3131 5195 3479 5266 ἑτεροουσίου
3506 5213 3520 5226 ο
3554 5197 3651 5249 καὶ
3677 5200 3764 5248 οἰκ

2188 5281 2413 5346 εἴποιεν,
2457 5284 2540 5336 ὅτι
2585 5283 2744 5336 Ἀ).λὰ
2773 5283 3024 5356 βουλήσει
3051 5285 3188 5340 Θεοῦ
3218 5287 3308 5339 τὸν
3336 5287 3629 5358 ἄνθρωπον
3648 5289 3766 5350 Ips-

2191 5373 2314 5426 στὸν
2343 5375 2757 5444 προσκυνοῦμεν
2778 5391 2790 5404 ·
2817 5375 2922 5429 ποῦ
2954 5377 3066 5445 γὰρ
3087 5373 3242 5430 εἶπεν
3267 5380 3400 5448 ἡμῖν
3427 5381 3499 5432 τὰ
3530 5379 3654 5433 θεῖα
3675 5379 3764 5432 Λό-

2188 5482 2303 5532 για,
2357 5469 2684 5532 προσκυνεῖν
2733 5469 2890 5540 ἀνδρὶ
2919 5469 2997 5532 ὡς
3044 5470 3202 5539 Θεῷς
3248 5471 3367 5525 ἀλλ’
3394 5473 3508 5527 οὐδ’
3539 5473 3686 5526 ἐστιν
3711 5465 3763 5524 ὥ

2191 5555 2264 5626 μὴ
2298 5556 2569 5626 ἐγκαλεῖή
2601 5556 2732 5623 ἁγία
2763 5555 2950 5627 Γραφὴ
2978 5561 3092 5618 τοῖς
3125 5561 3357 5613 τοιοῖσδε
3383 5576 3398 5590 ·
3444 5562 3544 5614 καὶ
3571 5578 3762 5632 παρετ.

2187 5649 2314 5719 γυᾷ,
2340 5648 2422 5700 ὃτι
2451 5666 2466 5696 ι
2499 5647 2777 5720 Κυρίῳτῷ
2798 5648 2912 5718 Θεῷ
2935 5665 3029 5702 σου
3053 5654 3488 5724 προσκυνήσεις,
3516 5654 3612 5708 καὶ
3635 5649 3760 5721 τις.τῇ
