3908 6306
198 296 329 361 1611

1120 288 1516 359 ADVERSUS
1552 286 2171 355 NESTORI'ANOSr-
2212 288 2357 358 LIB.
2406 297 2516 356 lIT.

3310 282 3444 347 liii!

199 413 349 481 μόνῳ
367 407 683 479 λατρεύσεις
708 423 721 437 ο
755 426 773 458 ι
803 407 916 460 ἀλλ’
948 406 1146 476 ἴδωμεν
1174 408 1363 477 ἑξῆςτί
1379 409 1471 461 καὶ
1494 407 1629 478 πρὸς
1646 408 1768 459 τάδε
1799 440 1810 465 λ

1916 405 2193 461 doratores
2249 418 2304 461 et
2362 410 2612 462 clamet:
2671 424 2688 457 ι
2723 402 3013 459 Dominum
3070 399 3241 453 Deum
3291 410 3444 453 tuum

197 498 593 568 ἀπολογοῦνται
616 498 666 551 oi
709 497 993 567 βέλτιστοι.

766 781 994 842 ΚΕΦΑΑ
1006 829 1017 841 .
1079 786 1220 842 Θδ-Ρ,

269 878 337 935 Εἰ
360 882 486 944 τοὺς
509 881 604 935 δύο
632 881 802 944 υἱοὺς,
826 881 981 950 φησὶ,
1012 879 1154 933 κατὰ
1176 878 1337 948 φύσιν
1359 866 1616 946 ἐλέγομεν
1638 863 1777 927 εἶναί

203 975 271 1027 tt
305 973 397 1027 τοῦ
434 972 593 1035 Θεοῦ,
630 970 663 1041 ἢ
693 973 860 1041 ἄμφω
892 970 1031 1023 κατὰ
1069 970 1257 1041 χάριν,
1281 967 1451 1029 ὅντως
1491 964 1673 1028 καλῶς
1713 962 1779 1016 ἂν

205 1065 341 1132 ἡμῖν
396 1061 488 1115 δύο
535 1060 716 1129 λέγειν
767 1060 916 1123 υἱοὺς
954 1058 1092 1112 Θεοῦ
1128 1059 1388 1129 συνήγετε
1418 1073 1432 1088 ο
1464 1057 1615 1118 υἱοὺς
1673 1056 1781 1124 γὰρ

202 1151 363 1222 δύο
390 1151 605 1215 πλείους
635 1149 938 1222 τηνικαῦτα
959 1148 1109 1215 λέγει
1149 1149 1182 1217 ἡ
1213 1149 1343 1216 ἁγία
1373 1146 1584 1216 Γραφὴ,
1618 1146 1783 1216 ἡνίκα

205 1246 275 1297 ἐκ
302 1241 396 1295 τοῦ
427 1242 594 1295 αὑτοῦ
618 1242 808 1310 εἴησαν
844 1242 1047 1303 πάντες
1072 1242 1122 1292 οι
1153 1237 1653 1309 συναριθμούμενοι
1686 1238 1781 1291 καὶ

209 1333 354 1388 κατὰ
371 1334 462 1388 τὸν
483 1334 643 1387 αὐτὸν
672 1334 829 1400 λόγον
857 1332 952 1385 καὶ
982 1332 1183 1401 τρόπον
1218 1346 1232 1362 ο
1268 1330 1366 1383 εἴτ’
1411 1326 1505 1382 οὖν
1540 1327 1700 1395 φύσει
1749 1324 1784 1396 ἢ

207 1424 361 1477 θέσει
388 1425 553 1493 ἄμφω
574 1422 931 1493 γεγενημένοι
960 1421 1130 1491 αὐτῷ,
1185 1417 1327 1473 ὥστε
1376 1420 1471 1473 καὶ
1524 1418 1787 1486 ἀδελφοὺς

212 1518 411 1581 αὐτοὺς
446 1517 691 1583 ἀλλήλων
727 1514 989 1569 δύνασθαι
1036 1513 1214 1581 λέγειν
1244 1529 1257 1542 ο
1286 1510 1462 1573 οὕτως
1510 1510 1644 1578 γοῦν
1696 1506 1788 1562 καὶ
1834 1511 1838 1515 “

214 1609 432 1677 εἴρηται
466 1608 500 1677 ἡ
529 1607 730 1676 Μήτηρ
763 1605 873 1657 τῶν
890 1603 983 1656 δύο
1016 1604 1146 1657 υῑῶν
1166 1601 1453 1656 Ζεϐεδαίου
1475 1615 1490 1630 ⁸
1522 1598 1616 1653 καὶ
1640 1599 1698 1650 ὲν
1722 1599 1787 1667 τῇ

214 1696 454 1749 Γενέσειο
484 1693 573 1762 Τῷ
599 1693 655 1747 δὲ
701 1693 898 1762 Ἰωσὴφ
920 1693 1168 1759 ἐγένοντο
1198 1691 1304 1743 υἱοὶ
1331 1688 1444 1743 666'
1480 1689 1575 1741 καὶ
1607 1706 1626 1739 ι
1654 1681 1788 1739 Eine

1879 497 2136 553 adorabis
2180 508 2237 553 et
2294 499 2368 552 illi
2425 499 2524 553 soli
2574 496 2784 552 servies
2808 496 2874 548 ⁸⁸.

1881 590 2165 645 videamus
2216 590 2350 661 quid
2399 592 2463 646 ad
2521 591 2636 645 haec
2680 589 2913 658 allegent
2960 586 3048 639 isti
3102 580 3449 637 reverendis~

1876 679 2027 733 siml.

2915 514 2932 545 ι
2989 491 3093 548 Sed
3145 508 3211 546 ex
3254 489 3447 545 ordine

2475 789 2626 845 CAP.
2670 778 2836 843 πεδί.

1955 878 2013 936 Si
2048 878 2187 936 duos
2223 880 2384 946 ﬁlios,
2415 882 2696 950 inquiunt,
2730 880 3062 937 diceremus,
3100 892 3165 929 ex
3197 874 3307 929 Deo
3330 888 3451 928 esse

1886 970 2190 1025 secundum
2233 981 2487 1026 naturam
2530 971 2615 1026 vel
2665 968 2827 1025 ambo
2861 968 3161 1023 secundum
3199 968 3451 1036 gratiam.

1887 1066 2035 1113 recte
2064 1058 2287 1128 Quidem
2316 1068 2418 1115 nos
2448 1060 2588 1114 duos
2621 1059 2804 1114 dicere
2839 1056 2983 1112 ﬁlios
3027 1055 3121 1109 Dei
3154 1053 3452 1109 inferretis.

1889 1144 2036 1204 Duos
2083 1149 2232 1204 enim
2268 1150 2350 1205 vel
2392 1151 2582 1219 plures
2626 1149 2766 1205 ﬁlios
2805 1158 2935 1203 tunc
2990 1147 3124 1202 dicit
3170 1145 3456 1215 Scriptura

1891 1256 2067 1305 sacra,
2120 1256 2246 1295 cum
2293 1256 2360 1297 ex
2400 1236 2593 1297 eodem
2646 1252 2776 1297 sunt
2812 1256 3004 1296 omnes
3048 1238 3160 1300 isti,
3203 1253 3313 1292 uno
3338 1251 3459 1291 ser-

1892 1346 2053 1385 mone
2078 1330 2381 1401 eodemque
2430 1333 2593 1386 modo
2638 1330 3040 1393 connumerati,
3076 1330 3196 1383 sive
3242 1335 3457 1383 natura.

1893 1420 2010 1473 sive
2059 1416 2355 1488 adoptione
2393 1420 2503 1473 sint
2543 1420 2708 1474 ambo
2740 1420 2920 1474 eidem
2964 1417 3232 1491 generali,
3275 1417 3349 1470 ita
3401 1423 3465 1468 ut

1894 1508 2093 1564 fratres
2126 1525 2272 1564 unus
2298 1511 2439 1564 alius
2467 1508 2573 1565 dici
2606 1516 2830 1579 queant.
2863 1508 2939 1563 lta
2963 1508 3184 1578 quidem
3218 1505 3461 1559 dicitur:

1898 1596 2071 1655 Mater
2126 1597 2361 1655 duorum
2408 1594 2659 1656 Zebedzei
2709 1601 2976 1663 ﬁliorum;
3028 1609 3084 1655 et
3130 1600 3183 1653 i'n
3215 1596 3463 1653 Genesi:

1897 1683 2099 1761 Ioseph
2145 1701 2326 1747 autem
2376 1702 2534 1747 erant
2566 1693 2675 1746 duo
2709 1692 2802 1747 ﬁlii
2837 1710 2849 1744 :
2898 1693 2965 1746 Et
2996 1708 3008 1745 :
3048 1710 3065 1742 ι
3100 1690 3245 1744 Dixit
3272 1687 3468 1744 Ruben

224 1779 456 1853 Ῥουόὶμ
485 1758 562 1853 τῶ
598 1782 765 1852 πατρὶ
792 1758 857 1834 αῦ
870 1758 995 1833 τοῦ·
1037 1780 1178 1842 Τοὺς
1206 1776 1302 1831 δύο
1346 1775 1493 1839 υἱούς
1527 1791 1631 1845 μου
1660 1774 1795 1827 61:6-

1916 1779 2039 1833 )atri
2073 1794 2172 1834 suo
2199 1797 2212 1833 :
2246 1777 2395 1837 Duos
2426 1780 2566 1835 ﬁlios
2601 1796 2754 1836 meos
2782 1779 2943 1834 morti
2982 1779 3167 1859 trade,‘
3183 1778 3227 1832 si
3258 1793 3367 1832 non
3399 1776 3468 1829 ad

217 1892 451 1941 κτεινον,
487 1876 583 1927 ἐὰν
616 1874 690 1943 μὴ
718 1873 912 1940 ἀγάγω
943 1871 1107 1925 αὑτὸν
1134 1870 1273 1941 πρὸς
1299 1870 1380 1931 σὲ,
1413 1866 1658 1919 τουτέστι
1700 1863 1792 1915 τὸν

221 1962 499 2033 Βενιαμίν·
525 1981 545 2012 ι
575 1965 669 2015 καὶ
698 1961 846 2031 παρὰ
859 1958 1257 2030 τῷἈποστόλῳ
1285 1956 1447 2010 πάλιν
1462 1954 1795 2022 γέγραπται.

226 2076 245 2106 ι
274 2056 395 2109 Ὅτι
410 2052 660 2124 Ἀϐραὰμ
675 2051 767 2104 δύο
784 2053 930 2114 υἱοὺς
948 2050 1124 2121 ἔσχεν
1151 2068 1170 2101 ›
1198 2048 1325 2102 ἔνθα
1338 2043 1430 2102 οῦν
1444 2047 1537 2099 δύο
1557 2046 1591 2116 ἢ
1616 2042 1801 2097 πολλοὶ

218 2148 346 2208 υἱοὶ,
379 2145 473 2199 xui.
500 2144 717 2211 ἀδελφοὶ
740 2143 1006 2214 εἴρηνται,
1027 2142 1120 2194 καὶ
1133 2141 1497 2212 πρωτοτόκια,
1521 2138 1615 2190 καὶ
1640 2137 1798 2188 ὑστε-

223 2239 445 2309 ροτόκια
477 2237 697 2304 λέγεται
755 2235 830 2298 ὡς
879 2237 937 2288 ὲν
986 2232 1156 2287 Ἠσαῦ
1193 2232 1289 2287 καὶ
1332 2230 1527 2286 ’ἰακῶῦ
1572 2246 1585 2259 ⁸
1628 2230 1677 2281 εἰ
1708 2227 1801 2280 οὖν

221 2329 384 2398 φύσει
416 2328 506 2380 τόν
532 2343 591 2378 τε
609 2326 781 2393 Λόγον
809 2326 903 2378 καὶ
927 2326 1018 2376 τὸν
1043 2324 1275 2394 Χριστὸν
1299 2322 1507 2392 ἔφημεν
1535 2322 1599 2373 ὲκ
1629 2317 1791 2380 Θεοῦ,

220 2419 257 2489 ὴ
290 2417 468 2487 χάριτι
493 2415 659 2484 ἄμφω
694 2414 875 2474 καλῶς
902 2413 968 2466 ἂν
1010 2411 1318 2481 έλογίζεσθε
1348 2412 1523 2481 ἡμᾶς’
1548 2409 1656 2463 ἔδει
1678 2410 1787 2476 γὰρ
1852 2408 1857 2411 ’

226 2509 320 2560 καὶ
346 2506 603 2573 ἀδελφοὺς
624 2503 875 2571 λέγεσθαι
902 2504 1100 2564 αὐτοὺς
1126 2502 1219 2555 δύο
1244 2502 1424 2566 ὄντας,
1454 2501 1548 2555 καὶ
1576 2501 1801 2568 θάτερον

227 2600 571 2672 πρωτότοκον
602 2601 694 2652 καὶ
728 2597 1099 2667 πρεσϐύτερον
1125 2591 1265 2649 εἶναι
1290 2637 1303 2659 ,
1335 2596 1493 2660 εἴπερ
1538 2596 1611 2666 μὴ
1658 2593 1798 2647 δίδυ-

231 2710 321 2762 μοι
343 2709 356 2720 ·
386 2694 435 2745 εἰ
466 2691 521 2744 δὲ
551 2693 577 2744 6
618 2692 715 2758 μὲν
746 2690 916 2754 θέσει,
956 2690 984 2741 6
1014 2689 1069 2741 δὲ
1103 2689 1265 2758 φύσει
1298 2689 1446 2753 ἐστὶ,
1482 2692 1575 2741 καὶ
1608 2690 1795 2760 ἑτέρου

232 2781 329 2850 μὲν
357 2782 725 2849 φύσεε,έτὲρου
756 2780 812 2831 δὲ
846 2779 993 2832 θέσει
1024 2781 1053 2834 6
1083 2779 1319 2847 Χριστὸς
1348 2780 1493 2843 Υἱὸς,
1521 2780 1679 2848 δῆλον
1710 2782 1792 2834 ὅτι

227 2871 327 2922 οὐκ
351 2871 458 2938 ἔχει
493 2869 674 2937 χώραν
700 2870 733 2937 ἡ
760 2869 867 2921 τῶν
892 2868 985 2921 δύο
1013 2868 1145 2922 υἱῶν
1193 2871 1609 2940 συναρίθμησις.

1900 1879 1951 1924 te
1979 1870 2235 1926 reducam
2269 1873 2444 1933 illum,
2478 1872 2529 1925 id
2550 1881 2652 1934 est,
2683 1870 2967 1942 Beniamin
2989 1869 3054 1922 ’δι
3093 1888 3110 1917 ι
3150 1868 3471 1934 Rursusque

1898 1946 2042 2033 apud
2082 1965 2400 2033 Apostolum
2452 1965 2718 2033 scriptum
2764 1970 2850 2018 est
2888 1980 2898 2014 :
2942 1981 2960 2012 ι
3005 1959 3162 2026 Quod
3193 1958 3467 2013 Abraham

1900 2052 2039 2111 duos
2066 2056 2204 2111 [Ilios
2224 2056 2417 2111 habuit
2445 2056 2512 2108 ⁸⁸.
2547 2076 2563 2107 ι
2599 2057 2676 2109 lbi
2712 2070 2844 2125 ergo
2874 2066 3004 2109 sunt
3026 2054 3136 2107 duo
3168 2052 3249 2106 vel
3284 2052 3475 2121 plures

1908 2145 2028 2212 ﬁlii,
2081 2147 2391 2216 fratresque
2446 2147 2727 2212 dicuntur,
2788 2157 2843 2200 et
2891 2145 3040 2215 prior
3090 2142 3475 2213 posteriorque

1901 2247 2077 2298 ortus,
2111 2248 2170 2291 ut
2201 2237 2253 2291 in
2283 2238 2425 2291 Esau
2455 2247 2509 2291 et
2536 2237 2727 2300 Jacob,
2775 2244 3176 2290 memorantur.
3226 2234 3394 2304 Igitur
3426 2232 3473 2285 si

1903 2328 2143 2382 Verbum
2174 2338 2227 2383 et
2249 2327 2526 2384 Christum
2555 2328 2866 2382 diceremus
2892 2342 2957 2380 ex
2992 2328 3102 2380 Deo
3134 2335 3350 2389 natura,
3384 2324 3473 2377 vel

1903 2421 2075 2491 gratia
2120 2420 2333 2484 ambos,
2365 2426 2514 2474 recte
2556 2419 2718 2474 nobis
2765 2420 2816 2473 id
2858 2418 3224 2473 causaremini
3263 2435 3274 2469 :
3310 2431 3477 2486 opor-

1905 2509 2051 2564 tebat
2076 2510 2223 2563 enim
2250 2509 2392 2572 illos,
2420 2517 2609 2578 utpote
2632 2508 2792 2571 duos,
2822 2507 3019 2565 fratres
3042 2508 3171 2569 dici.
3196 2521 3477 2574 unumque

1902 2613 2025 2652 esse
2072 2597 2507 2667 primogenitum
2556 2605 2612 2652 et
2670 2607 2798 2651 nato
2858 2599 3140 2667 majorem.
3199 2595 3472 2665 siquidem

1905 2706 2016 2745 non
2046 2690 2271 2760 gemini.
2314 2688 2370 2744 Si
2412 2698 2593 2743 autem
2621 2689 2711 2744 hic
2740 2689 3057 2759 adoptione,
3093 2688 3184 2741 ille
3212 2703 3344 2741 vero
3380 2702 3480 2739 na-

1906 2791 2050 2844 tura,
2082 2793 2138 2836 et
2157 2781 2409 2836 Christus
2437 2783 2603 2837 unius
2626 2783 2848 2852 quidem
2874 2792 3086 2842 natura,
3123 2782 3264 2835 alius
3294 2789 3479 2833 autem

1907 2873 2202 2941 adoptione
2237 2874 2308 2929 sit
2339 2874 2528 2937 Filius,
2557 2875 2781 2928 evidens
2810 2882 2895 2927 est
2928 2891 3035 2928 non
3063 2874 3267 2927 habere
3299 2873 3479 2925 locum

1908 2965 2144 3018 duorum
2174 2965 2410 3019 ﬁliorum
2441 2966 3008 3019 connumerationem.

302 3049 489 3100 Ταῦτα
523 3045 619 3114 μὲν
644 3042 736 3098 οὖν
760 3044 931 3107 οὕτως
962 3047 1011 3099 oi
1038 3046 1205 3110 ὅντως
1252 3026 1571 3117 παραδόξων
1603 3047 1805 3117 δογμά-

1980 3056 2104 3110 Hac
2137 3056 2355 3125 quidem
2386 3056 2458 3111 ita
2495 3056 2677 3110 ferunt
2707 3056 2792 3109 isti
2828 3056 3187 3109 fabricatores
3220 3054 3474 3107 invento.

233 3156 341 3191 των
363 3137 597 3190 πλάσται
624 3152 679 3186 τε
712 3134 1138 3203 καὶέφευρόται,
1188 3135 1241 3187 οἱ
1287 3136 1385 3197 τὰς
1428 3136 1522 3188 δύο
1572 3136 1761 3202 φύσεις
1790 3177 1805 3199 ,

235 3230 402 3300 ἤγουν
436 3228 534 3297 τὴν
568 3226 717 3279 θείαν
749 3226 841 3278 καὶ
872 3225 1251 3296 ἀνθρωπίνην,
1299 3228 1377 3286 εἰς
1421 3226 1519 3293 ἕνα
1558 3227 1671 3278 υἱὸν
1716 3228 1811 3280 καὶ

242 3323 371 3390 μίαν
401 3320 697 3372 ὑπόστασιν
728 3316 1034 3370 συντιθέναι
1074 3317 1149 3381 ὼς
1192 3319 1454 3373 ἀδύνατον
1496 3318 1695 3388 τρόπον
1737 3318 1812 3388 μὴ

238 3411 582 3474 εὑδοκοῦντες
617 3428 632 3442 ·
666 3412 759 3464 καὶ
789 3409 883 3462 δύο
916 3410 1206 3480 πρόσωπα,
1251 3411 1345 3463 καὶ
1392 3409 1486 3462 δύο
1531 3409 1682 3471 υἱοὺς
1721 3426 1812 3461 τε-

241 3507 418 3568 λείους
456 3505 562 3574 ἰδίᾳ
594 3520 652 3554 τε
692 3502 1051 3573 κεκριμένους
1091 3503 1172 3565 είς
1213 3502 1310 3555 Eva
1358 3502 1472 3554 υίὺν
1516 3502 1814 3556 συνάπτειν

244 3596 445 3666 ἀρτίως
474 3591 889 3662 νομοθετοῦντες
924 3606 936 3617 ·
981 3591 1234 3660 εἴποιμεν
1272 3588 1364 3643 οὖν
1408 3590 1544 3659 πρὸς
1573 3588 1770 3651 αὐτούς
1798 3605 1813 3620 ο

245 3687 334 3757 Μὴ
358 3683 716 3755 περιφέρεσθε
742 3686 856 3746 τοῖς
892 3684 1125 3752 νοήμασι
1160 3681 1614 3753 κραιπαλούντων
1636 3680 1814 3748 δίκην,

247 3777 292 3834 ὧ
326 3781 588 3850 βέλτιστοι
621 3793 635 3807 ·
669 3778 702 3846 ἢ
736 3778 845 3847 γὰρ
877 3779 905 3830 6
952 3777 1207 3844 ἀνόμοιος
1251 3777 1452 3846 τρόπος
1484 3775 1582 3842 τῆς
1629 3774 1819 3841 γεννή-

250 3849 384 3934 σεῶς
412 3849 571 3922 ’ἐστιν
596 3871 625 3922 6
653 3870 827 3930 αἴτιος
861 3869 953 3921 τοῦ
1007 3866 1461 3937 συναριθμεῖσθαι
1509 3866 1608 3934 τὴν
1652 3864 1820 3918 δυάδα

248 3964 354 4018 τῶν
381 3962 534 4025 υἱῶν,
571 3962 675 4015 κᾶν
704 3961 798 4014 τοῦ
833 3959 998 4013 αὑτοῦ
1027 3956 1137 4013 εἶεν
1163 3960 1395 4029 πατρὸς,
1443 3958 1475 4028 ἢ
1514 3958 1575 4009 τὸ
1611 3960 1675 4009 ἐκ
1703 3956 1821 4009 δια-

250 4051 426 4120 φόρων
455 4043 595 4100 εἶναι
628 4048 829 4115 γονέων
848 4048 1106 4117 ἑκάτερον
1143 4048 1278 4109 υἱὸν,
1306 4048 1339 4117 ἢ
1364 4047 1534 4117 ἄμφω
1554 4046 1659 4098 εἰσὶ
1698 4064 1825 4099 συν-

251 4142 398 4194 αίτια
449 4144 547 4209 τῆς
597 4141 933 4210 ἀναιρέσεως
986 4141 1084 4209 τῆς
1137 4139 1324 4202 δυάδος
1371 4139 1606 4191 ἐπὶτῶν
1652 4140 1825 4200 υἱῶν,

251 4230 415 4302 ἤγουν
452 4231 485 4296 ἠ
538 4230 771 4298 διαφορὰ
803 4230 902 4298 τῆς
959 4230 1204 4297 υίότητος
1242 4231 1337 4283 καὶ
1377 4230 1487 4283 τῶν
1519 4230 1784 4282 τεκόντων
1811 4245 1823 4257 ·

253 4323 301 4375 ει
341 4321 440 4391 μὲν
467 4316 561 4374 οὖν
584 4323 613 4373 6
634 4321 893 4388 διάφορος
914 4319 1118 4389 τρόπος
1144 4320 1245 4389 τῆς
1291 4321 1605 4389 γεννὴσεὼς
1640 4322 1789 4373 ἐστιν
1812 4358 1826 4382 ,

1912 3160 2107 3214 resque
2121 3145 2537 3214 paradoxorum,
2556 3144 2648 3213 qui
2668 3144 2802 3197 duas
2821 3155 3062 3204 naturas,
3083 3143 3323 3198 divinam
3343 3142 3489 3197 scili-

1911 3247 1998 3292 cet
2023 3248 2078 3293 et
2100 3235 2482 3301 humanam,in
2512 3252 2683 3290 unum
2713 3235 2882 3290 ﬁlium
2905 3245 2960 3290 et
2982 3250 3145 3289 unam
3169 3235 3487 3306 hypostasin

1913 3328 2224 3388 convenire.
2250 3320 2406 3399 quasi
2430 3328 2651 3381 modum
2674 3328 3088 3399 impossibilem,
3108 3343 3213 3381 non
3234 3326 3487 3395 probant;

1914 3431 1970 3476 et
2000 3422 2135 3476 duas
2164 3437 2425 3492 personas
2447 3431 2503 3478 et
2523 3421 2661 3476 duos
2684 3420 2823 3477 ﬁlios
2840 3420 3109 3492 perfectos
3133 3420 3491 3491 proprietate:

1916 3529 2022 3582 que
2039 3513 2308 3567 discretos
2328 3514 2381 3568 in
2404 3528 2572 3567 unum
2593 3511 2763 3566 ﬁlium
2785 3512 3028 3582 coaptari
3047 3511 3206 3581 plane
3223 3520 3489 3565 statuunt.

1916 3604 2172 3657 Dicamus
2214 3602 2381 3671 igitur
2424 3603 2576 3656 illis:
2614 3602 2812 3667 Nolite,
2856 3604 3183 3666 charissimi,
3218 3603 3497 3658 ebriorqu

1923 3695 2130 3759 instar,
2183 3691 2613 3763 cogitationibus
2659 3692 2941 3747 vacillare.
3000 3694 3093 3748 Vel
3130 3693 3277 3748 enim
3314 3693 3501 3750 varius

1922 3783 2295 3853 generationis
2328 3781 2522 3835 modus
2542 3790 2734 3836 auctor
2776 3790 2860 3836 est
2899 3782 3040 3836 duos
3072 3785 3129 3837 in
3154 3799 3323 3838 unum
3364 3800 3499 3838 con-

1933 3874 2261 3929 numerandi
2299 3872 2462 3934 ﬁlios,
2510 3872 2640 3931 licet
2695 3874 2940 3944 ejusdem
2996 3874 3105 3927 sint
3151 3875 3355 3943 patris,
3414 3882 3498 3930 vel

1931 3971 2219 4035 utriusque
2246 3964 2344 4019 ﬁlii
2370 3979 2435 4018 ex
2461 3963 2694 4018 diversis
2712 3964 3034 4033 parentibus
3060 3965 3391 4037 procreatio,
3416 3968 3499 4019 vel

1928 4054 2109 4118 ambo,
2143 4053 2359 4107 diversa
2401 4052 2614 4107 scilicet
2660 4052 2849 4107 ﬁliatio
2887 4062 2943 4107 et
2975 4062 3361 4123 generatorum
3391 4055 3498 4110 di.-

1931 4147 2126 4208 cretio,
2168 4143 2331 4199 simul
2358 4158 2535 4198 causa:
2578 4151 2710 4199 sunt
2737 4160 2837 4198 cur
2885 4145 3065 4200 dualis
3109 4146 3348 4200 ﬁliorum
3403 4164 3498 4201 uu-

1932 4250 2119 4291 merus
2164 4236 2406 4289 tollatur.
2454 4235 2511 4291 Si
2556 4235 2781 4307 quidem
2830 4237 2997 4306 igitur
3045 4239 3298 4293 diversus
3336 4255 3503 4309 gene-

1932 4326 2161 4383 rationis
2181 4326 2377 4382 modus
2398 4328 2591 4396 estqui
2614 4342 2713 4397 pro
2734 4326 2950 4382 duobus
2971 4328 3096 4383 filiis
3119 4344 3286 4384 unum
3308 4347 3501 4385 nume-

252 4412 279 4464 6
310 4410 453 4465 κατὰ
480 4412 605 4473 τοὺς
634 4410 727 4463 δύο
757 4410 908 4471 υἱοὺς
940 4411 1037 4464 ἕνα
1065 4411 1232 4463 ποιῶν
1258 4410 1644 4480 ἀριθμεῖσθαι,
1679 4410 1802 4482 πρῶ

1936 4419 2044 4494 rari
2081 4418 2266 4485 faciat,
2298 4418 2476 4488 primo
2512 4418 2736 4488 quidem
2779 4421 3055 4490 quomodo
3108 4421 3256 4477 hunc
3285 4439 3507 4493 quoque

251 4519 341 4556 τον
378 4502 477 4572 μὲν
509 4500 626 4564 πῶς
659 4504 751 4554 καὶ
778 4501 869 4554 τὸν
896 4501 994 4555 ἕνα
1022 4503 1145 4555 Υίὸν
1169 4502 1408 4571 διχάζειν
1451 4503 1554 4573 τὴν
1576 4501 1831 4572 διάφορον

253 4594 507 4663 γέννησιν
529 4592 766 4660 ἐλέγετε,
794 4592 853 4645 ὲν
876 4592 953 4663 τῷ
970 4593 1340 4647 δυσωπεῖσθαι
1365 4593 1499 4664 παρ’
1524 4592 1683 4664 ἡμῶν
1698 4591 1832 4646 Θεο-

255 4685 409 4741 τὸκον
448 4684 629 4753 λέγειν
650 4684 748 4754 τὴν
775 4685 941 4752 ἁγίαν
963 4684 1237 4755 Παρθένον
1267 4701 1282 4751 ;
1310 4685 1371 4740 Εἰ
1420 4684 1690 4754 ἐγεννήθη
1723 4684 1832 4754 γὰρ

258 4776 416 4848 ἑτέρᾳ
458 4777 744 4844 γεννήσει,
794 4776 870 4846 μὴ
921 4778 1102 4846 μεῖναι
1131 4776 1226 4829 τὸν
1257 4776 1421 4829 αὑτὸν
1452 4775 1684 4846 ἄχρονον
1705 4774 1832 4829 Υἱὸν

257 4867 391 4923 Θεοῦ
425 4868 596 4936 Λόγον
625 4868 895 4937 ἐφάσκετε
917 4884 932 4900 ·
964 4869 1026 4922 τὸ
1053 4868 1163 4942 γὰρ
1194 4867 1443 4922 ὁπωσοῦν
1466 4865 1831 4937 γεννώμενον,

258 4960 443 5030 ἓτερον
470 4954 610 5012 εἶναι
644 4960 794 5030 παρὰ
820 4960 879 5012 τὺ
905 4960 1006 5032 ἢδη
1038 4960 1206 5029 προδν
1230 5001 1245 5026 ,
1288 4960 1563 5022 παντοίως
1599 4958 1837 5026 ἀπεφαί-

260 5052 412 5105 νεσθε
448 5068 460 5082 ·
496 5050 672 5114 ἄλλως
703 5050 781 5110 δὲ..
812 5053 860 5104 εἰ
890 5054 918 5104 6
945 5052 1202 5123 διάφορος
1226 5053 1428 5121 τρόπος
1463 5051 1656 5113 ἁπλῶς
1685 5052 1838 5104 ἀναι-

264 5142 344 5210 ρεῖ
375 5139 465 5192 τὸν
489 5139 722 5210 ἀριθμὸν
748 5140 857 5193 τῶν
886 5140 1041 5205 υἱῶν,
1070 5141 1249 5194 καίτοι
1302 5142 1398 5195 καὶ
1432 5142 1666 5210 υίότητα
1708 5156 1835 5194 και-

260 5233 479 5302 νοτέραν
523 5232 838 5302 προστιθεὶς
881 5232 1134 5303 Ἰωάννης
1162 5234 1190 5284 6
1235 5232 1662 5301 εὐαγγελιστὴς,
1719 5231 1835 5294 υἱὸς

262 5323 333 5376 ὢν
359 5323 506 5376 θέσει
546 5323 645 5391 τῆς
685 5323 1002 5392 Δεσποίνης,
1032 5322 1122 5375 διὰ
1162 5323 1225 5375 τὸ
1275 5324 1574 5393 εἰρημένον
1602 5322 1709 5376 ὑπὸ
1737 5321 1831 5375 τοῦ

265 5413 529 5467 Δεσπότου
561 5414 618 5464 ἑν
646 5412 723 5481 τῷ
745 5413 984 5482 σταυρῷ·
1021 5431 1038 5463 ι
1064 5412 1194 5466 Ἰδοὺ
1229 5414 1262 5481 ἠ
1295 5412 1480 5482 μήτηρ
1516 5427 1635 5464 σου·
1674 5430 1694 5464 ι
1716 5410 1837 5476 καὶ,

271 5527 286 5556 ι
310 5506 439 5559 Ἰδοὺ
468 5506 496 5557 6
520 5504 632 5566 υἱός
665 5521 780 5557 σου·
810 5524 828 5556 ι
852 5507 880 5556 6
905 5504 960 5557 δὲ
984 5503 1188 5573 Κύριος
1212 5503 1371 5573 φύσει
1394 5503 1508 5563 υἱὸς
1539 5503 1714 5573 αὐτῆς
1739 5501 1836 5568 ὣν,

1939 4524 2108 4564 unum
2144 4508 2342 4563 Filium
2390 4508 2665 4589 duplicem
2693 4524 2757 4564 ac
2786 4511 3059 4566 diversam
3094 4513 3505 4584 generationem

1941 4599 2145 4655 habere
2187 4599 2477 4666 dicebatis,
2529 4617 2639 4657 non
2685 4603 3022 4658 sustinentes
3068 4619 3280 4660 sacram
3328 4605 3508 4677 Virgi-

1944 4705 2070 4744 nem
2100 4706 2130 4743 a
2164 4689 2323 4744 nobis
2358 4690 2646 4760 Deiparam
2674 4692 2897 4746 vocati?
2937 4692 3003 4748 Si
3034 4694 3180 4749 enim
3211 4696 3316 4752 alia
3343 4712 3512 4767 gene-

1941 4779 2153 4837 ratione
2197 4791 2489 4852 generatus
2532 4789 2714 4843 esset.
2767 4784 3023 4840 eumdem
3087 4801 3198 4840 non
3242 4790 3530 4867 mansisse,

1939 4883 2207 4927 aeternum
2252 4868 2447 4927 Filium
2478 4872 2572 4928 Dei
2599 4876 2838 4930 Verbum
2876 4875 3177 4939 dicebatis;
3216 4892 3341 4930 nam
3370 4870 3529 4947 quo-E

1939 4959 2074 5013 libet
2107 4957 2270 5016 modo
2310 4959 2556 5027 genitum
2594 4957 2743 5013 aliud
2788 4973 2910 5014 esse
2955 4974 3022 5015 ac
3055 4960 3167 5029 jam
3191 4970 3311 5016 erat
3346 4942 3533 5030 plane‘

1937 5049 2316 5122 exponebatis.
2362 5050 2596 5105 Aliunde
2640 5066 2793 5115 vero,
2848 5053 2894 5105 si
2938 5051 3170 5123 simplex
3221 5053 3510 5129 medidi-

1939 5142 2171 5197 versitas
2193 5156 2485 5199 numerum
2513 5139 2749 5197 ﬁliorum
2770 5143 2931 5208 tollit,
2957 5154 3108 5200 certe
3134 5154 3191 5200 et
3210 5145 3284 5202 ad
3311 5162 3507 5202 novam

1937 5229 2257 5285 ﬁliationem
2287 5228 2560 5299 ascriptus
2600 5227 2838 5287 Joannes
2868 5234 3233 5305 evangelista.
3270 5234 3513 5291 Domina:

1942 5317 2087 5372 ﬁlius
2125 5316 2423 5388 adoptione
2451 5318 2628 5373 factus
2659 5320 2765 5374 hoc
2794 5321 2849 5376 in
2874 5337 3037 5377 cruce
3069 5323 3283 5378 Domini
3314 5323 3462 5381 dioto
3494 5344 3508 5377 :

1946 5429 1964 5461 ι
2001 5410 2144 5466 Ecce
2177 5416 2353 5464 mater
2386 5418 2517 5475 tua;
2557 5431 2576 5463 ι
2607 5421 2707 5466 et:
2755 5429 2773 5463 ι
2798 5412 2937 5468 Ecce
2965 5413 3110 5469 ﬁlius
3126 5394 3267 5469 tuus
3289 5414 3366 5479 ⁵⁸,
3399 5434 3415 5465 ι
3455 5427 3514 5472 et

1941 5500 2230 5567 Dominus,
2282 5500 2436 5557 illius
2488 5512 2683 5557 natura
2739 5498 2903 5569 ﬁlius,
2956 5519 3099 5558 unus
3160 5504 3303 5561 ﬁlius
3354 5520 3510 5562 erant

331 5684 376 5715 ⁸³
413 5684 575 5739 Deut.
620 5702 692 5745 τι,
736 5685 832 5748 Ιὸς
871 5685 1059 5739 Matth.
1106 5700 1176 5748 Iv,
1220 5686 1305 5738 l0.
1382 5686 1427 5716 “
1463 5684 1604 5740 Gen.
1668 5699 1794 5751 xw,

1916 5723 1921 5737 .
1997 5684 2042 5714 ⁸⁵
2092 5679 2267 5766 Galat.
2318 5696 2390 5747 Iv,
2438 5681 2529 5735 29..
2607 5681 2653 5711 ³⁸
2687 5679 2975 5747 Joan.xtx,
3005 5681 3094 5745 26,
3129 5681 3221 5738 27.

517 5777 787 5838 [Ἄπιθι.
835 5779 950 5838 Gn.
999 5779 1321 5839 LXXXVI.

3112 5776 3193 5837 52
