3908 6306
412 261 554 328 ἱθί3

1690 251 2003 313 LEONTII
2037 241 2440 309 BYZANTINI

3559 218 3718 282 16R

413 377 597 434 ambo,
634 379 860 444 propter
886 369 1104 426 varium
1139 366 1422 424 ﬁliationis
1459 363 1718 420 modum!
1755 362 1912 430 Quod
1947 363 1992 416 si

2122 351 2180 420 ,2;
2208 355 2326 416 υῑδς
2349 352 2518 424 ἄμφω
2564 343 2730 418 ἦσαν,
2759 341 2846 396 διὰ
2893 339 2985 393 τὸν
3033 335 3294 405 διάφορον
3347 331 3567 402 τρόπον
3601 331 3721 401 τῆς

2452 437 2542 444 -,.
2630 437 2641 444 .
2711 435 2737 444 -
2959 432 2972 444 ,
3168 426 3192 444 ι
3248 421 3493 444 smus
3573 419 3721 444 ιη,

414 481 526 521 non
563 461 937 536 generationis
971 460 1266 531 disparitas
1313 457 1409 514 scd
1447 457 1782 528 genitorum,
1821 469 1990 508 unum

410 563 466 608 et
504 568 625 608 esse
659 551 848 622 plures
877 555 1172 620 generatos
1213 545 1477 604 ostendit.
1518 542 1778 613 nunquid
1825 541 1994 611 igitur

411 639 543 710 quia
571 639 759 692 Simon
793 637 1018 706 quidem
1050 635 1222 700 Jonas,
1253 634 1494 688 Joannes
1516 639 1700 686 autem
1726 628 1994 684 Zebedaeo

413 735 730 798 generatur,
775 740 920 779 unus
951 722 1098 778 illius
1124 731 1282 777 erant
1315 721 1521 776 ambo?
1571 719 1628 774 Si
1677 727 1862 773 autem
1904 715 1994 770 di-

413 832 608 873 versus
631 816 1006 888 generationis
1052 815 1250 869 modus
1282 811 1776 885 generantiumque
1802 821 1996 880 perso-

415 925 614 964 narum
668 907 956 962 diversitas
989 907 1154 962 simul
1197 903 1585 960 concurrentia
1634 909 1927 972 generatos
1965 912 1997 952 a

417 1001 652 1058 diversis
687 1008 745 1055 ct
785 999 1002 1055 diverse
1043 998 1292 1054 diversos
1325 1013 1498 1052 unum
1529 995 1703 1050 tilium
1733 993 1995 1056 elﬁciant,

415 1106 546 1162 ergo
571 1089 809 1145 Joannes
839 1087 1133 1160 adoptione
1167 1087 1314 1142 illius
1344 1085 1588 1140 Dominae
1609 1091 1665 1138 et
1692 1081 1882 1138 Simon
1907 1096 2000 1136 na-

418 1185 544 1233 tura
572 1176 718 1233 tllius
740 1176 893 1232 Jonae
925 1191 1072 1230 unus
1102 1174 1252 1230 ﬁlius
1273 1181 1432 1229 erant
1460 1180 1686 1242 propter
1715 1169 1997 1224 diversum

418 1271 647 1326 modum
697 1277 754 1326 et
807 1269 1119 1341 genitorum
1172 1263 1590 1322 diversitatem?
1643 1262 1772 1318 llaac
1814 1267 1998 1315 autem

418 1363 603 1417 omnia
635 1361 680 1417 si
709 1360 999 1416 manifeste
1027 1358 1160 1413 falsa
1186 1358 1316 1427 sint,
1351 1355 1638 1410 evidenter
1668 1353 1722 1407 in
1749 1353 1851 1418 eis,
1879 1351 2002 1421 qui-

415 1451 522 1506 bus
559 1465 667 1504 una
700 1457 912 1504 tantum
968 1447 1211 1517 suppetit
1262 1437 1594 1514 hyposlasis,
1653 1441 1762 1495 hoc
1805 1455 1998 1494 verum

416 1551 520 1598 est.
543 1541 758 1596 Etenim
783 1539 1030 1596 Zebedaei
1069 1549 1286 1603 natura,
1326 1535 1681 1604 Domitiaeque
1704 1532 2000 1603 adoptione

420 1633 568 1688 idem
612 1641 734 1688 erat
773 1647 918 1686 unus
962 1630 1108 1685 illius
1151 1630 1330 1699 reipsa
1375 1627 1526 1683 solus
1553 1626 1823 1688 Joannes,
1873 1624 2002 1694 quia

2095 447 2344 515 υἱότητος
2497 437 2557 492 δὲ
2590 437 2651 490 οὐ
2679 435 2778 504 τῆς
2816 432 3124 500 γεννήσεως
3165 426 3202 496 ἡ
3245 421 3532 492 διαφορά,
3569 419 3722 473 ἀλλα

2093 539 2202 592 τῶν
2228 532 2629 604 γεννησάντων,
2651 521 2914 578 Evasium
2939 520 3178 573 δείκνυσι
3203 517 3298 568 καὶ
3318 517 3455 577 τοὺς
3483 513 3722 574 πλείους

2095 627 2457 698 γεννηθέντας
2493 638 2506 650 '
2539 617 2653 691 ἆρά
2678 635 2742 685 γε
2773 615 2909 668 διότι
2935 612 3119 698 Σιμων
3147 609 3249 679 μὲν
3291 607 3484 668 Ἰωνᾶ,
3520 605 3720 657 Ἰωάν-

2097 693 2196 792 νης
2233 693 2290 772 δὲ
2314 715 2584 790 Ζεϐεδαίῳ
2606 709 2916 777 γεννᾶται,
2952 697 3033 766 εἷς
3068 700 3184 762 υἱὸς
3220 693 3369 768 ἦσαν
3406 699 3628 767 ἄμφω;
3665 695 3718 746 εξ

2095 786 2164 866 δὲ*
2198 811 2280 864 ὅτι
2335 787 2591 876 διάφορος
2643 800 2842 872 τρόπος
2913 795 3015 864 τῆς
3087 792 3426 861 γεννήσεως.
3493 789 3604 840 καὶ
3655 786 3722 835 si.

2095 904 2332 974 διάφορα
2409 893 2551 950 εἶναι
2608 893 2878 963 πρόσωπα
2954 887 3025 940 τὰ
3101 885 3455 952 γεννήσαντα
3491 920 3507 940 .
3577 879 3720 932 illi

2099 972 2424 1049 συνελθόντα
2486 987 2586 1041 ἕνα
2636 984 2751 1037 υἱὸν
2813 981 2941 1044 τοὺς
2989 975 3357 1047 γεννηθέντας
3415 972 3717 1039 διαφζρῡτς

2099 1085 2193 1142 καὶ
2261 1080 2530 1151 διαφόρως
2611 1073 2901 1144 διαφόρους
2977 1065 3366 1137 παρεστῶσιν,
3461 1057 3590 1130 ἆρά
3653 1076 3716 1124 γε

2113 1176 2366 1241 Ἰωάννης
2417 1169 2565 1222 θέσει
2623 1164 2737 1226 υἱὸς
2779 1161 2855 1214 ὣν
2901 1159 3002 1230 τῆς
3044 1155 3372 1224 Δεσποίνης,
3403 1152 3609 1219 Σίμων
3655 1149 3716 1200 ει

2103 1267 2217 1329 υἱὸς
2245 1265 2320 1317 ὣν
2363 1260 2521 1316 Ἰωνᾶ
2543 1256 2706 1326 φύσει
2727 1295 2742 1320 ,
2778 1250 2858 1316 εἷς
2887 1251 3001 1315 υἱὸς
3027 1245 3166 1321 ἦσαν
3197 1247 3290 1299 διὰ
3314 1245 3418 1298 τὸν
3443 1243 3716 1310 διάτορον

2101 1357 2324 1429 τρόπον,
2353 1352 2592 1412 καὶτοὺς
2623 1347 2920 1416 διαφόρους
2947 1343 3055 1394 τῶν
3085 1335 3412 1408 γονέων;Εἰ
3446 1335 3506 1388 δὲ
3534 1333 3718 1386 ταῦτα

2090 1423 2283 1502 πάντα
2313 1441 2592 1516 προφανὶς
2611 1437 2834 1508 ψεῦδος,
2872 1434 3029 1504 δῆλον
3073 1433 3150 1493 ὼς
3184 1429 3273 1498 ἐφ’
3304 1423 3386 1481 ὧν
3423 1429 3531 1498 μία
3582 1425 3721 1480 ὑπό-

2105 1555 2295 1601 στασις
2331 1535 2616 1590 ὑπόκειται
2647 1531 2831 1603 μόνον,
2859 1527 3060 1598 ἀληθὲς
3077 1525 3195 1578 τόδε
3216 1523 3338 1576 ἐστι
3361 1539 3377 1551 ·
3411 1520 3714 1575 Ζεϐεδαξω

2103 1631 2215 1702 γὰρ
2249 1628 2430 1700 φύσει,
2460 1627 2558 1700 καὶ
2589 1625 2690 1694 τῆς
2712 1620 3010 1689 Δεσποίνης
3035 1616 3218 1676 θέσει,
3249 1613 3280 1664 ό
3315 1612 3492 1676 αὐτὸς
3537 1607 3610 1680 ἦν
3637 1605 3718 1672 εἷς

419 1725 640 1781 duobus
671 1723 1032 1778 ﬂliationibus
1080 1720 1279 1792 subjici
1327 1727 1507 1790 potest
1537 1733 1643 1772 una
1673 1715 2004 1788 hypostasis.

2122 1723 2220 1784 διὸς
2251 1721 2422 1782 ὅντως
2453 1717 2612 1788 μόνος
2657 1715 2944 1782 Ἰωάννης,
2987 1711 3072 1764 ὅτι
3119 1707 3413 1776 διαφόροις
3462 1703 3714 1771 uid-.116»

493 1904 600 1960 Sed
641 1901 850 1959 Christi
890 1911 947 1956 ct
999 1899 1164 1955 Verbi
1219 1897 1358 1952 duas
1399 1896 1724 1967 bypostases
1754 1891 1999 1960 duasque

421 2012 690 2070 personas
714 1993 990 2066 perfectas
1016 2006 1128 2046 non
1153 1990 1407 2061 ambigue
1429 1983 1786 2044 conclamatis
1809 2000 1826 2037 :
1849 1982 2000 2050 Quo-

423 2089 590 2146 modo
637 2103 769 2158 ergo
797 2085 970 2140 Filius
1011 2098 1113 2154 per
1145 2081 1420 2136 diversam
1453 2078 1868 2150 generationem
1893 2073 2004 2128 erit

423 2181 681 2237 Christus
713 2185 768 2232 et
797 2175 1060 2246 Verbum,
1095 2189 1130 2229 o
1169 2173 1312 2227 mira
1343 2169 1678 2240 loquentes?
1721 2167 1812 2223 Sic
1846 2163 2005 2219 vobis

425 2267 719 2323 diversitas
749 2263 973 2320 union-is
999 2271 1149 2317 esset
1186 2274 1376 2324 causa,
1415 2265 1472 2312 et
1509 2255 1837 2316 similitudo,
1863 2251 2004 2307 ratio

425 2358 779 2416 discretionis
833 2356 888 2410 in
948 2353 1118 2409 rebus
1150 2392 1164 2417 ,
1211 2366 1335 2421 qua:
1363 2348 1589 2420 quidem
1633 2353 1760 2401 ante
1797 2358 1898 2398 vos
1936 2342 2006 2396 ab
2045 2381 2058 2388 -

429 2462 641 2508 aeterno
685 2446 898 2504 nemini
945 2444 1188 2501 revelata
1219 2449 1369 2498 sunt.
1423 2439 1588 2494 Certe
1633 2437 1680 2490 si
1719 2436 1906 2491 dicant
1934 2433 2007 2488 ob

426 2541 740 2612 genitorum
771 2533 1170 2606 diversitatem,
1218 2543 1391 2584 unum
1421 2540 1564 2590 esse,
1603 2523 1850 2578 ridenda:
1880 2529 2010 2576 sunt

426 2606 691 2697 ineptiae;
723 2623 770 2678 si
797 2619 1022 2692 quidem
1048 2633 1117 2672 ex
1143 2614 1440 2679 similibus,
1469 2611 1613 2666 duos
1644 2624 1804 2674 esse;
1834 2624 1900 2662 ex
1924 2606 2010 2660 di-

426 2695 604 2769 versis
619 2721 812 2774 autem
843 2703 1219 2779 genitoribus,
1241 2715 1422 2756 unum
1452 2713 1574 2754 esse
1608 2695 2011 2763 ﬁlium,omnos

429 2809 646 2882 genitos
675 2800 1038 2875 prastendant,
1081 2812 1213 2868 ergo
1258 2794 1439 2866 Ophni
1485 2801 1542 2848 et
1590 2790 1831 2850 Phinees
1853 2793 2014 2844 erant

431 2880 541 2958 duo
591 2899 710 2963 lilii,
765 2903 955 2964 utpote
1009 2906 1079 2947 ex
1122 2889 1318 2946 eodem
1374 2886 1496 2942 Heli
1550 2883 1702 2950 nati;
1749 2880 2014 2938 Jonathas

433 3003 618 3050 autem
653 2999 711 3046 ct
762 2986 954 3052 David,
1000 2991 1190 3055 utpote
1240 2996 1385 3036 unus
1412 2996 1480 3036 ex
1523 2977 1654 3033 Saul
1683 2984 1740 3031 et
1767 2975 1908 3028 alter
1947 2987 2013 3025 ex

2103 1816 2254 1870 ἔστιν
2282 1805 2688 1866 ὑποϐάλλεσθαι
2732 1807 2858 1877 μίαν
2892 1804 3220 1858 ὑπόστασιν.

2170 1899 2277 1956 Δύο
2301 1899 2360 1954 δὲ
2392 1897 2720 1958 ὑποστάσεις
2741 1890 2981 1964 Χριστοῦ
3006 1890 3102 1942 καὶ
3131 1883 3228 1939 τοῦ
3259 1884 3476 1952 Λόγου,
3501 1883 3605 1935 καὶ
3623 1881 3715 1934 δύο

2103 1995 2374 2064 πρόσωπα
2391 1990 2574 2058 τέλεια
2603 1985 2903 2060 διαρρήδην
2925 1983 3088 2054 βοᾶτε
3116 1997 3130 2012 ·
3163 1979 3283 2041 πῶς
3318 1974 3422 2030 οὖν
3457 1977 3599 2038 Υἱὸς
3626 1974 3715 2026 διά

2103 2085 2203 2157 τὴν
2234 2082 2495 2152 διάφορον
2519 2081 2773 2149 γέννησιν
2801 2076 2956 2128 ἔσται
2988 2073 3031 2124 Χ
3041 2068 3347 2142 moremini
3373 2069 3407 2120 ό
3445 2067 3648 2132 Λόγος,
3671 2063 3716 2115 ὦ

2105 2153 2491 2248 τενρατολόγοις
2539 2170 2711 2230 οὓτως
2759 2167 2816 2220 δὲ
2875 2165 2943 2218 ἂν
2991 2163 3088 2216 καὶ
3121 2161 3209 2230 εἴη
3264 2159 3301 2228 ἡ
3339 2159 3444 2228 μὲν
3475 2153 3717 2224 διαφορὰ

2108 2245 2355 2327 ὲνιῦσεως
2405 2265 2558 2316 αἰτία
2590 2259 2714 2314 καθ’
2746 2257 2930 2327 ὑμᾶς’
2973 2255 3008 2324 ὴ
3061 2251 3118 2305 δὲ
3169 2249 3466 2320 ὁμοιότης,
3505 2245 3716 2313 διαχρε-

2111 2374 2248 2418 σεως
2303 2357 2360 2408 ὲν
2413 2355 2528 2416 τοῖς
2573 2350 2942 2421 πράγμασιν·
2999 2343 3144 2412 ἆτιερ
3191 2340 3256 2404 ἐξ
3284 2339 3496 2400 αἰῶνος
3540 2335 3718 2388 οὐδενὶ

2110 2437 2219 2519 πρδ
2249 2444 2406 2518 ὑμῶν
2440 2439 2807 2510 ἀπεκαλύφθη
2835 2453 2848 2468 ⁸
2884 2439 2934 2490 εἰ
2959 2437 3025 2506 δὴ
3059 2433 3277 2500 λέγοιεν
3321 2431 3416 2484 διὰ
3451 2430 3556 2498 τὴν
3608 2429 3718 2478 τῶν

2111 2539 2316 2610 γονέων
2347 2537 2614 2607 διαφορὰν
2636 2577 2652 2602 ,
2683 2533 2780 2586 ἕνα
2817 2528 2960 2584 εἶναι
2987 2569 3003 2595 ,
3038 2527 3248 2597 γελοῖος
3273 2523 3470 2595 ιλῆρος
3513 2539 3532 2555 ο
3586 2523 3640 2576 εἰ
3663 2521 3718 2571 τὸ

2117 2633 2217 2704 μὲν
2253 2631 2313 2699 ἐξ
2341 2629 2570 2702 ὁμοίων,
2605 2627 2701 2681 δύο
2727 2621 2868 2680 εἷναι
2893 2641 2906 2656 ⁸
2927 2623 2990 2677 τὸ
3020 2621 3080 2674 δὲ
3108 2621 3173 2673 ὲκ
3197 2617 3491 2687 διαφόρων
3515 2618 3717 2686 γονέων

2113 2727 2211 2780 ἕνα
2245 2725 2358 2778 υἱὸν
2390 2721 2554 2788 εἶναι,
2586 2721 2800 2783 πάντας
2826 2717 2954 2780 τοὺς
2982 2713 3279 2785 τεχθέντας
3326 2711 3676 2781 παρίστησιν
3699 2727 3713 2738 ·

2115 2814 2226 2888 ἆρα
2257 2813 2352 2870 οὖν
2388 2817 2547 2883 Ὀφνὶ
2579 2815 2679 2884 μὲν
2709 2811 2807 2866 καὶ
2839 2809 3027 2872 Φινεὲς
3055 2806 3153 2859 δύο
3175 2805 3307 2868 uio‘t,
3363 2805 3496 2856 ἐπεὶ
3525 2805 3590 2856 ὲκ
3625 2801 3720 2854 τοῦ

2116 2910 2284 2966 αὐτοῦ
2351 2909 2536 2962 Ἠλεί·
2595 2907 2849 2960 Ὶωνάθαν
2896 2903 2954 2956 δὲ
3007 2903 3103 2955 καὶ
3138 2899 3306 2953 Δαϐὶδ
3335 2938 3353 2960 ,
3393 2900 3580 2952 ἐπεὶὸ
3623 2898 3720 2966 μὲν

2119 3003 2353 3065 Σαοὺλ,ό
2376 3003 2434 3056 δὲ
2472 3005 2532 3067 ἐξ
2577 2999 2820 3064 Ἰεσσαὶ,
2853 2997 2918 3049 οὑ
2964 2995 3060 3048 δύο
3083 2995 3214 3056 υἱοὶ,
3264 2987 3350 3054 εἷς
3407 2992 3477 3044 δὲ
3518 2991 3720 3062 μόνους

433 3087 608 3150 Jesse,
640 3099 752 3140 non
777 3083 888 3138 duo
911 3078 1032 3146 ﬁlii,
1070 3076 1167 3132 sed
1199 3090 1344 3130 unus
1376 3080 1612 3128 tantum.
1651 3069 1824 3124 Porro
1850 3065 1896 3120 si
1927 3077 2013 3119 res

2122 3096 2232 3151 ἀλλ’
2263 3097 2314 3149 εἰ
2342 3094 2462 3148 τόδε
2493 3065 2694 3156 οὓτως,
2713 3091 2835 3145 οὐδὲ
2865 3091 2916 3143 οἱ
2945 3091 3012 3142 ὲκ
3032 3088 3173 3141 Κάῖν
3201 3087 3296 3140 καὶ
3323 3085 3442 3140 άπὸ
3466 3085 3580 3154 Σὴθ
3611 3084 3724 3136 τῶν

435 3177 512 3232 ita
543 3175 635 3238 sit,
667 3187 736 3228 ex
775 3170 911 3227 Cain
953 3177 1012 3224 et
1054 3183 1124 3222 ex
1155 3165 1290 3222 Seth
1328 3161 1566 3218 diversis
1613 3157 1745 3221 orti,
1769 3171 1881 3210 non
1905 3153 2016 3210 duo

437 3263 562 3331 ﬁlii,
583 3263 680 3320 sed
718 3273 863 3316 unus
897 3260 1045 3316 ﬁlius
1073 3265 1238 3314 erunt
1261 3269 1455 3311 omnes
1486 3249 1761 3306 homines.
1795 3245 1856 3300 Si
1886 3259 2018 3300 vere

438 3355 673 3426 simplex
737 3351 942 3424 speciei
1013 3348 1324 3420 genitorum
1377 3343 1669 3412 disparitas
1718 3340 1884 3410 hujus
1935 3337 2018 3392 rei

439 3459 608 3499 causa
639 3441 712 3496 sit
736 3479 750 3505 ,
789 3439 918 3510 equi
961 3445 1019 3493 et
1049 3436 1231 3507 pisces
1257 3442 1420 3488 erunt
1452 3445 1645 3486 omnes
1674 3443 1820 3484 unus
1849 3427 2014 3482 ﬁlius.

439 3535 575 3604 Quis
596 3534 716 3588 haec
743 3529 984 3587 absurda
1023 3527 1200 3584 feret?
1239 3525 1356 3582 Hoc
1383 3524 1530 3579 enim
1565 3522 1647 3578 sic
1678 3522 1838 3593 plane
1866 3534 2024 3576 resu-

439 3627 632 3692 mitur,
681 3633 763 3691 ut,
810 3623 857 3678 si
899 3620 1178 3693 genitores
1222 3616 1430 3674 diversi
1455 3623 1624 3682 sunt,
1671 3613 1860 3684 plures
1912 3610 2024 3665 sint

439 3715 588 3772 ﬁlius
614 3728 779 3780 unus,
817 3720 896 3778 et,
922 3711 967 3766 si
993 3724 1103 3766 non
1133 3705 1338 3763 diversi
1367 3713 1517 3772 sunt,
1550 3704 1736 3776 plures
1758 3701 1878 3759 tliii.
1905 3700 2026 3756 Erit

442 3807 611 3879 igitur
637 3803 930 3862 diversitas
973 3799 1196 3858 unionis
1227 3807 1284 3854 et
1317 3797 1550 3852 unitatis
1587 3811 1790 3862 causa;
1819 3793 2022 3849 simili-

442 3898 578 3955 tudo
608 3907 815 3964 autem,
847 3891 1201 3951 discretionis
1223 3899 1281 3946 et
1306 3887 1680 3945 multitudinis
1711 3903 1725 3940 :
1753 3899 1875 3956 quae
1895 3891 2027 3938 sunt

449 3996 758 4052 interversa
767 4033 788 4052 ..

1092 4075 1249 4133 'CAP.
1281 4071 1380 4128 Kl.

517 4177 658 4231 Ecce
676 4183 877 4239 tamen,
897 4169 1175 4241 inquiunt,
1197 4167 1265 4222 dc
1279 4161 1625 4220 duabusistis
1643 4158 1843 4216 causis.
1857 4156 2027 4218 Bal-ae,

446 4268 658 4323 ancilla:
685 4264 911 4328 Rachel,
938 4262 1216 4316 naturales
1244 4257 1366 4324 ﬁlii,
1395 4263 1524 4312 sunt
1543 4264 1600 4309 et
1619 4251 1912 4320 adoptione
1933 4246 2030 4300 filii

449 4359 674 4424 Rachel,
692 4366 748 4412 et
762 4372 872 4412 non
903 4353 1341 4425 multiplicantur
1355 4361 1609 4409 numero,
1634 4342 1777 4398 sicut
1791 4339 1860 4395 ab
1871 4354 1936 4394 ea
1951 4338 2035 4392 di-

2117 3187 2392 3257 διαφόρων
2426 3187 2522 3240 δύο
2551 3185 2684 3248 υἱοὶ,
2731 3182 2846 3237 ἀλλ’
2878 3177 2964 3245 εἷς
2996 3159 3114 3242 die;
3168 3179 3382 3239 πάντες
3409 3178 3466 3229 οἱ
3514 3175 3725 3243 ἄνθρω-

2121 3297 2214 3334 ποι
2237 3281 2322 3332 ἐἰ
2364 3278 2426 3333 δὲ
2471 3277 2658 3340 ἁπλῶς
2683 3279 2716 3346 ὴ
2749 3272 2984 3344 διαφορὰ
3015 3269 3112 3324 τοῦ
3145 3268 3320 3330 εἴδους
3365 3266 3484 3319 τῶν
3517 3267 3724 3334 γονέων

2121 3372 2272 3426 αἰτία
2298 3369 2478 3436 τοῦδε,
2513 3369 2612 3422 καὶ
2643 3369 2804 3422 ἵπποι
2837 3362 3153 3434 καὶ-ἰχθύες
3179 3360 3410 3421 πάντες,
3463 3354 3552 3420 εἷς
3578 3357 3714 3419 υξὸς.

2123 3463 2236 3518 Καὶ
2261 3463 2346 3527 τίς
2369 3461 2622 3528 ἀνέξεται
2647 3459 2758 3512 τῶν
2779 3455 3185 3526 ἀτοπημάτωνς
3212 3451 3404 3514 ἁπλῶς
3426 3453 3546 3519 γὰρ
3568 3447 3722 3501 τοῦτο

2125 3555 2440 3622 συνάγεται,
2494 3554 2574 3606 ὅτι
2603 3553 2654 3606 ei
2693 3551 2791 3622 μὲν
2817 3549 3067 3618 διάφοροι
3128 3541 3238 3597 εἷεν
3271 3543 3320 3595 οἱ
3371 3543 3581 3609 γονεῖς,
3638 3533 3721 3600 εἷς

2125 3645 2241 3709 υἱὸς
2291 3647 2341 3698 οἱ
2393 3643 2614 3706 πλείους
2647 3659 2661 3674 ⁸
2690 3643 2740 3694 εξ
2788 3640 2846 3694 δὲ
2885 3635 3172 3706 ἀδιάφοροὶ
3215 3637 3324 3687 εἰσι
3359 3673 3376 3695 ,
3425 3631 3716 3692 πλείονες⁴

2126 3737 2281 3791 ἔσται
2303 3730 2398 3789 οὖν
2423 3735 2457 3804 ἠ
2485 3731 2743 3803 διαφορὰ,
2779 3728 3026 3791 ὲνὼσεως
3063 3727 3157 3780 καί
3183 3722 3418 3796 μονάδος
3446 3723 3606 3775 αἰτία
3638 3736 3656 3750 ο
3685 3721 3718 3790 ἡ

2125 3829 2183 3884 δὲ
2217 3827 2498 3898 ὁμοιότης,
2527 3821 2854 3896 διακρίσεως
2885 3821 2981 3874 καὶ
3016 3817 3282 3889 πλήθους,
3315 3813 3358 3869 ἃ
3386 3815 3542 3867 ἐστιν
3569 3813 3719 3868 ἀντι*

2128 3920 2396 3976 κατάλλα.
3059 3922 3068 3930 ’

2715 4074 2968 4128 ΚΕΦΔΛ.
3022 4071 3127 4124 ῐΑν.

2201 4171 2345 4225 Ἀλλ’
2379 4170 2514 4236 ἰδοὺ,
2544 4169 2732 4240 φησὶν,
2751 4169 2844 4220 ἐπὶ
2867 4168 2988 4228 ταῖς
3014 4164 3109 4218 δύο
3127 4163 3330 4226 αἰτίαις
3351 4163 3404 4216 oi
3420 4160 3583 4230 φύσει
3611 4157 3712 4212 υἱοὶ

2131 4261 2343 4326 Βάλλας
2363 4261 2464 4332 τῆς
2497 4259 2811 4328 παιδίσκης.
2827 4259 3030 4328 Ῥαχὴλ
3046 4258 3143 4310 καὶ
3155 4257 3262 4310 υἱοὶ
3286 4253 3488 4323 Ῥαχὴλ
3502 4254 3610 4304 εἰσι
3628 4249 3712 4302 θέ-

2136 4369 2241 4416 σει,
2265 4351 2363 4406 καὶ
2389 4351 2489 4404 οὐκ
2508 4347 2838 4402 ἐπλεόνασαν
2875 4345 3095 4418 ἀριθμῷ
3116 4385 3132 4407 ,
3157 4343 3341 4406 καθὼς
3375 4343 3596 4411 εἴρηται
3624 4339 3712 4390 ὑπ’

447 4461 598 4505 ctum
620 4459 706 4505 est
725 4447 928 4504 Jacob:
955 4463 975 4497 ι
999 4444 1288 4516 Ingredere
1305 4439 1373 4496 ad
1391 4439 1644 4495 ancillam
1667 4447 1840 4490 meam
1867 4440 1922 4488 et
1943 4445 2013 4502 pa

2141 4443 2312 4513 αὐτῆς
2329 4439 2407 4511 τῷ
2423 4437 2619 4494 Ἰακώϐ
2641 4453 2656 4468 ο
2691 4457 2713 4490 ι
2741 4434 2962 4490 Εῐσελθε
2979 4433 3117 4506 πρὸς
3139 4433 3240 4504 τὴν
3259 4431 3560 4499 παιδίσκην
3589 4445 3704 4499 μω,

448 4546 554 4598 rict
573 4557 740 4612 super
771 4553 949 4611 genua
975 4549 1122 4602 mea,
1147 4543 1206 4590 et
1233 4545 1336 4604 ego
1362 4527 1658 4600 suscipiam
1689 4541 1758 4582 ex
1779 4535 1846 4580 ea
1864 4522 2030 4578 sobo-

448 4639 558 4694 lem
586 4633 659 4690 ".
683 4654 703 4686 ι
738 4630 806 4689 Et
836 4645 1063 4688 rursus:
1107 4649 1125 4680 ι
1153 4627 1430 4686 Judicavit
1451 4624 1586 4680 mihi
1615 4623 1762 4678 Deus
1779 4629 1838 4676 et
1857 4632 2028 4674 exau-

452 4729 592 4785 divit
635 4736 832 4782 vocem
893 4739 1092 4788 meam,
1147 4725 1204 4776 et
1253 4721 1406 4776 dedit
1467 4717 1604 4772 mihi
1651 4714 1844 4769 ﬁlium.
1897 4711 2032 4769 Pro-

451 4826 642 4890 pterea
678 4813 974 4887 appellavit
1005 4825 1208 4868 nomen
1229 4812 1351 4878 eius
1380 4808 1496 4864 Dan
1529 4807 1595 4860 ⁸⁸.
1634 4825 1652 4858 ι
1689 4804 1796 4862 Sed
1830 4811 1886 4858 et
1913 4803 2030 4872 ipsa

371 4933 390 4948 ε
453 4909 671 4983 peperit
705 4917 901 4964 natura
941 4903 1144 4976 Ioseph
1175 4911 1234 4960 et
1258 4900 1580 4983 Benjamin;
1626 4909 1683 4955 et
1728 4911 1840 4951 non
1882 4893 2028 4961 ideo,

450 4979 843 5068 tas—duodecim
872 4996 1224 5070 patriarchis,
1249 4979 1488 5066 quatuor
1511 4999 1642 5048 sunt
1665 4989 1761 5044 lilii
1787 4985 2029 5044 Rachel:

453 5111 566 5152 non
606 5095 760 5166 enim
805 5098 1171 5147 numerantur
1213 5085 1524 5156 adeptionis
1573 5081 1689 5138 lilii.
1741 5077 2036 5137 Possemus

357 5240 365 5248 .
453 5195 637 5244 tamen
671 5182 899 5239 dicere:
933 5177 992 5237 Si
1026 5193 1139 5234 non
1187 5177 1412 5232 omnino
1461 5182 1846 5236 numerantur,
1895 5185 2034 5242 quo-

455 5278 642 5342 modo,
681 5275 794 5330 Dan
821 5283 876 5329 et
903 5268 1196 5342 Nephthali
1223 5282 1336 5324 non
1361 5265 1710 5337 computatis,
1743 5261 2035 5319 duodecim

457 5363 787 5436 patriarcha:
835 5361 1008 5416 sunt?
1049 5356 1159 5414 Sed
1205 5373 1301 5413 eos
1349 5371 1474 5411 cum
1522 5364 1732 5408 naturae
1763 5353 1892 5408 illiis
1923 5367 2036 5406 non

459 5453 736 5515 numerari
775 5451 1126 5508 manifestum
1159 5459 1264 5506 est.
1287 5449 1458 5504 Porro
1490 5447 1535 5502 si
1571 5463 1681 5501 non
1711 5453 1772 5500 ut
1807 5445 1904 5500 ﬁlii
1933 5445 2039 5499 Ra-

460 5547 604 5611 chel,
639 5556 696 5600 at
723 5553 874 5601 certe
918 5545 1064 5600 sicut
1099 5543 1199 5597 ﬁlii
1225 5541 1388 5607 Baiae,
1415 5555 1538 5610 qum
1567 5539 1672 5594 alia
1703 5545 1808 5604 est,
1840 5554 2035 5592 nume-

537 5654 580 5695 ³⁷
611 5653 752 5712 Cen.
782 5673 908 5725 nx,
935 5657 990 5712 3.
1066 5655 1111 5686 ⁸⁸
1141 5652 1274 5708 ibid.
1319 5656 1364 5708 6.

2136 4534 2230 4588 καὶ
2252 4533 2468 4597 τέξεται
2489 4527 2708 4583 ἐπὶτῶν
2738 4527 2980 4597 γονάτων
3007 4543 3109 4596 μου
3129 4525 3226 4579 καὶ
3253 4525 3709 4591 τεκνοποιήσομαι

2136 4620 2293 4691 κάγὼ
2316 4621 2374 4686 ἐξ
2389 4618 2579 4688 αὐτῆς.
2610 4637 2632 4671 t
2667 4619 2777 4672 Καὶ
2801 4616 2982 4682 πάλιν,
3000 4616 3084 4669 ὅτι
3099 4631 3119 4663 σ
3164 4613 3388 4684 Ἐκρινέ
3401 4627 3496 4682 μοι
3514 4611 3546 4662 6
3567 4609 3707 4671 Θεὸς,

2137 4712 2234 4766 καὶ
2255 4712 2526 4782 ἐπήκουσε
2553 4711 2650 4779 τῆς
2667 4705 2852 4777 φωνῆς
2874 4723 2996 4776 μου,
3017 4704 3113 4758 καὶ
3131 4702 3303 4758 ἔδωκέ
3328 4719 3422 4772 μοι
3445 4701 3564 4754 υἱόν
3585 4718 3600 4730 ·
3622 4699 3704 4752 διὰ

2136 4800 2296 4876 τοῦτο
2329 4801 2554 4854 ἐκάλεσε
2581 4800 2642 4854 τὸ
2681 4798 2854 4868 ὄνομα
2883 4791 3046 4851 αὑτοῦ
3078 4798 3210 4849 Δάν.
3241 4813 3260 4846 ι
3299 4793 3502 4848 Τέτοκε
3533 4793 3596 4845 δὲ
3625 4791 3711 4844 καὶ

2100 4933 2103 4935 -
2137 4890 2278 4962 αὕτη
2302 4891 2464 4960 φύσει
2484 4889 2576 4944 τὸν
2613 4887 2810 4958 Ἰωσὴφ
2834 4888 2928 4941 καὶ
2951 4885 3212 4955 Βενιαμίν
3235 4900 3249 4912 ·
3279 4884 3370 4938 καὶ
3403 4885 3466 4936 οὐ
3492 4883 3584 4936 διά
3603 4883 3712 4936 τόδε

2129 4985 2396 5055 τέσσαρες
2421 4983 2526 5036 υἱοὶ
2565 4981 2667 5054 τῆς
2707 4980 2950 5052 Ῥαχὴλ,
2983 4981 3046 5032 ὲκ
3091 4978 3199 5030 τῶν
3245 4977 3311 5046 ιβ’
3361 4976 3712 5048 πατριαηῶ

2133 5080 2271 5130 εἰσιν
2293 5093 2307 5106 ·
2344 5078 2406 5131 οὐ
2436 5076 2546 5147 γὰρ
2579 5073 2945 5149 ἀριθμοῦνται
2968 5071 3065 5126 καὶ
3083 5071 3132 5124 οἱ
3161 5069 3310 5124 θέσει
3358 5070 3486 5124 υἱοὶ.
3531 5068 3714 5123 Italas:

2143 5171 2396 5240 εἰποιμεν
2426 5170 2476 5222 si
2501 5168 2625 5222 οὐδὲ
2670 5167 2810 5228 ὅλως
2854 5163 3219 5236 ἀριθμοῦνται
3241 5202 3258 5226 ,
3297 5160 3419 5224 πῶς
3453 5155 3547 5214 οὖν
3584 5159 3648 5230 ιβ’
3669 5160 3713 5212 οι

2145 5260 2486 5332 πατριάρχαι
2515 5261 2644 5326 εἰσὶ,
2676 5256 2784 5312 Δάν
2811 5257 2906 5310 καὶ
2954 5252 3279 5324 Νεφθαλεὶμ
3305 5252 3384 5324 μὴ
3418 5252 3714 5320 συλλογιζο-

2149 5353 2358 5423 μὲνων;
2389 5351 2505 5406 ἀλλ’
2552 5352 2635 5406 ὅτι
2663 5351 2764 5403 οὐκ
2793 5346 3158 5420 ἀριθμοῦνται
3194 5347 3294 5400 σὺν
3325 5345 3440 5408 τοίς
3471 5343 3634 5413 φύσει
3673 5343 3716 5396 si

2147 5444 2315 5508 θέσει,
2339 5443 2499 5513 δῆλόν
2525 5443 2672 5495 ἐστιν
2715 5456 2728 5471 ·
2784 5439 2832 5490 εἰ
2861 5437 2972 5507 γὰρ
2997 5440 3090 5491 κα¹ι
3127 5435 3202 5506 μὴ
3229 5433 3305 5498 ὡς
3333 5435 3434 5504 τῆς
3487 5433 3680 5503 Ῥαχὴλ
3701 5472 3715 5494 ,

2147 5534 2283 5588 ἀλλά
2314 5550 2375 5602 γε
2403 5533 2477 5596 ὡς
2504 5532 2602 5602 τῆς
2631 5529 2838 5593 Βάλλας
2866 5529 2978 5583 ἰδοὺ
3005 5525 3368 5600 ἀριθμοῦνται
3401 5527 3606 5596 ἐτέρας
3627 5520 3714 5578 οι.
