3908 6306
287 304 420 368 1545

1230 296 1624 360 ADVERSUS
1663 297 2211 362 NESTORIANOS.
2246 324 2309 338 υ·
2342 305 2489 365 LIB.
2529 308 2643 365 IlI.

3388 311 3526 376 1646

286 432 414 484 σης·
446 413 538 466 καὶ
568 411 662 465 δύο
687 411 787 480 μὲν
826 411 1047 482 Ῥαχὴλ,
1084 412 1177 463 δύο
1209 412 1264 464 δὲ
1291 413 1470 483 ’ἕτεροι
1514 413 1611 480 τῆς
1643 411 1848 473 Βάλλας

1956 422 2177 479 rantur;
2214 425 2269 469 et
2307 417 2531 485 quidem
2574 418 2687 473 duo
2735 418 2830 473 ﬁlii
2879 421 3103 486 Rachel,
3146 424 3256 478 duo
3280 441 3409 482 vero
3434 428 3525 483 am

281 502 422 559 εἶναι
473 505 723 572 λέγονται
766 506 824 556 ὲν
871 508 983 567 τοῖς
1037 504 1140 572 ιβ’·
1186 505 1250 556 ἐκ
1296 504 1568 574 διαφόρων
1599 520 1659 555 τε
1703 502 1852 565 ὄντες

282 598 536 669 μητέρων
566 596 675 648 υἱοὶ
706 595 798 648 καὶ
821 595 881 659 ἐξ
901 596 1196 665 ἀδιαφόρου
1229 576 1435 665 πατρός
1469 610 1484 625 ·
1514 594 1655 648 ὥστε
1684 595 1778 647 καὶ
1802 594 1853 647 oi

280 689 345 741 ἐκ
381 687 677 756 διαφόρων,
718 685 813 737 καὶ
842 686 893 737 οἱ
927 684 985 749 ἐξ
1009 686 1321 756 ἀδιαφόρων
1348 684 1507 747 ὅλως,
1530 686 1579 737 εί
1610 683 1853 746 πλείονές

279 782 385 833 είσι
409 780 530 840 ταῖς
579 777 942 830 ὑποστάσεσιν
966 817 982 842 ,
1022 777 1128 829 υἱοὶ
1166 776 1549 847 ἀριθμοῦνται.
1583 775 1760 828 Μόνον
1792 774 1850 827 δι

277 872 398 924 τότε
427 871 527 923 οὐκ
557 868 915 940 ἀριθμοῦνται
966 868 1211 931 πλείονες
1256 868 1385 929 υίοὶ,
1436 869 1523 921 ὅτε
1562 869 1703 920 κατά
1742 866 1852 919 τῶν

278 961 455 1016 αὐτῶν
477 962 850 1021 ύποστάσεων,
893 961 1108 1023 πλείους
1157 961 1423 1028 υίοτήτων
1467 960 1658 1028 τρόποι
1708 957 1848 1010 είσί⁹

277 1055 356 1107 διὸ
387 1056 492 1107 υἱοὶ
522 1053 729 1115 Βάλλας
753 1053 871 1105 ἐπεὶ
896 1051 991 1104 καὶ
1019 1051 1223 1121 ταύτης
1255 1051 1416 1120 φύσει
1447 1051 1543 1104 καὶ
1590 1051 1688 1120 τῆς
1728 1050 1851 1102 Ῥα-

277 1147 379 1218 γὴλ
409 1147 558 1200 θέσει
587 1145 722 1198 είσὶν
744 1144 851 1198 υἱοὶ
872 1146 923 1197 οἱ
952 1145 1128 1207 αὐτοὶ,
1158 1144 1257 1214 οὐχ
1308 1142 1535 1205 ἕκαστος
1556 1139 1733 1194 αὐτῶν
1762 1140 1851 1193 διὰ

261 1239 375 1302 στὰς
409 1238 502 1291 δύο
530 1237 783 1308 υίότητας
808 1276 822 1298 ,
854 1235 949 1289 δύο
988 1237 1093 1289 υἱοὶ
1140 1234 1621 1303 καταλογίζονται·
1671 1232 1705 1304 ἢ
1740 1232 1848 1302 γὰρ

277 1331 344 1385 ἂν
388 1328 565 1390 οὕτως
602 1326 998 1395 δεκατέσσαρες
1047 1321 1188 1397 ἦσαν
1230 1327 1278 1378 οἱ
1319 1323 1655 1395 πατριάρχαι
1685 1336 1699 1351 ·
1732 1322 1845 1375 ἀλλ’

278 1414 360 1481 εἷς
396 1419 678 1487 ἑκάτερος,
713 1417 990 1487 διαφόροις
1012 1418 1224 1486 υἱότησι
1249 1416 1349 1485 τὴν
1383 1417 1636 1486 διάφορον
1666 1414 1847 1485 σχέσιν

277 1510 600 1581 ποιούμενος
642 1511 779 1581 πρὸς
807 1511 933 1573 τοὺς
963 1508 1181 1574 τοκέας,
1206 1510 1267 1561 ού
1291 1509 1570 1580 διαφόροις
1593 1507 1848 1576 ἀριθμοῖς

278 1601 372 1652 καὶ
406 1599 737 1652 ὑποστάσεσι
774 1597 1134 1669 μετρούμενοι
1160 1613 1174 1628 ⁶
1209 1600 1345 1652 ὅπου
1381 1614 1443 1665 γε
1476 1597 1537 1649 τὸ
1557 1595 1848 1664 λεγόμενον

1956 504 2098 558 Baiae
2145 506 2409 561 dicuntur
2453 524 2575 565 esse
2621 511 2766 565 inter
2808 511 3130 578 duodecim,
3181 530 3246 569 ex
3293 504 3528 573 diversis

1956 597 2247 663 matribus,
2279 598 2373 653 sed
2403 615 2471 654 ex
2496 611 2649 670 patre
2680 616 2789 656 non
2820 602 3062 668 diverso,
3102 606 3213 660 nati
3241 623 3256 659 :
3283 607 3358 661 ita
3390 613 3451 662 u't
3473 618 3529 664 et

1952 701 2019 741 ex
2050 687 2285 744 diversis
2307 690 2442 755 nati,
2473 698 2531 745 et
2559 706 2626 745 ex
2651 706 2762 745 non
2790 691 3024 747 diversis
3067 694 3195 757 orti,
3230 695 3273 749 si
3313 699 3526 754 ratione

1954 778 2321 849 hypostaseon
2367 781 2552 851 plures
2594 783 2731 848 sint,
2783 781 2879 837 ﬁlii
2922 799 3309 839 numerantur.
3369 786 3528 842 Tunc

1952 870 2129 923 solum
2164 858 2271 925 n'on
2297 882 2660 926 numerantur
2686 874 2874 943 plures
2904 873 3000 928 ﬁlii
3025 890 3150 930 cum
3191 876 3295 930 sub
3326 876 3525 933 iisdem

1953 960 2357 1031 hypostasibus,
2404 964 2591 1032 plures
2636 963 2918 1020 ﬁl-iationis
2967 965 3112 1019 modi
3178 974 3323 1020 sunt.
3390 968 3526 1022 Pro-

1950 1058 2161 1118 pterea,
2187 1050 2282 1104 ﬁlii
2312 1052 2475 1115 Baiae,
2524 1068 2652 1107 cum
2679 1053 2847 1108 iidem
2887 1054 2999 1110 sint
3028 1055 3191 1125 hujus
3233 1065 3428 1111 natura
3468 1067 3526 1111 et

1952 1140 2156 1196 Rachel
2208 1142 2506 1212 adoptione
2552 1143 2684 1209 ﬁlii,
2734 1160 2844 1200 non
2893 1145 3244 1216 singulatim,
3310 1147 3524 1202 ratione

1953 1231 2186 1286 duarum
2218 1232 2566 1299 ﬁliationum,
2587 1236 2699 1290 duo
2723 1235 2817 1291 lilii
2844 1247 3243 1292 numerantur:
3273 1238 3354 1292 sic
3373 1239 3523 1293 enim

1951 1328 2144 1374 essent
2170 1322 2586 1389 quatuordecim
2619 1326 2976 1394 patriarchas;
2996 1326 3088 1382 sed
3122 1326 3525 1396 unusquisque,

1953 1409 2186 1466 diversis
2227 1411 2587 1469 ﬁliatiouibus
2631 1415 2903 1471 diversam
2941 1416 3155 1472 habens
3199 1417 3524 1472 relationem

1949 1512 2077 1553 cum
2129 1500 2509 1569 genitoribus,
2568 1518 2681 1557 non
2741 1505 2987 1559 numeris
3031 1514 3088 1559 et
3136 1505 3527 1576 hypostasibus

1952 1589 2233 1645 deﬁnitur.
2265 1593 2369 1649 Ubi
2401 1605 2552 1663 certe
2584 1595 2793 1652 dictum
2818 1604 2904 1652 est
2931 1597 3001 1653 ab
3019 1598 3124 1663 eis,
3156 1598 3326 1667 quod,
3356 1598 3400 1653 si
3430 1614 3526 1668 per

278 1692 370 1744 ὑπ’
394 1691 592 1756 αὐτῶν,
627 1691 675 1743 εί
702 1689 790 1743 διὰ
828 1690 888 1743 τὸ
919 1689 1064 1743 θέσει
1088 1687 1228 1743 εῖναι
1278 1690 1366 1743 τὸν
1404 1688 1691 1759 ἄνθρωπον
1720 1686 1847 1738 Υἱδν

1951 1681 2306 1752 adoptionem
2344 1694 2429 1740 est
2454 1686 2621 1741 homo
2650 1687 2798 1743 ﬁlius
2832 1689 2948 1754 Dei,
2979 1689 3113 1744 illud
3146 1705 3257 1744 non
3292 1690 3438 1761 cogit
3470 1690 3528 1746 in

273 1781 432 1845 Θεοῦ,
468 1780 544 1852 μὴ
569 1779 1014 1849 συναριθμεῖσθαι
1034 1781 1112 1843 είς
1141 1780 1308 1833 δυάδα
1336 1780 1465 1832 Υἰὸν
1496 1779 1585 1832 τὸν
1610 1776 1844 1850 Χριστὸν

1951 1774 2096 1831 duali
2123 1792 2354 1833 numero
2383 1778 2557 1834 ﬁlium
2587 1781 2898 1851 computari
2925 1781 3206 1838 Christum
3233 1759 3525 1839 cum—Filio

277 1875 422 1925 ποιεῖ
445 1874 542 1926 σὺν
564 1872 640 1943 τῷ
672 1872 833 1940 φύσει
870 1870 983 1941 Υίῷ
1013 1872 1108 1925 τοῦ
1163 1872 1298 1924 Θεοῦ
1329 1873 1405 1941 τῷ
1433 1873 1615 1940 Λόγῳ,
1656 1870 1779 1923 ἐπεὶ
1819 1872 1848 1923 ό

267 1962 504 2034 ἀριθμὸς
531 1963 628 2015 ἐπὶ
659 1963 768 2016 τῶν
792 1962 951 2032 φύσει
978 1963 1115 2028 ἐστὶ,
1159 1963 1317 2017 τοῦτο
1347 1963 1624 2016 δείκνυται
1648 2001 1663 2024 ,
1692 1963 1773 2015 ὅτι
1812 1960 1847 2032 ἢ

272 2055 345 2115 ὡς
366 2055 669 2125 ὑπερέχων,
693 2056 726 2126 ἢ
749 2057 824 2119 ὡς
852 2055 1097 2109 ούδὲνῶν
1120 2056 1277 2120 ὅλως,
1313 2058 1411 2126 ούχ
1457 2054 1576 2125 ἥξει
1610 2057 1687 2118 είς
1724 2055 1848 2125 ἀρι-

275 2143 410 2213 θμὸν
441 2146 573 2198 υἱῶν
610 2149 637 2198 ὁ
677 2146 822 2200 θέσει
856 2164 869 2177 ·
909 2150 957 2201 εί
991 2149 1090 2218 μὲν
1115 2144 1208 2202 οὖν
1238 2148 1312 2211 ὡς
1337 2147 1622 2220 ὑπερέχων
1648 2146 1846 2216 μείζων

286 2234 534 2304 Ἰωάννης
563 2234 659 2287 τοῦ
703 2237 971 2289 Δεσπότου
1007 2240 1063 2290 ὲν
1090 2240 1226 2302 υἱοῖς
1260 2241 1356 2309 τῆς
1382 2236 1698 2306 Δεσποίνης,
1752 2235 1847 2288 καὶ

271 2327 366 2378 τοῦ
400 2328 573 2395 Λόγου
608 2328 789 2391 ἁπλῶς
811 2330 840 2382 ό
870 2329 1151 2397 ἄνθρωπος
1194 2329 1344 2401 παρὰ
1378 2328 1498 2399 Θεῷ
1525 2327 1603 2398 τῷ
1632 2326 1802 2399 Πατρί
1828 2342 1842 2355 ·

274 2421 321 2470 εί
350 2419 405 2473 δὲ
435 2419 660 2491 χείρων,
703 2420 818 2483 πῶς
867 2414 948 2484 εἷς
980 2420 1090 2485 υἱὸς
1131 2422 1159 2475 ὁ
1203 2423 1402 2492 χείρων
1433 2421 1530 2473 σὺν
1560 2420 1638 2491 τῷ
1668 2420 1848 2491 κρείτ-

272 2526 428 2575 non;
461 2512 520 2563 οὐ
564 2510 673 2582 γὰρ
721 2511 781 2564 ἓν
820 2510 890 2565 τὰ
925 2511 1159 2583 διάφορα
1186 2511 1425 2583 ἐροῦσιν.

344 2691 406 2742 Ei
440 2690 495 2743 δὲ
526 2690 727 2743 εἴποιεν
759 2691 841 2742 ὅτι
869 2689 944 2753 ὡς
988 2692 1143 2743 οῦδὲν
1174 2690 1274 2755 ὢν,
1309 2691 1634 2761 ὲλήλεγκται
1666 2689 1845 2759 αὐτῶν

273 2788 308 2856 ὴ
334 2786 555 2854 δόκησις
588 2786 684 2854 τῆς
735 2786 865 2856 περὶ
913 2786 1151 2857 Χριστοῦ
1194 2788 1475 2857 υἰότητος⁹
1513 2788 1598 2840 ἵνα
1635 2787 1692 2841 δὲ
1744 2787 1846 2840 κάν

273 2877 445 2947 τούτῳ
482 2876 742 2948 δειχθεῖεν
781 2879 1125 2949 ψευδόμενοι,
1159 2880 1268 2933 ἰδοῦ
1304 2882 1362 2933 ἐν
1404 2882 1470 2951 τῇ
1528 2879 1848 2949 γενεαλογίᾳ

271 2969 366 3022 τοῦ
401 2967 627 3039 Κυρίου,
665 2969 863 3037 Ἰωσὴφ
910 2970 1003 3021 τὸν
1040 2971 1326 3042 μνηστῆρα
1377 2972 1476 3039 τῆς
1523 2970 1845 3039 Δεσποίνης,

275 3062 389 3113 υἱὸν
422 3059 572 3127 λέγει
626 3058 719 3112 τοῦ
768 3058 935 3122 Ἠλεὶ,
976 3059 1151 3113 καίτοι
1189 3061 1248 3124 ἐξ
1305 3060 1499 3114 Ἰακὼὸ
1530 3062 1690 3130 φύσει
1719 3061 1847 3115 ὄντα

273 3153 367 3205 τοῦ
416 3149 642 3219 ἀδελφοῦ
689 3150 855 3204 αὐτοῦ
896 3151 1259 3220 πρωτότοκον,
1292 3151 1429 3205 ἀλλά
1475 3152 1617 3206 κατά
1659 3153 1844 3221 νόμον,

275 3244 486 3298 ἐκείνου
519 3243 740 3314 σπέρμα
769 3241 863 3295 τοῦ
893 3244 1424 3313 προτελευτῆσαντος
1446 3243 1674 3306 ἄπαιδος
1701 3244 1850 3295 ἀδελ-

275 3334 378 3402 φοῦ
414 3334 911 3406 ἀναγορευόμενον·
956 3332 1037 3385 ἐτι
1078 3333 1135 3385 δὲ
1185 3332 1245 3385 τὸ
1292 3332 1619 3403 τρανότερον
1668 3331 1848 3385 αὐτῶν

275 3423 520 3493 γυμνοῦν
560 3424 661 3493 τὴν
707 3422 901 3493 διπλῆν
947 3422 1222 3488 ἀσέϐειαν,
1251 3422 1531 3493 εἴποιμεν*
1560 3422 1635 3485 ὡς
1662 3423 1725 3476 Ei
1754 3423 1847 3475 καὶ

278 3518 354 3587 μὴ
388 3517 799 3588 συναριθμεῖται
825 3519 853 3569 ὁ
875 3517 1019 3571 θέσει
1045 3518 1173 3581 Υίὸς
1195 3516 1290 3571 τοῦ
1306 3516 1441 3570 Θεοῦ
1467 3517 1702 3589 Χριστὸς
1725 3514 1847 3570 καθ’

276 3609 421 3676 ὑμᾶς
460 3606 538 3676 τῷ
573 3606 733 3675 φύσει
764 3608 877 3679 Υἱῷ
919 3608 1012 3662 καὶ
1053 3610 1212 3678 Λόγῳ
1238 3608 1333 3662 τοῦ
1364 3607 1521 3673 Θεοῦ,
1553 3607 1849 3662 κάντεῦθεν

275 3698 368 3751 δύο
408 3699 558 3760 υἱοὺς
601 3698 926 3769 πρεσϐεύειν
972 3700 1071 3769 οὐχ
1097 3699 1422 3762 ἀλίσκεσθε;
1450 3698 1591 3751 Ἀλλ’
1615 3699 1737 3751 ἐπεί
1767 3714 1847 3750 τιο

276 3789 367 3850 νός
385 3791 500 3841 ἐστι
522 3789 617 3842 καὶ
639 3791 799 3853 αὐτὸς
826 3790 984 3860 φύσει
1008 3791 1157 3853 Υἱὸς,
1182 3792 1398 3854 πάντως
1423 3792 1518 3843 καὶ
1531 3790 1652 3844 καθ’
1680 3791 1845 3860 ὑμᾶς,

276 3881 443 3950 ἤγουν
488 3880 582 3933 τοῦ
632 3882 920 3952 ἀνθρώπου
942 3898 956 3910 ⁸
990 3883 1050 3934 ού
1100 3882 1210 3954 γὰρ
1245 3884 1353 3936 ἀπὸ
1382 3885 1727 3953 ταυτομάτου
1758 3900 1849 3951 γε-

1949 1869 2071 1935 Dei,
2114 1884 2214 1939 per
2260 1879 2512 1927 naturam
2561 1873 2742 1928 Verbo
2788 1875 2887 1945 (5),
2933 1874 3040 1931 hoc
3089 1875 3525 1943 demonstratur,

1948 1960 2182 2026 scilicet,
2219 1961 2392 2017 ﬁlium
2436 1979 2535 2034 per
2568 1964 2921 2034 adoptionem
2969 1966 3055 2021 vel
3100 1966 3230 2036 quia
3278 1975 3521 2038 praestat,

1950 2049 2036 2103 vel
2082 2051 2212 2119 quia
2252 2052 2391 2106 nihil
2435 2054 2661 2109 omnino
2704 2064 2809 2121 est,
2855 2055 2911 2110 in
2947 2072 3237 2111 numerum
3285 2057 3523 2112 ﬁliorum

1950 2154 2062 2195 non
2092 2155 2214 2196 esse
2255 2151 2590 2198 venturum:
2638 2161 2826 2215 porro,
2859 2148 2902 2201 si
2933 2156 3188 2217 tanquam
3232 2159 3521 2218 prmstans,

1948 2246 2080 2302 ergo
2106 2231 2364 2299 Joannes,
2387 2234 2442 2289 in
2464 2235 2708 2292 Domina:
2734 2238 2880 2303 ﬁliis,
2920 2238 3116 2294 melior
3156 2249 3238 2295 est
3262 2239 3519 2300 Domino,

1947 2333 2006 2382 et
2027 2325 2171 2397 apud
2222 2327 2393 2383 Deum
2436 2328 2653 2384 Patrem
2702 2324 2871 2386 homo
2912 2330 3163 2386 absolute
3206 2331 3402 2385 melior
3438 2338 3525 2384 est

1950 2421 2172 2476 Verbo:
2223 2421 2374 2491 quod
2421 2422 2468 2477 si
2523 2432 2781 2490 tanquam
2824 2423 3001 2493 pejor,
3042 2421 3320 2492 quomodo
3370 2421 3524 2492 pejor

1951 2527 2097 2567 unus
2126 2512 2274 2568 ﬁlius
2304 2520 2391 2569 est
2413 2527 2539 2568 cum
2566 2512 2841 2567 meliore?
2881 2512 3000 2566 Non
3043 2513 3191 2566 enim
3232 2527 3402 2566 unum
3430 2510 3521 2565 di—

1947 2618 2107 2659 versa
2134 2612 2347 2673 rogant.

2022 2692 2127 2747 Sed
2156 2704 2212 2748 et
2250 2694 2296 2747 si
2331 2692 2550 2747 dicant:
2578 2694 2707 2763 quia
2733 2693 2870 2748 nihil
2903 2702 3007 2755 est,
3039 2694 3288 2763 arguitur
3328 2708 3521 2748 eorum

1950 2782 2138 2852 opinio
2161 2784 2230 2837 de
2255 2783 2455 2839 Christi
2494 2785 2786 2840 ﬁliatione.
2823 2786 3024 2839 Verum
3053 2793 3114 2840 ut
3143 2785 3200 2838 in
3227 2785 3331 2839 hoc
3352 2786 3522 2839 etiam

1950 2873 2243 2928 mendaces
2275 2874 2673 2945 ostendantur,
2694 2876 2749 2929 in
2790 2875 3007 2930 Domini
3039 2874 3377 2947 genealogia,
3426 2873 3523 2929 Jo-

1950 2964 2107 3034 seph,
2155 2965 2401 3019 Domina:
2442 2980 2696 3034 sponsus,
2749 2967 2956 3021 dicitur
2994 2966 3138 3023 ﬁlius
3179 2966 3317 3029 Heli,
3349 2978 3524 3034 quan-

1950 3070 2117 3125 quam
2147 3070 2214 3109 ex
2241 3054 2431 3121 Jacob,
2463 3055 2628 3125 hujus
2658 3055 2849 3121 fratre,
2877 3066 3074 3111 natura
3096 3055 3519 3125 primogenit’us,

1949 3147 2045 3202 sed
2070 3149 2225 3217 juxta
2256 3148 2453 3218 legem,
2496 3148 2644 3203 illius
2668 3156 2827 3203 antea
2875 3164 2995 3203 snne
3037 3149 3230 3203 liberis
3274 3144 3521 3202 defuncti

1948 3239 2135 3295 fratris
2162 3256 2349 3296 semen
2385 3241 2713 3297 declaratus.
2744 3242 2825 3295 Ad
2864 3242 3110 3310 apertius
3141 3248 3323 3295 autem
3355 3239 3514 3295 dete-

1947 3331 2182 3403 gendam
2232 3346 2427 3386 eorum
2470 3332 2748 3401 duplicem
2782 3332 3141 3402 impietatem,
3188 3332 3437 3386 dicamus
3461 3340 3521 3385 et

1948 3423 2128 3478 istud:
2156 3422 2210 3478 Si
2233 3424 2387 3495 juxta
2417 3437 2515 3480 vos
2540 3424 2711 3479 Filius
2739 3425 2833 3480 Dei
2868 3441 2965 3493 per
2990 3424 3341 3494 adaptionem
3367 3421 3536 3477 Chrir

1949 3524 2067 3569 stus
2087 3531 2195 3569 non
2218 3532 2328 3569 uno
2352 3531 2585 3571 numero
2608 3518 2871 3587 jungatur
2890 3514 3029 3569 Filio
3054 3529 3153 3585 per
3179 3523 3433 3568 naturam
3460 3518 3520 3565 et

1949 3608 2130 3663 Verbo
2167 3609 2286 3670 Dei,
2314 3609 2513 3663 exinde
2546 3608 2687 3663 duos
2725 3608 2866 3664 ﬁlius
2892 3617 3142 3664 astruere
3170 3621 3357 3663 nonne
3384 3619 3520 3661 con-

1947 3700 2243 3753 vincemiui
2267 3699 2293 3751 ?
2333 3702 2403 3754 At
2442 3714 2602 3762 vero,
2650 3714 2773 3753 cum
2808 3708 2864 3753 et
2893 3700 3007 3768 ipse
3042 3700 3203 3768 plane
3236 3697 3520 3768 cujusdam

1947 3790 2018 3842 sit
2050 3798 2246 3843 natura
2279 3787 2444 3853 ﬁlius,
2475 3798 2533 3843 et
2568 3791 2722 3858 juxta
2759 3804 2879 3853 vos,
2927 3789 3184 3849 hominis,
3220 3804 3331 3841 non
3371 3789 3522 3843 enim

1947 3889 2250 3951 spontanee
2276 3889 2574 3952 generatus
2600 3889 2705 3946 est,
2746 3880 2974 3936 evidens
3019 3888 3106 3934 est
3144 3878 3331 3944 illum;
3352 3878 3522 3933 etiam

277 3971 521 4040 γένηται,
550 3973 707 4043 δῆλον
737 3976 812 4039 ὡς
841 3976 967 4041 Υίός
1008 3980 1181 4044 ἐστιν,
1217 3980 1265 4031 εἰ
1312 3980 1405 4032 καὶ
1435 3978 1509 4049 μὴ
1542 3977 1700 4041 Θεοῦ,
1732 3977 1847 4030 ἀλλ’

1951 3973 2097 4042 iuxta
2127 3987 2246 4036 vos,
2272 3972 2319 4025 si
2355 3986 2467 4027 non
2498 3972 2616 4038 Dei,
2652 3980 2708 4027 at
2739 3980 2889 4027 certe
2929 3970 3242 4027 necessario
3288 3972 3523 4040 alicujus

279 4064 428 4131 ὅμως
453 4063 667 4126 πάντως
700 4066 842 4128 τινὸς
876 4068 1170 4136 προσώπου
1211 4068 1369 4139 φύσει
1401 4070 1488 4122 καὶ
1519 4068 1640 4122 καθ’
1668 4069 1810 4138 ὑμᾶς
1830 4085 1844 4099 °

275 4154 464 4207 τοῦτον
493 4155 585 4207 οῦν
622 4159 714 4209 τὸν
759 4158 820 4210 οὑ
859 4157 1010 4222 Θεὸν,
1040 4160 1160 4213 οὐδὲ
1203 4160 1339 4214 Θεοῦ
1390 4161 1549 4229 φύσει
1579 4160 1726 4224 Υίὸν,
1756 4162 1847 4212 ἀν-

277 4245 498 4315 θρώπου
528 4249 584 4301 δὲ
612 4249 772 4318 φύσει
803 4250 932 4303 Υίὸν
963 4254 1084 4305 καθ’
1110 4254 1274 4323 ὑμᾶς,
1308 4255 1401 4307 καὶ
1427 4256 1517 4307 τὸν
1540 4256 1700 4324 φύσει
1723 4255 1847 4307 Υίὸν

276 4338 371 4390 τοῦ
419 4338 554 4390 Θεοῦ
605 4341 800 4408 Λόγον,
855 4342 948 4394 δύο
992 4343 1140 4406 υίούς
1186 4361 1359 4411 φατε*
1390 4347 1424 4415 ἢ
1451 4347 1571 4399 οὐδὲ
1598 4346 1705 4410 Σὴθ
1756 4348 1847 4400 τόν

1948 4080 2215 4136 persona,
2248 4074 2443 4120 natura
2469 4065 2638 4120 ﬁlium
2664 4080 2806 4120 esse.
2848 4065 3005 4120 Hunc
3027 4064 3196 4136 igitur
3216 4079 3327 4119 non
3348 4064 3519 4118 Deum

1947 4176 2051 4215 nec
2097 4160 2195 4215 Dei
2240 4160 2548 4214 naturalem
2593 4160 2814 4225 Filium,
2864 4160 2960 4215 sed
3001 4160 3157 4230 juxta
3201 4174 3301 4214 vos
3346 4158 3520 4213 ﬁlium

1947 4248 2190 4302 hominis
2233 4249 2562 4314 naturalem,
2594 4258 2650 4302 et
2693 4250 2997 4302 naturalem
3030 4249 3226 4303 Filium
3259 4249 3353 4305 Dei
3383 4249 3523 4303 Ver-

1948 4340 2102 4403 bum,
2153 4339 2292 4394 duus
2343 4338 2485 4393 ﬁlios
2533 4340 2743 4404 dicitis,
2786 4340 2871 4393 vel
2919 4353 3099 4409 neque
3143 4338 3300 4403 Seth,
3350 4337 3525 4394 ﬁlium

279 4430 392 4481 υἱὸν
433 4429 623 4499 ’Λδὰμ,
656 4430 749 4483 καὶ
779 4432 869 4485 τὸν
902 4432 1070 4499 Λόγον
1101 4433 1194 4486 τοῦ
1222 4435 1378 4501 Θεοῦ,
1405 4436 1499 4490 δύο
1535 4440 1681 4501 υἱοὺς
1707 4440 1848 4508 ἐρεῖ-

1951 4430 2143 4495 Adam,
2187 4439 2243 4485 et
2287 4430 2527 4484 Verbum
2564 4430 2682 4495 Dei,
2733 4440 2923 4500 utpote
2970 4431 3135 4485 unius
3186 4438 3241 4485 et
3295 4429 3526 4485 alterius

275 4537 360 4582 τι,
392 4519 581 4591 ἐτέρου
623 4522 715 4573 καὶ
758 4523 945 4591 ἐτέρου
989 4524 1149 4589 ὄντας
1216 4527 1386 4593 υἱούς.
1444 4529 1505 4582 Ei
1546 4529 1603 4583 δὲ
1663 4530 1844 4596 τοῦτο,

280 4612 497 4673 τάντως
538 4610 696 4681 δῆλον
729 4612 804 4675 ὡς
835 4613 929 4667 δύο
969 4632 1066 4685 μεν
1115 4617 1262 4679 υίοὺς
1304 4620 1437 4684 ῐστε,
1468 4620 1559 4670 τόν
1589 4636 1648 4672 τε
1676 4620 1848 4687 Λόγον

278 4702 371 4753 καὶ
391 4702 481 4753 τὸν
508 4702 739 4772 Χριστόν
763 4720 775 4731 ·
799 4703 986 4775 ὥσπερ
999 4701 1091 4759 οὖν
1119 4706 1212 4761 καὶ
1225 4706 1317 4759 δύο
1341 4707 1607 4777 πρόσωπα
1628 4708 1812 4777 λέγετε
1833 4727 1845 4739 ·

279 4791 391 4844 ἀλλ’
432 4792 553 4845 οὐδὲ
582 4794 735 4857 Θεὸν,
767 4796 885 4847 osa:
918 4794 1053 4849 Θεοῦ
1088 4796 1211 4849 Υίὺν
1248 4798 1339 4851 τὸν
1388 4799 1643 4865 Χριστῧν,
1690 4802 1849 4870 μόνον

277 4885 331 4936 δὲ
348 4884 501 4952 ψιλὸν
532 4886 644 4938 υἱὸν
677 4887 805 4940 ὄντα
833 4888 955 4940 καθ’
974 4890 1119 4958 ἡμᾶς
1150 4888 1275 4953 τοὺς
1296 4889 1615 4960 ἀνθρώπους
1637 4891 1849 4960 ἀνθρώο

278 4992 383 5029 που
409 4993 422 5006 ·
454 4976 623 5030 ταῦτα
653 4978 709 5030 δὲ
739 4975 805 5047 ἦν
844 4979 980 5033 αύτά
1014 4980 1050 5033 ἃ,
1086 4982 1251 5035 πάλαι
1298 4982 1688 5053 ἐγκαλούμενοι
1718 4986 1849 5054 παρ’

279 5067 457 5136 ἡμῶν,
505 5067 671 5138 ἄλλην
703 5069 937 5139 ἀλλαχοῦ
979 5071 1366 5137 διεκδύνοντες,
1410 5073 1595 5127 λαθεῖν
1637 5076 1848 5144 ἐμηχα-

280 5159 443 5213 νᾶσθε
463 5174 476 5189 ⁸
509 5161 601 5214 καὶ
638 5162 745 5215 ἰδοὺ
777 5162 981 5234 θατέρᾳ
1016 5163 1250 5234 θατέραν
1280 5164 1599 5228 κακοδοξίαν
1637 5164 1846 5219 ἑαυτῶν

278 5250 621 5322 διηλέγξατε·
658 5253 815 5305 τοῦτο
846 5254 1106 5317 πολλάκις
1131 5256 1232 5306 κάν
1261 5256 1373 5317 τοῖς
1401 5254 1721 5322 δαιμονιῶσι
1747 5257 1847 5324 τῆς

277 5343 428 5406 θείας
474 5344 755 5412 δυνάμεως
815 5344 1134 5415 δεικνύσηςο
1179 5347 1273 5398 καὶ
1320 5345 1845 5414 καταναγκαζούσης

279 5436 363 5487 διὰ
390 5435 498 5487 τῶν
526 5437 698 5502 ἁγίων
724 5435 906 5503 λέγειν
934 5437 1132 5499 αὐτοὺς
1169 5438 1294 5499 τοὺς
1324 5436 1585 5504 δαίμονας
1611 5436 1844 5499 ἄκοντας

274 5528 374 5588 τὰς
405 5526 612 5579 ἑαυτῶν
640 5526 863 5595 ἐφόδους
888 5528 981 5578 καὶ
1016 5527 1308 5590 amcam;
1337 5527 1433 5579 καὶ
1462 5526 1726 5596 πονηρίας
1752 5527 1848 5587 τὰς

347 5699 426 5772 {5)
457 5698 739 5766 Siquidem
783 5714 1051 5753 numerus
1088 5699 1140 5753 in
1179 5698 1319 5753 ﬁlios
1342 5715 1439 5768 per
1467 5709 1723 5753 naturam
1743 5698 1909 5752 cadit.

1950 4523 2116 4587 ﬁlios,
2151 4521 2290 4576 duos
2320 4522 2463 4576 ﬁlios
2496 4521 2808 4591 loquimini.
2842 4521 2948 4576 Sed
2983 4521 3027 4576 si
3060 4521 3134 4576 ita
3159 4531 3264 4585 est,
3298 4536 3525 4590 prorsus

1949 4621 2099 4683 patet
2130 4614 2276 4682 quod
2318 4628 2417 4667 vos
2459 4612 2599 4667 duos
2636 4612 2778 4668 ﬁlios
2818 4612 3138 4683 agnoscitis,
3184 4608 3428 4668 Verbum
3468 4621 3526 4664 et

1949 4704 2266 4768 Christum,
2318 4703 2785 4773 quemadmodum
2838 4703 3016 4772 reipsa
3069 4702 3209 4757 duas
3260 4716 3527 4772 personas

1951 4795 2156 4861 dicitis,
2190 4810 2384 4850 verum
2416 4811 2596 4865 neque
2621 4796 2791 4850 Deum
2824 4810 3003 4865 neque
3029 4794 3224 4849 Filium
3245 4794 3339 4848 Dei
3366 4792 3527 4847 Chri-

1954 4897 2119 4950 stum,
2152 4889 2244 4942 sed
2274 4902 2486 4941 merum
2515 4895 2571 4941 et
2595 4887 2921 4955 simplicem,
2951 4886 3093 4938 sicut
3124 4897 3223 4937 nos
3249 4883 3523 4947 homines,

1957 4977 2129 5029 lilium
2167 4974 2431 5028 hominis.
2471 4972 2595 5027 Ηαεε
2641 4983 2825 5027 autem
2877 4983 3038 5027 erant
3071 4974 3187 5043 ipsa
3209 4973 3277 5026 de
3324 4973 3528 5042 quibus

1953 5080 1982 5116 a
2033 5062 2195 5119 nobis
2249 5063 2550 5128 criminati,
2601 5064 2695 5118 alii
2743 5064 2849 5118 alio
2896 5063 3270 5135 diﬁ‘ugientes,
3299 5065 3525 5134 jamjam

1949 5154 2123 5209 latere
2151 5154 2636 5209 machinabamini.
2666 5155 2732 5210 Et
2755 5171 2882 5211 ecce
2916 5172 3079 5210 unam
3105 5155 3209 5211 alia
3238 5170 3527 5227 perversas

1950 5248 2230 5304 doctrinas
2264 5260 2475 5305 vestras
2504 5250 2847 5320 prodidistis.
2881 5252 2994 5306 lloc
3023 5266 3165 5321 sape
3205 5249 3397 5306 videre
3440 5261 3528 5305 es;

1953 5343 2008 5396 in
2039 5341 2409 5405 dtemoniacis,
2446 5342 2633 5397 divina
2667 5344 2931 5415 potentia.
2954 5343 3220 5414 prodente
3269 5348 3527 5412 cogente-

1952 5450 2081 5505 qne,
2127 5434 2326 5490 mediis
2350 5434 2544 5499 sacris,
2578 5434 2728 5506 ipsos
2773 5434 3050 5490 daemones
3095 5448 3224 5487 suos
3265 5431 3434 5486 calles
3468 5442 3526 5487 ct

1955 5524 2182 5581 consilia
2220 5532 2274 5578 et
2309 5524 2587 5594 nequitias
2616 5539 2743 5595 erga
2776 5536 3195 5595 energumenos,
3229 5521 3401 5578 invite
3436 5522 3527 5578 di-
