3908 6306
433 239 568 308 ισιτ

1728 239 2042 301 LEONTII
2082 241 2486 307 ΒῩΖΑΝΤΙΝῘ

3577 245 3720 311 16ίὸ

429 368 578 420 cere,
606 359 666 406 ut
696 366 795 423 per
824 349 1438 422 semetipsosproprias
1465 347 1728 420 perﬁdias
1749 357 1989 419 tanquan

2119 354 2258 407 κατὰ
2307 355 2420 408 τῶν
2459 356 2875 428 ἐνεργουμένων
2899 374 2912 389 ⁸
2949 357 3039 410 ἵνα
3073 359 3140 411 δι’
3172 358 3387 414 ἑαυτῶν
3431 359 3534 423 τὰς
3577 361 3719 424 ιδίας

429 441 835 514 triumphantes
882 439 1192 510 producant
1237 451 1436 494 etnon
1484 437 1707 492 aliunde
1732 453 1832 507 per
1859 437 2000 490 invi-

429 535 578 590 diam
623 532 781 588 illudi
817 527 1128 586 videantur.
1162 531 1418 585 Attamen
1449 543 1554 583 nec
1587 527 2004 582 ratiocinatione

428 642 532 682 nec
577 625 974 696 principiorum
1018 622 1382 694 expositione,
1433 619 1712 691 quomodo
1757 617 2006 671 diversas

425 732 688 788 personas
735 729 845 770 non
891 714 1032 769 duos
1083 714 1228 769 ﬁlios
1273 728 1395 768 esse
1443 711 1657 776 dicant,
1710 707 2004 764 ostendere

424 809 692 872 valentes,
743 823 892 862 nunc
924 805 1191 877 exemplis
1233 804 1367 860 illud
1410 803 1577 859 nobis
1620 801 2002 858 demonstrare

425 897 618 952 volunt
651 904 708 952 et
737 895 927 953 dicunt
951 915 964 950 :

1055 1009 1208 1066 CAP.
1247 1009 1365 1064 XII.

497 1129 651 1198 Saepe
679 1141 769 1180 res
795 1131 993 1180 natura
1023 1122 1271 1176 diversas
1309 1135 1420 1175 uno
1464 1118 1687 1175 nomine
1723 1115 2000 1188 designari

424 1233 643 1289 unaque
664 1216 856 1272 haberi
883 1213 1248 1270 aestimatione
1268 1212 1491 1283 dignas;
1518 1211 1615 1266 sed
1642 1209 1815 1264 nihilo
1841 1223 2003 1278 pror-

425 1325 524 1367 sus
582 1309 720 1365 duas
771 1305 1036 1377 reputari.
1098 1303 1312 1374 Corpus
1353 1303 1501 1357 enim
1545 1315 1666 1356 esse
1719 1299 2001 1356 credimus

423 1409 482 1456 et
510 1399 833 1462 Ecclesiam,
863 1405 920 1451 et
947 1409 1143 1464 panem
1171 1401 1444 1454 sanctum,
1473 1399 1530 1445 et
1555 1389 1916 1454 cruciﬁxum;
1943 1395 2001 1442 et

425 1501 577 1548 certe
631 1489 780 1544 aliud
823 1498 988 1556 atque
1029 1485 1177 1540 aliud
1223 1482 1658 1553 unumquodque
1689 1495 1916 1546 eorum;
1942 1487 2001 1534 et

423 1583 786 1640 nihilominus
829 1581 958 1636 ideo
994 1580 1100 1634 ti-ia
1140 1578 1346 1635 Christi
1383 1591 1615 1646 corpora
1659 1575 1845 1629 dicere
1883 1588 1997 1627 non

2106 447 2489 518 θριαμϐεύωσι
2514 450 2870 520 μιαρότητας,
2903 450 2997 503 καὶ
3028 449 3103 520 μὴ
3134 452 3226 517 ὑφ’
3254 452 3468 521 ἐτέρων
3497 451 3720 517 δόξοιει

2105 537 2174 591 δι’
2203 539 2508 610 ἀπέχθειαν
2561 541 3046 610 συκοφαντεῖσθαι.
3107 541 3250 595 Ἀλλ’
3282 543 3412 596 οὗτε
3456 543 3720 610 συὶλογιο

2081 630 2332 697 στικῶς,
2388 631 2514 686 οὕτε
2575 634 2959 702 αἱτιολογικῶς
2996 633 3264 688 δεικνύειν
3306 637 3462 698 ὅπως
3507 637 3576 688 ού
3621 637 3714 688 δύο

2103 722 2254 786 υἱούς
2313 741 2482 792 φασιν
2519 721 2657 778 εἶναι
2683 728 2750 780 τὰ
2777 727 3014 796 διάφορα
3046 726 3314 795 πρόσωπα
3355 726 3711 798 δυνηθέντες,

2103 813 2200 868 νῦν
2246 817 2771 888 παραδειγματικῶς
2814 819 2947 888 ἡμῖν
3011 817 3167 872 τοῦτο
3215 817 3512 888 βούλονται
3569 833 3714 890 παρ·

2105 907 2286 960 ιστάνε
2296 923 2365 974 ιν,
2399 909 2494 962 καί
2529 923 2716 978 φασιν·

2684 1024 2941 1078 ΚΕΦΛΛ.
2984 1025 3084 1078 IB'.

2174 1133 2302 1190 Ὀτι
2348 1135 2614 1200 πολλάκις
2653 1137 2724 1191 τὰ
2762 1137 2996 1208 διάφορα
3044 1140 3110 1209 τῇ
3145 1137 3330 1208 φύσει,
3357 1138 3442 1192 ἑνὶ
3465 1139 3704 1209 ὀνόματι

2102 1228 2598 1300 προσαγορεύεται,
2649 1229 2746 1283 καὶ
2798 1231 2929 1300 μιᾶς
2973 1231 3142 1298 τιμῆς
3184 1230 3460 1299 ἠξίωται·
3504 1231 3607 1284 δύο
3644 1232 3703 1285 ἃ

2099 1323 2221 1377 οὐδὲ
2258 1325 2395 1387 ὅλως
2433 1327 2664 1376 νοεῖται⁹
2705 1323 2866 1393 σῶμα
2903 1325 3012 1394 γὰρ
3049 1325 3386 1395 πιστεύομεν
3422 1320 3571 1380 εἶναι
3603 1329 3704 1397 τήν

2098 1434 2156 1470 τε
2197 1415 2548 1486 Ἐκκλησίαν,
2578 1417 2674 1470 καὶ
2707 1417 2799 1470 τὸν
2824 1418 2978 1485 ἅγιον
3007 1417 3193 1489 ἄρτον.
3228 1420 3325 1470 καὶ
3348 1417 3413 1470 τὺ
3441 1435 3701 1488 σταυρω-

2099 1507 2194 1560 θέν
2213 1525 2228 1540 ο
2260 1507 2436 1561 καίτοι
2489 1507 2617 1562 ἄλλο
2646 1509 2738 1560 καὶ
2755 1505 2882 1562 ἄλλο
2903 1507 3136 1562 ἕκαστον
3155 1507 3364 1561 τούτων
3382 1527 3397 1541 ·
3421 1513 3523 1563 καὶ
3546 1511 3700 1576 ὅμως

2097 1597 2282 1660 ού,διὰ
2298 1597 2586 1668 τόδε,τρία
2623 1597 2853 1668 σώματα
2879 1597 3065 1664 λέγειν
3093 1597 3335 1667 Χριστοῦ
3366 1599 3699 1667 εἰσπραττό-

424 1673 828 1745 compellimur.
862 1669 1067 1725 Verum
1095 1667 1324 1723 evidens
1350 1673 1436 1720 est
1462 1666 1620 1736 quasi
1643 1663 1848 1719 Christi
1875 1677 1989 1716 cor-

2103 1689 2263 1760 μεθα.
2300 1689 2460 1742 Ἀλλὰ
2483 1663 2642 1759 δῆλόν
2667 1663 2804 1754 ἔστι,
2836 1663 3010 1752 ίῧτιῶς⁹
3031 1663 3273 1761 Χριστοῦ
3303 1663 3564 1760 σώματα,
3593 1692 3695 1744 οὐκ

423 1780 559 1838 pora
604 1779 715 1819 non
758 1777 880 1818 esse
913 1760 1025 1816 duo
1070 1759 1157 1816 vel
1197 1759 1334 1812 tria:
1367 1769 1490 1819 nam
1529 1765 1823 1826 propterea
1847 1753 1995 1824 quod

425 1853 862 1925 unumquodque
889 1867 1084 1908 eorum
1115 1849 1370 1906 eumdem
1400 1849 1692 1919 participat
1713 1847 1992 1916 spiritum,

423 1947 560 2002 illud
612 1945 836 2016 quidem
893 1943 1250 2007 cruciﬁxum,
1293 1948 1623 2011 ungentem,
1667 1939 1817 1993 hunc
1861 1952 1996 1992 vero

421 2053 656 2110 panem,
704 2045 1042 2101 sacrantem;
1077 2033 1380 2090 Ecclesiam
1427 2041 1634 2096 autem,
1686 2045 1784 2085 sua
1825 2037 1996 2084 totam

421 2129 924 2186 communicatione
997 2125 1470 2188 sanctillcantem,
1537 2123 1720 2178 omnia
1793 2134 1998 2190 corpus

420 2220 630 2278 Christi
671 2227 990 2276 censentur.
1022 2217 1306 2287 Tanquam
1335 2214 1503 2285 igitur
1531 2213 1759 2278 Christi,
1789 2220 1992 2277 unum;

422 2314 467 2372 si
515 2321 700 2366 autem
753 2311 869 2365 haec
913 2309 1242 2380 simpliciter
1284 2316 1346 2362 ut
1387 2320 1622 2376 corpora
1663 2304 1995 2376 judicamtis,

421 2402 530 2457 tria
569 2410 720 2464 sunt,
763 2414 982 2470 nempe,
1015 2414 1216 2468 corpus
1238 2395 1442 2452 Christi
1475 2395 1784 2466 proprium,
1815 2403 1870 2448 et
1895 2409 1998 2463 pa-

421 2493 532 2558 nis,
568 2501 626 2548 et
668 2491 935 2546 Ecclesia.
983 2489 1043 2545 Si
1083 2504 1218 2560 ergo
1257 2487 1339 2543 sic
1370 2487 1608 2542 Verbum
1645 2494 1703 2540 et
1739 2484 1994 2540 Christus

421 2580 572 2635 aliud
625 2579 760 2650 quid
811 2592 1104 2634 commune
1155 2577 1518 2650 participant,
1573 2584 1630 2630 et
1671 2575 1838 2630 ambo
1887 2575 1993 2630 hoc

421 2670 621 2726 eodem
677 2667 1010 2723 ﬁliationem
1049 2669 1148 2724 Dei
1191 2667 1506 2733 obtineant,
1557 2665 1691 2736 quid
1735 2666 1807 2720 sit
1860 2665 1993 2721 illud

421 2761 632 2825 dicant,
667 2775 886 2816 necnon
921 2759 1056 2830 quid
1081 2767 1228 2815 esset
1254 2774 1351 2814 sua
1385 2758 1721 2829 proprietate
1759 2755 1993 2812 Verbum

421 2853 630 2922 absque
679 2865 768 2918 eo,
815 2867 915 2922 per
953 2853 1101 2922 quod
1131 2850 1304 2906 Filius
1351 2851 1448 2906 Dei
1494 2849 1700 2905 factum
1743 2856 1850 2905 est.
1888 2848 1994 2905 Ubi

420 2958 552 3000 sane
590 2958 762 2998 unum
804 2954 861 2998 et
901 2943 1046 2998 idem
1067 2943 1304 2998 diversis
1332 2941 1552 2996 «naturis
1578 2941 1769 2996 datum
1791 2939 1993 2995 Filium

2097 1779 2206 1832 εῖσὶ
2231 1777 2327 1832 δύο
2349 1779 2382 1851 ἢ
2413 1779 2562 1848 τρίαο
2593 1777 2681 1832 διὰ
2700 1779 2807 1848 γὰρ
2839 1779 2902 1832 τδ
2928 1777 3024 1832 τοῦ
3050 1777 3216 1832 αὑτοῦ
3241 1777 3564 1848 πνεύματος
3595 1797 3694 1850 με-

2097 1873 2319 1942 τασχεῖν
2358 1871 2565 1924 τούτων
2596 1871 2850 1934 ἕκαστον,
2879 1870 2971 1924 τοῦ
3003 1871 3295 1940 χρίσαντός
3343 1887 3402 1923 τε
3435 1871 3501 1924 τδ
3523 1888 3690 1924 σταυ-

2097 1957 2272 2031 ρωθὲν
2300 1961 2493 2025 ἐκεῖνο,
2527 1961 2624 2014 καὶ
2649 1959 2973 2030 ἀγιάζοντος
2999 1957 3192 2012 τοῦτον
3233 1959 3327 2011 τὸν
3371 1960 3564 2030 ἄρτον,
3595 1962 3690 2013 καὶ

2095 2051 2198 2122 τὴν
2255 2050 2582 2123 Ἐκκλησίαν
2630 2051 2794 2106 πάλιν
2837 2051 2928 2104 διὰ
2968 2050 3066 2120 τῆς
3115 2050 3482 2119 μεταλήψεως
3521 2051 3688 2104 αὐτοῦ

2095 2144 2279 2196 πᾶσαν
2311 2141 2744 2210 ἁγιοποιοῦντος,
2791 2141 2952 2210 σῶμα
2992 2139 3231 2212 Χριστοῦ
3274 2140 3534 2194 νοοῦνται
3563 2142 3691 2194 πᾶν.

2093 2247 2198 2284 τα⁴
2224 2231 2301 2293 ὡς
2325 2231 2562 2301 Χριστοῦ
2585 2227 2700 2297 οὖν,
2731 2232 2790 2284 ἐν
2811 2249 2826 2264 ο
2867 2232 2918 2284 εἰ
2970 2232 3153 2302 μέντοι
3197 2231 3390 2295 tit-:13»;
3440 2233 3573 2285 τάδε
3609 2233 3686 2292 ὡς

2096 2321 2326 2392 σώματα
2365 2323 2644 2394 κρίνομεν,
2681 2323 2810 2393 τρία
2853 2323 2992 2376 εἰσίο
3021 2323 3084 2376 τό
3117 2339 3174 2376 τε
3209 2322 3462 2394 Χριστοῦ
3491 2324 3684 2388 ίδιιδν,

2095 2417 2194 2468 καὶ
2215 2415 2243 2469 o'
2273 2414 2460 2486 ἄρτος,
2507 2416 2601 2469 καὶ
2628 2418 2663 2486 ή
2708 2414 3038 2486 Ἐκκλησίαο
3083 2416 3135 2468 εί
3179 2411 3273 2470 οὖν
3307 2415 3494 2478 οὕτως
3526 2418 3623 2472 καὶ
3660 2420 3690 2472 1

2096 2507 2264 2576 Λόγος
2294 2509 2386 2562 καὶ
2413 2509 2442 2561 ό
2466 2509 2702 2580 Χριστὸς
2730 2507 3030 2578 μεταλήψει
3053 2507 3234 2561 κοινοῦ
3273 2525 3425 2571 τινος
3468 2510 3684 2582 ἑτέρου,

2096 2599 2267 2667 ἄμφω
2289 2598 2345 2650 δὲ
2373 2599 2466 2653 τοῦ
2507 2599 2676 2652 αὑτοῦ
2724 2597 3096 2653 υἱοποιοῦνται
3136 2597 3276 2668 Θεῷ,
3301 2599 3358 2650 τί
3387 2598 3556 2652 τοῦτό
3573 2603 3688 2653 ἐστι

2095 2689 2406 2757 λεγέτωσαν
2435 2709 2448 2722 ·
2477 2692 2574 2743 καὶ
2615 2692 2668 2744 τί
2699 2690 2853 2754 ὄντος
2883 2691 3054 2761 χωρὶς
3077 2690 3228 2743 τοῦδε
3257 2692 3384 2743 κατ’
3417 2693 3564 2744 ἰδίαν
3595 2691 3687 2745 τοῦ

2097 2781 2295 2848 Λόγου,
2323 2782 2447 2846 Tib;
2490 2783 2714 2851 γέγονεν
2734 2785 2763 2836 ό
2786 2783 2957 2850 Λόγος
2994 2781 3064 2834 δι’
3089 2780 3299 2834 ἐκείνου
3323 2799 3340 2812 ο
3375 2782 3523 2834 ὅπου
3549 2801 3614 2849 γε
3639 2785 3688 2836 εί

2096 2871 2158 2922 τὸ
2199 2872 2332 2925 αὐτὸ
2365 2871 2423 2924 ἓν
2466 2873 2618 2926 δοθὲν
2647 2873 2923 2944 διαφόροις
2967 2871 3215 2940 φύσεσιν,
3249 2871 3386 2925 Υίδν
3413 2873 3561 2926 Θεοῦ
3591 2877 3689 2928 καὶ

2097 2961 2186 3015 τὸν
2218 2962 2388 3031 Λόγον
2415 2962 2639 3032 ἐποίησε
2676 2965 2767 3016 καὶ
2797 2963 2889 3016 τὸν
2919 2962 3174 3034 Χριστὸν,
3207 2961 3316 3032 ἄρα
3342 2963 3520 3030 φύσει
3561 2965 3690 3018 Tib:

419 3020 533 3091 Dei.
559 3034 754 3090 fecerit
779 3043 835 3090 et
863 3033 1100 3090 Verbum
1142 3042 1200 3089 et
1232 3032 1539 3098 Christum,
1573 3031 1628 3086 id
1655 3046 1788 3104 ergo
1830 3029 1989 3085 faciet

2095 3053 2229 3106 Θεοῦ
2280 3020 2518 3125 ποιήσει,
2654 3053 2821 3122 θέσει,
2861 3020 3089 3108 καὶιτδν
3132 3020 3304 3123 Λόγον
3345 3020 3493 3108 εἶναι
3545 3058 3689 3110 κατὰ

421 3125 620 3182 Filium
656 3125 752 3180 Dei
791 3133 988 3180 natura
1026 3125 1112 3181 vel
1157 3125 1472 3195 adoptione,
1501 3131 1559 3179 et
1597 3122 1840 3178 Verbum
1873 3135 1994 3178 esse

421 3215 723 3270 secundum
756 3213 1038 3269 Christum
1072 3213 1386 3269 necessario
1413 3210 1692 3268 ostendet.

1039 3352 1192 3408 CAP.
1227 3347 1368 3404 XIII.
1459 3403 1468 3411 ,

489 3471 774 3531 Attamen,
823 3464 1115 3534 inquiunt,
1163 3475 1277 3516 non
1319 3456 1430 3512 duo
1481 3451 1718 3508 dicimus
1773 3449 1986 3520 sigilla,

417 3556 777 3627 archetypum
825 3562 884 3608 et
927 3552 1134 3614 locum,
1167 3549 1266 3605 sed
1309 3559 1500 3609 unum,
1533 3543 1662 3597 licet
1690 3539 1839 3595 aliud
1883 3556 1990 3594 nu-

419 3658 572 3698 mero
600 3642 875 3696 videntes.
903 3639 1021 3705 Ast,
1053 3655 1086 3694 ο
1111 3655 1207 3694 vos
1235 3637 1330 3707 qui
1359 3636 1438 3690 sic
1466 3631 1780 3704 loquimini,
1809 3645 1988 3702 neque

417 3735 558 3789 duos
591 3733 846 3788 homines
879 3740 1049 3786 totam
1077 3729 1496 3790 humanitatem,
1527 3738 1709 3794 neque
1733 3723 1844 3778 duo
1871 3724 1988 3776 ani-

420 3823 582 3878 malia
613 3829 786 3877 totum
817 3821 1138 3876 animalium
1167 3834 1361 3890 genus,
1395 3833 1592 3887 nempe
1617 3815 1765 3886 quod
1788 3815 1986 3870 simili-

420 3914 610 3969 tudine
653 3929 944 3970 commune
974 3921 1080 3976 est,
1120 3911 1434 3981 singulatim
1467 3908 1836 3970 nominamus,
1882 3921 1985 3960 nec

417 4019 650 4061 numero
701 4005 971 4076 plurimos
1015 4002 1330 4059 videbimus
1363 4016 1485 4056 esse
1527 4008 1584 4054 et
1629 3999 1882 4052 homines
1927 4006 1985 4051 et

415 4096 697 4162 animalia,
739 4104 798 4151 et
842 4095 1092 4161 arboves,
1137 4101 1196 4150 et
1237 4093 1436 4165 sigilla,
1481 4091 1754 4161 siquidem
1787 4104 1993 4144 eorum.

2093 3146 2328 3217 Χριστὸν
2353 3147 2518 3210 δείξει
2546 3146 2606 3213 ἐξ
2641 3147 2909 3216 ἀνάγκης.

2677 3345 2931 3400 ΚΕΦΑΛ.
2969 3345 3072 3398 II".

2170 3460 2450 3514 Ἆλὶσοῦτε
2481 3459 2575 3514 δύο
2604 3459 2928 3531 σφραγῖδας,
2957 3459 3112 3528 φησι,
3138 3457 3397 3528 λέγομεν,
3418 3461 3482 3512 τὸ
3511 3461 3682 3529 ﬁgli-

2087 3572 2259 3618 τύπον
2301 3556 2396 3608 καὶ
2439 3553 2532 3606 τὸν
2556 3553 2744 3618 τόπον,
2779 3551 2916 3605 ἀλλὰ
2948 3550 3099 3620 μίαν.
3131 3548 3310 3602 καίτοι
3357 3550 3554 3619 ἕτερον
3581 3551 3681 3605 καὶ

2085 3648 2272 3718 ἕτερον
2317 3646 2520 3710 εἰδότες
2559 3645 2636 3715 τῷ
2673 3643 2912 3714 ἀριθμῷ.
2955 3641 3121 3704 ‘AD',
3152 3634 3197 3694 ὧ
3227 3638 3398 3709 οὗτοι,
3421 3642 3504 3712 τῷ
3533 3644 3679 3712 λόγῳ

2089 3737 2243 3808 τῷδε,
2273 3736 2398 3789 οὔτε
2435 3736 2529 3789 δύο
2561 3735 2882 3804 ἀνθρώπους
2917 3736 3025 3803 ἄρα
3067 3737 3252 3789 πᾶσιν
3292 3736 3397 3804 τὴν
3461 3734 3680 3801 ἀνθρω-

2087 3827 2317 3896 πότητα,
2351 3826 2470 3879 οὐδὲ
2498 3825 2591 3878 δύο
2615 3824 2732 3889 ζῶα
2770 3826 2831 3878 τὸ
2856 3825 3088 3878 καθόλου
3126 3824 3284 3889 ζῶον,
3315 3826 3490 3895 ἦγον-δ
3525 3827 3588 3876 τὸ
3613 3824 3676 3889 ἐξ

2087 3915 2408 3981 ὁμοιότητος
2454 3914 2656 3978 κοινὸν,
2702 3913 2899 3975 ἑνικῶς
2947 3911 3328 3982 ὀνομάζομεν
3375 3913 3503 3966 οὐδὲ
3551 3914 3670 3964 κατ’

2083 4004 2316 4075 ἀριθμὸν
2353 4005 2574 4067 πλείους
2602 4003 2861 4073 εἰσόμεθα
2884 3999 3022 4056 εἶναι
3065 4003 3158 4057 καὶ
3186 4003 3310 4064 τοὺς
3339 4002 3668 4073 ἀνθρώπους

2084 4099 2179 4151 καὶ
2222 4098 2290 4150 τὰ
2341 4095 2459 4160 ζῶα
2499 4096 2594 4150 καὶ
2637 4097 2705 4148 τὰ
2735 4095 2878 4162 φυτὰ
2910 4095 3002 4147 καὶ
3039 4095 3135 4157 τὰς
3157 4095 3469 4164 σφραγῖδας
3495 4109 3513 4124 ⁸
3545 4097 3665 4146 ἐπεὶ

413 4185 660 4240 omnium
701 4182 947 4257 speciem
985 4181 1045 4238 in
1078 4179 1437 4238 multitudine
1471 4178 1706 4236 similem
1733 4185 1791 4236 et
1817 4191 1984 4234 unam

2094 4189 2270 4261 Βμοιον
2301 4187 2523 4242 πάντων
2555 4187 2736 4242 αὐτῶν
2783 4203 2964 4256 φαμεν
2989 4185 3052 4240 τὸ
3075 4181 3219 4250 εἶδος
3259 4182 3403 4239 εἶναι
3430 4187 3498 4240 τὸ
3525 4187 3666 4240 κατὰ

409 4289 533 4332 esse
559 4273 818 4332 dicimus.
851 4273 1243 4332 Verumtamen
1265 4280 1326 4329 et
1352 4271 1466 4328 duo
1505 4279 1565 4328 et
1599 4271 1732 4337 tria,
1774 4277 1834 4326 et
1881 4267 1981 4324 de-

2081 4280 2144 4334 τδ
2175 4278 2383 4350 πλῆθος
2413 4279 2510 4334 καὶ
2540 4278 2630 4334 ἕν’
2660 4277 2756 4334 καὶ
2787 4277 2895 4351 μὴν
2925 4275 3023 4333 δύο
3056 4293 3119 4331 τε
3159 4277 3255 4332 καὶ
3280 4276 3412 4349 τρία
3437 4279 3541 4332 καὶ
3570 4297 3666 4350 μυ-

409 4381 532 4423 cem
560 4367 731 4423 millia
769 4366 1007 4423 dicimus
1049 4365 1308 4422 animalia
1335 4372 1394 4420 et
1429 4363 1700 4420 homines.
1739 4361 1808 4417 At
1849 4375 1981 4417 vero

2094 4373 2180 4443 ρία
2214 4371 2448 4441 λέγομεν
2482 4371 2600 4437 ζῶα
2631 4371 2725 4428 καὶ
2755 4368 3112 4442 ἀνθρώπους
3161 4370 3310 4437 ὅμως
3362 4369 3427 4422 τὸ
3478 4371 3662 4439 παρὰ-

407 4459 565 4514 vnbis
625 4461 936 4529 exemplum
997 4459 1105 4515 alia
1167 4473 1318 4514 nunc
1371 4457 1695 4514 consilietur
1741 4469 1806 4512 ac
1853 4470 1978 4526 quae

408 4550 540 4604 olim
586 4551 723 4606 estis
753 4551 962 4620 opinati
989 4568 1004 4606 :
1037 4551 1178 4607 duos
1209 4549 1357 4606 enim
1398 4564 1633 4604 numero
1664 4547 1808 4603 ﬁlios
1831 4561 1973 4610 esse,

409 4641 675 4698 liliatione
727 4651 910 4697 tamen
941 4642 1153 4698 similes
1192 4653 1250 4696 et
1281 4657 1393 4696 non
1428 4641 1675 4696 diversas
1709 4637 1973 4703 ostendit,

405 4747 722 4804 quanquam
754 4742 931 4802 usque
961 4732 1126 4787 modo
1153 4731 1423 4787 dicebatis
1449 4733 1611 4786 ambo
1652 4729 1739 4785 vel
1781 4740 1978 4784 natura

406 4825 492 4876 ιρι
534 4822 834 4892 adoptione
872 4821 1016 4877 ﬁlios
1045 4837 1170 4878 esse
1199 4831 1476 4892 oportere,
1503 4831 1562 4876 et
1599 4819 1810 4876 similes
1834 4818 1977 4874 lilia-

408 4915 574 4968 tionis
614 4914 798 4984 specie
841 4913 897 4968 in
929 4913 1082 4968 duali
1111 4912 1351 4968 ﬁliorum
1378 4927 1610 4968 numero
1642 4911 1972 4982 computari.

405 5005 577 5076 Igitur
604 5006 651 5060 si
679 5006 898 5061 diversa
942 5021 1054 5060 non
1095 5015 1180 5061 est
1216 5021 1408 5060 eorum
1449 5004 1731 5060 liliationis
1761 5003 1978 5074 species

405 5107 663 5172 tanquam
715 5097 882 5168 sigilli
927 5097 1154 5152 relative
1197 5098 1266 5151 ad
1311 5098 1700 5168 archetypum,
1747 5105 1976 5166 propter

401 5189 841 5256 similitudinem,
860 5191 1008 5260 iuxta
1027 5205 1144 5255 vos,
1170 5189 1280 5244 duo
1301 5189 1511 5244 censeri
1532 5195 1796 5260 possunt;
1822 5196 1876 5242 et
1895 5188 1976 5242 sic

399 5280 605 5343 demto,
623 5280 667 5334 si
693 5279 874 5334 taliter
889 5295 953 5333 ac
969 5295 1058 5334 res
1077 5280 1284 5334 similes
1299 5279 1365 5333 ad
1384 5297 1442 5334 se
1462 5280 1696 5333 invicem
1715 5278 1974 5332 similitu-

400 5371 587 5426 dinem
610 5371 866 5438 habeant,
903 5373 990 5426 vel
1023 5386 1154 5426 caro
1185 5382 1384 5426 natura
1416 5372 1586 5426 Filius
1623 5371 1862 5434 Deicrit,
1887 5370 1973 5424 vel

401 5462 568 5514 etiam
601 5462 841 5518 Verbum
887 5463 1065 5534 gratia
1097 5463 1206 5518 erit
1230 5464 1327 5518 Dei
1372 5463 1562 5518 Filius.
1593 5463 1699 5517 Sed
1733 5459 1789 5517 et
1814 5463 1976 5516 Pater

401 5551 509 5601 erit
545 5565 710 5605 caro:
740 5570 864 5610 nam
898 5555 1099 5614 similia
1130 5557 1234 5610 sibi
1274 5556 1575 5610 Secundum
1605 5557 1970 5609 substantiam

404 5649 630 5708 generat
655 5646 919 5698 naturalis
941 5659 1114 5716 pater.
1146 5649 1200 5702 Si
1227 5663 1356 5718 ergo
1386 5649 1707 5703 naturaliter
1751 5664 1972 5705 carnem

2083 4459 2282 4531 δειγμα
2335 4461 2467 4529 ύμῖν
2524 4463 2593 4515 τὰ
2650 4462 2870 4514 ἐναντία
2919 4458 3168 4530 βούλεται
3226 4457 3322 4512 νῦν
3365 4451 3443 4512 ὧν
3496 4458 3662 4512 πάλαι

2085 4536 2374 4618 δοξάζετε·
2405 4551 2500 4606 δύο
2545 4552 2648 4623 μιν
2687 4552 2799 4622 γὰρ
2856 4547 2996 4604 εἶναι
3048 4555 3176 4614 τοὺς
3224 4549 3376 4615 υἱοὺς
3420 4548 3658 4622 ἀριθμῷ,

2083 4643 2222 4698 ἀλλὰ
2275 4643 2697 4713 ὁμοίουςοκατὰ
2738 4641 2838 4712 τὴν
2885 4642 3112 4711 υίότητα
3152 4644 3249 4696 καὶ
3271 4642 3332 4696 οὐ
3370 4641 3659 4714 διαφόρους

2083 4735 2264 4806 δηλοῖ·
2309 4734 2486 4788 καίτοι
2537 4732 2758 4802 ἐλέγετε
2799 4732 2902 4796 ἕως
2945 4735 3095 4803 ἄρτι,
3127 4733 3204 4798 ὡς
3246 4733 3473 4804 ἂμφωῆ
3507 4735 3660 4804 φύσει

2084 4823 2225 4880 εἶναι
2258 4825 2338 4879 δεῖ
2397 4826 2431 4896 ἢ
2485 4824 2634 4879 θέσει
2669 4825 2856 4889 υἱούς·
2893 4827 2987 4878 καὶ
3018 4825 3237 4896 ὁμοίους
3283 4825 3362 4895 τῷ
3403 4826 3538 4879 εῖδει
3565 4826 3662 4893 τῆς

2087 4920 2334 4989 υἱότητος
2393 4917 2522 4982 τοὺς
2597 4917 3035 4989 ἀριθμουμένους
3074 4919 3154 4982 είς
3203 4918 3372 4970 δυάδα
3410 4916 3582 4970 υἱῶν·
3615 4919 3661 4969 εί

2082 5006 2176 5065 οὖν
2205 5011 2498 5080 ἀδιάφορον
2521 5008 2702 5064 αὐτῶν
2733 5012 2795 5063 τὸ
2821 5009 2926 5080 τῆς
2974 5009 3219 5078 υίότητος
3267 5003 3426 5070 εἶδος,
3471 5006 3664 5076 ὥσπερ

2083 5103 2182 5168 τῆς
2234 5103 2524 5173 σφραγῖδος
2577 5102 2714 5172 πρὸς
2771 5101 2835 5155 τὸ
2876 5101 3211 5171 ἀρχέτυπον,
3255 5098 3514 5152 δύνανται
3573 5099 3664 5150 δύο

2083 5192 2321 5245 νοεῖσθςλι
2373 5192 2458 5246 διὰ
2505 5193 2604 5261 τὴν
2651 5193 2946 5261 ὁμοιότητα
2989 5190 3109 5243 καθ’
3153 5191 3328 5258 ὑμᾶς·
3373 5189 3518 5242 ὥστε
3572 5185 3664 5242 οὖν

2083 5285 2243 5338 πάλιν
2279 5285 2374 5336 καὶ
2407 5285 2454 5335 εἰ
2495 5280 2670 5344 οὕτως
2699 5285 2878 5352 ἔχουσι
2913 5283 3008 5352 τὴν
3052 5283 3345 5352 ὁμοιότητα
3391 5283 3528 5352 πρὸς
3573 5283 3664 5334 ξλ-

2083 5376 2216 5443 ληλα
2269 5376 2344 5436 ὡς
2393 5376 2461 5427 τὰ
2507 5373 2753 5443 ὁμοειδῆ,
2803 5375 2897 5426 καὶ
2932 5375 2967 5442 ἡ
3010 5373 3145 5441 σὰρξ
3195 5373 3354 5439 φύσει
3403 5372 3532 5435 Υἱὸς
3572 5369 3664 5424 τοῦ

2081 5467 2237 5524 Θεοῦ.
2269 5467 2301 5534 ἢ
2333 5467 2428 5519 καὶ
2447 5467 2475 5518 ό
2505 5464 2678 5532 Λόγος
2706 5464 2890 5534 χάριτι
2933 5463 3064 5526 Υίδς
3087 5462 3222 5515 Θεοῦ
3245 5480 3259 5494 ο
3295 5463 3451 5516 ἔσται
3481 5463 3542 5514 δὲ
3573 5464 3664 5516 καὶ

2081 5560 2108 5609 ό
2140 5559 2348 5628 Πατὴρ,
2388 5557 2526 5627 σάρξ
2545 5574 2561 5589 ο
2587 5557 2748 5626 ὃμοια
2774 5555 2883 5626 γὰρ
2915 5557 3091 5608 τίκτει
3112 5554 3293 5622 ἑαυτῷ
3323 5557 3445 5607 κατ’
3474 5553 3663 5607 οὐσίαν

2081 5653 2110 5706 ὁ
2141 5649 2297 5719 φύσει
2327 5651 2510 5721 πατὴρ
2531 5665 2544 5678 ·
2573 5649 2620 5703 εί
2649 5647 2740 5703 οῦν
2773 5649 2951 5719 σάρκα
2970 5648 3154 5702 τὲτοκε
3186 5647 3370 5716 φύσει,
3401 5647 3496 5701 καὶ
3529 5645 3662 5717 σάρξ
