3908 6306
295 397 434 467 1649

1213 393 1607 454 ADVERSUS
1648 391 2192 453 NESTORIANOS.
2218 417 2288 428 -ε-
2320 393 2466 456 LIB.
2507 396 2603 455 IV.

3410 371 3548 461 1650

295 517 416 567 ἐστι
439 511 597 582 φύσει
625 527 637 541 ·
667 509 758 562 καὶ
789 510 816 559 6
853 507 1022 573 Λόγος
1051 505 1105 556 δὲ
1134 503 1267 567 Θεὸς
1291 503 1366 558 ὢν
1401 504 1586 570 φύσει,
1619 503 1679 556 οὗ
1711 502 1872 571 φύσει

1987 502 2169 573 gignit,
2219 512 2303 557 est
2325 504 2489 558 etiam
2536 508 2868 562 naturallter
2903 524 3052 564 caro.
3084 507 3193 564 Sed
3225 514 3281 562 et
3303 507 3546 562 Verbqu

299 606 427 668 Υἱός
465 605 582 656 ἐστι
623 600 718 654 τοῦ
766 597 1001 669 Πατρὸς,
1031 596 1171 650 ἀλλὰ·
1213 598 1393 666 χάριτι
1426 597 1522 649 σὺν
1563 599 1631 667 τῇ
1674 597 1871 664 σαρκί·

299 699 358 749 o':
399 694 530 757 Θεὸς
555 694 660 764 ἄρα
684 694 711 746 6
745 691 924 761 πατὴρ
949 693 1118 754 ἐστιν,
1151 689 1262 741 εἴτε
1303 687 1396 740 οὖν
1429 689 1607 756 ὅμοιοι
1630 687 1739 740 εἴτε
1775 687 1875 739 ἀν-

300 784 477 852 όμοιοί
499 787 636 836 εἰσιν
661 785 711 835 οἱ
739 783 843 834 υἱοὶ
868 781 958 834 καὶ
979 779 1170 842 οὕτως,
1202 779 1361 848 εἴπερ
1382 780 1438 830 αἱ
1464 779 1756 852 σφραγῖδες
1781 777 1875 830 καὶ

267 876 368 947 γτὰ
404 873 685 943 ἀρχέτυπα
718 872 779 925 rb
823 871 942 925 κατ’
982 870 1214 940 ἀριθμὸν
1260 869 1517 938 διάφορον
1563 868 1796 938 ἔχουσιν,
1825 871 1874 921 εί

303 968 395 1018 καὶ
441 965 516 1035 μὴ
564 964 626 1016 rb
660 963 802 1017 κατὰ
847 964 908 1015 rb
948 959 1084 1025 εἶδος
1129 961 1480 1015 διαλλάσσονο
1517 962 1612 1015 καὶ
1654 961 1760 1013 οῖδε
1799 961 1876 1030 τῷ

302 1055 523 1126 ἀριθμῷ
547 1051 1170 1122 διαφέροντες,δύναιντο
1198 1051 1263 1104 ἂν
1292 1051 1452 1114 εἶναι,
1481 1053 1576 1104 καὶ
1607 1054 1687 1113 εἰς
1711 1051 1878 1105 δυάδα

305 1145 438 1198 υἱῶν
487 1144 957 1214 συναριθμεῖσθαι,
1011 1142 1202 1214 ὥσπερ
1245 1142 1457 1205 Παῦλος
1499 1143 1591 1195 καὶ
1639 1141 1866 1211 Πέτροςο

304 1233 393 1303 ἢὸ
430 1233 713 1295 δακτύλιος
756 1234 850 1286 καὶ
898 1235 926 1285 6
969 1232 1157 1303 κηρὸς,
1208 1231 1240 1302 ἢ
1288 1232 1456 1301 πηλὸς
1506 1231 1597 1284 καὶ
1633 1231 1879 1300 μόλιὸδος

303 1325 772 1394 ἐντετυπωμένον
814 1325 948 1377 ἀλλὰ
989 1324 1155 1377 πάλιν
1214 1324 1312 1395 τὴν
1341 1323 1596 1393 διάφορον
1629 1323 1760 1394 ὓλην
1786 1324 1880 1377 ἀν-

312 1413 453 1466 ελεῖν
482 1431 613 1481 φασι
653 1413 745 1466 τὸν
771 1414 1002 1484 ἀριθμὸν
1024 1414 1134 1466 τῶν
1166 1414 1478 1483 σφραγίδων
1514 1413 1756 1481 mrem,
1784 1414 1879 1467 καὶ

308 1505 437 1573 μίαν
464 1507 634 1558 ποιεῖν
661 1506 759 1568 τὰς
783 1505 984 1568 πολλὰς
1003 1505 1244 1558 νοεῖσθαι
1265 1521 1279 1536 ο
1309 1505 1508 1557 οὐκοῦν
1532 1505 1592 1556 rb
1621 1504 1881 1577 διάφορον

302 1597 474 1666 αὐτῆς
511 1597 756 1667 εἴποιμεν
785 1597 988 1663 εἰσάξει
1012 1599 1172 1650 αὐτόν
1197 1613 1209 1626 ·
1237 1599 1285 1650 εί
1308 1597 1416 1667 γὰρ
1451 1596 1527 1664 τῷ
1559 1598 1783 1667 ἐναντίῳ
1820 1597 1880 1650 rb

303 1689 564 1750 havriov,
583 1692 639 1741 ἐν
661 1690 816 1759 κηρῷ
842 1686 934 1742 οὖν
955 1689 1116 1758 τυχὸν
1139 1684 1499 1750 οὖσαιπᾶσαι,
1524 1688 1741 1750 πλείους
1770 1682 1879 1740 εἷεν

305 1781 636 1849 σφραγῖδες’
675 1781 733 1832 ὲν
777 1779 1056 1849 διαφόροις
1091 1778 1147 1831 δὲ
1180 1778 1332 1841 ὕλαις
1371 1778 1728 1841 τυπωθεῖσαι,
1780 1778 1878 1848 μία

303 1869 410 1920 εἰσί
439 1868 562 1920 καθ’
596 1870 770 1937 ὑμᾶς’
800 1869 939 1920 ἀλλὰ
983 1868 1156 1920 ταῦτα
1202 1868 1436 1938 δάκρυον
1465 1868 1756 1936 ὀφείλεται,
1787 1871 1882 1924 καὶ

305 1960 514 2026 γέλωτα
544 1960 692 2030 ὅμως
721 1962 869 2030 ἡμᾶς
893 1961 1157 2025 ὲκϐιάζει.

905 2229 1153 2282 ΚΕΦΑΛ.
1190 2227 1282 2281 IA'.

380 2315 450 2367 Τί
474 2311 588 2379 οὖν,
622 2316 754 2385 φησί
778 2334 792 2381 ;
828 2317 921 2367 δύο
947 2317 1095 2383 λόγοι
1121 2318 1277 2380 εἰσὶν,
1310 2318 1337 2370 ὅ
1357 2335 1414 2369 τε
1448 2319 1760 2388 λεγόμενος,
1790 2325 1882 2376 καὶ

304 2408 334 2458 ὁ
373 2406 741 2474 ἁκουόμενος;
787 2405 949 2459 Ἀλλὰ
978 2409 1116 2460 κὰπὶ
1161 2411 1386 2472 τούτων,
1415 2411 1629 2478 πρῶτον
1659 2413 1757 2482 μὲν
1788 2414 1882 2467 ἄλ-

304 2494 394 2557 λος
440 2497 466 2548 6
518 2495 842 2560 ἐνδιάθετος,
896 2500 989 2550 καὶ
1032 2498 1191 2561 ἄλλος
1233 2502 1260 2552 6
1305 2500 1446 2552 κατὰ
1485 2500 1751 2555 διάνοιαν·
1789 2507 1882 2558 καὶ

304 2586 490 2656 ἔτερος
519 2589 546 2640 6
576 2588 935 2666 προφορικὸς,
969 2588 1063 2642 καὶ
1092 2591 1119 2642 ὁ
1151 2590 1256 2642 ὑπὸ
1299 2590 1518 2644 τοῦτονο
1551 2595 1577 2646 6
1599 2597 1877 2664 γραπτὸς,

305 2680 400 2732 καὶ
427 2679 564 2748 μετὰ
592 2679 812 2742 τούτους
830 2681 858 2732 6
883 2681 1210 2748 ἀκουόμενός
1228 2682 1342 2733 ἐστι
1365 2700 1378 2712 ο
1395 2684 1488 2736 καὶ
1511 2684 1716 2738 τούτων
1743 2686 1800 2739 δὲ
1823 2687 1884 2740 rb

306 2770 482 2822 κοινόν
502 2786 516 2801 ο
546 2770 746 2839 ὁμοίως
791 2773 908 2833 ταῖς
948 2771 1238 2840 σφραγῖσιν
1265 2771 1323 2822 ἓν
1355 2770 1407 2824 τί
1433 2773 1551 2824 ἐστι
1577 2772 1637 2826 rb
1654 2774 1794 2826 κατὰ
1823 2775 1884 2828 rb

309 2865 709 2934 σημαινόμενον
733 2864 792 2917 τὸ
821 2865 950 2916 αὑτό
975 2880 986 2894 ⁸
1017 2864 1092 2927 ὡς
1114 2865 1162 2916 εί
1189 2864 1296 2917 τῶν
1320 2864 1528 2933 πολυσή
1539 2881 1651 2933 μων
1683 2882 1768 2927 τις
1793 2864 1880 2936 εἴη

307 2955 464 3024 λόγος
500 2957 598 3009 εἴτ’
628 2956 720 3008 οὖν
757 2956 1096 3026 ὁμωνύμωνο
1134 2957 1238 3010 κᾶν
1279 2957 1360 3009 ἑνὶ
1398 2957 1545 3025 μόνῳ
1587 2956 1812 3027 λέγηται
1847 2957 1880 3026 ἢ

305 3047 587 3114 ἀκούηται,
625 3049 722 3116 οὐχ
765 3043 844 3110 εἷς
874 3048 1030 3114 λόγος
1073 3046 1153 3099 ἔτι
1187 3047 1435 3114 λέγεταιο
1480 3047 1581 3101 κᾶν
1624 3050 1722 3119 μιᾷ
1753 3066 1884 3118 προσ

1978 595 2123 665 quod
2169 605 2252 650 est
2301 597 2627 651 naturaliter
2670 599 2835 664 Deus,
2888 617 2996 655 non
3041 611 3126 656 est
3160 599 3340 654 Patris
3381 597 3554 652 Filius

1977 687 2263 750 naluralis,
2303 686 2402 740 sed
2433 687 2598 741 simul
2627 704 2754 744 cum
2786 705 2947 745 carne
2979 691 3150 746 Filius
3174 706 3272 760 per
3296 689 3548 759 gratiam.

1977 777 2099 831 Non
2139 779 2284 832 Deus
2323 779 2507 848 itaque
2537 787 2694 849 pater
2733 789 2838 844 est,
2873 781 2991 836 sive
3033 781 3242 837 similes
3285 781 3402 835 sive
3452 780 3552 834 ab—

1980 868 2186 922 similes
2220 869 2330 922 sint
2365 870 2551 923 taliter
2581 869 2701 936 ﬁlii,
2743 869 3011 940 siquidem
3047 871 3223 940 sigilla
3254 879 3312 924 et
3355 869 3554 923 archc—

1980 967 2104 1029 typa
2161 960 2467 1014 secundum
2527 977 2819 1015 numerum
2869 961 3250 1016 diversitatem
3307 960 3550 1020 habent,

1979 1050 2108 1108 licet
2163 1053 2464 1106 secundum
2528 1055 2766 1123 speciem
2823 1071 2933 1109 non
2989 1055 3286 1119 dill'erant;
3345 1063 3402 1109 et
3461 1053 3553 1108 isti

1979 1154 2212 1194 numero
2256 1140 2576 1196 differentes
2619 1159 2743 1198 esse
2789 1155 3016 1214 possent
3051 1155 3106 1201 et
3135 1145 3192 1199 in
3226 1143 3376 1200 duali
3414 1143 3554 1198 lilio-

1983 1247 2103 1284 rum
2144 1247 2374 1287 numero
2416 1237 2754 1304 computari,_
2789 1237 2932 1290 sicut
2981 1237 3184 1292 Paulus
3227 1246 3283 1292 et
3333 1237 3552 1299 Petrus,

1981 1320 2067 1374 vel
2106 1323 2343 1376 annulus
2375 1332 2431 1376 et
2476 1340 2623 1388 cera,
2674 1335 2770 1380 aut
2812 1327 2990 1381 lutum
3029 1336 3085 1382 et
3125 1329 3413 1397 plumbum
3453 1329 3554 1381 im-

1980 1415 2266 1480 pressione
2322 1413 2554 1482 signata.
2593 1413 2700 1468 Sed
2743 1432 2962 1470 rursum
3004 1419 3189 1486 inepte
3237 1417 3432 1473 dicunt
3473 1418 3557 1471 di-

1981 1515 2197 1555 versam
2228 1504 2516 1579 materiam
2546 1521 2838 1560 numerum
2872 1507 3179 1576 sigillorum
3219 1509 3408 1563 tollere
3437 1508 3556 1562 etii-

1982 1607 2218 1662 cereque
2243 1601 2302 1646 ut
2329 1595 2499 1648 multa
2529 1607 2861 1651 censeantur
2901 1613 3096 1652 unum.
3133 1599 3298 1669 Ergo,
3344 1599 3556 1655 dicere-

1982 1698 2124 1747 mus,
2172 1684 2320 1753 quod
2370 1684 2649 1739 diversum
2698 1696 2783 1740 est
2823 1690 3066 1744 materia:
3116 1690 3338 1744 adducit
3383 1705 3552 1745 eum:

1982 1773 2118 1828 Cum
2140 1775 2288 1828 enim
2312 1777 2586 1830 contraria
2613 1778 2909 1832 contrariis
2935 1781 3259 1848 probantur,
3285 1780 3330 1835 si
3359 1790 3559 1836 cuncta

1983 1865 2160 1937 sigilla
2211 1867 2266 1920 in
2309 1881 2489 1921 ceram
2536 1867 2887 1935 cecidissent,
2930 1871 3086 1938 plura
3125 1880 3310 1925 essent
3338 1870 3554 1941 sigilla:

1983 1960 2080 2014 sed
2111 1960 2165 2014 in
2193 1960 2429 2016 diversis
2461 1962 2709 2016 materiis
2739 1961 3024 2030 impressa,
3054 1964 3206 2033 juxta
3235 1978 3353 2026 vos,
3384 1978 3554 2016 unum

1984 2059 2130 2104 sunt.
2182 2050 2388 2104 Verum
2431 2050 2559 2104 talia
2604 2050 2722 2106 ﬁeri
2771 2050 2974 2106 debent
3005 2059 3059 2106 ct
3089 2061 3272 2106 tamen
3311 2050 3480 2107 risum
3525 2067 3558 2106 a

1985 2143 2142 2197 nobis
2175 2141 2430 2199 eliciunt.

2604 2237 2752 2292 CAP.
2794 2237 2931 2292 XIV.

2059 2325 2200 2392 Quid
2234 2327 2417 2398 igitur,
2451 2328 2649 2382 aiunt?
2676 2327 2888 2382 Suntne
2917 2327 3028 2380 duo
3055 2327 3236 2382 Verba
3265 2335 3321 2382 et
3349 2329 3557 2383 dictum

1983 2429 2038 2476 et
2068 2418 2367 2474 auditum?
2414 2416 2521 2472 Sed
2565 2426 2763 2488 praeter
2802 2417 2906 2471 ista
2933 2417 3112 2486 primo
3144 2415 3366 2486 quidem
3410 2417 3558 2472 aliud

1983 2518 2067 2564 est
2107 2509 2361 2562 intimum
2408 2507 2601 2571 menti,
2634 2514 2690 2560 et
2716 2505 2864 2559 aliud
2905 2505 2960 2559 in
3002 2505 3364 2576 cogitatione;
3412 2505 3560 2559 aliud

1985 2599 2132 2670 quod
2183 2614 2278 2654 ore
2311 2595 2591 2666 profertur
2624 2605 2680 2650 et
2707 2595 2856 2649 aliud
2888 2594 2957 2649 ab
2989 2594 3095 2648 isto
3133 2595 3382 2665 pendens
3421 2596 3562 2649 scri-

1983 2703 2176 2762 ptum;
2229 2697 2286 2745 et
2337 2697 2462 2758 post
2509 2688 2604 2742 illa
2648 2687 2802 2741 venit
2859 2687 3133 2740 auditum.
3185 2686 3292 2742 Sed
3340 2687 3562 2741 illorum

1984 2796 2229 2851 quoque,
2268 2788 2528 2849 tanquam
2564 2779 2621 2832 in
2666 2778 2884 2848 sigillis,
2927 2793 3220 2832 commune
3268 2787 3324 2832 et
3357 2777 3562 2848 aliquid

1987 2889 2193 2938 unum,
2245 2872 2301 2926 in
2343 2886 2410 2925 eo
2459 2869 2766 2925 consistens
2811 2869 2958 2939 quod
3011 2870 3156 2924 idem
3203 2868 3560 2940 significetur.

1985 2966 2148 3020 Velut
2195 2964 2242 3018 si
2288 2963 2510 3033 quidam
2537 2971 2686 3018 esset
2711 2977 2895 3017 sermo
2930 2962 3087 3032 plura
3128 2960 3445 3030 signiﬁcans
3469 2971 3565 3014 aut

1986 3052 2264 3122 duplicem
2308 3066 2530 3110 sensum
2564 3049 2771 3114 ferens,
2805 3050 2910 3104 etsi
2956 3049 3051 3103 uni
3094 3059 3308 3103 tantum
3348 3048 3567 3103 dicatur

307 3137 451 3206 φορᾷ
486 3136 900 3205 ἐξαγγέλληται,
936 3133 1073 3186 ἀλλὰ
1123 3134 1341 3196 πλείους
1381 3133 1530 3200 λόγοι
1561 3131 1699 3188 εἶναι
1731 3135 1879 3206 παρά

1987 3143 2070 3198 vel
2115 3141 2396 3206 audiatur,
2436 3156 2548 3195 non
2603 3138 2787 3194 adhuc
2842 3155 2987 3195 unus
3020 3154 3202 3195 sermo
3234 3137 3466 3204 dicitur;
3511 3149 3568 3194 et

307 3229 438 3281 πᾶσι
464 3230 573 3289 τοῖς
596 3227 953 3290 διαλεκτικοῖς
982 3225 1384 3295 ὡμολόγηνται·
1410 3224 1566 3295 δῆλον
1588 3224 1678 3278 οὖν
1709 3227 1784 3289 ὼς
1803 3227 1880 3298 τῷ

307 3319 692 3390 σημαινομένῳ
735 3319 806 3372 τὸ·
836 3319 1042 3389 κυρίως
1069 3317 1126 3371 ἓν
1147 3317 1240 3371 τοῦ
1283 3317 1442 3386 λόγου
1467 3319 1612 3386 ἑστίῃ
1643 3321 1691 3372 εἰ
1716 3319 1772 3372 δὲ
1797 3321 1879 3373 ὅτι

306 3411 593 3480 συμϐαίνει
635 3411 726 3464 τὸν
773 3411 935 3465 αὑτὸν
974 3411 1070 3464 ἕνα
1097 3409 1175 3480 τῷ
1226 3409 1447 3480 ἀριθμῷ
1475 3410 1652 3478 λόγον,
1689 3411 1881 3466 λεκτόν

301 3521 360 3555 τε
393 3500 531 3556 εἶναι
577 3503 657 3574 τῷ
703 3502 932 3566 εἰπόντι,
968 3501 1062 3554 καὶ
1105 3501 1372 3555 ἀκουστὸν
1418 3501 1498 3571 τῷ
1544 3502 1880 3572 παρεστῶτι,

311 3596 444 3650 εἴποι
476 3610 561 3656 τις
587 3592 760 3655 οὕτως
792 3592 889 3645 ἕνα
925 3592 1086 3646 αὑτὸν
1115 3587 1274 3658 εἶναι,
1309 3592 1409 3645 οὐκ
1457 3591 1571 3662 ἔχοι
1601 3592 1668 3646 ἂν
1695 3593 1881 3663 ὁμοιό-

1986 3232 2122 3288 licet
2172 3248 2282 3287 una
2332 3231 2641 3302 prolatione
2685 3228 3080 3294 annuntietur,
3138 3229 3326 3298 plures
3383 3237 3564 3281 tamen

1986 3339 2108 3379 esse
2144 3337 2432 3378 sermones
2459 3337 2490 3376 a
2518 3320 2734 3376 cunctis
2753 3319 3061 3375 dialecticis
3082 3319 3413 3374 admittitur.
3439 3318 3569 3373 Evi-

1984 3415 2122 3470 dens
2145 3410 2316 3484 igitur
2347 3421 2432 3468 est
2465 3425 2640 3466 unum
2683 3410 2840 3466 verbi
2880 3410 3169 3481 proprium
3207 3411 3264 3465 in
3295 3410 3570 3482 signilica-

1988 3505 2139 3559 tione
2181 3520 2326 3560 esse.
2361 3503 2420 3559 Si
2465 3519 2622 3570 vero,
2659 3517 2785 3557 cum
2821 3502 3024 3557 accidit
3055 3502 3313 3557 eumdem
3356 3515 3571 3557 sermo.

1989 3611 2138 3661 nem,
2170 3609 2406 3648 numero
2429 3605 2624 3660 unum,
2655 3609 2778 3649 esse
2807 3593 3016 3649 dictum
3044 3594 3293 3663 loquenti
3325 3602 3380 3648 et
3413 3592 3572 3648 audi-

304 3700 444 3752 τητα
479 3683 609 3754 ὑμῖν
640 3682 700 3736 rb
726 3683 1110 3751 παράδειγμα’
1146 3683 1267 3736 οὐδὲ
1289 3685 1398 3753 γὰρ
1450 3682 1765 3737 ὑπόκεινται
1790 3683 1879 3736 δύο

1987 3695 2102 3742 tum
2153 3684 2454 3751 assistenti,
2507 3685 2675 3749 dicat,
2707 3685 2831 3754 quis
2879 3685 3035 3738 illum
3077 3687 3158 3739 sic
3208 3701 3378 3739 unum
3424 3701 3567 3750 esse,

302 3773 426 3828 τινὰ
469 3774 688 3846 ἀριθμῷ
741 3775 949 3839 ἐνθάδε,
982 3774 1160 3827 είτουν
1197 3773 1290 3827 δύο
1337 3767 1484 3843 λόγοι
1528 3775 1610 3827 ἑνὶ
1657 3774 1879 3845 ὀνόματι

1987 3793 2096 3833 ιιοιι
2133 3776 2362 3832 haberet
2407 3774 2830 3830 similitudinem
2877 3776 3038 3830 vobis
3088 3777 3195 3831 hoc
3233 3777 3567 3846 exemplum.

303 3865 704 3936 ὀνομαζόμενα,
750 3864 940 3936 ὥσπερ
985 3865 1047 3917 τό
1093 3881 1152 3917 τε
1195 3865 1490 3934 πρόσωπον
1520 3864 1760 3932 Χριστοῦ
1788 3865 1879 3918 καὶ

1987 3870 2104 3925 Νοιι
2133 3869 2279 3924 enim
2306 3868 2398 3922 hic
2425 3867 2723 3938 subiacent
2755 3867 2866 3922 duo
2897 3867 3149 3936 quaedam
3172 3883 3424 3934 numero,
3447 3884 3574 3940 quae

305 3958 402 4012 τοῦ
435 3960 607 4026 Λόγου
651 3957 744 4010 δύο
774 3956 939 4020 οὔσας
983 3956 1292 4026 ἀριθμητὰς
1323 3957 1671 4019 ὑποστάσεις,
1704 3956 1878 4010 ἐδόκει

307 4053 433 4120 ὑμῖν
457 4052 552 4104 ἕνα
585 4050 710 4103 Υἰδν
734 4051 944 4118 λέγειν·
980 4050 1116 4103 ἀλλὰ
1140 4050 1450 4104 τούναντίον
1478 4049 1733 4120 βούλεσθε
1768 4051 1879 4104 δεῖ·

307 4145 415 4210 ξαι,
456 4143 515 4196 ἓν
548 4143 768 4214 ἀριθμῴ
801 4142 1160 4212 ὑποκείμενον
1204 4142 1460 4206 ἐνταῦθα,
1503 4142 1598 4196 δύο
1621 4143 1884 4213 ὀνόμασιν

306 4240 417 4292 ἀπὸ
460 4240 716 4311 διαφόρου
766 4239 1004 4308 σχέσεως
1052 4239 1593 4310 προσαγορευόμενόν
1641 4241 1881 4293 ἐστινοό

304 4331 414 4400 γὰρ
459 4331 619 4393 αὐτὸς
667 4325 746 4393 εἷς
797 4329 1015 4400 ἀριθμῷ
1060 4330 1218 4397 λόγος
1265 4330 1458 4399 μόνοςο
1496 4330 1607 4384 ἀπὸ
1640 4331 1878 4400 σχέσεως

310 4423 408 4490 μὲν
434 4421 527 4472 τοῦ
557 4422 820 4484 εἰπόντος,
855 4421 1043 4484 λεκτός
1058 4435 1071 4450 °
1093 4421 1200 4473 ἀπὸ
1219 4420 1276 4473 δὲ
1296 4421 1531 4490 σχέσεως
1553 4421 1646 4474 τοῦ
1677 4423 1882 4489 ἀκροα-

1985 3965 2098 4020 duo
2129 3964 2299 4020 verba
2341 3979 2453 4018 uno
2503 3963 2730 4018 nomine
2783 3962 3063 4028 dicantur,
3100 3963 3571 4034 quemadmodum

1985 4073 2277 4130 personam
2297 4055 2503 4112 Christi
2525 4063 2584 4112 et
2602 4055 2768 4112 Verbi
2791 4055 2928 4110 duas
2953 4069 3197 4112 numero
3226 4055 3570 4127 bypostases.

1986 4165 2159 4204 unum
2186 4149 2386 4204 Filium
2414 4147 2599 4203 dicere
2626 4146 2789 4202 vobis
2829 4147 3030 4217 placet.
3081 4146 3190 4202 Sed
3231 4147 3572 4202 contrarium

1986 4237 2154 4292 vultis
2195 4237 2522 4302 ostendere;
2580 4252 2751 4291 unum
2804 4235 2896 4291 hic
2946 4250 3183 4290 numero
3235 4236 3571 4306 subjectum,

1987 4328 2208 4384 duobus
2251 4328 2572 4384 nominibus
2613 4343 2644 4382 a
2689 4327 2911 4382 diversa
2974 4326 3245 4382 relatione
3291 4335 3571 4382 vocatum.

1988 4420 2135 4475 ldem
2159 4420 2308 4475 enim
2348 4434 2582 4474 numero
2635 4419 2867 4474 verbum
2897 4435 3072 4474 unum
3122 4427 3209 4473 est
3251 4425 3499 4473 tantum:
3542 4437 3572 4473 ιι

305 4512 420 4574 τοῦ,
453 4512 716 4576 ἀκουστὸς
749 4511 1042 4584 ὠνομάσθη
1065 4529 1081 4544 ο
1113 4512 1273 4566 πάλιν
1322 4513 1415 4567 οὖν
1459 4514 1553 4566 καὶ
1587 4512 1760 4576 οὕτως
1796 4515 1877 4574 εἰς

1987 4509 2312 4581 proierentis
2344 4509 2634 4575 relatione,
2680 4509 2927 4574 dictum;
2962 4509 3032 4564 ab
3068 4509 3352 4564 audientis
3384 4517 3572 4564 autem

307 4605 598 4675 πρόςωπον
628 4605 781 4674 ὑμῶν
819 4607 1208 4678 ἁντικαταρῤεἰ
1245 4605 1311 4659 τὰ
1357 4606 1596 4676 ὑμέτερα
1633 4605 1878 4660 ἀναπτύ-

309 4709 511 4762 σματα.

313 4876 398 4897 ο-

1988 4601 2280 4665 relatione,
2322 4601 2571 4656 auditum
2612 4601 2950 4657 nominatur.
2991 4603 3208 4658 Rursus
3239 4601 3405 4675 igitur
3432 4601 3486 4656 in
3512 4616 3575 4656 os

1988 4702 2232 4750 vestrum
2259 4694 2582 4749 relabuntur
2606 4704 2767 4764 sputa
2791 4703 2997 4748 vestra.

1666 4993 2034 5079 ΛΟΓΟΣ
2110 4983 2223 5078 Δ’.

508 5128 793 5199 Τετάρτης
817 5127 1015 5184 αὐτῶν
1039 5131 1318 5197 ἀσεϐείας
1340 5130 1586 5202 ἔλεγχος
1619 5132 2110 5202 παραιτουμένων
2131 5130 2333 5200 λέγειν
2363 5127 2656 5183 Θεοτόκον
2684 5125 2799 5194 τὴν
2824 5125 3005 5195 ἁγίαν
3037 5121 3362 5192 Παρθένον.

1633 5363 1992 5451 LIBER
2090 5363 2263 5453 IV.

622 5515 1119 5578 Ipsorum-sacram
1154 5511 1416 5583 Virginem
1449 5510 1740 5582 Deiparam
1777 5513 1946 5566 dicere
1977 5512 2330 5566 recusantium
2354 5515 2572 5579 quartae
2602 5508 2891 5576 impietatis
2920 5506 3234 5578 confutatio.

764 5731 1160 5786 ΚΕΦΑΛΑΙΟΝ
1203 5728 1497 5783 ΠΡΩΤΟΝ.

381 5819 488 5876 Θέα
527 5822 656 5894 γοῦν
690 5824 852 5888 αὐτὸς
883 5824 978 5878 καὶ
1003 5826 1057 5876 ὲν
1086 5825 1198 5886 τοῖς
1232 5823 1355 5892 ἑξῆς
1394 5822 1453 5876 τὸ
1485 5820 1616 5875 αὐτὸ
1643 5819 1880 5893 ἐνθύμη-

2519 5719 2742 5777 CAPUT
2775 5718 3064 5778 PRIMUM.

2066 5817 2201 5873 Vide
2233 5814 2401 5888 igitur
2430 5814 2543 5882 ipse
2587 5813 2642 5868 in
2672 5816 2753 5870 eis
2788 5827 2910 5884 quae
2940 5814 3048 5871 sibi
3081 5811 3388 5900 succedunt
3426 5808 3572 5863 idem
