  <div class='ocr_page' id='page_1' title='image "/cluster/home/n/w/nwhite01/storage/ocr_20150623/86 pars.1/pst.000005712878/871.png"; bbox 0 0 3908 6306; ppageno 0'>
   <div class='ocr_carea' id='block_1_1' title="bbox 371 250 511 318">
    <p class='ocr_par' dir='ltr' id='par_1_1' title="bbox 371 250 511 318">
     <span class='ocr_line' id='line_1_1' title="bbox 371 250 511 318; baseline 0.036 -5"><span class='ocrx_word' id='word_1_1' title='bbox 371 250 511 318; x_wconf 71' lang='grc' dir='ltr'><strong>Ῑὸίῖὃ</strong></span> 
     </span>
    </p>
   </div>
   <div class='ocr_carea' id='block_1_2' title="bbox 1615 255 2368 340">
    <p class='ocr_par' dir='ltr' id='par_1_2' title="bbox 1615 255 2368 340">
     <span class='ocr_line' id='line_1_2' title="bbox 1615 255 2368 340; baseline 0.008 -6"><span class='ocrx_word' id='word_1_2' title='bbox 1615 255 1925 336; x_wconf 70' lang='lat' dir='ltr'><strong>LEONTII</strong></span> <span class='ocrx_word' id='word_1_3' title='bbox 1965 277 2368 340; x_wconf 79' lang='lat' dir='ltr'><strong>BYZ&#39;ANTIN&#39;I</strong></span> 
     </span>
    </p>
   </div>
   <div class='ocr_carea' id='block_1_3' title="bbox 3529 285 3686 350">
    <p class='ocr_par' dir='ltr' id='par_1_3' title="bbox 3529 285 3686 350">
     <span class='ocr_line' id='line_1_3' title="bbox 3529 285 3686 350; baseline -0.025 0"><span class='ocrx_word' id='word_1_4' title='bbox 3529 285 3686 350; x_wconf 74' lang='lat'><strong>1655</strong></span> 
     </span>
    </p>
   </div>
   <div class='ocr_carea' id='block_1_4' title="bbox 369 393 1960 498">
    <p class='ocr_par' dir='ltr' id='par_1_4' title="bbox 369 393 1960 481">
     <span class='ocr_line' id='line_1_4' title="bbox 369 393 1960 481; baseline 0.016 -37"><span class='ocrx_word' id='word_1_5' title='bbox 369 393 519 447; x_wconf 78' lang='lat' dir='ltr'><strong>visat</strong></span> <span class='ocrx_word' id='word_1_6' title='bbox 547 395 614 450; x_wconf 92' lang='lat' dir='ltr'><strong>iis</strong></span> <span class='ocrx_word' id='word_1_7' title='bbox 648 399 741 467; x_wconf 91' lang='lat' dir='ltr'><strong>qui</strong></span> <span class='ocrx_word' id='word_1_8' title='bbox 783 415 894 454; x_wconf 87' lang='lat' dir='ltr'><strong>non</strong></span> <span class='ocrx_word' id='word_1_9' title='bbox 933 409 1065 470; x_wconf 80' lang='lat' dir='ltr'><strong>sunt</strong></span> <span class='ocrx_word' id='word_1_10' title='bbox 1115 412 1311 461; x_wconf 87' lang='lat' dir='ltr'><strong>natura</strong></span> <span class='ocrx_word' id='word_1_11' title='bbox 1364 408 1450 462; x_wconf 90' lang='lat' dir='ltr'><strong>Dii</strong></span> <span class='ocrx_word' id='word_1_12' title='bbox 1490 428 1504 465; x_wconf 93' lang='lat'><strong>:</strong></span> <span class='ocrx_word' id='word_1_13' title='bbox 1553 411 1731 481; x_wconf 72' lang='lat' dir='ltr'><strong>palam</strong></span> <span class='ocrx_word' id='word_1_14' title='bbox 1775 421 1960 468; x_wconf 88' lang='lat' dir='ltr'><strong>autem</strong></span> 
     </span>
    </p>
   </div>
   <div class='ocr_carea' id='block_1_5' title="bbox 2064 393 3680 498">
    <p class='ocr_par' dir='ltr' id='par_1_5' title="bbox 2064 416 3680 498">
     <span class='ocr_line' id='line_1_5' title="bbox 2064 416 3680 498; baseline 0.007 -29"><span class='ocrx_word' id='word_1_15' title='bbox 2064 416 2137 486; x_wconf 82' lang='grc' dir='ltr'>μὴ</span> <span class='ocrx_word' id='word_1_16' title='bbox 2171 417 2443 471; x_wconf 69' lang='grc' dir='ltr'>δουλεύει-ν</span> <span class='ocrx_word' id='word_1_17' title='bbox 2479 422 2590 480; x_wconf 84' lang='grc' dir='ltr'>τοῖς</span> <span class='ocrx_word' id='word_1_18' title='bbox 2619 420 2696 489; x_wconf 72' lang='grc' dir='ltr'>μὴ</span> <span class='ocrx_word' id='word_1_19' title='bbox 2721 419 2881 490; x_wconf 80' lang='grc' dir='ltr'>φύσει</span> <span class='ocrx_word' id='word_1_20' title='bbox 2905 418 3027 476; x_wconf 77' lang='grc' dir='ltr'>οὖσι</span> <span class='ocrx_word' id='word_1_21' title='bbox 3067 422 3232 487; x_wconf 84' lang='grc' dir='ltr'>θεοῖς·</span> <span class='ocrx_word' id='word_1_22' title='bbox 3266 425 3591 498; x_wconf 64' lang='grc' dir='ltr'>διαρρήδην</span> <span class='ocrx_word' id='word_1_23' title='bbox 3611 429 3680 482; x_wconf 66' lang='grc' dir='ltr'>δὲ</span> 
     </span>
    </p>
   </div>
   <div class='ocr_carea' id='block_1_6' title="bbox 365 487 1949 561">
    <p class='ocr_par' dir='ltr' id='par_1_6' title="bbox 365 487 1949 561">
     <span class='ocr_line' id='line_1_6' title="bbox 365 487 1949 561; baseline 0.015 -24"><span class='ocrx_word' id='word_1_24' title='bbox 365 487 569 542; x_wconf 74' lang='lat' dir='ltr'><strong>riamat</strong></span> <span class='ocrx_word' id='word_1_25' title='bbox 611 504 627 542; x_wconf 88' lang='lat'><strong>:</strong></span> <span class='ocrx_word' id='word_1_26' title='bbox 674 489 994 548; x_wconf 71' lang='lat' dir='ltr'><strong>«Dominum</strong></span> <span class='ocrx_word' id='word_1_27' title='bbox 1021 495 1194 552; x_wconf 88' lang='lat' dir='ltr'><strong>Deum</strong></span> <span class='ocrx_word' id='word_1_28' title='bbox 1251 507 1405 555; x_wconf 86' lang='lat' dir='ltr'><strong>tuum</strong></span> <span class='ocrx_word' id='word_1_29' title='bbox 1445 502 1704 559; x_wconf 83' lang='lat' dir='ltr'><strong>adorabis</strong></span> <span class='ocrx_word' id='word_1_30' title='bbox 1749 515 1806 560; x_wconf 90' lang='lat' dir='ltr'><strong>et</strong></span> <span class='ocrx_word' id='word_1_31' title='bbox 1870 506 1949 561; x_wconf 75' lang='lat' dir='ltr'><strong>itli</strong></span> 
     </span>
    </p>
   </div>
   <div class='ocr_carea' id='block_1_7' title="bbox 367 577 1953 658">
    <p class='ocr_par' dir='ltr' id='par_1_7' title="bbox 367 577 1953 658">
     <span class='ocr_line' id='line_1_7' title="bbox 367 577 1953 658; baseline 0.015 -30"><span class='ocrx_word' id='word_1_32' title='bbox 367 577 470 630; x_wconf 80' lang='lat' dir='ltr'><strong>soli</strong></span> <span class='ocrx_word' id='word_1_33' title='bbox 495 581 706 636; x_wconf 81' lang='lat' dir='ltr'><strong>servies</strong></span> <span class='ocrx_word' id='word_1_34' title='bbox 731 591 777 636; x_wconf 73' lang='grc' dir='ltr'><strong>ς.</strong></span> <span class='ocrx_word' id='word_1_35' title='bbox 793 600 810 632; x_wconf 74' lang='grc' dir='ltr'><strong>ι</strong></span> <span class='ocrx_word' id='word_1_36' title='bbox 841 581 996 640; x_wconf 85' lang='lat' dir='ltr'><strong>Unde</strong></span> <span class='ocrx_word' id='word_1_37' title='bbox 1015 589 1268 658; x_wconf 73' lang='lat' dir='ltr'><strong>sequitur</strong></span> <span class='ocrx_word' id='word_1_38' title='bbox 1289 607 1386 647; x_wconf 88' lang='lat' dir='ltr'><strong>vos</strong></span> <span class='ocrx_word' id='word_1_39' title='bbox 1417 609 1528 649; x_wconf 90' lang='lat' dir='ltr'><strong>non</strong></span> <span class='ocrx_word' id='word_1_40' title='bbox 1545 595 1779 650; x_wconf 89' lang='lat' dir='ltr'><strong>adorare</strong></span> <span class='ocrx_word' id='word_1_41' title='bbox 1792 596 1953 652; x_wconf 84' lang='lat' dir='ltr'><strong>Chri-</strong></span> 
     </span>
    </p>
   </div>
   <div class='ocr_carea' id='block_1_8' title="bbox 367 672 1952 753">
    <p class='ocr_par' dir='ltr' id='par_1_8' title="bbox 367 672 1952 753">
     <span class='ocr_line' id='line_1_8' title="bbox 367 672 1952 753; baseline 0.013 -33"><span class='ocrx_word' id='word_1_42' title='bbox 367 677 517 721; x_wconf 81' lang='lat' dir='ltr'><strong>stum</strong></span> <span class='ocrx_word' id='word_1_43' title='bbox 563 685 742 741; x_wconf 76' lang='lat' dir='ltr'><strong>neque</strong></span> <span class='ocrx_word' id='word_1_44' title='bbox 789 672 870 728; x_wconf 85' lang='lat' dir='ltr'><strong>illi</strong></span> <span class='ocrx_word' id='word_1_45' title='bbox 917 678 1150 743; x_wconf 79' lang='lat' dir='ltr'><strong>servire,</strong></span> <span class='ocrx_word' id='word_1_46' title='bbox 1187 695 1316 735; x_wconf 85' lang='lat' dir='ltr'><strong>cum</strong></span> <span class='ocrx_word' id='word_1_47' title='bbox 1363 683 1457 748; x_wconf 89' lang='lat' dir='ltr'><strong>sit,</strong></span> <span class='ocrx_word' id='word_1_48' title='bbox 1490 685 1647 753; x_wconf 80' lang='lat' dir='ltr'><strong>juxta</strong></span> <span class='ocrx_word' id='word_1_49' title='bbox 1705 695 1952 742; x_wconf 90' lang='lat' dir='ltr'><strong>vestrum</strong></span> 
     </span>
    </p>
   </div>
   <div class='ocr_carea' id='block_1_9' title="bbox 365 763 1955 841">
    <p class='ocr_par' dir='ltr' id='par_1_9' title="bbox 365 763 1955 841">
     <span class='ocr_line' id='line_1_9' title="bbox 365 763 1955 841; baseline 0.014 -32"><span class='ocrx_word' id='word_1_50' title='bbox 365 773 641 826; x_wconf 79' lang='lat' dir='ltr'><strong>errorem,</strong></span> <span class='ocrx_word' id='word_1_51' title='bbox 671 763 968 834; x_wconf 73' lang='lat' dir='ltr'><strong>adoptione</strong></span> <span class='ocrx_word' id='word_1_52' title='bbox 1001 783 1112 823; x_wconf 89' lang='lat' dir='ltr'><strong>non</strong></span> <span class='ocrx_word' id='word_1_53' title='bbox 1137 781 1338 828; x_wconf 86' lang='lat' dir='ltr'><strong>natura</strong></span> <span class='ocrx_word' id='word_1_54' title='bbox 1357 774 1504 830; x_wconf 85' lang='lat' dir='ltr'><strong>Deus</strong></span> <span class='ocrx_word' id='word_1_55' title='bbox 1531 793 1548 841; x_wconf 87' lang='lat'><strong>;</strong></span> <span class='ocrx_word' id='word_1_56' title='bbox 1581 775 1680 830; x_wconf 88' lang='lat' dir='ltr'><strong>sed</strong></span> <span class='ocrx_word' id='word_1_57' title='bbox 1713 792 1810 832; x_wconf 88' lang='lat' dir='ltr'><strong>vos</strong></span> <span class='ocrx_word' id='word_1_58' title='bbox 1837 778 1955 832; x_wconf 85' lang='lat' dir='ltr'><strong>evi—</strong></span> 
     </span>
    </p>
   </div>
   <div class='ocr_carea' id='block_1_10' title="bbox 365 848 1955 926">
    <p class='ocr_par' dir='ltr' id='par_1_10' title="bbox 365 848 1955 926">
     <span class='ocr_line' id='line_1_10' title="bbox 365 848 1955 926; baseline 0.014 -24"><span class='ocrx_word' id='word_1_59' title='bbox 365 848 564 904; x_wconf 82' lang='lat' dir='ltr'><strong>denter</strong></span> <span class='ocrx_word' id='word_1_60' title='bbox 591 869 712 909; x_wconf 87' lang='lat' dir='ltr'><strong>esse</strong></span> <span class='ocrx_word' id='word_1_61' title='bbox 737 857 1003 925; x_wconf 90' lang='lat' dir='ltr'><strong>quosdam</strong></span> <span class='ocrx_word' id='word_1_62' title='bbox 1027 860 1418 926; x_wconf 79' lang='lat' dir='ltr'><strong>Antichristos.</strong></span> <span class='ocrx_word' id='word_1_63' title='bbox 1448 882 1553 922; x_wconf 91' lang='lat' dir='ltr'><strong>nec</strong></span> <span class='ocrx_word' id='word_1_64' title='bbox 1575 867 1750 924; x_wconf 88' lang='lat' dir='ltr'><strong>videri</strong></span> <span class='ocrx_word' id='word_1_65' title='bbox 1792 868 1955 924; x_wconf 82' lang='lat' dir='ltr'><strong>Chri-</strong></span> 
     </span>
    </p>
   </div>
   <div class='ocr_carea' id='block_1_11' title="bbox 365 943 1954 1024">
    <p class='ocr_par' dir='ltr' id='par_1_11' title="bbox 365 943 1954 1024">
     <span class='ocr_line' id='line_1_11' title="bbox 365 943 1954 1024; baseline 0.011 -29"><span class='ocrx_word' id='word_1_66' title='bbox 365 943 594 1000; x_wconf 86' lang='lat' dir='ltr'><strong>stianos.</strong></span> <span class='ocrx_word' id='word_1_67' title='bbox 618 945 747 1011; x_wconf 79' lang='lat' dir='ltr'><strong>Aut,</strong></span> <span class='ocrx_word' id='word_1_68' title='bbox 774 948 818 1003; x_wconf 91' lang='lat' dir='ltr'><strong>si</strong></span> <span class='ocrx_word' id='word_1_69' title='bbox 851 949 962 1006; x_wconf 91' lang='lat' dir='ltr'><strong>hoe-</strong></span> <span class='ocrx_word' id='word_1_70' title='bbox 977 952 1203 1021; x_wconf 90' lang='lat' dir='ltr'><strong>quidem</strong></span> <span class='ocrx_word' id='word_1_71' title='bbox 1234 954 1459 1024; x_wconf 90' lang='lat' dir='ltr'><strong>timetis,</strong></span> <span class='ocrx_word' id='word_1_72' title='bbox 1495 957 1792 1014; x_wconf 82' lang='lat' dir='ltr'><strong>adorantes</strong></span> <span class='ocrx_word' id='word_1_73' title='bbox 1825 975 1954 1014; x_wconf 90' lang='lat' dir='ltr'><strong>eum</strong></span> 
     </span>
    </p>
   </div>
   <div class='ocr_carea' id='block_1_12' title="bbox 366 1031 1954 1116">
    <p class='ocr_par' dir='ltr' id='par_1_12' title="bbox 366 1031 1954 1116">
     <span class='ocr_line' id='line_1_12' title="bbox 366 1031 1954 1116; baseline 0.01 -30"><span class='ocrx_word' id='word_1_74' title='bbox 366 1031 557 1104; x_wconf 86' lang='lat' dir='ltr'><strong>illique</strong></span> <span class='ocrx_word' id='word_1_75' title='bbox 573 1037 898 1106; x_wconf 77' lang='lat' dir='ltr'><strong>servientes,</strong></span> <span class='ocrx_word' id='word_1_76' title='bbox 929 1053 1196 1099; x_wconf 75' lang='lat' dir='ltr'><strong>creatura:</strong></span> <span class='ocrx_word' id='word_1_77' title='bbox 1211 1046 1494 1116; x_wconf 86' lang='lat' dir='ltr'><strong>cujusdam</strong></span> <span class='ocrx_word' id='word_1_78' title='bbox 1517 1059 1574 1100; x_wconf 89' lang='lat' dir='ltr'><strong>et</strong></span> <span class='ocrx_word' id='word_1_79' title='bbox 1599 1049 1954 1116; x_wconf 82' lang='lat' dir='ltr'><strong>anthropola-</strong></span> 
     </span>
    </p>
   </div>
   <div class='ocr_carea' id='block_1_13' title="bbox 369 1129 1954 1208">
    <p class='ocr_par' dir='ltr' id='par_1_13' title="bbox 369 1129 1954 1208">
     <span class='ocr_line' id='line_1_13' title="bbox 369 1129 1954 1208; baseline 0.008 -28"><span class='ocrx_word' id='word_1_80' title='bbox 369 1137 466 1181; x_wconf 65' lang='lat' dir='ltr'><strong>Irae</strong></span> <span class='ocrx_word' id='word_1_81' title='bbox 495 1129 760 1198; x_wconf 87' lang='lat' dir='ltr'><strong>propriea</strong></span> <span class='ocrx_word' id='word_1_82' title='bbox 791 1133 953 1200; x_wconf 83' lang='lat' dir='ltr'><strong>nobis</strong></span> <span class='ocrx_word' id='word_1_83' title='bbox 973 1133 1476 1205; x_wconf 84' lang='lat' dir='ltr'><strong>deprehendi-mini.</strong></span> <span class='ocrx_word' id='word_1_84' title='bbox 1507 1139 1586 1193; x_wconf 89' lang='lat' dir='ltr'><strong>Nc</strong></span> <span class='ocrx_word' id='word_1_85' title='bbox 1619 1139 1788 1208; x_wconf 79' lang='lat' dir='ltr'><strong>igitur</strong></span> <span class='ocrx_word' id='word_1_86' title='bbox 1813 1153 1954 1208; x_wconf 67' lang='lat' dir='ltr'><strong>aegre</strong></span> 
     </span>
    </p>
   </div>
   <div class='ocr_carea' id='block_1_14' title="bbox 279 1215 1956 1293">
    <p class='ocr_par' dir='ltr' id='par_1_14' title="bbox 279 1215 1956 1293">
     <span class='ocr_line' id='line_1_14' title="bbox 279 1215 1956 1293; baseline 0.008 -25"><span class='ocrx_word' id='word_1_87' title='bbox 279 1215 301 1236; x_wconf 49' lang='grc' dir='ltr'><strong>κ</strong></span> <span class='ocrx_word' id='word_1_88' title='bbox 367 1215 559 1271; x_wconf 76' lang='lat' dir='ltr'><strong>feratis</strong></span> <span class='ocrx_word' id='word_1_89' title='bbox 589 1216 658 1274; x_wconf 91' lang='lat' dir='ltr'><strong>de</strong></span> <span class='ocrx_word' id='word_1_90' title='bbox 691 1229 892 1277; x_wconf 64' lang='lat' dir='ltr'><strong>canem</strong></span> <span class='ocrx_word' id='word_1_91' title='bbox 921 1239 1020 1279; x_wconf 81' lang='lat' dir='ltr'><strong>vos</strong></span> <span class='ocrx_word' id='word_1_92' title='bbox 1067 1225 1144 1281; x_wconf 83' lang='lat' dir='ltr'><strong>ita</strong></span> <span class='ocrx_word' id='word_1_93' title='bbox 1170 1227 1396 1293; x_wconf 81' lang='lat' dir='ltr'><strong>vocari;</strong></span> <span class='ocrx_word' id='word_1_94' title='bbox 1427 1235 1484 1282; x_wconf 89' lang='lat' dir='ltr'><strong>et</strong></span> <span class='ocrx_word' id='word_1_95' title='bbox 1509 1226 1672 1281; x_wconf 86' lang='lat' dir='ltr'><strong>talem</strong></span> <span class='ocrx_word' id='word_1_96' title='bbox 1699 1226 1768 1281; x_wconf 92' lang='lat' dir='ltr'><strong>de</strong></span> <span class='ocrx_word' id='word_1_97' title='bbox 1795 1225 1956 1282; x_wconf 85' lang='lat' dir='ltr'><strong>vobis</strong></span> 
     </span>
    </p>
   </div>
   <div class='ocr_carea' id='block_1_15' title="bbox 369 1309 1955 1384">
    <p class='ocr_par' dir='ltr' id='par_1_15' title="bbox 369 1309 1955 1384">
     <span class='ocr_line' id='line_1_15' title="bbox 369 1309 1955 1384; baseline 0.008 -23"><span class='ocrx_word' id='word_1_98' title='bbox 369 1309 689 1376; x_wconf 77' lang='lat' dir='ltr'><strong>opinionem</strong></span> <span class='ocrx_word' id='word_1_99' title='bbox 721 1324 980 1370; x_wconf 80' lang='lat' dir='ltr'><strong>excutere</strong></span> <span class='ocrx_word' id='word_1_100' title='bbox 1007 1318 1289 1373; x_wconf 82' lang='lat' dir='ltr'><strong>conamini</strong></span> <span class='ocrx_word' id='word_1_101' title='bbox 1314 1335 1329 1384; x_wconf 92' lang='lat'><strong>;</strong></span> <span class='ocrx_word' id='word_1_102' title='bbox 1352 1333 1456 1374; x_wconf 89' lang='lat' dir='ltr'><strong>nec</strong></span> <span class='ocrx_word' id='word_1_103' title='bbox 1497 1325 1695 1374; x_wconf 89' lang='lat' dir='ltr'><strong>cuncta</strong></span> <span class='ocrx_word' id='word_1_104' title='bbox 1727 1320 1955 1374; x_wconf 88' lang='lat' dir='ltr'><strong>miscete</strong></span> 
     </span>
    </p>
   </div>
   <div class='ocr_carea' id='block_1_16' title="bbox 367 1397 1954 1480">
    <p class='ocr_par' dir='ltr' id='par_1_16' title="bbox 367 1397 1954 1480">
     <span class='ocr_line' id='line_1_16' title="bbox 367 1397 1954 1480; baseline 0.008 -28"><span class='ocrx_word' id='word_1_105' title='bbox 367 1397 437 1452; x_wconf 87' lang='lat' dir='ltr'><strong>ad</strong></span> <span class='ocrx_word' id='word_1_106' title='bbox 465 1398 950 1460; x_wconf 83' lang='lat' dir='ltr'><strong>demonstrandum</strong></span> <span class='ocrx_word' id='word_1_107' title='bbox 982 1423 1082 1462; x_wconf 91' lang='lat' dir='ltr'><strong>vos</strong></span> <span class='ocrx_word' id='word_1_108' title='bbox 1136 1409 1273 1464; x_wconf 84' lang='lat' dir='ltr'><strong>tales</strong></span> <span class='ocrx_word' id='word_1_109' title='bbox 1297 1425 1404 1464; x_wconf 92' lang='lat' dir='ltr'><strong>non</strong></span> <span class='ocrx_word' id='word_1_110' title='bbox 1427 1409 1624 1473; x_wconf 88' lang='lat' dir='ltr'><strong>videri,</strong></span> <span class='ocrx_word' id='word_1_111' title='bbox 1663 1410 1806 1465; x_wconf 89' lang='lat' dir='ltr'><strong>sicut</strong></span> <span class='ocrx_word' id='word_1_112' title='bbox 1841 1411 1954 1480; x_wconf 88' lang='lat' dir='ltr'><strong>jam</strong></span> 
     </span>
    </p>
   </div>
   <div class='ocr_carea' id='block_1_17' title="bbox 369 1491 1961 1569">
    <p class='ocr_par' dir='ltr' id='par_1_17' title="bbox 369 1491 1961 1569">
     <span class='ocr_line' id='line_1_17' title="bbox 369 1491 1961 1569; baseline 0.006 -25"><span class='ocrx_word' id='word_1_113' title='bbox 369 1505 468 1558; x_wconf 89' lang='lat' dir='ltr'><strong>per</strong></span> <span class='ocrx_word' id='word_1_114' title='bbox 511 1491 779 1560; x_wconf 87' lang='lat' dir='ltr'><strong>plurimas</strong></span> <span class='ocrx_word' id='word_1_115' title='bbox 807 1503 1021 1553; x_wconf 85' lang='lat' dir='ltr'><strong>vestras</strong></span> <span class='ocrx_word' id='word_1_116' title='bbox 1046 1498 1286 1568; x_wconf 79' lang='lat' dir='ltr'><strong>prolixas</strong></span> <span class='ocrx_word' id='word_1_117' title='bbox 1299 1497 1580 1556; x_wconf 85' lang='lat' dir='ltr'><strong>orationes</strong></span> <span class='ocrx_word' id='word_1_118' title='bbox 1596 1499 1830 1569; x_wconf 84' lang='lat' dir='ltr'><strong>probare</strong></span> <span class='ocrx_word' id='word_1_119' title='bbox 1863 1515 1961 1556; x_wconf 68' lang='grc' dir='ltr'>«ιο-ι</span> 
     </span>
    </p>
   </div>
   <div class='ocr_carea' id='block_1_18' title="bbox 369 1581 692 1640">
    <p class='ocr_par' dir='ltr' id='par_1_18' title="bbox 369 1581 692 1640">
     <span class='ocr_line' id='line_1_18' title="bbox 369 1581 692 1640; baseline -0.003 0"><span class='ocrx_word' id='word_1_120' title='bbox 369 1581 482 1640; x_wconf 86' lang='lat' dir='ltr'><strong>nati</strong></span> <span class='ocrx_word' id='word_1_121' title='bbox 536 1585 692 1639; x_wconf 85' lang='lat' dir='ltr'><strong>estis.</strong></span> 
     </span>
    </p>
   </div>
   <div class='ocr_carea' id='block_1_19' title="bbox 438 1665 476 1689">
    <p class='ocr_par' dir='ltr' id='par_1_19' title="bbox 438 1665 476 1689">
     <span class='ocr_line' id='line_1_19' title="bbox 438 1665 476 1689; baseline 0 0"><span class='ocrx_word' id='word_1_122' title='bbox 438 1665 476 1689; x_wconf 67' lang='grc' dir='ltr'><strong>κ</strong></span> 
     </span>
    </p>
   </div>
   <div class='ocr_carea' id='block_1_20' title="bbox 1085 1693 1362 1756">
    <p class='ocr_par' dir='ltr' id='par_1_20' title="bbox 1085 1693 1362 1756">
     <span class='ocr_line' id='line_1_20' title="bbox 1085 1693 1362 1756; baseline 0.007 -2"><span class='ocrx_word' id='word_1_123' title='bbox 1085 1698 1236 1755; x_wconf 85' lang='lat' dir='ltr'><strong>CAP.</strong></span> <span class='ocrx_word' id='word_1_124' title='bbox 1272 1693 1362 1756; x_wconf 81' lang='grc' dir='ltr'><strong>ΠΙ.</strong></span> 
     </span>
    </p>
   </div>
   <div class='ocr_carea' id='block_1_21' title="bbox 441 1763 2033 1864">
    <p class='ocr_par' dir='ltr' id='par_1_21' title="bbox 441 1763 2033 1864">
     <span class='ocr_line' id='line_1_21' title="bbox 441 1763 2033 1864; baseline 0.009 -26"><span class='ocrx_word' id='word_1_125' title='bbox 441 1782 636 1838; x_wconf 88' lang='lat' dir='ltr'><strong>Omnis</strong></span> <span class='ocrx_word' id='word_1_126' title='bbox 671 1789 956 1856; x_wconf 75' lang='lat' dir='ltr'><strong>generatio</strong></span> <span class='ocrx_word' id='word_1_127' title='bbox 983 1799 1114 1845; x_wconf 89' lang='lat' dir='ltr'><strong>nota</strong></span> <span class='ocrx_word' id='word_1_128' title='bbox 1144 1808 1210 1846; x_wconf 75' lang='lat' dir='ltr'><strong>ex</strong></span> <span class='ocrx_word' id='word_1_129' title='bbox 1263 1791 1551 1864; x_wconf 86' lang='lat' dir='ltr'><strong>Scriptura</strong></span> <span class='ocrx_word' id='word_1_130' title='bbox 1591 1795 1800 1861; x_wconf 89' lang='lat' dir='ltr'><strong>divina,</strong></span> <span class='ocrx_word' id='word_1_131' title='bbox 1837 1796 1954 1852; x_wconf 84' lang='lat' dir='ltr'><strong>sive</strong></span> <span class='ocrx_word' id='word_1_132' title='bbox 1988 1763 2033 1822; x_wconf 70' lang='grc' dir='ltr'><strong><em>Β</em></strong></span> 
     </span>
    </p>
   </div>
   <div class='ocr_carea' id='block_1_22' title="bbox 369 1876 1957 1958">
    <p class='ocr_par' dir='ltr' id='par_1_22' title="bbox 369 1876 1957 1958">
     <span class='ocr_line' id='line_1_22' title="bbox 369 1876 1957 1958; baseline 0.009 -31"><span class='ocrx_word' id='word_1_133' title='bbox 369 1876 736 1932; x_wconf 74' lang='lat' dir='ltr'><strong>constituitur</strong></span> <span class='ocrx_word' id='word_1_134' title='bbox 752 1894 916 1934; x_wconf 88' lang='lat' dir='ltr'><strong>causa</strong></span> <span class='ocrx_word' id='word_1_135' title='bbox 950 1881 1288 1940; x_wconf 77' lang='lat' dir='ltr'><strong>exsistentia:</strong></span> <span class='ocrx_word' id='word_1_136' title='bbox 1311 1885 1462 1941; x_wconf 92' lang='lat' dir='ltr'><strong>illius</strong></span> <span class='ocrx_word' id='word_1_137' title='bbox 1497 1888 1592 1956; x_wconf 89' lang='lat' dir='ltr'><strong>qui</strong></span> <span class='ocrx_word' id='word_1_138' title='bbox 1625 1888 1844 1958; x_wconf 79' lang='lat' dir='ltr'><strong>genitus</strong></span> <span class='ocrx_word' id='word_1_139' title='bbox 1873 1888 1957 1942; x_wconf 89' lang='lat' dir='ltr'><strong>di-</strong></span> 
     </span>
    </p>
   </div>
   <div class='ocr_carea' id='block_1_23' title="bbox 369 1969 1955 2045">
    <p class='ocr_par' dir='ltr' id='par_1_23' title="bbox 369 1969 1955 2045">
     <span class='ocr_line' id='line_1_23' title="bbox 369 1969 1955 2045; baseline 0.009 -25"><span class='ocrx_word' id='word_1_140' title='bbox 369 1969 536 2028; x_wconf 88' lang='lat' dir='ltr'><strong>citur.</strong></span> <span class='ocrx_word' id='word_1_141' title='bbox 605 1979 665 2024; x_wconf 93' lang='lat' dir='ltr'><strong>ut</strong></span> <span class='ocrx_word' id='word_1_142' title='bbox 731 1971 1036 2026; x_wconf 72' lang='lat' dir='ltr'><strong>cAbraham</strong></span> <span class='ocrx_word' id='word_1_143' title='bbox 1093 1976 1282 2045; x_wconf 76' lang='lat' dir='ltr'><strong>genuit</strong></span> <span class='ocrx_word' id='word_1_144' title='bbox 1334 1976 1487 2032; x_wconf 86' lang='lat' dir='ltr'><strong>Isaae</strong></span> <span class='ocrx_word' id='word_1_145' title='bbox 1521 1987 1622 2044; x_wconf 63' lang='grc' dir='ltr'><strong>νς»</strong></span> <span class='ocrx_word' id='word_1_146' title='bbox 1680 1979 1796 2034; x_wconf 82' lang='lat' dir='ltr'><strong>sive</strong></span> <span class='ocrx_word' id='word_1_147' title='bbox 1844 1995 1955 2034; x_wconf 92' lang='lat' dir='ltr'><strong>non</strong></span> 
     </span>
    </p>
   </div>
   <div class='ocr_carea' id='block_1_24' title="bbox 369 2062 1958 2142">
    <p class='ocr_par' dir='ltr' id='par_1_24' title="bbox 369 2062 1958 2142">
     <span class='ocr_line' id='line_1_24' title="bbox 369 2062 1958 2142; baseline 0.008 -28"><span class='ocrx_word' id='word_1_148' title='bbox 369 2062 726 2117; x_wconf 88' lang='lat' dir='ltr'><strong>constituitur</strong></span> <span class='ocrx_word' id='word_1_149' title='bbox 755 2079 920 2119; x_wconf 86' lang='lat' dir='ltr'><strong>causa</strong></span> <span class='ocrx_word' id='word_1_150' title='bbox 968 2067 1142 2136; x_wconf 86' lang='lat' dir='ltr'><strong>ipsius</strong></span> <span class='ocrx_word' id='word_1_151' title='bbox 1183 2069 1535 2136; x_wconf 66' lang='lat' dir='ltr'><strong>exsistcntim,</strong></span> <span class='ocrx_word' id='word_1_152' title='bbox 1601 2071 1958 2142; x_wconf 83' lang='lat' dir='ltr'><strong>quemadmo-</strong></span> 
     </span>
    </p>
   </div>
   <div class='ocr_carea' id='block_1_25' title="bbox 369 2154 1956 2234">
    <p class='ocr_par' dir='ltr' id='par_1_25' title="bbox 369 2154 1956 2234">
     <span class='ocr_line' id='line_1_25' title="bbox 369 2154 1956 2234; baseline 0.008 -29"><span class='ocrx_word' id='word_1_153' title='bbox 369 2155 501 2207; x_wconf 80' lang='lat' dir='ltr'><strong>dum</strong></span> <span class='ocrx_word' id='word_1_154' title='bbox 527 2154 822 2224; x_wconf 80' lang='lat' dir='ltr'><strong>Apostolus</strong></span> <span class='ocrx_word' id='word_1_155' title='bbox 857 2161 1046 2228; x_wconf 78' lang='lat' dir='ltr'><strong>genuit</strong></span> <span class='ocrx_word' id='word_1_156' title='bbox 1072 2160 1408 2227; x_wconf 87' lang='lat' dir='ltr'><strong>Corinthios,</strong></span> <span class='ocrx_word' id='word_1_157' title='bbox 1467 2163 1770 2218; x_wconf 89' lang='lat' dir='ltr'><strong>secundum</strong></span> <span class='ocrx_word' id='word_1_158' title='bbox 1809 2164 1956 2234; x_wconf 90' lang='lat' dir='ltr'><strong>quod</strong></span> 
     </span>
    </p>
   </div>
   <div class='ocr_carea' id='block_1_26' title="bbox 371 2243 1956 2322">
    <p class='ocr_par' dir='ltr' id='par_1_26' title="bbox 371 2243 1956 2322">
     <span class='ocr_line' id='line_1_26' title="bbox 371 2243 1956 2322; baseline 0.006 -26"><span class='ocrx_word' id='word_1_159' title='bbox 371 2243 578 2297; x_wconf 84' lang='lat' dir='ltr'><strong>dictum</strong></span> <span class='ocrx_word' id='word_1_160' title='bbox 597 2253 684 2298; x_wconf 87' lang='lat' dir='ltr'><strong>est</strong></span> <span class='ocrx_word' id='word_1_161' title='bbox 714 2264 728 2298; x_wconf 91' lang='lat'><strong>:</strong></span> <span class='ocrx_word' id='word_1_162' title='bbox 769 2245 860 2300; x_wconf 70' lang='lat' dir='ltr'><strong>«lu</strong></span> <span class='ocrx_word' id='word_1_163' title='bbox 891 2245 1117 2302; x_wconf 83' lang='lat' dir='ltr'><strong>Christo</strong></span> <span class='ocrx_word' id='word_1_164' title='bbox 1141 2249 1288 2303; x_wconf 87' lang='lat' dir='ltr'><strong>enim</strong></span> <span class='ocrx_word' id='word_1_165' title='bbox 1319 2250 1448 2305; x_wconf 81' lang='lat' dir='ltr'><strong>Jesu</strong></span> <span class='ocrx_word' id='word_1_166' title='bbox 1478 2266 1578 2320; x_wconf 89' lang='lat' dir='ltr'><strong>per</strong></span> <span class='ocrx_word' id='word_1_167' title='bbox 1597 2251 1956 2322; x_wconf 80' lang='lat' dir='ltr'><strong>Evangelium</strong></span> 
     </span>
    </p>
   </div>
   <div class='ocr_carea' id='block_1_27' title="bbox 369 2335 1956 2409">
    <p class='ocr_par' dir='ltr' id='par_1_27' title="bbox 369 2335 1956 2409">
     <span class='ocr_line' id='line_1_27' title="bbox 369 2335 1956 2409; baseline 0.006 -27"><span class='ocrx_word' id='word_1_168' title='bbox 369 2347 472 2400; x_wconf 84' lang='lat' dir='ltr'><strong>ego</strong></span> <span class='ocrx_word' id='word_1_169' title='bbox 495 2348 592 2387; x_wconf 90' lang='lat' dir='ltr'><strong>vos</strong></span> <span class='ocrx_word' id='word_1_170' title='bbox 613 2337 778 2403; x_wconf 80' lang='lat' dir='ltr'><strong>genui</strong></span> <span class='ocrx_word' id='word_1_171' title='bbox 805 2346 883 2388; x_wconf 72' lang='grc' dir='ltr'><strong>’.ι</strong></span> <span class='ocrx_word' id='word_1_172' title='bbox 917 2335 1214 2392; x_wconf 85' lang='lat' dir='ltr'><strong>Generatio</strong></span> <span class='ocrx_word' id='word_1_173' title='bbox 1272 2347 1456 2393; x_wconf 86' lang='lat' dir='ltr'><strong>autem</strong></span> <span class='ocrx_word' id='word_1_174' title='bbox 1495 2355 1618 2409; x_wconf 58' lang='lat' dir='ltr'><strong>qua!</strong></span> <span class='ocrx_word' id='word_1_175' title='bbox 1663 2349 1748 2394; x_wconf 86' lang='lat' dir='ltr'><strong>est</strong></span> <span class='ocrx_word' id='word_1_176' title='bbox 1792 2353 1956 2393; x_wconf 86' lang='lat' dir='ltr'><strong>causa</strong></span> 
     </span>
    </p>
   </div>
   <div class='ocr_carea' id='block_1_28' title="bbox 371 2427 1955 2506">
    <p class='ocr_par' dir='ltr' id='par_1_28' title="bbox 371 2427 1955 2506">
     <span class='ocr_line' id='line_1_28' title="bbox 371 2427 1955 2506; baseline 0.005 -24"><span class='ocrx_word' id='word_1_177' title='bbox 371 2427 733 2494; x_wconf 71' lang='lat' dir='ltr'><strong>exsistentize,</strong></span> <span class='ocrx_word' id='word_1_178' title='bbox 793 2431 898 2486; x_wconf 88' lang='lat' dir='ltr'><strong>alia</strong></span> <span class='ocrx_word' id='word_1_179' title='bbox 953 2433 1177 2503; x_wconf 88' lang='lat' dir='ltr'><strong>quidem</strong></span> <span class='ocrx_word' id='word_1_180' title='bbox 1231 2435 1498 2490; x_wconf 78' lang='lat' dir='ltr'><strong>exsistere</strong></span> <span class='ocrx_word' id='word_1_181' title='bbox 1545 2435 1677 2490; x_wconf 81' lang='lat' dir='ltr'><strong>facit</strong></span> <span class='ocrx_word' id='word_1_182' title='bbox 1711 2437 1955 2506; x_wconf 80' lang='lat' dir='ltr'><strong>genitum</strong></span> 
     </span>
    </p>
   </div>
   <div class='ocr_carea' id='block_1_29' title="bbox 373 2523 1952 2596">
    <p class='ocr_par' dir='ltr' id='par_1_29' title="bbox 373 2523 1952 2596">
     <span class='ocr_line' id='line_1_29' title="bbox 373 2523 1952 2596; baseline 0.004 -22"><span class='ocrx_word' id='word_1_183' title='bbox 373 2523 676 2578; x_wconf 82' lang='lat' dir='ltr'><strong>simulcum</strong></span> <span class='ocrx_word' id='word_1_184' title='bbox 701 2525 978 2594; x_wconf 73' lang='lat' dir='ltr'><strong>gignente,</strong></span> <span class='ocrx_word' id='word_1_185' title='bbox 1009 2525 1114 2580; x_wconf 90' lang='lat' dir='ltr'><strong>alia</strong></span> <span class='ocrx_word' id='word_1_186' title='bbox 1137 2535 1321 2580; x_wconf 88' lang='lat' dir='ltr'><strong>autem</strong></span> <span class='ocrx_word' id='word_1_187' title='bbox 1344 2528 1618 2596; x_wconf 88' lang='lat' dir='ltr'><strong>posterius</strong></span> <span class='ocrx_word' id='word_1_188' title='bbox 1645 2528 1913 2582; x_wconf 81' lang='lat' dir='ltr'><strong>exsistere</strong></span> <span class='ocrx_word' id='word_1_189' title='bbox 1939 2546 1952 2581; x_wconf 94' lang='lat'><strong>:</strong></span> 
     </span>
    </p>
   </div>
   <div class='ocr_carea' id='block_1_30' title="bbox 371 2615 1960 2688">
    <p class='ocr_par' dir='ltr' id='par_1_30' title="bbox 371 2615 1960 2688">
     <span class='ocr_line' id='line_1_30' title="bbox 371 2615 1960 2688; baseline 0.003 -21"><span class='ocrx_word' id='word_1_190' title='bbox 371 2615 587 2670; x_wconf 71' lang='lat' dir='ltr'><strong>exsistit</strong></span> <span class='ocrx_word' id='word_1_191' title='bbox 618 2631 813 2686; x_wconf 85' lang='lat' dir='ltr'><strong>nempe</strong></span> <span class='ocrx_word' id='word_1_192' title='bbox 833 2617 980 2672; x_wconf 89' lang='lat' dir='ltr'><strong>Deus</strong></span> <span class='ocrx_word' id='word_1_193' title='bbox 1002 2617 1239 2672; x_wconf 79' lang='lat' dir='ltr'><strong>\‘erbum</strong></span> <span class='ocrx_word' id='word_1_194' title='bbox 1269 2618 1432 2672; x_wconf 90' lang='lat' dir='ltr'><strong>simul</strong></span> <span class='ocrx_word' id='word_1_195' title='bbox 1467 2635 1592 2672; x_wconf 90' lang='lat' dir='ltr'><strong>cum</strong></span> <span class='ocrx_word' id='word_1_196' title='bbox 1608 2620 1788 2684; x_wconf 85' lang='lat' dir='ltr'><strong>Patre,</strong></span> <span class='ocrx_word' id='word_1_197' title='bbox 1806 2618 1960 2688; x_wconf 81' lang='lat' dir='ltr'><strong>geni-</strong></span> 
     </span>
    </p>
   </div>
   <div class='ocr_carea' id='block_1_31' title="bbox 376 2705 1960 2778">
    <p class='ocr_par' dir='ltr' id='par_1_31' title="bbox 376 2705 1960 2778">
     <span class='ocr_line' id='line_1_31' title="bbox 376 2705 1960 2778; baseline 0.006 -21"><span class='ocrx_word' id='word_1_198' title='bbox 376 2714 467 2758; x_wconf 85' lang='lat' dir='ltr'><strong>tus</strong></span> <span class='ocrx_word' id='word_1_199' title='bbox 494 2720 562 2759; x_wconf 75' lang='lat' dir='ltr'><strong>ex</strong></span> <span class='ocrx_word' id='word_1_200' title='bbox 599 2705 718 2774; x_wconf 88' lang='lat' dir='ltr'><strong>ipso</strong></span> <span class='ocrx_word' id='word_1_201' title='bbox 745 2723 758 2758; x_wconf 92' lang='lat'><strong>:</strong></span> <span class='ocrx_word' id='word_1_202' title='bbox 783 2707 1002 2762; x_wconf 80' lang='lat' dir='ltr'><strong>exsistit</strong></span> <span class='ocrx_word' id='word_1_203' title='bbox 1045 2723 1179 2762; x_wconf 90' lang='lat' dir='ltr'><strong>vero</strong></span> <span class='ocrx_word' id='word_1_204' title='bbox 1215 2719 1337 2778; x_wconf 89' lang='lat' dir='ltr'><strong>post</strong></span> <span class='ocrx_word' id='word_1_205' title='bbox 1368 2710 1640 2764; x_wconf 81' lang='lat' dir='ltr'><strong>Abraham</strong></span> <span class='ocrx_word' id='word_1_206' title='bbox 1703 2711 1874 2777; x_wconf 77' lang='lat' dir='ltr'><strong>Isaac,</strong></span> <span class='ocrx_word' id='word_1_207' title='bbox 1901 2721 1960 2766; x_wconf 86' lang='lat' dir='ltr'><strong>et</strong></span> 
     </span>
    </p>
   </div>
   <div class='ocr_carea' id='block_1_32' title="bbox 371 2794 1961 2871">
    <p class='ocr_par' dir='ltr' id='par_1_32' title="bbox 371 2794 1961 2871">
     <span class='ocr_line' id='line_1_32' title="bbox 371 2794 1961 2871; baseline 0.006 -25"><span class='ocrx_word' id='word_1_208' title='bbox 371 2795 453 2847; x_wconf 87' lang='lat' dir='ltr'><strong>sic</strong></span> <span class='ocrx_word' id='word_1_209' title='bbox 484 2795 666 2863; x_wconf 82' lang='lat' dir='ltr'><strong>quivis</strong></span> <span class='ocrx_word' id='word_1_210' title='bbox 689 2794 1026 2866; x_wconf 76' lang='lat' dir='ltr'><strong>huiusmodi.</strong></span> <span class='ocrx_word' id='word_1_211' title='bbox 1052 2797 1347 2854; x_wconf 90' lang='lat' dir='ltr'><strong>Generatio</strong></span> <span class='ocrx_word' id='word_1_212' title='bbox 1369 2809 1551 2855; x_wconf 88' lang='lat' dir='ltr'><strong>autem</strong></span> <span class='ocrx_word' id='word_1_213' title='bbox 1587 2817 1710 2871; x_wconf 68' lang='lat' dir='ltr'><strong>quae</strong></span> <span class='ocrx_word' id='word_1_214' title='bbox 1732 2818 1844 2856; x_wconf 90' lang='lat' dir='ltr'><strong>non</strong></span> <span class='ocrx_word' id='word_1_215' title='bbox 1873 2811 1961 2858; x_wconf 84' lang='lat' dir='ltr'><strong>est</strong></span> 
     </span>
    </p>
   </div>
   <div class='ocr_carea' id='block_1_33' title="bbox 369 2887 1989 2964">
    <p class='ocr_par' dir='ltr' id='par_1_33' title="bbox 369 2887 1989 2964">
     <span class='ocr_line' id='line_1_33' title="bbox 369 2887 1989 2964; baseline 0.005 -24"><span class='ocrx_word' id='word_1_216' title='bbox 369 2901 536 2940; x_wconf 81' lang='lat' dir='ltr'><strong>causa</strong></span> <span class='ocrx_word' id='word_1_217' title='bbox 572 2887 904 2944; x_wconf 65' lang='lat' dir='ltr'><strong>exsistentia:</strong></span> <span class='ocrx_word' id='word_1_218' title='bbox 959 2890 1153 2960; x_wconf 82' lang='lat' dir='ltr'><strong>geniti,</strong></span> <span class='ocrx_word' id='word_1_219' title='bbox 1189 2891 1293 2945; x_wconf 89' lang='lat' dir='ltr'><strong>alia</strong></span> <span class='ocrx_word' id='word_1_220' title='bbox 1326 2892 1547 2962; x_wconf 87' lang='lat' dir='ltr'><strong>quidem</strong></span> <span class='ocrx_word' id='word_1_221' title='bbox 1613 2893 1989 2964; x_wconf 80' lang='lat' dir='ltr'><strong>demonstrat</strong></span> 
     </span>
    </p>
   </div>
   <div class='ocr_carea' id='block_1_34' title="bbox 369 2974 1958 3053">
    <p class='ocr_par' dir='ltr' id='par_1_34' title="bbox 369 2974 1958 3053">
     <span class='ocr_line' id='line_1_34' title="bbox 369 2974 1958 3053; baseline 0.007 -26"><span class='ocrx_word' id='word_1_222' title='bbox 369 2974 618 3042; x_wconf 74' lang='lat' dir='ltr'><strong>genitum</strong></span> <span class='ocrx_word' id='word_1_223' title='bbox 671 2975 855 3045; x_wconf 86' lang='lat' dir='ltr'><strong>seipso</strong></span> <span class='ocrx_word' id='word_1_224' title='bbox 884 2977 1194 3044; x_wconf 85' lang='lat' dir='ltr'><strong>meliorem,</strong></span> <span class='ocrx_word' id='word_1_225' title='bbox 1231 2980 1338 3034; x_wconf 88' lang='lat' dir='ltr'><strong>alia</strong></span> <span class='ocrx_word' id='word_1_226' title='bbox 1387 2997 1519 3036; x_wconf 90' lang='lat' dir='ltr'><strong>vero</strong></span> <span class='ocrx_word' id='word_1_227' title='bbox 1549 2982 1793 3053; x_wconf 86' lang='lat' dir='ltr'><strong>pejorcm</strong></span> <span class='ocrx_word' id='word_1_228' title='bbox 1838 2999 1958 3038; x_wconf 88' lang='lat' dir='ltr'><strong>me-</strong></span> 
     </span>
    </p>
   </div>
   <div class='ocr_carea' id='block_1_35' title="bbox 369 3066 1956 3144">
    <p class='ocr_par' dir='ltr' id='par_1_35' title="bbox 369 3066 1956 3144">
     <span class='ocr_line' id='line_1_35' title="bbox 369 3066 1956 3144; baseline 0.006 -24"><span class='ocrx_word' id='word_1_229' title='bbox 369 3067 570 3120; x_wconf 90' lang='lat' dir='ltr'><strong>liorem</strong></span> <span class='ocrx_word' id='word_1_230' title='bbox 619 3066 866 3138; x_wconf 85' lang='lat' dir='ltr'><strong>quidem,</strong></span> <span class='ocrx_word' id='word_1_231' title='bbox 903 3078 962 3122; x_wconf 93' lang='lat' dir='ltr'><strong>ut</strong></span> <span class='ocrx_word' id='word_1_232' title='bbox 1021 3089 1039 3122; x_wconf 84' lang='grc'><strong>‹</strong></span> <span class='ocrx_word' id='word_1_233' title='bbox 1076 3069 1356 3142; x_wconf 83' lang='lat' dir='ltr'><strong>Quotquot</strong></span> <span class='ocrx_word' id='word_1_234' title='bbox 1400 3082 1582 3128; x_wconf 87' lang='lat' dir='ltr'><strong>autem</strong></span> <span class='ocrx_word' id='word_1_235' title='bbox 1627 3083 1956 3144; x_wconf 87' lang='lat' dir='ltr'><strong>receperunt</strong></span> 
     </span>
    </p>
   </div>
   <div class='ocr_carea' id='block_1_36' title="bbox 371 3158 1955 3236">
    <p class='ocr_par' dir='ltr' id='par_1_36' title="bbox 371 3158 1955 3236">
     <span class='ocr_line' id='line_1_36' title="bbox 371 3158 1955 3236; baseline 0.007 -26"><span class='ocrx_word' id='word_1_236' title='bbox 371 3175 520 3225; x_wconf 83' lang='lat' dir='ltr'><strong>eum,</strong></span> <span class='ocrx_word' id='word_1_237' title='bbox 557 3158 710 3214; x_wconf 85' lang='lat' dir='ltr'><strong>dedit</strong></span> <span class='ocrx_word' id='word_1_238' title='bbox 733 3161 816 3215; x_wconf 87' lang='lat' dir='ltr'><strong>eis</strong></span> <span class='ocrx_word' id='word_1_239' title='bbox 859 3170 1186 3230; x_wconf 88' lang='lat' dir='ltr'><strong>potestatem</strong></span> <span class='ocrx_word' id='word_1_240' title='bbox 1219 3165 1362 3220; x_wconf 86' lang='lat' dir='ltr'><strong>ﬁlios</strong></span> <span class='ocrx_word' id='word_1_241' title='bbox 1395 3165 1488 3220; x_wconf 87' lang='lat' dir='ltr'><strong>Dei</strong></span> <span class='ocrx_word' id='word_1_242' title='bbox 1517 3166 1659 3232; x_wconf 83' lang='lat' dir='ltr'><strong>ﬁeri,</strong></span> <span class='ocrx_word' id='word_1_243' title='bbox 1698 3167 1793 3236; x_wconf 91' lang='lat' dir='ltr'><strong>qui</strong></span> <span class='ocrx_word' id='word_1_244' title='bbox 1845 3182 1955 3221; x_wconf 86' lang='lat' dir='ltr'><strong>non</strong></span> 
     </span>
    </p>
   </div>
   <div class='ocr_carea' id='block_1_37' title="bbox 369 3251 1962 3326">
    <p class='ocr_par' dir='ltr' id='par_1_37' title="bbox 369 3251 1962 3326">
     <span class='ocr_line' id='line_1_37' title="bbox 369 3251 1962 3326; baseline 0.006 -23"><span class='ocrx_word' id='word_1_245' title='bbox 369 3265 438 3303; x_wconf 78' lang='lat' dir='ltr'><strong>ex</strong></span> <span class='ocrx_word' id='word_1_246' title='bbox 458 3251 842 3320; x_wconf 82' lang='lat' dir='ltr'><strong>sanguinibus,</strong></span> <span class='ocrx_word' id='word_1_247' title='bbox 867 3268 1050 3322; x_wconf 89' lang='lat' dir='ltr'><strong>neque</strong></span> <span class='ocrx_word' id='word_1_248' title='bbox 1072 3269 1140 3308; x_wconf 86' lang='lat' dir='ltr'><strong>ex</strong></span> <span class='ocrx_word' id='word_1_249' title='bbox 1160 3255 1438 3310; x_wconf 84' lang='lat' dir='ltr'><strong>voluntate</strong></span> <span class='ocrx_word' id='word_1_250' title='bbox 1457 3257 1660 3322; x_wconf 87' lang='lat' dir='ltr'><strong>carnis,</strong></span> <span class='ocrx_word' id='word_1_251' title='bbox 1687 3271 1864 3326; x_wconf 91' lang='lat' dir='ltr'><strong>neque</strong></span> <span class='ocrx_word' id='word_1_252' title='bbox 1889 3275 1962 3312; x_wconf 74' lang='lat' dir='ltr'><strong>ex</strong></span> 
     </span>
    </p>
   </div>
   <div class='ocr_carea' id='block_1_38' title="bbox 369 3345 1955 3420">
    <p class='ocr_par' dir='ltr' id='par_1_38' title="bbox 369 3345 1955 3420">
     <span class='ocr_line' id='line_1_38' title="bbox 369 3345 1955 3420; baseline 0.004 -23"><span class='ocrx_word' id='word_1_253' title='bbox 369 3345 655 3400; x_wconf 73' lang='lat' dir='ltr'><strong>voluntate</strong></span> <span class='ocrx_word' id='word_1_254' title='bbox 683 3346 824 3410; x_wconf 90' lang='lat' dir='ltr'><strong>viri,</strong></span> <span class='ocrx_word' id='word_1_255' title='bbox 860 3345 955 3400; x_wconf 91' lang='lat' dir='ltr'><strong>sed</strong></span> <span class='ocrx_word' id='word_1_256' title='bbox 981 3361 1048 3400; x_wconf 80' lang='lat' dir='ltr'><strong>ex</strong></span> <span class='ocrx_word' id='word_1_257' title='bbox 1097 3347 1207 3401; x_wconf 91' lang='lat' dir='ltr'><strong>Deo</strong></span> <span class='ocrx_word' id='word_1_258' title='bbox 1235 3347 1351 3401; x_wconf 89' lang='lat' dir='ltr'><strong>nati</strong></span> <span class='ocrx_word' id='word_1_259' title='bbox 1404 3357 1533 3401; x_wconf 86' lang='lat' dir='ltr'><strong>sunt</strong></span> <span class='ocrx_word' id='word_1_260' title='bbox 1562 3348 1647 3400; x_wconf 64' lang='grc' dir='ltr'><strong>δ.»</strong></span> <span class='ocrx_word' id='word_1_261' title='bbox 1711 3351 1955 3420; x_wconf 88' lang='lat' dir='ltr'><strong>pejorem</strong></span> 
     </span>
    </p>
   </div>
   <div class='ocr_carea' id='block_1_39' title="bbox 369 3435 1960 3508">
    <p class='ocr_par' dir='ltr' id='par_1_39' title="bbox 369 3435 1960 3508">
     <span class='ocr_line' id='line_1_39' title="bbox 369 3435 1960 3508; baseline 0.007 -22"><span class='ocrx_word' id='word_1_262' title='bbox 369 3452 523 3498; x_wconf 84' lang='lat' dir='ltr'><strong>vero,</strong></span> <span class='ocrx_word' id='word_1_263' title='bbox 553 3445 610 3490; x_wconf 91' lang='lat' dir='ltr'><strong>ut</strong></span> <span class='ocrx_word' id='word_1_264' title='bbox 645 3435 966 3491; x_wconf 71' lang='lat' dir='ltr'><strong>«Genimina</strong></span> <span class='ocrx_word' id='word_1_265' title='bbox 985 3438 1318 3504; x_wconf 88' lang='lat' dir='ltr'><strong>viperarum,</strong></span> <span class='ocrx_word' id='word_1_266' title='bbox 1351 3439 1478 3508; x_wconf 91' lang='lat' dir='ltr'><strong>quis</strong></span> <span class='ocrx_word' id='word_1_267' title='bbox 1529 3439 1688 3496; x_wconf 85' lang='lat' dir='ltr'><strong>vobis</strong></span> <span class='ocrx_word' id='word_1_268' title='bbox 1732 3441 1960 3496; x_wconf 53' lang='lat' dir='ltr'><strong>demonn</strong></span> 
     </span>
    </p>
   </div>
   <div class='ocr_carea' id='block_1_40' title="bbox 370 3517 1956 3604">
    <p class='ocr_par' dir='ltr' id='par_1_40' title="bbox 370 3517 1956 3604">
     <span class='ocr_line' id='line_1_40' title="bbox 370 3517 1956 3604; baseline 0.006 -24"><span class='ocrx_word' id='word_1_269' title='bbox 370 3527 567 3580; x_wconf 78' lang='lat' dir='ltr'><strong>stravit</strong></span> <span class='ocrx_word' id='word_1_270' title='bbox 592 3526 1074 3596; x_wconf 79' lang='lat' dir='ltr'><strong>fugereaveutura</strong></span> <span class='ocrx_word' id='word_1_271' title='bbox 1093 3517 1220 3584; x_wconf 51' lang='lat' dir='ltr'><strong>ira&quot;</strong></span> <span class='ocrx_word' id='word_1_272' title='bbox 1237 3531 1289 3584; x_wconf 69' lang='lat'><strong>?»</strong></span> <span class='ocrx_word' id='word_1_273' title='bbox 1319 3531 1634 3588; x_wconf 89' lang='lat' dir='ltr'><strong>Secundum</strong></span> <span class='ocrx_word' id='word_1_274' title='bbox 1660 3547 1956 3604; x_wconf 87' lang='lat' dir='ltr'><strong>quamnam</strong></span> 
     </span>
    </p>
   </div>
   <div class='ocr_carea' id='block_1_41' title="bbox 371 3618 1957 3692">
    <p class='ocr_par' dir='ltr' id='par_1_41' title="bbox 371 3618 1957 3692">
     <span class='ocr_line' id='line_1_41' title="bbox 371 3618 1957 3692; baseline 0.006 -21"><span class='ocrx_word' id='word_1_275' title='bbox 371 3619 538 3688; x_wconf 70' lang='lat' dir='ltr'><strong>igitur</strong></span> <span class='ocrx_word' id='word_1_276' title='bbox 573 3618 983 3688; x_wconf 75' lang='lat' dir='ltr'><strong>generationem</strong></span> <span class='ocrx_word' id='word_1_277' title='bbox 1032 3621 1278 3692; x_wconf 85' lang='lat' dir='ltr'><strong>genitum</strong></span> <span class='ocrx_word' id='word_1_278' title='bbox 1319 3623 1490 3679; x_wconf 88' lang='lat' dir='ltr'><strong>fuisse</strong></span> <span class='ocrx_word' id='word_1_279' title='bbox 1516 3625 1688 3680; x_wconf 89' lang='lat' dir='ltr'><strong>Deum</strong></span> <span class='ocrx_word' id='word_1_280' title='bbox 1713 3626 1957 3682; x_wconf 78' lang='lat' dir='ltr'><strong>Verbum</strong></span> 
     </span>
    </p>
   </div>
   <div class='ocr_carea' id='block_1_42' title="bbox 369 3711 1960 3788">
    <p class='ocr_par' dir='ltr' id='par_1_42' title="bbox 369 3711 1960 3788">
     <span class='ocr_line' id='line_1_42' title="bbox 369 3711 1960 3788; baseline 0.006 -24"><span class='ocrx_word' id='word_1_281' title='bbox 369 3726 437 3764; x_wconf 79' lang='lat' dir='ltr'><strong>ex</strong></span> <span class='ocrx_word' id='word_1_282' title='bbox 461 3711 690 3766; x_wconf 89' lang='lat' dir='ltr'><strong>muliere</strong></span> <span class='ocrx_word' id='word_1_283' title='bbox 730 3711 965 3767; x_wconf 85' lang='lat' dir='ltr'><strong>dicunt?</strong></span> <span class='ocrx_word' id='word_1_284' title='bbox 994 3713 1186 3770; x_wconf 84' lang='lat' dir='ltr'><strong>Utrum</strong></span> <span class='ocrx_word' id='word_1_285' title='bbox 1219 3715 1525 3772; x_wconf 88' lang='lat' dir='ltr'><strong>secundum</strong></span> <span class='ocrx_word' id='word_1_286' title='bbox 1548 3733 1670 3772; x_wconf 89' lang='lat' dir='ltr'><strong>eam</strong></span> <span class='ocrx_word' id='word_1_287' title='bbox 1715 3734 1839 3788; x_wconf 64' lang='lat' dir='ltr'><strong>quae</strong></span> <span class='ocrx_word' id='word_1_288' title='bbox 1865 3718 1960 3774; x_wconf 86' lang='lat' dir='ltr'><strong>d‘at</strong></span> 
     </span>
    </p>
   </div>
   <div class='ocr_carea' id='block_1_43' title="bbox 368 3801 1961 3876">
    <p class='ocr_par' dir='ltr' id='par_1_43' title="bbox 368 3801 1961 3876">
     <span class='ocr_line' id='line_1_43' title="bbox 368 3801 1961 3876; baseline 0.007 -21"><span class='ocrx_word' id='word_1_289' title='bbox 368 3801 747 3857; x_wconf 86' lang='lat' dir='ltr'><strong>exsistentiam</strong></span> <span class='ocrx_word' id='word_1_290' title='bbox 797 3803 1026 3874; x_wconf 85' lang='lat' dir='ltr'><strong>genito?</strong></span> <span class='ocrx_word' id='word_1_291' title='bbox 1061 3804 1201 3876; x_wconf 85' lang='lat' dir='ltr'><strong>Ergo</strong></span> <span class='ocrx_word' id='word_1_292' title='bbox 1252 3823 1362 3862; x_wconf 88' lang='lat' dir='ltr'><strong>non</strong></span> <span class='ocrx_word' id='word_1_293' title='bbox 1407 3819 1648 3864; x_wconf 66' lang='lat' dir='ltr'><strong>aeternus</strong></span> <span class='ocrx_word' id='word_1_294' title='bbox 1698 3819 1783 3866; x_wconf 89' lang='lat' dir='ltr'><strong>est</strong></span> <span class='ocrx_word' id='word_1_295' title='bbox 1815 3811 1961 3866; x_wconf 86' lang='lat' dir='ltr'><strong>Deus</strong></span> 
     </span>
    </p>
   </div>
   <div class='ocr_carea' id='block_1_44' title="bbox 377 3890 1958 3972">
    <p class='ocr_par' dir='ltr' id='par_1_44' title="bbox 377 3890 1958 3972">
     <span class='ocr_line' id='line_1_44' title="bbox 377 3890 1958 3972; baseline 0.008 -26"><span class='ocrx_word' id='word_1_296' title='bbox 377 3890 638 3948; x_wconf 60' lang='lat' dir='ltr'><strong>Verbum.</strong></span> <span class='ocrx_word' id='word_1_297' title='bbox 668 3894 828 3950; x_wconf 81' lang='lat' dir='ltr'><strong>Nulla</strong></span> <span class='ocrx_word' id='word_1_298' title='bbox 862 3895 1011 3950; x_wconf 88' lang='lat' dir='ltr'><strong>enim</strong></span> <span class='ocrx_word' id='word_1_299' title='bbox 1037 3897 1162 3951; x_wconf 89' lang='lat' dir='ltr'><strong>talis</strong></span> <span class='ocrx_word' id='word_1_300' title='bbox 1184 3899 1470 3968; x_wconf 80' lang='lat' dir='ltr'><strong>generatio</strong></span> <span class='ocrx_word' id='word_1_301' title='bbox 1501 3900 1657 3956; x_wconf 86' lang='lat' dir='ltr'><strong>novit</strong></span> <span class='ocrx_word' id='word_1_302' title='bbox 1699 3904 1958 3972; x_wconf 70' lang='lat' dir='ltr'><strong>praeexsi-</strong></span> 
     </span>
    </p>
   </div>
   <div class='ocr_carea' id='block_1_45' title="bbox 372 3984 1962 4060">
    <p class='ocr_par' dir='ltr' id='par_1_45' title="bbox 372 3984 1962 4060">
     <span class='ocr_line' id='line_1_45' title="bbox 372 3984 1962 4060; baseline 0.006 -24"><span class='ocrx_word' id='word_1_303' title='bbox 372 3993 520 4038; x_wconf 70' lang='lat' dir='ltr'><strong>atere</strong></span> <span class='ocrx_word' id='word_1_304' title='bbox 548 3984 794 4054; x_wconf 76' lang='lat' dir='ltr'><strong>genitura</strong></span> <span class='ocrx_word' id='word_1_305' title='bbox 807 3984 1052 4056; x_wconf 81' lang='lat' dir='ltr'><strong>gignenti</strong></span> <span class='ocrx_word' id='word_1_306' title='bbox 1087 4004 1100 4040; x_wconf 90' lang='lat'><strong>:</strong></span> <span class='ocrx_word' id='word_1_307' title='bbox 1125 3987 1272 4056; x_wconf 90' lang='lat' dir='ltr'><strong>quod</strong></span> <span class='ocrx_word' id='word_1_308' title='bbox 1296 3996 1608 4047; x_wconf 87' lang='lat' dir='ltr'><strong>autemnon</strong></span> <span class='ocrx_word' id='word_1_309' title='bbox 1631 3989 1962 4060; x_wconf 63' lang='lat' dir='ltr'><strong>praeexsistit</strong></span> 
     </span>
    </p>
   </div>
   <div class='ocr_carea' id='block_1_46' title="bbox 371 4076 1961 4148">
    <p class='ocr_par' dir='ltr' id='par_1_46' title="bbox 371 4076 1961 4148">
     <span class='ocr_line' id='line_1_46' title="bbox 371 4076 1961 4148; baseline 0.006 -21"><span class='ocrx_word' id='word_1_310' title='bbox 371 4076 628 4146; x_wconf 86' lang='lat' dir='ltr'><strong>cuiquam</strong></span> <span class='ocrx_word' id='word_1_311' title='bbox 653 4090 763 4130; x_wconf 89' lang='lat' dir='ltr'><strong>non</strong></span> <span class='ocrx_word' id='word_1_312' title='bbox 784 4085 1010 4141; x_wconf 81' lang='lat' dir='ltr'><strong>aeterno,</strong></span> <span class='ocrx_word' id='word_1_313' title='bbox 1046 4093 1156 4132; x_wconf 90' lang='lat' dir='ltr'><strong>non</strong></span> <span class='ocrx_word' id='word_1_314' title='bbox 1205 4086 1290 4134; x_wconf 88' lang='lat' dir='ltr'><strong>est</strong></span> <span class='ocrx_word' id='word_1_315' title='bbox 1317 4087 1610 4137; x_wconf 70' lang='lat' dir='ltr'><strong>aeternum.</strong></span> <span class='ocrx_word' id='word_1_316' title='bbox 1638 4079 1795 4148; x_wconf 86' lang='lat' dir='ltr'><strong>Quod</strong></span> <span class='ocrx_word' id='word_1_317' title='bbox 1857 4081 1961 4136; x_wconf 90' lang='lat' dir='ltr'><strong>im-</strong></span> 
     </span>
    </p>
   </div>
   <div class='ocr_carea' id='block_1_47' title="bbox 374 4167 1960 4246">
    <p class='ocr_par' dir='ltr' id='par_1_47' title="bbox 374 4167 1960 4246">
     <span class='ocr_line' id='line_1_47' title="bbox 374 4167 1960 4246; baseline 0.006 -26"><span class='ocrx_word' id='word_1_318' title='bbox 374 4167 524 4236; x_wconf 88' lang='lat' dir='ltr'><strong>pium</strong></span> <span class='ocrx_word' id='word_1_319' title='bbox 549 4177 639 4222; x_wconf 85' lang='lat' dir='ltr'><strong>est</strong></span> <span class='ocrx_word' id='word_1_320' title='bbox 657 4167 844 4224; x_wconf 88' lang='lat' dir='ltr'><strong>dicere</strong></span> <span class='ocrx_word' id='word_1_321' title='bbox 865 4169 934 4224; x_wconf 90' lang='lat' dir='ltr'><strong>de</strong></span> <span class='ocrx_word' id='word_1_322' title='bbox 961 4170 1073 4226; x_wconf 86' lang='lat' dir='ltr'><strong>Deo</strong></span> <span class='ocrx_word' id='word_1_323' title='bbox 1125 4171 1326 4228; x_wconf 81' lang='lat' dir='ltr'><strong>Verbo.</strong></span> <span class='ocrx_word' id='word_1_324' title='bbox 1364 4171 1472 4227; x_wconf 89' lang='lat' dir='ltr'><strong>Sed</strong></span> <span class='ocrx_word' id='word_1_325' title='bbox 1493 4173 1685 4229; x_wconf 90' lang='lat' dir='ltr'><strong>dicunt</strong></span> <span class='ocrx_word' id='word_1_326' title='bbox 1713 4175 1960 4246; x_wconf 87' lang='lat' dir='ltr'><strong>genitum</strong></span> 
     </span>
    </p>
   </div>
   <div class='ocr_carea' id='block_1_48' title="bbox 375 4259 1964 4334">
    <p class='ocr_par' dir='ltr' id='par_1_48' title="bbox 375 4259 1964 4334">
     <span class='ocr_line' id='line_1_48' title="bbox 375 4259 1964 4334; baseline 0.005 -22"><span class='ocrx_word' id='word_1_327' title='bbox 375 4260 550 4314; x_wconf 81' lang='lat' dir='ltr'><strong>fuisse</strong></span> <span class='ocrx_word' id='word_1_328' title='bbox 582 4259 889 4314; x_wconf 76' lang='lat' dir='ltr'><strong>secundum</strong></span> <span class='ocrx_word' id='word_1_329' title='bbox 917 4261 1065 4316; x_wconf 87' lang='lat' dir='ltr'><strong>illam</strong></span> <span class='ocrx_word' id='word_1_330' title='bbox 1101 4262 1508 4333; x_wconf 84' lang='lat' dir='ltr'><strong>generationem</strong></span> <span class='ocrx_word' id='word_1_331' title='bbox 1533 4279 1656 4334; x_wconf 69' lang='lat' dir='ltr'><strong>quae</strong></span> <span class='ocrx_word' id='word_1_332' title='bbox 1699 4281 1812 4320; x_wconf 90' lang='lat' dir='ltr'><strong>non</strong></span> <span class='ocrx_word' id='word_1_333' title='bbox 1869 4265 1964 4320; x_wconf 84' lang='lat' dir='ltr'><strong>dat</strong></span> 
     </span>
    </p>
   </div>
   <div class='ocr_carea' id='block_1_49' title="bbox 373 4342 1959 4428">
    <p class='ocr_par' dir='ltr' id='par_1_49' title="bbox 373 4342 1959 4428">
     <span class='ocr_line' id='line_1_49' title="bbox 373 4342 1959 4428; baseline 0.006 -24"><span class='ocrx_word' id='word_1_334' title='bbox 373 4350 560 4419; x_wconf 81' lang='lat' dir='ltr'><strong>genito</strong></span> <span class='ocrx_word' id='word_1_335' title='bbox 582 4352 984 4408; x_wconf 85' lang='lat' dir='ltr'><strong>exsistentiam.</strong></span> <span class='ocrx_word' id='word_1_336' title='bbox 1012 4353 1184 4428; x_wconf 82' lang='lat' dir='ltr'><strong>Igitur</strong></span> <span class='ocrx_word' id='word_1_337' title='bbox 1209 4355 1491 4412; x_wconf 87' lang='lat' dir='ltr'><strong>variabilis</strong></span> <span class='ocrx_word' id='word_1_338' title='bbox 1516 4356 1663 4412; x_wconf 90' lang='lat' dir='ltr'><strong>Deus</strong></span> <span class='ocrx_word' id='word_1_339' title='bbox 1688 4342 1959 4424; x_wconf 58' lang='lat' dir='ltr'><strong>Verbum,</strong></span> 
     </span>
    </p>
   </div>
   <div class='ocr_carea' id='block_1_50' title="bbox 371 4441 2038 4522">
    <p class='ocr_par' dir='ltr' id='par_1_50' title="bbox 371 4441 2038 4522">
     <span class='ocr_line' id='line_1_50' title="bbox 371 4441 2038 4522; baseline 0.004 -27"><span class='ocrx_word' id='word_1_340' title='bbox 371 4449 430 4496; x_wconf 89' lang='lat' dir='ltr'><strong>et</strong></span> <span class='ocrx_word' id='word_1_341' title='bbox 487 4455 598 4496; x_wconf 89' lang='lat' dir='ltr'><strong>non</strong></span> <span class='ocrx_word' id='word_1_342' title='bbox 621 4441 1002 4508; x_wconf 83' lang='lat' dir='ltr'><strong>immutabilis,</strong></span> <span class='ocrx_word' id='word_1_343' title='bbox 1021 4460 1144 4499; x_wconf 92' lang='lat' dir='ltr'><strong>cum</strong></span> <span class='ocrx_word' id='word_1_344' title='bbox 1162 4461 1504 4518; x_wconf 61' lang='lat' dir='ltr'><strong>quascunque</strong></span> <span class='ocrx_word' id='word_1_345' title='bbox 1532 4449 1656 4503; x_wconf 85' lang='lat' dir='ltr'><strong>talis</strong></span> <span class='ocrx_word' id='word_1_346' title='bbox 1677 4451 1960 4522; x_wconf 84' lang='lat' dir='ltr'><strong>generatio</strong></span> <span class='ocrx_word' id='word_1_347' title='bbox 1991 4447 2038 4502; x_wconf 81' lang='grc' dir='ltr'>ι)</span> 
     </span>
    </p>
   </div>
   <div class='ocr_carea' id='block_1_51' title="bbox 372 4531 1965 4611">
    <p class='ocr_par' dir='ltr' id='par_1_51' title="bbox 372 4531 1965 4611">
     <span class='ocr_line' id='line_1_51' title="bbox 372 4531 1965 4611; baseline 0.006 -24"><span class='ocrx_word' id='word_1_348' title='bbox 372 4531 491 4587; x_wconf 75' lang='lat' dir='ltr'><strong>sive</strong></span> <span class='ocrx_word' id='word_1_349' title='bbox 509 4533 792 4586; x_wconf 85' lang='lat' dir='ltr'><strong>meliorem</strong></span> <span class='ocrx_word' id='word_1_350' title='bbox 811 4533 926 4588; x_wconf 89' lang='lat' dir='ltr'><strong>sive</strong></span> <span class='ocrx_word' id='word_1_351' title='bbox 964 4534 1206 4605; x_wconf 88' lang='lat' dir='ltr'><strong>pejorem</strong></span> <span class='ocrx_word' id='word_1_352' title='bbox 1261 4539 1506 4606; x_wconf 81' lang='lat' dir='ltr'><strong>praebeat</strong></span> <span class='ocrx_word' id='word_1_353' title='bbox 1552 4540 1818 4611; x_wconf 86' lang='lat' dir='ltr'><strong>genitum.</strong></span> <span class='ocrx_word' id='word_1_354' title='bbox 1859 4539 1965 4607; x_wconf 86' lang='lat' dir='ltr'><strong>Qui</strong></span> 
     </span>
    </p>
   </div>
   <div class='ocr_carea' id='block_1_52' title="bbox 372 4622 1966 4704">
    <p class='ocr_par' dir='ltr' id='par_1_52' title="bbox 372 4622 1966 4704">
     <span class='ocr_line' id='line_1_52' title="bbox 372 4622 1966 4704; baseline 0.007 -29"><span class='ocrx_word' id='word_1_355' title='bbox 372 4632 558 4676; x_wconf 85' lang='lat' dir='ltr'><strong>autem</strong></span> <span class='ocrx_word' id='word_1_356' title='bbox 589 4622 650 4676; x_wconf 84' lang='lat' dir='ltr'><strong>ﬁt</strong></span> <span class='ocrx_word' id='word_1_357' title='bbox 672 4623 856 4692; x_wconf 91' lang='lat' dir='ltr'><strong>seipso</strong></span> <span class='ocrx_word' id='word_1_358' title='bbox 885 4625 1082 4678; x_wconf 89' lang='lat' dir='ltr'><strong>melior</strong></span> <span class='ocrx_word' id='word_1_359' title='bbox 1098 4627 1183 4681; x_wconf 91' lang='lat' dir='ltr'><strong>vel</strong></span> <span class='ocrx_word' id='word_1_360' title='bbox 1236 4629 1409 4700; x_wconf 85' lang='lat' dir='ltr'><strong>pejor,</strong></span> <span class='ocrx_word' id='word_1_361' title='bbox 1439 4629 1488 4684; x_wconf 89' lang='lat' dir='ltr'><strong>is</strong></span> <span class='ocrx_word' id='word_1_362' title='bbox 1525 4630 1812 4688; x_wconf 87' lang='lat' dir='ltr'><strong>evidenter</strong></span> <span class='ocrx_word' id='word_1_363' title='bbox 1867 4647 1966 4704; x_wconf 85' lang='lat' dir='ltr'><strong>per</strong></span> 
     </span>
    </p>
   </div>
   <div class='ocr_carea' id='block_1_53' title="bbox 385 4705 1960 4778">
    <p class='ocr_par' dir='ltr' id='par_1_53' title="bbox 385 4705 1960 4778">
     <span class='ocr_line' id='line_1_53' title="bbox 385 4705 1960 4778; baseline 0.006 -10"><span class='ocrx_word' id='word_1_364' title='bbox 385 4715 530 4770; x_wconf 87' lang='lat' dir='ltr'><strong>hanc</strong></span> <span class='ocrx_word' id='word_1_365' title='bbox 558 4713 921 4770; x_wconf 86' lang='lat' dir='ltr'><strong>mutatiOnem</strong></span> <span class='ocrx_word' id='word_1_366' title='bbox 949 4717 1298 4773; x_wconf 86' lang='lat' dir='ltr'><strong>convincitur</strong></span> <span class='ocrx_word' id='word_1_367' title='bbox 1326 4735 1448 4774; x_wconf 92' lang='lat' dir='ltr'><strong>esse</strong></span> <span class='ocrx_word' id='word_1_368' title='bbox 1467 4705 1834 4777; x_wconf 76' lang='lat' dir='ltr'><strong>mutabiliset</strong></span> <span class='ocrx_word' id='word_1_369' title='bbox 1862 4739 1960 4778; x_wconf 87' lang='lat' dir='ltr'><strong>va-</strong></span> 
     </span>
    </p>
   </div>
   <div class='ocr_carea' id='block_1_54' title="bbox 375 4805 1962 4881">
    <p class='ocr_par' dir='ltr' id='par_1_54' title="bbox 375 4805 1962 4881">
     <span class='ocr_line' id='line_1_54' title="bbox 375 4805 1962 4881; baseline 0.008 -22"><span class='ocrx_word' id='word_1_370' title='bbox 375 4805 673 4862; x_wconf 77' lang='lat' dir='ltr'><strong>riabilis.S‘i</strong></span> <span class='ocrx_word' id='word_1_371' title='bbox 699 4813 884 4862; x_wconf 87' lang='lat' dir='ltr'><strong>autem</strong></span> <span class='ocrx_word' id='word_1_372' title='bbox 907 4824 1021 4864; x_wconf 89' lang='lat' dir='ltr'><strong>non</strong></span> <span class='ocrx_word' id='word_1_373' title='bbox 1043 4809 1326 4866; x_wconf 87' lang='lat' dir='ltr'><strong>mutabilis</strong></span> <span class='ocrx_word' id='word_1_374' title='bbox 1353 4811 1962 4881; x_wconf 82' lang='lat' dir='ltr'><strong>DeusVerbum,nequc</strong></span> 
     </span>
    </p>
   </div>
   <div class='ocr_carea' id='block_1_55' title="bbox 375 4899 1965 4972">
    <p class='ocr_par' dir='ltr' id='par_1_55' title="bbox 375 4899 1965 4972">
     <span class='ocr_line' id='line_1_55' title="bbox 375 4899 1965 4972; baseline 0.006 -21"><span class='ocrx_word' id='word_1_375' title='bbox 375 4915 484 4954; x_wconf 88' lang='lat' dir='ltr'><strong>non</strong></span> <span class='ocrx_word' id='word_1_376' title='bbox 517 4899 952 4969; x_wconf 60' lang='lat' dir='ltr'><strong>aeternusdgitur</strong></span> <span class='ocrx_word' id='word_1_377' title='bbox 981 4917 1090 4956; x_wconf 89' lang='lat' dir='ltr'><strong>non</strong></span> <span class='ocrx_word' id='word_1_378' title='bbox 1114 4903 1337 4972; x_wconf 87' lang='lat' dir='ltr'><strong>proprie</strong></span> <span class='ocrx_word' id='word_1_379' title='bbox 1353 4911 1411 4958; x_wconf 85' lang='lat' dir='ltr'><strong>et</strong></span> <span class='ocrx_word' id='word_1_380' title='bbox 1440 4901 1743 4958; x_wconf 88' lang='lat' dir='ltr'><strong>secundum</strong></span> <span class='ocrx_word' id='word_1_381' title='bbox 1758 4906 1965 4961; x_wconf 80' lang='lat' dir='ltr'><strong>verita-</strong></span> 
     </span>
    </p>
   </div>
   <div class='ocr_carea' id='block_1_56' title="bbox 377 4992 1966 5069">
    <p class='ocr_par' dir='ltr' id='par_1_56' title="bbox 377 4992 1966 5069">
     <span class='ocr_line' id='line_1_56' title="bbox 377 4992 1966 5069; baseline 0.006 -26"><span class='ocrx_word' id='word_1_382' title='bbox 377 5003 482 5046; x_wconf 87' lang='lat' dir='ltr'><strong>tem</strong></span> <span class='ocrx_word' id='word_1_383' title='bbox 502 5001 663 5047; x_wconf 90' lang='lat' dir='ltr'><strong>natus</strong></span> <span class='ocrx_word' id='word_1_384' title='bbox 677 5000 836 5049; x_wconf 81' lang='lat' dir='ltr'><strong>estex</strong></span> <span class='ocrx_word' id='word_1_385' title='bbox 848 4992 1099 5060; x_wconf 89' lang='lat' dir='ltr'><strong>muliere,</strong></span> <span class='ocrx_word' id='word_1_386' title='bbox 1119 5010 1298 5066; x_wconf 90' lang='lat' dir='ltr'><strong>neque</strong></span> <span class='ocrx_word' id='word_1_387' title='bbox 1311 4997 1538 5053; x_wconf 88' lang='lat' dir='ltr'><strong>omnino</strong></span> <span class='ocrx_word' id='word_1_388' title='bbox 1548 4997 1670 5068; x_wconf 89' lang='lat' dir='ltr'><strong>ejus</strong></span> <span class='ocrx_word' id='word_1_389' title='bbox 1678 4998 1966 5069; x_wconf 67' lang='lat' dir='ltr'><strong>praedicari</strong></span> 
     </span>
    </p>
   </div>
   <div class='ocr_carea' id='block_1_57' title="bbox 375 5087 1957 5161">
    <p class='ocr_par' dir='ltr' id='par_1_57' title="bbox 375 5087 1957 5161">
     <span class='ocr_line' id='line_1_57' title="bbox 375 5087 1957 5161; baseline 0.004 -22"><span class='ocrx_word' id='word_1_390' title='bbox 375 5095 557 5155; x_wconf 85' lang='lat' dir='ltr'><strong>potest</strong></span> <span class='ocrx_word' id='word_1_391' title='bbox 605 5087 891 5158; x_wconf 86' lang='lat' dir='ltr'><strong>generatio</strong></span> <span class='ocrx_word' id='word_1_392' title='bbox 918 5103 988 5142; x_wconf 77' lang='lat' dir='ltr'><strong>ex</strong></span> <span class='ocrx_word' id='word_1_393' title='bbox 1019 5087 1272 5152; x_wconf 88' lang='lat' dir='ltr'><strong>muliere,</strong></span> <span class='ocrx_word' id='word_1_394' title='bbox 1298 5090 1370 5144; x_wconf 87' lang='lat' dir='ltr'><strong>ad</strong></span> <span class='ocrx_word' id='word_1_395' title='bbox 1395 5090 1694 5161; x_wconf 65' lang='lat' dir='ltr'><strong>Scriptura</strong></span> <span class='ocrx_word' id='word_1_396' title='bbox 1714 5107 1957 5148; x_wconf 88' lang='lat' dir='ltr'><strong>sensum.</strong></span> 
     </span>
    </p>
   </div>
   <div class='ocr_carea' id='block_1_58' title="bbox 450 5177 1968 5240">
    <p class='ocr_par' dir='ltr' id='par_1_58' title="bbox 450 5177 1968 5240">
     <span class='ocr_line' id='line_1_58' title="bbox 450 5177 1968 5240; baseline 0.005 -8"><span class='ocrx_word' id='word_1_397' title='bbox 450 5177 636 5234; x_wconf 76' lang='lat' dir='ltr'><strong>Multis</strong></span> <span class='ocrx_word' id='word_1_398' title='bbox 663 5177 960 5234; x_wconf 87' lang='lat' dir='ltr'><strong>verborum</strong></span> <span class='ocrx_word' id='word_1_399' title='bbox 985 5179 1471 5238; x_wconf 88' lang='lat' dir='ltr'><strong>substitutiouibus</strong></span> <span class='ocrx_word' id='word_1_400' title='bbox 1489 5191 1546 5237; x_wconf 87' lang='lat' dir='ltr'><strong>et</strong></span> <span class='ocrx_word' id='word_1_401' title='bbox 1573 5183 1968 5240; x_wconf 88' lang='lat' dir='ltr'><strong>sententiarum</strong></span> 
     </span>
    </p>
   </div>
   <div class='ocr_carea' id='block_1_59' title="bbox 377 5259 1966 5342">
    <p class='ocr_par' dir='ltr' id='par_1_59' title="bbox 377 5259 1966 5342">
     <span class='ocr_line' id='line_1_59' title="bbox 377 5259 1966 5342; baseline 0.006 -24"><span class='ocrx_word' id='word_1_402' title='bbox 377 5259 779 5323; x_wconf 84' lang='lat' dir='ltr'><strong>mutationibus</strong></span> <span class='ocrx_word' id='word_1_403' title='bbox 809 5266 980 5322; x_wconf 88' lang='lat' dir='ltr'><strong>latere</strong></span> <span class='ocrx_word' id='word_1_404' title='bbox 1027 5278 1324 5334; x_wconf 86' lang='lat' dir='ltr'><strong>conantes,</strong></span> <span class='ocrx_word' id='word_1_405' title='bbox 1365 5271 1626 5342; x_wconf 81' lang='lat' dir='ltr'><strong>perfacile</strong></span> <span class='ocrx_word' id='word_1_406' title='bbox 1661 5275 1966 5329; x_wconf 87' lang='lat' dir='ltr'><strong>tamenim-</strong></span> 
     </span>
    </p>
   </div>
   <div class='ocr_carea' id='block_1_60' title="bbox 382 5358 1968 5429">
    <p class='ocr_par' dir='ltr' id='par_1_60' title="bbox 382 5358 1968 5429">
     <span class='ocr_line' id='line_1_60' title="bbox 382 5358 1968 5429; baseline 0.006 -18"><span class='ocrx_word' id='word_1_407' title='bbox 382 5358 604 5429; x_wconf 84' lang='lat' dir='ltr'><strong>pietatis</strong></span> <span class='ocrx_word' id='word_1_408' title='bbox 631 5358 709 5414; x_wconf 87' lang='lat' dir='ltr'><strong>rei</strong></span> <span class='ocrx_word' id='word_1_409' title='bbox 745 5358 1248 5429; x_wconf 87' lang='lat' dir='ltr'><strong>deprehendimini.</strong></span> <span class='ocrx_word' id='word_1_410' title='bbox 1293 5361 1424 5416; x_wconf 82' lang='lat' dir='ltr'><strong>Esto</strong></span> <span class='ocrx_word' id='word_1_411' title='bbox 1457 5363 1604 5418; x_wconf 90' lang='lat' dir='ltr'><strong>enim</strong></span> <span class='ocrx_word' id='word_1_412' title='bbox 1665 5364 1803 5419; x_wconf 86' lang='lat' dir='ltr'><strong>alios</strong></span> <span class='ocrx_word' id='word_1_413' title='bbox 1845 5381 1968 5420; x_wconf 88' lang='lat' dir='ltr'><strong>esse</strong></span> 
     </span>
    </p>
   </div>
   <div class='ocr_carea' id='block_1_61' title="bbox 379 5448 1970 5528">
    <p class='ocr_par' dir='ltr' id='par_1_61' title="bbox 379 5448 1970 5528">
     <span class='ocr_line' id='line_1_61' title="bbox 379 5448 1970 5528; baseline 0.006 -27"><span class='ocrx_word' id='word_1_414' title='bbox 379 5448 481 5504; x_wconf 83' lang='lat' dir='ltr'><strong>hos</strong></span> <span class='ocrx_word' id='word_1_415' title='bbox 497 5451 912 5521; x_wconf 86' lang='lat' dir='ltr'><strong>generationum</strong></span> <span class='ocrx_word' id='word_1_416' title='bbox 941 5453 1130 5508; x_wconf 90' lang='lat' dir='ltr'><strong>modos</strong></span> <span class='ocrx_word' id='word_1_417' title='bbox 1155 5462 1211 5508; x_wconf 91' lang='lat' dir='ltr'><strong>et</strong></span> <span class='ocrx_word' id='word_1_418' title='bbox 1235 5453 1369 5508; x_wconf 83' lang='lat' dir='ltr'><strong>alias</strong></span> <span class='ocrx_word' id='word_1_419' title='bbox 1400 5470 1592 5510; x_wconf 89' lang='lat' dir='ltr'><strong>eorum</strong></span> <span class='ocrx_word' id='word_1_420' title='bbox 1625 5471 1970 5528; x_wconf 84' lang='lat' dir='ltr'><strong>consequen-</strong></span> 
     </span>
    </p>
   </div>
   <div class='ocr_carea' id='block_1_62' title="bbox 381 5533 1966 5618">
    <p class='ocr_par' dir='ltr' id='par_1_62' title="bbox 381 5533 1966 5618">
     <span class='ocr_line' id='line_1_62' title="bbox 381 5533 1966 5618; baseline 0.006 -24"><span class='ocrx_word' id='word_1_421' title='bbox 381 5533 487 5596; x_wconf 45' lang='lat' dir='ltr'><strong>t&#39;ias</strong></span> <span class='ocrx_word' id='word_1_422' title='bbox 508 5581 526 5606; x_wconf 92' lang='lat'><strong>,</strong></span> <span class='ocrx_word' id='word_1_423' title='bbox 559 5543 867 5600; x_wconf 79' lang='lat' dir='ltr'><strong>utdixistis.</strong></span> <span class='ocrx_word' id='word_1_424' title='bbox 925 5544 1032 5600; x_wconf 84' lang='lat' dir='ltr'><strong>Sed</strong></span> <span class='ocrx_word' id='word_1_425' title='bbox 1067 5545 1216 5615; x_wconf 88' lang='lat' dir='ltr'><strong>quod</strong></span> <span class='ocrx_word' id='word_1_426' title='bbox 1247 5561 1396 5613; x_wconf 80' lang='lat' dir='ltr'><strong>nunc</strong></span> <span class='ocrx_word' id='word_1_427' title='bbox 1436 5565 1466 5601; x_wconf 87' lang='lat' dir='ltr'><strong>a</strong></span> <span class='ocrx_word' id='word_1_428' title='bbox 1491 5548 1646 5604; x_wconf 82' lang='lat' dir='ltr'><strong>vobis</strong></span> <span class='ocrx_word' id='word_1_429' title='bbox 1676 5564 1776 5604; x_wconf 86' lang='lat' dir='ltr'><strong>nos</strong></span> <span class='ocrx_word' id='word_1_430' title='bbox 1815 5565 1966 5618; x_wconf 71' lang='lat' dir='ltr'><strong>qua:-</strong></span> 
     </span>
    </p>
   </div>
   <div class='ocr_carea' id='block_1_63' title="bbox 460 5691 1807 5771">
    <p class='ocr_par' dir='ltr' id='par_1_63' title="bbox 460 5691 1807 5771">
     <span class='ocr_line' id='line_1_63' title="bbox 460 5691 1807 5771; baseline 0.007 -22"><span class='ocrx_word' id='word_1_431' title='bbox 460 5691 486 5738; x_wconf 60' lang='grc' dir='ltr'><strong>ε</strong></span> <span class='ocrx_word' id='word_1_432' title='bbox 508 5691 666 5751; x_wconf 77' lang='lat' dir='ltr'><strong>Deut.</strong></span> <span class='ocrx_word' id='word_1_433' title='bbox 691 5711 764 5760; x_wconf 79' lang='lat' dir='ltr'><strong>vt.</strong></span> <span class='ocrx_word' id='word_1_434' title='bbox 792 5697 892 5766; x_wconf 65' lang='lat' dir='ltr'><strong>l5;</strong></span> <span class='ocrx_word' id='word_1_435' title='bbox 924 5701 1112 5756; x_wconf 77' lang='lat' dir='ltr'><strong>Matth.</strong></span> <span class='ocrx_word' id='word_1_436' title='bbox 1137 5719 1209 5770; x_wconf 84' lang='lat' dir='ltr'><strong>tv,</strong></span> <span class='ocrx_word' id='word_1_437' title='bbox 1246 5701 1328 5756; x_wconf 83' lang='grc'><strong>10.</strong></span> <span class='ocrx_word' id='word_1_438' title='bbox 1373 5713 1395 5742; x_wconf 79' lang='grc' dir='ltr'>ι’</span> <span class='ocrx_word' id='word_1_439' title='bbox 1445 5705 1632 5764; x_wconf 81' lang='lat' dir='ltr'><strong>Matth.</strong></span> <span class='ocrx_word' id='word_1_440' title='bbox 1669 5721 1724 5771; x_wconf 86' lang='lat' dir='ltr'><strong>tt,</strong></span> <span class='ocrx_word' id='word_1_441' title='bbox 1753 5707 1807 5758; x_wconf 67' lang='grc' dir='ltr'>ε.</span> 
     </span>
    </p>
   </div>
   <div class='ocr_carea' id='block_1_64' title="bbox 1915 5702 2370 5773">
    <p class='ocr_par' dir='ltr' id='par_1_64' title="bbox 1915 5702 2370 5773">
     <span class='ocr_line' id='line_1_64' title="bbox 1915 5702 2370 5773; baseline -0.011 -12"><span class='ocrx_word' id='word_1_442' title='bbox 1915 5711 1936 5740; x_wconf 87' lang='grc'><em>³</em></span> <span class='ocrx_word' id='word_1_443' title='bbox 1975 5702 1995 5761; x_wconf 87' lang='grc' dir='ltr'><strong>ι</strong></span> <span class='ocrx_word' id='word_1_444' title='bbox 2021 5703 2144 5762; x_wconf 82' lang='lat' dir='ltr'><strong>Cor.</strong></span> <span class='ocrx_word' id='word_1_445' title='bbox 2172 5719 2242 5773; x_wconf 80' lang='lat' dir='ltr'><strong>tv,</strong></span> <span class='ocrx_word' id='word_1_446' title='bbox 2289 5703 2370 5758; x_wconf 63' lang='lat' dir='ltr'><strong>iii.</strong></span> 
     </span>
    </p>
   </div>
   <div class='ocr_carea' id='block_1_65' title="bbox 2055 507 3680 592">
    <p class='ocr_par' dir='ltr' id='par_1_65' title="bbox 2055 507 3680 592">
     <span class='ocr_line' id='line_1_65' title="bbox 2055 507 3680 592; baseline -0.01 14"><span class='ocrx_word' id='word_1_447' title='bbox 2055 507 2174 578; x_wconf 62' lang='grc' dir='ltr'><strong>βοᾷ·</strong></span> <span class='ocrx_word' id='word_1_448' title='bbox 2203 527 2223 560; x_wconf 86' lang='lat'>‘</span> <span class='ocrx_word' id='word_1_449' title='bbox 2254 510 2446 581; x_wconf 69' lang='grc' dir='ltr'>Κυρίῳ</span> <span class='ocrx_word' id='word_1_450' title='bbox 2477 511 2556 582; x_wconf 69' lang='grc' dir='ltr'><strong>τῷ</strong></span> <span class='ocrx_word' id='word_1_451' title='bbox 2601 510 2721 580; x_wconf 73' lang='grc' dir='ltr'><strong>θεῷ</strong></span> <span class='ocrx_word' id='word_1_452' title='bbox 2769 529 2864 566; x_wconf 84' lang='grc' dir='ltr'><strong>σου</strong></span> <span class='ocrx_word' id='word_1_453' title='bbox 2890 517 3324 586; x_wconf 76' lang='grc' dir='ltr'><strong>προσκυνήσεις,</strong></span> <span class='ocrx_word' id='word_1_454' title='bbox 3376 519 3478 570; x_wconf 77' lang='grc' dir='ltr'><strong>και</strong></span> <span class='ocrx_word' id='word_1_455' title='bbox 3517 519 3680 592; x_wconf 70' lang='grc' dir='ltr'>αὐτῷ</span> 
     </span>
    </p>
   </div>
   <div class='ocr_carea' id='block_1_66' title="bbox 2057 599 3676 679">
    <p class='ocr_par' dir='ltr' id='par_1_66' title="bbox 2057 599 3676 679">
     <span class='ocr_line' id='line_1_66' title="bbox 2057 599 3676 679; baseline 0.009 -28"><span class='ocrx_word' id='word_1_456' title='bbox 2057 600 2203 670; x_wconf 82' lang='grc' dir='ltr'>μόνῳ</span> <span class='ocrx_word' id='word_1_457' title='bbox 2229 599 2568 672; x_wconf 80' lang='grc' dir='ltr'>λατρεύσεις·</span> <span class='ocrx_word' id='word_1_458' title='bbox 2598 619 2618 654; x_wconf 85' lang='grc'><strong>›</strong></span> <span class='ocrx_word' id='word_1_459' title='bbox 2647 603 2941 660; x_wconf 80' lang='grc' dir='ltr'>ἀκόλουθον</span> <span class='ocrx_word' id='word_1_460' title='bbox 2959 607 3107 676; x_wconf 78' lang='grc' dir='ltr'>ὑμᾶς</span> <span class='ocrx_word' id='word_1_461' title='bbox 3128 610 3268 678; x_wconf 70' lang='grc' dir='ltr'>μήτε</span> <span class='ocrx_word' id='word_1_462' title='bbox 3300 616 3676 679; x_wconf 79' lang='grc' dir='ltr'>προσκυνεῖν,</span> 
     </span>
    </p>
   </div>
   <div class='ocr_carea' id='block_1_67' title="bbox 2061 692 3674 772">
    <p class='ocr_par' dir='ltr' id='par_1_67' title="bbox 2061 692 3674 772">
     <span class='ocr_line' id='line_1_67' title="bbox 2061 692 3674 772; baseline 0.006 -26"><span class='ocrx_word' id='word_1_463' title='bbox 2061 693 2200 764; x_wconf 82' lang='grc' dir='ltr'>μήτε</span> <span class='ocrx_word' id='word_1_464' title='bbox 2233 692 2634 766; x_wconf 72' lang='grc' dir='ltr'>λατρεύεινοτῷ</span> <span class='ocrx_word' id='word_1_465' title='bbox 2678 697 2901 771; x_wconf 81' lang='grc' dir='ltr'><strong>Χριστῷ</strong></span> <span class='ocrx_word' id='word_1_466' title='bbox 2933 697 3085 756; x_wconf 85' lang='grc' dir='ltr'>θέσει</span> <span class='ocrx_word' id='word_1_467' title='bbox 3113 697 3231 753; x_wconf 74' lang='grc' dir='ltr'>δντι</span> <span class='ocrx_word' id='word_1_468' title='bbox 3267 702 3366 754; x_wconf 79' lang='grc' dir='ltr'>καὶ</span> <span class='ocrx_word' id='word_1_469' title='bbox 3397 702 3464 754; x_wconf 77' lang='grc' dir='ltr'>οὐ</span> <span class='ocrx_word' id='word_1_470' title='bbox 3501 703 3674 772; x_wconf 69' lang='grc' dir='ltr'>φύσει</span> 
     </span>
    </p>
   </div>
   <div class='ocr_carea' id='block_1_68' title="bbox 2055 782 3675 863">
    <p class='ocr_par' dir='ltr' id='par_1_68' title="bbox 2055 782 3675 863">
     <span class='ocr_line' id='line_1_68' title="bbox 2055 782 3675 863; baseline 0.007 -28"><span class='ocrx_word' id='word_1_471' title='bbox 2055 782 2194 853; x_wconf 86' lang='grc' dir='ltr'>Θεῷ,</span> <span class='ocrx_word' id='word_1_472' title='bbox 2221 784 2366 838; x_wconf 82' lang='grc' dir='ltr'>κατά</span> <span class='ocrx_word' id='word_1_473' title='bbox 2394 785 2495 856; x_wconf 78' lang='grc' dir='ltr'>τὴν</span> <span class='ocrx_word' id='word_1_474' title='bbox 2530 785 2806 858; x_wconf 81' lang='grc' dir='ltr'><strong>ὑμετέραν</strong></span> <span class='ocrx_word' id='word_1_475' title='bbox 2852 788 3064 857; x_wconf 79' lang='grc' dir='ltr'>πλάνην</span> <span class='ocrx_word' id='word_1_476' title='bbox 3085 810 3099 823; x_wconf 92' lang='grc'><strong>·</strong></span> <span class='ocrx_word' id='word_1_477' title='bbox 3147 790 3265 844; x_wconf 81' lang='grc' dir='ltr'>ἀλλ’</span> <span class='ocrx_word' id='word_1_478' title='bbox 3315 787 3466 846; x_wconf 68' lang='grc' dir='ltr'>εἰναι</span> <span class='ocrx_word' id='word_1_479' title='bbox 3518 794 3675 863; x_wconf 71' lang='grc' dir='ltr'>ὑμᾶς</span> 
     </span>
    </p>
   </div>
   <div class='ocr_carea' id='block_1_69' title="bbox 2055 875 3676 954">
    <p class='ocr_par' dir='ltr' id='par_1_69' title="bbox 2055 875 3676 954">
     <span class='ocr_line' id='line_1_69' title="bbox 2055 875 3676 954; baseline 0.007 -27"><span class='ocrx_word' id='word_1_480' title='bbox 2055 875 2340 947; x_wconf 78' lang='grc' dir='ltr'>παρρησίᾳ</span> <span class='ocrx_word' id='word_1_481' title='bbox 2371 875 2523 940; x_wconf 82' lang='grc' dir='ltr'>τινὰς</span> <span class='ocrx_word' id='word_1_482' title='bbox 2559 877 3102 950; x_wconf 77' lang='grc' dir='ltr'>Ἀντιχρίστους,καὶ</span> <span class='ocrx_word' id='word_1_483' title='bbox 3136 882 3213 953; x_wconf 82' lang='grc' dir='ltr'>μὴ</span> <span class='ocrx_word' id='word_1_484' title='bbox 3247 885 3556 954; x_wconf 75' lang='grc' dir='ltr'><strong>ὑποκρίσει</strong></span> <span class='ocrx_word' id='word_1_485' title='bbox 3580 885 3676 938; x_wconf 80' lang='grc' dir='ltr'>δο-</span> 
     </span>
    </p>
   </div>
   <div class='ocr_carea' id='block_1_70' title="bbox 2055 966 3670 1042">
    <p class='ocr_par' dir='ltr' id='par_1_70' title="bbox 2055 966 3670 1042">
     <span class='ocr_line' id='line_1_70' title="bbox 2055 966 3670 1042; baseline 0.007 -22"><span class='ocrx_word' id='word_1_486' title='bbox 2055 969 2172 1020; x_wconf 85' lang='grc' dir='ltr'>κεῖν</span> <span class='ocrx_word' id='word_1_487' title='bbox 2210 984 2268 1020; x_wconf 88' lang='grc' dir='ltr'><strong>τε</strong></span> <span class='ocrx_word' id='word_1_488' title='bbox 2311 969 2674 1040; x_wconf 77' lang='grc' dir='ltr'>Χριστιανοὺς</span> <span class='ocrx_word' id='word_1_489' title='bbox 2718 966 2876 1024; x_wconf 77' lang='grc' dir='ltr'>εἶναι.</span> <span class='ocrx_word' id='word_1_490' title='bbox 2917 973 2988 1025; x_wconf 86' lang='grc' dir='ltr'><strong>Ἦ</strong></span> <span class='ocrx_word' id='word_1_491' title='bbox 3004 974 3054 1026; x_wconf 84' lang='grc' dir='ltr'><strong>εί</strong></span> <span class='ocrx_word' id='word_1_492' title='bbox 3101 973 3261 1028; x_wconf 83' lang='grc' dir='ltr'>τοῦτο</span> <span class='ocrx_word' id='word_1_493' title='bbox 3305 975 3670 1042; x_wconf 73' lang='grc' dir='ltr'>εὐλαϐεῖσθε,</span> 
     </span>
    </p>
   </div>
   <div class='ocr_carea' id='block_1_71' title="bbox 2056 1053 3672 1136">
    <p class='ocr_par' dir='ltr' id='par_1_71' title="bbox 2056 1053 3672 1136">
     <span class='ocr_line' id='line_1_71' title="bbox 2056 1053 3672 1136; baseline 0.006 -24"><span class='ocrx_word' id='word_1_494' title='bbox 2056 1059 2490 1128; x_wconf 75' lang='grc' dir='ltr'><strong>προσκυνοῦντες</strong></span> <span class='ocrx_word' id='word_1_495' title='bbox 2521 1062 2616 1114; x_wconf 82' lang='grc' dir='ltr'>καὶ</span> <span class='ocrx_word' id='word_1_496' title='bbox 2640 1053 2997 1131; x_wconf 82' lang='grc' dir='ltr'>λατρεύοντες</span> <span class='ocrx_word' id='word_1_497' title='bbox 3022 1064 3205 1136; x_wconf 80' lang='grc' dir='ltr'>αὐτῷ,</span> <span class='ocrx_word' id='word_1_498' title='bbox 3251 1067 3488 1121; x_wconf 74' lang='grc' dir='ltr'>κτιστοῦ</span> <span class='ocrx_word' id='word_1_499' title='bbox 3517 1085 3672 1130; x_wconf 69' lang='grc' dir='ltr'>τινος</span> 
     </span>
    </p>
   </div>
   <div class='ocr_carea' id='block_1_72' title="bbox 2058 1151 3671 1228">
    <p class='ocr_par' dir='ltr' id='par_1_72' title="bbox 2058 1151 3671 1228">
     <span class='ocr_line' id='line_1_72' title="bbox 2058 1151 3671 1228; baseline 0.007 -26"><span class='ocrx_word' id='word_1_500' title='bbox 2058 1151 2431 1220; x_wconf 70' lang='grc' dir='ltr'><strong>προσκυνηταὶ</strong></span> <span class='ocrx_word' id='word_1_501' title='bbox 2483 1153 2577 1204; x_wconf 77' lang='grc' dir='ltr'>καὶ</span> <span class='ocrx_word' id='word_1_502' title='bbox 2620 1152 3077 1225; x_wconf 74' lang='grc' dir='ltr'>ἀνθρωπολάτραι</span> <span class='ocrx_word' id='word_1_503' title='bbox 3128 1157 3342 1228; x_wconf 84' lang='grc' dir='ltr'>κυρίως</span> <span class='ocrx_word' id='word_1_504' title='bbox 3373 1161 3522 1227; x_wconf 73' lang='grc' dir='ltr'>ἡμῖν</span> <span class='ocrx_word' id='word_1_505' title='bbox 3551 1177 3671 1226; x_wconf 64' lang='grc' dir='ltr'><strong>φω-</strong></span> 
     </span>
    </p>
   </div>
   <div class='ocr_carea' id='block_1_73' title="bbox 2061 1239 3678 1317">
    <p class='ocr_par' dir='ltr' id='par_1_73' title="bbox 2061 1239 3678 1317">
     <span class='ocr_line' id='line_1_73' title="bbox 2061 1239 3678 1317; baseline 0.007 -25"><span class='ocrx_word' id='word_1_506' title='bbox 2061 1239 2382 1309; x_wconf 74' lang='grc' dir='ltr'>ραθήσεσθε.</span> <span class='ocrx_word' id='word_1_507' title='bbox 2419 1239 2509 1310; x_wconf 84' lang='grc' dir='ltr'><strong>Μὴ</strong></span> <span class='ocrx_word' id='word_1_508' title='bbox 2551 1241 2870 1314; x_wconf 77' lang='grc' dir='ltr'>δυσφορεῖτε</span> <span class='ocrx_word' id='word_1_509' title='bbox 2898 1241 2991 1298; x_wconf 78' lang='grc' dir='ltr'>οὖν</span> <span class='ocrx_word' id='word_1_510' title='bbox 3027 1245 3214 1300; x_wconf 81' lang='grc' dir='ltr'>λοιπὸν</span> <span class='ocrx_word' id='word_1_511' title='bbox 3240 1247 3429 1312; x_wconf 78' lang='grc' dir='ltr'>οὕτως</span> <span class='ocrx_word' id='word_1_512' title='bbox 3456 1251 3678 1317; x_wconf 63' lang='grc' dir='ltr'><strong>ὄνομα.</strong></span> 
     </span>
    </p>
   </div>
   <div class='ocr_carea' id='block_1_74' title="bbox 2057 1329 3670 1407">
    <p class='ocr_par' dir='ltr' id='par_1_74' title="bbox 2057 1329 3670 1407">
     <span class='ocr_line' id='line_1_74' title="bbox 2057 1329 3670 1407; baseline 0.009 -27"><span class='ocrx_word' id='word_1_513' title='bbox 2057 1329 2312 1400; x_wconf 82' lang='grc' dir='ltr'>ζὸμενοι,</span> <span class='ocrx_word' id='word_1_514' title='bbox 2344 1331 2440 1385; x_wconf 74' lang='grc' dir='ltr'><strong>καὶ</strong></span> <span class='ocrx_word' id='word_1_515' title='bbox 2473 1333 2569 1401; x_wconf 77' lang='grc' dir='ltr'>τὴν</span> <span class='ocrx_word' id='word_1_516' title='bbox 2618 1335 2876 1404; x_wconf 79' lang='grc' dir='ltr'><strong>τοιαύτην</strong></span> <span class='ocrx_word' id='word_1_517' title='bbox 2925 1337 3054 1404; x_wconf 76' lang='grc' dir='ltr'>περὶ</span> <span class='ocrx_word' id='word_1_518' title='bbox 3105 1337 3262 1407; x_wconf 76' lang='grc' dir='ltr'>ὑμῶν</span> <span class='ocrx_word' id='word_1_519' title='bbox 3309 1337 3478 1402; x_wconf 76' lang='grc' dir='ltr'>δόξαν</span> <span class='ocrx_word' id='word_1_520' title='bbox 3529 1341 3670 1394; x_wconf 67' lang='grc' dir='ltr'><strong>ἀπο-</strong></span> 
     </span>
    </p>
   </div>
   <div class='ocr_carea' id='block_1_75' title="bbox 2059 1419 3674 1497">
    <p class='ocr_par' dir='ltr' id='par_1_75' title="bbox 2059 1419 3674 1497">
     <span class='ocr_line' id='line_1_75' title="bbox 2059 1419 3674 1497; baseline 0.008 -28"><span class='ocrx_word' id='word_1_521' title='bbox 2059 1419 2299 1473; x_wconf 79' lang='grc' dir='ltr'><strong>σείεσθαι</strong></span> <span class='ocrx_word' id='word_1_522' title='bbox 2347 1421 2702 1486; x_wconf 76' lang='grc' dir='ltr'><strong>σπουδάζετε·</strong></span> <span class='ocrx_word' id='word_1_523' title='bbox 2736 1425 2873 1494; x_wconf 82' lang='grc' dir='ltr'><strong>μηδέ</strong></span> <span class='ocrx_word' id='word_1_524' title='bbox 2895 1425 3076 1480; x_wconf 81' lang='grc' dir='ltr'>πάντα</span> <span class='ocrx_word' id='word_1_525' title='bbox 3103 1428 3312 1480; x_wconf 83' lang='grc' dir='ltr'>κυκᾶτε</span> <span class='ocrx_word' id='word_1_526' title='bbox 3349 1427 3498 1497; x_wconf 78' lang='grc' dir='ltr'>πρὸς</span> <span class='ocrx_word' id='word_1_527' title='bbox 3531 1429 3674 1482; x_wconf 64' lang='grc' dir='ltr'><strong>ἀτώ-</strong></span> 
     </span>
    </p>
   </div>
   <div class='ocr_carea' id='block_1_76' title="bbox 2056 1511 3670 1590">
    <p class='ocr_par' dir='ltr' id='par_1_76' title="bbox 2056 1511 3670 1590">
     <span class='ocr_line' id='line_1_76' title="bbox 2056 1511 3670 1590; baseline 0.006 -24"><span class='ocrx_word' id='word_1_528' title='bbox 2056 1511 2224 1576; x_wconf 79' lang='grc' dir='ltr'>δειξιν</span> <span class='ocrx_word' id='word_1_529' title='bbox 2255 1513 2350 1566; x_wconf 80' lang='grc' dir='ltr'><strong>τοῦ</strong></span> <span class='ocrx_word' id='word_1_530' title='bbox 2386 1515 2462 1586; x_wconf 76' lang='grc' dir='ltr'>μὴ</span> <span class='ocrx_word' id='word_1_531' title='bbox 2501 1515 2736 1569; x_wconf 84' lang='grc' dir='ltr'>τοιοῦτοι</span> <span class='ocrx_word' id='word_1_532' title='bbox 2764 1516 2964 1583; x_wconf 79' lang='grc' dir='ltr'>δοκεῖν,</span> <span class='ocrx_word' id='word_1_533' title='bbox 2994 1518 3180 1582; x_wconf 85' lang='grc' dir='ltr'>καθὼς</span> <span class='ocrx_word' id='word_1_534' title='bbox 3208 1521 3312 1590; x_wconf 73' lang='grc' dir='ltr'>ἤδη</span> <span class='ocrx_word' id='word_1_535' title='bbox 3365 1521 3462 1575; x_wconf 72' lang='grc' dir='ltr'><strong>διὰ</strong></span> <span class='ocrx_word' id='word_1_536' title='bbox 3509 1521 3670 1575; x_wconf 75' lang='grc' dir='ltr'>πλεί-</span> 
     </span>
    </p>
   </div>
   <div class='ocr_carea' id='block_1_77' title="bbox 2060 1604 3592 1682">
    <p class='ocr_par' dir='ltr' id='par_1_77' title="bbox 2060 1604 3592 1682">
     <span class='ocr_line' id='line_1_77' title="bbox 2060 1604 3592 1682; baseline 0.007 -25"><span class='ocrx_word' id='word_1_537' title='bbox 2060 1619 2203 1658; x_wconf 87' lang='grc' dir='ltr'>στων</span> <span class='ocrx_word' id='word_1_538' title='bbox 2229 1604 2383 1677; x_wconf 80' lang='grc' dir='ltr'>ὑμῶν</span> <span class='ocrx_word' id='word_1_539' title='bbox 2415 1607 2792 1680; x_wconf 77' lang='grc' dir='ltr'>μακρολογιῶν</span> <span class='ocrx_word' id='word_1_540' title='bbox 2823 1609 3168 1679; x_wconf 59' lang='grc' dir='ltr'>ἠγωνκασθε</span> <span class='ocrx_word' id='word_1_541' title='bbox 3198 1615 3592 1682; x_wconf 82' lang='grc' dir='ltr'>παραστῆσαι.</span> 
     </span>
    </p>
   </div>
   <div class='ocr_carea' id='block_1_78' title="bbox 2670 1729 3036 1783">
    <p class='ocr_par' dir='ltr' id='par_1_78' title="bbox 2670 1729 3036 1783">
     <span class='ocr_line' id='line_1_78' title="bbox 2670 1729 3036 1783; baseline 0.003 -1"><span class='ocrx_word' id='word_1_542' title='bbox 2670 1729 2923 1783; x_wconf 76' lang='grc' dir='ltr'><strong>ΚΕΦΑΛ.</strong></span> <span class='ocrx_word' id='word_1_543' title='bbox 2957 1729 3036 1783; x_wconf 75' lang='lat' dir='ltr'><strong>I&quot;.</strong></span> 
     </span>
    </p>
   </div>
   <div class='ocr_carea' id='block_1_79' title="bbox 2131 1819 3666 1898">
    <p class='ocr_par' dir='ltr' id='par_1_79' title="bbox 2131 1819 3666 1898">
     <span class='ocr_line' id='line_1_79' title="bbox 2131 1819 3666 1898; baseline 0.007 -27"><span class='ocrx_word' id='word_1_544' title='bbox 2131 1820 2287 1872; x_wconf 82' lang='grc' dir='ltr'>Πᾶσα</span> <span class='ocrx_word' id='word_1_545' title='bbox 2324 1819 2578 1890; x_wconf 82' lang='grc' dir='ltr'>γέννησις</span> <span class='ocrx_word' id='word_1_546' title='bbox 2610 1819 2926 1894; x_wconf 77' lang='grc' dir='ltr'>ἐγνωσμένη</span> <span class='ocrx_word' id='word_1_547' title='bbox 2967 1826 3034 1894; x_wconf 81' lang='grc' dir='ltr'><strong>τῇ</strong></span> <span class='ocrx_word' id='word_1_548' title='bbox 3073 1823 3196 1896; x_wconf 76' lang='grc' dir='ltr'>θείᾳ</span> <span class='ocrx_word' id='word_1_549' title='bbox 3238 1825 3466 1896; x_wconf 66' lang='grc' dir='ltr'>Γραφῇ,</span> <span class='ocrx_word' id='word_1_550' title='bbox 3496 1827 3536 1898; x_wconf 76' lang='grc' dir='ltr'><strong>ἦ</strong></span> <span class='ocrx_word' id='word_1_551' title='bbox 3563 1830 3666 1892; x_wconf 71' lang='grc' dir='ltr'>τῆς</span> 
     </span>
    </p>
   </div>
   <div class='ocr_carea' id='block_1_80' title="bbox 2057 1913 3665 1993">
    <p class='ocr_par' dir='ltr' id='par_1_80' title="bbox 2057 1913 3665 1993">
     <span class='ocr_line' id='line_1_80' title="bbox 2057 1913 3665 1993; baseline 0.007 -29"><span class='ocrx_word' id='word_1_552' title='bbox 2057 1913 2344 1984; x_wconf 81' lang='grc' dir='ltr'><strong>ὑπάρξεως</strong></span> <span class='ocrx_word' id='word_1_553' title='bbox 2396 1915 2572 1983; x_wconf 76' lang='grc' dir='ltr'>αὐτῆς</span> <span class='ocrx_word' id='word_1_554' title='bbox 2619 1915 2958 1988; x_wconf 81' lang='grc' dir='ltr'><strong>καθέστηκεν</strong></span> <span class='ocrx_word' id='word_1_555' title='bbox 3010 1919 3159 1974; x_wconf 86' lang='grc' dir='ltr'>αἰτία</span> <span class='ocrx_word' id='word_1_556' title='bbox 3209 1921 3309 1974; x_wconf 72' lang='grc' dir='ltr'>τοῦ</span> <span class='ocrx_word' id='word_1_557' title='bbox 3354 1922 3665 1993; x_wconf 71' lang='grc' dir='ltr'>λεγομένω</span> 
     </span>
    </p>
   </div>
   <div class='ocr_carea' id='block_1_81' title="bbox 2055 2001 3659 2083">
    <p class='ocr_par' dir='ltr' id='par_1_81' title="bbox 2055 2001 3659 2083">
     <span class='ocr_line' id='line_1_81' title="bbox 2055 2001 3659 2083; baseline 0.006 -25"><span class='ocrx_word' id='word_1_558' title='bbox 2055 2006 2436 2076; x_wconf 85' lang='grc' dir='ltr'>γεγεννῆσθαι,</span> <span class='ocrx_word' id='word_1_559' title='bbox 2476 2001 2586 2060; x_wconf 75' lang='grc' dir='ltr'>οἷον</span> <span class='ocrx_word' id='word_1_560' title='bbox 2615 2007 2909 2080; x_wconf 79' lang='grc' dir='ltr'>«Ἀϐραὰμ</span> <span class='ocrx_word' id='word_1_561' title='bbox 2938 2012 3196 2083; x_wconf 78' lang='grc' dir='ltr'>ἐγέννησε</span> <span class='ocrx_word' id='word_1_562' title='bbox 3247 2014 3340 2066; x_wconf 77' lang='grc' dir='ltr'><strong>τὸν</strong></span> <span class='ocrx_word' id='word_1_563' title='bbox 3380 2015 3602 2068; x_wconf 74' lang='grc' dir='ltr'>Ἰσαάκ·</span> <span class='ocrx_word' id='word_1_564' title='bbox 3639 2035 3659 2068; x_wconf 69' lang='grc' dir='ltr'><strong>ι</strong></span> 
     </span>
    </p>
   </div>
   <div class='ocr_carea' id='block_1_82' title="bbox 2057 2096 3663 2171">
    <p class='ocr_par' dir='ltr' id='par_1_82' title="bbox 2057 2096 3663 2171">
     <span class='ocr_line' id='line_1_82' title="bbox 2057 2096 3663 2171; baseline 0.004 -22"><span class='ocrx_word' id='word_1_565' title='bbox 2057 2099 2088 2168; x_wconf 79' lang='grc' dir='ltr'>ἢ</span> <span class='ocrx_word' id='word_1_566' title='bbox 2133 2097 2194 2150; x_wconf 79' lang='grc' dir='ltr'>οὐ</span> <span class='ocrx_word' id='word_1_567' title='bbox 2225 2097 2324 2167; x_wconf 82' lang='grc' dir='ltr'>τῆς</span> <span class='ocrx_word' id='word_1_568' title='bbox 2352 2096 2640 2168; x_wconf 80' lang='grc' dir='ltr'><strong>ὑπάρξεως</strong></span> <span class='ocrx_word' id='word_1_569' title='bbox 2687 2099 2856 2170; x_wconf 80' lang='grc' dir='ltr'>αὐτῆς</span> <span class='ocrx_word' id='word_1_570' title='bbox 2890 2099 3236 2171; x_wconf 79' lang='grc' dir='ltr'>καθέστηκεν</span> <span class='ocrx_word' id='word_1_571' title='bbox 3268 2103 3452 2164; x_wconf 77' lang='grc' dir='ltr'>αἰτία,</span> <span class='ocrx_word' id='word_1_572' title='bbox 3483 2098 3604 2157; x_wconf 73' lang='grc' dir='ltr'>οἷον</span> <span class='ocrx_word' id='word_1_573' title='bbox 3630 2107 3663 2162; x_wconf 73' lang='lat'><strong>6</strong></span> 
     </span>
    </p>
   </div>
   <div class='ocr_carea' id='block_1_83' title="bbox 2069 2189 3664 2265">
    <p class='ocr_par' dir='ltr' id='par_1_83' title="bbox 2069 2189 3664 2265">
     <span class='ocr_line' id='line_1_83' title="bbox 2069 2189 3664 2265; baseline 0.003 -23"><span class='ocrx_word' id='word_1_574' title='bbox 2069 2189 2390 2252; x_wconf 83' lang='grc' dir='ltr'>Ἀπόστολος</span> <span class='ocrx_word' id='word_1_575' title='bbox 2419 2189 2676 2256; x_wconf 78' lang='grc' dir='ltr'>ἐγέννησε</span> <span class='ocrx_word' id='word_1_576' title='bbox 2700 2191 2826 2254; x_wconf 81' lang='grc' dir='ltr'>τοὺς</span> <span class='ocrx_word' id='word_1_577' title='bbox 2843 2191 3172 2262; x_wconf 74' lang='grc' dir='ltr'>Κορινθίους</span> <span class='ocrx_word' id='word_1_578' title='bbox 3187 2232 3208 2258; x_wconf 82' lang='grc'><strong>,</strong></span> <span class='ocrx_word' id='word_1_579' title='bbox 3235 2195 3387 2246; x_wconf 67' lang='grc' dir='ltr'>κατὰ</span> <span class='ocrx_word' id='word_1_580' title='bbox 3415 2195 3480 2248; x_wconf 67' lang='grc' dir='ltr'>τὸ</span> <span class='ocrx_word' id='word_1_581' title='bbox 3501 2198 3664 2265; x_wconf 77' lang='grc' dir='ltr'>εἰρη-</span> 
     </span>
    </p>
   </div>
   <div class='ocr_carea' id='block_1_84' title="bbox 2059 2279 3663 2356">
    <p class='ocr_par' dir='ltr' id='par_1_84' title="bbox 2059 2279 3663 2356">
     <span class='ocr_line' id='line_1_84' title="bbox 2059 2279 3663 2356; baseline 0.005 -22"><span class='ocrx_word' id='word_1_582' title='bbox 2059 2281 2242 2351; x_wconf 85' lang='grc' dir='ltr'>μένον,</span> <span class='ocrx_word' id='word_1_583' title='bbox 2281 2299 2298 2332; x_wconf 76' lang='grc' dir='ltr'><strong>ι</strong></span> <span class='ocrx_word' id='word_1_584' title='bbox 2323 2279 2412 2333; x_wconf 85' lang='grc' dir='ltr'>Ἐν</span> <span class='ocrx_word' id='word_1_585' title='bbox 2440 2280 2546 2350; x_wconf 76' lang='grc' dir='ltr'><strong>γὰρ</strong></span> <span class='ocrx_word' id='word_1_586' title='bbox 2577 2281 2798 2352; x_wconf 84' lang='grc' dir='ltr'>Χριστῷ</span> <span class='ocrx_word' id='word_1_587' title='bbox 2837 2281 3017 2354; x_wconf 78' lang='grc' dir='ltr'>Ἰησοῦ</span> <span class='ocrx_word' id='word_1_588' title='bbox 3051 2284 3136 2337; x_wconf 78' lang='grc' dir='ltr'><strong>διὰ</strong></span> <span class='ocrx_word' id='word_1_589' title='bbox 3170 2284 3266 2338; x_wconf 79' lang='grc' dir='ltr'>τοῦ</span> <span class='ocrx_word' id='word_1_590' title='bbox 3313 2286 3663 2356; x_wconf 60' lang='grc' dir='ltr'>Εὑαγγελέω</span> 
     </span>
    </p>
   </div>
   <div class='ocr_carea' id='block_1_85' title="bbox 1987 2370 3666 2448">
    <p class='ocr_par' dir='ltr' id='par_1_85' title="bbox 1987 2370 3666 2448">
     <span class='ocr_line' id='line_1_85' title="bbox 1987 2370 3666 2448; baseline 0.004 -24"><span class='ocrx_word' id='word_1_591' title='bbox 1987 2422 1990 2428; x_wconf 90' lang='grc'><strong>,</strong></span> <span class='ocrx_word' id='word_1_592' title='bbox 2057 2370 2168 2438; x_wconf 84' lang='grc' dir='ltr'>ἐγὼ</span> <span class='ocrx_word' id='word_1_593' title='bbox 2191 2371 2334 2440; x_wconf 79' lang='grc' dir='ltr'>ὑμᾶς</span> <span class='ocrx_word' id='word_1_594' title='bbox 2365 2372 2656 2442; x_wconf 85' lang='grc' dir='ltr'>ἐγέννησα.</span> <span class='ocrx_word' id='word_1_595' title='bbox 2688 2391 2707 2424; x_wconf 83' lang='grc'><strong>›</strong></span> <span class='ocrx_word' id='word_1_596' title='bbox 2737 2373 2848 2442; x_wconf 77' lang='grc' dir='ltr'><strong>Τῆς</strong></span> <span class='ocrx_word' id='word_1_597' title='bbox 2864 2373 2920 2426; x_wconf 80' lang='grc' dir='ltr'>δὲ</span> <span class='ocrx_word' id='word_1_598' title='bbox 2945 2375 3123 2438; x_wconf 72' lang='grc' dir='ltr'>αἰτίας</span> <span class='ocrx_word' id='word_1_599' title='bbox 3144 2375 3242 2428; x_wconf 74' lang='grc' dir='ltr'>τοῦ</span> <span class='ocrx_word' id='word_1_600' title='bbox 3260 2371 3411 2430; x_wconf 70' lang='grc' dir='ltr'>εἶναι</span> <span class='ocrx_word' id='word_1_601' title='bbox 3445 2381 3666 2448; x_wconf 69' lang='grc' dir='ltr'>γινομέυ</span> 
     </span>
    </p>
   </div>
   <div class='ocr_carea' id='block_1_86' title="bbox 2057 2461 3663 2540">
    <p class='ocr_par' dir='ltr' id='par_1_86' title="bbox 2057 2461 3663 2540">
     <span class='ocr_line' id='line_1_86' title="bbox 2057 2461 3663 2540; baseline 0.006 -27"><span class='ocrx_word' id='word_1_602' title='bbox 2057 2479 2156 2533; x_wconf 88' lang='grc' dir='ltr'><strong>νης</strong></span> <span class='ocrx_word' id='word_1_603' title='bbox 2179 2461 2466 2530; x_wconf 83' lang='grc' dir='ltr'>γενέσεως,</span> <span class='ocrx_word' id='word_1_604' title='bbox 2493 2465 2526 2532; x_wconf 80' lang='grc' dir='ltr'><strong>ὴ</strong></span> <span class='ocrx_word' id='word_1_605' title='bbox 2563 2463 2659 2532; x_wconf 80' lang='grc' dir='ltr'>μὲν</span> <span class='ocrx_word' id='word_1_606' title='bbox 2704 2465 3069 2536; x_wconf 83' lang='grc' dir='ltr'>συνυπάρχειν</span> <span class='ocrx_word' id='word_1_607' title='bbox 3107 2471 3254 2521; x_wconf 83' lang='grc' dir='ltr'>ποιεῖ</span> <span class='ocrx_word' id='word_1_608' title='bbox 3285 2468 3350 2521; x_wconf 84' lang='grc' dir='ltr'><strong>τδ</strong></span> <span class='ocrx_word' id='word_1_609' title='bbox 3369 2469 3663 2540; x_wconf 75' lang='grc' dir='ltr'>γεννώμε-</span> 
     </span>
    </p>
   </div>
   <div class='ocr_carea' id='block_1_87' title="bbox 2057 2553 3668 2630">
    <p class='ocr_par' dir='ltr' id='par_1_87' title="bbox 2057 2553 3668 2630">
     <span class='ocr_line' id='line_1_87' title="bbox 2057 2553 3668 2630; baseline 0.007 -24"><span class='ocrx_word' id='word_1_610' title='bbox 2057 2570 2146 2606; x_wconf 90' lang='grc' dir='ltr'><strong>νον</strong></span> <span class='ocrx_word' id='word_1_611' title='bbox 2171 2553 2248 2622; x_wconf 87' lang='grc' dir='ltr'>τῷ</span> <span class='ocrx_word' id='word_1_612' title='bbox 2271 2553 2550 2622; x_wconf 82' lang='grc' dir='ltr'>γεννῶντι·</span> <span class='ocrx_word' id='word_1_613' title='bbox 2581 2556 2617 2627; x_wconf 75' lang='grc' dir='ltr'><strong>ἡ</strong></span> <span class='ocrx_word' id='word_1_614' title='bbox 2647 2555 2702 2607; x_wconf 85' lang='grc' dir='ltr'>δὲ</span> <span class='ocrx_word' id='word_1_615' title='bbox 2735 2555 3136 2628; x_wconf 62' lang='grc' dir='ltr'>μθυπάρχειν.</span> <span class='ocrx_word' id='word_1_616' title='bbox 3167 2559 3532 2630; x_wconf 84' lang='grc' dir='ltr'>Συνυπάρχει</span> <span class='ocrx_word' id='word_1_617' title='bbox 3563 2562 3668 2630; x_wconf 73' lang='grc' dir='ltr'>μὲν.</span> 
     </span>
    </p>
   </div>
   <div class='ocr_carea' id='block_1_88' title="bbox 2055 2643 3660 2722">
    <p class='ocr_par' dir='ltr' id='par_1_88' title="bbox 2055 2643 3660 2722">
     <span class='ocr_line' id='line_1_88' title="bbox 2055 2643 3660 2722; baseline 0.006 -28"><span class='ocrx_word' id='word_1_618' title='bbox 2055 2643 2164 2713; x_wconf 83' lang='grc' dir='ltr'>γὰρ</span> <span class='ocrx_word' id='word_1_619' title='bbox 2192 2645 2220 2696; x_wconf 98' lang='lat'><strong>6</strong></span> <span class='ocrx_word' id='word_1_620' title='bbox 2251 2643 2384 2706; x_wconf 72' lang='grc' dir='ltr'>Θεὸς</span> <span class='ocrx_word' id='word_1_621' title='bbox 2404 2643 2574 2713; x_wconf 88' lang='grc' dir='ltr'><strong>Λόγος</strong></span> <span class='ocrx_word' id='word_1_622' title='bbox 2601 2645 2678 2714; x_wconf 83' lang='grc' dir='ltr'>τῷ</span> <span class='ocrx_word' id='word_1_623' title='bbox 2706 2647 2880 2718; x_wconf 67' lang='lat' dir='ltr'><strong>Ila-cpi.</strong></span> <span class='ocrx_word' id='word_1_624' title='bbox 2902 2649 3182 2718; x_wconf 73' lang='grc' dir='ltr'>γεννηθεὶς</span> <span class='ocrx_word' id='word_1_625' title='bbox 3210 2651 3271 2716; x_wconf 83' lang='grc' dir='ltr'>ἐξ</span> <span class='ocrx_word' id='word_1_626' title='bbox 3291 2652 3491 2705; x_wconf 76' lang='grc' dir='ltr'>αὐτοῦ·</span> <span class='ocrx_word' id='word_1_627' title='bbox 3529 2653 3660 2722; x_wconf 79' lang='grc' dir='ltr'>μεθ-</span> 
     </span>
    </p>
   </div>
   <div class='ocr_carea' id='block_1_89' title="bbox 2059 2734 3659 2808">
    <p class='ocr_par' dir='ltr' id='par_1_89' title="bbox 2059 2734 3659 2808">
     <span class='ocr_line' id='line_1_89' title="bbox 2059 2734 3659 2808; baseline 0.006 -21"><span class='ocrx_word' id='word_1_628' title='bbox 2059 2735 2299 2805; x_wconf 85' lang='grc' dir='ltr'>υπάρχει</span> <span class='ocrx_word' id='word_1_629' title='bbox 2356 2735 2412 2788; x_wconf 84' lang='grc' dir='ltr'><strong>δέ</strong></span> <span class='ocrx_word' id='word_1_630' title='bbox 2449 2734 2542 2788; x_wconf 81' lang='grc' dir='ltr'>τοῦ</span> <span class='ocrx_word' id='word_1_631' title='bbox 2605 2737 2856 2808; x_wconf 82' lang='grc' dir='ltr'>Ἀϐραὰμ</span> <span class='ocrx_word' id='word_1_632' title='bbox 2883 2739 2912 2790; x_wconf 88' lang='lat'><strong>6</strong></span> <span class='ocrx_word' id='word_1_633' title='bbox 2960 2739 3148 2795; x_wconf 79' lang='grc' dir='ltr'>Ἰσαὰκ</span> <span class='ocrx_word' id='word_1_634' title='bbox 3183 2743 3282 2794; x_wconf 78' lang='grc' dir='ltr'>καὶ</span> <span class='ocrx_word' id='word_1_635' title='bbox 3307 2743 3454 2806; x_wconf 84' lang='grc' dir='ltr'>εῖτις</span> <span class='ocrx_word' id='word_1_636' title='bbox 3480 2743 3659 2797; x_wconf 74' lang='grc' dir='ltr'>τοιοῦ-</span> 
     </span>
    </p>
   </div>
   <div class='ocr_carea' id='block_1_90' title="bbox 2057 2825 3659 2902">
    <p class='ocr_par' dir='ltr' id='par_1_90' title="bbox 2057 2825 3659 2902">
     <span class='ocr_line' id='line_1_90' title="bbox 2057 2825 3659 2902; baseline 0.004 -22"><span class='ocrx_word' id='word_1_637' title='bbox 2057 2841 2166 2890; x_wconf 89' lang='grc' dir='ltr'>τος·</span> <span class='ocrx_word' id='word_1_638' title='bbox 2203 2827 2302 2896; x_wconf 81' lang='grc' dir='ltr'>τῆς</span> <span class='ocrx_word' id='word_1_639' title='bbox 2330 2827 2386 2880; x_wconf 84' lang='grc' dir='ltr'><strong>δέ</strong></span> <span class='ocrx_word' id='word_1_640' title='bbox 2423 2827 2498 2899; x_wconf 78' lang='grc' dir='ltr'>μὴ</span> <span class='ocrx_word' id='word_1_641' title='bbox 2529 2827 2623 2881; x_wconf 82' lang='grc' dir='ltr'>τοῦ</span> <span class='ocrx_word' id='word_1_642' title='bbox 2651 2825 2790 2882; x_wconf 73' lang='grc' dir='ltr'>εἶναι</span> <span class='ocrx_word' id='word_1_643' title='bbox 2827 2832 3119 2902; x_wconf 82' lang='grc' dir='ltr'>γινομένης</span> <span class='ocrx_word' id='word_1_644' title='bbox 3156 2833 3343 2897; x_wconf 79' lang='grc' dir='ltr'>αἰτίας</span> <span class='ocrx_word' id='word_1_645' title='bbox 3385 2834 3492 2888; x_wconf 80' lang='grc' dir='ltr'>τοῦ</span> <span class='ocrx_word' id='word_1_646' title='bbox 3531 2851 3659 2902; x_wconf 82' lang='grc' dir='ltr'>γεν-</span> 
     </span>
    </p>
   </div>
   <div class='ocr_carea' id='block_1_91' title="bbox 2057 2918 3660 2994">
    <p class='ocr_par' dir='ltr' id='par_1_91' title="bbox 2057 2918 3660 2994">
     <span class='ocr_line' id='line_1_91' title="bbox 2057 2918 3660 2994; baseline 0.006 -23"><span class='ocrx_word' id='word_1_647' title='bbox 2057 2918 2326 2994; x_wconf 85' lang='grc' dir='ltr'>νωμένου,</span> <span class='ocrx_word' id='word_1_648' title='bbox 2359 2919 2393 2988; x_wconf 79' lang='grc' dir='ltr'>ἡ</span> <span class='ocrx_word' id='word_1_649' title='bbox 2431 2919 2530 2990; x_wconf 83' lang='grc' dir='ltr'>μὲν</span> <span class='ocrx_word' id='word_1_650' title='bbox 2569 2919 2858 2988; x_wconf 88' lang='grc' dir='ltr'>κρείττονα</span> <span class='ocrx_word' id='word_1_651' title='bbox 2891 2923 3089 2976; x_wconf 80' lang='grc' dir='ltr'>ἑαυτοῦ</span> <span class='ocrx_word' id='word_1_652' title='bbox 3122 2923 3370 2978; x_wconf 82' lang='grc' dir='ltr'>δείκνυσι</span> <span class='ocrx_word' id='word_1_653' title='bbox 3408 2926 3510 2979; x_wconf 77' lang='grc' dir='ltr'>τὸν</span> <span class='ocrx_word' id='word_1_654' title='bbox 3535 2944 3660 2994; x_wconf 81' lang='grc' dir='ltr'>γεν-</span> 
     </span>
    </p>
   </div>
   <div class='ocr_carea' id='block_1_92' title="bbox 2059 2991 3660 3086">
    <p class='ocr_par' dir='ltr' id='par_1_92' title="bbox 2059 3009 3660 3086">
     <span class='ocr_line' id='line_1_92' title="bbox 2059 3009 3660 3086; baseline 0.004 -22"><span class='ocrx_word' id='word_1_655' title='bbox 2059 3010 2323 3080; x_wconf 83' lang='grc' dir='ltr'>νώμενον,</span> <span class='ocrx_word' id='word_1_656' title='bbox 2370 3011 2403 3080; x_wconf 70' lang='lat' dir='ltr'><strong>i)</strong></span> <span class='ocrx_word' id='word_1_657' title='bbox 2461 3009 2519 3063; x_wconf 84' lang='grc' dir='ltr'>δὲ</span> <span class='ocrx_word' id='word_1_658' title='bbox 2579 3013 2824 3082; x_wconf 79' lang='grc' dir='ltr'>χείρονα·</span> <span class='ocrx_word' id='word_1_659' title='bbox 2881 3013 2977 3068; x_wconf 74' lang='grc' dir='ltr'>καὶ</span> <span class='ocrx_word' id='word_1_660' title='bbox 3029 3015 3322 3085; x_wconf 85' lang='grc' dir='ltr'>κρείττονα</span> <span class='ocrx_word' id='word_1_661' title='bbox 3379 3017 3512 3086; x_wconf 84' lang='grc' dir='ltr'>μὲν,</span> <span class='ocrx_word' id='word_1_662' title='bbox 3547 3013 3660 3071; x_wconf 75' lang='grc' dir='ltr'>οἷον</span> 
     </span>
    </p>
   </div>
   <div class='ocr_carea' id='block_1_93' title="bbox 1983 3103 3660 3176">
    <p class='ocr_par' dir='ltr' id='par_1_93' title="bbox 1983 3103 3660 3176">
     <span class='ocr_line' id='line_1_93' title="bbox 1983 3103 3660 3176; baseline 0.005 -20"><span class='ocrx_word' id='word_1_663' title='bbox 1983 3119 2033 3176; x_wconf 80' lang='lat' dir='ltr'><strong>c-</strong></span> <span class='ocrx_word' id='word_1_664' title='bbox 2063 3126 2082 3160; x_wconf 83' lang='grc'>‹</span> <span class='ocrx_word' id='word_1_665' title='bbox 2106 3105 2262 3158; x_wconf 83' lang='grc' dir='ltr'>Ὅσοι</span> <span class='ocrx_word' id='word_1_666' title='bbox 2284 3103 2340 3157; x_wconf 83' lang='grc' dir='ltr'>δὲ</span> <span class='ocrx_word' id='word_1_667' title='bbox 2361 3103 2554 3157; x_wconf 75' lang='grc' dir='ltr'>ἔλαϐον</span> <span class='ocrx_word' id='word_1_668' title='bbox 2579 3104 2763 3168; x_wconf 78' lang='grc' dir='ltr'>αὑτὸν,</span> <span class='ocrx_word' id='word_1_669' title='bbox 2789 3105 2987 3159; x_wconf 79' lang='grc' dir='ltr'>ἔδωκεν</span> <span class='ocrx_word' id='word_1_670' title='bbox 3009 3105 3193 3170; x_wconf 83' lang='grc' dir='ltr'>αὐτοῖς</span> <span class='ocrx_word' id='word_1_671' title='bbox 3218 3107 3479 3172; x_wconf 82' lang='grc' dir='ltr'>ἐξουσίαν</span> <span class='ocrx_word' id='word_1_672' title='bbox 3493 3110 3660 3163; x_wconf 81' lang='grc' dir='ltr'>τέκνα</span> 
     </span>
    </p>
   </div>
   <div class='ocr_carea' id='block_1_94' title="bbox 2059 3193 3660 3272">
    <p class='ocr_par' dir='ltr' id='par_1_94' title="bbox 2059 3193 3660 3272">
     <span class='ocr_line' id='line_1_94' title="bbox 2059 3193 3660 3272; baseline 0.002 -20"><span class='ocrx_word' id='word_1_673' title='bbox 2059 3196 2195 3252; x_wconf 77' lang='grc' dir='ltr'>Θεοῦ</span> <span class='ocrx_word' id='word_1_674' title='bbox 2231 3195 2508 3265; x_wconf 83' lang='grc' dir='ltr'>γενέσθαι·</span> <span class='ocrx_word' id='word_1_675' title='bbox 2541 3193 2591 3248; x_wconf 84' lang='grc' dir='ltr'>οἳ</span> <span class='ocrx_word' id='word_1_676' title='bbox 2621 3194 2722 3251; x_wconf 82' lang='grc' dir='ltr'>οὐκ</span> <span class='ocrx_word' id='word_1_677' title='bbox 2773 3195 2833 3260; x_wconf 80' lang='grc' dir='ltr'>ἐξ</span> <span class='ocrx_word' id='word_1_678' title='bbox 2865 3196 3136 3266; x_wconf 80' lang='grc' dir='ltr'><strong>αἱμάτων,</strong></span> <span class='ocrx_word' id='word_1_679' title='bbox 3158 3197 3283 3252; x_wconf 75' lang='grc' dir='ltr'>οὐδὲ</span> <span class='ocrx_word' id='word_1_680' title='bbox 3313 3201 3379 3252; x_wconf 86' lang='grc' dir='ltr'><strong>ἐκ</strong></span> <span class='ocrx_word' id='word_1_681' title='bbox 3413 3199 3660 3272; x_wconf 77' lang='grc' dir='ltr'>θελήμα-</span> 
     </span>
    </p>
   </div>
   <div class='ocr_carea' id='block_1_95' title="bbox 2057 3286 3660 3361">
    <p class='ocr_par' dir='ltr' id='par_1_95' title="bbox 2057 3286 3660 3361">
     <span class='ocr_line' id='line_1_95' title="bbox 2057 3286 3660 3361; baseline 0.002 -17"><span class='ocrx_word' id='word_1_682' title='bbox 2057 3308 2152 3354; x_wconf 83' lang='grc' dir='ltr'><strong>τος</strong></span> <span class='ocrx_word' id='word_1_683' title='bbox 2189 3289 2416 3358; x_wconf 82' lang='grc' dir='ltr'>σαρκὸς,</span> <span class='ocrx_word' id='word_1_684' title='bbox 2447 3287 2566 3342; x_wconf 77' lang='grc' dir='ltr'>οὐδὲ</span> <span class='ocrx_word' id='word_1_685' title='bbox 2597 3289 2660 3340; x_wconf 85' lang='grc' dir='ltr'><strong>ἐκ</strong></span> <span class='ocrx_word' id='word_1_686' title='bbox 2693 3286 2998 3358; x_wconf 74' lang='grc' dir='ltr'>θελήματος</span> <span class='ocrx_word' id='word_1_687' title='bbox 3030 3290 3244 3361; x_wconf 78' lang='grc' dir='ltr'>ἀνδρὸς,</span> <span class='ocrx_word' id='word_1_688' title='bbox 3279 3291 3400 3345; x_wconf 75' lang='grc' dir='ltr'>ἀλλ’</span> <span class='ocrx_word' id='word_1_689' title='bbox 3424 3295 3497 3346; x_wconf 85' lang='grc' dir='ltr'>ὲκ</span> <span class='ocrx_word' id='word_1_690' title='bbox 3521 3293 3660 3348; x_wconf 67' lang='grc' dir='ltr'>Θεοῦ</span> 
     </span>
    </p>
   </div>
   <div class='ocr_carea' id='block_1_96' title="bbox 2060 3375 3654 3454">
    <p class='ocr_par' dir='ltr' id='par_1_96' title="bbox 2060 3375 3654 3454">
     <span class='ocr_line' id='line_1_96' title="bbox 2060 3375 3654 3454; baseline 0.003 -20"><span class='ocrx_word' id='word_1_691' title='bbox 2060 3382 2450 3452; x_wconf 82' lang='grc' dir='ltr'>ἐγεννήθησαν·</span> <span class='ocrx_word' id='word_1_692' title='bbox 2473 3399 2492 3432; x_wconf 72' lang='grc' dir='ltr'><strong>ι</strong></span> <span class='ocrx_word' id='word_1_693' title='bbox 2509 3379 2726 3451; x_wconf 75' lang='grc' dir='ltr'>χείρονα</span> <span class='ocrx_word' id='word_1_694' title='bbox 2749 3381 2828 3444; x_wconf 81' lang='grc' dir='ltr'>δὲ,</span> <span class='ocrx_word' id='word_1_695' title='bbox 2852 3375 2985 3440; x_wconf 78' lang='grc' dir='ltr'>οἷον·</span> <span class='ocrx_word' id='word_1_696' title='bbox 3013 3401 3031 3433; x_wconf 77' lang='grc' dir='ltr'><strong>ι</strong></span> <span class='ocrx_word' id='word_1_697' title='bbox 3053 3381 3382 3452; x_wconf 77' lang='grc' dir='ltr'>Γεννήματα</span> <span class='ocrx_word' id='word_1_698' title='bbox 3403 3385 3654 3454; x_wconf 73' lang='grc' dir='ltr'>ἐχιδνῶν,</span> 
     </span>
    </p>
   </div>
   <div class='ocr_carea' id='block_1_97' title="bbox 2058 3471 3659 3548">
    <p class='ocr_par' dir='ltr' id='par_1_97' title="bbox 2058 3471 3659 3548">
     <span class='ocr_line' id='line_1_97' title="bbox 2058 3471 3659 3548; baseline 0.004 -24"><span class='ocrx_word' id='word_1_699' title='bbox 2058 3473 2142 3536; x_wconf 85' lang='grc' dir='ltr'><strong>τίς</strong></span> <span class='ocrx_word' id='word_1_700' title='bbox 2179 3473 2308 3543; x_wconf 82' lang='grc' dir='ltr'>ὑμῖν</span> <span class='ocrx_word' id='word_1_701' title='bbox 2356 3471 2636 3538; x_wconf 80' lang='grc' dir='ltr'>ὑπέδειξεν</span> <span class='ocrx_word' id='word_1_702' title='bbox 2678 3474 2872 3540; x_wconf 72' lang='grc' dir='ltr'>φυγεῖν</span> <span class='ocrx_word' id='word_1_703' title='bbox 2905 3472 3021 3528; x_wconf 79' lang='grc' dir='ltr'><strong>ἀπὸ,</strong></span> <span class='ocrx_word' id='word_1_704' title='bbox 3060 3473 3162 3542; x_wconf 84' lang='grc' dir='ltr'>τῆς</span> <span class='ocrx_word' id='word_1_705' title='bbox 3216 3473 3530 3546; x_wconf 78' lang='grc' dir='ltr'>μελλούσης</span> <span class='ocrx_word' id='word_1_706' title='bbox 3565 3479 3659 3548; x_wconf 58' lang='grc' dir='ltr'><strong>ὀρθ</strong></span> 
     </span>
    </p>
   </div>
   <div class='ocr_carea' id='block_1_98' title="bbox 2061 3562 3656 3638">
    <p class='ocr_par' dir='ltr' id='par_1_98' title="bbox 2061 3562 3656 3638">
     <span class='ocr_line' id='line_1_98' title="bbox 2061 3562 3656 3638; baseline 0.001 -19"><span class='ocrx_word' id='word_1_707' title='bbox 2061 3566 2196 3636; x_wconf 76' lang='grc' dir='ltr'>γῆςς</span> <span class='ocrx_word' id='word_1_708' title='bbox 2230 3585 2248 3618; x_wconf 74' lang='grc' dir='ltr'><strong>ι</strong></span> <span class='ocrx_word' id='word_1_709' title='bbox 2270 3568 2412 3620; x_wconf 86' lang='grc' dir='ltr'>κατὰ</span> <span class='ocrx_word' id='word_1_710' title='bbox 2431 3566 2592 3620; x_wconf 83' lang='grc' dir='ltr'>ποίαν</span> <span class='ocrx_word' id='word_1_711' title='bbox 2613 3562 2706 3621; x_wconf 79' lang='grc' dir='ltr'>οὖν</span> <span class='ocrx_word' id='word_1_712' title='bbox 2728 3568 2982 3638; x_wconf 85' lang='grc' dir='ltr'>γέννησιν</span> <span class='ocrx_word' id='word_1_713' title='bbox 3005 3568 3370 3638; x_wconf 79' lang='grc' dir='ltr'>γεγεννῆσθαι</span> <span class='ocrx_word' id='word_1_714' title='bbox 3392 3573 3492 3625; x_wconf 73' lang='grc' dir='ltr'>τὸν</span> <span class='ocrx_word' id='word_1_715' title='bbox 3522 3572 3656 3626; x_wconf 77' lang='grc' dir='ltr'>Θεὸν</span> 
     </span>
    </p>
   </div>
   <div class='ocr_carea' id='block_1_99' title="bbox 2067 3656 3659 3727">
    <p class='ocr_par' dir='ltr' id='par_1_99' title="bbox 2067 3656 3659 3727">
     <span class='ocr_line' id='line_1_99' title="bbox 2067 3656 3659 3727; baseline 0.003 -17"><span class='ocrx_word' id='word_1_716' title='bbox 2067 3657 2243 3725; x_wconf 82' lang='grc' dir='ltr'>Λόγον</span> <span class='ocrx_word' id='word_1_717' title='bbox 2273 3658 2339 3711; x_wconf 87' lang='grc' dir='ltr'><strong>ἐκ</strong></span> <span class='ocrx_word' id='word_1_718' title='bbox 2364 3658 2624 3726; x_wconf 79' lang='grc' dir='ltr'>γυναικός</span> <span class='ocrx_word' id='word_1_719' title='bbox 2657 3675 2822 3727; x_wconf 82' lang='grc' dir='ltr'>φασι;</span> <span class='ocrx_word' id='word_1_720' title='bbox 2844 3659 2986 3713; x_wconf 81' lang='grc' dir='ltr'>κατὰ</span> <span class='ocrx_word' id='word_1_721' title='bbox 3009 3659 3110 3726; x_wconf 71' lang='grc' dir='ltr'>τὴν</span> <span class='ocrx_word' id='word_1_722' title='bbox 3137 3660 3198 3714; x_wconf 84' lang='grc' dir='ltr'><strong>τδ</strong></span> <span class='ocrx_word' id='word_1_723' title='bbox 3227 3656 3370 3714; x_wconf 76' lang='grc' dir='ltr'>εἶναι</span> <span class='ocrx_word' id='word_1_724' title='bbox 3396 3661 3659 3716; x_wconf 71' lang='grc' dir='ltr'>διδοῦσαν</span> 
     </span>
    </p>
   </div>
   <div class='ocr_carea' id='block_1_100' title="bbox 2060 3746 3654 3820">
    <p class='ocr_par' dir='ltr' id='par_1_100' title="bbox 2060 3746 3654 3820">
     <span class='ocr_line' id='line_1_100' title="bbox 2060 3746 3654 3820; baseline 0.004 -20"><span class='ocrx_word' id='word_1_725' title='bbox 2060 3746 2141 3818; x_wconf 80' lang='grc' dir='ltr'><strong>τῷ</strong></span> <span class='ocrx_word' id='word_1_726' title='bbox 2192 3750 2546 3819; x_wconf 77' lang='grc' dir='ltr'>γεννωμένῳ;</span> <span class='ocrx_word' id='word_1_727' title='bbox 2605 3747 2819 3803; x_wconf 80' lang='grc' dir='ltr'>Οὐκοῦν</span> <span class='ocrx_word' id='word_1_728' title='bbox 2861 3750 2963 3803; x_wconf 80' lang='grc' dir='ltr'>οὐκ</span> <span class='ocrx_word' id='word_1_729' title='bbox 3017 3749 3192 3814; x_wconf 75' lang='grc' dir='ltr'>ἀΐδιος</span> <span class='ocrx_word' id='word_1_730' title='bbox 3219 3753 3249 3803; x_wconf 87' lang='lat'><strong>6</strong></span> <span class='ocrx_word' id='word_1_731' title='bbox 3277 3750 3418 3814; x_wconf 81' lang='grc' dir='ltr'>Θεὸς</span> <span class='ocrx_word' id='word_1_732' title='bbox 3454 3753 3654 3820; x_wconf 81' lang='grc' dir='ltr'>Λόγος·</span> 
     </span>
    </p>
   </div>
   <div class='ocr_carea' id='block_1_101' title="bbox 2063 3837 3656 3912">
    <p class='ocr_par' dir='ltr' id='par_1_101' title="bbox 2063 3837 3656 3912">
     <span class='ocr_line' id='line_1_101' title="bbox 2063 3837 3656 3912; baseline 0 -18"><span class='ocrx_word' id='word_1_733' title='bbox 2063 3839 2294 3910; x_wconf 82' lang='grc' dir='ltr'>οὐδεμία</span> <span class='ocrx_word' id='word_1_734' title='bbox 2320 3839 2430 3910; x_wconf 87' lang='grc' dir='ltr'><strong>γὰρ</strong></span> <span class='ocrx_word' id='word_1_735' title='bbox 2457 3839 2684 3910; x_wconf 65' lang='grc' dir='ltr'>τοιαύτη</span> <span class='ocrx_word' id='word_1_736' title='bbox 2717 3839 2974 3910; x_wconf 86' lang='grc' dir='ltr'>γέννησις</span> <span class='ocrx_word' id='word_1_737' title='bbox 3001 3841 3384 3912; x_wconf 76' lang='grc' dir='ltr'>προϋπάρχειν</span> <span class='ocrx_word' id='word_1_738' title='bbox 3410 3837 3530 3894; x_wconf 78' lang='grc' dir='ltr'>οἶδε</span> <span class='ocrx_word' id='word_1_739' title='bbox 3555 3841 3656 3894; x_wconf 76' lang='grc' dir='ltr'>τὸν</span> 
     </span>
    </p>
   </div>
   <div class='ocr_carea' id='block_1_102' title="bbox 2061 3929 3666 4004">
    <p class='ocr_par' dir='ltr' id='par_1_102' title="bbox 2061 3929 3666 4004">
     <span class='ocr_line' id='line_1_102' title="bbox 2061 3929 3666 4004; baseline 0.001 -20"><span class='ocrx_word' id='word_1_740' title='bbox 2061 3931 2404 4001; x_wconf 80' lang='grc' dir='ltr'>γεννώμενον</span> <span class='ocrx_word' id='word_1_741' title='bbox 2430 3929 2526 3984; x_wconf 80' lang='grc' dir='ltr'>τοῦ</span> <span class='ocrx_word' id='word_1_742' title='bbox 2555 3932 2874 3999; x_wconf 85' lang='grc' dir='ltr'>γεννῶντος·</span> <span class='ocrx_word' id='word_1_743' title='bbox 2900 3931 2963 3985; x_wconf 79' lang='grc' dir='ltr'>τὸ</span> <span class='ocrx_word' id='word_1_744' title='bbox 2990 3931 3048 3984; x_wconf 78' lang='grc' dir='ltr'>δὲ</span> <span class='ocrx_word' id='word_1_745' title='bbox 3074 3931 3151 4003; x_wconf 81' lang='grc' dir='ltr'>μὴ</span> <span class='ocrx_word' id='word_1_746' title='bbox 3174 3931 3538 4004; x_wconf 76' lang='grc' dir='ltr'>προϋπάρχον</span> <span class='ocrx_word' id='word_1_747' title='bbox 3555 3932 3666 3986; x_wconf 71' lang='grc' dir='ltr'>τοῦ.</span> 
     </span>
    </p>
   </div>
   <div class='ocr_carea' id='block_1_103' title="bbox 2066 4015 3666 4094">
    <p class='ocr_par' dir='ltr' id='par_1_103' title="bbox 2066 4015 3666 4094">
     <span class='ocr_line' id='line_1_103' title="bbox 2066 4015 3666 4094; baseline -0.006 -16"><span class='ocrx_word' id='word_1_748' title='bbox 2066 4022 2143 4094; x_wconf 82' lang='grc' dir='ltr'>μὴ</span> <span class='ocrx_word' id='word_1_749' title='bbox 2173 4021 2368 4089; x_wconf 85' lang='grc' dir='ltr'>ἀϊδίου,</span> <span class='ocrx_word' id='word_1_750' title='bbox 2398 4015 2497 4076; x_wconf 68' lang='grc' dir='ltr'><strong>οὑξ</strong></span> <span class='ocrx_word' id='word_1_751' title='bbox 2541 4021 2742 4076; x_wconf 79' lang='grc' dir='ltr'>ἀΐδιον·</span> <span class='ocrx_word' id='word_1_752' title='bbox 2788 4023 2927 4094; x_wconf 82' lang='grc' dir='ltr'>ὅπερ</span> <span class='ocrx_word' id='word_1_753' title='bbox 2963 4021 3160 4085; x_wconf 80' lang='grc' dir='ltr'>ἀσεϐἐς</span> <span class='ocrx_word' id='word_1_754' title='bbox 3200 4022 3386 4090; x_wconf 81' lang='grc' dir='ltr'>λέγειν</span> <span class='ocrx_word' id='word_1_755' title='bbox 3425 4022 3530 4076; x_wconf 77' lang='grc' dir='ltr'><strong>ἐπὶ</strong></span> <span class='ocrx_word' id='word_1_756' title='bbox 3555 4022 3666 4076; x_wconf 41' lang='grc' dir='ltr'>τοῦδ</span> 
     </span>
    </p>
   </div>
   <div class='ocr_carea' id='block_1_104' title="bbox 2063 4109 3654 4187">
    <p class='ocr_par' dir='ltr' id='par_1_104' title="bbox 2063 4109 3654 4187">
     <span class='ocr_line' id='line_1_104' title="bbox 2063 4109 3654 4187; baseline -0.001 -17"><span class='ocrx_word' id='word_1_757' title='bbox 2063 4116 2198 4170; x_wconf 78' lang='grc' dir='ltr'>Θεοῦ</span> <span class='ocrx_word' id='word_1_758' title='bbox 2229 4117 2429 4184; x_wconf 85' lang='grc' dir='ltr'>Λόγου.</span> <span class='ocrx_word' id='word_1_759' title='bbox 2476 4115 2638 4168; x_wconf 77' lang='grc' dir='ltr'>Ἀλλὰ</span> <span class='ocrx_word' id='word_1_760' title='bbox 2690 4115 2832 4170; x_wconf 79' lang='grc' dir='ltr'>κατὰ</span> <span class='ocrx_word' id='word_1_761' title='bbox 2867 4114 2970 4187; x_wconf 78' lang='grc' dir='ltr'>τὴν</span> <span class='ocrx_word' id='word_1_762' title='bbox 3023 4114 3098 4186; x_wconf 84' lang='grc' dir='ltr'>μὴ</span> <span class='ocrx_word' id='word_1_763' title='bbox 3126 4113 3186 4168; x_wconf 82' lang='grc' dir='ltr'><strong>τδ</strong></span> <span class='ocrx_word' id='word_1_764' title='bbox 3231 4109 3374 4168; x_wconf 75' lang='grc' dir='ltr'>εἷναι</span> <span class='ocrx_word' id='word_1_765' title='bbox 3397 4113 3654 4168; x_wconf 76' lang='grc' dir='ltr'>διδοῦσαν</span> 
     </span>
    </p>
   </div>
   <div class='ocr_carea' id='block_1_105' title="bbox 2061 4204 3655 4278">
    <p class='ocr_par' dir='ltr' id='par_1_105' title="bbox 2061 4204 3655 4278">
     <span class='ocr_line' id='line_1_105' title="bbox 2061 4204 3655 4278; baseline 0 -18"><span class='ocrx_word' id='word_1_766' title='bbox 2061 4205 2141 4276; x_wconf 85' lang='grc' dir='ltr'><strong>τῷ</strong></span> <span class='ocrx_word' id='word_1_767' title='bbox 2175 4207 2500 4278; x_wconf 84' lang='grc' dir='ltr'>γεννωμένῳ</span> <span class='ocrx_word' id='word_1_768' title='bbox 2542 4207 2674 4274; x_wconf 81' lang='grc' dir='ltr'>φασὶ</span> <span class='ocrx_word' id='word_1_769' title='bbox 2717 4205 3104 4276; x_wconf 84' lang='grc' dir='ltr'>γεγεννῆσθαι·</span> <span class='ocrx_word' id='word_1_770' title='bbox 3131 4206 3370 4277; x_wconf 78' lang='grc' dir='ltr'>τρεπτδς</span> <span class='ocrx_word' id='word_1_771' title='bbox 3389 4204 3593 4259; x_wconf 76' lang='grc' dir='ltr'>οὐκοῦν</span> <span class='ocrx_word' id='word_1_772' title='bbox 3624 4209 3655 4260; x_wconf 85' lang='lat'><strong>6</strong></span> 
     </span>
    </p>
   </div>
   <div class='ocr_carea' id='block_1_106' title="bbox 2065 4297 3653 4368">
    <p class='ocr_par' dir='ltr' id='par_1_106' title="bbox 2065 4297 3653 4368">
     <span class='ocr_line' id='line_1_106' title="bbox 2065 4297 3653 4368; baseline -0.001 -15"><span class='ocrx_word' id='word_1_773' title='bbox 2065 4298 2198 4363; x_wconf 80' lang='grc' dir='ltr'>Θεὸς</span> <span class='ocrx_word' id='word_1_774' title='bbox 2215 4299 2409 4368; x_wconf 82' lang='grc' dir='ltr'>Λόγος,</span> <span class='ocrx_word' id='word_1_775' title='bbox 2440 4299 2537 4353; x_wconf 71' lang='grc' dir='ltr'>καὶ</span> <span class='ocrx_word' id='word_1_776' title='bbox 2564 4300 2668 4353; x_wconf 81' lang='grc' dir='ltr'>οὐκ</span> <span class='ocrx_word' id='word_1_777' title='bbox 2693 4297 3076 4360; x_wconf 79' lang='grc' dir='ltr'>ἀναλλοίωτος·</span> <span class='ocrx_word' id='word_1_778' title='bbox 3096 4297 3220 4350; x_wconf 76' lang='grc' dir='ltr'>ἐπεὶ</span> <span class='ocrx_word' id='word_1_779' title='bbox 3237 4299 3393 4352; x_wconf 80' lang='grc' dir='ltr'>πᾶσα</span> <span class='ocrx_word' id='word_1_780' title='bbox 3422 4297 3653 4367; x_wconf 81' lang='grc' dir='ltr'>τοιαύτη</span> 
     </span>
    </p>
   </div>
   <div class='ocr_carea' id='block_1_107' title="bbox 2066 4387 3664 4462">
    <p class='ocr_par' dir='ltr' id='par_1_107' title="bbox 2066 4387 3664 4462">
     <span class='ocr_line' id='line_1_107' title="bbox 2066 4387 3664 4462; baseline -0.003 -19"><span class='ocrx_word' id='word_1_781' title='bbox 2066 4391 2344 4462; x_wconf 81' lang='grc' dir='ltr'>γέννησις,</span> <span class='ocrx_word' id='word_1_782' title='bbox 2372 4389 2406 4461; x_wconf 76' lang='grc' dir='ltr'>ἢ</span> <span class='ocrx_word' id='word_1_783' title='bbox 2437 4391 2722 4461; x_wconf 86' lang='grc' dir='ltr'>κρείττονα</span> <span class='ocrx_word' id='word_1_784' title='bbox 2747 4389 2780 4460; x_wconf 80' lang='grc' dir='ltr'><strong>ἢ</strong></span> <span class='ocrx_word' id='word_1_785' title='bbox 2819 4389 3040 4461; x_wconf 87' lang='grc' dir='ltr'>χείρονα</span> <span class='ocrx_word' id='word_1_786' title='bbox 3059 4387 3302 4443; x_wconf 84' lang='grc' dir='ltr'>δείκνυσι</span> <span class='ocrx_word' id='word_1_787' title='bbox 3329 4389 3424 4442; x_wconf 81' lang='grc' dir='ltr'>τὸν</span> <span class='ocrx_word' id='word_1_788' title='bbox 3449 4388 3664 4455; x_wconf 60' lang='grc' dir='ltr'>γεννῶς</span> 
     </span>
    </p>
   </div>
   <div class='ocr_carea' id='block_1_108' title="bbox 2072 4478 3650 4552">
    <p class='ocr_par' dir='ltr' id='par_1_108' title="bbox 2072 4478 3650 4552">
     <span class='ocr_line' id='line_1_108' title="bbox 2072 4478 3650 4552; baseline 0 -18"><span class='ocrx_word' id='word_1_789' title='bbox 2072 4497 2254 4551; x_wconf 86' lang='grc' dir='ltr'>μενον·</span> <span class='ocrx_word' id='word_1_790' title='bbox 2309 4483 2338 4535; x_wconf 90' lang='lat'><strong>6</strong></span> <span class='ocrx_word' id='word_1_791' title='bbox 2389 4481 2445 4534; x_wconf 82' lang='grc' dir='ltr'>δὲ</span> <span class='ocrx_word' id='word_1_792' title='bbox 2497 4481 2827 4552; x_wconf 82' lang='grc' dir='ltr'>κρείττωνῆ</span> <span class='ocrx_word' id='word_1_793' title='bbox 2857 4481 3058 4552; x_wconf 88' lang='grc' dir='ltr'>χείρων</span> <span class='ocrx_word' id='word_1_794' title='bbox 3101 4478 3306 4534; x_wconf 78' lang='grc' dir='ltr'>ἑαυτοῦ</span> <span class='ocrx_word' id='word_1_795' title='bbox 3339 4480 3650 4549; x_wconf 78' lang='grc' dir='ltr'>γινόμενος.</span> 
     </span>
    </p>
   </div>
   <div class='ocr_carea' id='block_1_109' title="bbox 2066 4570 3654 4642">
    <p class='ocr_par' dir='ltr' id='par_1_109' title="bbox 2066 4570 3654 4642">
     <span class='ocr_line' id='line_1_109' title="bbox 2066 4570 3654 4642; baseline -0.003 -16"><span class='ocrx_word' id='word_1_796' title='bbox 2066 4571 2156 4626; x_wconf 83' lang='grc' dir='ltr'><strong>διὰ</strong></span> <span class='ocrx_word' id='word_1_797' title='bbox 2183 4571 2284 4642; x_wconf 81' lang='grc' dir='ltr'>τῆς</span> <span class='ocrx_word' id='word_1_798' title='bbox 2308 4571 2522 4625; x_wconf 81' lang='grc' dir='ltr'>τοιᾶσδε</span> <span class='ocrx_word' id='word_1_799' title='bbox 2553 4570 2860 4642; x_wconf 83' lang='grc' dir='ltr'>μεταϐολῆς</span> <span class='ocrx_word' id='word_1_800' title='bbox 2903 4570 3148 4642; x_wconf 83' lang='grc' dir='ltr'>δηλονότι</span> <span class='ocrx_word' id='word_1_801' title='bbox 3167 4571 3403 4641; x_wconf 81' lang='grc' dir='ltr'>τρεπτδς</span> <span class='ocrx_word' id='word_1_802' title='bbox 3431 4570 3654 4638; x_wconf 67' lang='grc' dir='ltr'>ἐλέγχεα</span> 
     </span>
    </p>
   </div>
   <div class='ocr_carea' id='block_1_110' title="bbox 2066 4662 3652 4734">
    <p class='ocr_par' dir='ltr' id='par_1_110' title="bbox 2066 4662 3652 4734">
     <span class='ocr_line' id='line_1_110' title="bbox 2066 4662 3652 4734; baseline 0 -18"><span class='ocrx_word' id='word_1_803' title='bbox 2066 4680 2158 4718; x_wconf 87' lang='grc' dir='ltr'><strong>ται</strong></span> <span class='ocrx_word' id='word_1_804' title='bbox 2187 4663 2265 4718; x_wconf 83' lang='grc' dir='ltr'>ὣν</span> <span class='ocrx_word' id='word_1_805' title='bbox 2302 4666 2396 4718; x_wconf 72' lang='grc' dir='ltr'>καὶ</span> <span class='ocrx_word' id='word_1_806' title='bbox 2428 4663 2743 4726; x_wconf 82' lang='grc' dir='ltr'>ἀλλοιωτός.</span> <span class='ocrx_word' id='word_1_807' title='bbox 2769 4665 2836 4717; x_wconf 78' lang='lat' dir='ltr'><strong>Et</strong></span> <span class='ocrx_word' id='word_1_808' title='bbox 2861 4663 2916 4717; x_wconf 78' lang='grc' dir='ltr'><strong>δέ</strong></span> <span class='ocrx_word' id='word_1_809' title='bbox 2951 4663 3016 4720; x_wconf 73' lang='grc' dir='ltr'>οὺ</span> <span class='ocrx_word' id='word_1_810' title='bbox 3049 4663 3286 4734; x_wconf 76' lang='grc' dir='ltr'>τρεπτδς</span> <span class='ocrx_word' id='word_1_811' title='bbox 3319 4664 3350 4716; x_wconf 88' lang='lat'><strong>6</strong></span> <span class='ocrx_word' id='word_1_812' title='bbox 3379 4662 3516 4726; x_wconf 75' lang='grc' dir='ltr'>Θεὸς</span> <span class='ocrx_word' id='word_1_813' title='bbox 3549 4664 3652 4717; x_wconf 75' lang='lat' dir='ltr'><strong>A6-</strong></span> 
     </span>
    </p>
   </div>
   <div class='ocr_carea' id='block_1_111' title="bbox 2067 4753 3654 4829">
    <p class='ocr_par' dir='ltr' id='par_1_111' title="bbox 2067 4753 3654 4829">
     <span class='ocr_line' id='line_1_111' title="bbox 2067 4753 3654 4829; baseline -0.006 -21"><span class='ocrx_word' id='word_1_814' title='bbox 2067 4770 2184 4824; x_wconf 85' lang='grc' dir='ltr'>γος.</span> <span class='ocrx_word' id='word_1_815' title='bbox 2209 4753 2334 4808; x_wconf 74' lang='grc' dir='ltr'>οὔτε</span> <span class='ocrx_word' id='word_1_816' title='bbox 2351 4755 2466 4829; x_wconf 80' lang='grc' dir='ltr'><strong>Ιοὐκ</strong></span> <span class='ocrx_word' id='word_1_817' title='bbox 2503 4755 2701 4822; x_wconf 76' lang='grc' dir='ltr'>ἀΐδιος,</span> <span class='ocrx_word' id='word_1_818' title='bbox 2723 4755 2824 4809; x_wconf 81' lang='grc' dir='ltr'>οὐκ</span> <span class='ocrx_word' id='word_1_819' title='bbox 2849 4755 2958 4827; x_wconf 79' lang='grc' dir='ltr'>ἄρα</span> <span class='ocrx_word' id='word_1_820' title='bbox 2985 4755 3188 4826; x_wconf 82' lang='grc' dir='ltr'>κυρίως</span> <span class='ocrx_word' id='word_1_821' title='bbox 3215 4755 3314 4808; x_wconf 75' lang='grc' dir='ltr'><strong>καὶ</strong></span> <span class='ocrx_word' id='word_1_822' title='bbox 3349 4754 3494 4808; x_wconf 74' lang='grc' dir='ltr'>κατὰ</span> <span class='ocrx_word' id='word_1_823' title='bbox 3520 4755 3654 4825; x_wconf 57' lang='lat' dir='ltr'><strong>ml-</strong></span> 
     </span>
    </p>
   </div>
   <div class='ocr_carea' id='block_1_112' title="bbox 2068 4845 3656 4919">
    <p class='ocr_par' dir='ltr' id='par_1_112' title="bbox 2068 4845 3656 4919">
     <span class='ocr_line' id='line_1_112' title="bbox 2068 4845 3656 4919; baseline 0.001 -17"><span class='ocrx_word' id='word_1_824' title='bbox 2068 4847 2219 4910; x_wconf 82' lang='grc' dir='ltr'>θειαν</span> <span class='ocrx_word' id='word_1_825' title='bbox 2244 4847 2509 4919; x_wconf 74' lang='grc' dir='ltr'>ἐγεννήθη</span> <span class='ocrx_word' id='word_1_826' title='bbox 2527 4849 2594 4902; x_wconf 80' lang='grc' dir='ltr'><strong>ἐκ</strong></span> <span class='ocrx_word' id='word_1_827' title='bbox 2619 4847 2896 4918; x_wconf 81' lang='grc' dir='ltr'>γυναικὸς,</span> <span class='ocrx_word' id='word_1_828' title='bbox 2927 4847 3050 4901; x_wconf 79' lang='grc' dir='ltr'>οὐδὲ</span> <span class='ocrx_word' id='word_1_829' title='bbox 3065 4848 3202 4911; x_wconf 83' lang='grc' dir='ltr'>ὅλως</span> <span class='ocrx_word' id='word_1_830' title='bbox 3219 4845 3656 4916; x_wconf 69' lang='grc' dir='ltr'>κατηγορεῖσθαι</span> 
     </span>
    </p>
   </div>
   <div class='ocr_carea' id='block_1_113' title="bbox 2067 4938 3656 5010">
    <p class='ocr_par' dir='ltr' id='par_1_113' title="bbox 2067 4938 3656 5010">
     <span class='ocr_line' id='line_1_113' title="bbox 2067 4938 3656 5010; baseline -0.001 -18"><span class='ocrx_word' id='word_1_831' title='bbox 2067 4939 2290 4992; x_wconf 83' lang='grc' dir='ltr'>δύναται</span> <span class='ocrx_word' id='word_1_832' title='bbox 2345 4939 2598 5010; x_wconf 78' lang='grc' dir='ltr'>γέννησις</span> <span class='ocrx_word' id='word_1_833' title='bbox 2647 4941 2712 4999; x_wconf 78' lang='grc' dir='ltr'><strong>ἐκ</strong></span> <span class='ocrx_word' id='word_1_834' title='bbox 2759 4939 3038 5008; x_wconf 72' lang='grc' dir='ltr'>γυναικὸς,</span> <span class='ocrx_word' id='word_1_835' title='bbox 3068 4939 3211 4994; x_wconf 80' lang='grc' dir='ltr'>κατὰ</span> <span class='ocrx_word' id='word_1_836' title='bbox 3232 4938 3332 5010; x_wconf 84' lang='grc' dir='ltr'>τὴν</span> <span class='ocrx_word' id='word_1_837' title='bbox 3364 4939 3656 5010; x_wconf 66' lang='grc' dir='ltr'>Γραφικὴν</span> 
     </span>
    </p>
   </div>
   <div class='ocr_carea' id='block_1_114' title="bbox 2079 5031 2340 5086">
    <p class='ocr_par' dir='ltr' id='par_1_114' title="bbox 2079 5031 2340 5086">
     <span class='ocr_line' id='line_1_114' title="bbox 2079 5031 2340 5086; baseline 0 -2"><span class='ocrx_word' id='word_1_838' title='bbox 2079 5031 2340 5086; x_wconf 83' lang='grc' dir='ltr'>διάνοιαν.</span> 
     </span>
    </p>
   </div>
   <div class='ocr_carea' id='block_1_115' title="bbox 2141 5187 3657 5262">
    <p class='ocr_par' dir='ltr' id='par_1_115' title="bbox 2141 5187 3657 5262">
     <span class='ocr_line' id='line_1_115' title="bbox 2141 5187 3657 5262; baseline 0.001 -20"><span class='ocrx_word' id='word_1_839' title='bbox 2141 5187 2374 5252; x_wconf 82' lang='grc' dir='ltr'>Πολλαῖς</span> <span class='ocrx_word' id='word_1_840' title='bbox 2422 5188 2780 5260; x_wconf 77' lang='grc' dir='ltr'>ἀντεμϐολαῖς</span> <span class='ocrx_word' id='word_1_841' title='bbox 2819 5190 2997 5260; x_wconf 70' lang='grc' dir='ltr'>λόγων</span> <span class='ocrx_word' id='word_1_842' title='bbox 3035 5191 3132 5246; x_wconf 63' lang='grc' dir='ltr'><strong>καὶ⁸</strong></span> <span class='ocrx_word' id='word_1_843' title='bbox 3179 5189 3501 5245; x_wconf 72' lang='grc' dir='ltr'>ἀλλοιώσεσι</span> <span class='ocrx_word' id='word_1_844' title='bbox 3529 5209 3657 5262; x_wconf 70' lang='lat' dir='ltr'><strong>v01;-</strong></span> 
     </span>
    </p>
   </div>
   <div class='ocr_carea' id='block_1_116' title="bbox 2075 5275 3655 5352">
    <p class='ocr_par' dir='ltr' id='par_1_116' title="bbox 2075 5275 3655 5352">
     <span class='ocr_line' id='line_1_116' title="bbox 2075 5275 3655 5352; baseline 0.003 -22"><span class='ocrx_word' id='word_1_845' title='bbox 2075 5279 2260 5348; x_wconf 79' lang='grc' dir='ltr'>μάτων</span> <span class='ocrx_word' id='word_1_846' title='bbox 2285 5275 2952 5351; x_wconf 77' lang='grc' dir='ltr'>λανθάνεινπειρώμενοι,</span> <span class='ocrx_word' id='word_1_847' title='bbox 2977 5281 3128 5350; x_wconf 83' lang='grc' dir='ltr'>ὅμως</span> <span class='ocrx_word' id='word_1_848' title='bbox 3151 5279 3441 5334; x_wconf 77' lang='grc' dir='ltr'>ἁλίσκεσθε</span> <span class='ocrx_word' id='word_1_849' title='bbox 3473 5282 3655 5352; x_wconf 69' lang='grc' dir='ltr'>ῥᾷστα</span> 
     </span>
    </p>
   </div>
   <div class='ocr_carea' id='block_1_117' title="bbox 2069 5367 3656 5443">
    <p class='ocr_par' dir='ltr' id='par_1_117' title="bbox 2069 5367 3656 5443">
     <span class='ocr_line' id='line_1_117' title="bbox 2069 5367 3656 5443; baseline 0.002 -23"><span class='ocrx_word' id='word_1_850' title='bbox 2069 5369 2170 5440; x_wconf 73' lang='grc' dir='ltr'>τὴν</span> <span class='ocrx_word' id='word_1_851' title='bbox 2195 5370 2479 5426; x_wconf 76' lang='grc' dir='ltr'>ἀσέϐειαν..</span> <span class='ocrx_word' id='word_1_852' title='bbox 2513 5372 2698 5425; x_wconf 85' lang='grc' dir='ltr'>Ἔστω</span> <span class='ocrx_word' id='word_1_853' title='bbox 2726 5371 2836 5443; x_wconf 76' lang='grc' dir='ltr'><strong>γὰρ</strong></span> <span class='ocrx_word' id='word_1_854' title='bbox 2877 5371 3100 5442; x_wconf 85' lang='grc' dir='ltr'>ἐτέρους</span> <span class='ocrx_word' id='word_1_855' title='bbox 3125 5367 3264 5425; x_wconf 82' lang='grc' dir='ltr'>εἶναι</span> <span class='ocrx_word' id='word_1_856' title='bbox 3294 5370 3484 5424; x_wconf 74' lang='grc' dir='ltr'>τούσδε</span> <span class='ocrx_word' id='word_1_857' title='bbox 3523 5372 3656 5441; x_wconf 72' lang='grc' dir='ltr'>τρό-</span> 
     </span>
    </p>
   </div>
   <div class='ocr_carea' id='block_1_118' title="bbox 2074 5459 3652 5532">
    <p class='ocr_par' dir='ltr' id='par_1_118' title="bbox 2074 5459 3652 5532">
     <span class='ocr_line' id='line_1_118' title="bbox 2074 5459 3652 5532; baseline 0.003 -20"><span class='ocrx_word' id='word_1_858' title='bbox 2074 5477 2208 5522; x_wconf 81' lang='grc' dir='ltr'>πους</span> <span class='ocrx_word' id='word_1_859' title='bbox 2247 5459 2355 5512; x_wconf 82' lang='grc' dir='ltr'>τῶν</span> <span class='ocrx_word' id='word_1_860' title='bbox 2383 5463 2710 5531; x_wconf 79' lang='grc' dir='ltr'>γεννήσεων,</span> <span class='ocrx_word' id='word_1_861' title='bbox 2743 5462 2837 5515; x_wconf 76' lang='grc' dir='ltr'>καὶ</span> <span class='ocrx_word' id='word_1_862' title='bbox 2865 5463 3030 5532; x_wconf 76' lang='grc' dir='ltr'>ἕτερα</span> <span class='ocrx_word' id='word_1_863' title='bbox 3060 5463 3129 5518; x_wconf 72' lang='grc' dir='ltr'><strong>τὰ</strong></span> <span class='ocrx_word' id='word_1_864' title='bbox 3163 5461 3374 5524; x_wconf 80' lang='grc' dir='ltr'>τούτοις</span> <span class='ocrx_word' id='word_1_865' title='bbox 3401 5463 3652 5532; x_wconf 75' lang='grc' dir='ltr'>παρεπό-</span> 
     </span>
    </p>
   </div>
   <div class='ocr_carea' id='block_1_119' title="bbox 2075 5550 3652 5623">
    <p class='ocr_par' dir='ltr' id='par_1_119' title="bbox 2075 5550 3652 5623">
     <span class='ocr_line' id='line_1_119' title="bbox 2075 5550 3652 5623; baseline -0.001 -19"><span class='ocrx_word' id='word_1_866' title='bbox 2075 5567 2234 5621; x_wconf 85' lang='grc' dir='ltr'>μενα,</span> <span class='ocrx_word' id='word_1_867' title='bbox 2263 5550 2340 5613; x_wconf 80' lang='grc' dir='ltr'><strong>ὡς</strong></span> <span class='ocrx_word' id='word_1_868' title='bbox 2365 5552 2646 5623; x_wconf 61' lang='grc' dir='ltr'>εἰρήκατε·</span> <span class='ocrx_word' id='word_1_869' title='bbox 2671 5551 2806 5606; x_wconf 73' lang='grc' dir='ltr'>ἀλλὰ</span> <span class='ocrx_word' id='word_1_870' title='bbox 2840 5551 2900 5605; x_wconf 77' lang='grc' dir='ltr'><strong>τὸ</strong></span> <span class='ocrx_word' id='word_1_871' title='bbox 2925 5553 3020 5606; x_wconf 78' lang='grc' dir='ltr'>νῦν</span> <span class='ocrx_word' id='word_1_872' title='bbox 3042 5553 3174 5623; x_wconf 74' lang='grc' dir='ltr'>ἡμῖν</span> <span class='ocrx_word' id='word_1_873' title='bbox 3203 5552 3537 5622; x_wconf 77' lang='grc' dir='ltr'>ζητούμενον</span> <span class='ocrx_word' id='word_1_874' title='bbox 3569 5553 3652 5614; x_wconf 79' lang='grc' dir='ltr'>εἰς</span> 
     </span>
    </p>
   </div>
   <div class='ocr_carea' id='block_1_120' title="bbox 2455 5702 3500 5776">
    <p class='ocr_par' dir='ltr' id='par_1_120' title="bbox 2455 5702 3500 5776">
     <span class='ocr_line' id='line_1_120' title="bbox 2455 5702 3500 5776; baseline 0.001 -18"><span class='ocrx_word' id='word_1_875' title='bbox 2455 5705 2470 5739; x_wconf 69' lang='grc' dir='ltr'><strong>ί</strong></span> <span class='ocrx_word' id='word_1_876' title='bbox 2506 5702 2664 5760; x_wconf 81' lang='lat' dir='ltr'><strong>Joan.</strong></span> <span class='ocrx_word' id='word_1_877' title='bbox 2694 5723 2730 5776; x_wconf 86' lang='grc' dir='ltr'><strong>ι,</strong></span> <span class='ocrx_word' id='word_1_878' title='bbox 2773 5708 2852 5772; x_wconf 72' lang='lat' dir='ltr'><strong>l2,</strong></span> <span class='ocrx_word' id='word_1_879' title='bbox 2893 5707 2976 5760; x_wconf 80' lang='lat' dir='ltr'><strong>l5.</strong></span> <span class='ocrx_word' id='word_1_880' title='bbox 3051 5718 3075 5744; x_wconf 84' lang='grc' dir='ltr'><strong>ιι</strong></span> <span class='ocrx_word' id='word_1_881' title='bbox 3103 5704 3296 5759; x_wconf 80' lang='lat' dir='ltr'><strong>Matth.</strong></span> <span class='ocrx_word' id='word_1_882' title='bbox 3335 5719 3414 5770; x_wconf 87' lang='lat' dir='ltr'><strong>Ill,</strong></span> <span class='ocrx_word' id='word_1_883' title='bbox 3446 5704 3500 5759; x_wconf 81' lang='grc'><strong>7.</strong></span> 
     </span>
    </p>
   </div>
  </div>
