3908 6306
18 328 164 393 ἷϐξἹ

1007 334 1419 396 ADVERSUS
1459 335 2084 400 NESTORIANOS.—-
2111 343 2258 404 LIB.
2301 345 2411 408 LV.

3201 350 3339 415 1058

17 416 323 508 ιπόδειξιν
347 417 474 487 παρ’
503 417 654 486 ὑμῶν
685 418 823 483 ἐστι,
858 420 907 472 εἰ
931 419 1149 490 άληθῶς
1180 421 1249 474 οὺ
1282 422 1508 475 δυνατὸν
1535 423 1630 475 ἕνα

1754 425 1906 480 ’ἰιῐιιιε
1936 426 1986 479 in
2022 427 2577 499 demonstrationem,
2601 434 2734 490 illud
2759 447 2845 492 est
2882 437 3123 508 :Nempe
3156 449 3340 496 utrum

17 507 143 562 τινὰ
171 511 283 562 καὶ
302 508 396 562 τὸν
413 508 576 561 αὐτὸν
604 507 788 573 καθὼς
812 510 974 580 ἡμεῖς
1002 510 1183 580 φαμὲν
1216 510 1313 564 δύο
1341 512 1497 575 τινάς
1516 528 1637 579 γεν-

17 601 226 669 θήσεις
262 598 470 652 τούτων
505 598 687 665 αὐτῶν
716 599 824 652 τῶν
860 599 1133 671 διαφόρων
1172 602 1484 672 γεννήσεων
1538 602 1639 671 ὐφ-

17 688 331 751 ίστασθαι,
363 690 448 742 ἵνα
474 690 570 743 καὶ
604 691 717 752 τοῖς
747 688 1036 760 ἑπομένοις
1087 691 1332 762 ἑκατέρα
1358 693 1468 746 τῶν
1513 710 1640 763 γεν-

17 781 257 849 νήσεων
277 778 915 852 γνωρίζηται.Σκεπτέον
933 782 1043 852 γὰρ
1062 783 1144 837 ὅτι
1167 782 1376 837 ἐθνικοί
1398 784 1639 838 πλεῖστοι

17 871 128 925 τῶν
170 872 243 924 ὲν
274 869 496 941 Χριστῷ
532 871 711 941 Ἰησοῦ
742 871 831 925 διὰ
878 872 1219 942 Εὑαγγελίου
1277 873 1383 927 ὑπὸ
1422 874 1637 929 Παύλου

17 962 438 1033 γεννηθέντων,
492 962 886 1032 προγεγονότες
927 959 1070 1036 ἦσαν
1119 967 1296 1023 αὐτοῦ
1344 971 1487 1024 κατὰ
1538 969 1638 1040 τὴν

17 1054 322 1125 ταρκικὴν
356 1054 610 1123 γέννησιν
652 1053 1112 1126 ὡμολογημένωςο
1174 1054 1286 1131 ἄρα
1333 1056 1427 1115 οῦν
1483 1063 1581 1132 οὐχ
1609 1063 1637 1114 ό

17 1145 207 1209 αὐτὸς
253 1141 396 1198 εἰναι
420 1145 638 1211 λέγοιτό
669 1163 753 1209 τις
780 1147 890 1200 τῶν
931 1149 1150 1204 ἐκείνου
1184 1151 1467 1224 μαθητῶν,
1500 1170 1638 1224 προ-

17 1238 172 1291 εῖναί
246 1255 305 1290 τε
341 1238 434 1290 τοῦ
471 1237 602 1290 ἰδίου
644 1239 848 1308 πατρὸς
892 1241 988 1293 καὶ
1027 1241 1358 1296 διδασκάλου
1395 1244 1632 1307 Παύλου,

17 1330 121 1383 καὶ
165 1328 894 1399 μετεῖναιμαρτυρούμενος
927 1331 1118 1399 τοῦδε;
1154 1335 1262 1397 πᾶς
1295 1335 1409 1405 μὲν
1429 1334 1523 1388 οῦν
1545 1352 1632 1399 τις

17 1421 377 1491 δμολογήσοι
403 1459 417 1484 ,
448 1422 524 1484 ὡς
560 1415 735 1490 οἶμαιο
773 1421 911 1475 ἀλλὰ
962 1425 1085 1477 κατ’
1113 1424 1241 1479 άλλο
1270 1427 1365 1479 καὶ
1394 1426 1520 1480 ἄλλο
1543 1427 1636 1480 τὸν

17 1514 206 1568 αὐτὸν
260 1511 351 1566 τοῦ
382 1511 547 1565 αὑτοῦ
580 1512 958 1585 προῦπάρχειν
1010 1532 1072 1568 τε
1130 1517 1223 1570 καὶ
1262 1518 1634 1588 μεθυπάρχειν

17 1608 175 1677 ἐρεῖ·
213 1605 314 1659 καὶ
364 1604 471 1675 γὰρ
504 1603 698 1668 ὅντως,
743 1604 819 1668 ὡς
852 1604 1042 1677 έφητε,
1094 1608 1236 1660 κατὰ
1260 1609 1360 1678 τὴν
1374 1610 1468 1662 τοῦ
1494 1607 1633 1663 εἶναι

17 1698 323 1767 γέννησιν,
348 1696 746 1766 προϋπάρχεινο
791 1698 932 1751 κατὰ
966 1697 1024 1750 δὲ
1054 1700 1152 1769 τὴν
1183 1702 1262 1765 εἰς
1285 1701 1345 1754 τὸ
1385 1700 1633 1770 Εὐαγγέ-

17 1790 147 1843 λιον
180 1788 466 1858 γέννησιν,
502 1788 893 1858 μεθυπάρχειν·
927 1790 1129 1856 ὁμοίως
1156 1792 1214 1846 δὲ
1263 1794 1356 1846 καὶ
1406 1794 1476 1848 τὰ
1519 1810 1642 1861 γεν-
1666 1772 1715 1830 Β

19 1883 272 1952 νήματα
294 1878 411 1931 τῶν·
432 1877 675 1948 ἐχιδνῶν,
701 1879 751 1932 οἱ
777 1880 885 1933 ἀπὸ
915 1881 1014 1950 μὲν
1033 1882 1128 1936 τοῦ
1175 1882 1426 1954 Ἀϐραὰμ
1454 1883 1640 1948 ἔθνους

18 1969 186 2021 κατὰ
223 1968 431 2038 σάρκα,
462 1969 573 2031 τοῖς
608 1968 756 2032 ἰδίοις
810 1970 1023 2035 τέκνοις
1066 1973 1234 2042 ἤγουν
1272 1976 1382 2035 τοῖς
1406 1973 1638 2027 ἀποστό-

22 2061 154 2124 λοις
195 2059 654 2131 μαθητευόμενοι,
685 2063 1107 2132 ἐπιστρέφοντος
1143 2063 1238 2116 τοῦ
1269 2064 1475 2133 Κυρίου
1507 2081 1642 2135 κιρ-

21 2146 158 2212 ὅίας
185 2146 449 2217 πατέρων
484 2149 579 2200 ἐπὶ
608 2149 793 2214 τέκνα,
829 2151 944 2214 πῶς
974 2151 1071 2221 οὐχ
1110 2154 1161 2204 οἱ
1215 2153 1371 2205 αὐτοί
1403 2153 1644 2220 λέγοιντο

24 2238 304 2307 προεῖναι
335 2236 432 2305 μὲν
462 2236 606 2289 κατὰ
621 2237 718 2305 τὴν
746 2239 1015 2309 σαρκικὴν
1049 2240 1324 2310 γέννησιν,
1362 2239 1646 2310 μεθυπάρ-

23 2346 191 2401 χειν,
226 2328 288 2381 δὲ
354 2329 500 2383 κατὰ
548 2331 649 2399 τὴν
703 2331 1082 2401 πνευματικὴν
1126 2333 1487 2402 ἁναγέννησιν
1539 2333 1646 2387 τῶν

34 2416 198 2470 ἰδίων
246 2417 380 2469 υἱῶν
404 2436 417 2484 ;
448 2419 510 2471 Εἰ
537 2418 593 2471 δὲ
619 2418 793 2472 ταῦτα
823 2419 994 2482 οὕτως
1018 2419 1152 2490 ἔχει,
1182 2422 1235 2473 τί
1264 2421 1495 2475 ἄπιστον
1517 2423 1647 2492 ὑμῖν

30 2512 196 2565 δοκεῖ
230 2511 328 2563 καὶ
355 2510 448 2562 ἐπὶ
480 2508 575 2562 τοῦ
598 2509 796 2578 Λόγου,
821 2511 943 2564 καθ’
973 2513 1168 2583 ἑτέραν
1202 2514 1300 2584 μὲν
1324 2515 1489 2568 αὐτοῦ
1524 2514 1644 2583 γέν-

33 2620 233 2672 νησιν,
271 2603 440 2657 ἀΐδιόν
473 2620 533 2656 τε
578 2603 846 2674 ὑπάρχειν
894 2606 1056 2659 αὐτὸν
1103 2607 1198 2661 καὶ
1259 2607 1466 2662 ἁπλοῦν
1514 2609 1649 2679 ἁλη-

40 2696 181 2760 οῶς,
218 2695 347 2747 καθ’
383 2695 576 2767 ἑτέραν
610 2695 666 2748 δὲ
703 2698 1009 2766 ἀρχόμενον
1037 2696 1130 2750 τοῦ
1166 2698 1441 2764 συνθέτως
1472 2694 1645 2767 alvus;

43 2788 195 2857 μετὰ
228 2787 663 2859 προσλήμματος
711 2789 823 2857 γάρ
855 2805 1005 2853 τινος
1037 2789 1349 2861 πρόσφατος
1380 2791 1650 2859 γινώσκε-

40 2895 164 2945 ται,
227 2878 325 2930 καί
371 2878 469 2947 οὐχ
496 2877 700 2942 ἁπλοῦς
749 2879 924 2948 Λόγος
972 2881 1180 2948 λοιπὸν,
1207 2882 1343 2937 ἀλλὰ
1396 2885 1649 2950 σύνθετος

42 2968 300 3041 Χριστὸς
340 2968 691 3040 ὀνομάζεται.
723 2967 911 3031 Οὕτως
948 2969 1007 3022 δὲ
1049 2970 1196 3039 ἔχειν
1226 2972 1435 3027 τούτων
1465 2973 1648 3045 δοθέν-

44 3075 186 3123 των,
254 3059 288 3127 ὴ
342 3058 441 3127 μὲν
490 3058 723 3114 τεκοῦσα
760 3058 822 3111 τὸ
883 3057 1159 3122 σύνθετον,
1192 3063 1410 3125 πάντως
1452 3065 1549 3118 καὶ
1588 3065 1649 3117 τὸ

55 3150 280 3205 ἁπλοῦν
307 3152 546 3204 τέτοκεν·
577 3152 633 3205 ὲν
670 3150 778 3220 γὰρ
810 3148 888 3219 τῷ
918 3150 1158 3222 συνθέτῳ
1185 3154 1303 3205 ἐστὶ⁸
1333 3153 1508 3207 τοῦτο·
1544 3160 1572 3209 ό
1595 3157 1653 3209 δὲ

48 3244 116 3296 τὸ
153 3241 370 3295 ἁπλοῦν
397 3241 596 3305 τεκὼν,
624 3242 684 3294 οὐ
715 3242 900 3293 τέτοκε
929 3245 1025 3295 καὶ
1058 3244 1119 3296 τὸ
1151 3242 1426 3297 σύνθετον
1458 3246 1517 3299 οὐ
1544 3247 1653 3318 γὰρ

52 3336 114 3386 έν
161 3332 245 3402 τῷ
293 3332 452 3401 ἁπλῷ
498 3334 560 3385 τὸ
592 3332 868 3385 σύνθετον·
903 3332 1101 3386 οὐκοῦν
1155 3335 1296 3388 κατὰ
1333 3336 1431 3406 μὲν
1460 3338 1559 3405 τὴν
1594 3338 1654 3391 τὸ

56 3422 208 3480 εἶναι
239 3424 329 3478 καὶ
360 3423 546 3487 άῖδίως
575 3418 716 3477 εἶναι
764 3423 1016 3478 διδοῦσαν
1048 3424 1303 3497 γέννησιν
1334 3426 1413 3496 τῷ
1451 3444 1653 3495 γεννω-

62 3519 221 3588 μένῳ
252 3516 409 3586 Λόγῳ
436 3516 647 3580 ἁπλῶς,
688 3516 748 3569 οὐ
786 3517 999 3587 μητέρα
1022 3518 1201 3587 φαμὲν
1224 3518 1324 3587 τὴν
1356 3518 1653 3591 Παρθένον

57 3609 210 3662 κατὰ
244 3606 421 3677 δὲτὴν
450 3607 672 3660 τοιῶσδε
703 3603 845 3661 εἶναι
870 3609 1040 3678 ἦγουν
1073 3612 1529 3684 σεσαρκωμένην,
1562 3614 1656 3667 καὶ

58 3699 119 3753 ὲν
148 3698 316 3769 σαρκὶ
361 3700 427 3768 τῇ
459 3696 566 3751 ὑπὸ
605 3697 798 3770 χρόνον
828 3696 967 3754 εἶναι
995 3699 1245 3756 διδοῦσαν
1279 3703 1428 3775 αὖτῷ
1458 3704 1652 3776 γέννησ

62 3807 174 3856 σιν,
229 3790 305 3855 ὠς
356 3789 664 3860 συγχρόνως
710 3790 848 3861 αὐτῇ
881 3792 948 3861 τῇ
981 3793 1145 3863 σαρκὶ
1192 3791 1369 3863 ἔχοντι
1399 3793 1497 3863 τὴν
1532 3795 1658 3848 σύν-

62 3885 220 3944 θεσιν
245 3880 440 3937 ἑαυτοῦ
469 3881 957 3951 συγγεγεννημένῳ
985 3872 1160 3955 ταύτῃ
1192 3881 1253 3948 ἐξ
1284 3886 1454 3956 αὐτῆς
1491 3884 1658 3957 οὔσης

63 3976 214 4037 κατὰ
242 3975 303 4029 τὸ
333 3972 476 4029 εἶναι
526 3975 844 4046 ὑποχρόνως
867 4016 881 4041 ,
911 3974 1146 4049 Μητέρα
1177 3976 1397 4046 ἀληθῶς
1430 3978 1524 4031 καὶ
1562 3980 1656 4032 τοῦ

71 4067 272 4122 ἁπλοῦ·
303 4067 392 4120 διὰ
441 4066 624 4137 μέντοι
685 4064 990 4128 συνθέσεως
1039 4066 1341 4137 γενομένην
1376 4065 1534 4137 ίσμεν
1560 4067 1657 4136 τὴν

67 4161 337 4231 ἀμίαντον
359 4173 373 4188 °
407 4159 472 4210 ἐκ
501 4158 677 4224 Λόγου
708 4157 818 4227 γὰρ
850 4155 1020 4210 ἀϊδίου
1068 4158 1163 4212 καί¹
1191 4156 1394 4229 σαρκὸς
1419 4158 1659 4229 ὑποχρό-

68 4270 185 4313 νου,
214 4253 243 4305 ό
266 4251 543 4320 Δεσπότης
575 4249 731 4319 ἡμῶν
755 4248 991 4317 Χριστὸς
1028 4250 1148 4313 ὅλος
1180 4252 1503 4323 συνέστηκε·
1536 4266 1661 4319 γεν-

68 4342 328 4415 νηθέντος
372 4340 469 4410 μὲν
502 4336 597 4391 τοῦ
628 4337 802 4405 Λόγου
853 4338 956 4400 δὶς,
991 4338 1251 4408 ἀσάρκως
1310 4339 1411 4408 μὲν
1451 4341 1517 4392 ὲκ
1561 4337 1658 4392 τοῦ

1751 530 1882 570 vere
1915 531 2026 571 non
2054 517 2172 573 ﬁeri
2204 522 2380 590 possit
2413 539 2584 580 unum
2635 527 2928 596 quemdam
2967 537 3024 583 et
3060 529 3340 595 eumdem,

1751 613 1812 659 ut
1843 620 1945 698 nos
1972 607 2231 698 dicinlus,
2260 611 2398 667 duas
2436 614 2651 685 aliquas
2699 619 3109 688 generationes,
3137 635 3204 674 ex
3258 621 3345 675 his

1749 697 1920 752 variis
1944 697 2422 769 generationibus,
2470 707 2682 775 sortiri,
2728 718 2872 782 utet
2930 715 3346 782 consequenliis

1746 795 1982 858 utraque
2036 796 2320 863 generatio
2370 796 2762 868 dignoscatur.
2801 802 3111 857 Notandum
3193 804 3343 859 enim

1744 886 1830 932 est
1890 879 2146 937 ethnicos
2197 883 2495 956 plerosque
2551 904 2621 943 ex
2703 890 2790 945 his
2868 892 2961 961 qui
2993 892 3048 946 in
3122 893 3343 948 Christo

1742 968 1872 1024 Jesu
1902 987 2001 1041 per
2027 973 2387 1046 Evangelium
2416 994 2447 1033 a
2477 980 2647 1035 Paulo
2670 982 2840 1051 geniti
2879 992 3043 1047 sunt,
3080 984 3180 1053 ipsi
3200 1000 3312 1053 prae

1743 1062 2042 1130 exstitisse,
2096 1068 2401 1124 secundum
2455 1074 2732 1128 carnalem
2792 1077 3226 1146 generationem,
3269 1087 3328 1131 ut

1744 1155 1798 1209 in
1813 1156 2066 1212 confesso
2082 1160 2281 1215 est.An
2309 1162 2479 1232 igitur
2510 1181 2619 1219 non
2663 1165 2808 1221 idem
2833 1167 3116 1222 diceretur
3146 1168 3345 1236 quiscx
3450 1164 3455 1167 “

1742 1248 1863 1317 ejus
1879 1243 2168 1317 discipulis
2184 1259 2239 1304 et
2264 1253 2644 1320 praaexsistere
2668 1271 2771 1315 suo
2804 1258 2941 1325 patri
2989 1265 3045 1311 et
3071 1258 3334 1327 magistro

1743 1345 1913 1401 Paulo
1944 1341 2180 1397 simulet
2207 1341 2326 1409 ipso
2344 1345 2618 1410 posterior
2632 1346 2824 1411 fuisse,
2845 1363 2912 1402 ex
2944 1351 3066 1419 ejus
3089 1350 3339 1404 testimo-

1741 1435 1874 1490 nio?
1904 1434 2023 1488 Non
2055 1440 2139 1487 est
2160 1438 2334 1494 certe,
2367 1449 2511 1498 reor,
2542 1435 2634 1504 qui
2663 1450 2770 1489 non
2795 1437 3198 1504 fateretur;sed
3215 1439 3313 1494 sul:

1755 1527 1979 1581 diverso
2002 1534 2256 1593 respectu
2289 1523 2439 1578 dicet
2467 1526 2722 1579 eumdem
2749 1526 2931 1581 eidem
2956 1529 3342 1597 prmexsistcrc

1741 1617 1905 1673 simul
1953 1624 2008 1670 et
2050 1615 2410 1684 posteriorem
2479 1632 2601 1671 esse
2645 1619 2852 1674 scilicet
2890 1620 3215 1683 secundum,
3286 1629 3344 1674 ut

1741 1706 1939 1770 dicitis,
1959 1704 2363 1773 generationem
2382 1705 2709 1761 exsistcntite
2724 1710 3097 1777 prmexsistcre
3118 1724 3132 1771 ;
3152 1720 3345 1762 secun-

1744 1801 1870 1855 dum
1904 1810 2031 1851 vero
2056 1797 2467 1866 generationem
2502 1797 2554 1850 in
2581 1796 2932 1865 Evangelium
2979 1797 3340 1866 posteriorem

1743 1893 2167 1949 esse.Similitcr
2190 1900 2374 1945 autem
2412 1898 2466 1943 et
2495 1889 2770 1960 genimina
2804 1890 3137 1959 viperarum,
3169 1889 3222 1942 hi
3246 1890 3340 1957 qui

1745 1986 1813 2040 de
1830 2001 2030 2056 genere
2051 1992 2179 2039 sunt
2197 1982 2433 2037 Abrahae.
2453 1981 2755 2035 secundum
2772 1996 2990 2034 carnem
3012 1996 3040 2033 a
3060 1980 3172 2035 suis
3190 1978 3337 2045 ﬁliis,

1746 2079 2011 2149 aposwlis
2035 2078 2265 2140 scilicet,
2289 2074 2493 2139 edocti,
2527 2083 2884 2127 convertente
2915 2073 3145 2126 Domino
3172 2073 3339 2127 corda

1748 2180 1969 2241 patrum
2034 2168 2089 2222 in
2131 2166 2292 2227 tilios.
2325 2165 2603 2234 quomodo
2636 2180 2745 2218 non
2802 2163 2964 2218 iidem
3018 2163 3341 2217 dicerentur

1745 2260 2129 2331 przeexsistere
2155 2257 2379 2327 quidem
2406 2254 2712 2309 secundum
2753 2254 3165 2324 generationem
3212 2269 3334 2308 car-

1746 2353 1922 2407 nalem
1943 2351 2057 2406 suis
2089 2349 2233 2410 (iliis,
2262 2346 2601 2417 posteriores
2626 2354 2804 2400 tamen
2856 2361 2978 2403 esse
3036 2346 3340 2401 secundum

1748 2442 2054 2512 spiritalem
2097 2437 2631 2509 regenerationem?
2674 2435 2729 2490 Si
2770 2446 2952 2491 autem
2998 2437 3114 2490 haec
3157 2436 3229 2489 ita
3283 2451 3342 2490 se

1749 2535 2012 2598 habeant,
2047 2531 2180 2601 quid
2200 2529 2523 2584 incredibile
2570 2529 2727 2583 vobis
2760 2529 2981 2583 videtur
3025 2528 3092 2583 de
3138 2528 3340 2586 Verbo,

1755 2625 2064 2680 secundum
2111 2622 2345 2676 alteram
2400 2636 2553 2674 suam
2594 2622 3037 2689 generationem,
3073 2628 3341 2674 attentum

1750 2719 1972 2790 quidem
1994 2719 2172 2786 ipsum
2204 2714 2469 2770 exsistere
2494 2721 2549 2767 ct
2577 2714 2810 2783 simplex
2830 2729 2994 2779 vere;
3030 2711 3333 2767 secundum

1751 2811 1980 2865 alteram
2009 2821 2142 2861 vero
2172 2790 2393 2859 initium
2436 2805 2648 2859 habere
2683 2812 2887 2858 etesse
2926 2802 3294 2872 compositum
3323 2804 3346 2853 Υ

1750 2900 1886 2956 Cum
1933 2896 2289 2966 adjunctione
2318 2895 2465 2949 enim
2517 2895 2752 2964 quadam
2805 2910 2949 2948 novo
2988 2893 3210 2947 nomine
3253 2907 3347 2945 co-

1752 2987 2062 3060 gnoscitur,
2098 2993 2282 3039 etnon
2323 2983 2586 3052 ‘simplex
2642 2983 2883 3037 Verbum
2937 2982 3181 3046 tandem,
3249 2981 3345 3034 sed

1679 3112 1723 3170 C
1754 3079 2093 3150 compositus
2127 3076 2382 3132 Christus
2411 3083 2660 3129 vocatur.
2694 3074 2787 3128 llis
2812 3083 2993 3127 autem
3026 3074 3105 3127 sic
3158 3087 3216 3126 se
3246 3072 3345 3125 ha-

1754 3174 1888 3228 bere
1925 3169 2227 3233 concessis,
2275 3182 2399 3237 quae
2445 3165 2669 3235 quidem
2715 3165 2908 3235 genuit
2954 3161 3342 3232 compositum,

1756 3264 1984 3319 omnino
2035 3260 2228 3331 genuit
2275 3266 2333 3314 et
2395 3258 2670 3327 simplex;
2725 3256 2779 3310 in
2846 3255 3151 3324 composito
3197 3251 3345 3307 enim

1753 3354 1887 3409 illud
1909 3360 2013 3408 est.
2055 3350 2160 3417 Qui
2221 3357 2402 3404 autem
2431 3346 2618 3418 genuit
2646 3346 2899 3415 simplex,
2928 3360 3038 3398 non
3099 3342 3224 3397 ideo
3250 3357 3345 3411 ge-

1753 3444 1876 3500 nuit
1928 3452 1983 3499 et
2006 3443 2372 3512 compositum
2401 3457 2415 3506 ;
2443 3454 2554 3494 non
2585 3439 2731 3493 enim
2767 3438 2821 3491 in
2854 3435 3089 3506 simplici
3123 3448 3349 3502 compo-

1756 3538 1947 3592 situm.
1978 3534 2153 3605 Igitur
2185 3533 2489 3588 secundum
2518 3547 2638 3586 eam
2667 3531 3076 3600 generationem
3107 3542 3231 3596 qua:
3257 3525 3351 3579 dat

1755 3624 2082 3695 simpliciter
2129 3624 2317 3693 genito
2351 3622 2533 3676 Verbo
2573 3620 2971 3682 exsistcntiam,
3030 3624 3086 3672 et
3125 3615 3348 3686 quidem

1756 3714 2132 3776 exsistentiam
2160 3722 2444 3778 aeternam,
2494 3727 2606 3766 non
2653 3720 2883 3765 matrem
2907 3710 3143 3764 dicimus
3174 3707 3351 3777 Virgi-

1756 3825 1903 3865 nem.
1944 3805 2262 3862 Secundum
2291 3817 2424 3857 vero
2465 3815 2585 3856 eam
2630 3799 3041 3870 generationem
3091 3812 3213 3866 quae
3255 3795 3351 3849 dat

1756 3897 1808 3952 ei
1847 3893 2226 3951 exsistentiam
2286 3892 2471 3954 talem,
2521 3889 2736 3944 scilicet
2790 3887 3153 3949 incarnatam,
3203 3883 3348 3937 utin

1757 4000 1923 4041 carne
1953 3981 2156 4036 habeat
2185 3978 2564 4036 exsistentiam
2598 3975 2978 4046 temporalem,
3022 3973 3098 4027 ita
3129 3980 3191 4027 ιιι
3218 3985 3352 4027 con—

1758 4070 2137 4143 temporaliter
2161 4068 2265 4141 ipsi
2290 4066 2440 4122 carni
2470 4066 2670 4121 habeat
2712 4063 3167 4134 compositionem
3195 4075 3347 4115 suam

1756 4160 1919 4217 simul
1953 4173 2079 4214 cum
2125 4156 2243 4226 ipsa
2275 4156 2495 4225 genitus
2528 4169 2611 4208 ex
2650 4152 2822 4206 Matre
2863 4146 3167 4205 secundum
3199 4145 3351 4204 exsi-

1759 4250 2017 4308 stentiam
2039 4245 2418 4316 temporalem,
2453 4243 2683 4298 Matrem
2734 4254 2864 4295 vere
2903 4238 3139 4292 dicimus
3182 4234 3349 4289 etiam

1760 4339 2046 4411 simplicis.
2109 4337 2184 4393 Et
2220 4333 2445 4405 quidem
2497 4348 2598 4402 per
2629 4328 3088 4399 compositionem
3148 4324 3354 4381 scimus

70 4433 311 4504 Πατρδς.
334 4429 765 4501 σεσαρκωμένως
790 4429 847 4482 δὲ
878 4429 943 4481 ὲκ
965 4429 1208 4500 Μητρὸς,
1243 4431 1343 4501 τῆς
1362 4431 1421 4484 δὲ
1455 4431 1647 4502 σαρκὸς

1761 4449 1880 4490 eam
1898 4432 2095 4487 factam
2120 4428 2407 4483 illibatam.
2423 4427 2503 4481 Ex
2525 4423 2706 4480 Verbo
2733 4421 2883 4477 enim
2916 4429 3125 4476 aeterno
3149 4426 3207 4473 et
3228 4433 3353 4472 car-

74 4525 226 4592 ἆπαξ
281 4523 375 4577 καὶ
431 4522 591 4593 μόνον
633 4519 987 4591 γεννηθεὶσης
1023 4522 1088 4575 ὲκ
1121 4523 1346 4593 Μητρὸς
1371 4523 1651 4594 ἀσπόρως.

86 4615 244 4673 Ἐπεὶ
299 4609 393 4669 οὖν
443 4611 577 4677 Θεὸς
611 4611 817 4683 ἀληθὴς
860 4611 1099 4681 ἄσαρκός
1140 4630 1201 4667 τε
1236 4612 1335 4680 ὢν,
1370 4614 1465 4669 καὶ
1520 4612 1657 4683 μετὰ

76 4707 282 4778 σαρκὸς
313 4708 341 4761 ό
374 4707 569 4774 Λόγος,
605 4704 849 4760 θεοτόκοι
876 4704 999 4759 καθ’
1025 4704 1298 4776 ἑκατέραν
1320 4704 1575 4774 γέννησιν
1605 4705 1654 4758 οἰ

73 4798 264 4853 τούτου
292 4799 616 4868 γεννήτορες
639 4795 879 4867 άληθῶς.
906 4795 1094 4851 Ταῦτα
1149 4798 1248 4865 μὲν
1292 4796 1385 4850 οῦν
1414 4796 1484 4850 τὰ
1527 4797 1656 4867 περὶ

73 4889 178 4959 τῆς
217 4888 357 4942 κατὰ
387 4887 486 4951 τὰς
523 4888 808 4965 γεννήσεις
853 4887 1113 4960 διαφόρου
1153 4886 1530 4957 προελεύσεως
1555 4887 1653 4941 τοῦ

76 4980 274 5049 Λόγου·
309 4979 368 5033 ai.
393 4979 452 5034 δὲ
494 4977 640 5032 κατὰ
662 4979 950 5051 προκοπὴν
983 4978 1172 5043 ἁπλῶς
1199 4978 1296 5036 καὶ
1332 4978 1401 5032 τά
1430 4978 1660 5035 τοιαῦτα

79 5072 416 5144 παραγωγαὶ
447 5072 556 5125 τῶν
577 5072 912 5142 γεννήσεων,
938 5070 1209 5140 περιττῶς
1240 5070 1370 5141 ὑμῖν
1394 5071 1488 5123 ἐπὶ
1518 5070 1657 5141 Χρι-

84 5164 209 5225 στοῦ
245 5164 678 5235 παραφέρονται·
715 5162 778 5216 οὐ
822 5162 932 5233 γάρ
987 5163 1051 5215 ὲκ
1092 5146 1298 5219 τοιοῦδε
1338 5161 1543 5234 τρόπου
1573 5161 1660 5226 τὶς

82 5256 237 5324 λόγος
278 5256 540 5319 Θεοτόκον
583 5254 690 5326 ἔφη
746 5254 877 5308 ποτὲ
922 5254 1023 5324 τὴν
1066 5253 1357 5323 ἄχραντον⁸
1397 5253 1520 5306 οὐδὲ
1551 5253 1658 5306 τῶν

85 5348 204 5402 λίαν
225 5349 524 5418 ἀλογίστων
549 5351 657 5402 τινὶ
678 5348 804 5402 τάδε
838 5347 919 5409 εἰς
943 5345 1242 5415 φαντασίαν
1258 5328 1583 5415 γεγένηται.

1762 4538 1833 4579 ne
1860 4515 2148 4590 temporali
2177 4514 2442 4571 Dominus
2481 4520 2670 4577 noster
2701 4510 2860 4566 Jesus
2907 4507 3165 4564 Christus
3207 4514 3355 4561 totus

1763 4620 2028 4677 constat;
2080 4607 2264 4665 Verbo
2307 4604 2533 4676 quidem
2574 4603 2661 4657 his
2707 4600 2916 4672 genito,
2978 4598 3190 4653 scilicet
3238 4595 3357 4651 sine

1762 4720 1928 4764 carne
1954 4718 2022 4758 ex
2060 4701 2217 4757 Patre
2241 4707 2298 4753 et
2326 4692 2454 4752 cum
2479 4709 2645 4751 carne
2676 4709 2742 4749 ex
2770 4692 2942 4747 Matre
2970 4707 2986 4757 ;
3053 4703 3220 4746 carne
3256 4702 3357 4742 au-

1765 4806 1875 4875 tem
1894 4795 2063 4853 semel
2083 4803 2297 4849 tantum
2319 4791 2503 4863 genita
2532 4806 2600 4844 ex
2631 4788 2805 4843 Matre
2826 4786 2948 4849 sine
2970 4784 3202 4840 semine.
3219 4780 3358 4836 Cum

1764 4873 1933 4963 igitur
1963 4890 2109 4945 Deus
2127 4902 2290 4943 verus
2320 4884 2439 4953 sine
2463 4896 2629 4937 carne
2655 4889 2713 4937 et
2738 4894 2864 4933 cum
2891 4891 3059 4932 carne
3094 4873 3357 4937 Verbum,

1767 4984 1864 5039 Dei
1906 4998 2037 5038 vere
2068 4987 2198 5036 sunt
2230 4977 2511 5049 genitores
2533 4970 2839 5028 secundum
2877 4979 3169 5036 utramque
3193 4980 3359 5035 gene-

1769 5073 2040 5130 rationem
2090 5069 2186 5140 qui
2235 5066 2370 5122 illud
2414 5070 2763 5136 genuerunt.
2797 5061 2924 5115 Haec
2953 5058 3122 5129 igitur
3151 5056 3221 5111 de
3270 5052 3358 5110 di-

1767 5179 1930 5219 verso
1964 5160 2141 5233 quoad
2174 5154 2563 5231 generationes
2606 5151 2849 5206 adventu
2901 5148 3091 5205 Verbi.
3146 5144 3359 5201 Produ-

1769 5257 1983 5313 ctiones
2006 5261 2190 5309 autem
2244 5247 2660 5322 generationum
2692 5242 2994 5298 secundum
3014 5252 3361 5311 progressum

1770 5346 2115 5417 simpliciter,
2140 5350 2197 5397 et
2225 5341 2332 5395 alia
2378 5336 2601 5401 similia,
2630 5335 2836 5389 frustra
2867 5350 2896 5387 a
2927 5331 3087 5387 vobis
3113 5329 3181 5384 de
3203 5327 3364 5383 Chri-

87 5457 172 5501 sto
202 5446 575 5514 proferuntur.
606 5444 686 5499 Ex
707 5443 811 5499 hoc
831 5442 978 5498 enim
1002 5440 1163 5495 modo
1189 5441 1373 5494 nullus
1406 5455 1645 5508 unquam
1671 5455 1852 5496 sermo
1882 5439 2167 5508 Deiparam
2191 5435 2329 5490 dixit
2354 5433 2629 5505 virginem
2652 5430 2917 5485 illibatam
2945 5442 2959 5492 ;
2998 5439 3101 5479 nec
3136 5420 3358 5476 irratioo

93 5542 294 5598 nalium
345 5542 643 5597 admodum
669 5540 925 5611 cuiquam
962 5540 1077 5594 haec
1110 5540 1165 5593 in
1205 5549 1444 5593 mentem
1474 5546 1767 5592 venerunt.

672 5634 849 5688 ΚΕΦᾹ
860 5635 926 5688 Α.
975 5636 1046 5687 Δ’.

167 5728 226 5781 Εἰ
282 5727 478 5798 κυρίως
527 5728 618 5785 καὶ
669 5728 785 5787 κατ’
815 5727 1075 5798 ἀλήθειαν
1129 5729 1161 5795 ἡ
1204 5728 1265 5779 ἐκ
1325 5722 1532 5793 [ἰατρὸς
1572 5722 1667 5776 τοῦ

2422 5622 2528 5677 ΛΡ.
2568 5619 2657 5673 IV.

2143 5660 2151 5669 ο
2378 5622 2528 5677 CAP.
2568 5622 2657 5673 lV.

1852 5719 1905 5781 Si
1944 5718 2162 5788 proprie
2189 5716 2335 5771 dicta
2362 5727 2423 5770 et-
2446 5730 2572 5768 vera
2604 5721 2694 5767 est
2715 5704 2997 5781 generatio
3031 5701 3129 5757 Dei
3183 5699 3355 5759 Verbi
