3908 6306
1372 248 1595 294 il!

67 342 179 410 561

880 380 899 387 ρ
932 374 945 377 -
976 362 1005 369 π
1041 296 1443 402 mvﬁnsus
1483 342 2102 439 NEsro'mANosr
2134 347 2279 406 LIB.
2322 348 2421 407 IV.

2318 104 2355 111 ,ρ-

2174 110 2313 138 ff

1922 138 2167 185 πέρΪ

1730 184 1911 219 ff

1598 220 1719 249 μβ...-

3216 346 3361 412 Ῑϐίλὲ

65 450 146 523 ἀρ
206 456 453 508 Παῦλσν
494 448 707 519 πατέρα
753 448 1185 519 ἐπιγραφόμενοι
1228 451 1317 503 διὰ
1355 449 1449 503 τοῦ
1484 452 1657 518 Εὐαγ-

1760 452 1908 506 enim
1937 464 2243 521 agnoscunt
2274 454 2501 508 Paulum
2537 465 2776 523 patrem;
2811 454 2904 524 qui
2933 455 3115 510 carnis
3138 466 3351 525 patres;

65 539 260 602 ελῖου,
314 540 379 591 οἴ
408 557 466 591 τε
521 542 647 602 τοὺς
690 540 789 608 τῆς
829 541 1031 610 σαρκὸς
1073 543 1352 609 πατέρας,
1399 541 1454 593 οἶ
1483 558 1541 594 τε
1573 541 1665 594 τὸν

63 630 286 700 ίατέρα
318 630 438 683 τῶν
468 632 815 701 πνευμάτων,
849 632 902 684 οἵ
930 649 989 684 τε
1022 634 1088 685 ὲκ
1114 631 1207 685 τοῦ
1231 633 1484 686 διαϐόλου
1512 634 1665 701 λεγό-

61 737 201 774 ενοι
228 722 634 792 γεγεννῆσθαι,
667 721 802 775 οἵτε
834 722 891 789 ἐξ
921 722 1165 793 ἐχιδνῶν,
1198 724 1321 777 καθ’
1345 724 1537 794 ἑτέραν
1565 727 1664 794 μὲν

62 830 301 877 καστος
361 813 617 883 γέννησιν
656 815 1015 884 γεγέννηται,
1071 816 1162 868 καὶ
1192 816 1342 885 ὅμως
1370 816 1468 885 τῆς
1493 816 1664 885 αὐτῆς

57 903 294 967 πάντες,
324 904 498 973 ἤγουν
520 903 709 971 ὁμοίας
731 903 1097 974 ἀνθρωπίνης,
1119 905 1257 956 εἰσὶν
1276 904 1484 967 οὐσίας.
1504 903 1667 973 Τιμό-

55 1002 170 1057 tam;
203 994 269 1047 δὲ
308 996 343 1048 ὁ
374 994 540 1064 ἱερὸς,
570 994 781 1047 Παύλου
810 1011 870 1047 τε
896 996 989 1047 καὶ
1012 996 1220 1065 πατρὸς
1239 994 1498 1066 Ἕλληνος
1525 995 1660 1061 υίὸς,

54 1085 138 1139 to).
173 1080 270 1149 εἷς
305 1085 389 1139 ὢν
416 1084 496 1155 τῷ
520 1084 758 1156 ἀριθμῷ,
798 1085 1018 1147 πλείους
1051 1084 1396 1156 ἐπεγράφετο
1423 1084 1662 1139 τοιούσδε

53 1178 336 1247 πατέρας.
368 1177 493 1240 Πῶς
518 1172 610 1228 οὖν
634 1176 807 1230 ταῦτα
828 1178 1167 1247 μαρτυρήσει
1191 1179 1301 1240 τοῖς
1323 1176 1452 1248 παρ’
1478 1178 1660 1249 ὐμῶνς

51 1270 153 1321 (αἱ
209 1267 405 1332 οὕτως
452 1270 551 1337 μὲν
598 1266 761 1321 τάδε·
820 1267 914 1320 τοῦ
962 1267 1020 1320 δὲ
1069 1266 1239 1338 Ἀδὰμ
1288 1269 1519 1339 ἑτέρως,
1567 1270 1662 1323 καὶ

49 1359 193 1424 Ξῠας
249 1361 468 1432 ἑτέρως
488 1402 503 1426 ,
538 1362 633 1414 καὶ
662 1359 769 1428 Σὴθ
800 1360 1000 1431 ἑτέρως
1027 1363 1472 1431 γεγεννημένων,
1530 1362 1661 1431 μίαν

47 1454 243 1516 ιύτοῖς
296 1453 453 1523 ὅμως
497 1449 637 1506 εἶναι
691 1452 790 1520 τὴν
829 1452 990 1520 φύσιν
1037 1451 1133 1504 καὶ
1168 1452 1267 1519 τὴν
1299 1452 1468 1523 αὐτὴν
1500 1454 1658 1518 πᾶσι,

45 1545 118 1607 εἰς
146 1546 419 1615 ἀντερεῖς
455 1544 596 1598 ὥστε
627 1545 748 1599 οὐδὲ
775 1538 854 1598 ὧν
880 1546 937 1597 αἱ
961 1540 1244 1615 γεννήσεις
1267 1544 1530 1614 διάφοροι,
1565 1548 1660 1601 καὶ

43 1637 91 1687 rt
116 1636 350 1689 οὐσίαι·
385 1636 563 1699 ἄλλως
589 1653 649 1689 τε
677 1638 726 1689 εί
755 1636 847 1690 ἐπ’
868 1636 1032 1691 ἄλλου
1063 1635 1160 1689 καὶ
1181 1635 1343 1690 ἄλλου
1362 1636 1657 1706 προσώπου

43 1726 453 1796 ιαμεάνοιντο,
488 1727 619 1790 ἴσως
647 1726 884 1791 δείξουσι
910 1725 972 1780 τὸ
1002 1726 1126 1779 κατ’
1152 1726 1341 1779 οὐσίαν
1370 1728 1650 1798 διάφορον·

41 1819 132 1871 ἐπὶ
189 1819 256 1872 δὲ
313 1818 412 1872 τοῦ
460 1819 627 1872 αὐτοῦ
676 1819 1041 1888 ὑποκειμένου
1092 1818 1187 1871 καὶ
1224 1819 1344 1879 ταῖς
1370 1817 1651 1889 διαφόροις

39 1911 354 1981 τεννήσεσι
386 1912 872 1982 κατηγορουμένου
893 1952 908 1976 ,
958 1911 1077 1975 πῶς
1108 1911 1169 1964 τὸ
1194 1912 1327 1965 αὐτὸ
1359 1913 1649 1982 ἀδιάφορον

37 2003 240 2070 ίσταις
301 2002 373 2057 Τί
415 1999 507 2057 οὖν
556 2003 631 2074 μὴ
674 2004 952 2069 δείξαντες
986 2004 1228 2074 πρῶτον,
1272 2005 1355 2057 ὅτι
1389 2004 1531 2058 κατὰ
1554 2004 1648 2059 δύο

35 2098 347 2166 γεννήσεις
368 2096 676 2168 διαφόρους,
703 2097 763 2151 οὗ
792 2096 1019 2149 δυνατὸν
1047 2097 1080 2168 ἢ
1107 2097 1168 2150 τὸ
1194 2097 1326 2151 αὐτὸ
1350 2097 1408 2151 ἓν
1429 2098 1649 2151 ὑποκεί-

33 2205 210 2257 μενον
245 2188 608 2256 ὑφίστασθαι,
644 2189 681 2259 ἢ
712 2204 833 2243 τινα
859 2188 1118 2258 ὁμοούσια
1146 2188 1416 2254 νοεῖσθαι,
1458 2189 1646 2255 ἁπλῶς

33 2282 98 2334 ἐκ
132 2280 247 2348 τῆς
280 2281 551 2351 διαφορᾶς
584 2281 685 2351 ἢδη
713 2281 821 2334 τῶν
848 2281 1188 2350 γεννήσεων,
1220 2281 1477 2353 διάφορον
1505 2277 1645 2337 εἶναι

31 2371 134 2422 καὶ
182 2371 250 2424 τὸ
286 2371 424 2423 αὐτὸ
470 2370 528 2422 ἐν
563 2369 906 2440 γεννώμενον
944 2372 1308 2440 ὑποκείμενον
1338 2373 1639 2441 συνάγετε;

43 2462 471 2534 ’ἀντιστρόφως
515 2464 624 2534 γὰρ
669 2462 797 2533 ὑμῖν
847 2464 1007 2532 ἡμεῖς
1050 2463 1283 2532 ἐροῦμεν
1309 2505 1324 2527 ,
1375 2465 1456 2518 ὅτι
1490 2467 1540 2518 εί
1570 2459 1644 2520 ὧν

31 2554 94 2606 αἱ
140 2557 444 2625 γεννήσεις
489 2555 779 2626 διάφοροι,
838 2555 932 2608 καὶ
977 2556 1010 2624 ἡ
1048 2555 1206 2608 οὐσία
1231 2555 1509 2627 διάφορος,
1538 2558 1643 2628 ἄρα

35 2645 139 2699 καὶ
189 2639 273 2699 ὧν
326 2644 622 2716 ἀδιάφορος
667 2647 700 2714 ἠ
742 2645 1030 2715 γέννησις,
1067 2645 1161 2699 καὶ
1196 2648 1253 2699 αἱ
1282 2647 1462 2701 οὐσίαι
1487 2649 1643 2703 ἀδιά-

36 2754 242 2805 φοροι*
301 2737 499 2790 οὐκοῦν
545 2737 843 2808 ὑπόχρονός
876 2755 936 2790 τε
983 2733 1119 2791 οὖσα
1164 2740 1260 2793 καὶ
1293 2742 1643 2813 σπερματικὴ

34 2830 138 2883 καὶ
174 2830 272 2884 διὰ
306 2829 524 2901 μήτρας
553 2833 648 2886 καὶ
677 2830 880 2902 ὁμοίως
910 2831 1109 2901 ἔχουσα
1130 2833 1390 2902 γέννησις
1416 2834 1554 2889 ὄνων
1581 2853 1641 2889 τε

33 2921 137 2974 καὶ
183 2921 377 2975 κυνῶν
426 2923 523 2984 καὶ
563 2921 871 2993 ἀνθρώπων
920 2923 1016 2976 καὶ
1059 2922 1205 2975 σνῶν
1238 2924 1334 2976 καὶ
1366 2923 1637 2995 πιθήκων,

33 3012 245 3081 ὁμοίαν
283 3011 451 3065 τῶνδε
487 3013 788 3083 παρίστησι
822 3012 917 3066 καὶ
946 3011 1048 3083 τὴν
1077 3013 1307 3079 οὐσίανς
1356 3015 1422 3067 Τί
1454 3014 1511 3068 δέ
1550 3033 1640 3085 μοι

1768 543 1862 613 qui
1916 552 2129 612 patrem
2177 545 2510 614 spirituum,
2567 546 2662 615 qui
2698 546 2963 602 dicuntur
3017 565 3084 602 ex
3129 549 3351 603 diabolo

1766 634 1916 699 nati;
1968 636 2176 705 quique
2231 651 2300 690 ex
2360 636 2585 706 viperis,
2637 637 2692 690 hi
2724 637 3027 691 secundum
3075 638 3351 699 diversam

1765 725 2000 795 quisque
2034 727 2448 796 generationem
2475 728 2644 797 geniti
2687 736 2836 789 sunt,
2858 737 2914 782 et
2942 739 3122 783 tamen
3159 744 3357 785 omnes

1765 816 1982 883 similis,
2022 819 2276 873 humanae
2298 818 2580 882 videlicet,
2627 830 2758 872 sunt
2788 820 3130 875 substantiae.
3182 823 3351 875 Divus

1765 915 1951 961 autem
2003 907 2348 973 Timotheus,
2394 908 2549 963 Pauli
2601 898 2659 963 et
2711 910 2885 978 patris
2916 912 3135 980 gentilis
3178 912 3346 976 ﬁlius,

1763 1000 1896 1055 licet
1925 1016 2070 1055 unus
2115 1016 2371 1066 numero,
2419 1003 2608 1072 plures
2643 1012 2825 1058 tamen
2871 1005 2972 1058 hos
3012 1006 3346 1075 agnoscebat

1762 1101 1969 1159 patres.
1999 1091 2290 1156 Quomodo
2335 1092 2504 1162 igitur
2547 1093 2649 1148 ista
2682 1094 3122 1149 testiﬁcahuntur
3157 1097 3225 1150 de
3257 1097 3346 1151 his

1763 1197 1886 1250 quae.
1914 1198 1943 1235 a
1970 1183 2126 1237 vobis
2152 1184 2326 1237 sunt?
2355 1185 2420 1239 Et
2447 1185 2563 1241 hac
2585 1185 2811 1254 quidem
2844 1187 2949 1240 isto
2968 1187 3133 1241 modo
3162 1203 3175 1239 :
3204 1186 3344 1242 Cum

1762 1272 1927 1327 aliter
1963 1272 2157 1339 Adam,
2212 1276 2375 1329 aliter
2408 1276 2556 1341 Evze,
2602 1276 2763 1331 aliter
2810 1276 2942 1331 Seth
2989 1278 3158 1347 geniti
3209 1279 3341 1344 sint,

1763 1379 1926 1418 unam
1962 1373 2145 1419 tamen
2176 1366 2260 1420 eis
2283 1381 2404 1421 esse
2437 1376 2710 1434 naturam,
2739 1376 2797 1422 et
2825 1367 3047 1437 quidem
3071 1370 3341 1434 eamdem,

1761 1454 1886 1524 quis
1912 1455 2110 1524 neget?
2155 1454 2235 1509 lta
2275 1464 2334 1509 ut
2383 1471 2618 1525 quorum
2648 1457 3034 1526 generationes
3086 1458 3339 1527 diversae,-

1761 1559 1952 1598 eorum
1995 1559 2103 1598 non
2149 1544 2274 1599 ideo
2314 1544 2426 1599 sint
2458 1545 2780 1599 substantia:
2818 1542 3071 1598 diversae.
3106 1545 3343 1599 Prteser-

1761 1637 1883 1699 tim,
1912 1636 1955 1690 si
1981 1651 2143 1689 unam
2175 1643 2231 1690 et
2271 1636 2431 1689 aliam
2464 1634 2660 1689 faciem
2695 1637 3061 1706 susceperint,
3090 1635 3229 1691 forte
3260 1637 3345 1690 in-

1760 1727 2013 1783 dicarent
2040 1728 2408 1783 differentiam
2439 1727 2586 1781 circa
2614 1729 2975 1783 substantiam
3016 1748 3028 1783 :
3062 1731 3117 1783 in
3147 1730 3342 1786 eodem

1751 1826 1936 1873 autem
1970 1818 2248 1888 subjecto,
2279 1818 2447 1873 etiam
2476 1818 2712 1873 diversis
2740 1820 3192 1889 generationibus
3238 1821 3342 1875 do-

1749 1918 1904 1976 nato,
1928 1911 2208 1980 quomodo
2257 1910 2403 1965 idem
2460 1910 2743 1965 diversitm
2794 1912 2937 1965 erit?
2982 1912 3168 1982 Igitur,
3214 1928 3339 1967 cum

1750 2015 1864 2055 non
1889 2000 2412 2055 demonstraveritis
2444 2000 2580 2055 illud
2608 2001 2869 2070 primum,
2895 2003 3103 2056 scilicet
3136 2018 3340 2057 secun--

1747 2091 1879 2145 dum
1905 2091 2046 2145 duas
2078 2091 2464 2161 generationes
2487 2091 2737 2146 diversas
2768 2092 2884 2145 ﬁeri
2921 2107 3031 2145 non
3066 2108 3226 2160 posse
3248 2093 3335 2147 vel

1748 2192 1811 2239 ut
1840 2199 2013 2237 unum
2048 2192 2105 2238 et
2137 2182 2281 2237 idem
2305 2182 2615 2252 subjectum
2657 2182 2947 2248 subsistat,
2980 2184 3066 2237 vel
3096 2193 3154 2237 ut
3178 2183 3340 2238 intel-

1745 2278 1948 2348 ligatur
1978 2276 2229 2347 quaadam
2251 2275 2821 2335 consubstantialitas,
2849 2274 2982 2343 quid
3014 2275 3339 2344 simpliciter

1743 2385 1811 2424 ex
1838 2368 2161 2424 diversitate
2185 2367 2605 2437 generationum
2645 2365 2930 2420 diversum
2970 2382 3189 2436 quoque
3214 2383 3336 2422 esse

1747 2474 1917 2513 unum
1968 2458 2115 2512 idem
2165 2457 2477 2527 subjectum
2538 2464 2869 2527 generatum
2923 2455 3240 2511 inducitis?
3294 2456 3336 2510 E

1744 2560 1937 2606 contra
1965 2551 2113 2605 enim
2147 2565 2251 2605 nos
2289 2550 2446 2604 vobis
2479 2548 2752 2611 dicemus,
2801 2550 2846 2604 si
2888 2565 3127 2618 quorum
3174 2564 3339 2618 gene—

1745 2641 1986 2695 rationes
2016 2639 2303 2704 diﬂerunt,
2344 2654 2539 2708 eorum
2582 2638 2771 2694 differt
2815 2654 3036 2709 quoque
3085 2639 3341 2694 substan-

1745 2733 1839 2798 tia,
1868 2747 2000 2805 ergo
2033 2741 2089 2787 et
2118 2748 2355 2802 quorum
2379 2731 2667 2801 generatio
2701 2746 2813 2784 non
2843 2739 2928 2785 est
2958 2730 3201 2795 diversa,
3233 2748 3338 2786 nec

1742 2838 1937 2877 eorum
1973 2839 2097 2877 esse
2124 2822 2495 2877 substantiam
2521 2820 2822 2875 diversam.
2861 2822 3033 2893 Igitur
3063 2831 3338 2892 tempora-

1692 2910 1712 2925 ”
1741 2918 1811 2973 lis
1837 2933 1962 2972 cum
2004 2917 2097 2981 sit,
2131 2925 2188 2970 et
2221 2931 2288 2969 ex
2320 2915 2553 2978 semine,
2591 2924 2648 2970 et
2682 2931 2780 2983 per
2822 2922 3052 2968 matrem
3084 2924 3142 2968 et
3168 2914 3337 2969 simili

1743 3008 1929 3074 modo,
1963 3008 2251 3079 generatio
2283 3007 2590 3070 asinorum,
2615 3014 2672 3058 et
2701 3015 2999 3069 canum,et
3025 3005 3333 3071 hominum,

33 3102 257 3173 ἑτέρων
294 3101 329 3172 ἢ
364 3104 558 3174 ἑτέρας
590 3105 750 3174 χρεία
781 3105 1088 3174 γεννήσεως
1121 3103 1259 3174 πρὸς
1287 3104 1510 3171 ἔνδειξιν
1543 3108 1637 3160 τοῦ

1750 3109 1801 3156 et
1830 3115 2149 3171 porcorum,
2182 3108 2240 3154 et
2267 3098 2576 3161 simiarum,
2602 3096 2799 3152 ideone
2840 3097 3076 3152 similem
3131 3114 3328 3153 eorum

35 3194 105 3247 bc
161 3193 378 3263 τρόπου
422 3194 729 3263 γεννήσεως
755 3232 770 3257 ,
826 3195 925 3263 τὴν
970 3193 1235 3265 διαφορὰν
1273 3189 1432 3259 εἶναι,
1473 3195 1506 3263 ἢ
1543 3196 1640 3265 τὴν

34 3287 352 3358 ὁμοιότητα
396 3288 507 3340 τῶν
544 3287 779 3353 οὐσιῶν;
818 3285 926 3340 Τοῦ
956 3285 1065 3357 γὰρ
1091 3285 1258 3340 αὐτοῦ
1287 3286 1404 3350 ἐνὸς
1426 3287 1639 3355 ἀνθρὼ-

37 3394 149 3431 ¹ιτου
176 3418 192 3441 ,
252 3379 354 3448 μία
384 3380 503 3431 κατ’
528 3377 760 3449 ἀριθμὸν
789 3377 884 3431 καὶ
911 3378 943 3447 ή
970 3377 1107 3446 αὑτὴ
1135 3378 1387 3448 γέννησίς
1409 3379 1526 3430 ἔστι
1549 3378 1642 3449 δη-

37 3464 214 3533 λαδή’
278 3466 425 3535 ψυχὴ
470 3466 526 3518 δὲ
571 3466 666 3518 καὶ
704 3465 863 3537 σῶμα
911 3468 967 3519 αἱ
1002 3465 1421 3536 συγγενηθεὴαι
1451 3466 1641 3535 φύσεις

39 3556 169 3609 κατ’
203 3556 401 3625 αὐτὴν,
439 3556 686 3627 διάφοροί
716 3558 844 3612 εἰσι.
887 3557 1025 3611 Καθ’
1052 3558 1197 3627 ὑμᾶς
1226 3557 1341 3623 οὖν,
1369 3558 1401 3630 ἦ
1435 3560 1498 3613 οὐ
1522 3560 1640 3614 διά-

39 3664 216 3719 φορον
239 3645 381 3702 εἷναι
404 3648 500 3719 τὴν
521 3650 708 3703 οὐσίαν
731 3649 950 3712 τούτων,
965 3651 1085 3704 ἐπεὶ
1109 3649 1243 3720 μηδὲ
1266 3652 1365 3721 τὴν
1387 3653 1637 3721 γέννησιν

41 3742 299 3810 φήσομεν
324 3759 338 3774 ο
391 3742 423 3811 ἢ
471 3742 727 3811 διάφορον
775 3742 1057 3810 λέγοντες,
1094 3742 1188 3795 δύο
1220 3743 1313 3795 καὶ
1339 3744 1628 3815 διαφόρους

37 3832 140 3896 τὰς
186 3833 286 3886 τοῦ
322 3833 440 3896 ἐνὸς
470 3833 758 3905 ἀνθρώπου
790 3837 850 3887 ἐν
874 3834 1059 3905 ταυτῷ
1087 3836 1457 3906 πιστεύσομεν
1486 3834 1632 3892 εἶναι

39 3923 352 3992 γεννήσεις.
409 3922 518 3977 Καὶ
566 3923 740 3977 ταῦτα
788 3923 887 3990 μὲν
931 3922 1087 3993 ὑμῶν
1120 3923 1185 3975 τὰ
1217 3923 1441 3994 κομψά·
1480 3924 1632 3994 ὅμως

44 4012 238 4077 μέντοι
297 4010 421 4064 οὔτε
448 4011 638 4083 εἴρηκέ
669 4029 752 4073 τις
785 4012 914 4079 ὑμῖν
943 4012 1025 4064 ὅτι
1055 4012 1147 4065 τὸν
1174 4011 1344 4080 Λόγον
1370 4011 1633 4076 ὡσαύτως

45 4101 259 4155 ἁπλοῦν
283 4143 298 4167 ,
348 4101 484 4155 ἀλλὰ
518 4102 656 4170 μετα
682 4101 783 4170 τῆς
812 4103 1081 4172 σαρκικῆς
1110 4103 1298 4165 οὐσίας
1332 4104 1397 4156 ὲκ
1425 4104 1632 4175 μητρὸς

44 4194 194 4249 κατὰ
242 4194 340 4266 τὴν
379 4196 640 4266 δευτέραν
674 4194 841 4247 αὑτοῦ
872 4195 1129 4263 γέννησιν
1174 4196 1208 4266 η
1243 4195 1473 4265 δευτέρα
1504 4196 1633 4265 γέν-

43 4300 204 4354 νησις
233 4286 534 4355 προήγαγε.
568 4285 940 4352 δοκησΐσοφοι.

1747 3192 2035 3249 constituit
2065 3200 2123 3246 et
2164 3189 2574 3245 substantiam?
2594 3189 2737 3255 Quid
2765 3204 2899 3243 vero
2924 3189 3055 3243 mihi
3090 3190 3214 3244 aliis
3239 3200 3335 3246 aut

1747 3284 1852 3338 alia
1894 3283 2252 3354 generatione
2299 3296 2439 3351 opus
2467 3288 2555 3335 est
2606 3279 2673 3334 ad
2722 3280 3215 3335 demonstrandum
3265 3297 3335 3336 ex

1748 3375 1914 3430 modo
1952 3372 2328 3445 generationis
2372 3387 2495 3427 esse
2540 3371 2911 3427 differentiam
2944 3372 3029 3425 vel
3078 3372 3337 3430 similitu-

1750 3466 1936 3521 dinem
1987 3462 2468 3520 substautiarum?
2505 3461 2660 3517 Unus
2694 3463 2843 3517 enim
2893 3470 2949 3516 et
2991 3462 3134 3516 idem
3170 3463 3335 3517 homo

1750 3569 1876 3610 cum
1895 3556 1988 3619 sit,
2011 3570 2119 3607 una
2150 3567 2386 3607 numero
2426 3552 2731 3620 eademque
2759 3559 2844 3606 est
2873 3551 2995 3621 ejus
3024 3550 3334 3617 generatio,

1746 3654 2010 3715 utpatct:
2046 3644 2227 3697 anima
2274 3652 2460 3697 autem
2510 3650 2567 3695 et
2600 3657 2824 3710 corpus,
2885 3648 3099 3695 naturae
3144 3641 3199 3694 in
3251 3640 3336 3694 id-

1746 3740 1929 3809 ipsum
1952 3736 2568 3808 congenit.edill'erunt.
2596 3737 2791 3806 Igitur,
2819 3735 2887 3789 ad
2915 3744 3150 3791 vestram
3182 3751 3336 3788 men-

1740 3840 1891 3894 tem,
1938 3829 2024 3884 vel
2079 3845 2189 3882 non
2218 3827 2496 3881 diversam
2553 3841 2751 3880 eorum
2803 3825 3192 3889 substantiam,
3246 3836 3331 3879 ut-

1738 3929 1869 3991 pote
1912 3935 2149 3990 quorum
2180 3933 2293 3973 non
2333 3917 2551 3972 diversa
2574 3915 2883 3986 generatio.
2916 3914 3210 3979 dicemus;
3249 3914 3334 3968 vel

1739 4011 2016 4068 diversam
2043 4018 2355 4067 asserentes
2403 4008 2795 4070 substantiam,
2830 4005 2971 4060 duas
3013 4021 3219 4074 easque
3248 4005 3337 4059 di-

1740 4120 1932 4161 versas
1955 4106 2123 4159 unius
2156 4102 2399 4158 hominis
2430 4103 2483 4156 in
2515 4100 2710 4156 eodem
2743 4100 3034 4155 credemus
3073 4114 3194 4152 esse
3238 4112 3337 4168 ge-

1746 4196 2087 4253 nerationes.
2119 4195 2189 4249 Et
2241 4194 2359 4248 haec
2390 4192 2615 4262 quidem
2649 4197 2831 4245 vestra
2866 4189 3130 4243 versutia.
3178 4188 3336 4242 Atta-

1750 4304 1876 4343 men
1902 4302 2067 4343 nemo
2086 4301 2327 4356 unquam
2346 4283 2507 4339 vobis
2518 4282 2657 4336 dixit
2681 4296 2740 4336 se
2756 4281 3072 4335 existimare
3095 4279 3336 4335 Verbum

44 4375 303 4446 simplex,
351 4375 449 4430 sed
499 4375 800 4430 secundam
877 4376 1288 4446 generationem
1358 4376 1490 4432 illud
1539 4379 1839 4435 adduxisse
1905 4395 2034 4435 cum
2078 4378 2288 4433 carnali
2333 4374 2647 4432 substantia
2694 4388 2762 4428 ex
2810 4379 2985 4427 matre
3028 4368 3335 4426 secundum

44 4474 167 4542 eius
217 4471 515 4527 secundam
556 4472 995 4541 generationem,
1050 4487 1084 4527 ο
1136 4472 1273 4526 falso
1335 4474 1511 4529 habiti
1556 4476 1861 4546 sapientes.

658 4607 907 4661 ΚΕΦΑΛ.
941 4609 1030 4673 q'.

119 4698 183 4750 ΕΞ
217 4698 277 4750 τὸ
306 4698 528 4765 γεγονὸς
560 4697 694 4751 καθὸ
720 4699 911 4767 γέγονε
933 4737 947 4759 ,
996 4695 1253 4766 γενέσθαι
1287 4697 1449 4753 πάλιν
1481 4700 1631 4773 ἁμή-

1668 4596 1717 4656 D

1801 4701 1857 4759 Si
1882 4702 2155 4774 genitum,
2190 4700 2245 4756 in
2274 4608 2545 4772 quasti:
2569 4608 2657 4753 ei:
2688 4697 2961 4770 genitum,
2992 4695 3337 4767 impossibile

46 4805 233 4858 χανον·
271 4784 457 4842 καΐτδ
486 4789 669 4852 ἀῖδίως
696 4787 777 4854 ὃν,
808 4789 1069 4860 τεχθῆναι
1098 4790 1261 4845 πάλιν
1289 4794 1353 4866 ὲκ
1377 4793 1635 4859 γυναικὸς

1750 4801 1817 4851 ιει
1846 4794 2049 4850 iterum
2096 4793 2266 4866 gigni,
2328 4792 2539 4862 pariter
2558 4791 2708 4862 quod
2741 4801 3012 4846 aeternum
3057 4797 3143 4844 est
3184 4789 3334 4843 nasci

47 4878 353 4948 ἀμήχανον·
390 4878 527 4931 ἀλλὰ
554 4877 614 4931 τὸ
641 4878 904 4949 πρότερον
932 4879 1154 4950 ἀληθὲς,
1179 4880 1275 4934 καὶ
1298 4879 1360 4933 τὸ
1379 4880 1633 4952 δεύτερον

1759 4894 1940 4943 terum
1992 4901 2063 4942 ex
2105 4886 2339 4941 muliere
2390 4884 2732 4955 impossibile
2776 4892 2912 4937 est:
2955 4881 3107 4949 atqui
3143 4897 3334 4934 verum

47 4967 176 5036 ἄρα.
212 4969 275 5020 Et
302 4969 484 5021 πᾶσαν
514 4969 613 5040 τὴν
640 4970 893 5041 γέννησιν
918 4968 1105 5032 ἅπλῶς
1128 4970 1202 5035 ὡς
1222 4970 1283 5024 τὸ
1304 4966 1444 5025 εἶναι
1463 4972 1635 5025 διδοῦ-

49 5076 150 5111 σαν
181 5059 258 5131 τῷ
285 5060 614 5131 γεννωμένῳ
640 5063 913 5131 ἀναιρεῖτε
941 5060 1036 5113 τοῦ
1058 5061 1244 5126 ἀϊδίως
1264 5062 1416 5127 ὄντος
1432 5065 1630 5132 Λόγου,

46 5153 77 5220 ἢ
115 5152 211 5206 καὶ⁵
237 5155 338 5224 τήν
366 5154 595 5226 πρώτην
620 5155 877 5225 γέννησιν
915 5155 999 5208 τὸν
1024 5157 1091 5209 ὲκ
1114 5156 1327 5227 Πατρὺς
1349 5158 1444 5211 ἀπ’
1463 5158 1630 5212 αὑτοῦ

43 5245 286 5300 ἀνελεῖ-ιε
317 5247 393 5312 ὡς
422 5247 620 5301 ἀϊδίου.
654 5248 727 5301 Τὸ
751 5248 860 5317 γὰρ
888 5247 1075 5312 ἁῖδίως
1100 5247 1182 5315 ὃν,
1213 5250 1471 5320 τεχθῆναι
1494 5267 1631 5320 φατε

46 5336 330 5406 ἀμήχανον
350 5352 364 5365 ⁸
408 5338 483 5401 ὡς
516 5337 703 5392 λοιπὸν
736 5341 871 5411 μηδὲ
929 5339 1059 5393 Υίὸν
1088 5337 1228 5394 εἶναι
1257 5339 1352 5394 τοῦ
1383 5343 1625 5413 Πατρός’

44 5427 103 5475 ο)
135 5428 243 5497 γάρ
275 5433 422 5483 ἐστιν
454 5430 582 5494 Υἱὸς
611 5431 739 5485 ἄνευ
765 5433 1102 5504 γεννήσεως’
1138 5434 1261 5487 οὐδὲ
1291 5434 1383 5486 τὸν
1412 5435 1634 5505 Πατέρα

45 5512 185 5570 εἶναι
216 5521 435 5592 Πατέρα
455 5536 470 5552 ο
513 5520 573 5574 οὐ
604 5522 714 5594 γάρ
744 5523 893 5575 ἐστιν
917 5523 1044 5577 ἄνευ
1065 5522 1195 5577 Υἰοῦ
1226 5523 1436 5596 Πατὴρ,
1467 5525 1500 5595 ἢ
1531 5527 1631 5598 τὴν

45 5606 111 5657 ἐκ
143 5609 349 5680 [ἰατρὸς
398 5612 655 5682 γέννησιν
682 5611 849 5666 αὐτοῦ
875 5613 1296 5684 ὁμολογοῦντες,
1330 5616 1427 5668 οὐκ
1457 5617 1629 5671 ἀΐδιον

49 5690 185 5751 εἶναι
209 5702 389 5755 λοιπὸν
412 5702 705 5773 δηλώσετε·
734 5706 893 5775 εἴπερ
921 5706 978 5758 τὸ
1002 5705 1185 5769 ἀῖδίως
1211 5704 1271 5759 ὃν
1295 5705 1385 5759 διὰ
1408 5706 1465 5760 τὸ
1488 5704 1628 5760 εἶναι

53 5790 227 5863 πάντη
259 5795 318 5845 οὐ
347 5795 571 5849 δυνατὸν
666 5796 913 5850 ὁπωσοῦν
944 5794 1160 5866 ἀληθῶς
1186 5795 1464 5868 τεχθῆναι·
1498 5800 1543 5850 εἰ
1570 5799 1624 5850 δὲ

1732 4979 1921 5049 prius;
1948 4994 2081 5050 ergo
2107 4986 2163 5033 et
2191 4977 2486 5046 posterius.
2510 5003 2581 5014 -—-
2602 4973 2660 5029 Si
2678 4988 2897 5027 omnem
2920 4970 3334 5041 generationem

1741 5070 2069 5141 simpliciter
2125 5076 2386 5137 tanquam
2431 5064 2812 5120 exsistentiam
2868 5062 3094 5118 dantem
3146 5061 3334 5133 genito

1741 5160 1934 5216 tollitis
1961 5175 1992 5214 a
2023 5157 2207 5214 Verbo
2229 5165 2458 5222 aeterno,
2497 5169 2630 5210 sane
2656 5163 2714 5209 et
2740 5153 2975 5223 primam
3005 5152 3333 5224 generatio-

1739 5268 1867 5307 nem
1902 5266 2026 5322 qum
2066 5259 2153 5305 est
2204 5264 2273 5303 ex
2302 5248 2464 5302 Patre
2508 5245 2579 5301 ab
2608 5261 2676 5300 eo
2727 5245 2955 5311 tolletis,
3008 5255 3069 5300 ut
3101 5252 3335 5305 :ctcrno.

1738 5344 1898 5412 Quod
1925 5344 2077 5399 enim
2115 5349 2201 5396 est
2228 5347 2521 5404 azternum,
2547 5337 2697 5392 nasci
2731 5337 3073 5408 impossibile
3092 5336 3334 5393 alIirma-

1741 5431 1813 5487 tis
1845 5449 1858 5486 :
1897 5430 2044 5485 unde
2080 5435 2251 5484 restat
2292 5436 2352 5481 ut
2382 5440 2487 5481 nec
2529 5423 2678 5480 illius
2702 5423 3007 5490 sitPatris;
3043 5440 3154 5477 non
3182 5422 3330 5478 enim

1738 5532 1823 5579 est
1852 5522 2024 5577 Filius
2057 5520 2176 5577 sine
2217 5517 2613 5592 generatione;
2679 5531 2782 5570 nec
2813 5517 2978 5571 Pater
3012 5514 3084 5571 sit
3140 5522 3327 5584 pater;

1739 5633 1846 5672 non
1878 5616 2026 5671 enim
2048 5622 2131 5669 est
2161 5621 2318 5684 pater
2339 5612 2458 5667 sine
2493 5611 2627 5665 lilio.
2660 5610 2756 5667 Vel
2792 5610 2940 5665 illius
2961 5626 3027 5664 ex
3049 5601 3208 5663 PaYre
3240 5622 3335 5679 ge-

1736 5707 2078 5763 nerationem
2125 5704 2486 5766 confitentes,
2538 5712 2668 5758 tunc
2729 5718 2839 5756 non
2889 5710 3156 5757 .I‘tcrnum
3208 5717 3330 5757 €850

1738 5798 1957 5854 tandem
1983 5797 2317 5861 ostendetis,
2352 5794 2623 5865 siquidem
2667 5792 2814 5863 quod
2864 5794 2931 5847 ab
2964 5802 3171 5847 aeterno
3218 5800 3322 5859 est,
