3908 6306
35 243 168 306 [655
973 247 1375 308 ADVERSUS
1412 248 1965 315 NESTORIANOS.
2001 279 2069 294 -
2096 255 2243 316 LIB.
2287 256 2388 320 IV.
3006 262 3011 267 ”
3171 266 3309 332 1666

35 360 371 431 γεγέννηται,
398 358 490 413 καὶ
521 360 583 412 ἐκ
608 359 706 429 τῆς
731 359 939 423 οὐσίας,
969 360 1002 432 ἦ
1033 363 1099 431 τῇ
1123 361 1354 432 διαφορᾷ
1376 362 1484 416 τῶν
1508 364 1607 434 τρό

1729 365 1838 420 alia
1880 368 2071 422 multa.
2106 370 2248 425 Num
2276 373 2446 443 igitur
2473 375 2591 432 haec
2613 380 2799 434 omnia
2845 379 3054 437 homini
3085 399 3205 441 esse
3236 392 3310 443 si-

35 469 143 506 πων
196 452 291 506 καὶ
324 451 497 521 λόγων
517 490 533 515 ,
593 452 687 505 καὶ
715 451 856 505 ὑλῶν
875 493 891 515 ,
933 453 1211 522 διαφέρειν
1242 455 1455 524 ἀνάγκη
1483 457 1607 524 πρὸς

1728 458 1880 513 milia
1915 460 2096 528 quoad
2128 463 2492 523 substantiam
2521 472 2859 527 censendum
2892 476 3019 529 est?
3041 475 3310 543 Quoniam

35 542 115 595 τὸν
138 543 402 607 τεκόντας
428 542 522 595 καὶ
549 542 676 597 τάδε
706 543 809 597 οὐκ
832 543 897 596 ὲκ
917 542 1227 613 τῆςόὐσίας
1247 544 1412 597 αὐτοῦ
1438 545 1607 616 πάσης

1729 548 1787 603 in
1843 551 2213 609 substantiam
2246 563 2303 610 et
2364 561 2670 617 secundum
2719 542 3108 635 substantiam,
3136 579 3200 624 et
3242 586 3312 625 ex

35 636 53 706 ἢ
90 634 286 706 μόνης,
317 634 350 705 ἢ
392 635 529 706 μόνα
552 637 870 707 τικτόμενα.

1726 643 2038 700 substantia
2089 649 2341 717 quaedam
2390 651 2591 707 borum
2623 656 2947 726 gignuntur,
2985 675 3171 715 nonne
3204 663 3310 717 di!-

35 732 264 789 'erentia
316 731 607 786 modorum
657 741 715 793 et
760 728 1055 790 verborum
1101 745 1158 790 et
1191 734 1475 800 materiae,
1536 750 1625 791 ea-
1649 734 1875 793 differre
1908 755 2137 798 necesse
2176 728 2280 813 est.
2318 747 2551 803 relative
2597 750 2667 804 ad
2695 750 3033 822 gignentem.
3073 754 3144 809 Et
3192 756 3311 812 hac

35 841 137 880 non
166 837 300 879 sunt
325 840 392 879 ex
420 826 541 896 ejus
570 825 880 882 substantia
929 836 1042 884 tota
1062 829 1152 883 vel
1185 829 1321 893 sola,
1339 844 1445 884 nec
1476 841 1605 885 sunt
1639 833 1802 889 unica
1833 835 2039 905 genita.

94 917 310 972 Οὐκοῦν
357 920 407 971 εἰ
436 919 531 971 καὶ
559 919 588 971 6
616 918 750 982 Θεδς
775 920 947 989 Λόγος
981 922 1046 975 ὲκ
1071 921 1171 991 τῆς
1198 921 1361 989 ἁγίας
1389 921 1607 993 Παρθέ-

35 1029 115 1067 pou
149 1012 475 1082 γεγέννηται
508 1012 608 1066 σὺν
626 1015 701 1085 τῇ
729 1014 914 1084 σαρκὶ,
940 1015 1002 1067 οὐ
1037 1014 1196 1085 μόνος
1219 1013 1375 1083 ψιλὸς
1392 1013 1492 1085 τὴν
1514 1012 1615 1084 φύ-

35 1121 110 1157 τιν
158 1101 283 1155 οὐδὲ
318 1103 382 1156 ὲκ
409 1103 572 1173 τῆσδε
597 1103 738 1174 ἔχων
771 1104 832 1158 τὸ
854 1104 1043 1169 ἁπλῶς
1068 1101 1210 1159 εἶναι
1232 1143 1248 1170 ,
1282 1104 1367 1169 τίς
1395 1105 1611 1174 ἀνάγκη

35 1195 209 1266 πάσης
239 1194 339 1265 τῆς
361 1194 552 1256 οὐσὶας
578 1195 835 1250 ἀπαιτεῖν
855 1196 1117 1267 ὁμοίωσιν
1140 1196 1236 1250 τοῦ
1260 1196 1612 1266 γεννηθέντος

35 1286 163 1357 τιρδς
211 1283 273 1338 τὸ
318 1284 568 1338 ὁπωσοῦν
600 1286 914 1355 γεννῆσανς
947 1287 1050 1356 τῆς
1076 1290 1387 1358 γεννήσεως
1416 1287 1610 1357 όμολο-

35 1376 301 1446 (ουμένης
331 1377 405 1446 μὴ
436 1372 577 1429 εἶναι
607 1377 772 1446 τῆσδε
802 1378 1098 1449 πατρικῆς,
1123 1379 1156 1450 ἦ
1187 1378 1322 1450 μόνη
1344 1379 1406 1433 τὸ
1428 1380 1612 1450 ἀπαρ-

35 1468 293 1521 ὶλλακτον
330 1467 433 1536 τῆς
465 1465 778 1537 ὁμοιώσεως
808 1468 907 1539 τῆς
924 1469 1115 1534 οὐσίας
1144 1469 1240 1523 τοῦ
1274 1471 1613 1540 γεννήματος

35 1559 267 1613 Ξεεκνυσι
318 1558 456 1629 πρὸς
499 1559 589 1612 τὸν
632 1561 1014 1631 γεννήσαντα,
1064 1562 1235 1633 ἦγουν
1266 1560 1363 1615 τοῦ
1393 1560 1611 1633 Πατρός

35 1652 164 1723 πρὸς
214 1651 307 1704 τὸν
354 1650 550 1706 ἑαυτοῦ
599 1653 727 1707 ἄνευ
765 1653 968 1723 σαρκὸς
995 1653 1188 1722 Λόγον.
1237 1654 1304 1707 Ἡ
1334 1653 1444 1722 γὰρ
1473 1653 1610 1724 σὰρξ

35 1743 117 1795 ut
167 1742 198 1794 6
237 1741 413 1810 Λόγος
465 1743 494 1795 6
537 1741 721 1814 προὼν
753 1741 1079 1812 γεγέννηται
1112 1742 1178 1795 ὲκ
1201 1740 1302 1812 τῆς
1326 1740 1487 1809 ἁγίας
1511 1740 1612 1792 Δεο

35 1833 257 1904 τποί-νης
280 1850 296 1864 ο
332 1834 428 1887 καὶ
461 1831 585 1886 οὔτε
617 1834 808 1904 μόνος,
843 1831 967 1886 οὔτε
1002 1835 1068 1887 ὲκ
1098 1832 1268 1904 μόνης
1296 1834 1396 1903 τῆς
1423 1831 1613 1896 οὐσίας

35 1927 119 1996 τῆς
146 1927 311 1996 ἁγίας
344 1926 648 1997 Παρθένου,
679 1926 756 1988 ὼς
782 1928 848 1979 ὲκ
871 1926 1086 1996 Πατρός
1109 1943 1124 1958 ·
1160 1926 1322 1979 τοῦτο
1342 1924 1451 1996 γὰρ
1484 1924 1613 1995 ὑμῖν

35 2020 120 2074 nix
150 2018 373 2086 ἐλέγετο
406 2007 536 2087 παρ’
563 2016 721 2087 ἡμῶν
740 2057 755 2081 ,
793 2017 870 2080 ὡς
906 2017 1081 2085 Λόγον
1112 2015 1275 2087 μόνον
1320 2015 1612 2084 ἐγέννησεν

35 2115 52 2185 ’λ
78 2113 255 2183 μόνη*
288 2113 322 2184 ἦ
356 2111 431 2183 μὴ
460 2112 742 2182 προόντος,
773 2110 910 2165 ἀλλὰ
936 2111 1082 2164 κατὰ
1105 2110 1205 2181 τὴν
1228 2109 1417 2163 οὐσίαν
1438 2110 1612 2179 αὐτῆς

35 2204 456 2277 τεσαρκωμένου
481 2220 495 2234 °
555 2202 677 2256 ὅθεν
709 2203 946 2274 Χριστὸς
990 2203 1110 2256 κατ’
1138 2201 1305 2272 ἄμφω
1333 2199 1502 2255 αὐτοῦ
1541 2198 1610 2253 τὰ

35 2298 163 2366 ιέρη
193 2298 229 2348 ὁ
250 2293 557 2364 γεννηθεὶς,
584 2294 680 2348 am
709 2296 919 2364 χρῖσμα
945 2295 1039 2346 καὶ
1062 2292 1351 2363 χριόμενος
1373 2292 1605 2362 εῐρηται’

35 2392 66 2442 :l
98 2389 154 2442 δὲ
184 2386 382 2441 τοῦτον
425 2387 505 2439 ἑνὶ
535 2387 753 2448 πάντως
802 2386 897 2440 καὶ
925 2386 987 2438 οὐ
1013 2385 1106 2438 δύο
1135 2383 1496 2456 ὲτεροουσεοις
1520 2381 1610 2435 λέ-

35 2497 134 2546 γειν
152 2479 462 2547 όμοούσιον
495 2479 640 2547 ἡμᾶς
668 2456 1032 2546 ἓὶσπράττετε
1055 2516 1071 2541 ,
1116 2476 1236 2547 ὥρα
1291 2476 1436 2543 ὑμᾶς
1470 2473 1608 2546 μηδὲ

35 2570 106 2624 τὸν
145 2568 331 2639 ’Λόὰμ
368 2569 477 2622 ἀπὸ
506 2569 611 2637 γῆς
636 2585 696 2621 τε
729 2570 823 2622 καὶ
853 2568 1001 2621 θείου
1028 2568 1429 2639 ἐμφυσήματος
1456 2567 1610 2635 γενό-

35 2680 221 2727 ιενον,
273 2662 415 2714 κατὰ
446 2660 675 2729 θάτερον
709 2664 767 2714 ὲν
795 2661 943 2730 αὑτῴ
979 2661 1160 2732 μερῶν
1183 2660 1363 2727 λόγον,
1402 2659 1609 2729 θατέρᾳ

35 2755 195 2823 ιέγειν
239 2755 540 2824 συστατικῇ
575 2751 740 2805 αὑτοῦ
770 2753 928 2823 οὐσίᾳ
962 2750 1246 2822 ὁμοούσιον
1278 2745 1420 2802 εἶναι
1444 2765 1457 2779 ο
1492 2748 1606 2802 ἀλλ’

35 2849 51 2909 ’i
85 2848 236 2902 θεῖον
269 2846 433 2899 αὐτοῦ
465 2846 687 2913 δοξάσαι
735 2847 829 2901 καὶ
873 2846 934 2899 τὸ
978 2850 1186 2916 γήϊνον,
1222 2846 1254 2917 ἢ
1290 2847 1481 2918 γήϊνον
1514 2846 1608 2898 καὶ⁵

35 2941 162 2993 ὶείον
210 2939 659 3009 ὑπολαμϐάνειν*
717 2941 767 2993 εἰ
811 2940 867 2992 δὲ
911 2941 1084 2992 ταῦτα
1126 2940 1220 2992 ἐπὶ
1251 2941 1443 2992 τούτου
1472 2939 1609 3008 πρό-

1782 926 1959 997 igitur
1987 928 2091 984 etsi
2121 930 2268 986 Deus
2307 932 2551 989 Verbum
2574 950 2642 990 ex
2671 944 2863 993 sancta
2894 937 3123 1010 Virgine
3152 941 3309 1011 geni-

1711 1024 1801 1073 tus
1833 1027 1921 1075 est
1942 1035 2069 1076 cum
2101 1037 2287 1089 carne,
2311 1040 2424 1079 non
2450 1026 2604 1081 solus
2627 1035 2823 1082 natura
2844 1029 3096 1100 simplex,
3123 1047 3305 1103 neque

1710 1106 1924 1164 habens
1971 1127 2038 1166 ex
2068 1112 2189 1181 ipsa
2223 1114 2531 1185 simplicem
2573 1118 2975 1180 exsistentiam,
3027 1120 3163 1191 quid
3208 1138 3306 1179 nc-

1709 1212 1864 1253 cesse
1889 1210 1975 1255 est
2007 1202 2182 1259 totius
2216 1205 2543 1262 substantia:
2576 1211 2859 1278 postulare
2884 1210 3304 1268 similitudinem

1720 1289 1897 1359 geniti
1951 1291 2182 1347 relative
2231 1293 2300 1348 ad
2334 1310 2461 1350 eum
2507 1296 2603 1367 qui
2634 1312 2860 1367 quoquo
2905 1299 3070 1354 modo
3092 1302 3303 1371 genuit,

1720 1394 1849 1433 cum
1908 1379 1964 1433 in
1996 1371 2251 1437 confesso
2273 1384 2346 1437 sit
2377 1384 2520 1441 banc
2564 1388 2974 1456 generationem
3021 1397 3307 1457 paternam

1716 1484 1830 1524 non
1855 1484 1979 1525 esse
2010 1486 2131 1525 eam
2164 1488 2289 1541 qua:
2315 1475 2431 1529 sola
2485 1472 2830 1531 demonstrat
2886 1478 3306 1534 similitudinem

1718 1560 2045 1615 substantiae
2073 1562 2244 1632 geniti
2272 1564 2503 1621 relative
2538 1565 2607 1620 ad
2633 1566 2973 1642 gignentem,
3003 1568 3180 1624 Patris
3201 1568 3309 1624 scio

1716 1650 1850 1706 licet
1901 1652 2134 1708 relative
2180 1653 2249 1708 ad
2286 1670 2449 1710 suum
2496 1657 2622 1712 sine
2652 1672 2819 1713 carne
2860 1660 3311 1718 Verbum‘lCaro

1713 1741 1864 1797 enim
1893 1752 1949 1798 et
1968 1743 2214 1799 Verbum
2244 1748 2638 1816 praeexsistens
2667 1749 2851 1819 genita
2876 1759 3004 1804 sunt
3028 1767 3095 1806 ex
3117 1763 3307 1808 sancta

1713 1835 1975 1900 Domina,
2013 1837 2111 1891 sed
2142 1853 2324 1908 neque
2371 1839 2550 1893 solum
2587 1839 2856 1904 Verbum,
2887 1855 3072 1910 neque
3096 1857 3164 1896 ex
3188 1845 3306 1898 sola

1708 1925 2019 1981 substantia
2062 1936 2268 1983 sanctae
2320 1928 2587 1999 Virginis,
2642 1930 2789 1985 sicut
2841 1946 2907 1985 ex
2957 1931 3139 1987 Patre.
3190 1932 3306 1988 Hoc

1711 2017 1861 2072 enim
1888 2033 2172 2088 nunquam
2201 2018 2361 2073 vobis
2389 2019 2600 2074 dictum
2626 2018 2732 2073 fuit
2787 2035 2816 2074 a
2850 2021 3036 2086 nobis,
3089 2023 3307 2078 scilicet

1710 2106 1955 2162 Verbum
1995 2107 2174 2161 solum
2228 2108 2479 2178 genitum
2534 2108 2705 2163 fuisse
2755 2124 2821 2164 ex
2869 2110 2963 2164 illa
3014 2111 3149 2176 sola,
3206 2121 3306 2167 aut

1711 2198 1897 2253 Verbo
1920 2214 2030 2254 non
2075 2200 2530 2269 prmexsistente;
2568 2201 2663 2256 sed
2693 2200 2929 2257 dicimus
2956 2203 3305 2259 incarnatum

1710 2304 1778 2344 ex
1812 2290 1933 2360 ejus
1962 2290 2296 2346 substantia.
2325 2291 2483 2348 Unde
2532 2293 2769 2347 Verbum
2800 2295 3071 2365 genitum,
3098 2311 3301 2351 secun-

1711 2380 1844 2435 dum
1872 2393 2167 2454 utramque
2202 2399 2356 2439 suam
2388 2393 2623 2455 partem,
2668 2384 2881 2440 dictum
2913 2393 2998 2442 est
3024 2386 3303 2453 Christus,

1711 2478 1905 2540 utpote
1938 2473 2131 2527 unctio
2190 2473 2355 2527 simul
2387 2482 2444 2528 et
2468 2482 2689 2529 unctus.
2729 2474 2784 2529 Si
2821 2484 3004 2529 autem
3035 2476 3182 2531 hunc
3205 2478 3302 2531 uni

1707 2560 1936 2614 omnino
1963 2569 2020 2615 et
2057 2576 2167 2616 non
2189 2562 2408 2617 duobus
2436 2563 2671 2619 diversa:
2702 2565 3029 2621 substantia:
3057 2568 3300 2623 consub-

1710 2652 2023 2707 stantialem
2051 2653 2239 2708 dicere
2271 2670 2374 2709 nos
2400 2656 2630 2726 cogitis,
2657 2657 2769 2727 jam
2803 2658 2964 2713 decet
2995 2674 3094 2714 vos
3120 2675 3302 2732 neque

1709 2743 1980 2798 Adamum
2010 2759 2041 2798 e
2065 2756 2213 2800 terra
2241 2754 2298 2799 et
2323 2746 2514 2802 divino
2543 2748 2672 2803 ﬂatu
2698 2750 2965 2820 genitum,
2993 2753 3296 2807 secundum

1708 2835 2029 2889 alterutram
2042 2837 2309 2892 rationem
2323 2840 2562 2907 partium
2577 2839 2780 2908 quibus
2793 2852 3030 2906 constat,
3046 2844 3299 2900 alterutri

1708 2927 2072 2981 constituenti
2131 2928 2457 3000 substantiae
2505 2929 2689 2985 dicere
2744 2947 2868 2987 esse
2931 2934 3301 2989 consubstan-

35 3034 178 3103 ἰηλον
226 3032 341 3102 ἔχει
395 3033 494 3102 τὴν
535 3031 803 3102 πλάνην,
845 3031 1062 3103 ἀληθῶς
1115 3032 1211 3085 καὶ
1259 3034 1289 3084 ὁ
1329 3028 1411 3095 εἷς
1449 3031 1607 3101 ἡμῶν

1716 3017 1922 3082 tialem,
1951 3018 2048 3073 sed
2078 3028 2177 3074 aut
2218 3019 2468 3073 divinum
2491 3020 2768 3076 aestimare
2797 3023 2962 3079 etiam
2993 3034 3298 3093 terrenum,

35 3126 264 3197 Ι(ριστὸς
317 3123 650 3193 ἀμφοτέροις
706 3122 817 3176 τῶν
861 3123 1205 3194 γεννητόρων
1260 3123 1324 3175 ὲκ
1372 3123 1606 3194 θατέρου

35 3217 126 3272 τῶν
155 3219 214 3271 ὲν
247 3214 395 3286 αὐτῷ
421 3215 604 3285 ὅμοιος
632 3209 773 3268 εἷναι
799 3213 1024 3269 δύναταί
1047 3231 1105 3267 τε
1139 3214 1233 3268 καὶ
1257 3213 1499 3283 λέγεται.

626 3481 875 3534 ΚΕΦᾹΛ.
915 3481 997 3532 H'.

97 3577 161 3631 Et
214 3577 416 3648 Μήτηρ
466 3574 558 3627 τοῦ
603 3574 739 3627 Θεοῦ
794 3574 914 3627 κατ’
945 3571 1206 3641 ἀλήθειαν
1238 3572 1272 3641 ἠ
1304 3567 1603 3641 Παρθένος,

35 3670 157 3735 Υἱὸς
204 3670 326 3723 κατ’
363 3668 624 3739 ἀλήθειαν
673 3670 772 3735 τῆς
817 3664 1094 3736 Παρθένου
1133 3667 1162 3716 ό
1194 3664 1357 3727 Θεόςο
1397 3665 1444 3716 εἰ
1480 3662 1608 3723 Υἱὸς

35 3763 133 3829 τῆς
179 3762 457 3831 Παρθένου
506 3760 628 3812 κατ’
664 3758 925 3829 ἀλήθειαν
973 3757 1002 3810 ό
1042 3757 1213 3823 Θεὸς,
1252 3757 1286 3826 ἢ
1322 3757 1504 3826 ὅμορος
1539 3757 1603 3824 τῇ

35 3854 236 3924 Μητρὶ,
275 3852 308 3922 ἦ
341 3852 440 3920 οὐχ
462 3853 649 3922 ὅμοιος
670 3867 684 3881 ⁸
740 3851 834 3904 καὶ
880 3852 929 3903 εἰ
964 3850 1063 3919 μὲν
1102 3851 1313 3918 ὅμοιος,
1343 3848 1403 3901 οὐ
1435 3846 1601 3909 Θεόςο

35 3949 74 3998 ti
117 3945 175 3998 δὲ
224 3944 324 4013 οὐχ
368 3944 575 4012 ὅμοιος,
616 3943 717 4013 οὐχ
747 3942 890 4003 Υἱός.
936 3942 1077 3994 Ἀλλ’
1105 3940 1205 4011 ἠδη
1232 3940 1366 4009 ἡμῖν
1393 3938 1606 4008 εἴρηται

35 4038 123 4089 καὶ
170 4039 265 4089 τὶν
312 4034 434 4088 κατ’
473 4033 734 4104 ἀλήθειαν
777 4034 892 4086 υἱὸν
947 4034 1023 4102 μὴ
1066 4033 1208 4086 κατὰ
1249 4031 1427 4084 πάντα
1465 4025 1605 4081 εἶναι

35 4128 103 4198 τῷ
130 4129 348 4180 τεκόντι
375 4127 560 4196 ὅμοιον
584 4141 598 4156 ·
641 4126 736 4177 καὶ
765 4125 875 4195 γὰρ
907 4126 1001 4178 καὶ
1030 4128 1094 4177 ἐκ
1125 4121 1293 4190 πυρὸς
1325 4120 1472 4191 φῶς,
1511 4120 1607 4173 καὶ

35 4225 123 4289 >ὐχ
152 4220 341 4288 ὅμοιον
374 4219 553 4287 πάντη
592 4218 763 4287 πυρῐο
817 4215 915 4268 καὶ
959 4214 1137 4285 νόημα
1177 4215 1242 4266 ἐκ
1272 4213 1470 4283 ψυχῆς,
1511 4210 1606 4264 καὶ

35 4313 85 4365 :6
111 4311 264 4384 ψυχή
292 4327 305 4342 ·
341 4311 438 4364 καὶ
472 4309 651 4379 ἰχθύες
680 4309 740 4374 ἐξ
768 4306 996 4379 ὓδατος,
1046 4307 1139 4359 καὶ
1172 4307 1271 4375 οὐχ
1301 4304 1467 4377 ὕδωρ.
1515 4301 1604 4357 Ἐν

35 4375 372 4472 τούτοιςϋμὲν
395 4375 628 4454 οὖν-καὶ
667 4400 729 4454 τὸ
758 4375 936 4469 πάντη
965 4399 1219 4467 ἀνόμοιον
1254 4396 1392 4467 πρὸς
1417 4375 1490 4449 τὰ
1512 4394 1603 4448 τέ·
1640 4375 1681 4429 D

35 4508 192 4549 ιιοντα
244 4491 357 4545 τῶν
399 4489 703 4561 τεχθέντων
748 4490 896 4543 ἔστιν
939 4488 1085 4542 ἰδεῖν.
1127 4487 1278 4567 Εῐοδὲ
1310 4489 1375 4540 ἐκ
1406 4486 1605 4557 μέρους

35 4586 282 4657 ενόμοιος
314 4586 382 4656 τῇ
409 4582 598 4654 Μητρὶ
627 4583 722 4637 καὶ
749 4582 933 4650 ὅμοιος
964 4583 992 4634 ό
1015 4581 1057 4633 Χ
1066 4579 1269 4650 ριστὸς,
1293 4580 1346 4631 τί
1371 4579 1603 4642 ἂτοπονς

35 4672 173 4750 Ἀρα
201 4676 294 4732 οὖν
339 4677 462 4731 ἐπεὶ
496 4676 572 4747 μὴ
604 4674 746 4729 κατὰ
779 4675 840 4728 τὸ
868 4675 992 4728 ὅλον
1025 4672 1242 4742 πέρδικι
1269 4673 1456 4742 ὅμοιος
1489 4674 1517 4725 6
1542 4671 1606 4724 ὲκ

35 4769 305 4838 πέρδικος,
331 4768 424 4821 καὶ
460 4767 739 4836 φασιανῶν
770 4764 1280 4837 περδικοφασιανὺς,
1314 4764 1413 4817 οὐκ
1439 4763 1607 4827 ὅντως

35 4859 182 4916 ἐσται
219 4861 339 4914 οὐδὲ
360 4859 484 4922 υἱὸς
510 4858 688 4924 τοῦδε,
729 4851 774 4910 ὦ
803 4858 1112 4929 φυσιολόγοι
1136 4876 1150 4926 ;

632 4996 882 5050 ΚΕΦΑΛ.
924 4995 1001 5050 6'.

112 5107 177 5162 Ἦ
218 5109 313 5162 τοῦ
349 5107 485 5162 Θεοῦ
522 5107 696 5178 Λόγου
745 5110 812 5161 ὲκ
851 5106 1145 5178 Παρθένου
1176 5110 1311 5161 κατ’
1345 5105 1607 5179 ἀλήθειαν

35 5199 304 5269 γέννησις,
332 5200 367 5270 ἢ
397 5200 568 5265 πάθος
594 5198 760 5254 αὐτοῦ
792 5202 962 5264 ἐστιν,
989 5200 1021 5268 ἢ
1050 5201 1321 5269 ἐνέργεια’
1351 5198 1384 5268 ἢ
1413 5198 1606 5262 πάθος,

35 5292 123 5343 καὶ
173 5291 461 5360 ἐνέργεια·
518 5292 551 5363 ἦ
605 5290 730 5345 οὐτε
762 5290 965 5356 πάθος,
1002 5293 1123 5344 οὐτε
1153 5293 1423 5361 ἐνέργεια.
1467 5291 1605 5344 Ἀλλ’

35 5383 80 5435 εἰ
111 5383 212 5451 μὲν
244 5384 414 5447 πάθος
444 5384 717 5454 φαίνεται,
748 5383 1013 5455 πρόδηλος
1043 5385 1077 5454 ἡ
1105 5382 1348 5435 ἀσέϐεια·
1382 5381 1476 5434 τοῦ
1500 5384 1609 5451 γὰρ

35 5478 426 5548 γεγεννημένου
447 5478 508 5530 τὸ
550 5477 750 5541 πάθος.
800 5477 1126 5546 γεγέννηται
1156 5474 1212 5526 δὲ
1262 5476 1294 5543 ἡ
1328 5474 1484 5527 οὐσία
1512 5472 1607 5527 τοῦ

35 5566 164 5619 Θεοῦ
194 5569 316 5622 καθ’
350 5571 525 5639 ὑμᾶς,
559 5573 655 5639 τῆς
685 5570 875 5632 οὐσίας
903 5570 1011 5641 ἄρα
1044 5568 1133 5622 τοῦ
1158 5565 1294 5619 Θεοῦ
1328 5567 1387 5620 τὸ
1414 5568 1603 5627 πάθος.

35 5652 91 5706 Εἰ
120 5656 176 5712 δὲ
210 5659 475 5733 ἐνέργεια,
518 5663 731 5731 ἐνεργεῖ
762 5659 818 5712 δὲ
854 5661 880 5711 ό
911 5658 1042 5723 Θεὸς
1075 5658 1134 5711 οὐ
1167 5656 1243 5728 τῷ
1270 5652 1407 5712 εἶναι
1436 5656 1606 5728 αὐτῷ,

1709 3116 1806 3164 aut
1840 3117 2123 3165 terrenum
2151 3124 2463 3180 supponere
2496 3120 2554 3166 et
2582 3111 2853 3166 divinum.
2875 3112 2931 3167 Si
2962 3122 3147 3170 autem
3182 3117 3302 3174 haec

1710 3200 2001 3257 manifeste
2021 3202 2308 3257 continent
2336 3218 2606 3269 errorem,
2629 3220 2761 3260 vere
2778 3206 2943 3260 etiam
2969 3222 3112 3262 unus
3139 3207 3301 3264 Chri-

1710 3303 1828 3348 stus
1848 3304 2040 3349 noster
2066 3296 2340 3351 ambobus
2369 3297 2722 3367 gignentibus
2748 3338 2763 3363 ,
2801 3314 2867 3353 ex
2916 3300 3183 3357 alterutra
3210 3302 3298 3358 sui

1708 3394 1884 3453 parte,
1909 3395 2091 3456 potest
2114 3403 2237 3443 esse
2256 3395 2312 3443 et
2342 3388 2548 3444 dicitur
2573 3391 2789 3447 similis.

2327 3499 2479 3557 CAP.
2532 3504 2669 3560 VII].
2756 3522 2760 3526 '
2814 3532 2816 3534 τ

1782 3585 1840 3642 Si
1877 3587 2051 3644 Mater
2074 3591 2172 3645 Dei
2200 3608 2332 3647 vere
2358 3603 2441 3648 est
2470 3594 2658 3665 Virgo,
2692 3597 2869 3652 Filius
2900 3598 3140 3670 Virginis
3169 3618 3299 3661 vere

1708 3689 1793 3734 est
1821 3680 1988 3734 Deus.
2033 3681 2090 3736 Si
2139 3682 2311 3737 Filius
2350 3684 2588 3754 Virginis
2629 3704 2756 3741 vere
2786 3698 2871 3743 est
2897 3690 3064 3756 Deus,
3098 3693 3182 3748 vel
3212 3704 3300 3749 est

1708 3767 1864 3824 Matri
1902 3771 2122 3835 similis,
2164 3774 2251 3827 vel
2294 3790 2403 3828 non
2449 3763 2680 3843 similis;
2726 3780 2769 3832 si
2806 3780 3004 3836 similis
3047 3784 3294 3852 quidem,

1707 3876 1839 3930 ergo
1883 3877 1991 3915 non
2024 3870 2110 3916 est
2150 3863 2324 3929 Deus;
2358 3864 2401 3917 si
2449 3880 2558 3919 non
2594 3867 2788 3922 similis
2822 3860 2973 3934 vero,
3019 3887 3151 3940 ergo
3183 3889 3298 3930 non

1711 3950 2084 4006 Filius—Sed
2103 3953 2214 4022 jam
2238 3968 2266 4006 a
2290 3955 2453 4009 nobis
2472 3954 2682 4010 dictum
2708 3958 2810 4012 fuit
2831 3970 2887 4013 et
2909 3976 3099 4015 verum
3121 3962 3295 4019 ﬁlium

1707 4054 1819 4094 non
1865 4042 2171 4097 secundum
2207 4046 2391 4099 omnia
2422 4061 2545 4102 esse
2576 4048 2820 4119 gignenti
2868 4051 3126 4107 similem.
3159 4054 3295 4108 Nam

1706 4145 1773 4184 ex
1803 4132 1927 4201 igne
1956 4132 2145 4187 lumen
2176 4141 2296 4198 est;
2346 4145 2403 4191 et
2438 4146 2621 4191 tamen
2657 4154 2766 4193 non
2818 4140 2874 4192 in
2923 4142 3181 4197 omnibus
3211 4155 3299 4203 est

1708 4218 1818 4290 igni
1847 4221 2065 4277 similis.
2090 4222 2364 4295 Cogitatio
2392 4242 2617 4298 quoque
2645 4245 2711 4284 ex
2743 4231 2945 4295 anima,
2976 4248 3078 4289 nec
3109 4242 3292 4290 tamen

1707 4324 1787 4367 est
1821 4312 2036 4380 anima;
2064 4325 2119 4370 et
2147 4318 2328 4386 pisces
2358 4333 2424 4372 ex
2449 4335 2616 4389 aqua,
2652 4336 2754 4375 nec
2786 4322 2911 4377 ideo
2954 4333 3086 4379 sunt
3126 4341 3293 4395 aqua.

1710 4404 1768 4458 In
1795 4405 1882 4459 bis
1907 4405 2074 4475 igitur
2092 4408 2644 4465 animadvertendum
2670 4424 2755 4468 est
2781 4414 3006 4469 omnino
3036 4416 3298 4473 differen-

1714 4496 1843 4551 tiam
1871 4499 2183 4568 genitorum
2217 4499 2446 4555 relative
2473 4503 2541 4555 ad
2572 4503 2872 4573 gignentia.
2903 4505 2959 4560 Si
3003 4515 3185 4561 autem
3228 4523 3296 4563 ex

1711 4598 1869 4656 parte
1916 4587 2204 4645 dissimilis
2251 4592 2416 4646 matri
2453 4591 2707 4650 Christus
2756 4597 2920 4650 simul
2971 4606 3029 4651 et
3078 4599 3295 4663 similis,

1712 4677 1845 4747 quid
1878 4679 2148 4735 absurdi?
2173 4681 2313 4735 Num
2346 4681 2515 4752 igitur
2553 4698 2619 4738 ex
2654 4699 2722 4738 eo
2750 4685 2896 4755 quod
2927 4702 3037 4741 non
3069 4687 3140 4742 sit
3171 4705 3298 4758 per-

1713 4769 1822 4824 dici
1853 4786 1953 4840 per
1977 4772 2158 4826 omnia
2189 4773 2386 4829 similis
2416 4777 2601 4845 pullus
2634 4777 2878 4847 perdicis
2913 4786 2971 4833 et
3001 4780 3295 4849 phasiaczc,

1713 4877 1824 4916 non
1858 4862 1984 4918 ideo
2012 4864 2123 4918 erit
2154 4865 2395 4932 perdicis
2423 4867 2637 4935 pullus,
2670 4883 2704 4921 ο
2747 4867 3090 4938 physiologi?

2362 4993 2514 5050 CAP.
2559 4995 2648 5049 IX.

1784 5106 1882 5161 Dei
1909 5108 2070 5163 Verbi
2098 5109 2384 5180 generatio
2415 5124 2483 5163 ex
2517 5107 2734 5181 Virgine
2761 5109 3065 5166 secundum
3096 5112 3301 5167 verita-

1712 5206 1848 5263 tem,
1878 5200 1962 5253 vel
1997 5209 2081 5254 est
2122 5200 2242 5271 ejus
2278 5200 2494 5271 passio,
2532 5210 2626 5255 aut
2671 5202 2851 5266 actio,
2899 5201 2982 5256 vel
3029 5202 3214 5272 passio
3245 5212 3300 5257 et

1715 5292 1883 5353 actio,
1912 5292 1995 5346 vel
2039 5306 2218 5361 neque
2265 5292 2448 5363 passio
2481 5309 2661 5362 neque
2691 5294 2857 5348 actio.
2905 5293 3013 5349 Sed
3041 5295 3086 5350 si
3118 5296 3302 5365 passio

1713 5382 1969 5447 videtur,
2005 5392 2158 5453 patet
2204 5384 2457 5454 impietas
2489 5404 2501 5438 :
2530 5386 2711 5456 passio
2756 5388 2904 5441 enim
2932 5386 3191 5457 pertinet
3232 5385 3302 5440 ad

1714 5474 1998 5543 genitum;
2032 5473 2207 5542 atqui,
2238 5475 2540 5529 secundum
2574 5491 2691 5538 vos,
2724 5476 2902 5545 genita
2930 5484 3013 5530 est
3043 5473 3302 5527 substan-

1718 5568 1790 5640 tia
1822 5567 1952 5632 Dei;
1991 5583 2123 5638 ergo
2158 5568 2479 5622 substantiae
2514 5569 2606 5623 Dei
2646 5569 2970 5621 attribuitur
3006 5567 3207 5638 passio.
3244 5569 3303 5623 Si

1717 5668 1900 5713 autem
1943 5661 2109 5727 actio,
2147 5661 2257 5730 agit
2286 5669 2471 5716 autem
2506 5661 2655 5716 Deus
2687 5674 2795 5713 non
2828 5672 2927 5713 sua
2960 5658 3304 5735 exsistentia,
