3908 6306
65 262 228 323 Ῑοῗῦἱ)

1060 258 1459 320 ADVERSUS
1498 255 2125 319 NESTORL\1\’OS.—
2153 246 2293 323 LIB;
2344 265 2435 324 iv.

3232 271 3370 335 1670

61 377 281 445 ἕτερον
317 371 567 442 προῖἐναι
609 372 965 441 γεννώμενον,
1000 372 1075 433 ὡς
1110 372 1201 424 ἐπὶ
1236 371 1505 440 σωμάτων
1537 368 1674 439 ὁρῶ-

1782 370 2033 426 videmus
2052 372 2118 427 de
2143 376 2490 443 corporibus,
2514 378 2763 432 videmus
2792 380 3093 435 secundum
3123 381 3370 440 diversos

66 486 187 537 μεν
222 464 375 518 κατὰ
416 464 542 526 τοὺς
573 463 867 535 διαφόρους
893 462 1130 533 τρόπους
1150 463 1258 515 τῶν
1283 461 1642 531 γεννωμένων
1666 476 1678 489 ⁸

60 559 350 618 τέκτονος
393 554 495 624 μὲν
524 553 633 624 γὰρ
660 556 725 623 τῇ
785 570 845 605 τε
898 548 1101 625 φυσικῇ
1160 554 1254 606 καὶ
1285 554 1682 623 ἐπιστημονικῇ

63 646 375 715 ἐνεργείᾳ,
410 644 573 698 πάθει
600 645 655 698 δὲ
682 644 777 697 τοῦ
808 644 988 709 ξύλου,
1032 646 1130 715 τῆς
1182 645 1369 714 κλίνης
1417 644 1684 715 προέρχε-

63 756 171 790 ται
194 736 264 789 τὸ
297 732 440 799 εἶδος
466 752 480 767 ο
520 736 614 788 καὶ
650 736 813 789 πάλιν
842 738 1014 807 πυρὸς
1046 740 1111 808 τῇ
1145 738 1308 806 φύσει
1334 736 1683 807 ἐνεργοῦντος

66 829 180 880 καὶ
243 826 589 896 φθείροντος,
642 827 945 895 πάσχοντος
968 826 1025 879 δὲ
1056 829 1148 880 καὶ
1195 827 1553 897 φθειρομένου
1585 825 1681 881 τοῦ

73 919 352 980 στέατος,
384 916 601 984 λιγνύος
633 913 775 980 είδος
805 919 863 969 ἐν
883 918 1005 988 ἀέρι
1035 920 1291 986 γεννᾶται
1316 934 1330 948 ⁸
1367 918 1422 971 οἵ
1463 935 1521 970 τε
1574 920 1683 990 γὰρ

72 1009 259 1076 φύσιν
288 1009 384 1061 καὶ
405 1007 551 1078 ’ὓλην
579 1009 606 1061 ὃ
630 1009 680 1061 τί
710 1007 839 1062 ποτέ
866 1009 972 1062 εἰσι
1009 1009 1281 1080 διαφόρως
1315 1010 1562 1072 νοοῦντες
1590 1012 1683 1064 καὶ

62 1099 501 1169 ὑποτιθέμενοι,
520 1100 669 1170 ὅμως
694 1101 793 1169 τῆς
816 1099 1318 1173 [μὲν]ὲνεργούσης,
1341 1104 1441 1171 τῆς
1458 1101 1514 1155 δὲ
1539 1119 1682 1155 πασ-

72 1190 301 1261 χούσης
317 1192 608 1259 γεννᾶσθαι
630 1192 694 1244 τὰ
710 1193 994 1246 ὲκτούτων
1012 1193 1124 1263 είδη
1156 1190 1479 1262 ὁμολογοῦσι
1501 1208 1516 1223 °
1544 1193 1684 1246 κατὰ

80 1285 294 1354 μέντοι
349 1285 415 1338 τὰ
435 1285 688 1356 ’ὑμέτερα
710 1286 1079 1363 θεσπίσματα,
1103 1286 1164 1339 τὸ
1200 1285 1275 1358 μὴ
1305 1285 1363 1340 ὃν
1392 1287 1560 1357 γεννᾷ
1589 1303 1637 1338 τι
1664 1303 1679 1321 ο

75 1377 189 1428 καὶ
225 1375 469 1446 μάλιστα
491 1376 550 1429 τὸ
572 1376 765 1429 ἑαυτοῦ
792 1373 933 1430 εἶναι
966 1377 1126 1431 πάθει
1158 1378 1191 1449 ἢ
1228 1376 1480 1448 ἐνεργείᾳ
1509 1376 1682 1439 οὐδεὶς

79 1467 268 1534 ἔφησε
295 1465 514 1519 πώποτε
543 1482 557 1496 ’
616 1467 733 1520 ἀλλ’
769 1467 890 1521 οὐδὲ
914 1468 1049 1531 ὅλως
1099 1468 1272 1531 πάθος
1318 1467 1351 1537 ἢ
1398 1468 1682 1538 ἐνέργειαν

85 1558 193 1611 ἐπὶ
235 1557 334 1610 τοῦ
370 1557 597 1628 μηδέπω
622 1558 774 1622 ὄντος
807 1560 1070 1631 ἐγνώρισε
1095 1578 1107 1592 ·
1132 1560 1261 1623 πῶς
1285 1556 1378 1615 οὖν
1404 1560 1684 1622 τοιαύταις

80 1651 246 1719 ἡμᾶς
268 1651 346 1713 ὡς
366 1653 620 1720 φυσικαῖς
651 1651 947 1720 διαιρέσεσι
976 1652 1353 1720 συλλογίζεσοε
1374 1671 1388 1715 ;

180 1740 349 1794 Ἀλλὰ
398 1741 621 1795 τοιαῦτα
667 1744 828 1813 ἡμεῖς
866 1746 1025 1813 μέχρι
1066 1743 1159 1796 τοῦ
1190 1740 1285 1797 νῦν
1332 1744 1466 1797 Θεοῦ
1497 1744 1682 1816 χάριτι

88 1832 175 1902 μὴ
234 1832 438 1884 εἰδέναι
503 1835 638 1902 μήτε
694 1833 1008 1904 διδαχθῆναι
1049 1834 1460 1905 ὁμολογοῦντες,
1525 1835 1677 1905 ὀρθο-

76 1923 269 1986 Δδόξως
328 1923 671 1994 κηρύττομεν
724 1924 821 1994 τὴν
876 1924 1159 1977 εὐσέὁειαν
1225 1925 1329 1977 ὑπὸ
1370 1926 1476 1977 τῶν
1511 1925 1682 1992 ἁγίων

87 2013 444 2083 διδαχθέντες
486 2015 763 2085 Πατέρων,
815 2014 904 2067 τὸν
944 2017 1009 2068 ὲκ
1059 2018 1221 2085 μόνου
1280 2015 1493 2087 Πατρὸς
1523 2016 1681 2085 μόνον

88 2106 256 2170 Υἱὸν,
291 2109 358 2177 τῇ
399 2107 497 2176 μὲν
531 2108 629 2177 μιᾷ
674 2107 1034 2177 μεμονωμένῃ
1072 2105 1236 2161 αὐτοῦ
1283 2108 1389 2178 ἰδία
1426 2109 1679 2178 γεννήσει

90 2196 341 2266 προόντα
371 2197 478 2249 τῶν
508 2196 717 2250 αἰώνων
747 2198 880 2251 Θεὸν
903 2199 1095 2266 Λόγον·
1116 2200 1172 2250 ὲν
1206 2199 1452 2270 ὑστέροις
1471 2198 1527 2252 δὲ
1552 2215 1677 2251 και-

80 2290 217 2357 -ροῖς
254 2287 361 2359 ἰδίᾳ
388 2289 605 2356 εὐδοκία.
636 2288 1001 2358 φιλανθρώπῳ
1031 2288 1129 2359 τὴν
1162 2288 1426 2361 δευτέραν
1479 2289 1677 2343 ἑαυτοῦ

97 2379 269 2432 πάλιν
287 2380 609 2449 ἰδικωτάτην
630 2380 923 2450 ἐνεργῆσαι
946 2380 1198 2451 γέννησιν
1224 2383 1282 2434 ὲν
1308 2383 1374 2451 τῇ
1394 2379 1680 2451 συμπλοκῇ

88 2472 192 2526 τοῦ
227 2472 352 2525 καθ’
405 2474 552 2541 ἡμᾶς
603 2472 892 2543 ἀνθρώπου
935 2472 1330 2544 ὁμολογοῦμεν,
1380 2475 1474 2527 καὶ
1535 2491 1673 2545 προ-

89 2566 317 2618 ελεύσει
373 2566 606 2634 σαρκικῇ
655 2565 719 2618 ὲκ
745 2566 842 2636 τῆς
888 2566 1050 2634 ἁγίας
1085 2565 1362 2635 Παρθένου
1398 2564 1678 2637 τεχθῆναι,

90 2655 377 2725 ὁμοιότητι
404 2657 744 2723 γεννήσεως*
776 2657 909 2726 μηδὲ
957 2656 1101 2710 κατὰ
1157 2657 1256 2727 τὴν
1313 2656 1537 2729 πρώτην
1579 2657 1677 2709 αὐ-

88 2747 214 2810 τοῦ,
251 2747 385 2817 μηδὲ
439 2747 578 2799 κατὰ
616 2747 876 2817 δευτέραν
906 2748 1164 2818 γέννησιν
1188 2767 1297 2803 τινι
1328 2749 1440 2801 τῶν
1466 2750 1683 2803 πάντων

95 2839 463 2892 κοινωνοῦντα
493 2856 504 2868 ⁸
541 2837 664 2892 οὔτε
699 2841 807 2910 γάρ
830 2859 881 2894 τι
912 2840 1099 2911 ἕτερον
1124 2842 1265 2895 κατὰ
1305 2840 1366 2894 τὸ
1391 2842 1558 2895 ἀΐδιον
1588 2841 1683 2894 καὶ

98 2930 528 3000 ἀπαράλλακτον
552 2932 647 2984 καὶ
682 2933 976 3002 εὐάρεστον
999 2936 1093 2986 καὶ
1121 2933 1391 3002 ἄτρεπτον
1425 2934 1520 2986 καὶ
1542 2934 1683 3003 ἁμέ-

102 3037 285 3090 ριστον
317 3021 411 3074 καὶ
440 3020 726 3084 ἀνελλιπὲς
764 3022 855 3075 καὶ
888 3021 1278 3092 ἀνεκφοίτητον
1327 3022 1426 3093 τῆς
1458 3019 1681 3091 πρώτης

98 3110 267 3162 αὑτοῦ
301 3111 470 3180 ήγουν
518 3112 823 3181 γεννήσεως
870 3113 1215 3182 γεγέννηται,
1245 3112 1367 3165 οὔτε
1416 3113 1558 3166 κατὰ
1582 3114 1681 3185 τήν

96 3201 361 3272 δευτέραν
392 3201 576 3272 ἕτερόν
603 3218 654 3254 τι
681 3201 854 3265 οὕτως
880 3204 1136 3273 ἀσπόρως
1169 3204 1265 3257 καὶ
1295 3203 1551 3274 ἀφθόρως
1583 3206 1681 3258 καὶ

99 3294 393 3364 ὑπερφυῶς
423 3295 765 3365 γεγέννηται,
785 3296 879 3348 καὶ
908 3294 1222 3363 Πνεύματος
1262 3295 1420 3364 ἁγίου
1489 3296 1682 3366 συλλη-

100 3383 254 3449 eos),
280 3384 373 3435 καὶ
392 3382 635 3452 ἁχρόνως
658 3383 962 3445 τελειωθὲν,
982 3385 1076 3436 καὶ
1112 3383 1416 3455 μορφωθὲν,
1478 3387 1571 3439 καλ⁸
1600 3386 1680 3438 δι-

98 3472 432 3541 οργανωθὲν,
459 3472 551 3524 καὶ
582 3474 660 3534 εἰς
697 3473 881 3526 πάντα
913 3474 1003 3527 τὸν
1026 3475 1217 3528 ἑαυτοῦ
1244 3474 1474 3546 οὐσιώδη
1509 3476 1680 3545 Λόγον

101 3563 438 3631 ἁπαρτισθὲν
490 3564 547 3614 ἐν
599 3567 664 3633 τῇ
698 3565 838 3635 ἁγνῇ
871 3568 1055 3636 μήτρᾳ
1106 3567 1204 3636 τῆς
1250 3567 1541 3637 ἀμιάντου,
1599 3573 1680 3633 εἰς

101 3648 229 3702 ναὸν
257 3651 347 3702 καὶ
379 3651 459 3710 εἰς
506 3654 771 3724 σκήνωμα
820 3654 914 3706 τοῦ
968 3656 1143 3723 Λόγου
1178 3657 1276 3726 τῆς
1328 3657 1677 3729 ἀνθρωπίνης

104 3742 304 3810 σαρκὸς
332 3742 390 3806 ἐξ
411 3743 579 3813 αὐτῆς
608 3747 777 3815 μόνης
814 3747 1200 3817 τελειωθείσης
1243 3750 1336 3801 καὶ
1389 3751 1678 3820 συναφθεί-

104 3848 206 3902 σης
236 3833 385 3903 αὑτῴ
415 3836 475 3886 ὲν
500 3837 729 3904 ἀκαρεῖ·
762 3836 843 3889 ἔτι
872 3839 979 3906 μὴν
1002 3842 1093 3891 καὶ
1119 3839 1335 3909 ἀληθῶς
1356 3842 1677 3911 κεκλεισμέ-

102 3938 199 3993 νης
231 3922 325 3992 τῆς
382 3925 718 3996 παρθενικῆς
783 3931 979 4002 πύλης,
1031 3932 1171 3984 κατὰ
1239 3933 1400 4000 φύσιν
1460 3935 1676 4005 ἀληθῶς

105 4012 262 4082 σῶμα
314 4014 481 4086 οὔσης
516 4019 613 4087 τῆς
648 4019 910 4090 Θεοδόχω
967 4022 1170 4093 σαρκὸς
1216 4025 1382 4078 αὑτοῦ
1431 4027 1519 4080 διὰ
1561 4027 1672 4081 τῶν

100 4105 356 4175 ἁρραγῶν
386 4107 655 4177 σωμάτων
686 4114 933 4181 χωρῆσαι
965 4116 1063 4182 τῆς
1093 4116 1306 4185 μήτρας
1338 4118 1431 4188 τῆς
1463 4119 1671 4189 Παρθέ·

97 4211 189 4246 νου
217 4198 279 4266 τῇ
305 4197 442 4267 ὑπὲρ
491 4199 652 4266 φύσιν
681 4200 908 4270 δυνάμει
941 4203 1037 4256 τοῦ
1086 4206 1299 4269 ἐνόντος
1328 4208 1464 4279 αὐτῇ
1498 4209 1670 4262 Πνεύ-

100 4303 264 4358 ματος
292 4289 383 4341 τοῦ
436 4290 614 4358 Λόγου
660 4294 1008 4363 πιστεύομεν.
1056 4298 1178 4361 Πῶς
1212 4299 1306 4353 οὖν
1357 4302 1418 4355 οὐ
1467 4306 1669 4368 παντὸς

98 4374 295 4449 μᾶλλον
324 4377 400 4428 ἔτι
424 4379 518 4430 καὶ
543 4382 620 4433 ἔτι
642 4382 731 4434 διὰ
771 4384 943 4437 ταῦτα
978 4385 1240 4441 θεοτόκον
1271 4390 1488 4462 ἀληθῶς
1520 4411 1665 4463 γνω-

94 4467 340 4536 ρίσαντες
396 4469 790 4540 εὐφημήσομεν
839 4475 938 4546 τὴν
971 4478 1247 4549 Παρθένον
1287 4472 1516 4555 ταύτην,
1548 4481 1668 4560 ὲνῇ

214 4558 267 4624 ἒξ
298 4555 364 4631 ἦς
394 4561 422 4611 ὁ
462 4562 633 4630 Λόγος
659 4563 757 4635 τὴν
810 4569 989 4639 σάρκα
1023 4575 1500 4646 μνηστευσάμενος
1531 4555 1668 4650 προζ

92 4648 249 4718 ἦλθεν
279 4651 351 4713 ὡς
376 4653 606 4722 νυμφίος
634 4656 699 4709 ἐκ
724 4659 930 4712 παστοῦ
956 4661 1115 4729 ἁγίου
1147 4664 1312 4719 αὑτοῦ
1341 4684 1356 4733 ;
1380 4669 1470 4737 ἐφ’
1498 4648 1582 4742 ἦς
1607 4689 1666 4726 τε

93 4741 131 4809 ή
163 4741 311 4808 σοφία
355 4745 445 4797 τὸν
480 4746 681 4816 ἑαυτῆς
714 4749 1073 4824 λατομήσασα
1133 4752 1281 4811 οἷκον
1308 4761 1474 4831 ἑαυτῇ
1512 4779 1668 4834 περι-

93 4829 401 4923 ῳκοδόμησε
427 4850 442 4900 ;
487 4837 579 4888 καὶ
609 4838 669 4891 τὸ
710 4839 1045 4912 θαυμαστὸν.
1075 4846 1159 4900 ὅτι
1193 4848 1314 4902 οὐδὲ
1342 4851 1420 4920 τῷ
1564 4829 1664 4923 (ρύ-

95 4932 228 4980 σεως
266 4919 514 4990 ἰδιώματι
552 4923 647 4977 τοῦ
699 4929 1000 5000 οἰκήματος
1050 4936 1250 5008 ἑαυτὴν
1296 4940 1664 5011 συνεξήγαγεν

90 5013 158 5103 ἐκ
183 5011 274 5082 τῆς
305 5010 514 5085 μήτρας
554 5018 651 5087 τῆς
712 5022 991 5092 Παρθένου
1019 5042 1034 5056 ο
1061 5028 1198 5085 ἀλλὰ
1240 5010 1548 5088 τούναντίον

16 5121 49 5181 με
87 5099 192 5171 τῆς
216 5103 421 5171 φύσεως
446 5108 697 5180 ἰδιώματι
721 5113 945 5185 ἑαυτῆς,
968 5118 1136 5189 ἤγουν
1158 5120 1251 5175 τοῦ
1283 5099 1662 5195 ἑνοικήσαντος

91 5194 225 5265 αὐτῇ
258 5197 450 5266 Λόγου,
480 5200 542 5253 τὸ
563 5202 775 5274 οἴκημα
817 5213 1208 5281 πνευματικῶς
1243 5194 1658 5282 συνεξείλκυσεν

90 5286 283 5380 ἑαυτῆς
307 5292 368 5343 ἐκ
386 5293 486 5362 τῆς
514 5295 784 5370 τεκούσης
829 5301 961 5354 αὐτό
986 5321 1001 5336 ο
1039 5305 1136 5359 σὺν
1173 5306 1323 5377 αὐτῷ
1350 5309 1459 5380 γὰρ
1495 5330 1658 5367 πνευ-

94 5378 325 5473 ματικῶς
391 5381 594 5473 έξιέναι
641 5392 736 5443 καὶ
791 5395 1042 5463 χωρῆσαι
1076 5396 1166 5451 διὰ
1214 5399 1325 5451 τῶν
1397 5378 1657 5473 άὴρῥαγῶν

91 5469 344 5562 cuipaer
366 5471 466 5542 τῆς
504 5475 805 5548 Παρθένου,
845 5484 945 5552 τὴν
976 5486 1155 5556 σάρκα
1202 5491 1398 5543 ἑαυτοῦ
1425 5469 1655 5562 όγΛόγος

90 5558 461 5630 ἑδυνάμωσεν⁸
524 5565 713 5640 ὥσπερ
771 5574 798 5625 ό
856 5576 1096 5645 ἄσαρκος
1162 5579 1326 5642 αὐτὸς
1362 5580 1551 5636 εἰσιὼν
1585 5584 1654 5640 δι’

89 5651 255 5709 αὐτῶν
307 5653 404 5707 οῦκ
455 5658 910 5735 ἐστενοχωρείτο·
950 5669 1070 5721 ἐπεὶ
1121 5669 1230 5741 γὰρ
1274 5673 1380 5744 ἰδία
1437 5676 1652 5752 εὐδοκία

1785 462 1981 516 modos
2015 466 2308 533 generatis.
2342 467 2476 521 Nam
2515 468 2728 538 opiﬁcis
2770 471 2993 539 quidem
3040 473 3264 545 physica
3313 486 3371 528 et

1785 550 1963 618 perita
2008 553 2259 617 actione,
2312 556 2567 624 passione
2611 573 2744 612 vero
2789 559 2955 628 ligni,
3011 561 3134 614 lecti
3187 563 3370 630 prodit

1785 641 1982 697 forma.
2026 644 2346 716 Pariterque
2389 647 2515 717 igne
2560 663 2658 704 sua
2704 660 2897 704 natura
2947 662 3141 721 agente
3172 662 3228 707 et
3270 658 3369 708 de-

1785 741 2069 795 struente,
2122 735 2364 804 patiente
2416 752 2546 791 vero
2590 748 2646 792 et
2698 749 2962 808 pereunte
3009 742 3175 805 sebo,
3232 742 3369 796 fumi

1783 825 1957 881 forma
1990 827 2045 881 in
2078 844 2207 883 aere
2236 830 2495 899 gignitur.
2527 830 2629 898 Qui
2661 832 2808 885 enim
2843 832 2910 886 de
2945 842 3139 889 natura
3167 844 3223 890 et
3255 844 3374 890 m‘a-

1787 920 1947 983 teria,
1975 922 2346 992 quodcunque
2390 924 2521 987 sint,
2572 924 2793 979 diverso
2836 927 3004 980 modo
3044 936 3281 983 tractant
3314 938 3371 983 et

1786 1011 2306 1077 disserunt,‘altéra
2341 1014 2568 1083 quidem
2613 1024 2827 1086 agente,
2879 1018 3049 1071 altera
3102 1034 3230 1073 vero
3271 1036 3369 1090 pa-

1787 1103 1979 1168 tiente,
2009 1108 2259 1175 generari
2292 1123 2594 1178 omnesque
2623 1109 2691 1164 de
2744 1110 2826 1163 bis
2857 1120 2986 1164 sunt
3012 1110 3214 1166 formas
3239 1127 3371 1167 con-

1784 1196 2053 1250 sentiunt.
2094 1196 2223 1262 Sed,
2255 1199 2559 1254 secundum
2600 1208 2782 1254 vestra
2813 1201 3056 1266 oracula,
3082 1202 3228 1270 quod
3258 1217 3369 1258 non

1783 1287 2205 1360 exsistit,gignit
2223 1291 2453 1361 aliquid,
2477 1294 2887 1363 praesertimque
2903 1310 3063 1349 suum
3086 1310 3228 1361 esse,
3246 1312 3372 1367 pas-

1784 1379 1940 1435 sione
1984 1392 2080 1436 aut
2118 1384 2376 1441 actione:
2405 1386 2550 1456 quod
2595 1402 2757 1440 nemo
2785 1403 3026 1458 unquam
3067 1390 3234 1455 dixit;
3271 1391 3369 1445 sed

1784 1483 1887 1524 nec
1916 1472 2144 1526 omnino
2190 1475 2465 1530 actionem
2512 1477 2628 1551 sive
2679 1478 2988 1547 passionem
3022 1480 3078 1534 in
3120 1481 3370 1534 nondum

1783 1562 2083 1618 exsistente
2114 1566 2354 1636 agnovit.
2376 1567 2669 1634 Quomodo
2685 1585 2819 1640 ergo
2844 1570 3066 1633 talibus,
3095 1582 3156 1626 ut
3181 1573 3367 1645 physi-

1785 1652 1886 1716 cis,
1920 1654 2370 1710 distinctionibus
2401 1659 2456 1711 in
2484 1644 3107 1730 nosargumentamiui?

1858 1745 1964 1800 Sed
1997 1748 2124 1801 talia
2156 1764 2257 1803 nos
2289 1764 2461 1819 usque
2492 1751 2675 1804 adhuc
2702 1750 2794 1805 Dei
2824 1751 2998 1820 gratia
3023 1768 3202 1821 neque
3226 1752 3371 1808 scire

1783 1855 1963 1909 neque
2010 1838 2268 1895 didicisse
2300 1841 2647 1907 confitentes,
2690 1842 2994 1898 orthodoxe
3023 1843 3367 1912 profitemur,

1784 1931 2043 1999 pietatem
2097 1933 2278 1988 edocti
2319 1951 2347 1988 a
2401 1935 2605 1989 sanctis
2653 1919 2929 1997 Patribus,
2980 1935 3144 1990 unius
3189 1936 3370 1990 Patris

1785 2024 2009 2077 unicum
2042 2025 2240 2079 Filium
2277 2042 2382 2080 una
2425 2028 2647 2095 quidem
2686 2028 2846 2082 unica
2880 2043 2978 2083 sua
3018 2028 3241 2098 propria
3269 2043 3370 2099 ge-

1783 2114 2069 2169 neratione
2110 2117 2511 2185 praecedentem
2553 2119 2770 2185 saecula,
2803 2119 2974 2172 Deum
3005 2120 3278 2187 Verbum;
3309 2120 3368 2175 in

1784 2207 2181 2275 posterioribus
2204 2224 2335 2263 vero
2367 2210 2730 2280 temporibus,
2763 2226 2859 2265 sua
2890 2210 2946 2264 in
2981 2205 3243 2297 honlincs’
3265 2212 3367 2266 be-

1784 2296 2070 2365 nignitate,
2103 2300 2404 2355 secundum
2439 2318 2595 2356 suam
2631 2303 2831 2356 iterum
2860 2296 3138 2373 propriam
3169 2318 3366 2373 opera-

1783 2393 1898 2439 tum
1926 2402 2045 2443 esse
2068 2391 2503 2458 generationem,
2533 2391 2586 2444 in
2617 2393 2907 2462 complexu
2942 2400 3143 2448 nostra:
3173 2394 3370 2447 huma-

1783 2478 1974 2534 nitatis
2024 2480 2375 2547 confitemur,
2423 2493 2479 2537 et
2527 2499 2749 2554 egressu
2805 2470 3010 2539 carnali
3063 2501 3130 2538 ex
3178 2494 3366 2540 sancta

1783 2570 2005 2641 Virgine
2056 2572 2300 2643 genitura
2357 2590 2499 2637 esse,
2557 2576 2919 2632 similitudine
2973 2578 3367 2647 generationis,

1783 2663 1901 2728 sed,
1927 2680 2109 2734 neque
2138 2668 2440 2723 secundum
2474 2667 2704 2737 primam
2734 2685 2911 2739 neque
2938 2670 3240 2725 secundum
3277 2685 3371 2724 sc—

1784 2756 2018 2810 cundarn
2079 2772 2232 2812 suam
2296 2761 2744 2830 generationem,
2803 2763 3097 2818 habentem
3157 2763 3365 2833 aliquid

1784 2863 2075 2904 commune
2106 2867 2229 2906 cum
2260 2856 2475 2909 caeteris
2507 2857 2787 2912 omnibus.
2829 2858 2978 2913 Nihil
3020 2860 3165 2915 enim
3215 2860 3368 2916 aliud

1764 2940 1915 3021 quid
1952 2944 2254 2998 secundum
2284 2954 2574 3013 aeternum,
2602 2957 2657 3002 et
2692 2951 3056 3017 immutabile,
3088 2964 3145 3007 et
3183 2953 3365 3022 perfe-

1709 3034 1752 3091 C
1785 3040 1955 3096 ctum,
1976 3043 2032 3089 et
2054 3034 2481 3093 inconversihile
2499 3056 2513 3104 ;
2532 3050 2586 3095 et
2602 3040 2921 3104 indivisum,
2938 3052 2995 3098 et
3009 3045 3365 3113 completum,

1785 3134 1838 3180 et
1866 3126 2150 3182 immotum
2185 3129 2375 3199 prima;
2404 3132 2614 3189 scilicet
2651 3134 2770 3204 ejus
2813 3136 3183 3205 generationis
3210 3137 3370 3206 geni.

1786 3223 1899 3269 tum
1942 3225 2060 3285 est;
2106 3235 2209 3281 nec
2253 3222 2554 3277 secundum
2598 3225 2895 3280 secundam
2938 3228 3086 3282 aliud
3113 3229 3244 3298 quid
3287 3232 3368 3287 sic

1784 3307 1902 3361 sine
1949 3311 2182 3375 semine,
2209 3320 2265 3366 et
2300 3314 2418 3373 sine
2464 3317 2839 3385 corruptione,
2885 3325 2942 3372 et
2970 3329 3367 3388 supernatura‘

1781 3394 1910 3450 liter
1933 3399 2180 3468 genitum
2226 3410 2333 3459 est.
2367 3411 2425 3456 et
2457 3402 2665 3473 Spiritu
2696 3414 2887 3460 sancto
2932 3414 3280 3475 conceptum,
3312 3416 3370 3461 ct

1782 3489 1902 3543 sine
1930 3501 2176 3561 tempore
2207 3494 2533 3563 perfectum,
2577 3508 2633 3552 et
2676 3497 2990 3563 formatum,
3019 3508 3071 3554 et
3104 3500 3371 3557 membris

1782 3579 2134 3644 instructum.
2162 3592 2218 3637 et
2250 3587 2303 3639 in
2348 3602 2566 3642 omnem
2600 3606 2752 3643 suam
2803 3591 3221 3646 substantialem
3275 3608 3371 3648 ra-

1781 3672 1985 3726 tionem
2010 3682 2275 3742 aptatum,
2306 3677 2359 3729 in
2383 3689 2535 3732 casto
2560 3689 2719 3733 utero
2743 3681 3125 3745 immaculata},
3154 3684 3207 3736 in
3232 3694 3367 3738 ten.-

1779 3763 1931 3832 plum
1974 3773 2030 3818 et
2063 3766 2118 3820 in
2164 3767 2583 3823 tabernaculum
2626 3771 2820 3836 Verbi,
2869 3773 3112 3842 perfecta
3158 3784 3214 3829 et
3261 3777 3364 3845 ipsi

1779 3864 2031 3923 coaptata
2059 3858 2296 3913 humana
2324 3876 2488 3915 carne
2514 3878 2580 3916 ex
2606 3864 2824 3933 Virgine
2853 3866 2968 3918 sola
2999 3865 3052 3919 in
3083 3882 3192 3921 uno
3223 3876 3364 3921 tem-

1779 3948 1930 4015 poris
1982 3949 2240 4005 articulo.
2296 3952 2525 4023 insuper
2577 3965 2633 4008 et
2686 3970 2814 4010 vere
2871 3958 3056 4011 clausa
3107 3958 3363 4029 virginali

1777 4048 1956 4107 porta.
1996 4042 2299 4096 secundum
2332 4053 2581 4098 naturam
2614 4060 2742 4100 vcrc
2775 4061 2977 4117 corpus
3009 4048 3207 4103 divina:
3245 4066 3363 4103 car-

1778 4131 1864 4185 nis
1891 4132 2011 4202 ejus
2042 4148 2142 4202 per
2174 4133 2459 4191 infractam
2491 4138 2706 4192 vulvam
2739 4139 2977 4212 venisse,
3008 4142 3151 4195 uteri
3184 4142 3365 4206 Virgi-

1775 4222 1862 4275 nis
1891 4226 2297 4292 supernaturali
2333 4228 2536 4284 virtute
2581 4229 2942 4286 inhabitantis
2987 4231 3040 4285 in
3083 4248 3145 4286 ea
3180 4231 3359 4303 Spiri-

1777 4320 1866 4367 tus
1900 4315 2062 4370 Verbi
2114 4319 2411 4373 credimus.
2463 4306 2928 4393 Quomodo'ergo
2974 4339 3082 4378 non
3131 4325 3359 4380 omnino

1702 4400 1745 4455 D
1778 4405 1952 4474 magis
1975 4406 2255 4477 magisque
2278 4418 2570 4479 propterea
2593 4410 2881 4481 Deiparam
2906 4428 3033 4467 vere
3059 4428 3356 4483 agnoscen~

1778 4504 1881 4559 tes,
1916 4487 2265 4554 laudabimus
2291 4500 2569 4570 Virginem
2611 4503 2791 4565 istam,
2831 4503 2885 4557 in
2919 4520 3025 4574 qua
3069 4515 3123 4560 et
3152 4522 3216 4562 ex
3250 4524 3358 4579 qua

1775 4605 1901 4643 cum
1936 4588 2177 4646 Verbum
2220 4608 2442 4649 carnem
2492 4595 2597 4649 sibi
2646 4595 3052 4665 despondisset,
3089 4589 3358 4670 processit

1775 4691 2035 4752 tanquam
2070 4700 2305 4754 sponsus
2349 4686 2417 4741 de
2445 4688 2684 4743 thalamo
2728 4691 2871 4744 suo?
2918 4691 3024 4745 Per
3050 4710 3214 4763 quam
3264 4711 3353 4750 sa-

1774 4773 1978 4840 pientia
2011 4775 2304 4831 aedificavit
2328 4777 2431 4832 sibi
2463 4779 2728 4835 domum?
2756 4783 2822 4836 Et
2854 4783 2987 4837 illud
3021 4785 3353 4854 mirandum,

1772 4864 1918 4932 quod
1961 4881 2071 4921 non
2119 4869 2422 4923 secundum
2459 4874 2768 4925 naturalem
2816 4875 3204 4941 proprietatem
3250 4875 3352 4930 do-

1770 4972 1894 5011 mus
1923 4958 2067 5014 hanc
2107 4961 2297 5014 eduxit
2341 4977 2406 5016 ex
2450 4963 2610 5016 vulva
2642 4963 2910 5031 Virginis;
2941 4963 3035 5017 sed
3074 4980 3104 5017 c
3136 4975 3351 5028 contra,

1768 5051 2007 5104 naturali
2036 5066 2136 5106 sua
2179 5053 2539 5122 proprietate,
2569 5055 2927 5110 inhabitantis
2958 5057 3169 5110 scilicet
3198 5056 3251 5110 in
3285 5072 3349 5112 ea

1766 5139 1953 5205 Verbi,
1985 5140 2210 5196 domum
2242 5144 2567 5213 Spiritaliter
2592 5146 2783 5201 elicuit
2806 5146 2875 5202 de
2906 5147 2994 5201 illa
3023 5163 3144 5217 qurc
3173 5149 3347 5218 ipsam

1765 5240 2053 5300 genuerat.
2100 5234 2239 5290 Cum
2285 5235 2403 5306 ipsa
2449 5237 2597 5292 enim
2645 5238 2970 5308 spiritaliter
3009 5240 3246 5293 exeundi
3291 5250 3349 5295 et

1764 5320 2071 5390 prodeundi
2100 5319 2198 5393 p'er
2220 5324 2509 5380 infractam
2543 5324 2783 5397 Virginis
2810 5329 3028 5382 vulvam
3056 5328 3350 5398 carni,sua3
3398 5398 3409 5408 .

1762 5412 2006 5468 Verbum
2039 5414 2301 5472 virtutem
2349 5418 2609 5484 contulit;
2662 5418 2805 5473 sicut
2851 5418 2967 5488 ipse
3016 5418 3136 5472 sine
3176 5434 3350 5475 carne

1761 5517 1862 5571 per
1889 5518 2008 5558 eam
2034 5502 2353 5575 ingrediens
2377 5523 2488 5562 non
2519 5508 3002 5578 comprimebatur.
3032 5508 3169 5563 Cum
3195 5510 3347 5566 enim

1759 5606 1859 5648 sua
1889 5593 2227 5666 benignitate
2258 5614 2317 5653 se
2355 5598 2409 5652 in
2441 5599 2719 5671 Virginem
2748 5600 2968 5664 infudit,
3003 5614 3069 5654 ex
3108 5601 3221 5670 ipsa
3252 5602 3345 5670 qui

1761 5685 1881 5740 sine
1915 5700 2079 5743 carne
2109 5698 2229 5745 erat
2253 5706 2311 5745 se
2338 5692 2632 5747 carnaliter
2661 5691 2918 5747 formavit
2950 5691 3139 5747 divino
3167 5694 3350 5758 modo,
