3908 6306
196 219 333 285 1673

1133 223 1530 287 ADVERSUS
1567 227 2117 291 NESTORIANOS.
2144 258 2213 266 —
2235 232 2382 294 LIB.
2423 233 2520 296 IV.

3314 241 3450 307 1674

179 332 250 385 τὸ
287 330 503 402 πρῶτον
554 333 649 384 καὶ
715 332 988 402 δεύτερον,
1038 325 1083 385 ὦ
1142 333 1503 403 λογιώτατοιο
1561 339 1753 409 ,οὐκοῦι

1872 358 2051 413 neque
2077 343 2315 412 primum
2346 348 2431 401 vel
2457 346 2779 415 secundum,
2814 362 2848 403 ο
2879 350 3313 408 ratiocinatores.
3342 358 3449 423 lgi-

176 421 409 490 ἀληθεῖς
435 423 535 493 μὲν
570 425 742 476 πᾶσαι
772 425 830 477 αἱ
866 427 1174 495 γεννήσεις,
1198 427 1315 481 ἀλλ’
1347 429 1448 483 οὐκ
1470 430 1759 503 ἐμφερείςο

173 515 268 569 ὅτι
300 513 395 569 οῦν
423 516 521 585 τῆς
544 515 729 569 ἐνθέου
762 517 966 589 σαρκὸς
997 518 1025 570 ὁ
1056 519 1213 582 τόκος
1247 520 1342 573 καὶ
1393 520 1532 574 Θεοῦ
1565 539 1766 592 σεσαρ-

175 608 429 675 κωμένου
466 608 586 660 ἐστὶ
630 609 814 673 τόκος,
862 609 1213 680 ὡμολόγηται
1237 626 1252 643 ο
1284 611 1401 664 ἀλλ’
1449 613 1526 676 ὡς
1558 614 1763 683 πρέπει

169 702 448 774 ἑκατέρῳ.
482 703 624 757 Οὔτε
646 707 755 775 γὰρ
785 708 921 776 σὰρξ
949 706 1075 760 οὐτε
1107 708 1267 771 τόκος
1296 708 1592 764 ἀλλοιῶσαι
1622 710 1761 763 Θεοῦ

170 794 342 863 φύσιν
370 796 645 852 δύνανται.
683 798 1008 851 Τούναντίον
1037 799 1136 868 μὲν
1164 795 1257 853 οὖν
1282 801 1414 863 Θεὸς
1438 802 1533 855 καὶ
1558 802 1761 872 σαρκὸς

168 885 363 955 φύσιν,
391 889 488 940 καὶ
510 891 738 955 φυσικὸν
757 890 936 950 τόκον,
963 891 1257 945 ἀλλοιῶσαι
1275 893 1417 946 κατὰ
1443 895 1571 958 τούς
1600 895 1762 964 ὅρους

166 978 274 1030 καὶ
301 980 532 1047 καιροὺς
559 979 652 1033 καὶ
674 981 910 1049 τρόπους
927 981 1028 1051 τῆς
1056 982 1224 1036 αὐτοῦ
1253 985 1569 1057 οἰκονομίας
1594 980 1758 1054 ἡνίκα

169 1066 246 1121 ἂν
284 1069 480 1130 ἐθέλοι.
503 1070 825 1141 δεδύνηται·
854 1073 1014 1136 τόκος
1048 1074 1154 1143 ἄρα
1185 1074 1318 1126 Θεοῦ
1351 1074 1450 1145 μὲν
1474 1076 1551 1138 ὡς
1597 1077 1759 1148 ἐναρ-

174 1158 417 1228 ξαμένου
464 1161 818 1232 σαρκὼςεως,
871 1166 1075 1236 σαρκύς
1127 1167 1183 1218 δέ
1235 1166 1311 1228 ὡς
1376 1166 1757 1239 ὲναρξαμένης

172 1251 490 1321 ὑπάρξεως.
1430 1262 1437 1271 “

779 1368 1033 1425 ΚΕΦᾹΛ.
1062 1371 1161 1426 ΙΒ¹.

248 1454 312 1509 Εἰ
339 1455 407 1509 τὰ
430 1455 686 1512 τίκτοντα
716 1458 852 1530 προς
878 1462 944 1513 τὰ
974 1462 1227 1516 τίκτοντα
1257 1464 1378 1516 κατ’
1407 1464 1596 1518 οὐσίαν
1615 1482 1757 1536 παρ-

168 1545 461 1607 αλλάττει,
522 1548 618 1600 καὶ
686 1550 753 1601 τὰ
809 1552 1109 1622 τικτόμενα
1160 1553 1296 1624 πρὸς
1341 1554 1405 1606 τά
1457 1556 1756 1624 τικτόμενα

170 1637 394 1708 ἀνάγκη
445 1640 593 1693 πᾶσα
653 1642 772 1694 κατ’
832 1643 1021 1697 οὐσίαν
1089 1645 1498 1715 παραλλάττειν
1527 1663 1540 1678 ⁸
1584 1649 1680 1701 καὶ
1709 1650 1756 1700 εί

168 1728 355 1791 τοῦτο,
384 1730 504 1795 πῶς
531 1731 623 1784 τοῦ
651 1732 865 1802 Πατρός
892 1734 1102 1805 καὶτῆς
1126 1736 1402 1807 Παρθένου
1420 1739 1542 1789 κατ’
1572 1737 1758 1790 οὐσίαν

170 1819 691 1889 παραλλαττόντων,
726 1824 787 1875 οὐ
832 1823 1235 1894 παραλλάττειν
1261 1827 1474 1898 ἀνάγκη
1507 1828 1598 1882 τὸν
1628 1828 1759 1880 Θεὸν

167 1911 350 1978 Λόγον
380 1913 543 1966 αὐτὸν
578 1915 777 1968 ἐαυτοῦ
829 1918 950 1969 κατ’
974 1917 1186 1985 οὐσίαν,
1223 1920 1552 1989 ἀμφοτέρων
1577 1920 1756 1988 ὑπάρ-

168 2018 339 2071 χοντα
371 1986 513 2056 κατὰ
543 2004 806 2074 ἀλήθειαν
831 2006 995 2072 Υῐόν;
1028 2009 1102 2062 Τὸ
1129 2010 1186 2063 δὲ
1217 1986 1379 2063 αὐτόν
1414 1986 1610 2063 ἑαυτοῦ
1636 1986 1757 2064 κατ’

162 2092 366 2146 οὐσίαν
399 2094 798 2164 παραλλάττειν
841 2097 1024 2167 λέγειν
1077 2100 1170 2153 τὸν
1232 2102 1412 2172 πάσης
1458 2102 1759 2173 ἁπλότητος

167 2183 460 2245 ἐπέκεινα,
503 2187 683 2256 πάσης
732 2189 1045 2253 ἐκστάσεως
1101 2193 1218 2245 ἐστι
1248 2193 1529 2247 ἐπέκεινα.
1598 2195 1760 2247 Ἀλλά

170 2276 319 2338 πῶς,
351 2270 397 2329 ὦ
437 2272 602 2341 οὗτοι,
636 2280 714 2349 τῷ
761 2281 980 2352 φέροντι
1029 2283 1129 2353 ἤδη
1159 2285 1220 2338 τὸ
1258 2284 1450 2338 δοκοῦν
1483 2286 1760 2354 ἀποφθέγ-

165 2365 337 2433 γεσοε
361 2384 376 2429 ;
409 2368 501 2419 καὶ
529 2367 638 2437 γὰρ
663 2369 852 2437 ἰχθύας
881 2388 942 2422 τε
969 2374 1065 2424 καὶ
1092 2372 1255 2443 ἕτερα
1280 2374 1396 2438 ζῶα
1417 2375 1512 2427 καὶ
1537 2376 1761 2428 πετεινά

165 2455 271 2506 καὶ
286 2454 495 2524 ἑρπετά
532 2473 651 2508 τινα
681 2460 745 2510 ἐκ
769 2458 867 2526 τῆς
883 2459 1126 2530 ἀλλήλων
1143 2462 1430 2524 συνουσίας
1453 2502 1469 2527 ,
1499 2463 1761 2526 ὡσαύτως

164 2545 230 2598 δὲ
255 2547 349 2599 καὶ
385 2547 443 2610 ἐξ
463 2546 672 2601 ὑδάτων
702 2551 986 2617 αὐτοφυῶς
1004 2553 1099 2605 καὶ
1142 2554 1205 2605 ἐκ
1223 2554 1326 2621 γῆς
1365 2556 1457 2607 καὶ
1493 2552 1553 2619 ἐξ
1597 2556 1759 2625 ἀέρος

168 2634 438 2688 τίκτεται
462 2638 557 2689 καὶ
574 2639 723 2707 ὅμως
745 2640 907 2708 ὅμοιά
928 2642 1033 2693 εἰσι
1055 2641 1155 2710 τὴν
1181 2642 1369 2695 οὐσίαν
1385 2642 1756 2713 διαφερόντων

168 2726 458 2795 φύσειτῶν
492 2730 778 2783 τεκόντων·
804 2732 865 2784 οὐ
895 2733 1002 2803 γάρ
1019 2735 1213 2786 ταυτὸν
1230 2735 1386 2787 οὐσία
1403 2734 1543 2800 ζώου
1563 2752 1625 2789 τε
1654 2737 1753 2788 κοιλΙ

169 2819 366 2882 ὓδατος
396 2820 490 2873 καὶ
525 2823 627 2891 γῆς
652 2839 666 2854 ·
702 2822 854 2893 ἰχθὺς
900 2824 956 2876 δὲ
1004 2825 1032 2878 ὅ
1063 2843 1121 2878 τε
1174 2825 1232 2889 ἑξ
1280 2824 1494 2891 ὓδατος,
1532 2826 1759 2891 mea:

1167 2919 1221 2932 CQ

171 2911 361 2981 ἰχθύος
384 2912 740 2982 γεννώμενος
763 2913 1025 2980 ὡσαύτως
1047 2917 1140 2969 καὶ
1159 2918 1469 2987 ἀδιαφόρως
1489 2920 1582 2971 καὶ
1600 2918 1754 2985 ὄφεις

1869 443 1961 487 tur
1992 449 2137 489 verae
2167 436 2392 504 quidem
2419 447 2548 492 sunt
2577 454 2768 494 omnes
2792 442 3195 509 generationes,
3221 447 3315 499 sed
3340 463 3446 502 ιιιιιι

1867 526 2229 581 consimiles:
2263 528 2338 583 ita
2384 540 2447 584 ut
2487 530 2687 586 divinae
2733 533 2915 587 carnis
2958 546 3176 603 partum
3223 551 3345 591 esse
3393 549 3453 593 et

1866 626 2085 685 partum
2113 619 2511 677 Dei-incantati
2550 623 2896 690 admittatur,
2927 627 3020 679 sed
3062 627 3207 681 sicut
3232 638 3448 685 utrum-

1856 718 1974 778 que
2016 711 2174 765 decet
2200 728 2214 764 :
2240 728 2419 782 neque
2447 714 2596 773 enim
2641 730 2769 769 caro
2800 732 2978 786 neque
3009 728 3199 788 partus
3231 730 3447 774 mutare.

1864 813 2098 870 possunt
2142 803 2238 857 Dei
2288 814 2562 861 naturam.
2615 807 2656 861 E
2713 817 2901 862 contra
2956 819 3143 864 autem
3197 811 3342 866 Deus
3389 821 3445 866 ct

1865 894 2053 947 carnis
2076 903 2328 949 naturam
2358 904 2415 951 et
2438 898 2742 953 naturalem
2773 908 2986 969 partum
3016 912 3227 955 mutare
3250 916 3450 956 secun-
3540 918 3547 939 ι

1865 982 1996 1037 dum
2048 985 2313 1041 terminos
2357 997 2414 1041 et
2457 996 2706 1059 tempora
2749 1001 2806 1045 et
2839 991 3030 1045 modos
3069 992 3447 1061 dispositionis

1861 1073 2003 1142 ejus,
2049 1088 2173 1128 eum
2219 1077 2478 1143 voluerit,
2529 1080 2727 1148 potuit.
2780 1081 2951 1151 Igitur
2986 1091 3177 1151 partus
3222 1083 3446 1153 quidem
3538 1120 3545 1153 t,

1863 1164 1960 1218 Dei
1988 1173 2245 1235 tanquam
2276 1167 2585 1223 ineltoantis
2619 1172 3091 1241 incarnationem;
3127 1185 3318 1245 partus
3351 1192 3448 1232 au-

1864 1262 1972 1308 tem
1999 1256 2183 1310 carnis
2211 1258 2521 1315 inclinantis
2549 1264 2946 1319 exsistentiam.

2484 1370 2636 1426 CAP.
2679 1373 2795 1429 ΧΠ.

1933 1455 1989 1511 Si
2018 1457 2294 1529 gignentia
2327 1461 2553 1517 relative
2588 1464 2655 1518 ad
2681 1466 2955 1536 gignentia
2986 1474 3291 1529 secundum
3318 1477 3450 1537 sub-

1862 1550 2120 1603 stantiam
2156 1548 2444 1617 diderunt,
2477 1555 2705 1610 omnino
2734 1573 2957 1614 necesse
2990 1571 3075 1617 cst
3108 1579 3329 1635 quoque
3353 1585 3447 1639 ge-

1864 1638 1979 1691 nita
2010 1639 2235 1694 relative
2284 1641 2350 1694 ad
2385 1642 2568 1711 genita
2600 1647 2907 1703 secundum
2945 1655 3304 1711 substantiam
3337 1638 3446 1712 dif-

1863 1730 2028 1784 ferre.
2077 1731 2243 1802 Atqui
2284 1733 2329 1787 si
2364 1735 2436 1789 ita
2470 1746 2575 1802 est,
2615 1743 2893 1808 quomodo
2940 1743 3100 1801 Patre
3135 1756 3189 1804 et
3225 1750 3447 1822 Virgine

1863 1823 2166 1878 secundum
2226 1826 2590 1883 substantiam
2618 1831 3026 1901 diﬂ‘erentibus,
3052 1854 3161 1894 non
3193 1857 3448 1896 necessa-

1864 1916 1947 1969 rio
1994 1916 2243 1972 diil'erret
2276 1934 2307 1973 a
2353 1920 2538 1989 seipso
2564 1924 2873 1980 secundum
2911 1928 3274 1985 substantiam
3304 1934 3447 1987 Deus

1863 2005 2106 2061 Verbum
2134 2048 2148 2073 ,
2205 2025 2329 2063 cum
2378 2011 2448 2065 sit
2486 2015 2774 2085 utriusque
2821 2034 2987 2074 verus
3021 2021 3224 2077 Filius?
3256 2024 3446 2080 Dicere

1862 2097 2226 2151 autemillum
2253 2114 2283 2151 a
2310 2100 2493 2170 seipso
2523 2103 2769 2170 diti‘erre,
2804 2108 2898 2177 qui
2929 2119 3015 2165 est
3054 2113 3196 2167 ultra
3222 2130 3446 2169 omnem

1862 2187 2292 2257 simplicitatem,
2324 2191 2455 2246 illud
2475 2202 2559 2248 est
2581 2196 2726 2251 ultra
2755 2213 2975 2255 omnem
2995 2201 3349 2259 dementiam.
3378 2235 3441 2245 --

1863 2276 1994 2342 Sed,
2011 2294 2046 2333 ο
2063 2295 2182 2346 vos,
2203 2284 2478 2351 quomodo
2497 2286 2564 2340 ad
2591 2288 2880 2345 utilitatem
2899 2301 3142 2347 vestrum
3183 2295 3445 2363 placitum

1863 2369 2161 2437 profertis?
2187 2371 2320 2425 Nam
2350 2373 2639 2444 piscesque
2662 2386 2719 2432 et
2746 2379 2852 2434 alia
2878 2381 3155 2446 animalia,
3178 2384 3443 2447 volatilia,

1868 2464 1925 2510 et
1948 2458 2188 2526 reptilia,
2221 2461 2467 2528 quaedam
2498 2462 2797 2533 gignuntur
2820 2484 2885 2523 ex
2910 2482 3103 2526 mutuo
3130 2475 3315 2540 coitu;
3348 2478 3446 2530 sed

1861 2556 1991 2601 sunt
2020 2549 2228 2616 pariter
2252 2564 2373 2618 quae
2406 2562 2600 2621 sponte
2631 2570 2697 2608 ex
2720 2559 2898 2627 aquis,
2931 2574 2988 2616 et
3015 2577 3087 2628 ex,
3102 2571 3270 2632 terra,
3299 2574 3353 2619 ct
3380 2582 3451 2621 ex

1861 2652 1989 2692 aere
2018 2638 2353 2709 gignuntur;
2413 2652 2469 2696 et
2501 2651 2679 2700 tamen
2713 2649 2914 2705 similia
2948 2663 3077 2708 sunt
3104 2657 3284 2725 quoad
3313 2657 3447 2710 sub-

1863 2731 2141 2793 stantiam,
2173 2732 2301 2786 licet
2326 2744 2519 2789 natura
2548 2737 2804 2793 diﬂ‘erant
2823 2742 3123 2811 gignentes.
3151 2747 3268 2800 Non
3298 2749 3446 2804 enim

1863 2821 1993 2889 quid
2046 2822 2189 2875 idem
2231 2832 2315 2877 est
2365 2827 2672 2883 substantia
2711 2832 2996 2899 animalis,
3042 2846 3099 2891 et
3139 2839 3447 2895 substantia

1862 2925 2017 2981 aqua:
2046 2921 2100 2966 et
2125 2920 2303 2967 terna.
2345 2916 2519 2971 Piscis
2543 2927 2722 2973 autent
2756 2922 2895 2975 alius
2925 2939 2991 2977 ex
3018 2940 3181 2995 aqua,
3210 2929 3352 2983 alius
3378 2947 3445 2984 ex

170 3006 270 3055 καὶ
295 3002 457 3071 ἕτερα
492 3006 721 3059 πλεῖστα
748 3007 992 3061 τοιαῦτα.
1028 3009 1305 3077 Δευτέρως
1326 3009 1381 3062 δὲ
1415 3010 1750 3081 ἀντιστροφῇ

1863 3003 2013 3073 pisce
2040 3013 2356 3074 generatus.
2389 3007 2605 3062 Pariter
2627 3020 2684 3065 et
2712 3012 2829 3066 sine
2869 3014 3182 3071 diﬂ‘erentia
3214 3034 3439 3090 serpen-

169 3094 235 3148 τὸ
267 3095 530 3167 ὑμέτερον
564 3097 944 3169 βασανίσωμεν
972 3099 1116 3169 θέμα
1140 3116 1155 3129 '
1188 3103 1237 3152 εἰ
1279 3104 1389 3171 γὰρ
1422 3104 1489 3156 τὰ
1527 3103 1757 3175 διάφορα

168 3189 241 3255 τῇ
275 3187 434 3254 φύσει
462 3230 476 3252 ,
509 3191 740 3259 διάφορα
770 3190 975 3243 τίκτειν
1011 3191 1247 3260 ἀνάγκη,
1284 3194 1381 3245 καὶ
1414 3194 1482 3246 τὰ
1532 3194 1759 3264 ἀδιάφο-

175 3293 246 3346 ρα
277 3279 341 3348 τῇ
376 3278 553 3347 φύσει,
585 3281 855 3350 ἀδιάφορα
892 3283 1098 3334 τίκτειν
1119 3282 1333 3353 ἀνάγκη
1357 3299 1369 3313 ·
1399 3284 1523 3336 ἐπεὶ
1553 3280 1648 3336 οῦν
1678 3280 1759 3349 εἷς

173 3371 272 3421 καὶ
299 3370 360 3421 οὐ
395 3370 632 3434 πλείους,
682 3372 714 3444 ἢ
745 3373 995 3443 διάφοροι
1026 3373 1211 3437 ἁπλῶς
1242 3375 1407 3444 ἣλιοι,
1440 3370 1595 3439 οὗτος
1619 3375 1676 3428 δὲ
1705 3377 1763 3427 ἐν

171 3460 298 3529 ἀέρι
330 3461 465 3527 φῶς,
499 3465 551 3515 ἐν
577 3463 731 3517 ὕδατι
759 3465 815 3517 δὲ
846 3463 984 3528 ζῶα,
1022 3466 1080 3516 ἐν
1109 3465 1165 3517 δὲ
1192 3468 1263 3535 γῇ
1290 3465 1426 3528 πόας
1445 3467 1539 3519 καὶ
1558 3466 1765 3528 ταύτας

168 3549 462 3622 διαφόρους
476 3553 619 3606 τίκτε
631 3551 782 3619 ι,ἆρα
797 3557 1012 3610 πάντων
1023 3556 1315 3625 ἀδιάφορον
1338 3559 1468 3627 ἡμῖν
1484 3557 1765 3627 νομιστέον

172 3640 274 3712 τὴν
303 3643 490 3696 οὐσίαν
514 3663 527 3705 ;
547 3641 687 3697 Ἀλλ’
709 3646 884 3708 οὐδεὶς
925 3647 1052 3716 ύμῖν
1077 3647 1203 3698 τάδε
1241 3647 1672 3715 συμφθέγξεται.

1865 3103 1950 3151 tes
1999 3106 2055 3151 et
2104 3097 2212 3151 alia
2261 3099 2432 3153 multa
2476 3100 2696 3156 similia.
2744 3103 3002 3159 Secundo
3050 3119 3237 3164 autem
3269 3120 3448 3166 retor-

1865 3187 2086 3259 quendo
2150 3190 2502 3259 experiamur
2560 3201 2801 3261 vostram
2868 3199 3320 3266 propositionem.
3388 3202 3443 3258 Si

1865 3284 2012 3337 enim
2041 3299 2163 3354 quae
2184 3283 2453 3339 diﬂ‘erunt
2479 3293 2677 3341 natura
2713 3289 3027 3343 necessario
3067 3291 3300 3362 gignunt
3325 3294 3446 3349 dis-

1867 3370 2088 3448 similia,
2127 3388 2158 3426 a
2204 3373 2319 3442 pari
2353 3388 2476 3442 quae
2520 3389 2633 3430 non
2679 3376 2946 3433 diﬂ'erunt
2982 3390 3176 3436 natura
3221 3399 3443 3440 necesse

1867 3470 1953 3516 est
1989 3478 2092 3518 nec
2119 3463 2411 3520 dissimilia
2444 3464 2692 3537 gignere.
2734 3469 2907 3540 Igitur
2940 3487 3065 3526 cum
3093 3490 3238 3529 unus
3266 3477 3338 3531 sit
3363 3480 3443 3531 sol

1865 3562 1923 3608 et
1949 3569 2061 3608 non
2107 3556 2298 3624 plures
2339 3559 2455 3613 sive
2499 3559 2823 3617 differentes
2865 3565 3028 3629 soles,
3067 3566 3114 3621 is
3153 3576 3336 3623 autem
3387 3571 3443 3624 in

1869 3660 1997 3700 aere
2047 3646 2254 3715 lumen,
2310 3648 2367 3702 in
2422 3665 2564 3719 aqua
2617 3655 2897 3719 animalia,
2950 3657 3007 3710 in
3051 3667 3199 3713 terra
3228 3662 3442 3728 plantas

170 3745 382 3800 easque
435 3733 752 3789 diﬂ‘erentes
794 3737 1010 3805 gignat,
1081 3736 1246 3807 igitur
1294 3738 1543 3793 omnium
1588 3735 1752 3791 nobis
1788 3734 2127 3801 censendum
2160 3745 2247 3792 est
2312 3753 2421 3793 non
2486 3740 2833 3799 diti’erentem
2875 3762 2998 3802 esse
3048 3752 3438 3812 substantiam.

169 3825 426 3880 Atnetno
458 3826 613 3880 vobis
635 3827 701 3882 de
732 3827 817 3882 his
849 3829 1176 3884 consentiet.

240 3916 392 3990 Πλὴν
420 3920 561 3974 ἔστω
606 3924 698 3974 καὶ
738 3923 863 3976 τάδε
901 3922 1030 3992 ὑμῖν
1060 3924 1531 3993 συγκεχωρημένα
1553 3939 1567 3955 °
1596 3923 1755 3977 τοῦτο

167 4011 230 4063 δὲ
255 4010 404 4079 ὅμως
439 4012 673 4076 δείξατε,
699 4013 774 4076 ὡς
802 4014 1060 4077 πολλάκις
1092 4015 1331 4086 εἴρηται,
1371 4016 1422 4067 τί
1456 4015 1516 4068 τὸ
1544 4015 1753 4068 κωλῦον

176 4103 253 4172 μὴ
284 4100 425 4156 εἶναι
452 4104 544 4157 τὸν
578 4105 740 4157 αὐτὸν
790 4107 1070 4177 ἑκατέρων
1095 4109 1232 4159 υἱόνο
1264 4107 1360 4160 καὶ
1379 4107 1428 4158 εί
1456 4106 1527 4160 τὰ
1545 4107 1756 4161 τίκτον·-

168 4211 241 4248 τα
283 4194 405 4248 κατ’
464 4196 651 4249 οὐσίαν
706 4198 1098 4268 παραλλάττει,
1149 4199 1241 4253 τὸν
1300 4200 1424 4252 καθ’
1487 4200 1754 4271 ἑκατέραν

167 4287 427 4356 γέννησιν
460 4288 519 4352 ἐξ
544 4291 740 4360 ἐτέρας
767 4290 961 4353 οὐσίας
1013 4290 1357 4360 τικτόμενον,
1381 4291 1433 4344 τί
1469 4292 1753 4362 ἐμποδίσει

1925 3922 2032 3978 Sed
2073 3932 2194 3981 esto
2236 3928 2402 3984 etiam
2432 3930 2595 3986 vobis
2646 3932 2762 3990 btec
2800 3939 3052 3994 concedi.
3098 3942 3214 3996 Hoc
3248 3956 3437 4002 autem

1853 4020 2037 4067 tamen
2058 4016 2354 4083 ostendite,
2380 4020 2524 4075 sicut
2548 4024 2849 4092 saepissime
2874 4028 3085 4084 dictum
3109 4041 3213 4095 est,
3236 4050 3436 4106 nempe

1851 4104 1985 4174 quid
2035 4104 2302 4175 impediat
2332 4111 2467 4180 quin
2504 4113 2648 4168 idem
2680 4117 2753 4171 sit
2782 4117 3016 4174 duorum
3047 4122 3191 4177 filius
3221 4143 3234 4179 :
3272 4137 3347 4191 et,
3374 4104 3434 4184 isi

1852 4194 2132 4264 gignentia
2160 4197 2427 4255 diﬂ‘erunt
2456 4203 2634 4272 quoad
2680 4207 3069 4275 substantiam,
3102 4215 3321 4284 genitus
3345 4234 3434 4284 se-

1854 4285 2097 4340 cundum
2143 4297 2436 4361 utramque
2488 4297 2899 4364 generationem
2930 4318 2997 4356 ex
3032 4320 3140 4359 una
3174 4307 3433 4363 substan-

165 4376 246 4438 ὡς
273 4375 332 4439 ἐξ
362 4376 556 4445 ἐτέρας
615 4376 804 4439 οὐσίας
866 4380 1258 4449 προτεχθέντα,
1293 4381 1350 4433 ἐν
1396 4383 1463 4451 τῇ
1518 4380 1747 4453 δευτέρᾳ

1861 4379 1946 4444 tia,
1980 4381 2114 4451 quid
2159 4382 2425 4453 impediet
2471 4388 2629 4457 quin,
2668 4398 2929 4462 tanquam
2977 4414 3047 4452 ex
3091 4400 3261 4455 altera
3305 4411 3434 4456 ante

165 4468 420 4535 γεννήσει
472 4466 726 4536 διάφορον
772 4464 913 4522 εἶναι
949 4470 1086 4540 πρὸς
1124 4472 1250 4534 τοὺς
1301 4471 1563 4535 τεκόντας
1607 4476 1749 4526 κατὰ

164 4556 264 4629 τὴν
295 4555 519 4628 πρώτην
546 4558 820 4627 γέννησιν,
847 4560 940 4613 καὶ
966 4565 1030 4614 ἐκ
1056 4561 1151 4614 τοῦ
1175 4562 1296 4614 ὃλου
1328 4560 1524 4615 ἑαυτοῦ
1557 4563 1742 4632 διαφό-

167 4665 294 4719 ρους
324 4650 470 4720 ἔχειν
522 4650 715 4717 λόγους
762 4654 900 4723 πρὸς
945 4653 1208 4725 ἑκάτερον
1231 4653 1342 4707 τῶν
1372 4653 1675 4717 τεκόντων;
1712 4654 1744 4724 ἤ

164 4739 239 4799 ὡς
272 4743 347 4816 μὴ
379 4740 700 4810 σωζομένης
729 4740 830 4811 τῆς
885 4744 1109 4814 πρώτης
1170 4744 1360 4808 οὐσίας
1398 4745 1491 4798 ἐπὶ
1521 4747 1587 4817 τῇ
1620 4744 1746 4798 δευ-

163 4829 298 4899 τέρᾳ
329 4833 602 4901 γεννήσει,
637 4832 669 4902 ἢ
711 4832 787 4898 ὡς
829 4835 904 4902 μὴ
936 4834 1322 4905 ἐπιγινομένου
1368 4836 1512 4900 τινὸς
1539 4852 1744 4908 προγε-

165 4922 470 4992 γεννημένῃ
499 4924 794 4977 ὑποστάσει
818 4940 833 4956 ο
866 4924 1011 4978 οὕτω
1036 4928 1145 4997 γὰρ
1167 4927 1233 4980 ἂν
1254 4926 1430 4989 οὐδεὶς
1457 4927 1568 4982 τῶν
1603 4928 1746 4982 κατὰ

166 5012 381 5081 πνεῦμα
407 5016 845 5084 γεγεννημένων,
893 5017 1077 5087 ἔμεινε
1133 5018 1272 5089 σὰρξ
1299 5019 1573 5086 ὁπωσοῦν,
1617 5020 1741 5074 ἐπεὶ

170 5122 188 5155 ι
227 5106 297 5157 Τὸ
327 5110 726 5176 γεγεννημένον
768 5109 831 5161 ἐκ
859 5109 957 5178 τῆς
1010 5112 1240 5180 σαρκὸς,
1271 5110 1405 5184 σάρξ
1434 5114 1571 5177 ἐστι,
1604 5112 1664 5164 τὸ
1688 5111 1746 5165 δὲ

164 5198 559 5265 γεγεννημένον
603 5200 667 5250 ἐκ
699 5199 793 5250 τοῦ
830 5189 1395 5272 πνεύματος,πνεῦμά
1419 5205 1588 5255 ἐστιν.
1619 5221 1638 5255 ι
1682 5202 1746 5254 ΕΞ

161 5287 219 5339 δὲ
249 5288 345 5359 τὴν
378 5292 669 5360 ἐπίκτησιν
721 5291 831 5343 τῶν
879 5292 944 5344 ἐκ
991 5294 1090 5363 τῆς
1121 5294 1386 5364 δευτέρας
1425 5296 1737 5366 γεννήσεως

162 5377 615 5447 προσληφθέντων
642 5380 719 5451 τῷ
737 5381 896 5451 Λόγῳ
924 5381 1022 5453 τὴν
1047 5383 1236 5454 πρώην
1262 5385 1541 5453 ἁπλότητα
1570 5385 1735 5439 αὐτοῦ

159 5469 220 5520 οὐ
251 5473 553 5541 συγχωρεῖν
623 5473 959 5544 καθορᾶσθαι
1005 5477 1280 5546 νομίζετε,
1347 5478 1611 5534 σκεπτέον
1659 5479 1736 5543 ὡς

230 5628 257 5662 ν
292 5622 452 5679 Joan.
494 5640 575 5686 ιιι,
607 5624 657 5680 6.

411 5715 684 5778 ΡΑτιιοι..
724 5718 841 5779 Gn.
905 5720 1237 5782 LXXX“.

1846 4473 2090 4543 genitus.
2121 4474 2178 4530 in
2211 4480 2453 4534 secunda
2481 4485 2839 4551 generatione
2864 4487 3089 4547 diﬂ‘erat
3112 4495 3337 4551 relative
3362 4498 3432 4551 ad

1846 4582 1945 4622 eos
1994 4569 2088 4638 qui
2135 4581 2445 4641 genuerunt
2486 4576 2792 4632 secundum
2835 4581 3067 4649 primam
3115 4590 3433 4656 generatim

1846 4673 1995 4721 nem,
2022 4668 2080 4714 et
2109 4659 2165 4714 in
2195 4669 2311 4715 toto
2338 4676 2442 4719 suo
2468 4678 2591 4720 esse
2619 4666 2943 4726 diﬂ'erentes
2967 4673 3168 4730 habeat
3190 4678 3467 4733 rationes-

1849 4757 2078 4813 relative
2122 4759 2193 4814 ad
2241 4769 2543 4833 utrumque
2579 4764 2950 4835 gignentium,
3001 4768 3117 4822 sive
3171 4776 3434 4839 tanquam

1854 4862 1966 4904 non
2017 4859 2233 4906 servata
2276 4852 2453 4922 prima
2500 4855 2807 4911 substantia
2837 4857 2892 4910 in
2922 4857 3166 4919 secunda
3196 4876 3433 4929 genera-

1850 4930 2025 5000 tione,
2070 4937 2186 4992 sive
2243 4949 2505 5009 tanquam
2547 4957 2656 4996 non
2704 4945 3059 5012 superaddita
3108 4947 3291 5016 aliqua
3328 4950 3431 5021 by.

1848 5026 2054 5093 postasi
2096 5036 2222 5082 ante
2260 5030 2477 5098 genitas.
2538 5032 2617 5085 Ita
2660 5032 2806 5087 enim
2835 5035 3049 5090 nullum
3078 5052 3268 5093 eorum
3309 5056 3432 5110 qua:

1847 5115 2150 5170 secundum
2173 5118 2428 5187 spiritum
2458 5123 2640 5189 geniza
2671 5134 2800 5179 sunt
2832 5130 3095 5185 remansit
3125 5131 3238 5184 ullo
3264 5134 3430 5188 modo

1846 5221 2009 5273 caro;
2048 5209 2178 5278 quia
2214 5227 2231 5259 ι
2263 5209 2418 5276 Quod
2453 5222 2641 5269 natum
2692 5226 2774 5272 est
2805 5233 2872 5273 ex
2921 5235 3109 5285 carne,
3142 5238 3273 5277 caro
3303 5234 3428 5289 est;

1845 5301 1991 5369 quod
2017 5310 2201 5355 autem
2222 5311 2435 5382 gnatum
2480 5315 2568 5360 est
2597 5322 2663 5362 ex
2688 5309 2909 5378 Spiritu,
2952 5313 3180 5382 spiritus
3216 5327 3370 5372 est".
3402 5338 3423 5371 ι

1846 5390 1903 5445 Si
1929 5401 2112 5444 autem
2137 5380 2509 5449 accessionem
2534 5412 2725 5452 eorum
2746 5415 2868 5470 quae
2887 5416 2919 5454 ιι
2945 5402 3123 5458 Verbo
3151 5418 3431 5475 assumpta

1842 5489 1972 5536 sunt
1998 5481 2238 5551 priorem
2269 5485 2389 5557 ejus
2429 5487 2838 5558 simplicitatem
2869 5507 2981 5548 non
3029 5495 3213 5550 sinere
3241 5495 3432 5556 videre

3000 5739 3079 5800 53
