3908 6306
459 271 602 343 1675

1721 281 2026 344 LEONTII
2079 281 2484 342 BYZANTI’NI

3629 281 3768 348 1676

455 395 719 460 censetis,
750 395 1145 450 attendendum
1180 405 1264 452 est
1284 405 1344 451 ut
1363 393 1507 450 hanc
1525 393 1900 450 differentiam
1925 394 2049 450 sub.

2157 393 2252 464 τὴν
2284 391 2643 462 παραλλαγήν
2700 391 2855 463 τήνδε
2911 397 3008 466 τῆς
3063 393 3252 458 οὐσίας
3290 395 3398 448 οὐκ
3457 395 3626 458 ἐντὸς
3661 395 3766 466 τῆς

456 491 672 548 stantia
692 508 800 547 non
821 491 962 548 intra
982 491 1261 564 physicam
1275 491 1448 562 ipsam
1465 489 1872 560 simplicitatem
1889 487 2049 542 VerLi

444 577 841 638 consideretis.
860 579 957 635 sed
972 588 1152 645 extra,
1166 595 1365 650 nempe
1379 580 1435 633 in
1458 579 1761 649 composito
1772 592 2050 648 personae:

460 668 533 722 ita
555 676 615 720 ut
633 668 727 738 qui
765 670 896 724 velit
920 670 1278 727 considerare
1305 680 1576 728 servatam
1598 671 1791 742 prima:
1819 684 2052 741 genera-

459 759 626 814 tionis
655 761 1078 818 similitudinem
1111 763 1435 819 substantia:
1463 763 1692 818 relative
1721 761 1790 816 ad
1819 761 2051 832 gignen-

461 859 596 911 tem,
617 851 772 919 quasi
799 851 852 905 in
879 862 1034 921 parte
1063 851 1232 907 totius
1246 867 1310 908 ex
1335 852 1576 907 secunda
1597 850 1951 921 generatione
1974 849 2056 902 vi-

364 921 378 946 ’
437 940 584 997 -deat
611 952 850 1013 Oportet.
883 944 951 998 Et
981 945 1103 1000 vice
1145 961 1304 1000 versa
1341 943 1625 1017 adiunctio
1663 941 1832 997 Verbi
1863 956 1930 994 ex
1963 956 2052 996 se-

459 1032 640 1086 cunda
673 1033 1033 1104 generatione
1067 1035 1468 1091 consideranda
1489 1043 1576 1089 est
1604 1033 1662 1087 in
1685 1030 2051 1086 similitudine

459 1123 699 1195 Virginis
723 1125 914 1180 matris
938 1127 1078 1196 ejus,
1111 1125 1424 1181 diﬂ‘erentia
1451 1125 1686 1180 duarum
1712 1121 2049 1178 substantia-

478 1229 598 1268 rum
625 1216 913 1286 compositi
939 1215 1183 1270 habente
1223 1215 1411 1270 ambas
1441 1212 1834 1269 similitudines
1867 1210 2048 1280 quoad

467 1304 856 1360 substantiam.
893 1305 962 1360 Et
987 1305 1066 1360 sic
1095 1320 1279 1374 neque
1303 1304 1591 1374 quisquam
1624 1301 1864 1357 Verbum
1891 1314 2044 1354 suam

467 1395 832 1451 substantiam
869 1397 1170 1451 mutavisse
1215 1395 1438 1458 dixerit,
1467 1409 1644 1464 neque
1669 1391 2040 1461 compositum

448 1481 752 1538 Dominum
798 1491 1050 1538 nostrum
1089 1484 1277 1539 Jesum
1315 1481 1597 1538 Christum
1636 1478 1844 1549 aliquid
1874 1478 2041 1532 diffe-

467 1575 656 1631 rentia:
685 1574 1056 1646 genitivarum
1089 1583 1412 1629 naturarum
1462 1572 1753 1642 reliquisse
1793 1569 2047 1626 credide-

465 1668 553 1720 rit.
590 1667 707 1722 Non
740 1665 911 1730 enim,
963 1666 1108 1720 sicut
1134 1679 1231 1720 vos
1274 1663 1588 1734 disponitis,
1627 1661 1954 1732 simpliciter
1986 1668 2044 1715 et

2155 487 2392 558 φυσικῆς
2435 486 2606 556 αὐτῆς
2667 485 2972 557 ἁπλότητος
3019 486 3117 542 τοῦ
3169 489 3376 556 Λόγου,
3431 487 3564 542 ἀλλ’
3601 491 3766 552 ἐκτὸς

2155 579 2436 650 θεωρεῖτε,
2483 581 2654 650 ἡγουν
2689 579 2750 632 ὲν
2792 579 2870 650 τῷ
2916 580 3160 650 συνθέτῳ
3186 581 3286 652 τῆς
3335 581 3713 642 ὑποστάσεως
3740 598 3760 611 ·

2153 671 2294 724 ὥστε
2349 673 2442 725 τὸν
2489 671 2842 740 βουλόμενον,
2894 672 2955 724 τὸ
3001 671 3105 740 τῆς
3153 671 3384 744 πρώτης
3433 675 3762 742 γεννήσεως

2154 761 2449 833 ἀδιάφορον
2501 765 2567 832 τῇ
2623 762 2786 834 οὐσίᾳ
2844 763 2982 832 πρὸς
3027 761 3122 815 τὸν
3172 761 3410 816 τεκόντα
3473 761 3762 831 φυλαχθὲν

2155 850 2403 920 θεωρεῖν,
2433 850 2509 912 ὼς
2533 853 2591 904 ὲν
2623 851 2786 920 μέρει
2805 849 2863 902 δὲ
2888 857 2982 903 τοῦ
3014 851 3115 920 τῆς
3143 849 3410 922 δευτέρας
3436 853 3762 918 γεννήσεως

2153 942 2276 994 ὅλου
2309 943 2390 995 δεῖ
2418 945 2551 1012 όρᾷν
2583 959 2596 973 ·
2622 945 2718 996 καὶ
2747 943 2913 996 πάλιν
2930 943 2994 996 τὸ
3012 944 3114 1012 τῆς
3135 942 3404 1012 δευτέρας
3427 943 3760 1012 γεννήσεως

2156 1033 2498 1104 πρόσλημμα
2557 1033 2654 1087 τοῦ
2716 1035 2916 1110 Λόγου,
2975 1035 3161 1103 σαφῶς
3229 1034 3312 1087 δεῖ
3379 1038 3531 1088 νοεῖν
3581 1038 3644 1089 έν
3689 1037 3756 1104 τῇ

2153 1125 2410 1195 ὁμοιώσει
2433 1127 2534 1196 τῆς
2581 1126 2860 1197 Παρθένου
2899 1127 3106 1198 μητρὸς
3149 1125 3318 1180 αὐτοῦ
3341 1126 3446 1195 τῆς
3482 1127 3758 1195 διαςορὶς

2152 1218 2262 1271 τῶν
2291 1218 2385 1272 δύο
2401 1219 2598 1272 οὐσιῶν
2627 1219 2720 1272 τοῦ
2745 1220 3005 1272 συνθέτου
3027 1219 3196 1289 ἄμφω
3223 1217 3464 1290 ἐχούσης
3492 1222 3602 1282 τὰς
3634 1220 3755 1272 κατ’

2152 1310 2340 1363 οὐσίαν
2363 1311 2690 1382 ὁμοιότητας
2709 1327 2723 1341 ⁸
2754 1312 2851 1364 καὶ
2884 1309 3058 1373 οὕτως
3076 1311 3256 1375 οὐδεὶς
3287 1310 3418 1364 οὕτε
3451 1311 3552 1364 τὸν
3580 1314 3760 1376 Λόγον

2153 1401 2251 1472 τῆς
2302 1402 2498 1456 ἑαυτοῦ
2546 1403 2738 1466 οὐσίας
2778 1403 3185 1475 παραλλάττειν
3235 1399 3467 1474 φήσειεν
3497 1403 3596 1465 ἂν,
3632 1403 3760 1457 οὐδὲ

2151 1495 2244 1546 τὸν
2273 1494 2528 1549 σύνθετον
2562 1497 2657 1549 καὶ
2687 1495 2895 1568 Κύριον
2935 1496 3095 1567 ήμῶν
3132 1495 3345 1565 Ἰησοῦν
3376 1495 3632 1563 Χριστὸν
3656 1497 3759 1565 τῆς

2152 1586 2416 1657 διαφορᾶς
2443 1589 2553 1643 τῶν
2592 1590 2829 1658 γονικῶν
2851 1590 3018 1644 αὐτοῦ
3053 1587 3271 1659 φύσεών
3301 1606 3357 1642 τι
3411 1589 3761 1658 παραλέλοι-

2155 1678 2648 1748 πέναινομίσειενο
2699 1681 2762 1735 οὐ
2805 1682 2914 1752 γὰρ
2948 1681 3026 1745 ώς
3064 1681 3520 1746 κατασκευάζετε
3557 1681 3758 1744 ἁπλῶς

466 1774 676 1816 merum
727 1759 969 1815 Verbum
1015 1757 1262 1827 genitum
1297 1755 1464 1811 fuisse
1499 1756 1569 1810 ab
1615 1755 1886 1810 ambobus
1932 1753 2049 1808 suis

2158 1771 2252 1824 καὶ
2281 1773 2489 1843 γυμνὸν
2535 1775 2626 1828 τὸν
2693 1775 2866 1844 Λόγον
2920 1776 3091 1844 ἄμφω
3131 1776 3319 1827 τεκεῖν
3377 1789 3574 1842 φαμεν
3626 1773 3760 1835 τοῦς

464 1849 886 1922 generatoribus
935 1849 1204 1916 dicimus;
1236 1847 1331 1904 sed
1373 1849 1588 1903 Patrem
1627 1847 1882 1919 genuisse
1910 1846 2048 1901 sim-

465 1942 686 2010 pliciter
732 1941 999 2007 Verbum,
1057 1948 1114 1995 et
1161 1940 1388 1995 Matrem
1435 1939 1580 1995 idem
1630 1954 1758 1994 cum
1799 1953 1964 1994 carne
1993 1937 2048 1990 in

457 2032 687 2089 Christo
714 2032 1018 2103 composito
1045 2031 1302 2104 genuisse
1330 2031 1620 2086 sentimus.

1094 2143 1250 2200 CAP.
1291 2142 1431 2199 XIII.

537 2239 595 2295 Si
632 2239 858 2310 proprie
885 2245 942 2296 et
971 2215 1278 2294 secundum
1304 2235 1592 2292 veritatem
1615 2235 1797 2307 genita
1821 2243 1904 2290 est
1927 2231 2053 2290 sub-

466 2333 665 2388 stantia
706 2333 805 2388 Dei
850 2330 1016 2388 Verbi
1046 2345 1115 2385 οι
1156 2329 1469 2386 substantia
1511 2328 1710 2390 Patris,
1745 2336 1802 2384 et
1830 2335 1916 2382 est
1946 2325 2049 2396 ipsi

467 2424 978 2492 consubstantialis,
1015 2423 1244 2478 omnino
1271 2421 1579 2477 secundum
1610 2417 1973 2474 substantiam
1997 2426 2054 2473 et

460 2516 688 2587 proprie
717 2524 774 2571 et
813 2515 1117 2572 secundum
1157 2515 1446 2568 veritatem
1477 2511 1662 2582 genita
1711 2518 1800 2566 est
1827 2524 1894 2565 ex
1923 2524 2050 2563 mu-

464 2607 604 2662 liere
637 2605 944 2663 substantia
970 2603 1133 2658 Verbi
1159 2601 1278 2666 Dei,
1305 2610 1364 2655 et
1392 2609 1477 2654 est
1502 2599 1607 2654 sibi
1634 2599 1738 2669 ipsi
1768 2596 2054 2653 dissimilis

438 2697 696 2752 -omnino
745 2694 1052 2753 secundum
1086 2692 1477 2748 substantiam.
1527 2689 1608 2744 Ex
1649 2703 1718 2744 eo
1744 2687 1890 2759 quod
1921 2701 2053 2759 pro-
2079 2756 2099 2778 .

431 2833 450 2849 ,.
468 2789 587 2858 prie
611 2799 668 2844 et
700 2785 1006 2843 secundum
1051 2783 1340 2839 veritatem
1367 2789 1495 2836 nata
1524 2779 1600 2836 sit
1644 2777 1962 2834 substantia
1985 2791 2054 2831 ex

476 2878 810 2943 substantia,
841 2892 951 2932 non
987 2875 1116 2932 ideo
1146 2876 1207 2930 lit
1231 2885 1292 2929 ut
1323 2873 1550 2929 omnino
1581 2870 1781 2927 similia
1821 2869 1933 2924 sint
1961 2883 2056 2938 ge-

434 3010 444 3016 .
469 2972 584 3026 nita
609 2969 966 3042 gignentibus
991 2966 1179 3048 quoad
1207 2966 1594 3031 substantiam,
1619 2961 1715 3020 sed
1752 2960 1902 3018 aliud
1922 2958 2055 3030 quid

2151 1863 2488 1935 γεννήτορας
2517 1863 2722 1919 αὐτοῦ·
2765 1865 2904 1920 ἀλλὰ
2941 1866 3032 1919 τὸν
3093 1863 3196 1935 μὲν
3255 1863 3507 1934 Πατέρα,
3564 1862 3762 1924 άτλῶς

2152 1956 2244 2006 καὶ
2272 1955 2479 2012 ἁπλοῦν
2503 1971 2516 1986 °
2549 1957 2651 2030 τὴν
2681 1957 2740 2012 δὲ
2791 1959 3047 2031 Μητέρα,
3083 1957 3222 2028 μετὰ
3254 1956 3464 2028 σαρκὸς
3490 1955 3760 2009 σύνθετον

2151 2045 2240 2099 τὸν
2267 2047 2430 2103 αὐτὸν
2459 2052 2641 2104 τεκεῖν
2676 2052 2734 2104 έν
2754 2049 2978 2122 Χριστῷ
3005 2048 3254 2119 νοοῦμεν.

2742 2158 2992 2212 ΚΕΦΛΛ.
3035 2155 3136 2210 Il".

2225 2246 2286 2300 Ei
2320 2245 2522 2316 κυρίως
2572 2245 2666 2300 καὶ
2709 2245 2850 2299 κατὰ
2891 2243 3154 2315 ἀλήθειαν
3201 2241 3472 2315 ἐγεννήθη
3511 2245 3550 2314 ἡ
3585 2241 3754 2295 οὐσία

2151 2338 2246 2394 τοῦ
2273 2339 2412 2394 Θεοῦ
2442 2340 2616 2409 Λόγου
2649 2341 2714 2394 ὲκ
2735 2339 2836 2410 τῆς
2855 2337 3046 2401 οὐσίας
3074 2333 3172 2390 τοῦ
3204 2337 3442 2406 Πατρδς,
3469 2338 3574 2390 καὶ
3603 2337 3758 2390 ἔστιν

2153 2433 2440 2499 ὁμοούσιος
2473 2431 2644 2502 αὐτῷ,
2679 2431 2858 2502 πάντη
2887 2429 3080 2483 οὐσίαν
3118 2430 3214 2482 καὶ
3242 2429 3456 2500 κυρίως
3480 2429 3584 2482 καὶ
3612 2429 3757 2480 κατὰ

2153 2521 2415 2592 ἀλήθειαν
2470 2521 2735 2594 ἐγεννήθη
2777 2523 2842 2576 ὲκ
2877 2521 3139 2590 γυναικὸς
3169 2523 3204 2592 ἠ
3248 2520 3413 2574 οὐσία.
3457 2520 3560 2572 τοῦ
3615 2518 3754 2572 Θεοῦ

2156 2609 2332 2678 Λόγου
2357 2627 2372 2641 ο
2406 2611 2500 2664 καὶ
2523 2609 2672 2664 ἐστιν
2691 2608 2943 2680 ἀνόμοιος
2968 2609 3110 2680 αῦτη
3147 2611 3325 2680 πάντη
3356 2607 3487 2664 κατ’
3515 2609 3712 2663 οὐσίαν
3734 2625 3750 2638 ⁸

2154 2699 2216 2752 οὐ
2249 2699 2309 2752 τὸ
2338 2700 2543 2772 κυρίως
2576 2700 2671 2754 καὶ
2701 2701 2842 2756 κατὰ
2871 2699 3130 2772 ἀλήθειαν
3147 2699 3482 2771 γεννηθῆναι
3517 2702 3626 2772 τὴν
3657 2701 3752 2753 σῦ-

2159 2790 2280 2848 σίαν
2308 2793 2373 2845 ὲκ
2396 2791 2498 2862 τῆς
2525 2791 2710 2856 οὐσίας
2741 2793 2880 2859 ἐστὶ,
2899 2792 2960 2846 τὸ
2989 2793 3182 2846 ποιοῦν
3207 2794 3390 2862 πάντη
3423 2794 3598 2862 ὃμοια
3630 2792 3752 2845 κατ’

2159 2883 2352 2936 οὐσίαν
2385 2884 2454 2938 τὰ
2477 2884 2776 2956 τικτόμενα
2806 2886 2920 2948 τοῖς
2944 2885 3246 2950 τίκτουσιν,
3276 2883 3418 2938 ἀλλά
3449 2902 3503 2937 τι
3534 2885 3754 2954 ἕτερον,

2159 2977 2296 3047 ὅπερ
2323 2977 2446 3030 οὐδὲ
2478 2980 2767 3049 ἐπινοῆσαι
2796 2977 3046 3032 δυνατόν.
3089 2977 3313 3047 κυρίως
3343 2977 3449 3047 μὲν
3470 2979 3573 3029 καὶ
3607 2979 3755 3030 κατὰ

432 3099 446 3110 ⁸
466 3063 620 3136 (1³0(ι
648 3077 753 3119 “ec
775 3061 994 3133 εοηθίίδί
1023 3067 1224 3131 Ροιθεῑ·
1268 3057 1497 3128 Proprie
1519 3055 1742 3126 ιιυῑάειη
1761 3061 1822 3108 et
1852 3066 2047 3145 secuf"
2081 3086 2126 3145 ο
2159 3068 2419 3136 ἀλήθειαν
2447 3070 2480 3141 ἡ
2507 3069 2667 3124 οὐσία
2708 3067 2804 3122 τοῦ
2838 3069 2972 3124 Θεοῦ
3010 3070 3188 3138 Λόγου
3232 3070 3298 3122 ἐκ
3329 3086 3394 3122 τε
3422 3069 3527 3138 τῆς
3557 3069 3754 3129 οὐσίας

437 3159 602 3210 «Eunt
630 3153 916 3209 veritatem
959 3149 1270 3208 substantia
1289 3148 1392 3204 Dei
1434 3146 1626 3212 Verbi,
1678 3156 1793 3200 tum
1819 3158 1884 3198 ex
1922 3141 2050 3198 sub-

469 3248 674 3303 stantia
717 3246 916 3310 Patris,
953 3254 1069 3299 tum
1103 3259 1172 3299 ex
1213 3239 1524 3298 substantia
1563 3246 1767 3294 sancta:
1807 3234 2050 3305 Virginis

437 3339 653 3411 ~genita
675 3345 781 3402 est,
811 3335 908 3393 sed
937 3349 1046 3390 non
1083 3333 1252 3389 simili
1275 3328 1648 3403 generatione,
1677 3341 1782 3382 nec
1811 3325 1954 3380 idem
1983 3341 2048 3380 ex

474 3443 710 3501 utroque
757 3427 1080 3498 accipiendo
1107 3435 1162 3482 et
1188 3423 1542 3496 possidendo.
1587 3422 1671 3478 Ex
1699 3419 2048 3491 prima-enim

471 3523 592 3594 ejus
634 3536 702 3575 ex
730 3521 889 3575 Patre
915 3519 1271 3589 generatione
1307 3515 1473 3570 habet
1501 3527 1664 3569 suum
1685 3527 1838 3577 esse,
1863 3509 2050 3566 solum

471 3631 542 3674 ex
590 3615 728 3679 sola,
777 3621 953 3668 totum
999 3625 1066 3666 ex
1117 3618 1250 3676 tota,
1300 3607 1547 3678 illudque
1587 3605 1708 3661 sine
1749 3601 2048 3675 principio,

471 3707 591 3763 sine
615 3715 886 3776 tempore,
929 3701 997 3757 ab
1039 3709 1270 3766 aeterno,
1298 3709 1356 3756 et
1383 3706 1582 3755 cetera
1612 3712 1736 3768 quae
1771 3694 1866 3770 Dei
1895 3701 2046 3750 sunt.

472 3801 554 3857 Ex
582 3797 828 3856 secunda
868 3805 1053 3852 autem
1093 3793 1262 3849 habet
1297 3807 1459 3848 suum
1505 3806 1629 3846 esse
1661 3789 1957 3845 carnaliter
1993 3795 2051 3841 et

447 3891 766 3962 Jncocpisse
807 3888 1022 3944 ratione
1062 3883 1353 3956 compositi
1388 3883 1445 3938 in
1472 3891 1740 3952 tempore,
1772 3889 1830 3935 et
1854 3885 2050 3934 caetera

473 3993 544 4044 ad
586 3996 832 4044 nostram
875 3981 1316 4040 similitudinem.
1369 3976 1658 4046 Quomodo
1708 3975 1876 4047 igitur
1923 3987 2050 4028 cum

475 4097 586 4138 non
627 4081 684 4136 in
730 4079 877 4135 idem
913 4091 1020 4132 nec
1050 4073 1357 4131 secundum
1383 4069 1639 4126 eumdem
1677 4063 2052 4138 generationis

475 4173 700 4230 modum
728 4169 975 4243 genitura
1008 4167 1100 4230 sit,
1135 4165 1356 4222 easdem
1387 4162 1444 4218 in
1487 4177 1556 4218 eo
1605 4159 1855 4231 quaeritis
1893 4167 2052 4212 notas

475 4263 799 4322 alterutrius
843 4261 1077 4332 originis
1117 4257 1187 4314 ad
1233 4255 1606 4312 ostensionem
1637 4266 1825 4306 veram
1857 4249 2051 4320 prima:

2155 3161 2252 3215 τοῦ
2284 3162 2501 3234 Πατρὸς
2533 3163 2628 3216 καὶ
2654 3164 2719 3216 ὲκ
2741 3162 2842 3232 τῆς
2870 3161 3033 3229 ἁγίας
3065 3160 3344 3231 Παρθένου
3368 3162 3712 3230 γεγέννηται
3735 3177 3752 3189 ·

2157 3249 2274 3303 ἀλλ’
2311 3249 2374 3302 οὐ
2403 3252 2468 3322 τῇ
2493 3251 2658 3322 ὁμοίᾳ
2680 3255 2954 3322 γεννήσει,
2982 3249 3106 3304 οὔτε
3136 3251 3197 3305 τὸ
3239 3250 3375 3304 αὐτὸ
3427 3250 3494 3314 ἐξ
3545 3252 3746 3303 ἑκατέ-

2161 3361 2258 3414 ρου
2321 3341 2562 3396 λαεοῦσα
2593 3346 2628 3414 ἡ
2689 3343 3028 3414 κεκτημένη.
3062 3343 3160 3398 Ἐκ
3185 3343 3285 3414 μὲν
3344 3344 3460 3414 γὰρ
3503 3343 3610 3413 τῆς
3655 3340 3756 3394 τοῦ

2159 3435 2374 3506 Πατρδς
2402 3435 2626 3506 πρώτης
2650 3433 2815 3489 αὐτοῦ
2845 3435 3157 3504 γεννήσεως
3205 3435 3367 3504 μόνος
3422 3435 3522 3488 καὶ
3582 3436 3755 3503 με’νςς

2159 3527 2255 3581 καὶ
2280 3527 2409 3597 ὅλης
2441 3526 2540 3580 καὶ
2569 3525 2692 3590 ὅλος
2732 3526 2794 3578 τὺ
2824 3521 2968 3578 εἶναι
3007 3525 3121 3595 ἔχει
3147 3541 3162 3555 ·
3195 3525 3455 3595 άνάρχως
3488 3541 3551 3577 τε
3587 3523 3756 3578 τοῦτο

2159 3620 2254 3675 καὶ
2279 3619 2524 3691 ἁχρὸνως
2554 3618 2650 3673 καὶ
2679 3617 2866 3682 άίδίως
2894 3617 2990 3670 καὶ
3019 3618 3164 3670 κατά
3187 3618 3255 3670 τὰ
3283 3609 3452 3669 λοιπᾶ
3510 3616 3754 3686 θεοπρε-

2160 3711 2236 3781 πῆ
2259 3727 2272 3740 ⁸
2314 3712 2381 3764 ἐκ
2408 3709 2466 3762 δὲ
2501 3709 2605 3777 τῆς
2628 3709 2914 3779 δευτέρας,
2945 3709 3009 3761 τὸ
3065 3705 3349 3778 σαρκικῶς
3397 3701 3546 3760 εἶναι
3581 3707 3756 3777 ἄρεα-

2161 3795 2288 3851 σοαί
2323 3813 2384 3850 τε
2435 3796 2739 3861 συνθέσεως
2795 3795 2906 3850 ἀπὸ
2958 3799 3176 3866 χρόνου,
3213 3795 3308 3850 καὶ
3341 3795 3411 3849 τὰ
3457 3796 3630 3849 λοιπὰ
3656 3797 3755 3865 τῆς

2158 3886 2283 3942 καθ’
2315 3890 2462 3959 ἡμᾶς
2493 3887 2808 3958 ὁμοιώσεως
2843 3903 2858 3916 ·
2885 3887 3004 3950 πῶς
3021 3887 3118 3940 οὖν
3141 3887 3246 3940 οὐκ
3266 3888 3346 3950 εἰς
3368 3887 3430 3940 τὺ
3457 3887 3599 3940 αὐτὸ
3629 3887 3753 3940 οεδὲ

2161 3977 2305 4032 κατὰ
2361 3979 2454 4033 τὸν
2494 3979 2660 4033 αὐτὸν
2693 3979 2895 4052 τρόπον
2923 3978 3022 4048 τῆς
3061 3981 3367 4049 γεννήσεως
3432 3978 3753 4047 γεννηθεὶς,

2158 4070 2231 4124 τὰ
2271 4070 2414 4126 αὐτὰ
2451 4071 2583 4141 ὑμῖν
2639 4070 3034 4142 είσπράττεται
3083 4069 3468 4142 γνωριστήρια.
3517 4068 3753 4140 θατέρου

2157 4165 2320 4218 τόκου
2353 4163 2492 4236 πρὸς
2543 4163 2770 4231 ἔνδειξιν
2807 4162 2986 4234 ἀληθῆ
3030 4163 3130 4232 τῆς
3164 4160 3390 4232 πρώτης
3433 4161 3613 4214 αὐτοῦ
3663 4163 3754 4214 καὶ

2157 4251 2423 4322 δευτέρας
2483 4253 2816 4322 γεννήσεως,
2874 4251 2934 4303 ὲν
2984 4249 3330 4320 ἀμφοτέραις
3387 4263 3451 4301 τε
3529 4252 3753 4310 πάντως

475 4360 596 4429 ejus
637 4365 694 4414 et
745 4353 1004 4412 secundae
1040 4347 1432 4424 generationis,
1478 4357 1535 4403 et
1575 4345 1630 4400 in
1665 4354 1898 4413 utraque
1927 4357 2049 4396 ont-

2159 4338 2475 4410 ὁμοίωσινῆ
2531 4337 2896 4408 ἀνομοιότητα
2926 4354 2941 4403 ;
2974 4337 3053 4391 οὐ
3107 4336 3216 4407 γὰρ
3272 4337 3323 4389 εί
3371 4336 3450 4406 μὴ
3499 4334 3572 4388 τά
3612 4334 3752 4389 αὐτὰ

385 4439 396 4450 ’
478 4427 610 4506 nino
637 4446 1096 4504 similitudinem?
1125 4445 1280 4500 Licet
1299 4443 1448 4500 enim
1469 4456 1582 4496 non
1605 4439 1796 4496 eadem
1816 4453 2049 4510 sequan-

2157 4433 2348 4502 ἕψεται
2365 4434 2489 4496 ταῖς
2517 4431 2579 4485 οὐ
2603 4433 2828 4494 ταυταῖς
2858 4431 3084 4501 γεννήσε
3095 4446 3171 4495 σι,
3199 4427 3290 4482 διὰ
3317 4428 3436 4482 τόδε
3463 4428 3592 4482 οὐδὲ
3623 4447 3752 4496 γεν-

466 4551 570 4600 ~tur
594 4541 982 4612 generationes
1003 4553 1114 4594 non
1144 4537 1389 4600 easdem,
1417 4549 1526 4590 non
1558 4531 1686 4588 ideo
1729 4547 1838 4586 non
1868 4539 2049 4586 essent

2159 4529 2340 4597 νήσεις
2369 4521 2478 4579 εἷεν
2526 4524 2731 4595 κυρίως
2777 4521 2871 4576 καὶ
2926 4523 3181 4603 ἀληθεῖς·
3227 4522 3289 4575 οὐ
3323 4520 3436 4592 γὰρ
3491 4523 3623 4575 ἐπεὶ
3677 4523 3752 4592 μὴ

478 4650 622 4692 νει-αι
661 4641 718 4688 et
753 4631 980 4702 proprie
1019 4631 1182 4685 dicta:
1223 4626 1626 4700 generationes.
1671 4625 1863 4694 Equus
1907 4623 2049 4678 enim

2160 4618 2474 4688 ποτάμιος,
2528 4615 2618 4670 διὰ
2669 4615 2790 4670 τόδε
2847 4615 2971 4669 οὐδὲ
3021 4615 3190 4677 ἰππος
3251 4613 3472 4684 ἀληθῶς
3535 4617 3566 4667 ό
3621 4631 3751 4686 χερ-

461 4701 784 4784 «terrestris,
831 4701 964 4790 quia
1000 4733 1114 4774 non
1165 4727 1250 4772 est
1286 4716 1735 4786 bippopotamus,
1781 4729 1893 4768 non
1935 4712 2049 4768 ideo

2163 4708 2314 4768 cato;
2349 4722 2362 4736 °
2409 4705 2576 4776 ἄμφω
2627 4704 2738 4774 γὰρ
2777 4701 2996 4774 ἀληθῶς
3051 4702 3210 4756 ἵπποι
3237 4718 3254 4733 ·
3309 4701 3430 4756 οὐδὲ
3487 4702 3615 4755 ἐπεὶ
3679 4703 3754 4772 μὴ

477 4831 589 4872 non
621 4824 707 4870 est
735 4827 912 4884 equus
955 4829 968 4865 :
1017 4821 1250 4880 uterque
1279 4807 1429 4864 enim
1459 4815 1542 4862 est
1575 4821 1772 4876 equus.
1799 4805 1914 4860 Nec
1941 4804 2049 4859 ani-

2163 4796 2472 4860 θαλάττιον,
2500 4794 2590 4848 διὰ
2647 4794 2806 4850 τοῦτο
2863 4793 2984 4848 οὐδὲ
3033 4793 3172 4858 ζῶον
3227 4793 3286 4846 ab
3323 4795 3581 4864 χερσαῖον
3609 4810 3625 4822 ·
3652 4795 3756 4846 οὐκ

457 4910 591 4964 νιηιιι
622 4916 909 4968 terrestre,
941 4903 1070 4974 quia
1095 4917 1207 4957 non
1240 4909 1330 4956 est
1361 4899 1661 4963 marinum,
1699 4897 1822 4952 ideo
1847 4913 1956 4952 non
1977 4905 2049 4952 est

2163 4888 2388 4960 ἀρκέσει
2436 4882 2529 4940 οὖν
2588 4887 2649 4940 τδ
2697 4885 2900 4959 κυρίως
2943 4885 3038 4938 καὶ
3081 4886 3224 4938 κατὰ
3299 4881 3561 4953 ἀλήθειαν
3627 4899 3752 4950 τεν-

414 5030 456 5082 χ-
479 5001 704 5058 animal.
751 4997 924 5069 Igitur
956 4972 1180 5065 proprie
1215 4999 1273 5046 et
1311 4987 1619 5046 secundum
1650 4986 1939 5042 veritatem
1971 5001 2049 5056 ge-

2164 4979 2418 5051 νηθῆναι,
2449 4976 2620 5042 δεῖξαι
2677 4976 2778 5049 τήν
2839 4976 3137 5047 ὁμοιότητα
3195 4975 3324 5046 τῆς
3357 4972 3573 5039 οὐσίας,
3613 4976 3752 5043 ὃεερ

446 5097 656 5151 snitum
695 5062 867 5147 fuisse
897 5062 1016 5144 non
1045 5062 1154 5142 erit
1188 5083 1323 5140 satis
1353 5079 1419 5136 ad
1457 5077 1956 5135 demonstrandum
1985 5073 2049 5131 si-

2167 5073 2325 5142 ὑμεῖς
2356 5071 2438 5134 είς
2467 5069 2647 5124 αἰτίαν
2671 5067 2859 5138 ὁμοίου
2893 5067 3280 5138 παρηγάγετε,
3301 5066 3349 5117 εἰ
3379 5062 3454 5134 μὴ
3480 5066 3579 5115 καὶ
3609 5068 3751 5116 κατὰ

449 5184 846 5244 'tnilitudinetn
860 5177 1214 5242 substantiae,
1245 5172 1394 5246 quod
1417 5186 1515 5227 vos
1536 5171 1589 5226 in
1624 5169 1890 5225 rationem
1914 5168 2049 5224 simi-

2164 5167 2266 5236 τὴν
2300 5162 2510 5218 τοιάνδε
2541 5163 2802 5232 γέννησιν
2816 5161 2938 5213 ’τῶν
2963 5157 3184 5230 ἀληθῶν
3209 5159 3554 5227 γεννήσεων,
3587 5157 3752 5225 ﬁrmi

450 5279 733 5338 «litntlinis
781 5272 1109 5337 induxistis,
1154 5267 1264 5324 nisi
1297 5266 1464 5322 etiam
1503 5261 1808 5319 secundum
1859 5261 2049 5315 bancct

2169 5254 2268 5324 τὴν
2322 5252 2488 5322 ὅμοια
2535 5248 2826 5303 δεικνῦσαν
2861 5247 2932 5300 τὰ
2975 5245 3292 5316 τικτόμενα,
3327 5244 3384 5296 τὶ
3424 5245 3753 5312 γεγέννητςι

593 5371 741 5428 veris
782 5361 1241 5440 generationibus
1295 5372 1419 5429 quae
1459 5355 1674 5412 scilicet
1723 5352 2042 5408 demonstra

2170 5347 2391 5409 πάντως
2417 5361 2432 5376 ο
2468 5345 2564 5397 καὶ
2604 5343 2762 5412 ὑμεῖς
2799 5339 2912 5411 γάρ
2955 5341 3014 5392 ὲν
3065 5341 3210 5408 ἀρχῇ
3244 5336 3520 5392 δεδώκατε
3568 5336 3646 5398 ὡς
3691 5337 3754 5386 τά

463 5467 664 5538 νιζθηῑιιι
692 5431 821 5518 esse
848 5457 1071 5521 simiiia,
1100 5451 1310 5524 aliquid
1341 5449 1590 5522 genitum
1619 5445 1848 5502 omnino
1878 5442 2045 5498 fuerit

2173 5441 2271 5511 μὲν
2300 5439 2574 5510 χείρονας,
2602 5436 2672 5488 τὰ
2694 5435 2750 5488 δὲ
2785 5435 3129 5506 κρείττονας,
3166 5432 3236 5486 τά
3256 5431 3314 5486 δὲ
3344 5432 3569 5502 ὁμοίους
3611 5445 3748 5495 παρ’

483 5521 616 5616 ﬁant
661 5565 720 5612 et
775 5569 875 5610 vos
923 5549 1167 5622 primum
1233 5544 1368 5600 illud
1420 5539 1815 5601 concessistis,
1870 5551 2049 5604 nempe

2175 5535 2356 5603 ίστησι
2403 5532 2514 5592 τοῖς
2538 5527 2848 5598 γεννηθεῖσι
2889 5528 3014 5592 τοὺς
3044 5527 3451 5598 γεννήσανταςο
3485 5521 3664 5583 ἄλλως
3692 5534 3746 5573 τε

483 5649 730 5718 quaedam
775 5647 1013 5717 pejores,
1053 5639 1304 5712 qnaa‘lam
1339 5636 1620 5696 meliores,
1653 5630 1908 5702 quaedam
1936 5643 2049 5683 veri

2173 5624 2310 5696 πρὸς
2365 5623 2466 5694 μὲν
2499 5623 2589 5674 τὸν
2637 5621 2858 5692 Πατέρα
2915 5620 3220 5690 γεννηθεὶς,
3255 5620 3332 5681 ὡς
3375 5618 3498 5670 ὃλην
3540 5632 3594 5666 τι
3629 5614 3744 5670 E37;

477 5706 692 5796 similes
721 5706 1380 5802 constituere-gignentes
1408 5723 1630 5798 genitis.
1670 5721 1916 5779 Verbum
1943 5717 2049 5792 qui-

2173 5715 2270 5788 τήν
2325 5712 2591 5786 ὁμοίωσιν
2619 5714 2647 5766 ὁ
2675 5711 2848 5780 Λόγος
2877 5711 2962 5776 ὡς
2990 5711 3122 5775 Θεὸς
3147 5727 3161 5740 ·
3194 5709 3432 5782 Χριστὸς
3459 5706 3520 5762 Et
3560 5721 3738 5774 γεννςη
