3908 6306
184 298 319 368 1677

1136 305 1534 377 ADVERSUS
1573 310 2119 383 NESTORIANOS.
2147 345 2219 358 ἠ-
2236 317 2385 383 LIB.
2428 318 2523 382 IV.

3311 322 3449 387 1678

175 419 291 482 θεὶς
327 418 422 473 καὶ
451 417 514 473 οὐ
541 420 711 488 Λόγος
740 422 951 489 ἁπλῶς,
975 423 1070 477 καὶ
1102 426 1239 497 πρὸς
1269 422 1369 499 τήν
1414 430 1647 504 Μητέρα
1698 435 1749 487 ἐν

1865 434 1991 491 dem
2022 435 2210 503 habet,
2242 445 2504 508 tanquam
2535 438 2681 492 Deus
2723 435 2993 509 integram
3023 438 3445 497 similitudinem

177 511 376 606 μέρους
427 512 528 606 μὲν
582 512 696 585 ἔχει
740 514 839 587 τὴν
890 517 1154 588 ὁμοίωσιν
1192 519 1292 591 τὴν
1336 524 1595 596 φυσικὴν,
1626 523 1749 580 ἀλλὰ

1863 529 2012 585 Patri
2046 546 2061 584 :
2093 529 2349 585 Christus
2377 536 2561 585 autem
2592 529 2812 600 genitus
2849 540 2906 586 et
2948 533 3060 604 jam
3089 550 3198 587 non
3231 535 3448 606 simpli-

174 604 271 658 καὶ
334 607 401 658 ὲκ
447 605 651 676 μέρους
706 608 767 661 τὸ
819 610 1042 678 ὅμοιον·
1074 611 1215 668 διότι
1253 608 1336 679 εἷς
1378 615 1475 685 καὶ
1519 618 1548 670 ό
1596 617 1759 680 αὐτὸς

174 703 456 773 ὑπάρχων,
492 702 632 757 κατά
663 703 891 776 θάτερον
922 707 1031 762 τῶν
1065 712 1122 763 ἐν
1146 710 1296 780 αὐτῷ
1327 712 1535 782 μερῶν,
1567 713 1667 785 τήν
1697 730 1757 766 τε

174 795 312 865 πρὸς
360 796 451 848 τὸν
492 796 710 868 Παώρα
774 799 873 851 καὶ
923 802 1062 871 πρὸς
1110 803 1211 872 τὴν
1238 804 1469 875 Μητέρα
1521 807 1758 876 φυσικὴν

173 888 428 956 ὁμοίωσιν
446 890 710 961 κέκτηται
733 893 827 945 καὶ
848 893 1111 966 διαφοράν
1128 912 1143 927 ·
1168 897 1372 964 ὁμοίως
1394 897 1449 951 δὲ
1476 899 1572 952 καὶ
1596 901 1757 968 ἡμεῖς

174 982 284 1043 τοῖς
320 981 608 1052 ὑμετέροις
636 983 1060 1053 ἀντεπάγοντες,
1090 986 1357 1060 δείξωμεν
1380 989 1448 1042 τὰ
1473 989 1717 1060 ἡμέτερα
1740 1005 1755 1021 ο

172 1075 221 1125 εἰ
246 1073 354 1143 γὰρ
383 1075 587 1143 κυρίως
612 1076 706 1129 καὶ
730 1079 870 1130 κατά
900 1080 1160 1150 ἀλήθειαν
1199 1082 1463 1153 ἐγεννήθη
1497 1084 1562 1137 ἐκ
1586 1083 1758 1137 Σαοὺλ

173 1163 453 1227 Ἰωνάθαν,
485 1165 632 1220 ἐστιν
654 1169 838 1239 ὅμοιος
867 1171 1018 1241 αὐτῷ
1039 1172 1159 1225 κατ’
1189 1173 1399 1226 οὐσίαν·
1435 1175 1529 1228 καὶ
1552 1175 1756 1245 κυρίως

172 1258 265 1310 καὶ
301 1256 446 1311 κατά
482 1258 741 1329 ἀλήθειαν
784 1262 1048 1333 ἐγεννήθη
1102 1265 1198 1317 ἀπ’
1232 1265 1400 1319 αὐτοῦ
1434 1266 1628 1335 Λόγος,
1658 1267 1754 1320 καὶ

172 1347 318 1401 ἐστιν
341 1350 727 1419 ἀνομοιότατος
759 1353 907 1423 αὐτῷ
940 1355 1059 1408 κατ’
1088 1356 1275 1409 οὐσίαν
1301 1373 1315 1388 ·
1355 1357 1416 1409 οὐ
1451 1357 1511 1409 τὸ
1546 1357 1754 1426 κυρίως

173 1441 504 1512 γεννηθῆναι
536 1444 652 1496 ἐστι
688 1445 877 1512 σαφῶς
904 1447 1078 1500 αἴτιον
1112 1432 1225 1518 τῆξ
1245 1451 1599 1519 ὁμοιότητος,
1636 1450 1752 1503 ἀλλ’

170 1531 320 1601 ὁτῆς
371 1532 692 1602 ὁμοιότητος
745 1535 841 1587 τοῦ
903 1536 1086 1608 ὄλουῆ
1148 1538 1350 1610 μέρους
1381 1539 1515 1602 ἴδιος
1551 1539 1753 1609 τρόπος

171 1622 280 1674 τῶν
306 1624 364 1675 ὲν
397 1626 515 1687 ταῖς
535 1626 826 1696 γεννήσεσι
863 1631 1195 1699 νοουμένων.

1861 620 2001 675 εἰιει·
2032 619 2299 680 Verbum,
2332 620 2500 675 habet
2536 627 2593 675 et
2636 621 2793 675 Matri
2829 638 2896 676 ex
2925 633 3081 693 parte
3123 625 3448 681 similitudi-

1863 726 1986 765 nem
2014 710 2323 782 physicam,
2358 718 2415 764 et
2439 724 2507 764 ex
2539 719 2695 779 parte
2722 726 2843 767 esse
2873 712 3076 768 simile.
3114 714 3272 771 Unde
3305 726 3450 772 unn's

1860 815 1917 861 et
1947 805 2093 861 idem
2124 822 2249 862 cum
2278 808 2371 871 sit,
2400 807 2706 862 secundum
2736 806 3064 862 alterutram
3097 807 3152 862 in
3184 809 3305 878 ipso
3330 826 3452 880 pat-

1862 898 1998 952 tium
2042 906 2156 953 tum
2199 899 2345 954 Patri
2388 908 2505 954 tum
2534 898 2689 953 Matri
2735 899 3155 956 similitudinem
3188 901 3357 958 habet
3391 912 3447 958 et

1860 987 2254 1043 diﬂ‘erentiam.
2306 989 2522 1044 Pariter
2550 997 2758 1052 autem,
2791 990 2877 1045 bis
2906 999 3099 1046 contra
3130 1007 3230 1047 vos
3256 993 3443 1059 dictis,

1860 1078 2306 1133 demonstremus
2332 1087 2388 1133 et
2411 1086 2654 1132 nostram
2688 1079 3018 1135 doctrinam.
3059 1080 3114 1135 Si
3145 1082 3292 1137 enim
3316 1100 3439 1153 pro-

1860 1168 1979 1238 prie
2027 1175 2085 1223 et
2125 1169 2433 1224 secundum
2466 1169 2759 1225 veritatem
2804 1171 3025 1242 genitus
3060 1183 3144 1228 est
3177 1174 3446 1230 Jonathas

1860 1275 1892 1314 a
1918 1258 2104 1324 Saule,
2136 1261 2336 1316 similis
2362 1269 2446 1315 est
2476 1261 2527 1315 ei
2561 1263 2871 1317 secundum
2912 1263 3302 1318 substantiam.
3336 1263 3446 1320 Sed

1858 1351 2156 1421 etproprie
2183 1360 2239 1405 et
2267 1352 2573 1405 secundum
2611 1353 2898 1408 veritatem
2922 1355 3170 1425 genitum
3198 1365 3279 1410 est
3308 1357 3445 1411 Ver-

1859 1441 2010 1504 bum.
2045 1441 2194 1512 quod
2244 1454 2331 1497 est
2371 1443 2423 1497 ei
2471 1428 2904 1499 dissimillimum
2954 1447 3258 1501 secundum
3311 1448 3447 1501 sub-

1857 1533 2137 1589 stantiam.
2190 1534 2493 1589 Evidenter
2538 1535 2706 1606 igitur
2754 1538 2977 1607 proprie
3023 1538 3271 1608 genitum
3323 1555 3445 1594 esse

1859 1643 1972 1683 non
2000 1636 2085 1683 est
2142 1642 2307 1687 causa
2360 1626 2786 1692 similitudinis;
2819 1627 2916 1682 sed
2952 1643 3126 1698 genus
3166 1628 3443 1698 quoddam

172 1717 411 1787 speciale
440 1717 825 1776 similitudinis
854 1723 1025 1778 totius
1057 1724 1143 1778 vel
1173 1724 1345 1794 partis
1378 1740 1572 1781 eorum
1607 1737 1729 1794 quae
1761 1720 1817 1775 in
1846 1719 2298 1792 generationibus
2325 1718 2770 1774 considerantur.

774 1816 1023 1870 ΚΕΦΑΛ.
1055 1819 1149 1873 ΙΔ’.

244 1901 307 1954 Et
332 1903 593 1975 ἐγεννήθη
626 1907 654 1959 ὁ
676 1904 802 1967 Υἱὸς
830 1909 893 1960 ὲκ
913 1907 1007 1960 τοῦ
1039 1910 1250 1982 Πατρδς
1296 1917 1441 1972 κατὰ
1494 1912 1745 1982 θεότητα,

169 1991 268 2045 καὶ
317 1992 479 2057 σώζει
542 1996 640 2065 τὴν
694 1997 815 2050 κατ’
841 2000 1031 2053 οὐσίαν
1079 2002 1213 2071 πρὸς
1245 2002 1407 2058 αὐτὸν
1429 2005 1746 2075 ὁμοιότητα,

167 2083 450 2155 ἐγεννήθη,
515 2085 573 2139 δὲ
622 2087 745 2141 καθ“
776 2089 922 2159 ὑμᾶς
973 2091 1225 2161 ὀμοὶωιςὸ
1256 2089 1385 2157 Υἱὸς
1429 2095 1523 2148 καὶ
1554 2097 1619 2149 ἐκ
1648 2097 1751 2166 τῆς

174 2174 455 2244 Παρθένου
510 2177 647 2230 κατὰ
708 2178 964 2249 θεότητα,
1018 2180 1213 2244 σώζειν
1242 2184 1453 2255 ἀνάγκη
1482 2184 1579 2256 τὴν
1615 2186 1752 2256 πρὸς

164 2265 341 2338 αὐτὴν
369 2269 492 2321 κατ’
531 2269 722 2322 οὐσίαν
743 2273 1035 2342 ὁμοιότητα
1067 2273 1207 2328 κατά
1256 2276 1358 2347 τὴν
1389 2277 1623 2349 θεότητα
1649 2293 1663 2308 ⁶
1703 2281 1751 2332 εί

163 2359 223 2413 δὲ
262 2357 442 2424 τοῦτο,
473 2361 584 2427 ἕξει
617 2363 833 2426 πάντως
863 2365 956 2417 καὶ
981 2366 1015 2434 ή
1044 2366 1318 2436 Παρθένος
1344 2368 1445 2440 τὴν
1472 2370 1611 2440 πρὸς
1659 2370 1753 2423 τὸν

163 2451 302 2506 Θεὸν
330 2458 427 2507 καὶ
450 2455 664 2523 Πατέρα
694 2455 816 2508 κατ’
837 2456 1026 2509 οὐσίαν
1058 2459 1359 2530 ὁμοιότητα
1385 2477 1399 2490 ·
1436 2461 1507 2514 τὰ
1538 2462 1648 2532 γὰρ
1674 2462 1752 2533 τῷ

164 2544 322 2614 αὐτῷ
358 2546 540 2614 ὃμοια,
573 2546 695 2599 καὶ.
718 2545 973 2618 ἀλλήλοις
1020 2549 1171 2602 ἐστὶν
1222 2550 1407 2620 ὅμοια.
1449 2551 1592 2605 Ἀλλ’
1626 2551 1752 2606 οὔτε

165 2639 301 2703 πᾶν,
334 2635 458 2690 οὔτε
508 2637 651 2691 κατά
682 2640 860 2692 πᾶσαν
908 2639 1185 2710 γέννησιν,
1216 2640 1341 2694 οὔτε
1375 2644 1515 2696 κατά
1542 2642 1603 2696 τὸ
1632 2644 1753 2698 ὅλον

164 2728 368 2782 ἑαυτοῦ
397 2729 457 2782 τὸ
501 2730 565 2783 ἐκ
598 2747 744 2793 τινος
794 2731 1155 2804 γεννώμενον,
1182 2734 1374 2800 σώζειν
1403 2736 1619 2807 ἀνάγκη
1661 2737 1752 2790 τὸν

176 2819 280 2886 τῆς
321 2819 533 2887 φύσεως
582 2819 674 2873 τοῦ
723 2820 975 2884 τεκόντος
1025 2822 1184 2891 λόγον
1221 2823 1642 2897 ἀπαράλλακτον
1667 2824 1753 2878 δέ-

165 2910 379 2968 δεικται
429 2913 524 2966 καὶ
555 2912 775 2985 εἴρηται
819 2914 1103 2979 πολλάκις.
1132 2916 1270 2970 Ἰδοὺ
1313 2916 1423 2988 γὰρ
1452 2918 1546 2971 καὶ
1590 2918 1750 2988 φύσει

163 3005 337 3060 τέκνα
372 3003 577 3076 ὀργῆς,
604 3006 697 3058 καὶ
744 3006 849 3059 υἱοὶ
896 3006 1183 3071 ἀπειθείας
1236 3008 1331 3062 καὶ
1381 3008 1751 3079 ἅνομίας,καὶ

170 3096 282 3150 υἱοὶ
313 3096 560 3161 σκότους,
585 3097 680 3150 καὶ
739 3098 904 3150 τέκνα
951 3096 1046 3151 τοῦ
1095 3099 1360 3169 πονηροῦ,
1390 3101 1486 3154 καὶ
1513 3102 1623 3155 υίοὶ
1654 3101 1763 3154 τοῦ·

170 3186 371 3250 αἰῶνος
426 3188 643 3250 τούτου,
669 3188 765 3241 καὶ
792 3189 959 3243 τέκνα
992 3188 1086 3242 τοῦ
1148 3189 1424 3254 διαϐόλου,
1456 3191 1592 3245 ἀλλά
1653 3194 1749 3246 καὶ

167 3279 338 3333 τέκνα
407 3279 541 3333 Θεοῦ
570 3319 586 3341 ,
652 3280 745 3334 καὶ
826 3280 1131 3351 θελήματος
1189 3280 1334 3335 θείου
1390 3283 1746 3355 γεννήματα,

170 3373 266 3426 καὶ
346 3373 455 3425 υἱοὶ
547 3373 746 3442 φωτὸς,
835 3373 929 3427 καὶ
1011 3374 1118 3428 υἱοὶ
1171 3374 1432 3446 ἡμέρας,
1494 3376 1588 3430 καὶ
1641 3377 1750 3431 υἱοὶ

166 3464 485 3534 δυνάμεως,
554 3466 647 3518 καλ⁵
706 3466 812 3518 υἱοὶ
887 3465 1145 3533 Ὑψίστου
1192 3467 1443 3538 εἴρηνται
1487 3471 1552 3541 τῇ
1618 3471 1751 3542 άγὲᾳ

169 3556 385 3626 Γραφῇ,
416 3554 559 3609 κατά
614 3555 905 3626 διαφόρους
951 3556 1172 3626 ἀληθεῖς
1214 3561 1355 3612 κατά
1405 3559 1498 3613 τὸν
1550 3563 1749 3614 οἰκεῖον

169 3648 330 3716 λόγον
361 3648 644 3717 γεννήσεις
678 3648 772 3702 καὶ
805 3649 935 3712 τοὺς
967 3649 1208 3721 ἑκάστης
1265 3652 1574 3723 γεννήσεως
1625 3650 1749 3725 τρό-

168 3756 306 3802 πους
339 3754 352 3769 ·
383 3739 478 3792 καὶ
527 3738 678 3792 οὐδὲν
744 3738 811 3793 ἂν
862 3739 1030 3793 τῶνδε
1090 3741 1340 3811 γέννημα
1394 3743 1538 3797 εἴποι
1582 3761 1668 3807 τις
1691 3744 1748 3809 ἐξ

167 3828 416 3897 ἀνάγκης
471 3828 755 3898 ὁμοούσιον
800 3827 879 3899 τῷ
926 3829 1139 3885 τεκόντι
1175 3848 1187 3863 ·
1218 3832 1341 3885 οὐδὲ
1371 3834 1480 3904 γάρ
1511 3835 1651 3905 ὀργὴ
1681 3835 1748 3888 τὰ

165 3919 333 3972 τέκνα
377 3920 477 3989 τῆς
507 3920 678 3991 ὀργῆς
701 3937 715 3952 ·
745 3920 870 3974 οὔτε
912 3923 1141 3976 αἰὼντά
1199 3923 1364 3977 τέκνα
1393 3925 1487 3978 τοῦ
1509 3926 1703 3989 αἰῶνος
1731 3943 1744 3957 ·

164 4011 293 4065 οὐδὲ
329 4012 441 4065 θεοὶ
460 4012 559 4082 τὴν
587 4013 772 4066 οὐσίαν
801 4012 871 4066 τὰ
909 4014 1077 4068 τέκνα
1113 4014 1208 4068 τοῦ
1242 4015 1375 4070 Θεοῦ
1403 4000 1578 4071 πάντα
1604 4034 1618 4048 ·
1656 4017 1747 4071 οὐ-

166 4100 227 4155 δὶ
250 4101 528 4172 ὀμωύσιοι
559 4103 637 4173 τῷ
675 4103 916 4176 ’Υψίστῳ
944 4107 993 4158 οί
1030 4107 1135 4159 υίοὶ
1163 4105 1255 4160 τοῦ
1303 4107 1581 4176 Ὑψίστου.
1640 4109 1746 4161 Οὑ-

166 4195 299 4250 κοῦν
354 4199 551 4268 πρῶτα
586 4197 704 4269 μὲν,
728 4198 830 4251 οὐκ
881 4198 936 4252 εἴ
970 4215 1023 4251 τι
1072 4198 1136 4252 ἔκ
1198 4217 1373 4263 τινος,
1432 4201 1593 4255 τοῦτο
1651 4202 1745 4254 καὶ

166 4290 352 4359 ὅμοιον
389 4291 609 4352 πάντως
646 4290 727 4361 τῷ
748 4290 855 4360 ὅλῳ
879 4289 979 4359 τῆς
1011 4290 1198 4354 οὐσίας
1229 4289 1394 4344 αὐτοῦ
1422 4292 1564 4362 λόγῳ
1606 4287 1746 4347 εἶναι

164 4384 496 4452 ἀναγκαῖον·
540 4382 703 4436 πάλιν
732 4382 777 4436 δ’
802 4381 896 4436 οὖν
921 4381 1176 4452 ἐροῦμεν,
1211 4385 1294 4438 ὅτι
1337 4384 1461 4440 τότε
1496 4386 1562 4438 ἂν
1614 4387 1745 4456 ὑμῖν

2480 1812 2633 1870 CAP.
2678 1814 2819 1870 XIV.

1920 1905 1978 1962 Si
2007 1903 2227 1977 genitus
2250 1913 2337 1961 est
2369 1903 2544 1959 Filius
2573 1920 2642 1959 ex
2679 1904 2867 1970 Patre,
2904 1904 3209 1960 secundum
3237 1905 3443 1960 divini-

1852 2006 2040 2062 tatem,
2073 2004 2129 2052 et
2163 2003 2349 2051 servat
2381 2011 2508 2051 cum
2545 2010 2613 2050 eo
2638 1995 3062 2051 similitudinem
3089 1998 3331 2068 (genitus
3357 2007 3444 2053 est

1850 2097 2060 2152 autem,
2088 2088 2242 2158 juxta
2270 2102 2388 2152 vos,
2414 2086 2672 2142 similiter
2703 2087 2874 2143 Filius
2903 2102 2970 2143 ex
2997 2087 3224 2160 Virgine
3246 2106 3446 2146 secun-

1850 2172 1983 2235 dum
2031 2178 2427 2247 divinitatem),
2455 2187 2684 2235 necesse
2729 2190 2816 2235 est
2861 2188 3046 2236 servet
3095 2196 3221 2237 cum
3254 2197 3318 2238 ea
3349 2200 3441 2239 se-

1852 2270 2096 2326 cundum
2141 2271 2510 2330 substantiam
2561 2272 2983 2327 similitudinem
3016 2275 3322 2329 secundum
3352 2275 3443 2329 di-

1851 2362 2179 2428 vinitatem;
2237 2361 2285 2415 si
2328 2368 2515 2416 autem
2564 2361 2640 2416 ita
2692 2372 2798 2429 est,
2845 2362 3074 2418 habebit
3118 2365 3347 2420 omnino
3384 2376 3442 2420 et

1850 2454 2018 2525 Virgo
2064 2469 2190 2509 cum
2225 2454 2390 2509 Patre
2424 2452 2730 2508 secundum
2765 2454 3134 2509 substantiam
3177 2458 3441 2512 similitu-

1852 2545 2037 2600 dinem
2064 2562 2080 2613 ;
2117 2561 2240 2616 qua:
2266 2545 2418 2600 enim
2464 2545 2645 2602 eidem
2681 2554 2810 2600 sunt
2842 2547 3066 2612 similia,
3098 2563 3163 2603 ea
3192 2556 3250 2604 et
3292 2549 3442 2605 inter

1853 2652 1911 2692 se
1943 2647 2076 2693 sunt
2107 2637 2330 2693 similia.
2365 2667 2435 2677 —
2465 2635 2573 2692 Sed
2601 2652 2782 2708 neque
2810 2652 2999 2703 omne,
3034 2654 3216 2709 neque
3247 2655 3444 2696 secun-

1853 2734 1985 2789 dum
2032 2751 2254 2792 omnem
2295 2734 2740 2807 generationem.
2781 2750 2959 2806 neque
3002 2736 3307 2792 secundum
3352 2738 3440 2808 sui

1854 2827 2028 2898 ipsius
2087 2835 2285 2894 totum,
2342 2827 2553 2898 aliquid
2599 2827 2788 2898 aliquo
2817 2829 3068 2897 genitum
3121 2830 3439 2885 necessario

1800 2914 1807 2920 ’
1853 2934 2076 2975 servare
2110 2919 2382 2975 rationem
2418 2935 2529 2974 non
2553 2916 2904 2974 diﬁerentem
2932 2931 3143 2976 naturae
3165 2921 3442 2991 gignentia

1851 3010 2062 3083 dictum
2094 3025 2238 3080 saepe
2265 3009 2820 3080 demonstratumque
2854 3018 2958 3065 est.
3015 3011 3157 3066 Ecce
3197 3012 3343 3066 enim
3383 3021 3442 3066 ct

1853 3108 2050 3155 natura
2086 3099 2181 3154 ﬁlii
2217 3100 2333 3165 irae,
2364 3109 2421 3156 et
2458 3100 2554 3155 ﬁlii
2588 3100 2996 3156 incredulitatis
3019 3108 3073 3156 et
3103 3101 3436 3171 iniquitatis,

1852 3195 1908 3243 et
1942 3188 2038 3243 ﬁlii
2087 3188 2464 3254 tenebrarum,
2510 3197 2567 3245 et
2606 3188 2704 3257 ﬁlii
2750 3190 2902 3254 mali,
2928 3200 2983 3244 et
3018 3189 3114 3244 ﬁlii
3142 3191 3307 3262 hujus
3334 3207 3440 3245 sa:-

1853 3282 1985 3345 euli,
2013 3290 2069 3336 et
2109 3280 2479 3348 ﬁliidiaboli;
2512 3282 2608 3338 sed
2636 3291 2694 3338 et
2725 3281 2820 3337 ﬁlii
2856 3283 2993 3349 Dei,
3033 3291 3090 3339 et
3130 3299 3198 3338 ex
3234 3283 3439 3338 volun-

1854 3382 1964 3430 tate
1995 3373 2093 3429 Dei
2123 3373 2261 3437 nati,
2294 3382 2352 3428 et
2379 3374 2474 3429 ﬁlii
2512 3374 2677 3440 lueis,
2710 3382 2766 3428 et
2804 3374 2901 3428 ﬁlii
2934 3374 3070 3439 diei,
3109 3383 3164 3430 et
3196 3373 3290 3428 ﬁlii
3323 3374 3439 3428 for-

1854 3466 2129 3531 titudinis,
2183 3476 2240 3522 et
2288 3465 2384 3521 ﬁlii
2445 3466 2685 3531 Excelsi,
2734 3466 3000 3521 dietmtur
3049 3467 3107 3522 in
3153 3466 3440 3538 Scriptura

1852 3573 2028 3622 saera,
2058 3558 2359 3613 secundum
2387 3557 2714 3612 diﬁ‘erentes
2745 3558 2925 3627 quoad
2960 3558 3238 3628 propriam
3276 3559 3442 3612 ratio-

1852 3664 1977 3705 nem
2023 3651 2429 3720 generationes,
2459 3657 2516 3703 et
2558 3649 2863 3703 secundum
2901 3649 3175 3720 cujusque
3204 3666 3438 3720 genera-

1855 3739 2023 3795 tionis
2049 3740 2293 3794 modum.
2326 3740 2392 3794 Et
2426 3740 2642 3793 nullum
2674 3755 2743 3794 ex
2780 3740 2871 3794 his
2915 3742 3198 3809 generatis
3229 3741 3440 3796 diceret

1851 3831 1974 3902 quis
2005 3847 2125 3887 esse
2153 3848 2221 3888 ex
2254 3831 2586 3887 necessitate
2611 3831 3133 3886 consubstantialem
3170 3833 3436 3903 gignenti.

1852 3925 1967 3979 Non
1995 3924 2142 3978 cnim
2178 3932 2306 3978 sunt
2337 3924 2416 3978 ira
2441 3923 2534 3977 ﬁlii
2566 3925 2681 3986 irze,
2708 3938 2889 3994 neque
2918 3925 3182 3978 seculunt
3214 3926 3308 3979 ﬁlii
3335 3942 3436 3980 sm-

1849 4015 1983 4079 euli,
2033 4029 2213 4083 neque
2244 4012 2320 4067 dii
2362 4013 2542 4082 quoad
2575 4013 2940 4075 substantiam
2976 4013 3075 4067 lilii
3106 4014 3197 4067 llei
3222 4032 3435 4078 attines,

1850 4122 2028 4176 neque
2055 4105 2558 4160 consubstantiales
2601 4105 2830 4159 Excelsa
2857 4105 2951 4159 ﬁlii
2986 4105 3218 4160 Excelsi.
3268 4107 3439 4177 Igitur

1850 4199 2086 4275 primum
2111 4197 2356 4267 quidem,
2380 4212 2489 4251 non
2515 4212 2582 4251 ex
2612 4211 2679 4251 eo
2709 4197 2856 4265 quod
2886 4197 3095 4267 aliquid
3128 4207 3216 4253 est
3243 4213 3307 4252 ex
3336 4200 3438 4253 ali.

1848 4290 2126 4362 quo,_idco
2149 4290 2282 4344 illud
2302 4299 2359 4343 et
2376 4289 2554 4344 simile
2586 4289 2813 4343 omnino
2829 4305 2948 4344 esse
2970 4290 3020 4347 in
3041 4298 3151 4343 tota
3176 4290 3435 4345 substan~

1852 4381 1939 4435 tiae
1954 4396 2066 4435 suae
2088 4380 2299 4433 ratione
2320 4395 2544 4435 necesse
2566 4393 2670 4435 est.
2687 4381 2887 4435 lterum
2905 4398 3037 4452 ergo
3053 4382 3301 4437 dicemus
3322 4392 3437 4437 tum

166 4471 280 4544 εἶχε
310 4474 372 4526 τὸ
403 4472 623 4540 εὕλογον
666 4475 699 4544 ἡ
752 4474 982 4544 ἀπορία,
1012 4476 1060 4526 εί
1079 4476 1221 4529 κατὰ
1250 4475 1308 4529 τὸ
1337 4476 1470 4528 αὐτὸ
1502 4478 1597 4530 καὶ
1622 4470 1737 4532 ὡσ-

1854 4471 2003 4526 vobis
2018 4481 2251 4527 vestram
2269 4470 2646 4552 difficultatem
2671 4473 2872 4527 habere
2891 4474 3097 4544 aliquid
3112 4475 3435 4536 verisimile.

165 4567 344 4630 αὕτως
378 4566 468 4619 τὸν
495 4566 659 4620 αὐτὸν
700 4566 759 4632 ἐξ
787 4567 1051 4636 ἐκατέρου
1103 4566 1534 4638 προεληλυθέναι
1590 4571 1744 4642 εἰρή-

165 4677 340 4730 καμεν
371 4659 625 4729 Χριστόν.
686 4658 747 4712 Et
780 4658 889 4729 γάρ
921 4658 1043 4711 ἐπεὶ
1077 4661 1220 4714 κατὰ
1255 4660 1354 4731 τὴν
1394 4662 1625 4734 θιότητα
1680 4664 1746 4717 ἐκ

164 4754 377 4824 Πατρὸς
406 4752 756 4821 γεγέννηται,
781 4754 875 4806 καὶ
902 4753 1045 4808 κατά
1094 4754 1194 4825 τὴν
1222 4752 1454 4826 θεότητα
1503 4758 1568 4809 ἐκ
1618 4757 1742 4826 Μη-

163 4841 288 4914 τρὸς
316 4844 345 4894 ὁ
379 4842 541 4904 αὐτὸς
565 4841 909 4912 γεγέννηται,
939 4844 1143 4913 ἑτέρως
1200 4843 1406 4914 μέντοι,
1450 4845 1619 4917 ἤγουν
1660 4847 1743 4900 ὃτι

163 4938 533 5009 σεσαρκωται,
567 4935 657 4988 τὸν
680 4934 844 4989 αὑτὸν
878 4936 1159 4989 ἀπαιτεῖτε
1188 4935 1346 5005 λόγον
1381 4937 1515 5008 πρὸς
1549 4938 1743 4992 ἑκάτε-

170 5044 261 5098 ρον
307 5027 418 5080 τῶν
459 5027 805 5099 γεννητόρων
853 5025 998 5097 ἔχειν
1027 5026 1189 5079 αὑτὸν
1216 5027 1340 5080 κατ’
1377 5029 1589 5093 οὐσίαν,
1622 5030 1744 5084 δέον

165 5121 307 5189 ὑμᾶς
360 5119 541 5188 λέγειν
574 5120 668 5174 καὶ
702 5119 1074 5190 Πέτρον,ὲπεὶ
1107 5118 1248 5172 κατά
1291 5119 1390 5191 τὴν
1418 5121 1608 5174 οὐσίαν
1637 5122 1745 5175 ὑπὸ

174 5213 331 5266 Ἰωνᾶ
383 5211 729 5281 γεγέννηται,
766 5212 863 5264 καὶ
910 5211 1052 5263 κατὰ
1103 5211 1203 5278 τὴν
1257 5210 1445 5267 οὐσίαν
1474 5211 1552 5283 τῷ
1603 5214 1744 5285 ἀγίῳ

166 5305 441 5374 Πνεύματι
491 5301 925 5374 ἐμφορούμενος,
990 5301 1150 5355 τοῦτό
1196 5319 1253 5355 τε
1311 5304 1746 5376 ἐπενδυσάμενος

165 5395 540 5467 πνευματικδς
567 5394 915 5463 γεγέννηται,
948 5391 1144 5456 σώζειν
1183 5394 1347 5447 αὐτὸν
1378 5396 1478 5466 τήν
1508 5412 1567 5448 τε
1608 5397 1747 5467 πρὸς

164 5486 252 5540 τὸν
303 5487 489 5539 Ἰωνᾶν
522 5487 616 5540 καὶ
645 5485 745 5556 τὴν
785 5485 920 5555 πρὸς
948 5485 1006 5537 τὸ
1043 5484 1200 5552 ἅγιον
1235 5486 1460 5554 Πνεῦμα
1503 5488 1644 5542 κατά
1686 5490 1747 5544 τὸ

162 5579 283 5635 ὅλον
312 5580 407 5633 καὶ
452 5579 551 5632 οὐκ
617 5579 680 5631 ἐκ
744 5578 944 5649 μέρους
1002 5579 1127 5631 κατ’
1168 5577 1355 5632 οὐσίαν
1410 5579 1744 5650 ὁμοιότητα·

171 5669 266 5724 καὶ
295 5670 343 5722 εἰ
396 5667 575 5736 τοῦτο,
608 5670 826 5732 πάντως
885 5669 980 5722 καὶ
1023 5666 1203 5731 Ἰωνᾶς
1236 5668 1266 5719 ό
1298 5666 1489 5721 τούτου
1541 5670 1745 5741 πατὴρ,

170 5758 279 5828 list
314 5760 413 5834 τὴν
437 5761 573 5833 προς
607 5760 666 5814 τὸ
697 5758 851 5830 ἀγιον
880 5758 1106 5831 ιινεῦμα
1134 5752 1474 5816 κατόὐσίαν
1495 5762 1747 5834 ὁμοιότη-

1847 4565 1892 4619 si
1917 4563 2020 4618 sub
2055 4563 2254 4619 eodem
2288 4550 2541 4633 respectu
2571 4571 2628 4617 et
2653 4564 2879 4619 omnino
2900 4564 3155 4620 eumdem
3183 4581 3253 4620 ex
3284 4574 3438 4620 utro-

1847 4674 1954 4728 que
1978 4658 2301 4728 provenisse
2330 4655 2616 4712 Christum
2650 4655 2981 4712 dixerimus.
3019 4657 3074 4712 Si
3108 4659 3279 4721 enim,
3304 4658 3435 4729 quia

1849 4749 2155 4805 secundum
2199 4749 2543 4804 divinitatem
2592 4764 2660 4803 ex
2688 4749 2849 4803 Patre
2880 4750 3100 4818 genitus
3131 4760 3215 4802 est
3251 4758 3307 4801 et
3345 4764 3436 4803 ses

1848 4841 2091 4897 eundum
2111 4840 2459 4897 divinitatem
2481 4857 2548 4896 ex
2571 4849 2742 4895 matre
2769 4840 2913 4895 idem
2942 4841 3163 4911 genitus
3192 4849 3297 4901 est,
3328 4839 3435 4892 alin

1851 4940 2030 4986 tamen
2085 4931 2270 4993 modo,
2305 4931 2518 4986 scilicet
2553 4930 2960 4991 incarnatione.
3013 4930 3265 4983 eamdem
3296 4943 3434 4982 con-

1850 5024 2076 5079 tenditis
2106 5039 2233 5078 eum
2260 5023 2464 5079 habere
2496 5022 2761 5078 rationem
2790 5022 3013 5076 relative
3038 5022 3105 5077 ad
3136 5031 3434 5094 utrumque

1847 5115 2188 5186 gignentium
2243 5116 2425 5186 quoad
2471 5116 2857 5179 substantiam,
2918 5114 3217 5170 dicendum
3275 5116 3434 5168 vehi;
3517 5189 3525 5196 Ι

1847 5207 1957 5262 erit
2005 5207 2250 5271 Petrum,
2300 5207 2430 5276 quia
2473 5207 2653 5277 quoad
2704 5206 3068 5262 substantiam
3099 5219 3129 5260 a
3163 5204 3303 5259 Jona
3336 5218 3432 5275 ge-

1850 5301 1999 5356 nitus
2049 5310 2172 5366 est,
2224 5310 2283 5356 et
2332 5299 2514 5370 quoad
2561 5299 2926 5355 substantiam
2974 5297 3185 5367 Spiritu
3241 5307 3433 5351 sancto

1849 5392 2064 5472 amatus
2118 5400 2175 5447 et
2249 5392 2648 5462 superindutus
2702 5391 2969 5462 spiritalis
3029 5392 3251 5462 genitus
3320 5397 3428 5453 est,

1848 5499 2068 5540 servare
2102 5491 2158 5537 et
2204 5483 2271 5537 ad
2300 5482 2494 5545 .lonam
2526 5492 2584 5539 et
2616 5482 2683 5536 ad
2727 5482 2994 5552 Spiritum
3032 5491 3307 5545 sanctum,
3344 5494 3438 5535 se.

1849 5575 2091 5631 cundum
2163 5584 2376 5640 totum,
2436 5584 2493 5630 et
2539 5592 2648 5630 non
2698 5591 2765 5629 ex
2826 5585 3012 5644 parte,
3063 5574 3245 5644 quoad
3297 5574 3432 5630 sub-

1849 5668 2111 5723 stantiam
2162 5668 2605 5724 similitudinem.
2653 5668 2722 5723 Et
2766 5667 2810 5721 si
2858 5672 2931 5721 ita
2980 5676 3085 5731 est,
3115 5666 3343 5721 omnino
3376 5674 3433 5721 et

1849 5762 2038 5829 Jonas,
2089 5762 2260 5835 ipsius
2291 5771 2464 5833 pater,
2500 5761 2729 5839 habebit
2769 5761 2835 5817 ad
2867 5760 3138 5833 Spiritum
3180 5767 3433 5817 sanctum
