  <div class='ocr_page' id='page_1' title='image "/cluster/home/n/w/nwhite01/storage/ocr_20150623/86 pars.1/pst.000005712878/884.png"; bbox 0 0 3908 6306; ppageno 0'>
   <div class='ocr_carea' id='block_1_1' title="bbox 176 280 326 348">
    <p class='ocr_par' dir='ltr' id='par_1_1' title="bbox 176 280 326 348">
     <span class='ocr_line' id='line_1_1' title="bbox 176 280 326 348; baseline 0.02 -3"><span class='ocrx_word' id='word_1_1' title='bbox 176 280 326 348; x_wconf 72' lang='grc' dir='ltr'>ιοςι</span> 
     </span>
    </p>
   </div>
   <div class='ocr_carea' id='block_1_2' title="bbox 1149 280 2543 348">
    <p class='ocr_par' dir='ltr' id='par_1_2' title="bbox 1149 280 2543 348">
     <span class='ocr_line' id='line_1_2' title="bbox 1149 280 2543 348; baseline -0.002 -2"><span class='ocrx_word' id='word_1_2' title='bbox 1149 284 1547 348; x_wconf 75' lang='lat' dir='ltr'><strong>ADVERSUS</strong></span> <span class='ocrx_word' id='word_1_3' title='bbox 1583 280 2132 346; x_wconf 82' lang='lat' dir='ltr'><strong>NESTORIANOS.</strong></span> <span class='ocrx_word' id='word_1_4' title='bbox 2165 305 2232 315; x_wconf 81' lang='lat'><strong>—&#39;</strong></span> <span class='ocrx_word' id='word_1_5' title='bbox 2254 283 2401 345; x_wconf 90' lang='lat' dir='ltr'><strong>LIB.</strong></span> <span class='ocrx_word' id='word_1_6' title='bbox 2443 284 2543 345; x_wconf 80' lang='lat' dir='ltr'><strong>IV.</strong></span> 
     </span>
    </p>
   </div>
   <div class='ocr_carea' id='block_1_3' title="bbox 3313 276 3475 344">
    <p class='ocr_par' dir='ltr' id='par_1_3' title="bbox 3313 276 3475 344">
     <span class='ocr_line' id='line_1_3' title="bbox 3313 276 3475 344; baseline 0.012 -2"><span class='ocrx_word' id='word_1_7' title='bbox 3313 276 3475 344; x_wconf 75' lang='lat'><strong>1682&quot;</strong></span> 
     </span>
    </p>
   </div>
   <div class='ocr_carea' id='block_1_4' title="bbox 165 397 1774 481">
    <p class='ocr_par' dir='ltr' id='par_1_4' title="bbox 165 402 1771 481">
     <span class='ocr_line' id='line_1_4' title="bbox 165 402 1771 481; baseline -0.001 -21"><span class='ocrx_word' id='word_1_8' title='bbox 165 406 404 472; x_wconf 73' lang='grc' dir='ltr'>λέγεται</span> <span class='ocrx_word' id='word_1_9' title='bbox 436 407 595 478; x_wconf 79' lang='grc' dir='ltr'>ἴσμεν</span> <span class='ocrx_word' id='word_1_10' title='bbox 619 425 633 472; x_wconf 89' lang='lat'><strong>;</strong></span> <span class='ocrx_word' id='word_1_11' title='bbox 656 407 719 462; x_wconf 67' lang='lat' dir='ltr'><strong>Et</strong></span> <span class='ocrx_word' id='word_1_12' title='bbox 750 408 859 481; x_wconf 87' lang='grc' dir='ltr'>γὰρ</span> <span class='ocrx_word' id='word_1_13' title='bbox 891 410 1050 478; x_wconf 85' lang='grc' dir='ltr'>μόνον</span> <span class='ocrx_word' id='word_1_14' title='bbox 1080 409 1141 461; x_wconf 76' lang='grc' dir='ltr'>ἐκ</span> <span class='ocrx_word' id='word_1_15' title='bbox 1173 406 1269 476; x_wconf 79' lang='grc' dir='ltr'>τῆς</span> <span class='ocrx_word' id='word_1_16' title='bbox 1295 406 1390 460; x_wconf 87' lang='grc' dir='ltr'><strong>τοῦ</strong></span> <span class='ocrx_word' id='word_1_17' title='bbox 1415 402 1556 461; x_wconf 79' lang='grc' dir='ltr'>εἶναι</span> <span class='ocrx_word' id='word_1_18' title='bbox 1594 405 1771 467; x_wconf 79' lang='grc' dir='ltr'><strong>αἰτίας</strong></span> 
     </span>
    </p>
   </div>
   <div class='ocr_carea' id='block_1_5' title="bbox 1878 397 3446 481">
    <p class='ocr_par' dir='ltr' id='par_1_5' title="bbox 1878 397 3446 472">
     <span class='ocr_line' id='line_1_5' title="bbox 1878 397 3446 472; baseline -0.004 -15"><span class='ocrx_word' id='word_1_19' title='bbox 1878 401 2117 457; x_wconf 89' lang='lat' dir='ltr'><strong>eundum</strong></span> <span class='ocrx_word' id='word_1_20' title='bbox 2147 401 2297 472; x_wconf 90' lang='lat' dir='ltr'><strong>quod</strong></span> <span class='ocrx_word' id='word_1_21' title='bbox 2363 398 2861 465; x_wconf 85' lang='lat' dir='ltr'><strong>dicitur,scimus?</strong></span> <span class='ocrx_word' id='word_1_22' title='bbox 2898 397 2954 452; x_wconf 91' lang='lat' dir='ltr'><strong>Si</strong></span> <span class='ocrx_word' id='word_1_23' title='bbox 3004 397 3154 453; x_wconf 87' lang='lat' dir='ltr'><strong>enim</strong></span> <span class='ocrx_word' id='word_1_24' title='bbox 3213 406 3446 452; x_wconf 81' lang='lat' dir='ltr'><strong>tantum-</strong></span> 
     </span>
    </p>
   </div>
   <div class='ocr_carea' id='block_1_6' title="bbox 177 497 1773 571">
    <p class='ocr_par' dir='ltr' id='par_1_6' title="bbox 177 497 1773 571">
     <span class='ocr_line' id='line_1_6' title="bbox 177 497 1773 571; baseline 0.003 -22"><span class='ocrx_word' id='word_1_25' title='bbox 177 501 287 566; x_wconf 61' lang='grc' dir='ltr'>τὴν</span> <span class='ocrx_word' id='word_1_26' title='bbox 318 500 540 569; x_wconf 74' lang='grc' dir='ltr'>υῑότητα</span> <span class='ocrx_word' id='word_1_27' title='bbox 568 501 773 554; x_wconf 87' lang='grc' dir='ltr'>τούτων</span> <span class='ocrx_word' id='word_1_28' title='bbox 803 502 1097 571; x_wconf 75' lang='grc' dir='ltr'>γνωρίζετε</span> <span class='ocrx_word' id='word_1_29' title='bbox 1137 498 1300 564; x_wconf 75' lang='grc' dir='ltr'>εἶναι,</span> <span class='ocrx_word' id='word_1_30' title='bbox 1332 499 1486 553; x_wconf 74' lang='grc' dir='ltr'>ἔσται</span> <span class='ocrx_word' id='word_1_31' title='bbox 1521 500 1665 569; x_wconf 80' lang='grc' dir='ltr'>ὑμᾶς</span> <span class='ocrx_word' id='word_1_32' title='bbox 1713 497 1773 562; x_wconf 82' lang='grc' dir='ltr'>ἐξ</span> 
     </span>
    </p>
   </div>
   <div class='ocr_carea' id='block_1_7' title="bbox 171 591 1774 662">
    <p class='ocr_par' dir='ltr' id='par_1_7' title="bbox 171 591 1774 662">
     <span class='ocr_line' id='line_1_7' title="bbox 171 591 1774 662; baseline 0 -20"><span class='ocrx_word' id='word_1_33' title='bbox 171 592 437 662; x_wconf 77' lang='grc' dir='ltr'>ἀνάγκης</span> <span class='ocrx_word' id='word_1_34' title='bbox 456 591 733 658; x_wconf 64' lang='grc' dir='ltr'>τοξάζειν,</span> <span class='ocrx_word' id='word_1_35' title='bbox 773 595 847 658; x_wconf 85' lang='grc' dir='ltr'>ὼς</span> <span class='ocrx_word' id='word_1_36' title='bbox 885 594 1086 657; x_wconf 85' lang='grc' dir='ltr'>Ἰούδας</span> <span class='ocrx_word' id='word_1_37' title='bbox 1114 611 1173 647; x_wconf 85' lang='grc' dir='ltr'><strong>τε</strong></span> <span class='ocrx_word' id='word_1_38' title='bbox 1201 592 1294 646; x_wconf 70' lang='grc' dir='ltr'><strong>καὶ</strong></span> <span class='ocrx_word' id='word_1_39' title='bbox 1322 595 1349 647; x_wconf 89' lang='grc' dir='ltr'>ὁ</span> <span class='ocrx_word' id='word_1_40' title='bbox 1380 592 1627 655; x_wconf 76' lang='grc' dir='ltr'>διάϐολος</span> <span class='ocrx_word' id='word_1_41' title='bbox 1652 593 1774 644; x_wconf 71' lang='grc' dir='ltr'>ἐπεὶ</span> 
     </span>
    </p>
   </div>
   <div class='ocr_carea' id='block_1_8' title="bbox 174 675 1772 754">
    <p class='ocr_par' dir='ltr' id='par_1_8' title="bbox 174 675 1772 754">
     <span class='ocr_line' id='line_1_8' title="bbox 174 675 1772 754; baseline 0.003 -23"><span class='ocrx_word' id='word_1_42' title='bbox 174 682 295 732; x_wconf 71' lang='lat' dir='ltr'><strong>uio‘.</strong></span> <span class='ocrx_word' id='word_1_43' title='bbox 342 681 592 748; x_wconf 88' lang='grc' dir='ltr'>λέγονται</span> <span class='ocrx_word' id='word_1_44' title='bbox 649 683 944 747; x_wconf 83' lang='grc' dir='ltr'>ἀπωλείας,</span> <span class='ocrx_word' id='word_1_45' title='bbox 978 683 1111 754; x_wconf 83' lang='grc' dir='ltr'>παρ’</span> <span class='ocrx_word' id='word_1_46' title='bbox 1140 683 1312 752; x_wconf 79' lang='grc' dir='ltr'>αὐτῆς</span> <span class='ocrx_word' id='word_1_47' title='bbox 1379 682 1472 735; x_wconf 79' lang='grc' dir='ltr'>καὶ</span> <span class='ocrx_word' id='word_1_48' title='bbox 1518 682 1578 734; x_wconf 76' lang='grc' dir='ltr'><strong>τὸ</strong></span> <span class='ocrx_word' id='word_1_49' title='bbox 1632 675 1772 734; x_wconf 78' lang='grc' dir='ltr'>εἶναι</span> 
     </span>
    </p>
   </div>
   <div class='ocr_carea' id='block_1_9' title="bbox 173 769 1774 844">
    <p class='ocr_par' dir='ltr' id='par_1_9' title="bbox 173 769 1774 844">
     <span class='ocr_line' id='line_1_9' title="bbox 173 769 1774 844; baseline 0.001 -22"><span class='ocrx_word' id='word_1_50' title='bbox 173 772 404 826; x_wconf 70' lang='grc' dir='ltr'>ἐλαϐονθ</span> <span class='ocrx_word' id='word_1_51' title='bbox 424 775 471 828; x_wconf 87' lang='grc' dir='ltr'>εἰ</span> <span class='ocrx_word' id='word_1_52' title='bbox 493 774 658 829; x_wconf 75' lang='grc' dir='ltr'>δὲκαὶ</span> <span class='ocrx_word' id='word_1_53' title='bbox 686 776 843 844; x_wconf 74' lang='grc' dir='ltr'>ὑμεῖς</span> <span class='ocrx_word' id='word_1_54' title='bbox 871 793 1028 844; x_wconf 78' lang='grc' dir='ltr'>φατε,</span> <span class='ocrx_word' id='word_1_55' title='bbox 1047 776 1127 829; x_wconf 74' lang='grc' dir='ltr'>ὅτι</span> <span class='ocrx_word' id='word_1_56' title='bbox 1148 775 1208 826; x_wconf 71' lang='grc' dir='ltr'><strong>τὸ</strong></span> <span class='ocrx_word' id='word_1_57' title='bbox 1241 775 1342 842; x_wconf 72' lang='grc' dir='ltr'><strong>μὲν</strong></span> <span class='ocrx_word' id='word_1_58' title='bbox 1362 769 1503 827; x_wconf 79' lang='grc' dir='ltr'>εἶναι</span> <span class='ocrx_word' id='word_1_59' title='bbox 1528 773 1556 826; x_wconf 88' lang='grc' dir='ltr'>ὁ</span> <span class='ocrx_word' id='word_1_60' title='bbox 1572 773 1774 835; x_wconf 86' lang='grc' dir='ltr'>Ἰούδας</span> 
     </span>
    </p>
   </div>
   <div class='ocr_carea' id='block_1_10' title="bbox 185 863 1774 934">
    <p class='ocr_par' dir='ltr' id='par_1_10' title="bbox 185 863 1774 934">
     <span class='ocr_line' id='line_1_10' title="bbox 185 863 1774 934; baseline -0.001 -17"><span class='ocrx_word' id='word_1_61' title='bbox 185 865 300 918; x_wconf 70' lang='grc' dir='ltr'><strong>καὶ</strong></span> <span class='ocrx_word' id='word_1_62' title='bbox 367 867 416 918; x_wconf 83' lang='grc' dir='ltr'>οἱ</span> <span class='ocrx_word' id='word_1_63' title='bbox 468 868 645 920; x_wconf 72' lang='grc' dir='ltr'>λοιποὶ</span> <span class='ocrx_word' id='word_1_64' title='bbox 678 869 730 920; x_wconf 77' lang='grc' dir='ltr'>οἱ</span> <span class='ocrx_word' id='word_1_65' title='bbox 769 868 890 921; x_wconf 85' lang='grc' dir='ltr'>κατ’</span> <span class='ocrx_word' id='word_1_66' title='bbox 917 867 1080 922; x_wconf 81' lang='grc' dir='ltr'>αὐτὸν</span> <span class='ocrx_word' id='word_1_67' title='bbox 1126 867 1191 919; x_wconf 82' lang='grc' dir='ltr'>ἐκ</span> <span class='ocrx_word' id='word_1_68' title='bbox 1217 865 1351 918; x_wconf 88' lang='grc' dir='ltr'>Θεοῦ</span> <span class='ocrx_word' id='word_1_69' title='bbox 1382 864 1538 934; x_wconf 77' lang='grc' dir='ltr'>ἔσχον</span> <span class='ocrx_word' id='word_1_70' title='bbox 1577 880 1589 891; x_wconf 90' lang='grc'>·</span> <span class='ocrx_word' id='word_1_71' title='bbox 1626 865 1685 917; x_wconf 71' lang='grc' dir='ltr'>τὸ</span> <span class='ocrx_word' id='word_1_72' title='bbox 1719 863 1774 918; x_wconf 82' lang='grc' dir='ltr'>δὲ</span> 
     </span>
    </p>
   </div>
   <div class='ocr_carea' id='block_1_11' title="bbox 180 952 1775 1028">
    <p class='ocr_par' dir='ltr' id='par_1_11' title="bbox 180 952 1775 1028">
     <span class='ocr_line' id='line_1_11' title="bbox 180 952 1775 1028; baseline -0.001 -21"><span class='ocrx_word' id='word_1_73' title='bbox 180 956 417 1009; x_wconf 75' lang='grc' dir='ltr'>τοιῶσδε</span> <span class='ocrx_word' id='word_1_74' title='bbox 448 952 611 1021; x_wconf 81' lang='grc' dir='ltr'>εἶναι,</span> <span class='ocrx_word' id='word_1_75' title='bbox 635 957 735 1010; x_wconf 83' lang='grc' dir='ltr'><strong>οὐκ</strong></span> <span class='ocrx_word' id='word_1_76' title='bbox 764 956 921 1028; x_wconf 80' lang='grc' dir='ltr'>ἔσχον</span> <span class='ocrx_word' id='word_1_77' title='bbox 946 957 1010 1009; x_wconf 79' lang='grc' dir='ltr'>ἐκ</span> <span class='ocrx_word' id='word_1_78' title='bbox 1035 955 1171 1009; x_wconf 84' lang='grc' dir='ltr'>Θεοῦ</span> <span class='ocrx_word' id='word_1_79' title='bbox 1200 973 1212 986; x_wconf 74' lang='grc'><strong><em>³</em></strong></span> <span class='ocrx_word' id='word_1_80' title='bbox 1251 954 1385 1008; x_wconf 65' lang='grc' dir='ltr'>καθὸ</span> <span class='ocrx_word' id='word_1_81' title='bbox 1416 952 1668 1022; x_wconf 84' lang='grc' dir='ltr'>λέγονταί</span> <span class='ocrx_word' id='word_1_82' title='bbox 1694 970 1775 1005; x_wconf 77' lang='grc' dir='ltr'>τι·</span> 
     </span>
    </p>
   </div>
   <div class='ocr_carea' id='block_1_12' title="bbox 182 1044 1772 1118">
    <p class='ocr_par' dir='ltr' id='par_1_12' title="bbox 182 1044 1772 1118">
     <span class='ocr_line' id='line_1_12' title="bbox 182 1044 1772 1118; baseline -0.003 -17"><span class='ocrx_word' id='word_1_83' title='bbox 182 1065 287 1112; x_wconf 84' lang='grc' dir='ltr'><strong>νες</strong></span> <span class='ocrx_word' id='word_1_84' title='bbox 310 1048 420 1102; x_wconf 73' lang='grc' dir='ltr'>υἱοὶ</span> <span class='ocrx_word' id='word_1_85' title='bbox 449 1049 678 1110; x_wconf 81' lang='grc' dir='ltr'>σκότους</span> <span class='ocrx_word' id='word_1_86' title='bbox 708 1051 801 1102; x_wconf 65' lang='grc' dir='ltr'><strong>καὶ</strong></span> <span class='ocrx_word' id='word_1_87' title='bbox 836 1049 1081 1118; x_wconf 76' lang='grc' dir='ltr'><strong>κατάρας</strong></span> <span class='ocrx_word' id='word_1_88' title='bbox 1112 1049 1177 1118; x_wconf 80' lang='grc' dir='ltr'>τῇ</span> <span class='ocrx_word' id='word_1_89' title='bbox 1213 1044 1493 1115; x_wconf 74' lang='grc' dir='ltr'>ὁμωνύμῳ</span> <span class='ocrx_word' id='word_1_90' title='bbox 1523 1044 1731 1114; x_wconf 80' lang='grc' dir='ltr'>υἰότητι</span> <span class='ocrx_word' id='word_1_91' title='bbox 1758 1082 1772 1105; x_wconf 85' lang='grc'><strong>,</strong></span> 
     </span>
    </p>
   </div>
   <div class='ocr_carea' id='block_1_13' title="bbox 179 1133 1774 1210">
    <p class='ocr_par' dir='ltr' id='par_1_13' title="bbox 179 1133 1774 1210">
     <span class='ocr_line' id='line_1_13' title="bbox 179 1133 1774 1210; baseline -0.005 -17"><span class='ocrx_word' id='word_1_92' title='bbox 179 1138 318 1193; x_wconf 84' lang='grc' dir='ltr'>καθ’</span> <span class='ocrx_word' id='word_1_93' title='bbox 352 1140 593 1210; x_wconf 74' lang='grc' dir='ltr'>ἑκάτερα</span> <span class='ocrx_word' id='word_1_94' title='bbox 640 1137 969 1206; x_wconf 77' lang='grc' dir='ltr'><strong>διεγνώκατε</strong></span> <span class='ocrx_word' id='word_1_95' title='bbox 1028 1136 1357 1207; x_wconf 77' lang='grc' dir='ltr'>λεγομένους</span> <span class='ocrx_word' id='word_1_96' title='bbox 1410 1135 1558 1197; x_wconf 72' lang='grc' dir='ltr'>υἱούς</span> <span class='ocrx_word' id='word_1_97' title='bbox 1584 1150 1595 1163; x_wconf 87' lang='grc'><strong>·</strong></span> <span class='ocrx_word' id='word_1_98' title='bbox 1631 1135 1689 1186; x_wconf 79' lang='grc' dir='ltr'>ἐν</span> <span class='ocrx_word' id='word_1_99' title='bbox 1717 1133 1774 1186; x_wconf 76' lang='grc' dir='ltr'>δὲ</span> 
     </span>
    </p>
   </div>
   <div class='ocr_carea' id='block_1_14' title="bbox 174 1225 1775 1301">
    <p class='ocr_par' dir='ltr' id='par_1_14' title="bbox 174 1225 1775 1301">
     <span class='ocr_line' id='line_1_14' title="bbox 174 1225 1775 1301; baseline -0.003 -19"><span class='ocrx_word' id='word_1_100' title='bbox 174 1232 305 1293; x_wconf 80' lang='grc' dir='ltr'>τοῖς</span> <span class='ocrx_word' id='word_1_101' title='bbox 349 1232 686 1301; x_wconf 80' lang='grc' dir='ltr'>ὁμωνύμοις,</span> <span class='ocrx_word' id='word_1_102' title='bbox 714 1229 867 1283; x_wconf 74' lang='grc' dir='ltr'>οὐδὲν</span> <span class='ocrx_word' id='word_1_103' title='bbox 921 1228 1125 1298; x_wconf 78' lang='grc' dir='ltr'>μᾶλλον</span> <span class='ocrx_word' id='word_1_104' title='bbox 1172 1227 1267 1280; x_wconf 76' lang='grc' dir='ltr'><strong>τοῦ</strong></span> <span class='ocrx_word' id='word_1_105' title='bbox 1330 1226 1518 1297; x_wconf 83' lang='grc' dir='ltr'>ἑτέρου</span> <span class='ocrx_word' id='word_1_106' title='bbox 1566 1225 1775 1296; x_wconf 75' lang='grc' dir='ltr'>κυρίως</span> 
     </span>
    </p>
   </div>
   <div class='ocr_carea' id='block_1_15' title="bbox 176 1316 1765 1390">
    <p class='ocr_par' dir='ltr' id='par_1_15' title="bbox 176 1316 1765 1390">
     <span class='ocr_line' id='line_1_15' title="bbox 176 1316 1765 1390; baseline -0.003 -18"><span class='ocrx_word' id='word_1_107' title='bbox 176 1322 506 1390; x_wconf 78' lang='grc' dir='ltr'>ὠνόμασται</span> <span class='ocrx_word' id='word_1_108' title='bbox 533 1337 546 1349; x_wconf 75' lang='grc' dir='ltr'><strong>ο</strong></span> <span class='ocrx_word' id='word_1_109' title='bbox 572 1320 705 1373; x_wconf 79' lang='grc' dir='ltr'>οἵτε</span> <span class='ocrx_word' id='word_1_110' title='bbox 733 1319 843 1390; x_wconf 74' lang='grc' dir='ltr'>γὰρ</span> <span class='ocrx_word' id='word_1_111' title='bbox 866 1319 1027 1373; x_wconf 83' lang='grc' dir='ltr'>πάλιν</span> <span class='ocrx_word' id='word_1_112' title='bbox 1051 1318 1115 1371; x_wconf 78' lang='grc' dir='ltr'>ἐκ</span> <span class='ocrx_word' id='word_1_113' title='bbox 1155 1318 1445 1388; x_wconf 83' lang='grc' dir='ltr'>μετανοίας</span> <span class='ocrx_word' id='word_1_114' title='bbox 1477 1316 1613 1389; x_wconf 79' lang='grc' dir='ltr'>πρὸς</span> <span class='ocrx_word' id='word_1_115' title='bbox 1636 1317 1765 1387; x_wconf 81' lang='grc' dir='ltr'>ἀρε-</span> 
     </span>
    </p>
   </div>
   <div class='ocr_carea' id='block_1_16' title="bbox 185 1408 1765 1482">
    <p class='ocr_par' dir='ltr' id='par_1_16' title="bbox 185 1408 1765 1482">
     <span class='ocr_line' id='line_1_16' title="bbox 185 1408 1765 1482; baseline -0.001 -19"><span class='ocrx_word' id='word_1_116' title='bbox 185 1410 297 1480; x_wconf 74' lang='grc' dir='ltr'><strong>τὴν</strong></span> <span class='ocrx_word' id='word_1_117' title='bbox 327 1411 419 1463; x_wconf 81' lang='grc' dir='ltr'>καὶ</span> <span class='ocrx_word' id='word_1_118' title='bbox 448 1411 536 1465; x_wconf 82' lang='grc' dir='ltr'><strong>διὰ</strong></span> <span class='ocrx_word' id='word_1_119' title='bbox 571 1411 807 1474; x_wconf 82' lang='grc' dir='ltr'>πίστεως</span> <span class='ocrx_word' id='word_1_120' title='bbox 845 1411 922 1482; x_wconf 85' lang='grc' dir='ltr'>τῷ</span> <span class='ocrx_word' id='word_1_121' title='bbox 953 1409 1232 1480; x_wconf 81' lang='grc' dir='ltr'>Πνεύματι</span> <span class='ocrx_word' id='word_1_122' title='bbox 1271 1408 1765 1480; x_wconf 80' lang='grc' dir='ltr'>ὰναγεννηοέντες,</span> 
     </span>
    </p>
   </div>
   <div class='ocr_carea' id='block_1_17' title="bbox 180 1492 1770 1574">
    <p class='ocr_par' dir='ltr' id='par_1_17' title="bbox 180 1492 1770 1574">
     <span class='ocr_line' id='line_1_17' title="bbox 180 1492 1770 1574; baseline 0 -21"><span class='ocrx_word' id='word_1_123' title='bbox 180 1502 300 1555; x_wconf 66' lang='grc' dir='ltr'>υἱοὶ</span> <span class='ocrx_word' id='word_1_124' title='bbox 332 1492 642 1572; x_wconf 74' lang='grc' dir='ltr'>Νυμφῶνος</span> <span class='ocrx_word' id='word_1_125' title='bbox 674 1504 767 1557; x_wconf 78' lang='grc' dir='ltr'><strong>καὶ</strong></span> <span class='ocrx_word' id='word_1_126' title='bbox 794 1504 960 1557; x_wconf 87' lang='grc' dir='ltr'>τέκνα</span> <span class='ocrx_word' id='word_1_127' title='bbox 986 1501 1266 1574; x_wconf 81' lang='grc' dir='ltr'>βασιλείας</span> <span class='ocrx_word' id='word_1_128' title='bbox 1308 1501 1401 1554; x_wconf 78' lang='grc' dir='ltr'><strong>καὶ</strong></span> <span class='ocrx_word' id='word_1_129' title='bbox 1438 1501 1505 1554; x_wconf 81' lang='grc' dir='ltr'>τὰ</span> <span class='ocrx_word' id='word_1_130' title='bbox 1546 1501 1770 1554; x_wconf 82' lang='grc' dir='ltr'>τοιαῦτα</span> 
     </span>
    </p>
   </div>
   <div class='ocr_carea' id='block_1_18' title="bbox 176 1597 884 1668">
    <p class='ocr_par' dir='ltr' id='par_1_18' title="bbox 176 1597 884 1668">
     <span class='ocr_line' id='line_1_18' title="bbox 176 1597 884 1668; baseline -0.003 -15"><span class='ocrx_word' id='word_1_131' title='bbox 176 1597 287 1653; x_wconf 75' lang='grc' dir='ltr'><strong>καὶ</strong></span> <span class='ocrx_word' id='word_1_132' title='bbox 323 1598 452 1667; x_wconf 87' lang='grc' dir='ltr'>ύμῖν</span> <span class='ocrx_word' id='word_1_133' title='bbox 482 1598 884 1668; x_wconf 74' lang='grc' dir='ltr'><strong>ὡμολόγηνται.</strong></span> 
     </span>
    </p>
   </div>
   <div class='ocr_carea' id='block_1_19' title="bbox 1871 487 3452 548">
    <p class='ocr_par' dir='ltr' id='par_1_19' title="bbox 1871 487 3452 548">
     <span class='ocr_line' id='line_1_19' title="bbox 1871 487 3452 548; baseline -0.005 0"><span class='ocrx_word' id='word_1_134' title='bbox 1871 493 2036 548; x_wconf 83' lang='lat' dir='ltr'><strong>modo</strong></span> <span class='ocrx_word' id='word_1_135' title='bbox 2063 508 2133 548; x_wconf 85' lang='lat' dir='ltr'><strong>ex</strong></span> <span class='ocrx_word' id='word_1_136' title='bbox 2156 507 2319 548; x_wconf 85' lang='lat' dir='ltr'><strong>causa</strong></span> <span class='ocrx_word' id='word_1_137' title='bbox 2333 506 2446 548; x_wconf 82' lang='lat' dir='ltr'><strong>suae</strong></span> <span class='ocrx_word' id='word_1_138' title='bbox 2462 491 2797 547; x_wconf 79' lang='lat' dir='ltr'><strong>exsistentiae</strong></span> <span class='ocrx_word' id='word_1_139' title='bbox 2816 489 3021 544; x_wconf 87' lang='lat' dir='ltr'><strong>habere</strong></span> <span class='ocrx_word' id='word_1_140' title='bbox 3037 488 3172 543; x_wconf 92' lang='lat' dir='ltr'><strong>istos</strong></span> <span class='ocrx_word' id='word_1_141' title='bbox 3196 503 3350 542; x_wconf 90' lang='lat' dir='ltr'><strong>suam</strong></span> <span class='ocrx_word' id='word_1_142' title='bbox 3386 487 3452 540; x_wconf 78' lang='lat' dir='ltr'><strong>fi-</strong></span> 
     </span>
    </p>
   </div>
   <div class='ocr_carea' id='block_1_20' title="bbox 1871 579 3455 649">
    <p class='ocr_par' dir='ltr' id='par_1_20' title="bbox 1871 579 3455 649">
     <span class='ocr_line' id='line_1_20' title="bbox 1871 579 3455 649; baseline -0.004 -10"><span class='ocrx_word' id='word_1_143' title='bbox 1871 585 2155 640; x_wconf 87' lang='lat' dir='ltr'><strong>liationem</strong></span> <span class='ocrx_word' id='word_1_144' title='bbox 2188 583 2412 649; x_wconf 80' lang='lat' dir='ltr'><strong>ducitis,</strong></span> <span class='ocrx_word' id='word_1_145' title='bbox 2443 583 2754 638; x_wconf 84' lang='lat' dir='ltr'><strong>necessario</strong></span> <span class='ocrx_word' id='word_1_146' title='bbox 2786 581 2941 637; x_wconf 85' lang='lat' dir='ltr'><strong>vobis</strong></span> <span class='ocrx_word' id='word_1_147' title='bbox 2964 579 3318 637; x_wconf 89' lang='lat' dir='ltr'><strong>sentiendum</strong></span> <span class='ocrx_word' id='word_1_148' title='bbox 3344 579 3455 634; x_wconf 86' lang='lat' dir='ltr'><strong>erit</strong></span> 
     </span>
    </p>
   </div>
   <div class='ocr_carea' id='block_1_21' title="bbox 1870 672 3467 745">
    <p class='ocr_par' dir='ltr' id='par_1_21' title="bbox 1870 672 3467 745">
     <span class='ocr_line' id='line_1_21' title="bbox 1870 672 3467 745; baseline -0.003 -12"><span class='ocrx_word' id='word_1_149' title='bbox 1870 687 1928 733; x_wconf 91' lang='lat' dir='ltr'><strong>et</strong></span> <span class='ocrx_word' id='word_1_150' title='bbox 1957 677 2153 733; x_wconf 85' lang='lat' dir='ltr'><strong>Judam</strong></span> <span class='ocrx_word' id='word_1_151' title='bbox 2184 685 2240 731; x_wconf 92' lang='lat' dir='ltr'><strong>et</strong></span> <span class='ocrx_word' id='word_1_152' title='bbox 2266 675 2571 741; x_wconf 88' lang='lat' dir='ltr'><strong>diabolum,</strong></span> <span class='ocrx_word' id='word_1_153' title='bbox 2608 675 2738 744; x_wconf 86' lang='lat' dir='ltr'><strong>quia</strong></span> <span class='ocrx_word' id='word_1_154' title='bbox 2768 674 3030 729; x_wconf 86' lang='lat' dir='ltr'><strong>dicuntur</strong></span> <span class='ocrx_word' id='word_1_155' title='bbox 3058 674 3154 729; x_wconf 85' lang='lat' dir='ltr'><strong>lilii</strong></span> <span class='ocrx_word' id='word_1_156' title='bbox 3189 672 3467 745; x_wconf 83' lang='lat' dir='ltr'><strong>perditio-</strong></span> 
     </span>
    </p>
   </div>
   <div class='ocr_carea' id='block_1_22' title="bbox 1871 765 3465 839">
    <p class='ocr_par' dir='ltr' id='par_1_22' title="bbox 1871 765 3465 839">
     <span class='ocr_line' id='line_1_22' title="bbox 1871 765 3465 839; baseline -0.003 -15"><span class='ocrx_word' id='word_1_157' title='bbox 1871 770 1979 835; x_wconf 87' lang='lat' dir='ltr'><strong>nis,</strong></span> <span class='ocrx_word' id='word_1_158' title='bbox 2012 770 2083 824; x_wconf 89' lang='lat' dir='ltr'><strong>ab</strong></span> <span class='ocrx_word' id='word_1_159' title='bbox 2111 769 2227 839; x_wconf 88' lang='lat' dir='ltr'><strong>ipsa</strong></span> <span class='ocrx_word' id='word_1_160' title='bbox 2261 782 2486 839; x_wconf 91' lang='lat' dir='ltr'><strong>quoque</strong></span> <span class='ocrx_word' id='word_1_161' title='bbox 2520 766 2897 821; x_wconf 83' lang='lat' dir='ltr'><strong>exsistentiam</strong></span> <span class='ocrx_word' id='word_1_162' title='bbox 2926 766 3239 836; x_wconf 66' lang='lat' dir='ltr'><strong>accepisse;</strong></span> <span class='ocrx_word' id='word_1_163' title='bbox 3264 765 3396 821; x_wconf 90' lang='lat' dir='ltr'><strong>dum</strong></span> <span class='ocrx_word' id='word_1_164' title='bbox 3420 779 3465 820; x_wconf 51' lang='lat' dir='ltr'><strong>ex</strong></span> 
     </span>
    </p>
   </div>
   <div class='ocr_carea' id='block_1_23' title="bbox 1872 856 3479 930">
    <p class='ocr_par' dir='ltr' id='par_1_23' title="bbox 1872 856 3479 930">
     <span class='ocr_line' id='line_1_23' title="bbox 1872 856 3479 930; baseline -0.004 -14"><span class='ocrx_word' id='word_1_165' title='bbox 1872 869 2067 917; x_wconf 90' lang='lat' dir='ltr'><strong>contra</strong></span> <span class='ocrx_word' id='word_1_166' title='bbox 2111 868 2167 916; x_wconf 91' lang='lat' dir='ltr'><strong>et</strong></span> <span class='ocrx_word' id='word_1_167' title='bbox 2200 875 2301 915; x_wconf 84' lang='lat' dir='ltr'><strong>vos</strong></span> <span class='ocrx_word' id='word_1_168' title='bbox 2325 859 2514 915; x_wconf 80' lang='lat' dir='ltr'><strong>dicitis</strong></span> <span class='ocrx_word' id='word_1_169' title='bbox 2544 874 2667 916; x_wconf 87' lang='lat' dir='ltr'><strong>esse</strong></span> <span class='ocrx_word' id='word_1_170' title='bbox 2709 859 2933 930; x_wconf 85' lang='lat' dir='ltr'><strong>quidem</strong></span> <span class='ocrx_word' id='word_1_171' title='bbox 2972 874 3134 915; x_wconf 90' lang='lat' dir='ltr'><strong>suum</strong></span> <span class='ocrx_word' id='word_1_172' title='bbox 3173 856 3369 913; x_wconf 87' lang='lat' dir='ltr'><strong>Judam</strong></span> <span class='ocrx_word' id='word_1_173' title='bbox 3398 865 3479 912; x_wconf 73' lang='lat' dir='ltr'><strong>et.</strong></span> 
     </span>
    </p>
   </div>
   <div class='ocr_carea' id='block_1_24' title="bbox 1874 951 3477 1019">
    <p class='ocr_par' dir='ltr' id='par_1_24' title="bbox 1874 951 3477 1019">
     <span class='ocr_line' id='line_1_24' title="bbox 1874 951 3477 1019; baseline -0.002 -11"><span class='ocrx_word' id='word_1_174' title='bbox 1874 954 2014 1008; x_wconf 89' lang='lat' dir='ltr'><strong>alios</strong></span> <span class='ocrx_word' id='word_1_175' title='bbox 2058 953 2363 1008; x_wconf 90' lang='lat' dir='ltr'><strong>secundum</strong></span> <span class='ocrx_word' id='word_1_176' title='bbox 2403 967 2556 1017; x_wconf 91' lang='lat' dir='ltr'><strong>eum,</strong></span> <span class='ocrx_word' id='word_1_177' title='bbox 2605 967 2636 1006; x_wconf 88' lang='lat' dir='ltr'><strong>a</strong></span> <span class='ocrx_word' id='word_1_178' title='bbox 2680 952 2794 1008; x_wconf 89' lang='lat' dir='ltr'><strong>Deo</strong></span> <span class='ocrx_word' id='word_1_179' title='bbox 2843 951 3082 1019; x_wconf 85' lang='lat' dir='ltr'><strong>habere;</strong></span> <span class='ocrx_word' id='word_1_180' title='bbox 3117 966 3239 1008; x_wconf 89' lang='lat' dir='ltr'><strong>esse</strong></span> <span class='ocrx_word' id='word_1_181' title='bbox 3268 962 3477 1007; x_wconf 66' lang='lat' dir='ltr'><strong>autem.</strong></span> 
     </span>
    </p>
   </div>
   <div class='ocr_carea' id='block_1_25' title="bbox 1877 1041 3481 1113">
    <p class='ocr_par' dir='ltr' id='par_1_25' title="bbox 1877 1041 3481 1113">
     <span class='ocr_line' id='line_1_25' title="bbox 1877 1041 3481 1113; baseline -0.004 -13"><span class='ocrx_word' id='word_1_182' title='bbox 1877 1045 2015 1100; x_wconf 92' lang='lat' dir='ltr'><strong>tales</strong></span> <span class='ocrx_word' id='word_1_183' title='bbox 2047 1044 2154 1100; x_wconf 87' lang='lat' dir='ltr'><strong>hoc</strong></span> <span class='ocrx_word' id='word_1_184' title='bbox 2177 1060 2243 1100; x_wconf 90' lang='lat' dir='ltr'><strong>ex</strong></span> <span class='ocrx_word' id='word_1_185' title='bbox 2268 1045 2381 1100; x_wconf 90' lang='lat' dir='ltr'><strong>Deo</strong></span> <span class='ocrx_word' id='word_1_186' title='bbox 2411 1059 2522 1099; x_wconf 89' lang='lat' dir='ltr'><strong>non</strong></span> <span class='ocrx_word' id='word_1_187' title='bbox 2548 1044 2776 1099; x_wconf 88' lang='lat' dir='ltr'><strong>habere.</strong></span> <span class='ocrx_word' id='word_1_188' title='bbox 2807 1043 2868 1098; x_wconf 84' lang='grc' dir='ltr'><strong>ιη</strong></span> <span class='ocrx_word' id='word_1_189' title='bbox 2893 1051 3162 1113; x_wconf 85' lang='lat' dir='ltr'><strong>quantum</strong></span> <span class='ocrx_word' id='word_1_190' title='bbox 3191 1041 3481 1098; x_wconf 87' lang='lat' dir='ltr'><strong>dicuntur-</strong></span> 
     </span>
    </p>
   </div>
   <div class='ocr_carea' id='block_1_26' title="bbox 1875 1134 3456 1206">
    <p class='ocr_par' dir='ltr' id='par_1_26' title="bbox 1875 1134 3456 1206">
     <span class='ocr_line' id='line_1_26' title="bbox 1875 1134 3456 1206; baseline -0.001 -16"><span class='ocrx_word' id='word_1_191' title='bbox 1875 1136 2099 1206; x_wconf 89' lang='lat' dir='ltr'><strong>quidam</strong></span> <span class='ocrx_word' id='word_1_192' title='bbox 2150 1135 2248 1191; x_wconf 81' lang='lat' dir='ltr'><strong>ﬁlii</strong></span> <span class='ocrx_word' id='word_1_193' title='bbox 2293 1136 2651 1192; x_wconf 87' lang='lat' dir='ltr'><strong>tenebrarum</strong></span> <span class='ocrx_word' id='word_1_194' title='bbox 2702 1144 2760 1192; x_wconf 86' lang='lat' dir='ltr'><strong>et</strong></span> <span class='ocrx_word' id='word_1_195' title='bbox 2808 1135 3213 1191; x_wconf 86' lang='lat' dir='ltr'><strong>maledictionis</strong></span> <span class='ocrx_word' id='word_1_196' title='bbox 3262 1134 3456 1189; x_wconf 86' lang='lat' dir='ltr'><strong>homo-</strong></span> 
     </span>
    </p>
   </div>
   <div class='ocr_carea' id='block_1_27' title="bbox 1876 1224 3469 1299">
    <p class='ocr_par' dir='ltr' id='par_1_27' title="bbox 1876 1224 3469 1299">
     <span class='ocr_line' id='line_1_27' title="bbox 1876 1224 3469 1299; baseline -0.002 -17"><span class='ocrx_word' id='word_1_197' title='bbox 1876 1244 2040 1299; x_wconf 85' lang='lat' dir='ltr'><strong>nyma</strong></span> <span class='ocrx_word' id='word_1_198' title='bbox 2068 1228 2354 1289; x_wconf 79' lang='lat' dir='ltr'><strong>filiatione,</strong></span> <span class='ocrx_word' id='word_1_199' title='bbox 2384 1227 2487 1284; x_wconf 90' lang='lat' dir='ltr'><strong>bos</strong></span> <span class='ocrx_word' id='word_1_200' title='bbox 2520 1227 2823 1282; x_wconf 89' lang='lat' dir='ltr'><strong>secundum</strong></span> <span class='ocrx_word' id='word_1_201' title='bbox 2854 1236 3151 1297; x_wconf 88' lang='lat' dir='ltr'><strong>utrumque</strong></span> <span class='ocrx_word' id='word_1_202' title='bbox 3175 1224 3284 1281; x_wconf 89' lang='lat' dir='ltr'><strong>dici</strong></span> <span class='ocrx_word' id='word_1_203' title='bbox 3316 1224 3469 1280; x_wconf 73' lang='lat' dir='ltr'><strong>filios.</strong></span> 
     </span>
    </p>
   </div>
   <div class='ocr_carea' id='block_1_28' title="bbox 1878 1320 3473 1394">
    <p class='ocr_par' dir='ltr' id='par_1_28' title="bbox 1878 1320 3473 1394">
     <span class='ocr_line' id='line_1_28' title="bbox 1878 1320 3473 1394; baseline 0.001 -20"><span class='ocrx_word' id='word_1_204' title='bbox 1878 1320 2199 1389; x_wconf 83' lang='lat' dir='ltr'><strong>agnovistis.</strong></span> <span class='ocrx_word' id='word_1_205' title='bbox 2254 1321 2314 1376; x_wconf 89' lang='lat' dir='ltr'><strong>ln</strong></span> <span class='ocrx_word' id='word_1_206' title='bbox 2363 1322 2712 1394; x_wconf 88' lang='lat' dir='ltr'><strong>bomonymis</strong></span> <span class='ocrx_word' id='word_1_207' title='bbox 2756 1331 2938 1378; x_wconf 88' lang='lat' dir='ltr'><strong>autem</strong></span> <span class='ocrx_word' id='word_1_208' title='bbox 2979 1330 3236 1377; x_wconf 90' lang='lat' dir='ltr'><strong>neutrum</strong></span> <span class='ocrx_word' id='word_1_209' title='bbox 3282 1322 3473 1377; x_wconf 65' lang='lat' dir='ltr'><strong>altero.</strong></span> 
     </span>
    </p>
   </div>
   <div class='ocr_carea' id='block_1_29' title="bbox 1879 1412 3465 1485">
    <p class='ocr_par' dir='ltr' id='par_1_29' title="bbox 1879 1412 3465 1485">
     <span class='ocr_line' id='line_1_29' title="bbox 1879 1412 3465 1485; baseline 0.003 -18"><span class='ocrx_word' id='word_1_210' title='bbox 1879 1412 2174 1482; x_wconf 80' lang='lat' dir='ltr'><strong>specialius</strong></span> <span class='ocrx_word' id='word_1_211' title='bbox 2216 1413 2625 1471; x_wconf 86' lang='lat' dir='ltr'><strong>denominatur.</strong></span> <span class='ocrx_word' id='word_1_212' title='bbox 2665 1414 2770 1482; x_wconf 84' lang='lat' dir='ltr'><strong>Qui</strong></span> <span class='ocrx_word' id='word_1_213' title='bbox 2808 1416 2955 1471; x_wconf 86' lang='lat' dir='ltr'><strong>enim</strong></span> <span class='ocrx_word' id='word_1_214' title='bbox 2983 1416 3181 1470; x_wconf 88' lang='lat' dir='ltr'><strong>iterum</strong></span> <span class='ocrx_word' id='word_1_215' title='bbox 3212 1429 3313 1485; x_wconf 90' lang='lat' dir='ltr'><strong>per</strong></span> <span class='ocrx_word' id='word_1_216' title='bbox 3344 1430 3465 1485; x_wconf 73' lang='lat' dir='ltr'><strong>pm-</strong></span> 
     </span>
    </p>
   </div>
   <div class='ocr_carea' id='block_1_30' title="bbox 1878 1504 3459 1577">
    <p class='ocr_par' dir='ltr' id='par_1_30' title="bbox 1878 1504 3459 1577">
     <span class='ocr_line' id='line_1_30' title="bbox 1878 1504 3459 1577; baseline 0.001 -19"><span class='ocrx_word' id='word_1_217' title='bbox 1878 1504 2166 1559; x_wconf 87' lang='lat' dir='ltr'><strong>nitentiam</strong></span> <span class='ocrx_word' id='word_1_218' title='bbox 2192 1504 2259 1560; x_wconf 91' lang='lat' dir='ltr'><strong>ad</strong></span> <span class='ocrx_word' id='word_1_219' title='bbox 2276 1505 2565 1572; x_wconf 76' lang='lat' dir='ltr'><strong>virtutem,</strong></span> <span class='ocrx_word' id='word_1_220' title='bbox 2582 1515 2639 1562; x_wconf 91' lang='lat' dir='ltr'><strong>et</strong></span> <span class='ocrx_word' id='word_1_221' title='bbox 2661 1521 2758 1575; x_wconf 89' lang='lat' dir='ltr'><strong>per</strong></span> <span class='ocrx_word' id='word_1_222' title='bbox 2775 1506 2937 1562; x_wconf 79' lang='lat' dir='ltr'><strong>fidem</strong></span> <span class='ocrx_word' id='word_1_223' title='bbox 2958 1507 3016 1562; x_wconf 91' lang='lat' dir='ltr'><strong>in</strong></span> <span class='ocrx_word' id='word_1_224' title='bbox 3048 1507 3313 1577; x_wconf 84' lang='lat' dir='ltr'><strong>Spiritum</strong></span> <span class='ocrx_word' id='word_1_225' title='bbox 3335 1521 3459 1561; x_wconf 88' lang='lat' dir='ltr'><strong>san-</strong></span> 
     </span>
    </p>
   </div>
   <div class='ocr_carea' id='block_1_31' title="bbox 1889 1597 3463 1671">
    <p class='ocr_par' dir='ltr' id='par_1_31' title="bbox 1889 1597 3463 1671">
     <span class='ocr_line' id='line_1_31' title="bbox 1889 1597 3463 1671; baseline 0.001 -22"><span class='ocrx_word' id='word_1_226' title='bbox 1889 1605 2038 1652; x_wconf 85' lang='lat' dir='ltr'><strong>etum</strong></span> <span class='ocrx_word' id='word_1_227' title='bbox 2096 1599 2403 1666; x_wconf 77' lang='lat' dir='ltr'><strong>regenerati</strong></span> <span class='ocrx_word' id='word_1_228' title='bbox 2460 1607 2587 1654; x_wconf 89' lang='lat' dir='ltr'><strong>sunt</strong></span> <span class='ocrx_word' id='word_1_229' title='bbox 2616 1642 2632 1668; x_wconf 89' lang='lat'><strong>,</strong></span> <span class='ocrx_word' id='word_1_230' title='bbox 2664 1597 2762 1655; x_wconf 82' lang='lat' dir='ltr'><strong>ﬁlii</strong></span> <span class='ocrx_word' id='word_1_231' title='bbox 2822 1600 3040 1671; x_wconf 89' lang='lat' dir='ltr'><strong>Sponsi,</strong></span> <span class='ocrx_word' id='word_1_232' title='bbox 3070 1608 3126 1655; x_wconf 91' lang='lat' dir='ltr'><strong>et</strong></span> <span class='ocrx_word' id='word_1_233' title='bbox 3155 1599 3248 1654; x_wconf 85' lang='lat' dir='ltr'><strong>filii</strong></span> <span class='ocrx_word' id='word_1_234' title='bbox 3283 1599 3463 1671; x_wconf 80' lang='lat' dir='ltr'><strong>regni,</strong></span> 
     </span>
    </p>
   </div>
   <div class='ocr_carea' id='block_1_32' title="bbox 1883 1687 3205 1763">
    <p class='ocr_par' dir='ltr' id='par_1_32' title="bbox 1883 1687 3205 1763">
     <span class='ocr_line' id='line_1_32' title="bbox 1883 1687 3205 1763; baseline 0.003 -22"><span class='ocrx_word' id='word_1_235' title='bbox 1883 1697 1939 1741; x_wconf 86' lang='lat' dir='ltr'><strong>et</strong></span> <span class='ocrx_word' id='word_1_236' title='bbox 1962 1687 2065 1742; x_wconf 87' lang='lat' dir='ltr'><strong>alia</strong></span> <span class='ocrx_word' id='word_1_237' title='bbox 2090 1688 2313 1754; x_wconf 77' lang='lat' dir='ltr'><strong>similia,</strong></span> <span class='ocrx_word' id='word_1_238' title='bbox 2348 1701 2404 1744; x_wconf 89' lang='lat' dir='ltr'><strong>et</strong></span> <span class='ocrx_word' id='word_1_239' title='bbox 2441 1705 2472 1745; x_wconf 91' lang='lat' dir='ltr'><strong>a</strong></span> <span class='ocrx_word' id='word_1_240' title='bbox 2503 1691 2665 1749; x_wconf 85' lang='lat' dir='ltr'><strong>vobis</strong></span> <span class='ocrx_word' id='word_1_241' title='bbox 2701 1692 2835 1762; x_wconf 86' lang='lat' dir='ltr'><strong>ipsis</strong></span> <span class='ocrx_word' id='word_1_242' title='bbox 2861 1691 3029 1763; x_wconf 81' lang='lat' dir='ltr'><strong>agniti</strong></span> <span class='ocrx_word' id='word_1_243' title='bbox 3055 1701 3205 1747; x_wconf 86' lang='lat' dir='ltr'><strong>sunt.</strong></span> 
     </span>
    </p>
   </div>
   <div class='ocr_carea' id='block_1_33' title="bbox 260 1781 1774 1860">
    <p class='ocr_par' dir='ltr' id='par_1_33' title="bbox 260 1781 1769 1855">
     <span class='ocr_line' id='line_1_33' title="bbox 260 1781 1769 1855; baseline 0.001 -22"><span class='ocrx_word' id='word_1_244' title='bbox 260 1784 372 1835; x_wconf 68' lang='grc' dir='ltr'>Καὶ</span> <span class='ocrx_word' id='word_1_245' title='bbox 420 1783 538 1846; x_wconf 81' lang='grc' dir='ltr'>πῶς</span> <span class='ocrx_word' id='word_1_246' title='bbox 578 1784 638 1849; x_wconf 83' lang='grc' dir='ltr'><strong>οῦ</strong></span> <span class='ocrx_word' id='word_1_247' title='bbox 681 1783 950 1837; x_wconf 81' lang='grc' dir='ltr'>δεδώκατε</span> <span class='ocrx_word' id='word_1_248' title='bbox 987 1784 1048 1837; x_wconf 83' lang='grc' dir='ltr'>τὸ</span> <span class='ocrx_word' id='word_1_249' title='bbox 1079 1784 1413 1855; x_wconf 73' lang='grc' dir='ltr'>ζητούμενον</span> <span class='ocrx_word' id='word_1_250' title='bbox 1455 1785 1621 1854; x_wconf 81' lang='grc' dir='ltr'><strong>ἠμῖν;</strong></span> <span class='ocrx_word' id='word_1_251' title='bbox 1661 1781 1769 1834; x_wconf 76' lang='grc' dir='ltr'>ἰδοῦ</span> 
     </span>
    </p>
   </div>
   <div class='ocr_carea' id='block_1_34' title="bbox 1878 1781 3460 1860">
    <p class='ocr_par' dir='ltr' id='par_1_34' title="bbox 1952 1783 3460 1860">
     <span class='ocr_line' id='line_1_34' title="bbox 1952 1783 3460 1860; baseline 0.005 -23"><span class='ocrx_word' id='word_1_252' title='bbox 1952 1783 2017 1839; x_wconf 84' lang='grc' dir='ltr'>Ει</span> <span class='ocrx_word' id='word_1_253' title='bbox 2060 1785 2342 1855; x_wconf 86' lang='lat' dir='ltr'><strong>quomodo</strong></span> <span class='ocrx_word' id='word_1_254' title='bbox 2386 1802 2499 1843; x_wconf 91' lang='lat' dir='ltr'><strong>non</strong></span> <span class='ocrx_word' id='word_1_255' title='bbox 2538 1789 2888 1844; x_wconf 88' lang='lat' dir='ltr'><strong>concessistis</strong></span> <span class='ocrx_word' id='word_1_256' title='bbox 2912 1789 3059 1858; x_wconf 90' lang='lat' dir='ltr'><strong>quod</strong></span> <span class='ocrx_word' id='word_1_257' title='bbox 3087 1805 3189 1857; x_wconf 85' lang='lat' dir='ltr'><strong>nos</strong></span> <span class='ocrx_word' id='word_1_258' title='bbox 3218 1791 3460 1860; x_wconf 79' lang='lat' dir='ltr'><strong>postula-</strong></span> 
     </span>
    </p>
   </div>
   <div class='ocr_carea' id='block_1_35' title="bbox 174 1871 1767 1946">
    <p class='ocr_par' dir='ltr' id='par_1_35' title="bbox 174 1871 1767 1946">
     <span class='ocr_line' id='line_1_35' title="bbox 174 1871 1767 1946; baseline -0.001 -18"><span class='ocrx_word' id='word_1_259' title='bbox 174 1875 298 1943; x_wconf 75' lang='grc' dir='ltr'>γὰρ</span> <span class='ocrx_word' id='word_1_260' title='bbox 326 1874 385 1928; x_wconf 79' lang='grc' dir='ltr'>τὸ</span> <span class='ocrx_word' id='word_1_261' title='bbox 422 1875 642 1935; x_wconf 61' lang='grc' dir='ltr'>’ςοιῶσδε</span> <span class='ocrx_word' id='word_1_262' title='bbox 668 1871 830 1937; x_wconf 77' lang='grc' dir='ltr'>εἶναι,</span> <span class='ocrx_word' id='word_1_263' title='bbox 861 1879 952 1930; x_wconf 72' lang='grc' dir='ltr'>καὶ</span> <span class='ocrx_word' id='word_1_264' title='bbox 977 1877 1184 1931; x_wconf 79' lang='grc' dir='ltr'>τοιοῦδέ</span> <span class='ocrx_word' id='word_1_265' title='bbox 1206 1894 1352 1940; x_wconf 89' lang='grc' dir='ltr'>τινος</span> <span class='ocrx_word' id='word_1_266' title='bbox 1381 1874 1767 1946; x_wconf 78' lang='grc' dir='ltr'>μετειληφέναι</span> 
     </span>
    </p>
   </div>
   <div class='ocr_carea' id='block_1_36' title="bbox 172 1966 1766 2036">
    <p class='ocr_par' dir='ltr' id='par_1_36' title="bbox 172 1966 1766 2036">
     <span class='ocr_line' id='line_1_36' title="bbox 172 1966 1766 2036; baseline -0.001 -14"><span class='ocrx_word' id='word_1_267' title='bbox 172 1969 330 2031; x_wconf 74' lang='grc' dir='ltr'>τινὰ,</span> <span class='ocrx_word' id='word_1_268' title='bbox 371 1966 631 2031; x_wconf 80' lang='grc' dir='ltr'>πολλάκις</span> <span class='ocrx_word' id='word_1_269' title='bbox 674 1969 773 2036; x_wconf 83' lang='grc' dir='ltr'><strong>μὲν</strong></span> <span class='ocrx_word' id='word_1_270' title='bbox 806 1970 1070 2034; x_wconf 79' lang='grc' dir='ltr'>ἐνουσίου,</span> <span class='ocrx_word' id='word_1_271' title='bbox 1103 1969 1366 2031; x_wconf 76' lang='grc' dir='ltr'>πολλάκις</span> <span class='ocrx_word' id='word_1_272' title='bbox 1415 1968 1472 2021; x_wconf 83' lang='grc' dir='ltr'>δὲ</span> <span class='ocrx_word' id='word_1_273' title='bbox 1532 1968 1625 2021; x_wconf 73' lang='grc' dir='ltr'><strong>καὶ</strong></span> <span class='ocrx_word' id='word_1_274' title='bbox 1671 1968 1766 2020; x_wconf 86' lang='grc' dir='ltr'><strong>ἀν-</strong></span> 
     </span>
    </p>
   </div>
   <div class='ocr_carea' id='block_1_37' title="bbox 173 2054 1768 2132">
    <p class='ocr_par' dir='ltr' id='par_1_37' title="bbox 173 2054 1768 2132">
     <span class='ocr_line' id='line_1_37' title="bbox 173 2054 1768 2132; baseline -0.002 -19"><span class='ocrx_word' id='word_1_275' title='bbox 173 2062 493 2113; x_wconf 77' lang='grc' dir='ltr'>υποστάτου</span> <span class='ocrx_word' id='word_1_276' title='bbox 522 2061 688 2126; x_wconf 74' lang='grc' dir='ltr'>τινὸς,</span> <span class='ocrx_word' id='word_1_277' title='bbox 729 2060 844 2114; x_wconf 75' lang='grc' dir='ltr'>υἱὸν</span> <span class='ocrx_word' id='word_1_278' title='bbox 872 2061 1027 2115; x_wconf 82' lang='grc' dir='ltr'>τοῦδε</span> <span class='ocrx_word' id='word_1_279' title='bbox 1059 2061 1276 2132; x_wconf 78' lang='grc' dir='ltr'>ἀληθῶς</span> <span class='ocrx_word' id='word_1_280' title='bbox 1324 2054 1462 2112; x_wconf 80' lang='grc' dir='ltr'>εἶναι</span> <span class='ocrx_word' id='word_1_281' title='bbox 1489 2059 1583 2112; x_wconf 88' lang='grc' dir='ltr'>καί</span> <span class='ocrx_word' id='word_1_282' title='bbox 1611 2058 1768 2126; x_wconf 85' lang='grc' dir='ltr'>λέγε-</span> 
     </span>
    </p>
   </div>
   <div class='ocr_carea' id='block_1_38' title="bbox 178 2148 1771 2221">
    <p class='ocr_par' dir='ltr' id='par_1_38' title="bbox 178 2148 1771 2221">
     <span class='ocr_line' id='line_1_38' title="bbox 178 2148 1771 2221; baseline -0.003 -18"><span class='ocrx_word' id='word_1_283' title='bbox 178 2151 317 2203; x_wconf 72' lang='grc' dir='ltr'>σθαι</span> <span class='ocrx_word' id='word_1_284' title='bbox 346 2153 510 2204; x_wconf 66' lang='grc' dir='ltr'>α-Ζτδν</span> <span class='ocrx_word' id='word_1_285' title='bbox 545 2155 688 2204; x_wconf 78' lang='grc' dir='ltr'>ποιεῖ</span> <span class='ocrx_word' id='word_1_286' title='bbox 713 2171 725 2184; x_wconf 90' lang='grc'><strong>·</strong></span> <span class='ocrx_word' id='word_1_287' title='bbox 758 2154 815 2205; x_wconf 84' lang='grc' dir='ltr'>ἐν</span> <span class='ocrx_word' id='word_1_288' title='bbox 847 2154 953 2221; x_wconf 66' lang='grc' dir='ltr'><strong>γὰρ</strong></span> <span class='ocrx_word' id='word_1_289' title='bbox 983 2154 1094 2215; x_wconf 88' lang='grc' dir='ltr'>τοῖς</span> <span class='ocrx_word' id='word_1_290' title='bbox 1141 2151 1478 2221; x_wconf 85' lang='grc' dir='ltr'>ὁμωνύμοις,</span> <span class='ocrx_word' id='word_1_291' title='bbox 1505 2149 1581 2211; x_wconf 80' lang='grc' dir='ltr'>ὡς</span> <span class='ocrx_word' id='word_1_292' title='bbox 1617 2148 1771 2218; x_wconf 80' lang='grc' dir='ltr'>εἴρη-</span> 
     </span>
    </p>
   </div>
   <div class='ocr_carea' id='block_1_39' title="bbox 174 2235 1771 2311">
    <p class='ocr_par' dir='ltr' id='par_1_39' title="bbox 174 2235 1771 2311">
     <span class='ocr_line' id='line_1_39' title="bbox 174 2235 1771 2311; baseline -0.003 -19"><span class='ocrx_word' id='word_1_293' title='bbox 174 2258 299 2297; x_wconf 78' lang='grc' dir='ltr'>ται,</span> <span class='ocrx_word' id='word_1_294' title='bbox 334 2241 434 2293; x_wconf 74' lang='grc' dir='ltr'><strong>οὐκ</strong></span> <span class='ocrx_word' id='word_1_295' title='bbox 484 2241 629 2293; x_wconf 76' lang='grc' dir='ltr'>ἔστιν</span> <span class='ocrx_word' id='word_1_296' title='bbox 661 2240 849 2311; x_wconf 78' lang='grc' dir='ltr'>ἕτερον</span> <span class='ocrx_word' id='word_1_297' title='bbox 896 2241 1083 2311; x_wconf 81' lang='grc' dir='ltr'>ἐτέρου</span> <span class='ocrx_word' id='word_1_298' title='bbox 1141 2238 1340 2309; x_wconf 79' lang='grc' dir='ltr'>μᾶλλον</span> <span class='ocrx_word' id='word_1_299' title='bbox 1370 2236 1403 2307; x_wconf 83' lang='grc' dir='ltr'>ἢ</span> <span class='ocrx_word' id='word_1_300' title='bbox 1435 2235 1771 2308; x_wconf 79' lang='grc' dir='ltr'>κυριώτερον</span> 
     </span>
    </p>
   </div>
   <div class='ocr_carea' id='block_1_40' title="bbox 173 2327 1770 2400">
    <p class='ocr_par' dir='ltr' id='par_1_40' title="bbox 173 2327 1770 2400">
     <span class='ocr_line' id='line_1_40' title="bbox 173 2327 1770 2400; baseline -0.001 -17"><span class='ocrx_word' id='word_1_301' title='bbox 173 2330 518 2400; x_wconf 67' lang='grc' dir='ltr'>λεγόμενονυ</span> <span class='ocrx_word' id='word_1_302' title='bbox 553 2334 601 2383; x_wconf 82' lang='grc' dir='ltr'><strong>εί</strong></span> <span class='ocrx_word' id='word_1_303' title='bbox 650 2331 758 2400; x_wconf 75' lang='grc' dir='ltr'><strong>γὰρ</strong></span> <span class='ocrx_word' id='word_1_304' title='bbox 807 2332 900 2383; x_wconf 70' lang='grc' dir='ltr'><strong>καὶ</strong></span> <span class='ocrx_word' id='word_1_305' title='bbox 939 2332 1000 2384; x_wconf 85' lang='grc' dir='ltr'><strong>τὸ</strong></span> <span class='ocrx_word' id='word_1_306' title='bbox 1053 2330 1191 2396; x_wconf 78' lang='grc' dir='ltr'>ζῶον</span> <span class='ocrx_word' id='word_1_307' title='bbox 1235 2328 1329 2382; x_wconf 87' lang='grc' dir='ltr'><strong>τοῦ</strong></span> <span class='ocrx_word' id='word_1_308' title='bbox 1378 2327 1770 2399; x_wconf 78' lang='grc' dir='ltr'>γεγραμμένου</span> 
     </span>
    </p>
   </div>
   <div class='ocr_carea' id='block_1_41' title="bbox 180 2419 1770 2493">
    <p class='ocr_par' dir='ltr' id='par_1_41' title="bbox 180 2419 1770 2493">
     <span class='ocr_line' id='line_1_41' title="bbox 180 2419 1770 2493; baseline 0 -21"><span class='ocrx_word' id='word_1_309' title='bbox 180 2423 393 2490; x_wconf 47' lang='grc' dir='ltr'>μᾶλλον</span> <span class='ocrx_word' id='word_1_310' title='bbox 446 2422 612 2485; x_wconf 74' lang='grc' dir='ltr'>δοκεῖ,</span> <span class='ocrx_word' id='word_1_311' title='bbox 675 2423 766 2476; x_wconf 66' lang='grc' dir='ltr'><strong>καὶ</strong></span> <span class='ocrx_word' id='word_1_312' title='bbox 812 2424 1164 2493; x_wconf 77' lang='grc' dir='ltr'>κυριωτέρως</span> <span class='ocrx_word' id='word_1_313' title='bbox 1216 2422 1336 2474; x_wconf 79' lang='grc' dir='ltr'>τόδε</span> <span class='ocrx_word' id='word_1_314' title='bbox 1384 2439 1438 2475; x_wconf 90' lang='grc' dir='ltr'><strong>τι</strong></span> <span class='ocrx_word' id='word_1_315' title='bbox 1493 2419 1770 2488; x_wconf 84' lang='grc' dir='ltr'>λέγεσθαι,</span> 
     </span>
    </p>
   </div>
   <div class='ocr_carea' id='block_1_42' title="bbox 178 2512 1773 2588">
    <p class='ocr_par' dir='ltr' id='par_1_42' title="bbox 178 2512 1773 2588">
     <span class='ocr_line' id='line_1_42' title="bbox 178 2512 1773 2588; baseline -0.003 -18"><span class='ocrx_word' id='word_1_316' title='bbox 178 2515 429 2585; x_wconf 84' lang='grc' dir='ltr'>ἀλλὀὐχ</span> <span class='ocrx_word' id='word_1_317' title='bbox 476 2515 549 2577; x_wconf 87' lang='grc' dir='ltr'>ὡς</span> <span class='ocrx_word' id='word_1_318' title='bbox 609 2516 901 2588; x_wconf 81' lang='grc' dir='ltr'>ὁμώνυμον</span> <span class='ocrx_word' id='word_1_319' title='bbox 951 2515 1118 2578; x_wconf 84' lang='grc' dir='ltr'>τότε,</span> <span class='ocrx_word' id='word_1_320' title='bbox 1177 2514 1396 2577; x_wconf 83' lang='grc' dir='ltr'>ἀλλ’ὡς</span> <span class='ocrx_word' id='word_1_321' title='bbox 1451 2513 1513 2567; x_wconf 84' lang='grc' dir='ltr'><strong>οὐ</strong></span> <span class='ocrx_word' id='word_1_322' title='bbox 1567 2512 1773 2584; x_wconf 81' lang='grc' dir='ltr'>κυρίως</span> 
     </span>
    </p>
   </div>
   <div class='ocr_carea' id='block_1_43' title="bbox 178 2602 1773 2676">
    <p class='ocr_par' dir='ltr' id='par_1_43' title="bbox 178 2602 1773 2676">
     <span class='ocr_line' id='line_1_43' title="bbox 178 2602 1773 2676; baseline -0.002 -19"><span class='ocrx_word' id='word_1_323' title='bbox 178 2604 582 2676; x_wconf 78' lang='grc' dir='ltr'>ὠνομασμένον</span> <span class='ocrx_word' id='word_1_324' title='bbox 602 2605 663 2658; x_wconf 74' lang='grc' dir='ltr'>τὸ</span> <span class='ocrx_word' id='word_1_325' title='bbox 684 2606 889 2676; x_wconf 82' lang='grc' dir='ltr'>κυρίως</span> <span class='ocrx_word' id='word_1_326' title='bbox 914 2605 1218 2675; x_wconf 83' lang='grc' dir='ltr'>ὀνομασθέν</span> <span class='ocrx_word' id='word_1_327' title='bbox 1246 2620 1259 2632; x_wconf 82' lang='grc'><strong>’</strong></span> <span class='ocrx_word' id='word_1_328' title='bbox 1296 2603 1388 2657; x_wconf 89' lang='grc' dir='ltr'><strong>δύο</strong></span> <span class='ocrx_word' id='word_1_329' title='bbox 1412 2602 1543 2672; x_wconf 87' lang='grc' dir='ltr'>γοῦν</span> <span class='ocrx_word' id='word_1_330' title='bbox 1566 2602 1773 2672; x_wconf 83' lang='grc' dir='ltr'>κυρίως</span> 
     </span>
    </p>
   </div>
   <div class='ocr_carea' id='block_1_44' title="bbox 178 2693 1773 2767">
    <p class='ocr_par' dir='ltr' id='par_1_44' title="bbox 178 2693 1773 2767">
     <span class='ocr_line' id='line_1_44' title="bbox 178 2693 1773 2767; baseline -0.002 -17"><span class='ocrx_word' id='word_1_331' title='bbox 178 2698 601 2767; x_wconf 82' lang='grc' dir='ltr'>ὠνομασμένων</span> <span class='ocrx_word' id='word_1_332' title='bbox 629 2700 660 2767; x_wconf 80' lang='grc' dir='ltr'>ἡ</span> <span class='ocrx_word' id='word_1_333' title='bbox 698 2697 990 2767; x_wconf 83' lang='grc' dir='ltr'>ὁμωνυμία</span> <span class='ocrx_word' id='word_1_334' title='bbox 1040 2694 1139 2767; x_wconf 77' lang='grc' dir='ltr'><strong>οὐχ</strong></span> <span class='ocrx_word' id='word_1_335' title='bbox 1188 2696 1299 2764; x_wconf 74' lang='grc' dir='ltr'>ἕξει</span> <span class='ocrx_word' id='word_1_336' title='bbox 1326 2696 1459 2748; x_wconf 83' lang='grc' dir='ltr'>ποτὲ</span> <span class='ocrx_word' id='word_1_337' title='bbox 1483 2695 1544 2747; x_wconf 87' lang='grc' dir='ltr'>τὸ</span> <span class='ocrx_word' id='word_1_338' title='bbox 1573 2693 1773 2764; x_wconf 82' lang='grc' dir='ltr'>μᾶλλον</span> 
     </span>
    </p>
   </div>
   <div class='ocr_carea' id='block_1_45' title="bbox 180 2785 1771 2863">
    <p class='ocr_par' dir='ltr' id='par_1_45' title="bbox 180 2785 1771 2863">
     <span class='ocr_line' id='line_1_45' title="bbox 180 2785 1771 2863; baseline -0.004 -18"><span class='ocrx_word' id='word_1_339' title='bbox 180 2792 288 2845; x_wconf 74' lang='grc' dir='ltr'><strong>καὶ</strong></span> <span class='ocrx_word' id='word_1_340' title='bbox 310 2785 473 2863; x_wconf 81' lang='grc' dir='ltr'>ἦττον</span> <span class='ocrx_word' id='word_1_341' title='bbox 493 2806 506 2820; x_wconf 75' lang='grc'><strong><em>⁸</em></strong></span> <span class='ocrx_word' id='word_1_342' title='bbox 536 2791 597 2843; x_wconf 83' lang='grc' dir='ltr'><strong>ού</strong></span> <span class='ocrx_word' id='word_1_343' title='bbox 627 2791 736 2863; x_wconf 73' lang='grc' dir='ltr'><strong>γὰρ</strong></span> <span class='ocrx_word' id='word_1_344' title='bbox 770 2789 970 2860; x_wconf 84' lang='grc' dir='ltr'>μᾶλλον</span> <span class='ocrx_word' id='word_1_345' title='bbox 1003 2789 1150 2843; x_wconf 84' lang='grc' dir='ltr'>κύων</span> <span class='ocrx_word' id='word_1_346' title='bbox 1175 2792 1203 2842; x_wconf 87' lang='lat'><strong>6</strong></span> <span class='ocrx_word' id='word_1_347' title='bbox 1232 2790 1489 2861; x_wconf 81' lang='grc' dir='ltr'>χερσαῖος</span> <span class='ocrx_word' id='word_1_348' title='bbox 1541 2787 1574 2858; x_wconf 78' lang='grc' dir='ltr'>ἢ</span> <span class='ocrx_word' id='word_1_349' title='bbox 1610 2788 1637 2839; x_wconf 97' lang='lat'><strong>6</strong></span> <span class='ocrx_word' id='word_1_350' title='bbox 1675 2788 1771 2839; x_wconf 84' lang='grc' dir='ltr'>θα-</span> 
     </span>
    </p>
   </div>
   <div class='ocr_carea' id='block_1_46' title="bbox 180 2876 1774 2955">
    <p class='ocr_par' dir='ltr' id='par_1_46' title="bbox 180 2876 1774 2955">
     <span class='ocr_line' id='line_1_46' title="bbox 180 2876 1774 2955; baseline -0.004 -18"><span class='ocrx_word' id='word_1_351' title='bbox 180 2884 426 2948; x_wconf 68' lang='grc' dir='ltr'>λάττιος,</span> <span class='ocrx_word' id='word_1_352' title='bbox 454 2876 616 2955; x_wconf 83' lang='grc' dir='ltr'>ἦττον</span> <span class='ocrx_word' id='word_1_353' title='bbox 646 2881 782 2946; x_wconf 77' lang='grc' dir='ltr'>ζῶον</span> <span class='ocrx_word' id='word_1_354' title='bbox 803 2882 834 2953; x_wconf 80' lang='grc' dir='ltr'>ἢ</span> <span class='ocrx_word' id='word_1_355' title='bbox 856 2881 1023 2937; x_wconf 80' lang='grc' dir='ltr'>κύων.</span> <span class='ocrx_word' id='word_1_356' title='bbox 1047 2881 1120 2935; x_wconf 83' lang='grc' dir='ltr'><strong>Τὸ</strong></span> <span class='ocrx_word' id='word_1_357' title='bbox 1147 2883 1534 2951; x_wconf 73' lang='grc' dir='ltr'>γεγραμμένον</span> <span class='ocrx_word' id='word_1_358' title='bbox 1557 2878 1670 2943; x_wconf 78' lang='grc' dir='ltr'>οὖν,</span> <span class='ocrx_word' id='word_1_359' title='bbox 1697 2878 1774 2942; x_wconf 87' lang='grc' dir='ltr'>ὡς</span> 
     </span>
    </p>
   </div>
   <div class='ocr_carea' id='block_1_47' title="bbox 184 2971 1771 3046">
    <p class='ocr_par' dir='ltr' id='par_1_47' title="bbox 184 2971 1771 3046">
     <span class='ocr_line' id='line_1_47' title="bbox 184 2971 1771 3046; baseline -0.006 -15"><span class='ocrx_word' id='word_1_360' title='bbox 184 2975 367 3031; x_wconf 81' lang='grc' dir='ltr'>αἴτιον</span> <span class='ocrx_word' id='word_1_361' title='bbox 402 2976 434 3046; x_wconf 86' lang='grc' dir='ltr'>ἢ</span> <span class='ocrx_word' id='word_1_362' title='bbox 469 2974 819 3044; x_wconf 77' lang='grc' dir='ltr'>παράδειγμα</span> <span class='ocrx_word' id='word_1_363' title='bbox 854 2975 888 3046; x_wconf 70' lang='grc' dir='ltr'>ἦ</span> <span class='ocrx_word' id='word_1_364' title='bbox 918 2989 974 3027; x_wconf 89' lang='grc' dir='ltr'><strong>τι</strong></span> <span class='ocrx_word' id='word_1_365' title='bbox 1012 2972 1255 3028; x_wconf 88' lang='grc' dir='ltr'>τοιοῦτον</span> <span class='ocrx_word' id='word_1_366' title='bbox 1288 2973 1350 3025; x_wconf 79' lang='grc' dir='ltr'>τὸ</span> <span class='ocrx_word' id='word_1_367' title='bbox 1384 2971 1584 3042; x_wconf 84' lang='grc' dir='ltr'>μᾶλλον</span> <span class='ocrx_word' id='word_1_368' title='bbox 1613 2971 1729 3040; x_wconf 74' lang='grc' dir='ltr'>ἔχει</span> <span class='ocrx_word' id='word_1_369' title='bbox 1757 2986 1771 3002; x_wconf 86' lang='grc'><strong>·</strong></span> 
     </span>
    </p>
   </div>
   <div class='ocr_carea' id='block_1_48' title="bbox 185 3062 1773 3134">
    <p class='ocr_par' dir='ltr' id='par_1_48' title="bbox 185 3062 1773 3134">
     <span class='ocr_line' id='line_1_48' title="bbox 185 3062 1773 3134; baseline -0.006 -9"><span class='ocrx_word' id='word_1_370' title='bbox 185 3071 370 3134; x_wconf 71' lang='grc' dir='ltr'>ἄλλως</span> <span class='ocrx_word' id='word_1_371' title='bbox 393 3086 451 3123; x_wconf 88' lang='grc' dir='ltr'><strong>τε</strong></span> <span class='ocrx_word' id='word_1_372' title='bbox 474 3071 522 3122; x_wconf 86' lang='grc' dir='ltr'><strong>εί</strong></span> <span class='ocrx_word' id='word_1_373' title='bbox 548 3069 643 3122; x_wconf 87' lang='grc' dir='ltr'><strong>τοῦ</strong></span> <span class='ocrx_word' id='word_1_374' title='bbox 672 3065 811 3121; x_wconf 74' lang='grc' dir='ltr'>εἶναι</span> <span class='ocrx_word' id='word_1_375' title='bbox 844 3064 1008 3120; x_wconf 83' lang='grc' dir='ltr'>αὑτοῦ</span> <span class='ocrx_word' id='word_1_376' title='bbox 1041 3065 1217 3127; x_wconf 80' lang='grc' dir='ltr'>αἴτιον</span> <span class='ocrx_word' id='word_1_377' title='bbox 1248 3062 1387 3118; x_wconf 76' lang='grc' dir='ltr'>εἶναι</span> <span class='ocrx_word' id='word_1_378' title='bbox 1411 3066 1493 3119; x_wconf 85' lang='grc' dir='ltr'><strong>δεῖ</strong></span> <span class='ocrx_word' id='word_1_379' title='bbox 1517 3064 1609 3116; x_wconf 83' lang='grc' dir='ltr'><strong>τὸν</strong></span> <span class='ocrx_word' id='word_1_380' title='bbox 1636 3064 1773 3134; x_wconf 83' lang='grc' dir='ltr'><strong>ἀλη-</strong></span> 
     </span>
    </p>
   </div>
   <div class='ocr_carea' id='block_1_49' title="bbox 185 3154 1776 3239">
    <p class='ocr_par' dir='ltr' id='par_1_49' title="bbox 185 3154 1776 3239">
     <span class='ocr_line' id='line_1_49' title="bbox 185 3154 1776 3239; baseline -0.005 -23"><span class='ocrx_word' id='word_1_381' title='bbox 185 3162 302 3225; x_wconf 77' lang='grc' dir='ltr'>θῶς</span> <span class='ocrx_word' id='word_1_382' title='bbox 342 3161 633 3230; x_wconf 86' lang='grc' dir='ltr'>λεγόμενον</span> <span class='ocrx_word' id='word_1_383' title='bbox 679 3162 857 3211; x_wconf 78' lang='grc' dir='ltr'>τεκεῖν</span> <span class='ocrx_word' id='word_1_384' title='bbox 908 3157 1106 3222; x_wconf 79' lang='grc' dir='ltr'>πάντα,</span> <span class='ocrx_word' id='word_1_385' title='bbox 1133 3156 1308 3219; x_wconf 76' lang='grc' dir='ltr'>οὐδεὶς</span> <span class='ocrx_word' id='word_1_386' title='bbox 1336 3154 1624 3239; x_wconf 67' lang='grc' dir='ltr'>ἄνθρωπος</span> <span class='ocrx_word' id='word_1_387' title='bbox 1677 3155 1776 3208; x_wconf 82' lang='grc' dir='ltr'><strong>ἀν-</strong></span> 
     </span>
    </p>
   </div>
   <div class='ocr_carea' id='block_1_50' title="bbox 188 3246 1776 3324">
    <p class='ocr_par' dir='ltr' id='par_1_50' title="bbox 188 3246 1776 3324">
     <span class='ocr_line' id='line_1_50' title="bbox 188 3246 1776 3324; baseline -0.006 -17"><span class='ocrx_word' id='word_1_388' title='bbox 188 3256 219 3308; x_wconf 87' lang='lat'><strong>0</strong></span> <span class='ocrx_word' id='word_1_389' title='bbox 230 3254 417 3324; x_wconf 81' lang='grc' dir='ltr'>ρώπου</span> <span class='ocrx_word' id='word_1_390' title='bbox 441 3255 660 3323; x_wconf 81' lang='grc' dir='ltr'>πατήρ·</span> <span class='ocrx_word' id='word_1_391' title='bbox 693 3252 815 3304; x_wconf 78' lang='grc' dir='ltr'>οῦδὲ</span> <span class='ocrx_word' id='word_1_392' title='bbox 839 3249 1028 3320; x_wconf 74' lang='grc' dir='ltr'>ἕτερον</span> <span class='ocrx_word' id='word_1_393' title='bbox 1063 3250 1201 3311; x_wconf 76' lang='grc' dir='ltr'>ζῶον</span> <span class='ocrx_word' id='word_1_394' title='bbox 1238 3246 1375 3312; x_wconf 78' lang='grc' dir='ltr'>ζῶον</span> <span class='ocrx_word' id='word_1_395' title='bbox 1410 3246 1596 3317; x_wconf 74' lang='grc' dir='ltr'>ἕτερον</span> <span class='ocrx_word' id='word_1_396' title='bbox 1621 3247 1776 3306; x_wconf 61' lang='grc' dir='ltr'>,τέτοο</span> 
     </span>
    </p>
   </div>
   <div class='ocr_carea' id='block_1_51' title="bbox 190 3335 1778 3413">
    <p class='ocr_par' dir='ltr' id='par_1_51' title="bbox 190 3335 1778 3413">
     <span class='ocr_line' id='line_1_51' title="bbox 190 3335 1778 3413; baseline -0.003 -18"><span class='ocrx_word' id='word_1_397' title='bbox 190 3360 256 3396; x_wconf 85' lang='grc' dir='ltr'><strong>κε</strong></span> <span class='ocrx_word' id='word_1_398' title='bbox 280 3359 292 3370; x_wconf 92' lang='grc'>·</span> <span class='ocrx_word' id='word_1_399' title='bbox 321 3342 501 3413; x_wconf 73' lang='grc' dir='ltr'>ψυχὴν</span> <span class='ocrx_word' id='word_1_400' title='bbox 532 3341 641 3410; x_wconf 83' lang='grc' dir='ltr'>γὰρ</span> <span class='ocrx_word' id='word_1_401' title='bbox 670 3342 928 3411; x_wconf 78' lang='grc' dir='ltr'>νοητικὴν</span> <span class='ocrx_word' id='word_1_402' title='bbox 957 3339 989 3408; x_wconf 84' lang='grc' dir='ltr'>ἢ</span> <span class='ocrx_word' id='word_1_403' title='bbox 1025 3338 1371 3410; x_wconf 81' lang='grc' dir='ltr'>αἰσθητικὴν,</span> <span class='ocrx_word' id='word_1_404' title='bbox 1395 3338 1496 3391; x_wconf 84' lang='grc' dir='ltr'><strong>οὐκ</strong></span> <span class='ocrx_word' id='word_1_405' title='bbox 1538 3336 1654 3407; x_wconf 78' lang='grc' dir='ltr'>ἔχει</span> <span class='ocrx_word' id='word_1_406' title='bbox 1708 3335 1778 3391; x_wconf 81' lang='grc' dir='ltr'>τὰ</span> 
     </span>
    </p>
   </div>
   <div class='ocr_carea' id='block_1_52' title="bbox 192 3428 1778 3504">
    <p class='ocr_par' dir='ltr' id='par_1_52' title="bbox 192 3428 1778 3504">
     <span class='ocr_line' id='line_1_52' title="bbox 192 3428 1778 3504; baseline -0.001 -18"><span class='ocrx_word' id='word_1_407' title='bbox 192 3436 490 3504; x_wconf 78' lang='grc' dir='ltr'>σπέρματα</span> <span class='ocrx_word' id='word_1_408' title='bbox 519 3450 532 3462; x_wconf 93' lang='grc'><strong>·</strong></span> <span class='ocrx_word' id='word_1_409' title='bbox 565 3433 700 3486; x_wconf 75' lang='grc' dir='ltr'>ἀλλὰ</span> <span class='ocrx_word' id='word_1_410' title='bbox 759 3433 899 3503; x_wconf 83' lang='grc' dir='ltr'>μετὰ</span> <span class='ocrx_word' id='word_1_411' title='bbox 953 3431 1053 3502; x_wconf 82' lang='grc' dir='ltr'>τὴν</span> <span class='ocrx_word' id='word_1_412' title='bbox 1102 3431 1384 3502; x_wconf 82' lang='grc' dir='ltr'>μόρφωσιν</span> <span class='ocrx_word' id='word_1_413' title='bbox 1424 3430 1517 3483; x_wconf 77' lang='grc' dir='ltr'><strong>καὶ</strong></span> <span class='ocrx_word' id='word_1_414' title='bbox 1565 3428 1778 3484; x_wconf 82' lang='grc' dir='ltr'>τελείαν</span> 
     </span>
    </p>
   </div>
   <div class='ocr_carea' id='block_1_53' title="bbox 190 3518 1777 3594">
    <p class='ocr_par' dir='ltr' id='par_1_53' title="bbox 190 3518 1777 3594">
     <span class='ocr_line' id='line_1_53' title="bbox 190 3518 1777 3594; baseline -0.003 -17"><span class='ocrx_word' id='word_1_415' title='bbox 190 3524 552 3593; x_wconf 69' lang='grc' dir='ltr'>διοργάνωσιν</span> <span class='ocrx_word' id='word_1_416' title='bbox 616 3522 710 3577; x_wconf 88' lang='grc' dir='ltr'><strong>τοῦ</strong></span> <span class='ocrx_word' id='word_1_417' title='bbox 776 3521 987 3594; x_wconf 73' lang='grc' dir='ltr'>ἀψύχου</span> <span class='ocrx_word' id='word_1_418' title='bbox 1042 3521 1282 3592; x_wconf 78' lang='grc' dir='ltr'>ὲμϐρύου</span> <span class='ocrx_word' id='word_1_419' title='bbox 1313 3560 1329 3587; x_wconf 86' lang='grc'><strong>,</strong></span> <span class='ocrx_word' id='word_1_420' title='bbox 1377 3518 1645 3591; x_wconf 77' lang='grc' dir='ltr'>ψυχοῦται</span> <span class='ocrx_word' id='word_1_421' title='bbox 1716 3522 1777 3573; x_wconf 87' lang='grc' dir='ltr'><strong>τὸ</strong></span> 
     </span>
    </p>
   </div>
   <div class='ocr_carea' id='block_1_54' title="bbox 193 3612 1779 3683">
    <p class='ocr_par' dir='ltr' id='par_1_54' title="bbox 193 3612 1779 3683">
     <span class='ocr_line' id='line_1_54' title="bbox 193 3612 1779 3683; baseline -0.001 -18"><span class='ocrx_word' id='word_1_422' title='bbox 193 3616 335 3678; x_wconf 74' lang='grc' dir='ltr'>ζῶον</span> <span class='ocrx_word' id='word_1_423' title='bbox 366 3615 441 3683; x_wconf 85' lang='grc'><strong>(6)</strong></span> <span class='ocrx_word' id='word_1_424' title='bbox 468 3614 562 3668; x_wconf 77' lang='grc' dir='ltr'><strong>καὶ</strong></span> <span class='ocrx_word' id='word_1_425' title='bbox 590 3614 827 3683; x_wconf 83' lang='grc' dir='ltr'>μάλιστα</span> <span class='ocrx_word' id='word_1_426' title='bbox 847 3612 1134 3682; x_wconf 80' lang='grc' dir='ltr'>ἄνθρωπος</span> <span class='ocrx_word' id='word_1_427' title='bbox 1167 3613 1274 3665; x_wconf 82' lang='grc' dir='ltr'>ὑπὸ</span> <span class='ocrx_word' id='word_1_428' title='bbox 1298 3612 1393 3666; x_wconf 86' lang='grc' dir='ltr'><strong>τοῦ</strong></span> <span class='ocrx_word' id='word_1_429' title='bbox 1450 3612 1779 3674; x_wconf 86' lang='grc' dir='ltr'>πλάττοντος</span> 
     </span>
    </p>
   </div>
   <div class='ocr_carea' id='block_1_55' title="bbox 193 3701 1777 3776">
    <p class='ocr_par' dir='ltr' id='par_1_55' title="bbox 193 3701 1777 3776">
     <span class='ocr_line' id='line_1_55' title="bbox 193 3701 1777 3776; baseline -0.003 -18"><span class='ocrx_word' id='word_1_430' title='bbox 193 3705 418 3775; x_wconf 85' lang='grc' dir='ltr'>πνεῦμα</span> <span class='ocrx_word' id='word_1_431' title='bbox 482 3704 775 3775; x_wconf 83' lang='grc' dir='ltr'>ἀνθρώπου</span> <span class='ocrx_word' id='word_1_432' title='bbox 826 3706 887 3758; x_wconf 81' lang='grc' dir='ltr'>ὲν</span> <span class='ocrx_word' id='word_1_433' title='bbox 938 3704 1091 3776; x_wconf 83' lang='grc' dir='ltr'>αὐτῷ</span> <span class='ocrx_word' id='word_1_434' title='bbox 1148 3703 1285 3758; x_wconf 86' lang='grc' dir='ltr'>Θεοῦ</span> <span class='ocrx_word' id='word_1_435' title='bbox 1320 3718 1334 3733; x_wconf 77' lang='grc'><strong><em>⁸</em></strong></span> <span class='ocrx_word' id='word_1_436' title='bbox 1364 3703 1445 3757; x_wconf 78' lang='grc' dir='ltr'><strong>διὸ</strong></span> <span class='ocrx_word' id='word_1_437' title='bbox 1494 3703 1588 3757; x_wconf 65' lang='grc' dir='ltr'><strong>καλ⁸</strong></span> <span class='ocrx_word' id='word_1_438' title='bbox 1611 3701 1777 3773; x_wconf 83' lang='grc' dir='ltr'>φονέα</span> 
     </span>
    </p>
   </div>
   <div class='ocr_carea' id='block_1_56' title="bbox 195 3790 1780 3867">
    <p class='ocr_par' dir='ltr' id='par_1_56' title="bbox 195 3790 1780 3867">
     <span class='ocr_line' id='line_1_56' title="bbox 195 3790 1780 3867; baseline -0.003 -19"><span class='ocrx_word' id='word_1_439' title='bbox 195 3795 362 3860; x_wconf 62' lang='lat' dir='ltr'><strong>(dion,</strong></span> <span class='ocrx_word' id='word_1_440' title='bbox 400 3796 501 3867; x_wconf 78' lang='grc' dir='ltr'><strong>τὴν</strong></span> <span class='ocrx_word' id='word_1_441' title='bbox 549 3796 687 3864; x_wconf 85' lang='grc' dir='ltr'>μετὰ</span> <span class='ocrx_word' id='word_1_442' title='bbox 728 3797 829 3867; x_wconf 78' lang='grc' dir='ltr'>τὴν</span> <span class='ocrx_word' id='word_1_443' title='bbox 860 3794 1234 3865; x_wconf 74' lang='grc' dir='ltr'>διαμόρφωσιν</span> <span class='ocrx_word' id='word_1_444' title='bbox 1272 3792 1446 3846; x_wconf 80' lang='grc' dir='ltr'>αἴτιον</span> <span class='ocrx_word' id='word_1_445' title='bbox 1472 3794 1572 3861; x_wconf 84' lang='grc' dir='ltr'>τῆς</span> <span class='ocrx_word' id='word_1_446' title='bbox 1604 3790 1780 3860; x_wconf 50' lang='lat' dir='ltr'><strong>temp»</strong></span> 
     </span>
    </p>
   </div>
   <div class='ocr_carea' id='block_1_57' title="bbox 195 3881 1776 3957">
    <p class='ocr_par' dir='ltr' id='par_1_57' title="bbox 195 3881 1776 3957">
     <span class='ocr_line' id='line_1_57' title="bbox 195 3881 1776 3957; baseline -0.004 -17"><span class='ocrx_word' id='word_1_447' title='bbox 195 3886 470 3952; x_wconf 79' lang='grc' dir='ltr'>σλὼσεως,</span> <span class='ocrx_word' id='word_1_448' title='bbox 498 3888 673 3957; x_wconf 85' lang='grc' dir='ltr'>κρίνει</span> <span class='ocrx_word' id='word_1_449' title='bbox 699 3889 726 3940; x_wconf 89' lang='lat'><strong>6</strong></span> <span class='ocrx_word' id='word_1_450' title='bbox 759 3886 903 3950; x_wconf 81' lang='grc' dir='ltr'>θεῖος</span> <span class='ocrx_word' id='word_1_451' title='bbox 938 3886 1102 3956; x_wconf 87' lang='grc' dir='ltr'>νόμος</span> <span class='ocrx_word' id='word_1_452' title='bbox 1126 3902 1140 3918; x_wconf 79' lang='grc' dir='ltr'><strong><em>ο</em></strong></span> <span class='ocrx_word' id='word_1_453' title='bbox 1182 3884 1290 3956; x_wconf 79' lang='grc' dir='ltr'>ἄρα</span> <span class='ocrx_word' id='word_1_454' title='bbox 1317 3881 1411 3938; x_wconf 76' lang='grc' dir='ltr'><strong>οὖν</strong></span> <span class='ocrx_word' id='word_1_455' title='bbox 1450 3882 1776 3955; x_wconf 84' lang='grc' dir='ltr'>σαρκοτόκοι</span> 
     </span>
    </p>
   </div>
   <div class='ocr_carea' id='block_1_58' title="bbox 198 3974 1778 4048">
    <p class='ocr_par' dir='ltr' id='par_1_58' title="bbox 198 3974 1778 4048">
     <span class='ocr_line' id='line_1_58' title="bbox 198 3974 1778 4048; baseline -0.001 -20"><span class='ocrx_word' id='word_1_456' title='bbox 198 3976 359 4047; x_wconf 87' lang='grc' dir='ltr'>μόνον</span> <span class='ocrx_word' id='word_1_457' title='bbox 389 3977 485 4030; x_wconf 76' lang='grc' dir='ltr'>καὶ</span> <span class='ocrx_word' id='word_1_458' title='bbox 520 3976 754 4048; x_wconf 86' lang='grc' dir='ltr'>μάλιστα</span> <span class='ocrx_word' id='word_1_459' title='bbox 786 3978 1108 4041; x_wconf 37' lang='grc' dir='ltr'>οἱοπατέρες</span> <span class='ocrx_word' id='word_1_460' title='bbox 1138 3991 1152 4006; x_wconf 75' lang='grc'><strong>⁸</strong></span> <span class='ocrx_word' id='word_1_461' title='bbox 1188 3975 1363 4040; x_wconf 74' lang='grc' dir='ltr'>οὐδεὶς</span> <span class='ocrx_word' id='word_1_462' title='bbox 1405 3975 1461 4028; x_wconf 87' lang='grc' dir='ltr'>δὲ</span> <span class='ocrx_word' id='word_1_463' title='bbox 1492 3974 1778 4045; x_wconf 82' lang='grc' dir='ltr'>ἀνθρωπο-</span> 
     </span>
    </p>
   </div>
   <div class='ocr_carea' id='block_1_59' title="bbox 195 4067 1778 4139">
    <p class='ocr_par' dir='ltr' id='par_1_59' title="bbox 195 4067 1778 4139">
     <span class='ocr_line' id='line_1_59' title="bbox 195 4067 1778 4139; baseline 0 -18"><span class='ocrx_word' id='word_1_464' title='bbox 195 4068 352 4133; x_wconf 76' lang='grc' dir='ltr'>τόκος</span> <span class='ocrx_word' id='word_1_465' title='bbox 385 4068 508 4123; x_wconf 72' lang='grc' dir='ltr'>καθ’</span> <span class='ocrx_word' id='word_1_466' title='bbox 539 4070 684 4139; x_wconf 81' lang='grc' dir='ltr'>ὑμᾶς</span> <span class='ocrx_word' id='word_1_467' title='bbox 710 4071 857 4122; x_wconf 80' lang='grc' dir='ltr'>ἐστιν</span> <span class='ocrx_word' id='word_1_468' title='bbox 881 4084 894 4098; x_wconf 91' lang='grc'><strong>·</strong></span> <span class='ocrx_word' id='word_1_469' title='bbox 930 4067 1073 4122; x_wconf 76' lang='grc' dir='ltr'>οὕτω</span> <span class='ocrx_word' id='word_1_470' title='bbox 1097 4068 1154 4122; x_wconf 76' lang='grc' dir='ltr'>δὲ</span> <span class='ocrx_word' id='word_1_471' title='bbox 1188 4068 1309 4122; x_wconf 75' lang='grc' dir='ltr'>ἐπεὶ</span> <span class='ocrx_word' id='word_1_472' title='bbox 1343 4070 1430 4139; x_wconf 79' lang='grc' dir='ltr'><strong>ῥεῖ</strong></span> <span class='ocrx_word' id='word_1_473' title='bbox 1454 4067 1778 4138; x_wconf 83' lang='grc' dir='ltr'>καθημέραν</span> 
     </span>
    </p>
   </div>
   <div class='ocr_carea' id='block_1_60' title="bbox 195 4154 1782 4235">
    <p class='ocr_par' dir='ltr' id='par_1_60' title="bbox 195 4154 1782 4235">
     <span class='ocr_line' id='line_1_60' title="bbox 195 4154 1782 4235; baseline 0.001 -23"><span class='ocrx_word' id='word_1_474' title='bbox 195 4161 292 4214; x_wconf 74' lang='grc' dir='ltr'><strong>καὶ</strong></span> <span class='ocrx_word' id='word_1_475' title='bbox 321 4159 608 4230; x_wconf 76' lang='grc' dir='ltr'>ἀμείϐεται</span> <span class='ocrx_word' id='word_1_476' title='bbox 637 4161 695 4214; x_wconf 76' lang='grc' dir='ltr'>τὸ</span> <span class='ocrx_word' id='word_1_477' title='bbox 721 4160 903 4231; x_wconf 83' lang='grc' dir='ltr'>σῶμα,</span> <span class='ocrx_word' id='word_1_478' title='bbox 931 4161 1027 4213; x_wconf 77' lang='grc' dir='ltr'><strong>καὶ</strong></span> <span class='ocrx_word' id='word_1_479' title='bbox 1057 4160 1176 4214; x_wconf 80' lang='grc' dir='ltr'>οὐδὲ</span> <span class='ocrx_word' id='word_1_480' title='bbox 1198 4163 1255 4214; x_wconf 87' lang='grc' dir='ltr'>ὲν</span> <span class='ocrx_word' id='word_1_481' title='bbox 1275 4160 1354 4231; x_wconf 84' lang='grc' dir='ltr'>τῷ</span> <span class='ocrx_word' id='word_1_482' title='bbox 1386 4154 1600 4230; x_wconf 81' lang='grc' dir='ltr'>σώματι</span> <span class='ocrx_word' id='word_1_483' title='bbox 1628 4160 1782 4235; x_wconf 80' lang='grc' dir='ltr'>ἔσται</span> 
     </span>
    </p>
   </div>
   <div class='ocr_carea' id='block_1_61' title="bbox 195 4249 1780 4321">
    <p class='ocr_par' dir='ltr' id='par_1_61' title="bbox 195 4249 1780 4321">
     <span class='ocr_line' id='line_1_61' title="bbox 195 4249 1780 4321; baseline 0.001 -20"><span class='ocrx_word' id='word_1_484' title='bbox 195 4266 277 4312; x_wconf 86' lang='grc' dir='ltr'><strong>τις</strong></span> <span class='ocrx_word' id='word_1_485' title='bbox 340 4252 505 4320; x_wconf 83' lang='grc' dir='ltr'>μοῖρα</span> <span class='ocrx_word' id='word_1_486' title='bbox 548 4250 626 4321; x_wconf 82' lang='grc' dir='ltr'><strong>τῷ</strong></span> <span class='ocrx_word' id='word_1_487' title='bbox 678 4250 855 4320; x_wconf 84' lang='grc' dir='ltr'>χρόνῳ</span> <span class='ocrx_word' id='word_1_488' title='bbox 885 4249 994 4302; x_wconf 85' lang='grc' dir='ltr'><strong>τῶν</strong></span> <span class='ocrx_word' id='word_1_489' title='bbox 1035 4249 1258 4316; x_wconf 84' lang='grc' dir='ltr'>γονέων,</span> <span class='ocrx_word' id='word_1_490' title='bbox 1295 4249 1419 4302; x_wconf 77' lang='grc' dir='ltr'>οὐδὲ</span> <span class='ocrx_word' id='word_1_491' title='bbox 1444 4250 1546 4319; x_wconf 86' lang='grc' dir='ltr'>τῆς</span> <span class='ocrx_word' id='word_1_492' title='bbox 1575 4250 1780 4321; x_wconf 79' lang='grc' dir='ltr'>σαρκὸς</span> 
     </span>
    </p>
   </div>
   <div class='ocr_carea' id='block_1_62' title="bbox 196 4341 1776 4417">
    <p class='ocr_par' dir='ltr' id='par_1_62' title="bbox 196 4341 1776 4417">
     <span class='ocr_line' id='line_1_62' title="bbox 196 4341 1776 4417; baseline 0.003 -22"><span class='ocrx_word' id='word_1_493' title='bbox 196 4341 307 4395; x_wconf 87' lang='grc' dir='ltr'>εἷεν</span> <span class='ocrx_word' id='word_1_494' title='bbox 367 4346 649 4412; x_wconf 85' lang='grc' dir='ltr'>πατέρες·</span> <span class='ocrx_word' id='word_1_495' title='bbox 708 4345 845 4398; x_wconf 73' lang='grc' dir='ltr'>ἀλλὰ</span> <span class='ocrx_word' id='word_1_496' title='bbox 900 4346 996 4397; x_wconf 78' lang='grc' dir='ltr'><strong>καὶ</strong></span> <span class='ocrx_word' id='word_1_497' title='bbox 1058 4346 1239 4415; x_wconf 85' lang='grc' dir='ltr'>γέρων</span> <span class='ocrx_word' id='word_1_498' title='bbox 1287 4347 1315 4398; x_wconf 91' lang='lat'><strong>6</strong></span> <span class='ocrx_word' id='word_1_499' title='bbox 1360 4344 1548 4398; x_wconf 77' lang='grc' dir='ltr'>Ἰσαὰκ</span> <span class='ocrx_word' id='word_1_500' title='bbox 1597 4345 1776 4417; x_wconf 81' lang='grc' dir='ltr'>πάντη</span> 
     </span>
    </p>
   </div>
   <div class='ocr_carea' id='block_1_63' title="bbox 195 4433 1778 4508">
    <p class='ocr_par' dir='ltr' id='par_1_63' title="bbox 195 4433 1778 4508">
     <span class='ocr_line' id='line_1_63' title="bbox 195 4433 1778 4508; baseline 0.001 -20"><span class='ocrx_word' id='word_1_501' title='bbox 195 4436 390 4506; x_wconf 73' lang='grc' dir='ltr'>ἐξέστη</span> <span class='ocrx_word' id='word_1_502' title='bbox 449 4437 543 4489; x_wconf 87' lang='grc' dir='ltr'><strong>τοῦ</strong></span> <span class='ocrx_word' id='word_1_503' title='bbox 598 4433 737 4489; x_wconf 70' lang='grc' dir='ltr'>εἶναι</span> <span class='ocrx_word' id='word_1_504' title='bbox 775 4436 890 4501; x_wconf 69' lang='grc' dir='ltr'>υἱὸς</span> <span class='ocrx_word' id='word_1_505' title='bbox 942 4436 1195 4508; x_wconf 83' lang='grc' dir='ltr'>Ἀϐραὰμ</span> <span class='ocrx_word' id='word_1_506' title='bbox 1228 4436 1324 4490; x_wconf 79' lang='grc' dir='ltr'>καὶ</span> <span class='ocrx_word' id='word_1_507' title='bbox 1350 4437 1400 4490; x_wconf 73' lang='lat' dir='ltr'><strong>oi</strong></span> <span class='ocrx_word' id='word_1_508' title='bbox 1426 4435 1641 4490; x_wconf 72' lang='grc' dir='ltr'>λοιποί*</span> <span class='ocrx_word' id='word_1_509' title='bbox 1683 4437 1778 4491; x_wconf 78' lang='grc' dir='ltr'><strong>καὶ</strong></span> 
     </span>
    </p>
   </div>
   <div class='ocr_carea' id='block_1_64' title="bbox 195 4527 1782 4602">
    <p class='ocr_par' dir='ltr' id='par_1_64' title="bbox 195 4527 1782 4602">
     <span class='ocr_line' id='line_1_64' title="bbox 195 4527 1782 4602; baseline 0.002 -21"><span class='ocrx_word' id='word_1_510' title='bbox 195 4527 316 4592; x_wconf 84' lang='grc' dir='ltr'><strong>πῶς</strong></span> <span class='ocrx_word' id='word_1_511' title='bbox 344 4528 562 4600; x_wconf 72' lang='grc' dir='ltr'>εἴρηται</span> <span class='ocrx_word' id='word_1_512' title='bbox 608 4528 715 4581; x_wconf 77' lang='grc' dir='ltr'>ὑπὸ</span> <span class='ocrx_word' id='word_1_513' title='bbox 757 4527 852 4583; x_wconf 85' lang='grc' dir='ltr'><strong>τοῦ</strong></span> <span class='ocrx_word' id='word_1_514' title='bbox 883 4528 1042 4582; x_wconf 79' lang='grc' dir='ltr'>Θεοῦο</span> <span class='ocrx_word' id='word_1_515' title='bbox 1082 4548 1101 4583; x_wconf 77' lang='grc' dir='ltr'><strong>ι</strong></span> <span class='ocrx_word' id='word_1_516' title='bbox 1143 4530 1215 4584; x_wconf 82' lang='grc' dir='ltr'><strong>Σὺ</strong></span> <span class='ocrx_word' id='word_1_517' title='bbox 1240 4530 1299 4583; x_wconf 86' lang='grc' dir='ltr'><strong>δὲ</strong></span> <span class='ocrx_word' id='word_1_518' title='bbox 1338 4529 1615 4602; x_wconf 79' lang='grc' dir='ltr'>ἀπελεύσῃ</span> <span class='ocrx_word' id='word_1_519' title='bbox 1646 4530 1782 4600; x_wconf 84' lang='grc' dir='ltr'>πρὸς</span> 
     </span>
    </p>
   </div>
   <div class='ocr_carea' id='block_1_65' title="bbox 195 4624 1779 4697">
    <p class='ocr_par' dir='ltr' id='par_1_65' title="bbox 195 4624 1779 4697">
     <span class='ocr_line' id='line_1_65' title="bbox 195 4624 1779 4697; baseline 0.002 -20"><span class='ocrx_word' id='word_1_520' title='bbox 195 4624 325 4686; x_wconf 74' lang='grc' dir='ltr'>τοὺς</span> <span class='ocrx_word' id='word_1_521' title='bbox 357 4624 606 4695; x_wconf 86' lang='grc' dir='ltr'>πατέρας</span> <span class='ocrx_word' id='word_1_522' title='bbox 638 4641 756 4691; x_wconf 91' lang='grc' dir='ltr'>σου,</span> <span class='ocrx_word' id='word_1_523' title='bbox 796 4625 1025 4697; x_wconf 74' lang='grc' dir='ltr'>τραφεὶς</span> <span class='ocrx_word' id='word_1_524' title='bbox 1052 4626 1110 4678; x_wconf 81' lang='grc' dir='ltr'>ὲν</span> <span class='ocrx_word' id='word_1_525' title='bbox 1131 4626 1292 4696; x_wconf 80' lang='grc' dir='ltr'>γήρει</span> <span class='ocrx_word' id='word_1_526' title='bbox 1323 4625 1506 4696; x_wconf 81' lang='grc' dir='ltr'>καλῷ;</span> <span class='ocrx_word' id='word_1_527' title='bbox 1548 4645 1568 4678; x_wconf 74' lang='grc' dir='ltr'><strong>ι</strong></span> <span class='ocrx_word' id='word_1_528' title='bbox 1613 4625 1779 4680; x_wconf 79' lang='grc' dir='ltr'>Ἀλλὰ</span> 
     </span>
    </p>
   </div>
   <div class='ocr_carea' id='block_1_66' title="bbox 198 4715 1781 4787">
    <p class='ocr_par' dir='ltr' id='par_1_66' title="bbox 198 4715 1781 4787">
     <span class='ocr_line' id='line_1_66' title="bbox 198 4715 1781 4787; baseline 0.003 -20"><span class='ocrx_word' id='word_1_529' title='bbox 198 4715 371 4769; x_wconf 83' lang='grc' dir='ltr'>ταῦτα</span> <span class='ocrx_word' id='word_1_530' title='bbox 398 4716 642 4787; x_wconf 78' lang='grc' dir='ltr'>πρόδηλα</span> <span class='ocrx_word' id='word_1_531' title='bbox 673 4717 848 4770; x_wconf 78' lang='grc' dir='ltr'>ἄτοπα</span> <span class='ocrx_word' id='word_1_532' title='bbox 868 4733 883 4749; x_wconf 89' lang='grc'><strong>·</strong></span> <span class='ocrx_word' id='word_1_533' title='bbox 912 4717 1006 4770; x_wconf 80' lang='grc' dir='ltr'><strong>καὶ</strong></span> <span class='ocrx_word' id='word_1_534' title='bbox 1040 4716 1150 4786; x_wconf 81' lang='grc' dir='ltr'>γὰρ</span> <span class='ocrx_word' id='word_1_535' title='bbox 1190 4717 1354 4780; x_wconf 80' lang='grc' dir='ltr'>αὐτὸς</span> <span class='ocrx_word' id='word_1_536' title='bbox 1386 4719 1416 4771; x_wconf 88' lang='lat'><strong>6</strong></span> <span class='ocrx_word' id='word_1_537' title='bbox 1455 4717 1781 4782; x_wconf 82' lang='grc' dir='ltr'>Ἀπόστολος</span> 
     </span>
    </p>
   </div>
   <div class='ocr_carea' id='block_1_67' title="bbox 197 4806 1779 4880">
    <p class='ocr_par' dir='ltr' id='par_1_67' title="bbox 197 4806 1779 4880">
     <span class='ocr_line' id='line_1_67' title="bbox 197 4806 1779 4880; baseline 0.002 -20"><span class='ocrx_word' id='word_1_538' title='bbox 197 4807 370 4876; x_wconf 68' lang='grc' dir='ltr'>λέγων</span> <span class='ocrx_word' id='word_1_539' title='bbox 402 4810 529 4873; x_wconf 78' lang='grc' dir='ltr'>τοὺς</span> <span class='ocrx_word' id='word_1_540' title='bbox 577 4809 677 4880; x_wconf 87' lang='grc' dir='ltr'>μὲν</span> <span class='ocrx_word' id='word_1_541' title='bbox 712 4806 853 4864; x_wconf 71' lang='grc' dir='ltr'>εἶναι</span> <span class='ocrx_word' id='word_1_542' title='bbox 885 4809 987 4878; x_wconf 82' lang='grc' dir='ltr'>τῆς</span> <span class='ocrx_word' id='word_1_543' title='bbox 1027 4808 1519 4880; x_wconf 73' lang='grc' dir='ltr'>σαρκὸςπατέρας,</span> <span class='ocrx_word' id='word_1_544' title='bbox 1553 4808 1646 4872; x_wconf 84' lang='grc' dir='ltr'><strong>οὓς</strong></span> <span class='ocrx_word' id='word_1_545' title='bbox 1683 4810 1779 4863; x_wconf 74' lang='grc' dir='ltr'>καὶ</span> 
     </span>
    </p>
   </div>
   <div class='ocr_carea' id='block_1_68' title="bbox 194 4899 1778 4975">
    <p class='ocr_par' dir='ltr' id='par_1_68' title="bbox 194 4899 1778 4975">
     <span class='ocr_line' id='line_1_68' title="bbox 194 4899 1778 4975; baseline 0.003 -24"><span class='ocrx_word' id='word_1_546' title='bbox 194 4899 428 4972; x_wconf 71' lang='grc' dir='ltr'>ἔσχομεν</span> <span class='ocrx_word' id='word_1_547' title='bbox 456 4901 747 4967; x_wconf 85' lang='grc' dir='ltr'>παιδευτάς</span> <span class='ocrx_word' id='word_1_548' title='bbox 772 4919 786 4936; x_wconf 79' lang='grc' dir='ltr'><strong>ο</strong></span> <span class='ocrx_word' id='word_1_549' title='bbox 816 4903 912 4956; x_wconf 80' lang='grc' dir='ltr'>καὶ</span> <span class='ocrx_word' id='word_1_550' title='bbox 939 4902 1031 4956; x_wconf 82' lang='grc' dir='ltr'><strong>τὸν</strong></span> <span class='ocrx_word' id='word_1_551' title='bbox 1057 4902 1191 4957; x_wconf 78' lang='grc' dir='ltr'>Θεὸν</span> <span class='ocrx_word' id='word_1_552' title='bbox 1216 4903 1391 4973; x_wconf 84' lang='grc' dir='ltr'>λέγων</span> <span class='ocrx_word' id='word_1_553' title='bbox 1417 4903 1639 4975; x_wconf 85' lang='grc' dir='ltr'>Πατέρα</span> <span class='ocrx_word' id='word_1_554' title='bbox 1666 4902 1778 4957; x_wconf 87' lang='grc' dir='ltr'>τῶν</span> 
     </span>
    </p>
   </div>
   <div class='ocr_carea' id='block_1_69' title="bbox 195 4989 1776 5065">
    <p class='ocr_par' dir='ltr' id='par_1_69' title="bbox 195 4989 1776 5065">
     <span class='ocr_line' id='line_1_69' title="bbox 195 4989 1776 5065; baseline 0.001 -21"><span class='ocrx_word' id='word_1_555' title='bbox 195 4991 523 5061; x_wconf 81' lang='grc' dir='ltr'>πνευμάτων</span> <span class='ocrx_word' id='word_1_556' title='bbox 550 4989 686 5047; x_wconf 74' lang='grc' dir='ltr'>εἶναι</span> <span class='ocrx_word' id='word_1_557' title='bbox 713 4994 895 5064; x_wconf 88' lang='grc' dir='ltr'>μόνον,</span> <span class='ocrx_word' id='word_1_558' title='bbox 918 4994 1079 5058; x_wconf 84' lang='grc' dir='ltr'>αὐτός</span> <span class='ocrx_word' id='word_1_559' title='bbox 1106 5011 1238 5064; x_wconf 81' lang='grc' dir='ltr'>φησι</span> <span class='ocrx_word' id='word_1_560' title='bbox 1271 4994 1486 5065; x_wconf 86' lang='grc' dir='ltr'>μητέρα</span> <span class='ocrx_word' id='word_1_561' title='bbox 1510 4992 1776 5063; x_wconf 77' lang='grc' dir='ltr'>Τιμοθέου</span> 
     </span>
    </p>
   </div>
   <div class='ocr_carea' id='block_1_70' title="bbox 198 5082 1774 5157">
    <p class='ocr_par' dir='ltr' id='par_1_70' title="bbox 198 5082 1774 5157">
     <span class='ocr_line' id='line_1_70' title="bbox 198 5082 1774 5157; baseline 0.004 -24"><span class='ocrx_word' id='word_1_562' title='bbox 198 5082 457 5153; x_wconf 77' lang='grc' dir='ltr'>Εὖνίκην,</span> <span class='ocrx_word' id='word_1_563' title='bbox 485 5084 581 5138; x_wconf 74' lang='grc' dir='ltr'><strong>καὶ</strong></span> <span class='ocrx_word' id='word_1_564' title='bbox 605 5087 665 5139; x_wconf 84' lang='grc' dir='ltr'><strong>ού</strong></span> <span class='ocrx_word' id='word_1_565' title='bbox 701 5087 800 5156; x_wconf 77' lang='grc' dir='ltr'>τῆς</span> <span class='ocrx_word' id='word_1_566' title='bbox 832 5086 1035 5157; x_wconf 82' lang='grc' dir='ltr'>σαρκὸς</span> <span class='ocrx_word' id='word_1_567' title='bbox 1067 5086 1337 5157; x_wconf 81' lang='grc' dir='ltr'>Τιμοθέου</span> <span class='ocrx_word' id='word_1_568' title='bbox 1378 5087 1540 5157; x_wconf 86' lang='grc' dir='ltr'>μόνον</span> <span class='ocrx_word' id='word_1_569' title='bbox 1561 5102 1577 5117; x_wconf 85' lang='grc'><strong>·</strong></span> <span class='ocrx_word' id='word_1_570' title='bbox 1613 5086 1774 5155; x_wconf 83' lang='grc' dir='ltr'>δῆλον</span> 
     </span>
    </p>
   </div>
   <div class='ocr_carea' id='block_1_71' title="bbox 195 5169 1777 5248">
    <p class='ocr_par' dir='ltr' id='par_1_71' title="bbox 195 5169 1777 5248">
     <span class='ocr_line' id='line_1_71' title="bbox 195 5169 1777 5248; baseline 0.004 -23"><span class='ocrx_word' id='word_1_571' title='bbox 195 5169 287 5226; x_wconf 64' lang='grc' dir='ltr'>οὖν</span> <span class='ocrx_word' id='word_1_572' title='bbox 309 5174 384 5238; x_wconf 83' lang='grc' dir='ltr'>ὡς</span> <span class='ocrx_word' id='word_1_573' title='bbox 406 5175 646 5245; x_wconf 79' lang='grc' dir='ltr'>άληθῶς,</span> <span class='ocrx_word' id='word_1_574' title='bbox 671 5178 721 5230; x_wconf 76' lang='grc' dir='ltr'>εἰ</span> <span class='ocrx_word' id='word_1_575' title='bbox 753 5179 849 5231; x_wconf 76' lang='grc' dir='ltr'>καὶ</span> <span class='ocrx_word' id='word_1_576' title='bbox 881 5177 1037 5248; x_wconf 81' lang='grc' dir='ltr'>μὴτὸ</span> <span class='ocrx_word' id='word_1_577' title='bbox 1066 5174 1205 5231; x_wconf 75' lang='grc' dir='ltr'>εἶναι</span> <span class='ocrx_word' id='word_1_578' title='bbox 1237 5179 1369 5231; x_wconf 80' lang='grc' dir='ltr'>αὐτὸ</span> <span class='ocrx_word' id='word_1_579' title='bbox 1396 5177 1605 5245; x_wconf 82' lang='grc' dir='ltr'>ἁπλῶς,</span> <span class='ocrx_word' id='word_1_580' title='bbox 1639 5177 1777 5232; x_wconf 83' lang='grc' dir='ltr'>ἀλλὰ</span> 
     </span>
    </p>
   </div>
   <div class='ocr_carea' id='block_1_72' title="bbox 196 5262 1776 5338">
    <p class='ocr_par' dir='ltr' id='par_1_72' title="bbox 196 5262 1776 5338">
     <span class='ocr_line' id='line_1_72' title="bbox 196 5262 1776 5338; baseline 0.005 -23"><span class='ocrx_word' id='word_1_581' title='bbox 196 5262 255 5315; x_wconf 78' lang='grc' dir='ltr'><strong>τὸ</strong></span> <span class='ocrx_word' id='word_1_582' title='bbox 292 5265 643 5337; x_wconf 81' lang='grc' dir='ltr'>σαρκωθῆναι</span> <span class='ocrx_word' id='word_1_583' title='bbox 703 5269 798 5321; x_wconf 75' lang='grc' dir='ltr'><strong>καὶ</strong></span> <span class='ocrx_word' id='word_1_584' title='bbox 867 5268 1289 5338; x_wconf 82' lang='grc' dir='ltr'>σεσαρκωμένος</span> <span class='ocrx_word' id='word_1_585' title='bbox 1337 5264 1479 5321; x_wconf 78' lang='grc' dir='ltr'>εἶναι</span> <span class='ocrx_word' id='word_1_586' title='bbox 1513 5272 1542 5323; x_wconf 90' lang='lat'><strong>6</strong></span> <span class='ocrx_word' id='word_1_587' title='bbox 1601 5268 1776 5337; x_wconf 84' lang='grc' dir='ltr'>Λόγος</span> 
     </span>
    </p>
   </div>
   <div class='ocr_carea' id='block_1_73' title="bbox 197 5353 1775 5432">
    <p class='ocr_par' dir='ltr' id='par_1_73' title="bbox 197 5353 1775 5432">
     <span class='ocr_line' id='line_1_73' title="bbox 197 5353 1775 5432; baseline 0.005 -25"><span class='ocrx_word' id='word_1_588' title='bbox 197 5353 355 5425; x_wconf 76' lang='grc' dir='ltr'>ἔσχεν</span> <span class='ocrx_word' id='word_1_589' title='bbox 387 5359 451 5412; x_wconf 76' lang='grc' dir='ltr'>ἐκ</span> <span class='ocrx_word' id='word_1_590' title='bbox 474 5359 572 5428; x_wconf 82' lang='grc' dir='ltr'>τῆς</span> <span class='ocrx_word' id='word_1_591' title='bbox 597 5360 759 5430; x_wconf 85' lang='grc' dir='ltr'>ἁγίας</span> <span class='ocrx_word' id='word_1_592' title='bbox 794 5359 1092 5430; x_wconf 83' lang='grc' dir='ltr'>Παρθένου,</span> <span class='ocrx_word' id='word_1_593' title='bbox 1121 5361 1250 5423; x_wconf 78' lang='grc' dir='ltr'>Υἱός</span> <span class='ocrx_word' id='word_1_594' title='bbox 1278 5377 1337 5412; x_wconf 87' lang='grc' dir='ltr'><strong>τε</strong></span> <span class='ocrx_word' id='word_1_595' title='bbox 1367 5361 1583 5430; x_wconf 79' lang='grc' dir='ltr'>ἀληθῶς</span> <span class='ocrx_word' id='word_1_596' title='bbox 1604 5363 1775 5432; x_wconf 81' lang='grc' dir='ltr'>αὐτῆς</span> 
     </span>
    </p>
   </div>
   <div class='ocr_carea' id='block_1_74' title="bbox 198 5447 1771 5524">
    <p class='ocr_par' dir='ltr' id='par_1_74' title="bbox 198 5447 1771 5524">
     <span class='ocr_line' id='line_1_74' title="bbox 198 5447 1771 5524; baseline 0.004 -24"><span class='ocrx_word' id='word_1_597' title='bbox 198 5449 311 5501; x_wconf 75' lang='grc' dir='ltr'>ἐστι</span> <span class='ocrx_word' id='word_1_598' title='bbox 340 5465 354 5478; x_wconf 88' lang='grc'><strong>·</strong></span> <span class='ocrx_word' id='word_1_599' title='bbox 389 5449 484 5502; x_wconf 74' lang='grc' dir='ltr'><strong>καὶ</strong></span> <span class='ocrx_word' id='word_1_600' title='bbox 550 5451 816 5521; x_wconf 85' lang='grc' dir='ltr'>νεώτερος</span> <span class='ocrx_word' id='word_1_601' title='bbox 866 5451 1072 5524; x_wconf 85' lang='grc' dir='ltr'>ταύτης</span> <span class='ocrx_word' id='word_1_602' title='bbox 1126 5454 1184 5505; x_wconf 80' lang='grc' dir='ltr'>ὲν</span> <span class='ocrx_word' id='word_1_603' title='bbox 1237 5451 1315 5523; x_wconf 80' lang='grc' dir='ltr'>τῷ</span> <span class='ocrx_word' id='word_1_604' title='bbox 1359 5451 1585 5505; x_wconf 85' lang='grc' dir='ltr'>τοιῶσδε</span> <span class='ocrx_word' id='word_1_605' title='bbox 1608 5447 1771 5517; x_wconf 80' lang='grc' dir='ltr'>εἶναι,</span> 
     </span>
    </p>
   </div>
   <div class='ocr_carea' id='block_1_75' title="bbox 198 5534 1779 5613">
    <p class='ocr_par' dir='ltr' id='par_1_75' title="bbox 198 5534 1779 5613">
     <span class='ocr_line' id='line_1_75' title="bbox 198 5534 1779 5613; baseline 0.006 -26"><span class='ocrx_word' id='word_1_606' title='bbox 198 5534 364 5604; x_wconf 70' lang='grc' dir='ltr'>ἤγουν</span> <span class='ocrx_word' id='word_1_607' title='bbox 410 5539 664 5605; x_wconf 84' lang='grc' dir='ltr'>σύνθετος</span> <span class='ocrx_word' id='word_1_608' title='bbox 700 5543 761 5609; x_wconf 77' lang='grc' dir='ltr'><strong>ἐξ</strong></span> <span class='ocrx_word' id='word_1_609' title='bbox 809 5543 1006 5611; x_wconf 81' lang='grc' dir='ltr'>ἁπλοῦ,</span> <span class='ocrx_word' id='word_1_610' title='bbox 1054 5544 1149 5597; x_wconf 80' lang='grc' dir='ltr'><strong>καὶ</strong></span> <span class='ocrx_word' id='word_1_611' title='bbox 1196 5544 1667 5613; x_wconf 73' lang='grc' dir='ltr'>σεσωματωμίνος</span> <span class='ocrx_word' id='word_1_612' title='bbox 1720 5543 1779 5609; x_wconf 77' lang='grc' dir='ltr'><strong>ἐξ</strong></span> 
     </span>
    </p>
   </div>
   <div class='ocr_carea' id='block_1_76' title="bbox 200 5625 839 5699">
    <p class='ocr_par' dir='ltr' id='par_1_76' title="bbox 200 5625 839 5699">
     <span class='ocr_line' id='line_1_76' title="bbox 200 5625 839 5699; baseline 0.017 -22"><span class='ocrx_word' id='word_1_613' title='bbox 200 5625 491 5696; x_wconf 78' lang='grc' dir='ltr'>ἀσωμάτου</span> <span class='ocrx_word' id='word_1_614' title='bbox 517 5633 839 5699; x_wconf 68' lang='grc' dir='ltr'>φανήσεται.</span> 
     </span>
    </p>
   </div>
   <div class='ocr_carea' id='block_1_77' title="bbox 272 5720 713 5793">
    <p class='ocr_par' dir='ltr' id='par_1_77' title="bbox 272 5720 713 5793">
     <span class='ocr_line' id='line_1_77' title="bbox 272 5720 713 5793; baseline 0.011 -17"><span class='ocrx_word' id='word_1_615' title='bbox 272 5731 299 5761; x_wconf 70' lang='grc' dir='ltr'><strong><em>ι</em></strong></span> <span class='ocrx_word' id='word_1_616' title='bbox 327 5720 459 5779; x_wconf 84' lang='lat' dir='ltr'><strong>Gen.</strong></span> <span class='ocrx_word' id='word_1_617' title='bbox 504 5739 591 5793; x_wconf 71' lang='lat' dir='ltr'><strong>xv,</strong></span> <span class='ocrx_word' id='word_1_618' title='bbox 628 5725 713 5781; x_wconf 72' lang='lat'><strong>15.</strong></span> 
     </span>
    </p>
   </div>
   <div class='ocr_carea' id='block_1_78' title="bbox 1870 1877 3459 1952">
    <p class='ocr_par' dir='ltr' id='par_1_78' title="bbox 1870 1877 3459 1952">
     <span class='ocr_line' id='line_1_78' title="bbox 1870 1877 3459 1952; baseline 0.003 -19"><span class='ocrx_word' id='word_1_619' title='bbox 1870 1877 2038 1934; x_wconf 87' lang='lat' dir='ltr'><strong>mus?</strong></span> <span class='ocrx_word' id='word_1_620' title='bbox 2069 1878 2211 1934; x_wconf 86' lang='lat' dir='ltr'><strong>Ecce</strong></span> <span class='ocrx_word' id='word_1_621' title='bbox 2239 1879 2386 1934; x_wconf 91' lang='lat' dir='ltr'><strong>enim</strong></span> <span class='ocrx_word' id='word_1_622' title='bbox 2419 1881 2713 1952; x_wconf 85' lang='lat' dir='ltr'><strong>quemdam</strong></span> <span class='ocrx_word' id='word_1_623' title='bbox 2739 1896 2860 1937; x_wconf 92' lang='lat' dir='ltr'><strong>esse</strong></span> <span class='ocrx_word' id='word_1_624' title='bbox 2902 1882 2997 1935; x_wconf 89' lang='lat' dir='ltr'><strong>tali</strong></span> <span class='ocrx_word' id='word_1_625' title='bbox 3031 1882 3215 1946; x_wconf 90' lang='lat' dir='ltr'><strong>modo,</strong></span> <span class='ocrx_word' id='word_1_626' title='bbox 3248 1891 3305 1936; x_wconf 91' lang='lat' dir='ltr'><strong>et</strong></span> <span class='ocrx_word' id='word_1_627' title='bbox 3335 1898 3459 1952; x_wconf 89' lang='lat' dir='ltr'><strong>par-</strong></span> 
     </span>
    </p>
   </div>
   <div class='ocr_carea' id='block_1_79' title="bbox 1875 1969 3454 2044">
    <p class='ocr_par' dir='ltr' id='par_1_79' title="bbox 1875 1969 3454 2044">
     <span class='ocr_line' id='line_1_79' title="bbox 1875 1969 3454 2044; baseline 0.004 -20"><span class='ocrx_word' id='word_1_628' title='bbox 1875 1969 2104 2039; x_wconf 86' lang='lat' dir='ltr'><strong>ticipare</strong></span> <span class='ocrx_word' id='word_1_629' title='bbox 2149 1987 2218 2026; x_wconf 88' lang='lat' dir='ltr'><strong>ex</strong></span> <span class='ocrx_word' id='word_1_630' title='bbox 2256 1972 2443 2042; x_wconf 89' lang='lat' dir='ltr'><strong>aliquo</strong></span> <span class='ocrx_word' id='word_1_631' title='bbox 2483 1974 2576 2027; x_wconf 90' lang='lat' dir='ltr'><strong>tali</strong></span> <span class='ocrx_word' id='word_1_632' title='bbox 2621 1988 2763 2044; x_wconf 59' lang='lat' dir='ltr'><strong>saepe</strong></span> <span class='ocrx_word' id='word_1_633' title='bbox 2809 1974 3033 2043; x_wconf 89' lang='lat' dir='ltr'><strong>quidem</strong></span> <span class='ocrx_word' id='word_1_634' title='bbox 3081 1974 3454 2042; x_wconf 87' lang='lat' dir='ltr'><strong>substantiali,</strong></span> 
     </span>
    </p>
   </div>
   <div class='ocr_carea' id='block_1_80' title="bbox 1875 2065 3459 2133">
    <p class='ocr_par' dir='ltr' id='par_1_80' title="bbox 1875 2065 3459 2133">
     <span class='ocr_line' id='line_1_80' title="bbox 1875 2065 3459 2133; baseline 0.004 -16"><span class='ocrx_word' id='word_1_635' title='bbox 1875 2077 2019 2132; x_wconf 66' lang='lat' dir='ltr'><strong>saape</strong></span> <span class='ocrx_word' id='word_1_636' title='bbox 2052 2078 2186 2118; x_wconf 88' lang='lat' dir='ltr'><strong>vero</strong></span> <span class='ocrx_word' id='word_1_637' title='bbox 2215 2080 2325 2119; x_wconf 89' lang='lat' dir='ltr'><strong>non</strong></span> <span class='ocrx_word' id='word_1_638' title='bbox 2359 2065 2733 2133; x_wconf 87' lang='lat' dir='ltr'><strong>substantiali,</strong></span> <span class='ocrx_word' id='word_1_639' title='bbox 2768 2066 2899 2122; x_wconf 83' lang='lat' dir='ltr'><strong>facit</strong></span> <span class='ocrx_word' id='word_1_640' title='bbox 2929 2074 2989 2121; x_wconf 91' lang='lat' dir='ltr'><strong>ut</strong></span> <span class='ocrx_word' id='word_1_641' title='bbox 3015 2083 3148 2124; x_wconf 89' lang='lat' dir='ltr'><strong>vere</strong></span> <span class='ocrx_word' id='word_1_642' title='bbox 3177 2066 3323 2123; x_wconf 80' lang='lat' dir='ltr'><strong>filius</strong></span> <span class='ocrx_word' id='word_1_643' title='bbox 3354 2068 3459 2123; x_wconf 89' lang='lat' dir='ltr'><strong>hu-</strong></span> 
     </span>
    </p>
   </div>
   <div class='ocr_carea' id='block_1_81' title="bbox 1867 2155 3458 2231">
    <p class='ocr_par' dir='ltr' id='par_1_81' title="bbox 1867 2155 3458 2231">
     <span class='ocr_line' id='line_1_81' title="bbox 1867 2155 3458 2231; baseline 0.004 -22"><span class='ocrx_word' id='word_1_644' title='bbox 1867 2155 1959 2226; x_wconf 86' lang='lat' dir='ltr'><strong>jus</strong></span> <span class='ocrx_word' id='word_1_645' title='bbox 1992 2156 2145 2210; x_wconf 82' lang='lat' dir='ltr'><strong>sitet</strong></span> <span class='ocrx_word' id='word_1_646' title='bbox 2170 2156 2409 2213; x_wconf 84' lang='lat' dir='ltr'><strong>dicatur.</strong></span> <span class='ocrx_word' id='word_1_647' title='bbox 2435 2158 2571 2213; x_wconf 87' lang='lat' dir='ltr'><strong>Nam</strong></span> <span class='ocrx_word' id='word_1_648' title='bbox 2600 2159 2656 2214; x_wconf 91' lang='lat' dir='ltr'><strong>in</strong></span> <span class='ocrx_word' id='word_1_649' title='bbox 2696 2159 3066 2231; x_wconf 84' lang='lat' dir='ltr'><strong>bomonymis,</strong></span> <span class='ocrx_word' id='word_1_650' title='bbox 3113 2170 3173 2217; x_wconf 92' lang='lat' dir='ltr'><strong>ut</strong></span> <span class='ocrx_word' id='word_1_651' title='bbox 3218 2161 3330 2230; x_wconf 87' lang='lat' dir='ltr'><strong>jam</strong></span> <span class='ocrx_word' id='word_1_652' title='bbox 3374 2160 3458 2215; x_wconf 84' lang='lat' dir='ltr'><strong>di-</strong></span> 
     </span>
    </p>
   </div>
   <div class='ocr_carea' id='block_1_82' title="bbox 1872 2251 3459 2321">
    <p class='ocr_par' dir='ltr' id='par_1_82' title="bbox 1872 2251 3459 2321">
     <span class='ocr_line' id='line_1_82' title="bbox 1872 2251 3459 2321; baseline 0.004 -21"><span class='ocrx_word' id='word_1_653' title='bbox 1872 2255 2023 2301; x_wconf 88' lang='lat' dir='ltr'><strong>ctum</strong></span> <span class='ocrx_word' id='word_1_654' title='bbox 2062 2257 2167 2312; x_wconf 89' lang='lat' dir='ltr'><strong>est,</strong></span> <span class='ocrx_word' id='word_1_655' title='bbox 2196 2258 2458 2304; x_wconf 87' lang='lat' dir='ltr'><strong>neutrum</strong></span> <span class='ocrx_word' id='word_1_656' title='bbox 2489 2258 2573 2305; x_wconf 89' lang='lat' dir='ltr'><strong>est</strong></span> <span class='ocrx_word' id='word_1_657' title='bbox 2619 2251 2791 2305; x_wconf 89' lang='lat' dir='ltr'><strong>altero</strong></span> <span class='ocrx_word' id='word_1_658' title='bbox 2823 2252 2994 2321; x_wconf 82' lang='lat' dir='ltr'><strong>magis</strong></span> <span class='ocrx_word' id='word_1_659' title='bbox 3035 2252 3119 2307; x_wconf 84' lang='lat' dir='ltr'><strong>vel</strong></span> <span class='ocrx_word' id='word_1_660' title='bbox 3163 2252 3459 2321; x_wconf 87' lang='lat' dir='ltr'><strong>specialius</strong></span> 
     </span>
    </p>
   </div>
   <div class='ocr_carea' id='block_1_83' title="bbox 1872 2338 3455 2413">
    <p class='ocr_par' dir='ltr' id='par_1_83' title="bbox 1872 2338 3455 2413">
     <span class='ocr_line' id='line_1_83' title="bbox 1872 2338 3455 2413; baseline 0.004 -21"><span class='ocrx_word' id='word_1_661' title='bbox 1872 2338 2311 2394; x_wconf 75' lang='lat' dir='ltr'><strong>denominatum.</strong></span> <span class='ocrx_word' id='word_1_662' title='bbox 2340 2340 2398 2396; x_wconf 91' lang='lat' dir='ltr'><strong>Si</strong></span> <span class='ocrx_word' id='word_1_663' title='bbox 2428 2342 2576 2396; x_wconf 91' lang='lat' dir='ltr'><strong>enim</strong></span> <span class='ocrx_word' id='word_1_664' title='bbox 2611 2342 2814 2396; x_wconf 87' lang='lat' dir='ltr'><strong>animal</strong></span> <span class='ocrx_word' id='word_1_665' title='bbox 2846 2343 3067 2398; x_wconf 91' lang='lat' dir='ltr'><strong>videtur</strong></span> <span class='ocrx_word' id='word_1_666' title='bbox 3100 2344 3310 2413; x_wconf 88' lang='lat' dir='ltr'><strong>aliquid</strong></span> <span class='ocrx_word' id='word_1_667' title='bbox 3346 2344 3455 2399; x_wconf 77' lang='lat' dir='ltr'><strong>dici</strong></span> 
     </span>
    </p>
   </div>
   <div class='ocr_carea' id='block_1_84' title="bbox 1873 2431 3458 2508">
    <p class='ocr_par' dir='ltr' id='par_1_84' title="bbox 1873 2431 3458 2508">
     <span class='ocr_line' id='line_1_84' title="bbox 1873 2431 3458 2508; baseline 0.005 -24"><span class='ocrx_word' id='word_1_668' title='bbox 1873 2431 2045 2501; x_wconf 84' lang='lat' dir='ltr'><strong>magis</strong></span> <span class='ocrx_word' id='word_1_669' title='bbox 2071 2440 2168 2486; x_wconf 91' lang='lat' dir='ltr'><strong>aut</strong></span> <span class='ocrx_word' id='word_1_670' title='bbox 2191 2433 2485 2502; x_wconf 85' lang='lat' dir='ltr'><strong>specialius</strong></span> <span class='ocrx_word' id='word_1_671' title='bbox 2512 2451 2675 2504; x_wconf 92' lang='lat' dir='ltr'><strong>quam</strong></span> <span class='ocrx_word' id='word_1_672' title='bbox 2705 2444 2790 2491; x_wconf 89' lang='lat' dir='ltr'><strong>est</strong></span> <span class='ocrx_word' id='word_1_673' title='bbox 2819 2436 3165 2505; x_wconf 87' lang='lat' dir='ltr'><strong>inscriptum,</strong></span> <span class='ocrx_word' id='word_1_674' title='bbox 3198 2439 3310 2508; x_wconf 88' lang='lat' dir='ltr'><strong>jam</strong></span> <span class='ocrx_word' id='word_1_675' title='bbox 3345 2453 3458 2492; x_wconf 86' lang='lat' dir='ltr'><strong>non</strong></span> 
     </span>
    </p>
   </div>
   <div class='ocr_carea' id='block_1_85' title="bbox 1873 2511 3459 2597">
    <p class='ocr_par' dir='ltr' id='par_1_85' title="bbox 1873 2511 3459 2597">
     <span class='ocr_line' id='line_1_85' title="bbox 1873 2511 3459 2597; baseline 0.003 -20"><span class='ocrx_word' id='word_1_676' title='bbox 1873 2529 1959 2577; x_wconf 92' lang='lat' dir='ltr'><strong>est</strong></span> <span class='ocrx_word' id='word_1_677' title='bbox 1977 2530 2234 2591; x_wconf 87' lang='lat' dir='ltr'><strong>tanquam</strong></span> <span class='ocrx_word' id='word_1_678' title='bbox 2254 2511 2670 2597; x_wconf 84' lang='lat' dir='ltr'><strong>homonymum,</strong></span> <span class='ocrx_word' id='word_1_679' title='bbox 2692 2526 2787 2580; x_wconf 90' lang='lat' dir='ltr'><strong>sed</strong></span> <span class='ocrx_word' id='word_1_680' title='bbox 2816 2535 3073 2596; x_wconf 84' lang='lat' dir='ltr'><strong>tanquam</strong></span> <span class='ocrx_word' id='word_1_681' title='bbox 3107 2528 3331 2597; x_wconf 84' lang='lat' dir='ltr'><strong>proprie</strong></span> <span class='ocrx_word' id='word_1_682' title='bbox 3358 2526 3459 2583; x_wconf 91' lang='lat' dir='ltr'><strong>de-</strong></span> 
     </span>
    </p>
   </div>
   <div class='ocr_carea' id='block_1_86' title="bbox 1873 2614 3459 2688">
    <p class='ocr_par' dir='ltr' id='par_1_86' title="bbox 1873 2614 3459 2688">
     <span class='ocr_line' id='line_1_86' title="bbox 1873 2614 3459 2688; baseline 0.006 -22"><span class='ocrx_word' id='word_1_683' title='bbox 1873 2614 2241 2679; x_wconf 84' lang='lat' dir='ltr'><strong>nominatum,</strong></span> <span class='ocrx_word' id='word_1_684' title='bbox 2258 2616 2430 2671; x_wconf 90' lang='lat' dir='ltr'><strong>altero</strong></span> <span class='ocrx_word' id='word_1_685' title='bbox 2447 2632 2557 2671; x_wconf 90' lang='lat' dir='ltr'><strong>non</strong></span> <span class='ocrx_word' id='word_1_686' title='bbox 2572 2618 2800 2688; x_wconf 87' lang='lat' dir='ltr'><strong>proprie</strong></span> <span class='ocrx_word' id='word_1_687' title='bbox 2823 2619 3194 2673; x_wconf 86' lang='lat' dir='ltr'><strong>denominato.</strong></span> <span class='ocrx_word' id='word_1_688' title='bbox 3218 2620 3459 2675; x_wconf 90' lang='lat' dir='ltr'><strong>Duorum</strong></span> 
     </span>
    </p>
   </div>
   <div class='ocr_carea' id='block_1_87' title="bbox 1878 2704 3461 2781">
    <p class='ocr_par' dir='ltr' id='par_1_87' title="bbox 1878 2704 3461 2781">
     <span class='ocr_line' id='line_1_87' title="bbox 1878 2704 3461 2781; baseline 0.005 -24"><span class='ocrx_word' id='word_1_689' title='bbox 1878 2704 2048 2775; x_wconf 77' lang='lat' dir='ltr'><strong>igitur</strong></span> <span class='ocrx_word' id='word_1_690' title='bbox 2083 2708 2306 2776; x_wconf 87' lang='lat' dir='ltr'><strong>proprie</strong></span> <span class='ocrx_word' id='word_1_691' title='bbox 2352 2708 2765 2763; x_wconf 85' lang='lat' dir='ltr'><strong>nominatorum</strong></span> <span class='ocrx_word' id='word_1_692' title='bbox 2795 2709 3148 2781; x_wconf 82' lang='lat' dir='ltr'><strong>homonymia</strong></span> <span class='ocrx_word' id='word_1_693' title='bbox 3176 2726 3461 2781; x_wconf 86' lang='lat' dir='ltr'><strong>nunquam</strong></span> 
     </span>
    </p>
   </div>
   <div class='ocr_carea' id='block_1_88' title="bbox 1878 2795 3461 2866">
    <p class='ocr_par' dir='ltr' id='par_1_88' title="bbox 1878 2795 3461 2866">
     <span class='ocr_line' id='line_1_88' title="bbox 1878 2795 3461 2866; baseline 0.006 -18"><span class='ocrx_word' id='word_1_694' title='bbox 1878 2795 2240 2866; x_wconf 89' lang='lat' dir='ltr'><strong>habebitplus</strong></span> <span class='ocrx_word' id='word_1_695' title='bbox 2252 2804 2346 2851; x_wconf 88' lang='lat' dir='ltr'><strong>aut</strong></span> <span class='ocrx_word' id='word_1_696' title='bbox 2360 2799 2559 2853; x_wconf 89' lang='lat' dir='ltr'><strong>minus.</strong></span> <span class='ocrx_word' id='word_1_697' title='bbox 2584 2800 2702 2854; x_wconf 87' lang='lat' dir='ltr'><strong>Non</strong></span> <span class='ocrx_word' id='word_1_698' title='bbox 2723 2799 2871 2854; x_wconf 89' lang='lat' dir='ltr'><strong>enim</strong></span> <span class='ocrx_word' id='word_1_699' title='bbox 2889 2802 3041 2857; x_wconf 88' lang='lat' dir='ltr'><strong>canis</strong></span> <span class='ocrx_word' id='word_1_700' title='bbox 3060 2803 3461 2858; x_wconf 83' lang='lat' dir='ltr'><strong>terrestrisma-</strong></span> 
     </span>
    </p>
   </div>
   <div class='ocr_carea' id='block_1_89' title="bbox 1876 2886 3466 2962">
    <p class='ocr_par' dir='ltr' id='par_1_89' title="bbox 1876 2886 3466 2962">
     <span class='ocr_line' id='line_1_89' title="bbox 1876 2886 3466 2962; baseline 0.003 -21"><span class='ocrx_word' id='word_1_701' title='bbox 1876 2886 1962 2958; x_wconf 76' lang='lat' dir='ltr'><strong>gis</strong></span> <span class='ocrx_word' id='word_1_702' title='bbox 1994 2895 2080 2943; x_wconf 87' lang='lat' dir='ltr'><strong>est</strong></span> <span class='ocrx_word' id='word_1_703' title='bbox 2105 2887 2260 2943; x_wconf 86' lang='lat' dir='ltr'><strong>canis</strong></span> <span class='ocrx_word' id='word_1_704' title='bbox 2287 2904 2452 2958; x_wconf 91' lang='lat' dir='ltr'><strong>quam</strong></span> <span class='ocrx_word' id='word_1_705' title='bbox 2469 2890 2623 2945; x_wconf 89' lang='lat' dir='ltr'><strong>canis</strong></span> <span class='ocrx_word' id='word_1_706' title='bbox 2648 2891 2914 2956; x_wconf 89' lang='lat' dir='ltr'><strong>marinus,</strong></span> <span class='ocrx_word' id='word_1_707' title='bbox 2939 2908 3117 2962; x_wconf 86' lang='lat' dir='ltr'><strong>neque</strong></span> <span class='ocrx_word' id='word_1_708' title='bbox 3141 2894 3325 2949; x_wconf 89' lang='lat' dir='ltr'><strong>minus</strong></span> <span class='ocrx_word' id='word_1_709' title='bbox 3345 2895 3466 2949; x_wconf 45' lang='lat' dir='ltr'><strong>anis</strong></span> 
     </span>
    </p>
   </div>
   <div class='ocr_carea' id='block_1_90' title="bbox 1878 2979 3461 3056">
    <p class='ocr_par' dir='ltr' id='par_1_90' title="bbox 1878 2979 3461 3056">
     <span class='ocr_line' id='line_1_90' title="bbox 1878 2979 3461 3056; baseline 0.006 -24"><span class='ocrx_word' id='word_1_710' title='bbox 1878 2979 1987 3032; x_wconf 89' lang='lat' dir='ltr'><strong>mal</strong></span> <span class='ocrx_word' id='word_1_711' title='bbox 2005 2994 2170 3048; x_wconf 89' lang='lat' dir='ltr'><strong>quam</strong></span> <span class='ocrx_word' id='word_1_712' title='bbox 2187 2980 2361 3035; x_wconf 88' lang='lat' dir='ltr'><strong>canis.</strong></span> <span class='ocrx_word' id='word_1_713' title='bbox 2383 2982 2552 3051; x_wconf 84' lang='lat' dir='ltr'><strong>Igitur</strong></span> <span class='ocrx_word' id='word_1_714' title='bbox 2571 2982 2987 3038; x_wconf 87' lang='lat' dir='ltr'><strong>denominatum</strong></span> <span class='ocrx_word' id='word_1_715' title='bbox 3012 2994 3269 3056; x_wconf 88' lang='lat' dir='ltr'><strong>tanquam</strong></span> <span class='ocrx_word' id='word_1_716' title='bbox 3295 3002 3461 3042; x_wconf 85' lang='lat' dir='ltr'><strong>causa</strong></span> 
     </span>
    </p>
   </div>
   <div class='ocr_carea' id='block_1_91' title="bbox 1878 3072 3463 3145">
    <p class='ocr_par' dir='ltr' id='par_1_91' title="bbox 1878 3072 3463 3145">
     <span class='ocr_line' id='line_1_91' title="bbox 1878 3072 3463 3145; baseline 0.004 -20"><span class='ocrx_word' id='word_1_717' title='bbox 1878 3079 1974 3125; x_wconf 88' lang='lat' dir='ltr'><strong>aut</strong></span> <span class='ocrx_word' id='word_1_718' title='bbox 2002 3072 2281 3141; x_wconf 80' lang='lat' dir='ltr'><strong>exemplar</strong></span> <span class='ocrx_word' id='word_1_719' title='bbox 2313 3082 2409 3126; x_wconf 90' lang='lat' dir='ltr'><strong>aut</strong></span> <span class='ocrx_word' id='word_1_720' title='bbox 2449 3072 2657 3142; x_wconf 88' lang='lat' dir='ltr'><strong>aliquid</strong></span> <span class='ocrx_word' id='word_1_721' title='bbox 2681 3074 2884 3129; x_wconf 87' lang='lat' dir='ltr'><strong>simile.</strong></span> <span class='ocrx_word' id='word_1_722' title='bbox 2926 3075 3242 3130; x_wconf 81' lang='lat' dir='ltr'><strong>Praesertim</strong></span> <span class='ocrx_word' id='word_1_723' title='bbox 3270 3076 3314 3129; x_wconf 88' lang='lat' dir='ltr'><strong>si</strong></span> <span class='ocrx_word' id='word_1_724' title='bbox 3340 3077 3463 3145; x_wconf 81' lang='lat' dir='ltr'><strong>ejus</strong></span> 
     </span>
    </p>
   </div>
   <div class='ocr_carea' id='block_1_92' title="bbox 1879 3163 3464 3236">
    <p class='ocr_par' dir='ltr' id='par_1_92' title="bbox 1879 3163 3464 3236">
     <span class='ocr_line' id='line_1_92' title="bbox 1879 3163 3464 3236; baseline 0.003 -18"><span class='ocrx_word' id='word_1_725' title='bbox 1879 3177 2103 3218; x_wconf 85' lang='lat' dir='ltr'><strong>causam</strong></span> <span class='ocrx_word' id='word_1_726' title='bbox 2152 3163 2488 3218; x_wconf 66' lang='lat' dir='ltr'><strong>exsistentiaa</strong></span> <span class='ocrx_word' id='word_1_727' title='bbox 2531 3173 2750 3234; x_wconf 87' lang='lat' dir='ltr'><strong>oportet</strong></span> <span class='ocrx_word' id='word_1_728' title='bbox 2783 3181 2906 3222; x_wconf 88' lang='lat' dir='ltr'><strong>esse</strong></span> <span class='ocrx_word' id='word_1_729' title='bbox 2954 3182 3083 3222; x_wconf 86' lang='lat' dir='ltr'><strong>eum</strong></span> <span class='ocrx_word' id='word_1_730' title='bbox 3120 3166 3216 3236; x_wconf 93' lang='lat' dir='ltr'><strong>qui</strong></span> <span class='ocrx_word' id='word_1_731' title='bbox 3255 3166 3464 3222; x_wconf 89' lang='lat' dir='ltr'><strong>dicitur</strong></span> 
     </span>
    </p>
   </div>
   <div class='ocr_carea' id='block_1_93' title="bbox 1870 3253 3460 3328">
    <p class='ocr_par' dir='ltr' id='par_1_93' title="bbox 1870 3253 3460 3328">
     <span class='ocr_line' id='line_1_93' title="bbox 1870 3253 3460 3328; baseline 0.002 -19"><span class='ocrx_word' id='word_1_732' title='bbox 1870 3253 2131 3325; x_wconf 80' lang='lat' dir='ltr'><strong>genuisse</strong></span> <span class='ocrx_word' id='word_1_733' title='bbox 2175 3254 2382 3321; x_wconf 85' lang='lat' dir='ltr'><strong>omnia,</strong></span> <span class='ocrx_word' id='word_1_734' title='bbox 2432 3256 2619 3311; x_wconf 86' lang='lat' dir='ltr'><strong>nullus</strong></span> <span class='ocrx_word' id='word_1_735' title='bbox 2663 3258 2829 3312; x_wconf 87' lang='lat' dir='ltr'><strong>homo</strong></span> <span class='ocrx_word' id='word_1_736' title='bbox 2872 3266 2957 3313; x_wconf 91' lang='lat' dir='ltr'><strong>est</strong></span> <span class='ocrx_word' id='word_1_737' title='bbox 3001 3258 3242 3313; x_wconf 87' lang='lat' dir='ltr'><strong>hominis</strong></span> <span class='ocrx_word' id='word_1_738' title='bbox 3282 3266 3460 3328; x_wconf 89' lang='lat' dir='ltr'><strong>pater,</strong></span> 
     </span>
    </p>
   </div>
   <div class='ocr_carea' id='block_1_94' title="bbox 1874 3348 3464 3422">
    <p class='ocr_par' dir='ltr' id='par_1_94' title="bbox 1874 3348 3464 3422">
     <span class='ocr_line' id='line_1_94' title="bbox 1874 3348 3464 3422; baseline 0.004 -22"><span class='ocrx_word' id='word_1_739' title='bbox 1874 3362 2056 3417; x_wconf 89' lang='lat' dir='ltr'><strong>neque</strong></span> <span class='ocrx_word' id='word_1_740' title='bbox 2090 3348 2263 3403; x_wconf 89' lang='lat' dir='ltr'><strong>ullum</strong></span> <span class='ocrx_word' id='word_1_741' title='bbox 2310 3350 2511 3404; x_wconf 89' lang='lat' dir='ltr'><strong>animal</strong></span> <span class='ocrx_word' id='word_1_742' title='bbox 2558 3351 2797 3406; x_wconf 90' lang='lat' dir='ltr'><strong>alterum</strong></span> <span class='ocrx_word' id='word_1_743' title='bbox 2844 3352 3043 3406; x_wconf 86' lang='lat' dir='ltr'><strong>animal</strong></span> <span class='ocrx_word' id='word_1_744' title='bbox 3081 3352 3311 3422; x_wconf 82' lang='lat' dir='ltr'><strong>genuit:</strong></span> <span class='ocrx_word' id='word_1_745' title='bbox 3344 3352 3464 3406; x_wconf 88' lang='lat' dir='ltr'><strong>ani-</strong></span> 
     </span>
    </p>
   </div>
   <div class='ocr_carea' id='block_1_95' title="bbox 1877 3438 3461 3497">
    <p class='ocr_par' dir='ltr' id='par_1_95' title="bbox 1877 3438 3461 3497">
     <span class='ocr_line' id='line_1_95' title="bbox 1877 3438 3461 3497; baseline 0.003 -6"><span class='ocrx_word' id='word_1_746' title='bbox 1877 3451 2022 3492; x_wconf 89' lang='lat' dir='ltr'><strong>mam</strong></span> <span class='ocrx_word' id='word_1_747' title='bbox 2062 3438 2210 3493; x_wconf 89' lang='lat' dir='ltr'><strong>enim</strong></span> <span class='ocrx_word' id='word_1_748' title='bbox 2240 3439 2355 3493; x_wconf 85' lang='lat' dir='ltr'><strong>sive</strong></span> <span class='ocrx_word' id='word_1_749' title='bbox 2385 3440 2816 3496; x_wconf 87' lang='lat' dir='ltr'><strong>intellectualem</strong></span> <span class='ocrx_word' id='word_1_750' title='bbox 2850 3441 2967 3496; x_wconf 87' lang='lat' dir='ltr'><strong>sive</strong></span> <span class='ocrx_word' id='word_1_751' title='bbox 3003 3441 3335 3497; x_wconf 86' lang='lat' dir='ltr'><strong>sensitivam</strong></span> <span class='ocrx_word' id='word_1_752' title='bbox 3371 3456 3461 3496; x_wconf 87' lang='lat' dir='ltr'><strong>se-</strong></span> 
     </span>
    </p>
   </div>
   <div class='ocr_carea' id='block_1_96' title="bbox 1876 3526 3466 3600">
    <p class='ocr_par' dir='ltr' id='par_1_96' title="bbox 1876 3526 3466 3600">
     <span class='ocr_line' id='line_1_96' title="bbox 1876 3526 3466 3600; baseline 0.004 -22"><span class='ocrx_word' id='word_1_753' title='bbox 1876 3526 2026 3580; x_wconf 90' lang='lat' dir='ltr'><strong>mina</strong></span> <span class='ocrx_word' id='word_1_754' title='bbox 2066 3541 2178 3580; x_wconf 90' lang='lat' dir='ltr'><strong>non</strong></span> <span class='ocrx_word' id='word_1_755' title='bbox 2211 3527 2441 3582; x_wconf 85' lang='lat' dir='ltr'><strong>habent.</strong></span> <span class='ocrx_word' id='word_1_756' title='bbox 2475 3527 2583 3583; x_wconf 80' lang='lat' dir='ltr'><strong>Sed</strong></span> <span class='ocrx_word' id='word_1_757' title='bbox 2613 3538 2738 3600; x_wconf 89' lang='lat' dir='ltr'><strong>post</strong></span> <span class='ocrx_word' id='word_1_758' title='bbox 2795 3528 3181 3585; x_wconf 83' lang='lat' dir='ltr'><strong>formationem</strong></span> <span class='ocrx_word' id='word_1_759' title='bbox 3208 3539 3264 3584; x_wconf 90' lang='lat' dir='ltr'><strong>et</strong></span> <span class='ocrx_word' id='word_1_760' title='bbox 3292 3529 3466 3600; x_wconf 86' lang='lat' dir='ltr'><strong>perfe-</strong></span> 
     </span>
    </p>
   </div>
   <div class='ocr_carea' id='block_1_97' title="bbox 1879 3618 3462 3690">
    <p class='ocr_par' dir='ltr' id='par_1_97' title="bbox 1879 3618 3462 3690">
     <span class='ocr_line' id='line_1_97' title="bbox 1879 3618 3462 3690; baseline 0.004 -20"><span class='ocrx_word' id='word_1_761' title='bbox 1879 3618 2417 3673; x_wconf 89' lang='lat' dir='ltr'><strong>ctammembrorum</strong></span> <span class='ocrx_word' id='word_1_762' title='bbox 2470 3620 2892 3690; x_wconf 86' lang='lat' dir='ltr'><strong>dispositionem</strong></span> <span class='ocrx_word' id='word_1_763' title='bbox 2944 3622 3230 3677; x_wconf 80' lang='lat' dir='ltr'><strong>inanimali</strong></span> <span class='ocrx_word' id='word_1_764' title='bbox 3284 3622 3462 3688; x_wconf 88' lang='lat' dir='ltr'><strong>fetus,</strong></span> 
     </span>
    </p>
   </div>
   <div class='ocr_carea' id='block_1_98' title="bbox 1877 3707 3462 3781">
    <p class='ocr_par' dir='ltr' id='par_1_98' title="bbox 1877 3707 3462 3781">
     <span class='ocr_line' id='line_1_98' title="bbox 1877 3707 3462 3781; baseline 0.003 -19"><span class='ocrx_word' id='word_1_765' title='bbox 1877 3707 2158 3764; x_wconf 88' lang='lat' dir='ltr'><strong>animatur</strong></span> <span class='ocrx_word' id='word_1_766' title='bbox 2180 3708 2383 3763; x_wconf 87' lang='lat' dir='ltr'><strong>animal</strong></span> <span class='ocrx_word' id='word_1_767' title='bbox 2407 3719 2462 3764; x_wconf 93' lang='lat' dir='ltr'><strong>et</strong></span> <span class='ocrx_word' id='word_1_768' title='bbox 2496 3711 2804 3781; x_wconf 79' lang='lat' dir='ltr'><strong>praesertim</strong></span> <span class='ocrx_word' id='word_1_769' title='bbox 2839 3713 3003 3766; x_wconf 88' lang='lat' dir='ltr'><strong>homo</strong></span> <span class='ocrx_word' id='word_1_770' title='bbox 3028 3728 3057 3765; x_wconf 92' lang='lat' dir='ltr'><strong>a</strong></span> <span class='ocrx_word' id='word_1_771' title='bbox 3087 3712 3296 3766; x_wconf 89' lang='lat' dir='ltr'><strong>factore</strong></span> <span class='ocrx_word' id='word_1_772' title='bbox 3338 3728 3462 3777; x_wconf 89' lang='lat' dir='ltr'><strong>suo,</strong></span> 
     </span>
    </p>
   </div>
   <div class='ocr_carea' id='block_1_99' title="bbox 1878 3798 3467 3872">
    <p class='ocr_par' dir='ltr' id='par_1_99' title="bbox 1878 3798 3467 3872">
     <span class='ocr_line' id='line_1_99' title="bbox 1878 3798 3467 3872; baseline 0.003 -19"><span class='ocrx_word' id='word_1_773' title='bbox 1878 3798 1992 3853; x_wconf 90' lang='lat' dir='ltr'><strong>Deo</strong></span> <span class='ocrx_word' id='word_1_774' title='bbox 2037 3798 2342 3869; x_wconf 88' lang='lat' dir='ltr'><strong>inspirante</strong></span> <span class='ocrx_word' id='word_1_775' title='bbox 2388 3801 2447 3855; x_wconf 89' lang='lat' dir='ltr'><strong>in</strong></span> <span class='ocrx_word' id='word_1_776' title='bbox 2500 3816 2569 3856; x_wconf 93' lang='lat' dir='ltr'><strong>eo</strong></span> <span class='ocrx_word' id='word_1_777' title='bbox 2614 3803 2868 3872; x_wconf 87' lang='lat' dir='ltr'><strong>spiritum</strong></span> <span class='ocrx_word' id='word_1_778' title='bbox 2921 3802 3184 3858; x_wconf 89' lang='lat' dir='ltr'><strong>hominis.</strong></span> <span class='ocrx_word' id='word_1_779' title='bbox 3238 3803 3366 3858; x_wconf 77' lang='lat' dir='ltr'><strong>ideo</strong></span> <span class='ocrx_word' id='word_1_780' title='bbox 3410 3812 3467 3857; x_wconf 89' lang='lat' dir='ltr'><strong>et</strong></span> 
     </span>
    </p>
   </div>
   <div class='ocr_carea' id='block_1_100' title="bbox 1881 3892 3464 3961">
    <p class='ocr_par' dir='ltr' id='par_1_100' title="bbox 1881 3892 3464 3961">
     <span class='ocr_line' id='line_1_100' title="bbox 1881 3892 3464 3961; baseline 0.003 -17"><span class='ocrx_word' id='word_1_781' title='bbox 1881 3899 2142 3961; x_wconf 88' lang='lat' dir='ltr'><strong>tanquam</strong></span> <span class='ocrx_word' id='word_1_782' title='bbox 2171 3892 2428 3949; x_wconf 89' lang='lat' dir='ltr'><strong>animalis</strong></span> <span class='ocrx_word' id='word_1_783' title='bbox 2455 3892 2861 3948; x_wconf 80' lang='lat' dir='ltr'><strong>interfectorem</strong></span> <span class='ocrx_word' id='word_1_784' title='bbox 2895 3894 3229 3949; x_wconf 89' lang='lat' dir='ltr'><strong>condemnat</strong></span> <span class='ocrx_word' id='word_1_785' title='bbox 3260 3895 3348 3949; x_wconf 93' lang='lat' dir='ltr'><strong>lex</strong></span> <span class='ocrx_word' id='word_1_786' title='bbox 3377 3893 3464 3949; x_wconf 89' lang='lat' dir='ltr'><strong>di-</strong></span> 
     </span>
    </p>
   </div>
   <div class='ocr_carea' id='block_1_101' title="bbox 1880 3983 3461 4057">
    <p class='ocr_par' dir='ltr' id='par_1_101' title="bbox 1880 3983 3461 4057">
     <span class='ocr_line' id='line_1_101' title="bbox 1880 3983 3461 4057; baseline 0.004 -19"><span class='ocrx_word' id='word_1_787' title='bbox 1880 3983 2007 4038; x_wconf 81' lang='lat' dir='ltr'><strong>vina</strong></span> <span class='ocrx_word' id='word_1_788' title='bbox 2034 3999 2162 4039; x_wconf 88' lang='lat' dir='ltr'><strong>eum</strong></span> <span class='ocrx_word' id='word_1_789' title='bbox 2192 3985 2288 4055; x_wconf 89' lang='lat' dir='ltr'><strong>qui</strong></span> <span class='ocrx_word' id='word_1_790' title='bbox 2319 3994 2444 4057; x_wconf 90' lang='lat' dir='ltr'><strong>post</strong></span> <span class='ocrx_word' id='word_1_791' title='bbox 2471 3984 2860 4041; x_wconf 85' lang='lat' dir='ltr'><strong>formationem</strong></span> <span class='ocrx_word' id='word_1_792' title='bbox 2890 3996 3152 4057; x_wconf 86' lang='lat' dir='ltr'><strong>procurat</strong></span> <span class='ocrx_word' id='word_1_793' title='bbox 3183 3987 3461 4044; x_wconf 92' lang='lat' dir='ltr'><strong>abortum.</strong></span> 
     </span>
    </p>
   </div>
   <div class='ocr_carea' id='block_1_102' title="bbox 1881 4060 3461 4151">
    <p class='ocr_par' dir='ltr' id='par_1_102' title="bbox 1881 4060 3461 4151">
     <span class='ocr_line' id='line_1_102' title="bbox 1881 4060 3461 4151; baseline 0.001 -21"><span class='ocrx_word' id='word_1_794' title='bbox 1881 4076 2054 4146; x_wconf 80' lang='lat' dir='ltr'><strong>Igitur</strong></span> <span class='ocrx_word' id='word_1_795' title='bbox 2081 4078 2266 4133; x_wconf 89' lang='lat' dir='ltr'><strong>carnis</strong></span> <span class='ocrx_word' id='word_1_796' title='bbox 2294 4078 2571 4148; x_wconf 79' lang='lat' dir='ltr'><strong>genitores</strong></span> <span class='ocrx_word' id='word_1_797' title='bbox 2618 4087 2672 4135; x_wconf 87' lang='lat' dir='ltr'><strong>et</strong></span> <span class='ocrx_word' id='word_1_798' title='bbox 2710 4060 3016 4150; x_wconf 58' lang='lat' dir='ltr'><strong>prasertim</strong></span> <span class='ocrx_word' id='word_1_799' title='bbox 3061 4088 3192 4134; x_wconf 91' lang='lat' dir='ltr'><strong>sunt</strong></span> <span class='ocrx_word' id='word_1_800' title='bbox 3234 4089 3461 4151; x_wconf 89' lang='lat' dir='ltr'><strong>patres:</strong></span> 
     </span>
    </p>
   </div>
   <div class='ocr_carea' id='block_1_103' title="bbox 1881 4169 3465 4243">
    <p class='ocr_par' dir='ltr' id='par_1_103' title="bbox 1881 4169 3465 4243">
     <span class='ocr_line' id='line_1_103' title="bbox 1881 4169 3465 4243; baseline 0.005 -22"><span class='ocrx_word' id='word_1_801' title='bbox 1881 4169 2069 4223; x_wconf 89' lang='lat' dir='ltr'><strong>nullus</strong></span> <span class='ocrx_word' id='word_1_802' title='bbox 2097 4177 2304 4236; x_wconf 89' lang='lat' dir='ltr'><strong>autem,</strong></span> <span class='ocrx_word' id='word_1_803' title='bbox 2349 4170 2507 4241; x_wconf 82' lang='lat' dir='ltr'><strong>juxta</strong></span> <span class='ocrx_word' id='word_1_804' title='bbox 2535 4185 2656 4236; x_wconf 89' lang='lat' dir='ltr'><strong>vos,</strong></span> <span class='ocrx_word' id='word_1_805' title='bbox 2692 4172 2936 4227; x_wconf 88' lang='lat' dir='ltr'><strong>hominis</strong></span> <span class='ocrx_word' id='word_1_806' title='bbox 2973 4173 3187 4243; x_wconf 80' lang='lat' dir='ltr'><strong>genitor</strong></span> <span class='ocrx_word' id='word_1_807' title='bbox 3230 4181 3334 4229; x_wconf 88' lang='lat' dir='ltr'><strong>est.</strong></span> <span class='ocrx_word' id='word_1_808' title='bbox 3384 4173 3465 4229; x_wconf 83' lang='lat' dir='ltr'><strong>Ita</strong></span> 
     </span>
    </p>
   </div>
   <div class='ocr_carea' id='block_1_104' title="bbox 1882 4260 3467 4334">
    <p class='ocr_par' dir='ltr' id='par_1_104' title="bbox 1882 4260 3467 4334">
     <span class='ocr_line' id='line_1_104' title="bbox 1882 4260 3467 4334; baseline 0.004 -19"><span class='ocrx_word' id='word_1_809' title='bbox 1882 4276 2027 4315; x_wconf 90' lang='lat' dir='ltr'><strong>vero</strong></span> <span class='ocrx_word' id='word_1_810' title='bbox 2063 4260 2196 4331; x_wconf 90' lang='lat' dir='ltr'><strong>quia</strong></span> <span class='ocrx_word' id='word_1_811' title='bbox 2233 4260 2355 4318; x_wconf 84' lang='lat' dir='ltr'><strong>ﬂuit</strong></span> <span class='ocrx_word' id='word_1_812' title='bbox 2381 4262 2437 4316; x_wconf 91' lang='lat' dir='ltr'><strong>in</strong></span> <span class='ocrx_word' id='word_1_813' title='bbox 2466 4262 2583 4317; x_wconf 89' lang='lat' dir='ltr'><strong>dies</strong></span> <span class='ocrx_word' id='word_1_814' title='bbox 2612 4272 2669 4318; x_wconf 92' lang='lat' dir='ltr'><strong>et</strong></span> <span class='ocrx_word' id='word_1_815' title='bbox 2698 4269 2944 4318; x_wconf 89' lang='lat' dir='ltr'><strong>mutatur</strong></span> <span class='ocrx_word' id='word_1_816' title='bbox 2970 4278 3191 4334; x_wconf 90' lang='lat' dir='ltr'><strong>corpus,</strong></span> <span class='ocrx_word' id='word_1_817' title='bbox 3230 4274 3286 4319; x_wconf 92' lang='lat' dir='ltr'><strong>et</strong></span> <span class='ocrx_word' id='word_1_818' title='bbox 3314 4265 3467 4322; x_wconf 89' lang='lat' dir='ltr'><strong>nulla</strong></span> 
     </span>
    </p>
   </div>
   <div class='ocr_carea' id='block_1_105' title="bbox 1884 4352 3471 4423">
    <p class='ocr_par' dir='ltr' id='par_1_105' title="bbox 1884 4352 3471 4423">
     <span class='ocr_line' id='line_1_105' title="bbox 1884 4352 3471 4423; baseline 0.004 -17"><span class='ocrx_word' id='word_1_819' title='bbox 1884 4352 2070 4422; x_wconf 88' lang='lat' dir='ltr'><strong>aliqua</strong></span> <span class='ocrx_word' id='word_1_820' title='bbox 2093 4367 2214 4408; x_wconf 88' lang='lat' dir='ltr'><strong>sors</strong></span> <span class='ocrx_word' id='word_1_821' title='bbox 2239 4361 2533 4422; x_wconf 89' lang='lat' dir='ltr'><strong>parentum</strong></span> <span class='ocrx_word' id='word_1_822' title='bbox 2562 4352 2619 4407; x_wconf 90' lang='lat' dir='ltr'><strong>in</strong></span> <span class='ocrx_word' id='word_1_823' title='bbox 2650 4360 2914 4423; x_wconf 90' lang='lat' dir='ltr'><strong>tempore,</strong></span> <span class='ocrx_word' id='word_1_824' title='bbox 2944 4369 3055 4408; x_wconf 88' lang='lat' dir='ltr'><strong>non</strong></span> <span class='ocrx_word' id='word_1_825' title='bbox 3085 4362 3269 4409; x_wconf 81' lang='lat' dir='ltr'><strong>es‘sent</strong></span> <span class='ocrx_word' id='word_1_826' title='bbox 3295 4353 3471 4412; x_wconf 83' lang='lat' dir='ltr'><strong>etiam</strong></span> 
     </span>
    </p>
   </div>
   <div class='ocr_carea' id='block_1_106' title="bbox 1814 4445 3484 4527">
    <p class='ocr_par' dir='ltr' id='par_1_106' title="bbox 1814 4445 3484 4527">
     <span class='ocr_line' id='line_1_106' title="bbox 1814 4445 3484 4527; baseline 0.002 -29"><span class='ocrx_word' id='word_1_827' title='bbox 1814 4470 1862 4527; x_wconf 68' lang='grc' dir='ltr'><strong>ι)</strong></span> <span class='ocrx_word' id='word_1_828' title='bbox 1886 4445 2070 4499; x_wconf 89' lang='lat' dir='ltr'><strong>carnis</strong></span> <span class='ocrx_word' id='word_1_829' title='bbox 2094 4452 2388 4516; x_wconf 88' lang='lat' dir='ltr'><strong>parentes:</strong></span> <span class='ocrx_word' id='word_1_830' title='bbox 2416 4445 2514 4500; x_wconf 89' lang='lat' dir='ltr'><strong>sed</strong></span> <span class='ocrx_word' id='word_1_831' title='bbox 2533 4453 2589 4500; x_wconf 92' lang='lat' dir='ltr'><strong>et</strong></span> <span class='ocrx_word' id='word_1_832' title='bbox 2609 4461 2774 4501; x_wconf 81' lang='lat' dir='ltr'><strong>senex</strong></span> <span class='ocrx_word' id='word_1_833' title='bbox 2793 4446 2941 4501; x_wconf 86' lang='lat' dir='ltr'><strong>Isaac</strong></span> <span class='ocrx_word' id='word_1_834' title='bbox 2963 4446 3143 4502; x_wconf 91' lang='lat' dir='ltr'><strong>factus</strong></span> <span class='ocrx_word' id='word_1_835' title='bbox 3168 4457 3252 4502; x_wconf 92' lang='lat' dir='ltr'><strong>est</strong></span> <span class='ocrx_word' id='word_1_836' title='bbox 3274 4462 3484 4502; x_wconf 83' lang='lat' dir='ltr'><strong>exsors.</strong></span> 
     </span>
    </p>
   </div>
   <div class='ocr_carea' id='block_1_107' title="bbox 1887 4534 3463 4611">
    <p class='ocr_par' dir='ltr' id='par_1_107' title="bbox 1887 4534 3463 4611">
     <span class='ocr_line' id='line_1_107' title="bbox 1887 4534 3463 4611; baseline 0.003 -20"><span class='ocrx_word' id='word_1_837' title='bbox 1887 4534 2179 4591; x_wconf 82' lang='lat' dir='ltr'><strong>ﬁliationis</strong></span> <span class='ocrx_word' id='word_1_838' title='bbox 2203 4536 2472 4592; x_wconf 55' lang='lat' dir='ltr'><strong>Abrahae:</strong></span> <span class='ocrx_word' id='word_1_839' title='bbox 2511 4545 2569 4593; x_wconf 90' lang='lat' dir='ltr'><strong>et</strong></span> <span class='ocrx_word' id='word_1_840' title='bbox 2599 4538 2676 4593; x_wconf 90' lang='lat' dir='ltr'><strong>ita</strong></span> <span class='ocrx_word' id='word_1_841' title='bbox 2711 4537 2824 4593; x_wconf 90' lang='lat' dir='ltr'><strong>alii.</strong></span> <span class='ocrx_word' id='word_1_842' title='bbox 2863 4537 3150 4605; x_wconf 86' lang='lat' dir='ltr'><strong>Quomodo</strong></span> <span class='ocrx_word' id='word_1_843' title='bbox 3198 4554 3332 4611; x_wconf 81' lang='lat' dir='ltr'><strong>ergo</strong></span> <span class='ocrx_word' id='word_1_844' title='bbox 3373 4540 3463 4595; x_wconf 74' lang='lat' dir='ltr'><strong>di,-</strong></span> 
     </span>
    </p>
   </div>
   <div class='ocr_carea' id='block_1_108' title="bbox 1887 4626 3467 4699">
    <p class='ocr_par' dir='ltr' id='par_1_108' title="bbox 1887 4626 3467 4699">
     <span class='ocr_line' id='line_1_108' title="bbox 1887 4626 3467 4699; baseline 0.004 -20"><span class='ocrx_word' id='word_1_845' title='bbox 1887 4632 2040 4680; x_wconf 90' lang='lat' dir='ltr'><strong>ctum</strong></span> <span class='ocrx_word' id='word_1_846' title='bbox 2064 4633 2149 4680; x_wconf 88' lang='lat' dir='ltr'><strong>est</strong></span> <span class='ocrx_word' id='word_1_847' title='bbox 2173 4641 2206 4681; x_wconf 88' lang='lat' dir='ltr'><strong>a</strong></span> <span class='ocrx_word' id='word_1_848' title='bbox 2233 4626 2381 4681; x_wconf 89' lang='lat' dir='ltr'><strong>Deo:</strong></span> <span class='ocrx_word' id='word_1_849' title='bbox 2418 4645 2438 4678; x_wconf 80' lang='grc' dir='ltr'><strong>ι</strong></span> <span class='ocrx_word' id='word_1_850' title='bbox 2466 4627 2548 4682; x_wconf 91' lang='lat' dir='ltr'><strong>Tu</strong></span> <span class='ocrx_word' id='word_1_851' title='bbox 2579 4636 2763 4683; x_wconf 90' lang='lat' dir='ltr'><strong>autem</strong></span> <span class='ocrx_word' id='word_1_852' title='bbox 2789 4627 2898 4683; x_wconf 87' lang='lat' dir='ltr'><strong>ibis</strong></span> <span class='ocrx_word' id='word_1_853' title='bbox 2922 4628 2991 4683; x_wconf 90' lang='lat' dir='ltr'><strong>ad</strong></span> <span class='ocrx_word' id='word_1_854' title='bbox 3006 4637 3195 4699; x_wconf 88' lang='lat' dir='ltr'><strong>patres</strong></span> <span class='ocrx_word' id='word_1_855' title='bbox 3214 4637 3358 4696; x_wconf 91' lang='lat' dir='ltr'><strong>tuos,</strong></span> <span class='ocrx_word' id='word_1_856' title='bbox 3377 4646 3467 4686; x_wconf 83' lang='lat' dir='ltr'><strong>se-</strong></span> 
     </span>
    </p>
   </div>
   <div class='ocr_carea' id='block_1_109' title="bbox 1884 4718 3471 4794">
    <p class='ocr_par' dir='ltr' id='par_1_109' title="bbox 1884 4718 3471 4794">
     <span class='ocr_line' id='line_1_109' title="bbox 1884 4718 3471 4794; baseline 0.005 -22"><span class='ocrx_word' id='word_1_857' title='bbox 1884 4718 2073 4787; x_wconf 88' lang='lat' dir='ltr'><strong>pultus</strong></span> <span class='ocrx_word' id='word_1_858' title='bbox 2114 4718 2171 4773; x_wconf 89' lang='lat' dir='ltr'><strong>in</strong></span> <span class='ocrx_word' id='word_1_859' title='bbox 2199 4727 2487 4775; x_wconf 85' lang='lat' dir='ltr'><strong>senectute</strong></span> <span class='ocrx_word' id='word_1_860' title='bbox 2534 4720 2767 4775; x_wconf 65' lang='lat' dir='ltr'><strong>bonax?</strong></span> <span class='ocrx_word' id='word_1_861' title='bbox 2802 4740 2821 4772; x_wconf 75' lang='grc' dir='ltr'><strong>ι</strong></span> <span class='ocrx_word' id='word_1_862' title='bbox 2858 4720 2966 4776; x_wconf 89' lang='lat' dir='ltr'><strong>Sed</strong></span> <span class='ocrx_word' id='word_1_863' title='bbox 3012 4732 3162 4794; x_wconf 87' lang='lat' dir='ltr'><strong>patet</strong></span> <span class='ocrx_word' id='word_1_864' title='bbox 3201 4723 3319 4782; x_wconf 78' lang='lat' dir='ltr'><strong>haec</strong></span> <span class='ocrx_word' id='word_1_865' title='bbox 3344 4739 3471 4780; x_wconf 82' lang='lat' dir='ltr'><strong>esse</strong></span> 
     </span>
    </p>
   </div>
   <div class='ocr_carea' id='block_1_110' title="bbox 1887 4802 3471 4884">
    <p class='ocr_par' dir='ltr' id='par_1_110' title="bbox 1887 4802 3471 4884">
     <span class='ocr_line' id='line_1_110' title="bbox 1887 4802 3471 4884; baseline 0.003 -20"><span class='ocrx_word' id='word_1_866' title='bbox 1887 4809 2147 4866; x_wconf 86' lang='lat' dir='ltr'><strong>absurda.</strong></span> <span class='ocrx_word' id='word_1_867' title='bbox 2186 4810 2307 4881; x_wconf 88' lang='lat' dir='ltr'><strong>Ipse</strong></span> <span class='ocrx_word' id='word_1_868' title='bbox 2354 4811 2504 4867; x_wconf 89' lang='lat' dir='ltr'><strong>enim</strong></span> <span class='ocrx_word' id='word_1_869' title='bbox 2537 4814 2834 4882; x_wconf 84' lang='lat' dir='ltr'><strong>Apostolus</strong></span> <span class='ocrx_word' id='word_1_870' title='bbox 2870 4814 3067 4869; x_wconf 88' lang='lat' dir='ltr'><strong>dicens</strong></span> <span class='ocrx_word' id='word_1_871' title='bbox 3099 4802 3197 4869; x_wconf 77' lang='lat' dir='ltr'><strong>e03</strong></span> <span class='ocrx_word' id='word_1_872' title='bbox 3241 4815 3471 4884; x_wconf 70' lang='lat' dir='ltr'><strong>quidem</strong></span> 
     </span>
    </p>
   </div>
   <div class='ocr_carea' id='block_1_111' title="bbox 1885 4903 3468 4973">
    <p class='ocr_par' dir='ltr' id='par_1_111' title="bbox 1885 4903 3468 4973">
     <span class='ocr_line' id='line_1_111' title="bbox 1885 4903 3468 4973; baseline 0.001 -17"><span class='ocrx_word' id='word_1_873' title='bbox 1885 4916 2007 4956; x_wconf 91' lang='lat' dir='ltr'><strong>esse</strong></span> <span class='ocrx_word' id='word_1_874' title='bbox 2049 4903 2236 4958; x_wconf 88' lang='lat' dir='ltr'><strong>carnis</strong></span> <span class='ocrx_word' id='word_1_875' title='bbox 2279 4911 2499 4971; x_wconf 88' lang='lat' dir='ltr'><strong>patres,</strong></span> <span class='ocrx_word' id='word_1_876' title='bbox 2546 4918 2688 4972; x_wconf 85' lang='lat' dir='ltr'><strong>quos</strong></span> <span class='ocrx_word' id='word_1_877' title='bbox 2737 4903 3033 4960; x_wconf 86' lang='lat' dir='ltr'><strong>habuimus</strong></span> <span class='ocrx_word' id='word_1_878' title='bbox 3078 4904 3368 4973; x_wconf 79' lang='lat' dir='ltr'><strong>magistros</strong></span> <span class='ocrx_word' id='word_1_879' title='bbox 3410 4912 3468 4959; x_wconf 89' lang='lat' dir='ltr'><strong>et</strong></span> 
     </span>
    </p>
   </div>
   <div class='ocr_carea' id='block_1_112' title="bbox 1888 4994 3467 5065">
    <p class='ocr_par' dir='ltr' id='par_1_112' title="bbox 1888 4994 3467 5065">
     <span class='ocr_line' id='line_1_112' title="bbox 1888 4994 3467 5065; baseline 0.001 -17"><span class='ocrx_word' id='word_1_880' title='bbox 1888 4994 2060 5048; x_wconf 90' lang='lat' dir='ltr'><strong>Deum</strong></span> <span class='ocrx_word' id='word_1_881' title='bbox 2107 5008 2230 5049; x_wconf 88' lang='lat' dir='ltr'><strong>esse</strong></span> <span class='ocrx_word' id='word_1_882' title='bbox 2278 4996 2577 5064; x_wconf 90' lang='lat' dir='ltr'><strong>spirituum</strong></span> <span class='ocrx_word' id='word_1_883' title='bbox 2632 5010 2803 5050; x_wconf 90' lang='lat' dir='ltr'><strong>unum</strong></span> <span class='ocrx_word' id='word_1_884' title='bbox 2856 5006 3088 5065; x_wconf 85' lang='lat' dir='ltr'><strong>patrem,</strong></span> <span class='ocrx_word' id='word_1_885' title='bbox 3142 4996 3258 5065; x_wconf 90' lang='lat' dir='ltr'><strong>ipse</strong></span> <span class='ocrx_word' id='word_1_886' title='bbox 3310 5004 3467 5052; x_wconf 85' lang='lat' dir='ltr'><strong>vocat</strong></span> 
     </span>
    </p>
   </div>
   <div class='ocr_carea' id='block_1_113' title="bbox 1885 5085 3468 5145">
    <p class='ocr_par' dir='ltr' id='par_1_113' title="bbox 1885 5085 3468 5145">
     <span class='ocr_line' id='line_1_113' title="bbox 1885 5085 3468 5145; baseline 0.001 -6"><span class='ocrx_word' id='word_1_887' title='bbox 1885 5085 2151 5139; x_wconf 88' lang='lat' dir='ltr'><strong>Eunicem</strong></span> <span class='ocrx_word' id='word_1_888' title='bbox 2199 5093 2434 5140; x_wconf 86' lang='lat' dir='ltr'><strong>matrem</strong></span> <span class='ocrx_word' id='word_1_889' title='bbox 2488 5085 2784 5145; x_wconf 85' lang='lat' dir='ltr'><strong>Timothei,</strong></span> <span class='ocrx_word' id='word_1_890' title='bbox 2829 5094 2890 5140; x_wconf 90' lang='lat' dir='ltr'><strong>et</strong></span> <span class='ocrx_word' id='word_1_891' title='bbox 2934 5101 3045 5143; x_wconf 88' lang='lat' dir='ltr'><strong>non</strong></span> <span class='ocrx_word' id='word_1_892' title='bbox 3095 5096 3305 5142; x_wconf 87' lang='lat' dir='ltr'><strong>tantum</strong></span> <span class='ocrx_word' id='word_1_893' title='bbox 3348 5102 3468 5141; x_wconf 86' lang='lat' dir='ltr'><strong>ma-</strong></span> 
     </span>
    </p>
   </div>
   <div class='ocr_carea' id='block_1_114' title="bbox 1886 5176 3466 5249">
    <p class='ocr_par' dir='ltr' id='par_1_114' title="bbox 1886 5176 3466 5249">
     <span class='ocr_line' id='line_1_114' title="bbox 1886 5176 3466 5249; baseline -0.001 -18"><span class='ocrx_word' id='word_1_894' title='bbox 1886 5186 2027 5231; x_wconf 91' lang='lat' dir='ltr'><strong>trem</strong></span> <span class='ocrx_word' id='word_1_895' title='bbox 2106 5177 2288 5231; x_wconf 88' lang='lat' dir='ltr'><strong>carnis</strong></span> <span class='ocrx_word' id='word_1_896' title='bbox 2365 5176 2661 5232; x_wconf 88' lang='lat' dir='ltr'><strong>Timothei.</strong></span> <span class='ocrx_word' id='word_1_897' title='bbox 2744 5178 2901 5233; x_wconf 86' lang='lat' dir='ltr'><strong>Patet</strong></span> <span class='ocrx_word' id='word_1_898' title='bbox 2977 5193 3111 5249; x_wconf 78' lang='lat' dir='ltr'><strong>ergo</strong></span> <span class='ocrx_word' id='word_1_899' title='bbox 3187 5177 3466 5242; x_wconf 75' lang='lat' dir='ltr'><strong>Verbum,</strong></span> 
     </span>
    </p>
   </div>
   <div class='ocr_carea' id='block_1_115' title="bbox 1884 5266 3468 5339">
    <p class='ocr_par' dir='ltr' id='par_1_115' title="bbox 1884 5266 3468 5339">
     <span class='ocr_line' id='line_1_115' title="bbox 1884 5266 3468 5339; baseline 0.001 -18"><span class='ocrx_word' id='word_1_900' title='bbox 1884 5268 2016 5323; x_wconf 88' lang='lat' dir='ltr'><strong>licet</strong></span> <span class='ocrx_word' id='word_1_901' title='bbox 2054 5266 2333 5338; x_wconf 87' lang='lat' dir='ltr'><strong>acceperit</strong></span> <span class='ocrx_word' id='word_1_902' title='bbox 2378 5283 2410 5322; x_wconf 87' lang='lat' dir='ltr'><strong>a</strong></span> <span class='ocrx_word' id='word_1_903' title='bbox 2450 5275 2639 5323; x_wconf 87' lang='lat' dir='ltr'><strong>sancta</strong></span> <span class='ocrx_word' id='word_1_904' title='bbox 2681 5268 2905 5339; x_wconf 77' lang='lat' dir='ltr'><strong>Virgine</strong></span> <span class='ocrx_word' id='word_1_905' title='bbox 2944 5283 3053 5322; x_wconf 91' lang='lat' dir='ltr'><strong>non</strong></span> <span class='ocrx_word' id='word_1_906' title='bbox 3096 5269 3320 5338; x_wconf 91' lang='lat' dir='ltr'><strong>quidem</strong></span> <span class='ocrx_word' id='word_1_907' title='bbox 3347 5282 3468 5322; x_wconf 82' lang='lat' dir='ltr'><strong>esse</strong></span> 
     </span>
    </p>
   </div>
   <div class='ocr_carea' id='block_1_116' title="bbox 1883 5358 3468 5430">
    <p class='ocr_par' dir='ltr' id='par_1_116' title="bbox 1883 5358 3468 5430">
     <span class='ocr_line' id='line_1_116' title="bbox 1883 5358 3468 5430; baseline 0 -15"><span class='ocrx_word' id='word_1_908' title='bbox 1883 5358 2228 5430; x_wconf 88' lang='lat' dir='ltr'><strong>simpliciter,</strong></span> <span class='ocrx_word' id='word_1_909' title='bbox 2260 5359 2357 5416; x_wconf 89' lang='lat' dir='ltr'><strong>sed</strong></span> <span class='ocrx_word' id='word_1_910' title='bbox 2392 5374 2513 5425; x_wconf 81' lang='lat' dir='ltr'><strong>esse</strong></span> <span class='ocrx_word' id='word_1_911' title='bbox 2545 5361 2918 5425; x_wconf 88' lang='lat' dir='ltr'><strong>incarnatum,</strong></span> <span class='ocrx_word' id='word_1_912' title='bbox 2949 5376 3071 5415; x_wconf 90' lang='lat' dir='ltr'><strong>esse</strong></span> <span class='ocrx_word' id='word_1_913' title='bbox 3116 5372 3297 5416; x_wconf 84' lang='lat' dir='ltr'><strong>tamen</strong></span> <span class='ocrx_word' id='word_1_914' title='bbox 3334 5375 3468 5415; x_wconf 86' lang='lat' dir='ltr'><strong>vere</strong></span> 
     </span>
    </p>
   </div>
   <div class='ocr_carea' id='block_1_117' title="bbox 1886 5452 3463 5524">
    <p class='ocr_par' dir='ltr' id='par_1_117' title="bbox 1886 5452 3463 5524">
     <span class='ocr_line' id='line_1_117' title="bbox 1886 5452 3463 5524; baseline 0 -16"><span class='ocrx_word' id='word_1_915' title='bbox 1886 5453 2008 5523; x_wconf 88' lang='lat' dir='ltr'><strong>ejus</strong></span> <span class='ocrx_word' id='word_1_916' title='bbox 2041 5452 2257 5520; x_wconf 83' lang='lat' dir='ltr'><strong>filium;</strong></span> <span class='ocrx_word' id='word_1_917' title='bbox 2292 5460 2349 5506; x_wconf 90' lang='lat' dir='ltr'><strong>et</strong></span> <span class='ocrx_word' id='word_1_918' title='bbox 2396 5453 2686 5522; x_wconf 86' lang='lat' dir='ltr'><strong>apparebit</strong></span> <span class='ocrx_word' id='word_1_919' title='bbox 2717 5453 2835 5523; x_wconf 89' lang='lat' dir='ltr'><strong>ipsa</strong></span> <span class='ocrx_word' id='word_1_920' title='bbox 2863 5453 3054 5524; x_wconf 86' lang='lat' dir='ltr'><strong>junior</strong></span> <span class='ocrx_word' id='word_1_921' title='bbox 3095 5454 3151 5508; x_wconf 90' lang='lat' dir='ltr'><strong>in</strong></span> <span class='ocrx_word' id='word_1_922' title='bbox 3192 5461 3463 5523; x_wconf 88' lang='lat' dir='ltr'><strong>quantum</strong></span> 
     </span>
    </p>
   </div>
   <div class='ocr_carea' id='block_1_118' title="bbox 1886 5543 3470 5616">
    <p class='ocr_par' dir='ltr' id='par_1_118' title="bbox 1886 5543 3470 5616">
     <span class='ocr_line' id='line_1_118' title="bbox 1886 5543 3470 5616; baseline 0.001 -18"><span class='ocrx_word' id='word_1_923' title='bbox 1886 5553 1973 5600; x_wconf 87' lang='lat' dir='ltr'><strong>est</strong></span> <span class='ocrx_word' id='word_1_924' title='bbox 2002 5546 2132 5610; x_wconf 88' lang='lat' dir='ltr'><strong>tale,</strong></span> <span class='ocrx_word' id='word_1_925' title='bbox 2159 5545 2528 5615; x_wconf 89' lang='lat' dir='ltr'><strong>compositum</strong></span> <span class='ocrx_word' id='word_1_926' title='bbox 2556 5545 2775 5602; x_wconf 84' lang='lat' dir='ltr'><strong>scilicet</strong></span> <span class='ocrx_word' id='word_1_927' title='bbox 2800 5561 2867 5600; x_wconf 81' lang='lat' dir='ltr'><strong>ex</strong></span> <span class='ocrx_word' id='word_1_928' title='bbox 2893 5543 3149 5614; x_wconf 87' lang='lat' dir='ltr'><strong>simplici,</strong></span> <span class='ocrx_word' id='word_1_929' title='bbox 3185 5554 3241 5601; x_wconf 88' lang='lat' dir='ltr'><strong>et</strong></span> <span class='ocrx_word' id='word_1_930' title='bbox 3269 5557 3470 5616; x_wconf 70' lang='lat' dir='ltr'><strong>corpo-</strong></span> 
     </span>
    </p>
   </div>
   <div class='ocr_carea' id='block_1_119' title="bbox 1890 5635 2547 5705">
    <p class='ocr_par' dir='ltr' id='par_1_119' title="bbox 1890 5635 2547 5705">
     <span class='ocr_line' id='line_1_119' title="bbox 1890 5635 2547 5705; baseline 0.009 -18"><span class='ocrx_word' id='word_1_931' title='bbox 1890 5644 2065 5690; x_wconf 83' lang='lat' dir='ltr'><strong>ratum</strong></span> <span class='ocrx_word' id='word_1_932' title='bbox 2098 5651 2165 5691; x_wconf 87' lang='lat' dir='ltr'><strong>ex</strong></span> <span class='ocrx_word' id='word_1_933' title='bbox 2197 5635 2547 5705; x_wconf 84' lang='lat' dir='ltr'><strong>incorporeo.</strong></span> 
     </span>
    </p>
   </div>
  </div>
