3908 6306
212 289 345 358 1585

1183 296 1576 358 ADVERSUS
1611 292 2162 355 NES’I‘ORIANOS.
2198 320 2265 328 -
2294 295 2444 355 LIB.
2486 295 2582 354 1V.

3320 286 3474 352 1686+

205 405 375 458 αὐτοῦ
406 399 594 458 τέκνον
614 421 626 434 ’
652 405 744 458 καὶ
772 406 886 466 πῶς
913 404 1018 476 πρὸ
1063 404 1265 475 μικροῦ
1298 404 1395 474 τὴν
1446 403 1636 455 οὐσίαν
1687 403 1776 453 καὶ

1899 402 2164 471 :ujusdam
2214 403 2386 472 magis
2429 402 2577 456 illius
2622 406 2769 456 esset
2813 399 2956 456 filius
2993 416 3157 471 quam
3200 406 3459 469 proprius

203 497 266 548 οὐ
289 495 386 548 τὴν
425 496 684 564 ὁμοίωσιν
710 497 889 550 αἰτίαν
933 497 1388 565 ὲ).έγετε;”0·)τως
1436 492 1528 546 οὖν
1587 495 1633 546 εί
1683 493 1780 562 μὲν

211 586 348 638 κατά
383 588 488 640 πᾶν
519 588 582 639 τὸ
617 583 754 640 εἶναι
797 590 891 641 καὶ
917 591 978 641 ὲκ
1007 588 1206 650 παντὸς
1252 585 1347 638 τοῦ
1386 585 1525 637 εἶναι
1577 585 1608 654 ἡ
1644 583 1782 650 ἀλη-

211 678 310 745 θής
340 679 457 730 ἐστι
491 679 742 749 γέννησίς
768 684 930 744 τινος,
963 679 1274 747 ἀναγκαίως
1320 681 1413 731 καὶ
1451 679 1484 748 ἡ
1521 676 1780 746 ὁμοίωσις

210 769 331 820 ὅλου
370 768 464 821 τοῦ
498 771 854 839 γεννήσαντος
889 771 1023 840 πρὸς
1061 771 1179 824 ὅλον
1211 771 1272 823 τὸ
1317 771 1563 838 γέννημα
1591 767 1743 819 ἔσται
1765 783 1780 798 ·

213 861 258 910 εἰ
287 858 342 910 δὲ
377 861 517 914 κατὰ
549 861 608 913 τὸ
645 861 870 914 τοιῶσδε
902 858 1040 914 εἶναι
1079 862 1237 932 μόνον
1289 861 1344 913 ἕν
1393 877 1499 913 τινι
1529 859 1783 929 μέρει,ὲκ

215 951 416 1018 μέρους
449 951 616 1005 δὲκαὶ
644 953 736 1004 τοῦ
769 947 907 1004 εἶναι
952 952 1104 1004 τοῦδέ
1137 969 1281 1014 τινος
1314 951 1568 1004 συνθέτου
1599 949 1780 1019 ἡγέν-

181 1041 366 1111 ξνησὶς
384 1044 552 1106 ἐστιν,
589 1042 708 1111 οὐχὶ
737 1041 878 1094 κατὰ
915 1043 1023 1094 πᾶν
1051 1040 1110 1093 τὸ
1128 1036 1266 1093 εἶναι
1287 1041 1440 1093 ἔσται
1463 1041 1497 1108 ἡ
1522 1037 1780 1108 ὁμοίωσις

165 1099 360 1220 έπρδξ
403 1132 463 1185 τὸ
513 1099 782 1200 γεννῆσαν
837 1130 932 1184 τοῦ
970 1129 1322 1200 γεννηθέντος
1347 1146 1360 1161 ·
1402 1099 1566 1199 ὅμως·
1599 1127 1657 1180 δὲ
1715 1129 1779 1178 ἐκ

173 1215 196 1296 ἦ
219 1222 416 1289 μέρους
438 1239 496 1274 τε
559 1223 650 1274 τοῦ
691 1222 832 1276 κατὰ
871 1221 931 1274 τό
971 1215 1130 1286 εἶναι,
1182 1221 1278 1274 καὶ
1327 1222 1391 1272 ἐκ
1435 1219 1635 1288 μέρους
1688 1217 1782 1270 τοῦ

154 1297 358 1363 ·⁴’κατὰ
411 1312 728 1364 τότοιῶσδε
779 1307 919 1365 εἶναι
972 1310 1065 1363 τοῦ
1129 1311 1247 1374 ἑνὸς
1292 1310 1456 1362 αὑτοῦ
1491 1307 1784 1380 προσώπου

216 1404 490 1472 γεννήτωρ
516 1401 600 1472 εἴη
623 1401 789 1464 ὅντως
821 1404 848 1455 ὁ
879 1403 1145 1471 γεννήσας
1164 1416 1177 1429 '
1215 1399 1404 1469 ὥσπερ
1444 1399 1537 1452 καὶ
1571 1398 1663 1450 ἐπὶ
1692 1399 1786 1451 ἀν-

213 1491 432 1563 θρώπου
467 1493 702 1564 ὁρῶμεν,
728 1491 822 1544 τοῦ
853 1491 952 1562 μὲν
984 1491 1234 1562 σώματος
1272 1491 1371 1559 τὴν
1421 1489 1673 1559 γέννησιν
1703 1490 1782 1550 είς

211 1586 271 1638 τὸ
299 1583 438 1638 εἶναι
477 1587 538 1638 ὲκ
560 1585 668 1637 τῶν
700 1585 903 1654 γονέων
933 1583 1169 1655 ἔχοντος,
1227 1583 1327 1652 τῆς
1385 1582 1441 1634 δὲ
1471 1581 1652 1651 ψυχῆς
1687 1580 1785 1632 οὐκ

211 1679 289 1739 εἰς
325 1677 384 1729 τὸ
421 1673 561 1730 εἶναι
618 1677 804 1738 ἁπλῶς
839 1675 1017 1746 (τοῦτο
1050 1674 1159 1745 γὰρ
1185 1676 1248 1726 ὲκ
1275 1672 1411 1726 Θεοῦ
1443 1674 1556 1743 ἔχει
1589 1671 1664 1734 ὡς
1689 1671 1784 1723 καὶ

1882 506 1949 545 ex
1991 492 2114 559 ejus
2157 491 2466 545 substantia
2499 499 2680 546 natus.
2716 491 2784 545 Et
2815 491 3093 561 quomodo
3137 491 3300 560 paulo
3333 497 3460 544 ante

1882 582 2244 637 substantiam
2267 590 2321 636 et
2344 598 2452 637 non
2471 581 2886 637 similitudinem
2908 597 3128 637 causam
3147 581 3417 636 dicebatis
3439 581 3462 634 τ

1883 673 2081 742 Reipsa
2115 673 2298 743 igitur,
2335 675 2380 729 si
2422 675 2724 729 secundum
2774 683 2947 729 totum
2975 690 3114 738 esse,
3159 685 3215 728 et
3248 689 3312 728 ex
3346 681 3462 727 toto

1883 778 2024 828 esse,
2058 764 2146 819 illa
2190 776 2274 820 est
2307 781 2437 820 vera
2472 767 2754 837 generatio
2795 767 3102 838 cujusdam,
3147 767 3462 820 necessario

1884 856 1993 910 erit
2031 865 2088 910 et
2122 857 2427 914 similitudo
2479 859 2648 914 totius
2689 860 2964 931 gignentis
2999 859 3066 913 ad
3100 868 3274 915 totum
3305 857 3462 928 geni-
3502 887 3538 950 ἐκ

1885 955 2022 999 tum.
2065 946 2121 1001 Si
2153 957 2336 1001 autem
2364 949 2668 1003 secundum
2699 950 2790 1004 tali
2825 949 2988 1004 modo
3011 963 3130 1003 esse
3161 957 3371 1002 tantum
3405 947 3460 1001 in

1885 1036 2118 1106 quadam
2165 1049 2343 1106 parte,
2386 1049 2442 1093 et
2489 1055 2556 1094 ex
2597 1051 2752 1110 parte
2793 1057 3014 1111 quoque
3053 1049 3138 1096 est
3179 1040 3466 1112 generatio

1886 1129 2169 1198 cujusdam
2201 1131 2512 1200 compositi,
2549 1141 2609 1186 ut
2643 1133 2784 1198 talis,
2813 1148 2922 1188 non
2951 1133 3253 1188 secundum
3285 1139 3460 1185 totum

1885 1234 2008 1274 esse
2042 1221 2148 1274 erit
2181 1221 2485 1278 similitudo
2523 1225 2693 1294 geniti
2729 1225 2796 1280 ad
2837 1226 3177 1296 gignentem;
3209 1233 3264 1278 et
3307 1231 3463 1293 parte

1886 1311 2110 1380 quidem
2142 1313 2448 1367 secundum
2480 1330 2621 1381 esse,
2652 1325 2806 1386 parte
2830 1325 3012 1371 autem
3045 1315 3344 1371 secundum
3371 1313 3469 1367 tali.

1887 1401 2052 1476 modo
2096 1417 2251 1466 esse,
2296 1403 2402 1457 erit
2446 1405 2696 1474 ejusdem
2739 1405 2903 1459 unius
2949 1421 3198 1475 personae
3247 1405 3464 1474 genitor

1887 1492 2068 1562 reipsa
2103 1494 2197 1564 qui
2236 1494 2382 1548 illam
2409 1495 2632 1564 genuit:
2663 1496 2803 1550 sicut
2832 1495 2887 1548 in
2919 1496 3140 1549 homine
3174 1495 3465 1556 videmus;

1887 1587 1981 1655 qui
2019 1601 2216 1654 nempe
2245 1585 2410 1640 habet
2432 1602 2460 1639 a
2483 1586 2808 1656 parentibus
2835 1587 3244 1658 generationem
3271 1602 3464 1654 corpo-

1889 1676 1984 1741 ris,
2032 1687 2299 1745 quantum
2335 1676 2401 1730 ad
2433 1691 2577 1741 esse,
2608 1678 3020 1748 generatimtem
3047 1685 3230 1733 autem
3269 1678 3468 1732 anima:

210 1771 239 1822 ὀ
275 1769 699 1839 πρωτόπλαστος
719 1739 932 1838 ἰ’ίδόιημ)⁸
964 1739 1078 1820 an;
1122 1739 1202 1830 εἰς
1229 1765 1289 1818 τὸ
1324 1766 1420 1819 σὺν
1443 1739 1522 1833 τνῷ
1554 1762 1784 1817 διαπλα-

1899 1781 1997 1818 non
2041 1753 2306 1835 quantum
2350 1765 2416 1820 ad
2447 1781 2568 1821 esse
2602 1766 2926 1836 simpliciter
2961 1768 3088 1837 (hoc
3123 1768 3268 1822 enim
3299 1767 3467 1822 habet

213 1858 394 1911 σθέντι
443 1859 578 1930 αὐτῇ
629 1855 768 1911 εῖναι
822 1859 1055 1928 σώματι,
1116 1849 1178 1910 οὗ
1208 1857 1301 1908 καὶ
1339 1854 1508 1925 χωρὶς
1561 1852 1781 1906 δύναται

212 1947 374 2004 εἶναι’
399 1951 663 2017 λαμϐάνει
698 1949 805 2020 γὰρ
833 1949 990 2002 τοῦτο
1014 1946 1166 2018 παρὰ
1192 1947 1322 2011 τῶν,
1355 1947 1430 2010 ὡς
1464 1946 1660 2008 είπείν,
1687 1943 1781 1996 τοῦ

213 2043 313 2114 μὲν
350 2042 599 2114 σώματος
624 2043 828 2108 αἰτίων,
864 2043 1034 2112 αὐτῆς
1061 2041 1115 2093 δὲ
1146 2041 1246 2108 τῆς
1273 2040 1455 2110 ψυχῆς
1481 2041 1785 2109 νυμφοστό-

208 2137 318 2188 λων
353 2136 512 2205 μόνον
538 2149 552 2165 ⁶
585 2136 680 2188 καὶ
719 2136 866 2204 ὅμως
918 2133 1084 2203 ἄμφω
1134 2132 1242 2184 τῶν
1297 2132 1511 2200 φύσεων
1550 2132 1624 2194 ὼς
1667 2131 1785 2192 ἐνὸς

207 2227 501 2296 ἀνθρώπου
549 2227 754 2298 κυρίως
817 2242 877 2277 τε
941 2224 1036 2277 καὶ
1067 2225 1210 2278 κατὰ
1235 2223 1495 2295 ἀλήθειαν
1547 2227 1594 2277 οἱ
1631 2225 1786 2277 αὐτοὶ

207 2319 462 2386 λέγονται
496 2320 706 2380 τοκέες.
743 2318 806 2369 Τί
840 2312 933 2371 οὖν
965 2317 1109 2386 ὑμᾶς
1139 2315 1209 2368 τὰ
1238 2316 1298 2380 ὲξ
1328 2317 1587 2380 ἀπιστίας
1630 2318 1786 2384 φιμοί

211 2411 566 2481 βομϐήματα,
617 2408 748 2461 Θεὸν
811 2407 886 2479 μὴ
944 2407 1123 2476 λέγειν
1159 2408 1336 2478 ὀρθῶς
1377 2409 1467 2460 τὸν
1525 2409 1785 2478 τεχθέντα

211 2505 636 2576 σεσαρκωμὲνον
665 2504 870 2571 Λόγον;
906 2503 1067 2572 ἡνίκα
1099 2505 1193 2556 καὶ
1225 2502 1404 2573 ψυχὴν
1447 2503 1546 2572 τὴν
1572 2520 1786 2573 σαρκω-

213 2599 399 2650 θεῖσαν
425 2597 814 2658 ἁνενδοιάστως
839 2595 1152 2666 ὁμολογεῖτε
1186 2595 1545 2665 γεγεννῆσθαι
1580 2597 1644 2648 ὲκ
1676 2596 1785 2648 τῶν

209 2691 304 2740 τοῦ
338 2685 479 2741 εἶναι
541 2688 639 2757 τῆς
704 2689 904 2759 σαρκὸς
963 2687 1151 2742 αἰτίων
1191 2688 1283 2740 καὶ
1330 2688 1425 2740 σὺν
1454 2687 1530 2756 τῷ
1573 2685 1786 2756 σώματι

213 2781 336 2843 τοὺς
361 2779 556 2844 αὐτοὺς
585 2780 680 2834 καὶ
710 2781 882 2850 αὐτῆς
916 2781 1112 2843 τοκέας
1141 2779 1435 2849 ὀνομάζετε
1459 2797 1475 2845 ;

826 3072 1074 3124 ΚΕΦΛΛ.
1107 3073 1190 3124 Κ’.

301 3182 480 3246 Ἀλλὰ,
509 3184 690 3252 φησ“.ν,
727 3182 787 3235 ού
836 3182 1156 3251 ψυχοτόκον,
1199 3181 1314 3236 ἀλλ’
1367 3181 1784 3252 ἁνθρωποτὸ,κον

214 3277 397 3343 φαμὲν
426 3274 523 3344 τὴν
549 3275 828 3343 γεννῶσαν
851 3274 1161 3345 ἄνθρωπον.
1187 3274 1252 3326 Τί
1277 3270 1367 3327 οὖν
1403 3275 1476 3344 μὴ
1507 3273 1601 3328 καὶ
1628 3276 1786 3344 ὑμεῖς

219 3364 578 3433 Χριστοτόκον
611 3365 811 3435 μᾶλλον
848 3363 1064 3431 λέγετε;
1112 3364 1274 3427 ’Λλλ’,
1307 3358 1352 3417 ὧ
1392 3357 1561 3431 οὗτοι,
1589 3365 1650 3417 τὸ
1687 3365 1787 3433 μὲν

219 3455 550 3521 ἅνθρωπος,
585 3454 800 3522 φύσεως
837 3455 1006 3523 ὄνομα
1030 3471 1043 3485 ·
1094 3455 1154 3506 τὸ
1178 3455 1234 3508 δὲ
1270 3455 1546 3523 Χριστὸς,
1592 3455 1652 3508 οὐ
1682 3454 1786 3522 φύ-

226 3561 383 3608 σεως,
434 3545 568 3598 ἀλλὰ
627 3544 961 3614 προσώπου·
994 3545 1110 3607 πῶς
1163 3540 1255 3598 οὖν
1310 3545 1370 3597 τὸ
1429 3545 1528 3614 τῆς
1575 3545 1790 3614 φύσεως

219 3638 391 3705 ὗνομα
444 3635 538 3688 τοῦ
587 3635 893 3705 τεχθέντος,
945 3637 1009 3704 εκ
1071 3634 1163 3687 τοῦ
1206 3634 1559 3706 προσωπικοῦ
1610 3635 1790 3704 σημά·

222 3743 442 3796 νωμεν;

805 3843 1054 3899 ΚΕΦΑΛ.
1080 3843 1208 3897 KA'.

307 3938 470 3991 Ἀλλὰ
528 3937 616 3992 διὰ
647 3939 698 3990 τί
727 3933 840 4000 οῦν,
894 3939 1049 4008 φησὶ,
1091 3936 1165 4006 μὴ
1197 3935 1613 4002 ἀνθρωποτόκος
1638 3937 1790 4005 ὑμῖν,

223 4032 364 4101 ἥπερ
401 4031 660 4093 Θεοτόκος
695 4031 868 4092 δοκεῖς
925 4030 1146 4100 Ῥητέον
1175 4024 1266 4081 οἷον
1300 4028 1374 4090 ὼς
1426 4031 1475 4081 εί
1530 4029 1630 4099 μὲν
1685 4029 1795 4082 τῶν

223 4125 318 4176 δύο
348 4121 585 4194 Χριστοῦ
635 4122 852 4191 φύσεων
891 4123 924 4191 ἡ
963 4121 1278 4190 ἀνθρωπίνη
1322 4121 1424 4190 τῆς
1491 4120 1640 4185 θείας
1698 4125 1797 4175 ὲπο

223 4216 494 4284 εκράτησε
527 4214 634 4283 πρὸ
674 4213 905 4266 θανάτου
931 4229 988 4264 τε
1027 4213 1120 4264 καὶ
1166 4213 1304 4281 μετὰ
1340 4213 1592 4278 θάνατον,
1632 4215 1796 4280 ἀνάγ-

224 4318 326 4370 κης
360 4300 526 4372 οὔσης
561 4304 625 4354 ὲκ
659 4302 787 4371 μιᾶς
819 4301 979 4370 μόνον
1018 4302 1126 4354 τῶν
1157 4303 1373 4370 φύσεων
1405 4303 1572 4356 αὑτοῦ
1599 4305 1797 4374 ὀνομά-

224 4393 414 4458 ζεσθαι
443 4394 534 4446 τὸν
571 4393 750 4458 τόκον,
776 4392 956 4454 καλῶς
985 4393 1398 4464 ἀνθρωποτόκον
1429 4395 1586 4462 φατέ.
1634 4395 1696 4449 Εἰ
1742 4395 1798 4447 δὲ

226 4485 395 4540 ἀεὶτὸ
425 4485 528 4556 τῆς
558 4485 711 4548 θείας
743 4484 959 4554 φύσεως
980 4485 1247 4556 ἄτρεπτον
1278 4487 1660 4556 κατεκράτησε
1701 4487 1796 4538 τοῦ

228 4580 324 4648 τῆς
383 4579 734 4650 ἀνθρωπίνης
789 4577 1004 4646 φύσεως
1056 4577 1321 4647 τρεπτοῦ,
1388 4579 1485 4630 καὶ
1534 4580 1673 4646 πρὸς
1733 4579 1803 4632 τὰ

227 4672 514 4743 κρείττονα
574 4671 879 4740 μεταϐαλὸν
933 4668 1330 4733 συνεξεθέωσεν
1379 4669 1550 4738 αὐτὴν
1597 4669 1799 4738 ἐαυτῷ,

228 4763 420 4833 ὥσπερ
454 4765 548 4815 καὶ
581 4765 609 4814 ὀ
656 4763 873 4832 σίδηρος
906 4760 1210 4832 πυροῦσθαι
1246 4761 1485 4830 λέγεται,
1541 4763 1633 4814 καὶ
1683 4761 1805 4831 οὐχ).

229 4855 288 4906 τὸ
335 4854 447 4925 πῦρ
499 4853 876 4924 σιδηροῦσθαι,
940 4853 1057 4914 πῶς
1102 4853 1202 4904 οὐκ
1266 4854 1330 4904 ὲκ
1385 4852 1483 4923 τῆς
1534 4851 1803 4922 μενούσης

230 4944 492 5006 ὡσαύτως
527 4944 584 4996 ὲν
615 4947 727 5006 τοῖς
761 4943 915 5006 ἰδίοις
945 4943 1126 5010 λόγοις
1166 4943 1255 4996 ἀεὶ
1288 4943 1526 5010 φύσεως,
1557 4943 1651 4994 καὶ
1702 4943 1802 5012 τὴν

230 5035 422 5102 ἑτέραν
447 5035 525 5098 είς
553 5032 752 5102 ἑαυτὴν
809 5033 1234 5103 μεταποιούσης,
1273 5033 1387 5085 ἀλλ’
1414 5034 1478 5086 ὲκ
1506 5033 1604 5094 τῆς
1649 5049 1806 5102 μετα-

231 5123 561 5195 ποιουμὲνης
605 5124 934 5192 ὀνομαστέον
984 5122 1047 5174 τὸ
1094 5123 1379 5193 τεχθὲν,ἢ
1427 5122 1517 5174 τὸν
1543 5121 1701 5174 τόκον
1724 5162 1740 5188 ,
1775 5126 1822 5198 ἦ’

230 5219 326 5289 τὴν
357 5217 654 5284 τεκοῦσαν,
687 5211 732 5270 ὦ
754 5211 931 5284 οὗτοις

794 5335 840 5386 Κ
852 5333 1048 5385 ΕΦΛΛ.
1085 5332 1214 5387 KB’.

301 5431 363 5482 hi
402 5431 430 5482 ὀ
461 5423 594 5489 Θεὸς
633 5425 805 5504 Λόγος
861 5423 1058 5492 ἐτέχθη
1109 5425 1172 5475 ὲκ
1228 5421 1328 5491 τῆς
1389 5422 1689 5493 Παρθένου,
1749 5423 1806 5474 ἐν

233 5521 408 5592 χρόνῳ
437 5518 669 5590 ἐτέχθη·
701 5519 807 5570 πᾶν
833 5515 889 5568 δὲ
931 5515 990 5566 τδ
1024 5518 1082 5567 ἐν
1112 5516 1288 5584 χρόνῳ
1325 5513 1644 5583 τικτόμενον
1680 5515 1807 5582 κρό-

234 5628 322 5662 νου
384 5608 521 5680 πρδς
559 5607 836 5660 τελείωσιν
885 5607 1094 5658 δεῖται·
1132 5607 1180 5658 εί
1229 5606 1256 5656 ὀ
1289 5603 1422 5666 Θεὸς
1448 5603 1556 5674 ἄρα
1597 5605 1662 5656 ὲκ
1711 5604 1808 5672 τῆς

237 5703 512 5773 Παρθένου
567 5701 784 5771 ἐτέχθη,
837 5701 1029 5770 χρόνον
1090 5699 1224 5770 πρὸς
1279 5697 1556 5750 τελείωσιν
1590 5697 1805 5768 ἐδεήθη,

1884 1873 1914 1911 a
1947 1858 2082 1922 Deo,
2109 1867 2169 1912 ut
2201 1857 2570 1928 proleplastus
2593 1857 2810 1928 Adam),
2840 1857 2933 1912 sed
2959 1869 3225 1927 quantum
3249 1858 3316 1912 ad.
3342 1873 3464 1932 esse

1884 1951 2233 2020 conjunctam
2289 1965 2414 2004 cum
2460 1964 2690 2018 corpore
2741 1949 2902 2004 simul
2960 1965 3102 2004 cum
3136 1950 3251 2020 ipsa
3306 1950 3462 2014 ﬁcto,

1884 2041 2003 2096 sine
2031 2055 2142 2109 quo
2174 2040 2290 2109 ipsa
2331 2055 2451 2094 esse
2481 2047 2699 2109 potest:
2741 2039 2846 2094 hoc
2869 2041 3015 2093 enim
3045 2041 3244 2110 accipit
3272 2041 3342 2095 ab
3373 2041 3463 2108 iis,

1884 2142 1946 2186 ut
1978 2133 2053 2186 ita
2086 2132 2286 2195 dicam,
2328 2132 2578 2201 corporis
2614 2131 2838 2200 quidem
2880 2147 3077 2196 causa},
3111 2134 3305 2188 animae
3334 2149 3466 2188 vero

1884 2223 2243 2296 paranymphi
2287 2230 2520 2277 tantum.
2566 2223 2633 2277 Et
2665 2231 2849 2277 tamen
2900 2224 3188 2276 ambarum
3237 2233 3466 2277 natura-

1885 2332 2028 2380 rum,
2069 2325 2130 2371 ut
2158 2315 2321 2370 unius
2345 2315 2607 2380 hominis,
2640 2315 2867 2384 proprie
2895 2323 2952 2369 et
2978 2315 3280 2369 secundum
3318 2314 3466 2369 veri-

1886 2419 2052 2463 tatem
2079 2408 2242 2462 iidem
2266 2408 2529 2462 dicuntur
2548 2415 2825 2476 parentes.
2848 2405 2989 2472 Quid
3022 2407 3188 2477 igitur
3220 2415 3466 2462 vestrum

1885 2519 1951 2557 cx
1985 2500 2370 2556 incredulitate
2403 2499 2666 2554 bombum
2703 2507 3037 2568 compescet,
3066 2501 3160 2568 qui
3198 2515 3308 2553 non
3341 2499 3465 2552 γυι-

1887 2595 1957 2648 lis
1986 2593 2173 2646 dicere
2205 2606 2339 2645 vere
2380 2592 2552 2644 Deum
2589 2589 2827 2645 Verbum
2855 2590 3000 2659 quod
3030 2592 3086 2644 in
3112 2579 3277 2646 carne
3307 2591 3466 2660 geni-

1887 2695 2003 2737 tum
2047 2692 2151 2748 est,
2189 2697 2314 2736 cum
2359 2681 2534 2751 ipsam
2578 2680 2816 2734 animam
2857 2682 3196 2736 incarnatam
3231 2682 3469 2739 libenter

1885 2774 2260 2830 confiteamini
2303 2772 2558 2843 generari
2601 2773 2668 2826 ab
2711 2773 2799 2827 his
2838 2775 2933 2842 qui
2975 2784 3100 2828 sunt
3135 2775 3468 2830 exsistentirc

1887 2863 2070 2916 carnis
2118 2877 2328 2926 causae,
2376 2870 2433 2916 et
2475 2861 2568 2931 qui
2612 2861 2860 2931 corporis
2901 2863 3122 2918 eosdem
3168 2873 3224 2919 et
3273 2865 3470 2920 anima:

1888 2966 2145 3030 parentes
2171 2957 2424 3014 vocatis?

2519 3075 2668 3130 CAP.
2705 3074 2823 3129 XX.

1964 3181 2054 3246 At,
2097 3182 2296 3253 inquit,
2339 3199 2450 3238 non
2497 3185 2692 3240 animae
2735 3194 3040 3255 parentem,
3083 3185 3182 3239 sed
3229 3183 3472 3238 hominis

1901 3281 2182 3341 parentem
2209 3274 2447 3330 dicimus
2469 3291 2587 3330 eam
2625 3292 2750 3344 qua:
2778 3277 2968 3345 genuit
2995 3274 3296 3328 hominem.
3326 3273 3470 3340 Quid

1901 3361 2068 3432 igitur
2109 3379 2220 3418 non
2259 3372 2316 3418 et
2351 3381 2451 3420 vos
2492 3365 2696 3420 Christi
2732 3374 3011 3436 parentem
3042 3363 3225 3434 potius
3250 3363 3474 3418 dicitis?

1900 3455 2078 3520 ——At,
2107 3471 2140 3510 ο
2166 3472 2285 3523 vos,
2320 3457 2486 3512 homo
2519 3465 2603 3512 est
2642 3473 2840 3512 nomen
2883 3467 3113 3520 naturae,
3157 3457 3287 3509 dum
3313 3453 3474 3510 Chri-

1905 3554 2024 3600 stus
2073 3561 2185 3601 non
2234 3558 2448 3603 natura:
2493 3549 2590 3603 sed
2637 3563 2908 3618 personat.
2967 3546 3252 3614 Quomodo
3306 3545 3474 3617 igitur

1903 3653 2103 3692 nomen
2158 3647 2368 3696 natura:
2424 3641 2593 3710 geniti
2642 3655 2709 3694 ex
2761 3640 2986 3694 nomine
3047 3653 3294 3709 personae
3329 3637 3474 3691 indi-

1901 3743 2151 3784 caremus
2178 3730 2201 3782 ?

2519 3843 2670 3900 CAP.
2695 3845 2838 3900 XXI.

1974 3932 2080 3988 Sed
2110 3943 2171 3988 ut
2195 3934 2329 4004 quid
2361 3950 2514 4006 ergo,
2544 3936 2744 4021 inquit,
2771 3952 2878 3991 non
2911 3937 3154 3991 hominis
3178 3952 3378 4006 parens
3408 3953 3470 3992 ea

1904 4040 2025 4094 quae
2055 4025 2211 4081 vobis
2231 4027 2466 4097 Deipara
2481 4025 2808 4082 videtur?—
2826 4028 3126 4083 Dicendum
3146 4029 3312 4098 igitur
3327 4030 3470 4098 quod

1905 4119 1950 4173 si
1981 4135 2049 4172 ex
2079 4119 2294 4175 duabus
2319 4119 2527 4175 Christi
2559 4120 2771 4175 naturis
2813 4122 3055 4175 humana
3101 4121 3302 4175 divina:
3332 4137 3476 4190 pra:-

1905 4209 2257 4280 celluitLtum
2287 4220 2415 4267 ante
2454 4220 2686 4266 mortem
2729 4222 2844 4268 tum
2889 4220 3013 4281 post
3051 4221 3304 4276 mortem,
3350 4227 3476 4266 cum

1908 4317 2132 4357 necesse
2171 4303 2242 4357 sit
2273 4318 2340 4357 ex
2364 4320 2472 4357 una
2498 4312 2708 4357 tantum
2736 4311 3058 4358 naturarum
3083 4305 3201 4374 ejus
3223 4305 3477 4358 denomi-

1908 4395 2026 4449 nari
2053 4395 2230 4464 ipsum
2257 4404 2498 4465 partum,
2526 4405 2674 4450 recte
2697 4395 2938 4448 hominis
2960 4404 3242 4464 parentem
3269 4395 3474 4450 dicitis.

1905 4487 1960 4541 Si
1989 4496 2172 4540 autem
2205 4502 2425 4556 semper
2449 4487 2648 4541 divina:
2673 4496 2883 4540 natura:
2906 4487 3324 4541 immutabililas
3344 4503 3480 4556 pra:-

1907 4577 2100 4633 celluit
2129 4579 2381 4632 humanae
2410 4587 2621 4633 naturae
2646 4577 3022 4643 mutabilitati,
3055 4587 3115 4655 et
3151 4579 3217 4632 ad
3248 4580 3479 4634 meliora

1905 4670 2244 4725 transferens
2281 4671 2337 4724 in
2375 4672 2556 4740 seipsa
2585 4686 2703 4726 eam
2735 4670 3034 4736 deificavit,
3083 4673 3227 4726 sicut
3271 4673 3478 4727 ferrum

1909 4759 2130 4829 igneum
2180 4768 2236 4815 et
2273 4775 2385 4814 non
2431 4761 2611 4831 ignem
2647 4759 2890 4815 ferreum
2928 4761 3045 4816 lieri
3077 4761 3302 4824 dicitur,
3337 4777 3478 4829 quo-

1905 4853 2070 4906 modo
2106 4868 2217 4907 non
2258 4868 2324 4907 ex
2364 4862 2725 4922 permanente
2781 4853 2838 4905 in
2883 4853 3124 4922 propriis
3171 4853 3481 4906 rationibus

1909 4945 2003 5000 Dei
2033 4956 2251 5009 natura,
2286 4953 2342 4997 et
2370 4945 2598 4997 alteram
2634 4944 2687 4995 in
2711 4942 2946 5011 seipsam
2973 4944 3354 5009 transferente,
3384 4947 3479 5000 sed

1906 5052 1973 5089 ex
2011 5045 2204 5088 natura
2245 5035 2542 5098 translata,
2587 5033 3055 5088 denominandum
3093 5035 3198 5089 erit
3232 5035 3348 5090 sive
3387 5052 3482 5106 ge-

1907 5125 2106 5188 nitum,
2137 5125 2252 5179 sive
2277 5132 2489 5194 partus,
2516 5124 2630 5179 sive
2669 5125 2916 5195 gignens,
2945 5140 2977 5180 ο
3002 5131 3141 5187 vos?

2515 5324 2666 5380 CAP.
2697 5326 2863 5382 XXII.

1980 5419 2037 5473 Si
2066 5419 2210 5472 Deus
2230 5417 2472 5471 Verbum
2505 5416 2724 5486 genitus
2745 5426 2828 5472 est
2865 5433 2934 5472 ex
2967 5420 3212 5488 Virgine,
3255 5420 3310 5473 in
3345 5430 3485 5476 tem-

1912 5526 2044 5580 pore
2075 5509 2292 5579 genitus
2325 5515 2444 5572 est;
2483 5523 2650 5576 porro
2689 5509 2959 5578 quidquid
3003 5511 3248 5580 genitum
3296 5522 3381 5566 est
3428 5514 3484 5567 in

1915 5613 2178 5670 tempore,
2210 5609 2264 5653 ct
2295 5611 2538 5668 tempore
2565 5599 2776 5670 indiget
2800 5601 2867 5655 ad
2890 5602 3308 5671 perfectionem.
3339 5604 3485 5677 Ergo

1914 5696 1956 5749 si
1995 5695 2138 5749 Deus
2173 5709 2238 5748 ex
2274 5691 2495 5762 Virgine
2518 5693 2739 5761 genitus
2768 5703 2872 5762 est,
2901 5704 3145 5767 tempore
3178 5697 3381 5770 indiget
3414 5698 3484 5751 ad
