3908 6306
126 341 268 410 1689
1112 358 1507 421 ADVERSUS
1548 362 1681 423 NES

1786 366 2097 453 fRIANOS.
2130 394 2199 406 ——
2232 370 2377 429 LlB.
2422 371 2516 433 Iv.

646 490 651 493 ι
705 453 962 526 ΚΕΦΑΛ.
996 472 1119 527 KA'.

2423 483 2573 537 CAP.
2598 481 2784 537 XXIV.

3247 367 3386 440 1690

198 553 265 609 Εί
294 557 352 609 ὲν
382 558 448 627 τῇ
478 559 678 630 γαστρὶ
727 561 825 630 τῆς
860 562 1139 635 Παρθένου
1180 568 1212 636 ἡ
1251 566 1420 638 Τριὰς
1450 570 1571 623 κατ’
1618 571 1709 623 οὑ·

127 645 274 711 σίαν,
303 649 566 720 ἐγεννήθη
592 652 649 704 δὲ
676 654 704 706 ὁ
735 654 866 716 Θεὸς
908 658 1079 726 Λόγος
1118 662 1237 714 κατ’
1270 662 1460 716 οὐσίαν
1494 665 1559 716 ἐκ
1608 662 1707 731 τῆς

126 739 432 809 Παρθένου,
490 744 523 812 ἡ
568 744 738 821 Τριὰς
792 747 899 817 ἄρα
944 751 1206 823 ἐγεννήθη
1246 755 1310 807 ἐκ
1336 755 1436 823 τῆς
1492 754 1705 825 Παρθέ-

125 843 240 882 νου.
287 831 437 884 Ἐπεὶ
479 830 573 886 οὖν
610 837 638 887 ό
669 836 797 900 Υἱὸς
835 841 899 892 ὲκ
945 839 1040 894 τοῦ
1084 844 1297 913 Πατρὸς
1351 845 1701 916 γεγέννηται’

126 920 433 990 ἀδιαίρετος
467 924 523 977 δὲ
558 926 656 995 τῆς
681 928 846 996 ἁγίας
888 932 1115 1001 Τριὰδος
1156 936 1187 1004 ἡ
1236 936 1412 999 οὐσία,
1464 937 1571 1007 ἄρα
1612 937 1704 990 καὶ

124 1013 366 1083 ὀΠατὴρ
399 1016 562 1080 αὐτὸς
604 1020 698 1072 καὶ
749 1021 810 1073 τὸ
871 1021 1027 1091 ἅγιον
1068 1026 1315 1095 Πνεῦμα,
1348 1028 1703 1100 γεγέννηνται

126 1103 253 1155 καθ’
282 1105 427 1174 ὑμᾶς
443 1123 471 1179 '_
486 1107 563 1161 ἔτι
593 1111 712 1162 ἐπεὶ
745 1112 772 1163 ό
808 1114 993 1185 Πατὴρ
1016 1116 1076 1168 οὐ
1108 1118 1432 1189 γεγέννηται
1452 1118 1513 1172 ἔκ
1535 1137 1700 1181 τιιος,

122 1189 246 1243 οὐδὲ
278 1194 699 1265 ἐκπεπόρευται,
729 1201 849 1253 οὐδὲ
884 1204 911 1254 ὁ
940 1205 1066 1266 Υἱὸς
1101 1205 1221 1257 οὐδὲ
1257 1206 1320 1259 τὸ
1341 1208 1566 1277 Πνεῦμα
1595 1210 1701 1278 ἄρα

122 1282 246 1335 καθ’
274 1284 418 1353 ὑμᾶς
447 1287 510 1339 ἐκ
534 1288 627 1341 τοῦ
663 1290 872 1361 Πατρός
902 1295 1070 1347 είσιν’
1121 1297 1426 1367 ἀδιαίρετος
1456 1299 1564 1371 γὰρ
1598 1303 1697 1354 αὺ-

120 1378 238 1438 τοῖς
276 1378 308 1445 ἡ
356 1378 546 1431 ούσίαο
596 1383 687 1434 ἐπὶ
745 1383 929 1438 πλεῖον
970 1389 1069 1456 μὲν
1102 1385 1194 1442 οὖν
1232 1394 1354 1454 ταῖς
1403 1392 1701 1464 ὑμετέραις

122 1468 602 1538 συμπεριάγεσθαι
651 1473 1458 1551 δυσφημίαιςιπαραιτούμεθα,
1512 1482 1700 1553 ἵναμὴ

46 1596 51 1599 .
121 1557 262 1626 πρὸς
292 1559 512 1631 ἔλεγχον
564 1563 716 1632 ὑμῶν
761 1567 1174 1636 ἀσχολούμενοι,
1221 1571 1356 1643 πρὸς
1392 1573 1697 1642 ἀθεσμολο-

118 1646 247 1712 γίαν
271 1649 498 1713 ἑαυτοὺς
528 1654 619 1705 καὶ
658 1655 819 1723 ἡμεῖς
865 1659 1252 1727 συνεθίζωμεν.
1309 1661 1447 1715 Ἀλλ’
1497 1664 1697 1717 οὑτωσὶ

124 1737 229 1806 μὲν
269 1738 406 1808 πρὸς
440 1741 501 1792 τὸ
543 1743 718 1812 παρὸν
744 1745 1002 1811 ἐφεκτέον
1033 1749 1487 1818 σκολιευομένους
1515 1755 1691 1824 ὑμᾶς·

1880 573 1938 628 Si
1980 574 2035 629 in
2063 583 2225 630 utero
2251 574 2492 645 Virginis
2525 573 2767 629 Trinitas
2804 585 2891 631 est
2913 574 3217 631 secundum
3250 577 3385 633 sub-

1808 664 2089 730 stantiam,
2127 666 2345 735 genitus
2384 675 2469 719 est
2494 676 2676 720 autem
2705 667 2848 721 Deus
2885 668 3123 723 Verbum
3154 683 3222 722 ex
3259 670 3382 722 Vir-

1808 756 1932 827 gine
1967 758 2273 812 secundum
2307 757 2704 824 substantiam;
2743 774 2872 827 ergo
2909 758 3150 812 Trinitas
3197 759 3378 827 genita

1806 859 1889 902 est
1923 864 1987 902 ex
2012 847 2519 918 Virgine.—lgitur,
2544 864 2667 902 eum
2705 848 2878 901 Filius
2900 865 2963 902 ex
2980 849 3137 902 Patre
3160 850 3380 918 genitus

1807 938 1896 996 sit.
1927 936 2160 991 indivisa
2186 947 2271 991 est
2295 946 2477 991 autem
2502 947 2703 991 sanctae
2724 937 3013 992 Trinitatis
3034 939 3373 1005 substantia;

1805 1044 1958 1099 ergo,
1990 1031 2143 1099 juxta
2178 1044 2295 1092 vos,
2326 1039 2379 1083 et
2413 1030 2527 1099 ipse
2556 1030 2714 1084 Pater
2758 1040 2813 1083 et
2865 1030 3103 1100 Spiritus
3150 1041 3377 1087 sanctus

1805 1122 1976 1190 geniti
2009 1130 2140 1176 sunt
2169 1137 2183 1186 ;
2208 1132 2262 1175 et
2285 1120 2531 1181 aliunde.
2572 1138 2699 1175 cum
2740 1122 2904 1176 Pater
2930 1139 2958 1176 a
2982 1123 3132 1177 nullo
3157 1125 3375 1194 genitus

1804 1213 1875 1267 sit
1903 1227 2005 1265 nec
2030 1211 2313 1281 procedat.
2345 1213 2499 1283 juxta
2529 1228 2627 1267 vos
2660 1228 2789 1283 ergo
2830 1230 3009 1282 neque
3062 1214 3232 1270 Filius
3280 1232 3377 1270 nc-

1803 1319 1913 1374 que
1962 1304 2202 1372 Spiritus
2240 1313 2465 1358 sanctus
2513 1321 2543 1358 a
2583 1304 2745 1359 Patre
2788 1315 2955 1359 sunt:
3003 1305 3238 1360 indivisa
3288 1315 3377 1361 est

1801 1398 1950 1451 enim
1999 1396 2106 1449 illis
2149 1396 2478 1450 substantia.
2524 1395 2774 1466 Amplius
2804 1408 2987 1451 autem
3031 1398 3230 1453 vestris
3273 1414 3373 1453 vo-

1802 1489 2016 1544 biscum
2068 1486 2366 1556 circumagi
2421 1487 2782 1557 blaspltc‘miis
2823 1490 3127 1553 renuimus,
3172 1506 3263 1554 ne,
3316 1490 3369 1543 in

1799 1594 2038 1636 vestram
2072 1572 2506 1634 eonfutationerit
2537 1572 2756 1645 intenti,
2798 1580 2863 1634 ad
2917 1581 3235 1650 illegitimas
3272 1597 3372 1636 vo-

1800 1687 1893 1727 ces
1933 1671 2036 1751 ipsi
2091 1686 2193 1725 nos
2229 1686 2631 1725 assuescamus.
2676 1671 2779 1725 Sed
2817 1672 2884 1725 ad
2930 1688 3171 1742 praesens
3220 1672 3372 1727 sina-

1799 1773 1921 1812 mus
1950 1773 2048 1813 vos
2072 1772 2361 1827 perperam
2383 1759 2612 1813 sentire.
2645 1757 2785 1825 Quid
2819 1768 3001 1813 autem
3040 1761 3107 1815 de
3158 1760 3244 1815 his
3282 1760 3371 1814 di-

114 1829 212 1878 τον
244 1828 298 1879 δὲ
332 1828 462 1898 περὶ
484 1828 650 1881 τῶνδε
678 1830 836 1898 λόγον
867 1833 1014 1896 ὅπως
1063 1851 1122 1886 τε
1152 1833 1369 1903 λέγεται
1424 1841 1517 1892 καὶ
1546 1821 1681 1905 ὅπως

1798 1849 2033 1904 cendum
2076 1850 2160 1903 vel
2187 1849 2538 1904 sentiendum
2567 1851 2661 1917 sit,
2690 1850 2803 1903 suis
2844 1853 3127 1921 prophetis
3163 1853 3370 1908 veritas

115 1919 342 1982 νοεῖται,
392 1922 500 1982 τοῖς
562 1921 712 1987 ἰδίοις
768 1926 1076 1995 ὑποφήταις
1125 1928 1419 1998 ἡάλήθεια
1450 1930 1689 1997 ἐδειξενυ

111 2009 175 2060 ἐν
209 2002 285 2071 οἷς
310 2012 421 2069 τοῖς
448 2014 635 2076 κακῶς
679 2014 947 2086 διαιροῦσι
978 2019 1072 2069 καὶ
1124 2019 1348 2088 φαύλως
1401 2024 1692 2092 συγχέουσι

109 2102 209 2154 τὸν
237 2102 334 2172 τῆς
364 2104 523 2171 ἁγίας
541 2106 863 2176 ύπερουσίου
897 2108 1126 2177 Τριόιδος
1171 2109 1328 2180 λόγον
1371 2114 1686 2184 ἀπελέγχει.

692 2222 941 2275 ΚΕΦΛΛ.
973 2224 1102 2278 KE’.

184 2306 299 2369 Ili;
354 2307 513 2363 τόκος
544 2310 887 2378 ἐγνωσμένος
953 2313 1020 2381 τῇ
1067 2311 1189 2384 θείᾳ
1240 2315 1430 2387 Γραφῇ
1468 2320 1531 2371 ἐκ
1576 2318 1687 2371 τῶν

103 2401 286 2471 πάντη
321 2400 595 2469 ἀνομοίων
625 2402 854 2470 ἀνόμοια
882 2402 1106 2463 τίκτων,
1150 2406 1376 2459 ἐπαίνου
1409 2408 1469 2460 τὸ
1502 2408 1686 2462 τίκτον

108 2491 331 2563 ἢψόγου
385 2492 657 2546 δείκνυσιν
690 2494 872 2559 ἄξιον·
927 2495 1150 2549 ἐπαίνου
1199 2498 1317 2566 μὲν,
1369 2498 1467 2563 ὡς,
1523 2518 1542 2551 ‹
1586 2502 1686 2554 Διὰ

102 2587 200 2639 τὸν
228 2584 392 2652 φόϐον
427 2603 542 2647 σου,
579 2584 775 2656 Κύριε,
806 2587 862 2638 ἐν
892 2589 1092 2656 γαστρὶ
1122 2589 1388 2658 ἐλάϐομεν
1438 2593 1531 2643 καὶ
1569 2592 1681 2644 ἐτέο

102 2693 305 2746 κομεν·
353 2696 370 2728 ›
404 2676 572 2746 ψόγου
600 2677 677 2742 δὲ,
713 2665 796 2741 ’ὣς
818 2679 898 2740 τὸ,
934 2698 953 2730 ι
1005 2680 1135 2733 Ἰδοὺ
1170 2681 1432 2751 ὠδίνησεν
1447 2682 1681 2749 ἀδικίαν,

103 2769 366 2821 συνέλαϐε
390 2769 568 2834 πόνον,
597 2769 688 2822 καὶ
706 2767 888 2821 ἔτεκεν
913 2770 1162 2840 ἀνομίαν.
1194 2790 1213 2823 ι
1243 2774 1356 2826 Πᾶν
1370 2773 1426 2825 δὲ
1442 2774 1502 2825 τὸ
1526 2777 1684 2827 ἐπαι-

100 2859 368 2926 νούμενον
402 2859 433 2930 ἢ
457 2859 759 2929 ψεγόμενον
789 2865 844 2913 ἐν
874 2862 952 2932 τῷ
967 2863 1191 2925 τίκτειν,
1212 2865 1276 2916 ἐκ
1301 2865 1402 2934 τῆς
1421 2867 1682 2935 προαιρέ-

102 2967 247 3012 σεως
288 2952 380 3002 καὶ
420 2951 521 3003 οὐκ
562 2955 624 3004 ἐκ
650 2955 747 3022 τῆς
783 2953 971 3015 οὐσίας
1012 2955 1072 3006 τὸ
1121 2955 1440 3024 τικτόμενον
1469 2957 1677 3008 τίκτει·

101 3041 216 3099 πᾶς
252 3038 359 3109 ἄρα
389 3041 547 3101 τόκος
570 3041 975 3109 γινωσκόμενος
994 3045 1059 3111 τῇ
1101 3042 1221 3111 θείᾳ
1250 3042 1440 3115 Γραφῇ
1477 3044 1681 3098 ἐκτῶν

1795 1941 2219 2005 demonstravit,
2259 1941 2312 1994 in
2348 1942 2554 2019 quibus
2577 1943 2716 1996 male
2759 1942 3069 1997 dividentes
3109 1953 3203 1998 aut
3239 1961 3367 2014 per-

1793 2046 1948 2086 verse
1988 2030 2389 2085 confundentes
2420 2041 2620 2084 sanctae
2652 2031 3198 2100 supersubstantialis
3241 2031 3367 2086 Tri-

1791 2123 1982 2177 nitatis
2013 2122 2285 2176 rationem
2313 2122 2585 2177 confutet.

2388 2234 2542 2289 CAP.
2595 2234 2758 2289 XXV.

1858 2324 2049 2381 Omnis
2079 2331 2269 2394 partus
2298 2324 2484 2378 divina
2520 2324 2803 2393 Scriptura
2841 2326 3113 2395 cognitus,
3149 2343 3215 2381 ex
3245 2342 3365 2381 om-

1785 2417 1923 2472 nino
1976 2416 2342 2472 dissimilibus
2397 2416 2691 2471 dissimilia
2741 2417 3000 2487 gignens,
3054 2418 3214 2473 laude
3274 2419 3360 2473 vel

1787 2507 2220 2578 reprehensione
2260 2508 2486 2580 dignum
2514 2509 2825 2578 gignentem
2872 2507 3152 2575 ostendit;
3195 2510 3358 2564 laude

1785 2601 2031 2670 quidem,
2064 2607 2125 2654 ut
2153 2617 2166 2653 :
2203 2620 2221 2651 ι
2254 2600 2486 2669 Pmpter
2514 2601 2764 2654 timorem
2804 2608 2979 2665 tuum,
3005 2601 3253 2665 Domine,
3300 2602 3359 2656 in

1785 2701 1944 2746 utero
1963 2693 2259 2747 habuimus
2286 2701 2341 2747 et
2362 2693 2759 2763 parturivimus
2783 2702 2805 2727 ³
2829 2712 2842 2757 ;
2874 2712 2892 2744 ι
2927 2694 3356 2763 reprehensione

1783 2801 1937 2849 vero,
1966 2794 2025 2839 ut
2053 2801 2068 2839 :
2105 2803 2124 2836 ι
2153 2784 2415 2840 Parturiit
2447 2785 2792 2856 injustitiam,
2831 2787 3083 2856 concepit
3107 2786 3355 2842 dolorem

1782 2885 1839 2932 et
1876 2877 2090 2947 peperit
2131 2877 2482 2946 iniquitatem
2514 2890 2560 2931 ει.
2605 2899 2621 2929 ι
2654 2879 2935 2948 Quidquid
2964 2890 3146 2934 autem
3193 2882 3248 2934 in
3276 2881 3357 2951 gi-

1782 2968 1999 3039 gnendo
2044 2968 2303 3021 laudatur
2334 2968 2418 3021 vel
2469 2968 2920 3037 reprehenditur,
2963 2985 3030 3023 ex
3075 2971 3358 3025 voluntate

1781 3070 1836 3115 et
1888 3076 1993 3115 non
2040 3075 2106 3114 ex
2159 3060 2464 3114 substantia
2514 3060 2698 3130 gignit
2731 3062 2879 3129 quod
2920 3061 3111 3131 gignit.
3165 3060 3359 3116 Omnis

100 3131 279 3199 πάντη
304 3130 569 3201 ἀνομοίων
590 3133 820 3201 ἀνόμοια
846 3133 1068 3194 τίκτων,
1100 3135 1164 3185 ἐκ
1182 3134 1280 3202 τῆς
1306 3135 1681 3205 προαιρέσεως

1786 3167 1914 3221 ergo
1962 3160 2153 3221 partus
2184 3152 2370 3205 divina
2405 3152 2690 3221 Scriptura
2722 3153 2993 3221 cognitus,
3030 3167 3097 3205 ex
3131 3152 3356 3206 omnino

97 3222 197 3273 καὶ
228 3221 327 3275 οὐκ
362 3225 425 3276 ἐκ
458 3226 555 3292 τῆς
593 3223 781 3286 οὐσίας
811 3225 986 3277 τίκτει
1031 3225 1091 3278 τὸ
1140 3227 1477 3295 τικτόμενον.
1511 3229 1678 3281 Ποίαν

95 3315 233 3382 ἡμῖν
257 3313 364 3382 ἄρα
386 3314 746 3385 ἀνομοιότητα
775 3315 1097 3368 ὑποτίθεσθε
1120 3315 1218 3388 τὴν
1254 3318 1373 3369 κατ’
1397 3318 1607 3382 οὐσίαν,
1642 3323 1678 3395 ἢ

96 3401 245 3458 κατὰ
272 3421 324 3454 τι
354 3405 726 3475 συμϐεϐηκὲς,
762 3407 854 3458 καὶ
896 3406 1011 3469 πῶς
1033 3406 1183 3460 ἔσται
1209 3406 1408 3476 ἀληθὲς
1437 3408 1497 3460 τὸ
1522 3411 1676 3481 εἰρη-

99 3494 264 3562 μένον
285 3495 434 3562 ύμῖν,
460 3493 792 3558 ἐξεταστέον.
820 3494 884 3548 Εἰ
910 3497 1007 3566 μὲν
1032 3496 1141 3567 γὰρ
1164 3496 1303 3550 κατὰ
1318 3497 1415 3569 τὴν
1444 3497 1675 3566 ούσιὼδη

92 3585 362 3654 δμαφορᾶιν
413 3584 487 3640 ὼς
544 3587 602 3638 ἐν
640 3586 883 3657 ποιότητι
936 3590 1138 3658 φυσικῇ
1174 3605 1331 3654 φατε,
1388 3589 1495 3641 ἰδοὺ
1528 3587 1591 3642 ἐκ
1621 3605 1676 3641 τε

91 3673 260 3726 λίιων
283 3674 374 3725 καὶ
400 3673 516 3737 σιδή
529 3689 634 3742 ρων
661 3676 753 3726 καὶ
776 3674 1319 3744 ξύλων-πυρεκὸόλων
1347 3675 1458 3746 πῦρ
1480 3678 1676 3743 γεννᾶ-

91 3780 208 3823 ται,
236 3763 293 3827 ἐξ
331 3764 599 3832 ἀνομοίων
644 3762 703 3818 ὃν
730 3765 983 3834 ἀνόμοιον
1009 3767 1130 3819 κατ’
1170 3767 1360 3820 οὐσίαν
1381 3784 1394 3797 ·
1433 3768 1527 3820 καὶ
1552 3767 1675 3821 οὔτε

90 3856 318 3909 ἐπαίνου
351 3855 475 3908 οὔτε
509 3855 677 3926 ψόγου
707 3857 980 3911 δείκνυσιν
1015 3859 1162 3923 ἄξιον
1189 3859 1251 3912 τὸ
1273 3861 1458 3914 τίκτον
1480 3878 1494 3891 ⁸
1528 3861 1591 3913 ἐκ
1618 3879 1672 3914 τε

89 3949 367 4018 λαχάνων,
390 3949 626 4018 κάμπαι’
645 3950 739 4002 καὶ
755 3953 818 4002 ἐκ
842 3950 1012 4020 μυῶν,
1033 3950 1204 4004 εὐλαί·
1224 3952 1491 4021 ἀνομοίων
1507 3952 1676 4005 όντων

86 4040 204 4091 τῶν
224 4038 489 4091 τεκόντων
502 4038 644 4091 κατὰ
660 4039 758 4108 τὴν
781 4040 840 4092 ού
850 4040 967 4094 σίαν
987 4042 1171 4106 αὐτοῖς
1192 4058 1205 4071 ·
1226 4043 1320 4095 καί¹
1336 4041 1459 4094 οὔτε
1475 4041 1674 4113 ψεκτὸν

86 4129 218 4184 οὔτε
248 4131 534 4184 ἐπαινετόν
556 4147 569 4159 ·
595 4130 710 4183 ἀλλ’
740 4132 889 4201 ὅμως
914 4135 1027 4195 τοῖς
1050 4133 1488 4203 παραδείγμασιν
1520 4135 1675 4203 ὑμῶν

86 4222 505 4290 ἐπιστήσαντες,
568 4222 768 4290 μᾶλλον
809 4221 908 4291 τὴν
957 4224 1101 4275 κατὰ
1150 4223 1247 4292 τὴν
1317 4223 1551 4294 ὓπαρξιν
1584 4228 1675 4278 ἁν-

83 4315 389 4381 ομοιότητα
421 4311 679 4380 λέγεσθαι
717 4312 847 4380 ὑμῖν
886 4313 1174 4383 νοήσομενο
1209 4314 1388 4367 καὶτὸ
1421 4316 1673 4384 ἀνόμοιον

85 4405 150 4456 τὸ
205 4402 596 4472 ἐπαινούμενον
652 4404 684 4472 ἢ
740 4403 1076 4472 ψεγόμενον,
1143 4403 1218 4467 ὡς
1261 4405 1321 4468 ἐξ
1381 4405 1671 4476 ἀνθρώπου

1779 3243 2146 3298 dissimilibus
2177 3244 2465 3298 dissimilia
2496 3244 2743 3314 gignens,
2769 3261 2833 3297 ex
2862 3244 3143 3297 voluntate
3164 3250 3219 3297 et
3244 3259 3351 3297 non

1779 3348 1845 3387 ex
1899 3334 2205 3388 substantia
2264 3333 2439 3404 gignit
2482 3335 2627 3404 quod
2663 3335 2856 3406 gignit.
2887 3364 2956 3374 -—
2985 3333 3351 3399 Quaerendum

1776 3424 1940 3479 nobis
1975 3435 2059 3479 est
2096 3424 2310 3494 qualem
2347 3425 2857 3479 dissimilitudinem
2904 3424 3229 3493 snpponatis
3274 3438 3356 3478 se-

1778 3515 2017 3570 cundum
2067 3516 2431 3570 substantiam
2479 3525 2573 3570 aut
2602 3516 2906 3570 secundum
2941 3515 3160 3585 aliquod
3202 3515 3352 3569 acci-

1777 3607 1936 3668 dens,
1968 3617 2025 3660 et
2052 3606 2331 3675 quomodo
2360 3623 2555 3660 verum
2588 3609 2658 3661 sit
2684 3608 2828 3675 quod
2865 3606 3068 3661 dicitis.
3108 3605 3163 3660 Si
3203 3606 3354 3661 enim

1776 3699 2085 3754 secundum
2152 3699 2569 3753 substantialem
2638 3699 3039 3761 differentiam,
3090 3697 3246 3767 quasi
3296 3698 3351 3752 in

1776 3789 2039 3858 qualitate
2088 3789 2337 3861 physica,
2391 3790 2608 3852 dicitis,
2659 3791 2800 3845 Ecce
2855 3806 2920 3844 ex
2974 3789 3252 3858 lapidibus
3295 3798 3352 3844 et

1776 3877 1925 3931 ferro
1952 3885 2008 3931 et
2030 3876 2193 3945 lignis
2227 3875 2474 3945 igniferis
2506 3876 2645 3946 ignis
2679 3885 2995 3946 generatur,
3028 3892 3095 3930 ex
3117 3875 3357 3930 dissimi-

1774 3968 1923 4022 libus
1981 3983 2114 4023 sane
2164 3967 2449 4021 dissimilis
2495 3969 2798 4025 secundum
2844 3969 3232 4031 substantiam,
3293 3978 3350 4023 et

1775 4074 1955 4128 neque
1983 4059 2144 4113 laude
2181 4074 2362 4128 neque
2385 4058 2815 4127 reprehensione
2847 4059 3075 4128 dignum
3104 4059 3353 4114 ostendit

1775 4152 2116 4222 gignentem.
2162 4150 2231 4204 Et
2255 4166 2321 4205 ex
2352 4150 2724 4219 leguminibus
2755 4166 2980 4220 campa’,
3015 4160 3071 4206 et
3115 4166 3183 4205 ex
3230 4167 3355 4205 mu-

1775 4243 1931 4296 ribus
1982 4258 2218 4307 vermes,
2264 4242 2627 4296 dissimilibus
2668 4251 2815 4298 certe
2863 4242 3217 4312 gignentibus
3263 4258 3350 4297 se-

1776 4332 2017 4386 cundum
2052 4332 2415 4386 substantiam
2458 4353 2469 4385 :
2519 4347 2620 4387 nec
2648 4341 2733 4386 est
2757 4332 2904 4386 laudi
2938 4335 3020 4387 vel
3046 4334 3349 4403 reprehen-

1776 4422 1919 4476 sioni
1988 4423 2165 4478 locus.
2243 4422 2349 4477 Sed
2426 4431 2606 4477 tamen
2675 4423 3067 4492 pr.t-tertnissis
3149 4425 3351 4477 vestris

86 4494 190 4565 τὴν
222 4493 509 4560 ἀνομοίαν,
541 4494 574 4563 ἦ
607 4493 666 4545 τὸ
719 4494 943 4564 Πνεῦμα
988 4495 1087 4564 τῆς
1116 4495 1390 4565 σωτηρίας
1421 4498 1668 4567 τικτόμε-

1786 4513 2066 4582 :xemplis,
2102 4513 2287 4582 potius
2316 4514 2826 4568 dissimilitudinem
2867 4513 3171 4568 secundum
3206 4514 3351 4568 easi-

85 4602 204 4641 νον.
240 4584 397 4639 Ἐπεὶ
429 4580 521 4637 οὖν
559 4587 618 4638 τὸ
645 4587 827 4639 τίκτον
858 4586 950 4638 ἐπὶ
978 4586 1087 4639 τῶν
1136 4588 1404 4657 ἀνομοίων
1452 4589 1670 4653 πάντως

87 4676 369 4747 ἐπαίνουῆ
404 4676 572 4745 ψόγου
604 4676 838 4741 ἀξιοῦτε,
868 4677 1166 4737 κάντεῦθεν
1199 4681 1265 4732 ἐκ
1296 4681 1668 4751 προαιρέσεως

87 4766 232 4824 εἶναι
266 4769 358 4822 τὸν
388 4769 546 4821 τόκον
577 4768 961 4835 συλλογίζεσθε
990 4784 1004 4798 ο
1040 4769 1127 4822 ἵνα
1159 4771 1253 4822 καὶ
1285 4773 1349 4823 ἐκ
1394 4772 1491 4841 τῆς
1518 4773 1661 4827 κατὰ

82 4863 180 4915 τὸν
212 4861 490 4928 Δεσπότην
547 4859 935 4928 ἀνομοιότητος
996 4861 1059 4911 ἐκ
1091 4861 1470 4930 προαιρέσεως
1508 4860 1666 4929 λέγε-

85 4953 215 5007 σθαι
253 4951 351 5020 τὴν
373 4951 493 5002 κατ’
516 4949 679 5003 αὐτὸν
711 4950 964 5019 γέννησιν
994 4955 1056 5004 ἐκ
1085 4953 1183 5022 τῆς
1212 4957 1510 5026 Δεσποίνης
1546 4975 1670 5010 συν-

79 5042 248 5110 άγετε
284 5045 443 5113 τάχα,
464 5042 846 5113 ματαιολόγον
889 5045 1108 5113 πρῶτον
1136 5047 1234 5115 μὲν
1265 5047 1565 5119 μνήσθητε,
1592 5051 1668 5112 ὡς

77 5133 395 5187 τούναντίον
429 5134 523 5186 καὶ
556 5133 812 5203 ὁμοίωσιν
845 5134 922 5205 τῷ
949 5136 1189 5206 Χριστῷ,
1214 5139 1265 5190 εί
1301 5138 1397 5190 καὶ⁹
1421 5138 1496 5209 μὴ
1524 5139 1666 5192 κατὰ

78 5223 144 5275 τὸ
174 5222 316 5286 ὅλον,
354 5224 491 5293 πρὸς
546 5221 644 5293 τὴν
685 5223 897 5294 μητέρα
933 5226 1476 5297 μεμαρτυρήκαμενο
1529 5228 1656 5282 ἀνο-

90 5313 194 5384 μία
218 5314 296 5382 ὄέ,
332 5316 589 5385 οὐδεμίαν
640 5314 752 5384 ἔχει
797 5316 1029 5386 ούσιὼδη
1076 5317 1334 5386 ὁμοίωσιν
1383 5320 1520 5389 πρὸς
1568 5320 1660 5372 τὸν

77 5407 282 5476 ἄνομον
328 5407 449 5461 καθ’
496 5405 767 5479 ὓπαρξινο
820 5407 1071 5476 δεύτερον
1112 5411 1171 5464 δὲ
1219 5412 1300 5465 ὃτι
1354 5413 1449 5466 καὶ
1501 5413 1562 5467 τὸ
1599 5417 1663 5467 ἐκ

88 5496 291 5568 μέρους
321 5501 574 5570 ἀνόμοιον
620 5502 758 5573 πρ“ς
813 5502 1006 5573 αὐτὴν,
1054 5505 1115 5555 οὐ
1170 5503 1425 5575 τοιαύτης
1468 5507 1661 5573 ὁρᾶται

77 5592 465 5662 ἀνομοιότητος
485 5594 599 5649 οἱῖιν
621 5594 714 5646 νῦν
742 5595 895 5662 ὑμεῖς
920 5599 975 5648 ἐν
1005 5596 1444 5667 παραδείγμασιν
1466 5599 1661 5654 ὑπέθε-

145 5753 169 5783 ²
204 5746 309 5802 lsa.
336 5765 482 5815 xxvi,
515 5752 594 5805 l8.
677 5764 698 5792 ε
724 5750 1090 5819 Psal.vn,l.‘j.

1772 4604 2028 4659 stentiam
2067 4620 2097 4658 a
2125 4604 2280 4658 vobis
2307 4605 2414 4659 diei
2455 4606 2794 4675 putabimus,
2831 4614 2888 4661 et
2926 4605 3197 4660 dissimile
3230 4606 3350 4660 lau-

1770 4696 1957 4749 datum
1988 4695 2073 4749 vel
2104 4696 2475 4765 vituperatum
2504 4708 2763 4767 tanquam
2791 4713 2857 4751 ex
2903 4696 3131 4750 homine
3175 4696 3349 4750 dissi-

1768 4788 2164 4851 militudinem,
2191 4799 2246 4844 et
2270 4790 2525 4860 spiritum
2551 4791 2746 4846 salutis
2771 4791 3039 4860 genitum.
3072 4788 3210 4855 Quia
3242 4787 3354 4859 igi-

1771 4888 1859 4932 tur
1882 4879 2027 4949 quod
2059 4881 2237 4951 gignit
2262 4881 2329 4935 de
2370 4882 2737 4936 dissimilibus
2785 4882 3011 4936 omnino
3044 4880 3224 4934 laudis
3259 4880 3354 4934 vel

1771 4973 2219 5040 reprehensionis
2263 4973 2489 5043 dignum
2532 4974 2815 5042 indicatis,
2877 4973 3077 5027 exinde
3120 4986 3349 5042 quoque

1765 5075 1833 5115 ex
1853 5062 2139 5116 voluntate
2167 5077 2286 5116 esse
2316 5070 2530 5130 partum
2570 5063 2823 5130 infertis;
2866 5073 2923 5118 et
2958 5079 3023 5118 ex
3053 5063 3342 5118 dissimili-

1768 5152 1959 5207 tudine
2000 5152 2217 5207 Domini
2251 5153 2433 5208 statim
2465 5154 2801 5210 concluditis
2828 5171 2894 5209 ex
2922 5157 3207 5210 voluntate
3232 5156 3343 5210 diei

1760 5243 1882 5307 ejus
1924 5257 1991 5296 ex
2032 5242 2261 5296 Domina
2305 5245 2740 5313 generationem,
2798 5247 3100 5314 vaniloqui.
3154 5247 3343 5301 Primo

1760 5333 1983 5402 quidem
2039 5343 2376 5391 mementote
2429 5352 2530 5390 nos
2578 5351 2608 5392 e
2657 5344 2847 5390 entitra
2895 5337 3344 5402 similitudinem,

1758 5425 1864 5479 etsi
1890 5441 1999 5480 non
2026 5427 2329 5481 secundum
2365 5436 2564 5493 totum,
2604 5427 2807 5483 Christi
2839 5429 2904 5481 ad
2949 5438 3179 5481 matrem
3224 5436 3338 5480 sta-

1763 5517 1969 5582 tuisse;
2009 5517 2298 5571 dissimilia
2343 5518 2548 5571 nullam
2582 5519 2789 5572 habent
2816 5517 3230 5572 substantialcm
3256 5518 3335 5571 si-

1761 5606 2129 5662 militudinem
2165 5607 2230 5661 ad
2253 5608 2544 5669 dissintiie,
2582 5608 2884 5663 secundum
2918 5608 3287 5663 substantiam
3313 5625 3335 5661 :
