3908 6306
575 213 710 281 1691

1811 202 2117 266 LEONTII
2161 201 2560 280 ΒΥΖΑΝΪΙΝΙ

2318 71 2374 78 -σ-

3605 204 3678 274 Ii!

573 320 837 386 secundo,
875 316 1382 374 dissimilitudinem
1418 317 1524 383 qua
1574 327 1640 366 ex
1685 319 1840 380 parte
1887 309 2076 363 diﬂ‘ert
2119 326 2144 362 a

2255 307 2345 358 σθε
2365 307 2674 376 ὑφεστῶτος
2695 306 2832 378 πρὸς
2855 307 2953 360 iw
2963 307 3242 372 πόττατον,
3265 307 3387 362 ἀλλᾶ
3404 309 3677 380 pallavka

576 411 748 470 matre
772 427 882 466 non
909 424 1033 466 esse
1061 409 1226 464 talem
1256 403 1764 461 dissimilitudinem
1803 403 2019 480 qualem
2053 417 2150 456 vos

573 502 808 558 nuncin
851 497 1120 568 exemplis
1167 495 1498 566 supponitis,
1543 491 1900 548 subsistentia
1937 490 2150 545 scilicet

575 595 803 650 relative
835 592 904 647 ad
937 609 1045 646 non
1069 590 1488 647 subsistentem,
1525 584 1622 640 sed
1649 583 1835 654 potius
1861 583 1986 637 talis
2013 582 2147 636 sub:-

572 685 788 741 stantia:
833 683 900 737 ad
941 683 1105 737 talem
1151 678 1538 734 substantiam.
1586 675 1656 732 Ut
1688 685 1872 730 autem
1905 673 2148 743 abripia-

572 791 697 828 mur
727 783 907 828 vestra
942 770 1172 826 ridenda
1203 769 1528 830 calliditate,
1555 766 1600 820 si
1635 763 1820 820 omnia
1847 779 1970 833 qua:
2003 763 2146 832 apud

571 863 812 921 divinam
879 863 1217 932 Seripturant
1283 875 1350 914 ex
1419 856 1784 912 dissimilibus
1842 853 2147 909 secundum

571 954 946 1008 cxsistentiam
977 952 1161 1023 genita
1205 959 1337 1005 sunt
1367 949 1586 1002 laudem
1621 956 1718 999 aut
1757 943 2148 1014 reprehensio-

573 1057 698 1097 nem
739 1041 981 1112 gignenti
1020 1039 1316 1094 conciliare
1357 1034 1726 1091 arbitramini.
1763 1033 1896 1103 quid
1940 1033 2146 1096 dicitis,

570 1149 697 1188 cum
749 1133 895 1188 (ilius
942 1132 1152 1188 doloris
1195 1129 1502 1200 Bcnjamin,
1562 1127 1706 1181 [ilius
1753 1123 2149 1180 consolationis

571 1221 870 1287 Barnabas,
907 1231 964 1277 et
993 1221 1112 1276 Heli
1137 1235 1304 1274 senex
1339 1231 1612 1271 annorum
1657 1215 1840 1268 dictus
1888 1213 2004 1266 sit?
2037 1212 2146 1267 Ne-

571 1328 726 1368 Cesse
763 1322 850 1368 est
881 1328 1011 1381 ergo
1050 1325 1224 1365 annos
1263 1322 1384 1363 esse
1411 1306 1694 1377 genitores
1737 1303 1879 1368 Heli,
1921 1312 1980 1358 et
2025 1303 2148 1358 iilos

570 1420 690 1457 esse
720 1404 884 1458 laude
912 1413 1006 1457 aut
1037 1399 1470 1470 reprehensione
1518 1397 1754 1466 dignos;
1803 1404 1860 1449 et
1897 1394 2146 1449 dolorem

570 1509 789 1563 quoque
821 1503 878 1548 et
909 1489 1346 1548 consolationem
1389 1489 1464 1543 ita
1509 1503 1570 1542 se
1607 1486 1832 1540 habere.
1873 1483 1930 1540 Si
1961 1495 2146 1539 autem

569 1584 696 1654 quis
727 1599 864 1640 rana
886 1584 1003 1640 haec
1033 1585 1201 1638 etiam
1226 1579 1514 1643 concedat,
1551 1577 1828 1649 quomodo
1859 1576 2146 1646 sequentia

2251 400 2465 452 τοιᾶσδε
2498 399 2634 469 πρὸς
2683 398 2894 452 τοιάνδε
2957 397 3171 452 οὐσίαν·
3246 399 3328 452 ἴνα
3371 400 3420 452 δὲ
3460 402 3534 454 καὶ
3562 419 3677 457 σιντε-

2251 487 2562 558 ενεχθῶιιεν
2585 487 2662 558 τῷ
2680 488 3070 560 καταγελάστῳ
3089 490 3184 559 τῆς
3201 489 3447 559 ὑμετέρας
3468 493 3674 564 δεινότητος,

2251 579 2299 630 εἰ
2333 578 2510 630 πάντα
2548 579 2616 631 τὰ
2675 581 2734 632 ἑν
2786 583 2851 648 τῇ
2897 579 3016 650 θείᾳ
3057 580 3244 652 Γραιρῇ
3283 580 3338 645 ἐξ
3380 582 3587 652 ἀνομοίων
3609 587 3675 639 ui'

2251 665 2486 737 ὕπαρξ;ν
2524 670 2900 736 γεγεννημένα
2953 669 3174 722 ἔπαινον
3203 671 3235 740 ἢ
3261 670 3414 740 ψόγον
3437 673 3502 744 τῷ
3537 677 3675 730 tium

2250 759 2534 827 ἐπιφέρειν
2577 757 2780 824 οἴεσθε,
2812 759 2866 812 τί
2906 776 3068 828 φατε,
3103 762 3228 814 ἐπεὶ
3259 764 3363 824 υίὸς
3391 763 3542 833 ὀδύνης
3567 744 3674 820 Bai-4;

2253 848 2368 918 μὶν,
2411 848 2509 900 καὶ
2559 847 2672 912 υἱὸς
2721 849 3120 920 παρακλήσεως
3164 853 3443 919 Βαρνάϐας,
3489 856 3558 908 καὶ
3594 859 3674 909 ’ll'e‘:

2253 937 2630 1009 πρεσϐύτερος
2657 938 2796 992 ἐτῶν
2820 941 3035 1010 εἴρηται
3050 941 3302 1014 ς’Δνάγκη
3327 945 3423 1015 ἄρα
3443 947 3498 999 τὰ
3519 947 3584 1016 ἐτη
3596 950 3670 1000 siti

2249 1033 2318 1085 τὰ
2353 1033 2582 1088 τεκόντα
2631 1029 2769 1086 εἶναι
2817 1037 2910 1088 τὸν
2955 1036 3135 1100 Ἠλεὶ,
3171 1039 3260 1090 καὶ
3313 1039 3462 1092 ταῦτα
3489 1042 3669 1109 suisui,

2249 1121 2419 1192 ψόγου
2455 1123 2788 1195 ἀξιωθῆναι·
2822 1128 2917 1180 καὶ
2941 1128 3042 1197 τὴν
3063 1129 3252 1200 ὀδύνην
3279 1130 3333 1183 δὲ
3357 1133 3438 1184 καὶ
3473 1131 3544 1202 τὴν
3572 1135 3670 1202 rapi-

2249 1213 2444 1284 κλησιν
2475 1215 2650 1279 οὕτως
2677 1215 2842 1287 ἔχειν.
2869 1217 2931 1271 Ei
2960 1219 3017 1270 δὲ
3045 1220 3140 1272 καὶ
3181 1219 3346 1272 ταῦτά
3381 1239 3452 1285 τις
3492 1226 3668 1291 συγχωῄ-

2251 1322 2335 1358 σοι
2363 1305 2431 1358 τὰ
2457 1306 2686 1376 μάταια,
2720 1307 2840 1371 πῶς
2867 1308 2928 1360 τό
2963 1326 3026 1376 γε
3053 1309 3181 1380 ἑξῆς
3201 1311 3441 1380 ἀδακρυτὶ
3469 1315 3560 1382 παρ’
3584 1313 3669 1382 ne.

2249 1395 2574 1459 ἀκούσεται,
2619 1398 2684 1448 ἐκ
2743 1399 3120 1469 προαιρέσεως
3161 1401 3357 1454 τίκτειν
3391 1402 3446 1454 τὰ
3471 1403 3554 1470 ἔτη,
3579 1404 3668 1470 ῆτὴτ

2247 1487 2520 1558 ὀδύνην,ἢ
2553 1489 2654 1558 τὴν
2684 1491 3036 1564 παράκλησιν
3081 1493 3228 1546 κατὰ
3263 1493 3528 1563 προαίρεσιν
3549 1495 3663 1562 variis

2247 1577 2670 1649 διδασκόμενος;
2700 1581 2797 1632 καὶ
2823 1581 2882 1646 ἐξ
2903 1583 3252 1654 ἀνυπάρκτου
3274 1587 3533 1655 πρά-(ματος
3544 1586 3666 1654 apeiri-

571 1692 682 1730 non
707 1677 1016 1748 lacrymans
1043 1691 1073 1730 a
1096 1675 1256 1730 vobis
1285 1673 1524 1734 audiret,
1561 1687 1687 1726 cum
1717 1671 1954 1725 disceret
1976 1685 2144 1724 annos

2254 1686 2354 1722 σαν
2417 1669 2704 1739 μανθάνων
2753 1671 2886 1741 παρ’
2918 1673 3074 1744 ὑμῶν
3121 1674 3217 1746 τὴν
3260 1675 3460 1748 ὓπαρξιν
3490 1676 3591 1729 Ἠλεὶ
3615 1677 3666 1727 u‘.

568 1780 638 1818 ex
667 1766 952 1820 voluntate
978 1765 1276 1835 parturire,
1314 1773 1371 1818 et
1421 1762 1673 1816 dolorem
1711 1769 1771 1816 et
1807 1759 2142 1814 consolatio-

571 1873 696 1912 nem
721 1859 1021 1913 secundum
1045 1858 1381 1912 voluntatem
1409 1855 1634 1927 gignere
1656 1871 1670 1920 ;
1691 1864 1746 1907 et
1775 1867 1898 1907 cum
1929 1866 1960 1906 a
1989 1851 2146 1906 vobis

2243 1756 2512 1831 Βαρνάϐα
2553 1761 2646 1814 καὶ
2683 1761 2966 1832 Βενιαμὶν,
3023 1764 3119 1818 καὶ
3165 1767 3300 1819 κατὰ
3349 1767 3584 1838 προαίρεσιν
3610 1781 3654 1814 τι·

2253 1853 2492 1906 κτόντων
2508 1870 2524 1918 ;

571 1953 740 2008 sciret
786 1963 859 2009 ex‘
896 1969 955 2008 re
999 1969 1108 2008 non
1147 1952 1448 2008 exsistente
1495 1949 1717 2020 prodire
1767 1931 2145 2004 exsistent‘am
2184 1947 2327 2012 Heli,
2377 1955 2430 2003 et
2468 1947 2754 2016 Barnabas,
2821 1958 2876 2006 et
2909 1950 3216 2022 Benjamin,
3241 1960 3293 2006 et
3350 1969 3408 2008 ex
3443 1949 3665 2022 gignentibu

570 2045 892 2104 secundum~
907 2045 1250 2100 voluntatem
1269 2044 1292 2097 ?

845 2134 854 2141 ’
1173 2153 1324 2210 CAP.
1365 2153 1556 2209 XXVI.

639 2269 698 2326 Si
737 2269 884 2324 Deus
927 2269 1166 2326 Verbum
1200 2268 1422 2338 genitus
1446 2275 1533 2322 est
1577 2281 1644 2320 ex
1684 2267 1932 2337 Virgine,
1983 2281 2146 2322 omne

569 2373 754 2418 autem
783 2361 1028 2433 genitum
1053 2359 1295 2431 gignitur
1317 2360 1402 2414 vel
1437 2375 1504 2413 ex
1529 2357 1840 2414 substantia
1873 2357 2148 2428 gignentis

567 2457 655 2509 vel
703 2470 770 2510 ex
807 2453 1132 2517 voluntate;
1175 2459 1232 2504 et
1266 2449 1412 2520 quod
1457 2465 1524 2503 ex
1564 2449 1870 2504 substantia
1903 2449 2148 2520 gignitur

569 2547 798 2602 omnino
819 2560 941 2602 esse
973 2544 1140 2598 habet
1177 2559 1208 2598 a
1231 2543 1508 2612 gignente,
1543 2541 1690 2612 quod
1723 2548 1906 2596 autem
1933 2557 2000 2596 ex
2046 2557 2147 2596 vo-

569 2641 803 2701 luntate,
834 2637 1002 2692 habet
1025 2651 1054 2690 a
1077 2635 1336 2706 gignente
1370 2643 1485 2688 tum
1521 2649 1665 2697 esse,
1695 2643 1810 2686 tum
1854 2633 1948 2686 tali
1981 2633 2145 2688 modo

569 2745 712 2794 esse,
741 2727 910 2784 dicite
949 2727 1095 2782 unde
1127 2726 1314 2781 velitis
1352 2725 1596 2798 genitum
1641 2722 1812 2778 fuisse
1844 2723 2040 2790 Deum,
2076 2739 2146 2779 an

568 2838 638 2878 ex
683 2821 992 2877 substantia
1020 2819 1283 2891 Virginis,
1329 2834 1398 2873 an
1449 2835 1518 2873 ex
1555 2817 1882 2872 voluntate?
1921 2815 2148 2872 Utrum-

570 2929 788 2982 cunqne
811 2913 960 2967 enim
999 2913 1198 2966 horum
1235 2911 1510 2974 dixeritis,
1547 2910 1833 2966 conclusio
1871 2915 2042 2980 patet.
2073 2937 2146 2949 —

2818 2151 3074 2207 ΚΕΦΑΔ.
3120 2155 3260 2222 κεῖν.

2323 2265 2384 2318 Ei
2417 2265 2446 2318 ό
2474 2264 2606 2328 Θεὸς
2638 2265 2812 2334 Λόγος
2854 2265 3052 2336 ἐτέχθη
3085 2269 3151 2322 ἐκ
3183 2249 3283 2338 ⁶τῆς
3306 2266 3662 2340 Παρθένω,τίνίί

2247 2361 2310 2412 το
2337 2359 2658 2428 τικτόμενον
2712 2359 2748 2431 ἢ
2767 2360 2832 2412 ἐκ
2859 2360 2958 2430 τῆς
2990 2362 3186 2422 οὐσίας
3213 2363 3430 2416 τίκτεται
3454 2362 3523 2416 τοῦ
3541 2363 3661 2412 τίκτω-

2248 2467 2360 2516 τος,
2393 2451 2427 2519 ἢ
2459 2451 2522 2503 ἐκ
2550 2451 2652 2520 τῆς
2685 2450 3100 2522 προαιρέσεως·
3148 2453 3240 2506 καὶ
3285 2454 3342 2507 τὸ
3379 2455 3432 2507 ὲκ
3468 2455 3538 2522 τῆς
3557 2451 3661 2510 sirit;

2246 2543 2588 2612 τικτόμενον,
2617 2543 2681 2594 τὸ
2717 2539 2860 2596 εἶναι
2891 2545 3118 2610 πάντως
3149 2545 3270 2615 ἔχεν
3293 2547 3350 2599 ὲκ
3376 2545 3452 2598 τοῦ
3471 2545 3658 2601 τελευταῖ’

2247 2633 2308 2687 τὸ
2337 2633 2394 2686 δὲ
2432 2634 2499 2687 ὲκ
2541 2634 2640 2704 τῆς
2680 2635 3082 2706 προαιρέσεως,
3119 2641 3192 2707 πῆ
3226 2633 3515 2706 μὲντδεῖναι
3546 2633 3659 2704 {Istat

2247 2723 2340 2775 τοῦ
2369 2723 2668 2789 τίκτοντος,
2711 2723 2791 2794 πῆ
2823 2724 2880 2778 δὲ
2911 2726 2969 2778 τὸ
3016 2727 3223 2781 τοιόνδε
3251 2725 3393 2794 εἶναι,
3415 2721 3658 2780 arandis?

2253 2812 2510 2882 βούλεσθε
2569 2813 2823 2884 τετέχθαι
2876 2817 2969 2868 τὸν
3023 2817 3187 2882 Θεὸν,
3238 2819 3298 2872 ὲκ
3335 2819 3420 2888 τῆς
3453 2815 3580 2875 οὐσίας
3607 2812 3659 2877 τῆς

2248 2904 2550 2973 Παρθένου,
2601 2905 2636 2974 ἢ
2687 2907 2752 2958 ὲκ
2795 2905 2894 2976 τῆς
2943 2911 3343 2984 προαιρέσεωςς
3387 2909 3573 2976 ὁπότερον
3601 2903 3659 2970 Ti?

571 3005 708 3061 Sero
739 3004 960 3061 tandem
992 3013 1048 3058 et
1089 3003 1246 3058 inviti
1278 3001 1568 3058 nobiseum
1599 3001 1896 3072 agnoscitis
1927 3009 2144 3070 partum

2249 2993 2430 3047 αὐτῶν
2459 2995 2672 3065 εῐπητε,
2709 2994 2772 3048 τὸ
2809 2999 3179 3068 συναγόμενον
3209 3000 3370 3069 δῆλον.
3395 2998 3494 3068 Ὀψὲ
3512 2991 3659 3049 mai

569 3111 690 3150 esse
721 3104 776 3149 et
803 3111 931 3150 eum
972 3096 1068 3165 qui
1112 3095 1366 3165 producit
1391 3095 1601 3164 aliquid
1634 3095 1702 3148 ad
1734 3108 1876 3158 esse,
1919 3100 1976 3148 et
2015 3107 2142 3146 eum

569 3187 779 3257 pariter
803 3187 896 3256 qui
919 3186 984 3240 ad
1017 3187 1202 3241 taliter
1231 3201 1354 3240 esse
1387 3193 1620 3240 tantum.
1654 3184 1710 3239 Si
1732 3192 1916 3238 autem
1939 3183 2033 3253 qui
2058 3193 2144 3238 est

568 3293 636 3332 ex
670 3276 1000 3339 substantia,
1037 3290 1164 3329 eum
1191 3276 1366 3330 solum
1393 3275 1580 3330 dicitis
1603 3289 1724 3330 esse
1756 3288 1976 3328 causam
2001 3274 2147 3330 exsi-

569 3367 789 3422 szentiae
821 3376 878 3420 et
931 3381 1042 3420 non
1092 3365 1216 3420 talis
1265 3365 1625 3432 exsistentiae,
1670 3365 1912 3436 physica:
1945 3379 2146 3434 nempe

571 3457 898 3512 diﬁerentiae
935 3456 1128 3528 geniti,
1153 3471 1278 3512 cum
1324 3471 1392 3511 ex
1439 3471 1580 3512 cono
1623 3457 1789 3527 pinus
1828 3463 2141 3526 generetur,

568 3546 654 3600 vel
679 3562 746 3600 ex
769 3547 1052 3602 voluntate
1072 3556 1130 3601 et
1165 3562 1272 3601 non
1305 3563 1372 3602 ex
1402 3546 1712 3601 substantia
1736 3545 1861 3601 coni
1894 3546 1962 3600 ad
2001 3546 2146 3602 banc

463 3671 471 3681 .
570 3636 736 3692 talem
793 3635 1169 3692 exsistentiam
1221 3645 1554 3706 generatur,
1608 3635 1696 3689 vel
1742 3649 1812 3688 ex
1854 3635 1970 3704 ipsa
2017 3635 2148 3690 sub-

572 3729 774 3783 s'antia
811 3729 935 3783 coni
961 3737 1279 3800 generatur,
1306 3736 1472 3782 etest
1501 3726 1830 3796 simpliciter
1849 3725 2142 3791 exsistens,

571 3832 684 3870 non
709 3825 891 3872 autem
919 3817 1086 3888 pinus
1119 3825 1215 3872 aut
1249 3815 1400 3872 aliud
1439 3815 1571 3886 quid
1611 3815 1892 3884 speciale:
1942 3815 2050 3870 nisi
2089 3824 2147 3870 et

571 3907 664 3962 aéii
720 3909 952 3978 genitori
997 3909 1304 3964 secundum
1350 3907 1688 3962 voluntatem
1737 3907 1980 3978 gignenti
2017 3907 2148 3962 sub-

567 3995 793 4066 jiciatur
825 3996 878 4050 in
933 3998 1224 4066 quamdam
1278 3997 1708 4068 generationem.
1765 3997 1978 4064 Quibus
2011 3997 2145 4068 quid

573 4087 863 4143 stolidius?

1155 4301 1306 4356 CAP.
1339 4302 1550 4358 XXVII.

645 4409 703 4465 Si
735 4413 953 4480 genitus
969 4423 1051 4468 est
1080 4415 1224 4469 Deus
1239 4415 1478 4470 Verbum
1509 4417 1732 4487 proprie
1755 4427 1812 4472 et
1833 4418 2138 4472 secundum

573 4502 863 4556 veritatem
913 4521 981 4559 ex
1036 4507 1198 4560 Patre
1253 4507 1443 4577 illique
1488 4519 1576 4564 est
1603 4509 1802 4566 similis
1836 4511 2140 4566 secundum

503 4667 510 4672 _
573 4592 966 4660 substantiam;
989 4605 1046 4649 et
1069 4597 1116 4650 si
1142 4597 1284 4650 idem
1298 4599 1518 4668 genitus
1532 4608 1616 4653 est
1634 4615 1702 4654 ex
1726 4610 1898 4655 matre
1922 4602 2141 4672 proprie

571 4690 628 4736 et
647 4681 951 4738 secundum
966 4685 1494 4754 veritatem,ipsaque
1523 4697 1609 4741 est
1639 4687 1922 4744 dissimilis
1947 4706 2143 4746 secun-

569 4774 700 4828 dum
746 4775 1127 4842 substantiam,
1177 4777 1339 4841 nihil,
1367 4761 1606 4834 interest.
1639 4795 1670 4834 a
1738 4780 2015 4837 similibus
2047 4791 2144 4836 aut

569 4885 599 4922 a
633 4869 994 4925 dissimilibus
1021 4871 1188 4943 gigni.
1215 4871 1274 4927 Si
1298 4883 1482 4927 autem
1518 4873 1592 4928 ita
1628 4882 1734 4939 est,
1766 4889 1870 4929 nec
1897 4873 2142 4930 dissimi-

569 4959 640 5012 lia
679 4976 708 5014 a
743 4974 803 5014 se
834 4959 1071 5016 invicem
1106 4963 1366 5018 diﬂ'erent
1407 4965 1708 5020 secundum
1734 4967 2138 5034 substantiam;

567 5057 625 5104 ct
656 5049 1059 5106 admittendum
1087 5062 1206 5107 erat
1237 5053 1408 5108 Deum
1439 5055 1700 5120 Verbum,
1735 5071 1767 5109 a
1797 5056 1957 5110 Patre
1989 5059 2144 5128 geni-

570 5149 684 5194 tum
714 5142 1020 5198 secundum
1048 5145 1362 5204 veritatem.
1387 5161 1510 5201 esse
1542 5147 1645 5216 ipsi
1687 5147 2010 5203 dissimilem
2053 5163 2138 5204 se-

567 5233 810 5288 cundum
842 5233 1228 5290 substantiam.
1261 5235 1368 5290 Sed
1413 5237 1530 5292 haec
1560 5239 1744 5292 omnia
1779 5239 2141 5310 impossibilia

567 5332 622 5378 et
651 5339 843 5380 eorum
871 5329 1251 5396 suppositione
1273 5329 1456 5400 digna.
1481 5359 1550 5370 -
1567 5331 1796 5386 Turbati
1816 5345 1965 5394 sunt,
1991 5347 2140 5389 eom-

569 5415 702 5468 moti
734 5427 864 5472 sunt
891 5419 1036 5474 sicut
1069 5420 1279 5482 ebrius,
1303 5430 1360 5476 et
1397 5421 1578 5476 omnis
1623 5425 1903 5492 sapientia
1946 5441 2138 5481 eorum

571 5503 829 5574 absorpta
885 5519 990 5564 est.
1032 5511 1164 5566 Jurc
1199 5511 1346 5566 enim
1393 5521 1582 5568 contra
1613 5515 1710 5569 vos'
1744 5515 1859 5570 hate
1903 5532 1933 5570 a
1982 5517 2144 5573 nobis

573 5605 867 5666 canuntur,
885 5601 1066 5658 divina
1084 5603 1494 5661 demonstrante
1515 5605 1719 5663 virtvte
1743 5618 1795 5663 et
1827 5608 1881 5663 in
1909 5625 2006 5666 vos
2031 5609 2140 5666 vim

2253 3084 2482 3148 ἄκοντες
2521 3085 2653 3158 ἡμῖν
2694 3087 3116 3156 συνομολογείτε
3159 3091 3306 3144 τόκον
3331 3085 3659 3155 civem-irruit

2245 3177 2306 3228 τὸ
2343 3171 2507 3242 εἶναι,
2542 3175 2635 3231 καὶ
2659 3177 2864 3246 ὁμοίως
2903 3179 3070 3233 πάλιν
3099 3182 3193 3236 τὸν
3232 3183 3305 3244 είς
3329 3182 3380 3234 τδ
3403 3179 3564 3234 tunicis
3583 3170 3658 3226 sint

2252 3268 2413 3336 μόνον
2438 3271 2828 3341 προαγαγόντα
2858 3289 2912 3324 τι
2937 3288 2952 3303 ο
2983 3275 3032 3326 εί
3063 3275 3123 3328 δὲ
3146 3275 3238 3328 τὸν
3263 3277 3322 3329 ἐκ
3361 3274 3440 3342 τῆς
3473 3264 3660 3328 uicissi-

2245 3374 2340 3411 κον
2361 3355 2523 3429 μόνον
2541 3359 2635 3414 τοῦ
2667 3356 2809 3416 εἶναι
2845 3364 3038 3430 αῐτιον,
3074 3367 3169 3420 καὶ
3198 3367 3309 3436 οὐχὶ
3335 3365 3413 3419 καὶ
3436 3361 3504 3416 τοῦ
3528 3355 3656 3411 τυιῶεᾶ

2247 3445 2591 3523 εἷναι,ἧγουν
2624 3454 2720 3506 καὶ
2759 3455 2860 3525 τῆς
2911 3459 3152 3529 φυσικῆς
3187 3458 3420 3528 διαφορᾶς
3447 3453 3516 3507 τοῦ
3547 3465 3658 3516 Timr

2249 3541 2411 3612 μένου
2447 3543 2610 3612 φατὲ,
2651 3547 2775 3600 ἐπεὶ
2814 3547 2924 3602 ἀπὸ
2970 3548 3149 3604 κώνου
3179 3551 3326 3612 πίτυς
3361 3547 3566 3616 γεννᾶται.
3588 3538 3657 3605 is“

2245 3632 2344 3702 τῆς
2373 3635 2768 3704 προαιρέσεως,
2780 3638 2872 3690 καὶ
2889 3639 2991 3692 οὐκ
3011 3641 3125 3692 ἀπὸ
3145 3640 3241 3710 τῆς
3260 3638 3424 3699 οὐσίας
3441 3633 3513 3688 τοῦ
3534 3628 3653 3684 τούτων

2245 3724 2328 3786 εἰς
2368 3724 2431 3777 τὸ
2481 3722 2622 3780 εῖναι
2654 3726 2813 3782 τοῦτο
2848 3729 2981 3782 αὐτὸ
3012 3731 3170 3796 πίτυς
3193 3730 3484 3799 γεγέννηται,
3504 3725 3528 3794 ἢ
3552 3723 3592 3772 ἐκ
3606 3717 3658 3782 ii‘

2245 3813 2432 3878 οὐσίας
2462 3815 2564 3886 μὲν
2595 3817 2767 3888 αὐτῆς
2799 3820 3126 3890 γεγέννηται
3151 3821 3294 3876 τοῦδε
3312 3839 3324 3854 ο
3351 3821 3429 3874 καὶ
3449 3808 3656 3870 επιάπῖἑί

2245 3903 2326 3966 ὃν,
2359 3904 2482 3959 οὕτε
2516 3905 2572 3960 δὲ
2618 3909 2797 3974 πίτυς,
2826 3907 2954 3963 οὔτε
2995 3912 3184 3983 ἔτερόν
3215 3929 3262 3966 τι
3289 3906 3432 3970 εἶδος·
3456 3895 3656 3973 alitum

2248 3997 2340 4052 καὶ
2372 3997 2516 4071 ἄλλῳ
2559 4002 2866 4072 -γεννήτορι
2895 4003 3038 4058 κατὰ
3079 4006 3376 4074 προαίρεσιν
3389 3990 3656 4053 rimamini-

2227 4089 2420 4162 -6ληθῇ
2470 4091 2550 4156 εἰς
2595 4091 2848 4164 γέννησίν
2897 4111 3053 4148 τιναο
3083 4088 3158 4149 ὧν
3185 4094 3236 4147 τί
3283 4091 3451 4162 μᾶλλον
3485 4079 3656 4154 ntem-

2149 4191 2156 4201 ‘
2249 4196 2375 4248 ρονς

2832 4314 3057 4369 ΚΕΦΑΛ
3069 4355 3086 4370 .
3122 4317 3243 4371 KZ'.

2318 4419 2380 4472 EI
2417 4421 2678 4493 ἐγεννήθη
2710 4425 2738 4476 ό
2779 4423 2913 4487 Θεὸς
2941 4425 3114 4494 Λόγος
3146 4427 3335 4496 κυρίως
3362 4423 3440 4476 καὶ
3465 4413 3560 4471 κατὰ

2245 4507 2398 4560 θειαν
2440 4512 2504 4562 ἐκ
2545 4512 2640 4564 τοῦ
2691 4513 2926 4585 Πατρδς,
2957 4521 3053 4571 καὶ
3096 4518 3240 4570 ἐστιν
3288 4517 3443 4587 ὅμοιος
3468 4502 3568 4572 αὖτῷ
3587 4489 3653 4548 υτ.

2243 4601 2458 4653 οὐσίαν
2489 4603 2583 4654 καὶ
2617 4606 2664 4656 εί
2699 4607 2964 4679 ἐγεννήθη
2997 4612 3026 4662 ὁ
3058 4611 3216 4672 αὺτδς
3247 4610 3305 4661 ὲκ
3345 4603 3505 4676 pug-9a;
3536 4589 3653 4685 τδξξνς

2245 4690 2337 4741 καὶ
2370 4691 2515 4743 κατὰ
2537 4691 2819 4762 ἀλήθειαν,
2847 4699 2943 4750 καὶ
2974 4698 3086 4752 ἐστι
3127 4699 3260 4766 αὕτη
3291 4695 3496 4764 ἀνόμοιος
3512 4679 3653 4735 πίεσθ’

2242 4781 2386 4849 σίαν,
2415 4784 2566 4837 οὐδὲν
2595 4785 2844 4857 διαφέρει
2867 4789 2972 4843 ὑπὸ
2999 4791 3194 4860 ὁμοίων
3209 4787 3339 4862 [κατ’
3353 4783 3422 4852 οὗ]
3443 4783 3467 4851 ἢ
3492 4779 3569 4840 mi

2241 4876 2552 4943 γεννᾶσθαι.
2592 4878 2655 4930 Et
2687 4879 2743 4932 δὲ
2775 4882 2951 4946 τοῦτο,
2978 4857 3098 4936 om
3153 4857 3226 4936 τέ
3264 4879 3457 4946 ἀνόμοια
3485 4857 3652 4946 ater-lii:

2244 4982 2394 5018 σεται
2433 4968 2572 5034 πρὸς
2602 4968 2804 5039 ἄλληλα
2856 4944 2975 5026 κατ’
2998 4974 3184 5026 οὐσίαν
3203 4992 3216 5004 ο
3251 4944 3581 5038 svos—16W“
3599 4944 3647 5018 in"

2241 5060 2337 5113 καὶ
2373 5058 2466 5114 τὸν
2509 5061 2643 5114 Θεὸν
2669 5063 2842 5132 Λόγον
2883 5066 2949 5116 ἐκ
2971 5064 3066 5118 τοῦ
3100 5063 3303 5134 Πατρὸς
3338 5057 3454 5113 κατὰ

2242 5150 2594 5220 γεννηθέντα,
2627 5125 2769 5208 εἷναί
2803 5154 2952 5225 αὐτῷ
2977 5155 3096 5209 κατ’
3117 5125 3296 5208 οὐσίαν
3333 5149 3549 5216 ἀνόμοιον·
3577 5125 3649 5225 in

2243 5245 2419 5297 πάντα
2441 5245 2676 5300 ἀδύνατα
2701 5248 2795 5300 καὶ
2822 5247 2920 5317 τῆς
2951 5247 3250 5306 ὑποθέσεως
3269 5240 3426 5297 αὐτῶν
3443 5235 3549 5300 ἄξια.
3566 5223 3649 5317 Ἐτες

2245 5335 2546 5405 ράχθησαν,
2579 5308 2950 5407 ἐσαλεύθησάν
2997 5339 3072 5400 ὡς
3121 5340 3150 5390 ό
3191 5334 3401 5407 μεθύων,
3424 5326 3496 5381 iul
3524 5308 3648 5407 πᾶεξί

2245 5428 2407 5494 σοφία
2435 5427 2614 5480 αὐτῶν
2641 5419 2948 5497 κατεπόθηο
2980 5427 3146 5482 ταῦτα
3191 5423 3432 5492 εὐκαίρῳς
3469 5411 3561 5480 ὑμῖν

2245 5519 2430 5588 ᾅδεται
2459 5519 2593 5590 παρ’
2624 5519 2804 5589 ἡμῶν,
2826 5520 2927 5591 τῆς
2953 5520 3099 5582 θείας
3123 5504 3382 5586 δυνάμεως
3399 5497 3647 5591 ἐπιδειπκξί

2247 5611 2339 5663 καὶ
2359 5611 2438 5674 εἷς
2461 5589 2605 5681 ὑμᾶς
2635 5611 2694 5664 τδ
2721 5589 3045 5686 δραστήριον
3067 5611 3163 5690 τῆς
3189 5605 3344 5661 πάλαι
3368 5589 3574 5664 ἐπιτιμίιὲ
3591 5591 3646 5629 Μ
