3908 6306
120 299 262 399 i693

1069 346 1467 408 ADVERSUS
1503 349 2051 409 NESTORIANOS.
2084 375 2154 384 --
2177 350 2325 410 LIB.
2366 352 2463 412 IV.

3243 355 3385 422 169-5

117 444 245 496 καθ’
277 441 424 511 ὑμᾶς
448 442 547 514 τὴν
578 443 847 516 θεομάχον
874 445 1126 519 πρόθεσιν
1161 451 1455 522 ἀραμένων
1482 454 1576 507 καὶ
1600 452 1698 522 τὴν

1819 455 2043 525 ιιιιίίιυεε
2076 456 2555 513 condemnationis
2580 474 2775 514 eorum
2810 462 2905 531 qui
2940 465 3247 520 secundum
3285 483 3385 523 vos

116 535 178 588 ἐν
193 533 473 589 Βαϐυλῶνι
504 538 865 606 πυργοποιίαν
890 544 1335 612 συστησαμένωνο
1361 544 1551 597 (Δεῦτε
1571 545 1700 615 γὰρ,

118 627 256 695 φησι
308 628 402 679 καὶ
428 626 551 679 τότε
578 628 704 698 περὶ
737 630 981 697 ἐκείνων,
1014 635 1357 700 καταϐάντες
1384 637 1703 706 συγχέωμεν

117 717 300 769 αὐτῶν
326 716 426 781 τὰς
452 716 723 786 γλώσσας.
750 739 769 773 ι
810 720 1091 776 Ἐντεῦθεν
1134 722 1228 779 οὖν
1253 727 1422 790 ὅντως
1453 729 1547 781 καὶ
1572 729 1701 797 ὑμῖν

117 807 169 859 ei
211 809 329 862 νυνὶ
353 811 699 881 πεφυρμένοι
722 830 781 865 τε
810 815 906 867 καὶ
935 816 1252 887 σκινδαλμοὶ
1287 820 1380 872 καὶ
1409 819 1703 888 ἐπάλληλοι

118 899 446 968 ῥαψολογίαι
497 903 605 954 eici.
628 904 727 972 τῆς
755 904 1017 969 ἀσεϐείας
1046 908 1144 976 τήν
1175 909 1441 980 αἰσχύνην
1467 910 1701 982 ἐπικρύ-

116 1006 275 1044 πτειν
301 993 718 1062 μηχανὼμεναι.
758 994 1041 1066 [Ιρὼτιστα
1067 998 1167 1068 μὲν
1201 996 1295 1053 οὖν
1319 999 1559 1070 γνῶμεν»,
1586 1004 1618 1073 ἡ
1644 1002 1705 1067 ἐξ

116 1082 327 1151 ὁμοίων
361 1082 393 1154 ἢ
420 1085 694 1154 ἀνομοίων
727 1088 1001 1158 γέννησις,
1037 1089 1153 1152 πῶς
1176 1090 1392 1159 λέγεται
1419 1092 1581 1161 ύμῖν;
1606 1094 1704 1162 τῆς

115 1175 439 1244 ὁμοιότητος
459 1217 474 1240 ,
511 1177 545 1246 ἢ
596 1179 1015 1250 ἀνομοιότητος;
1049 1183 1186 1253 πρὸς
1218 1185 1286 1237 τὰ
1316 1185 1569 1238 τίκτοντα
1594 1185 1703 1238 τῶν

116 1264 479 1334 τικτομένων,
510 1267 629 1330 πῶς
659 1272 987 1341 νοουμένηςς
1015 1273 1076 1324 ού
1102 1273 1210 1342 γὰρ
1232 1262 1303 1345 δὴ
1339 1274 1400 1328 τὸ
1451 1275 1525 1346 μὴ
1571 1275 1706 1330 ὑπο-

118 1355 256 1408 στὰν
306 1357 400 1410 καὶ
435 1352 576 1412 εἶναι
625 1358 942 1430 λεγόμενον,
1005 1361 1066 1427 ἐξ
1105 1364 1305 1434 ὁμοίων
1353 1365 1385 1435 ἢ
1435 1366 1705 1436 ἀνομοίων

116 1445 377 1514 γέννησιν
407 1447 555 1517 ἔχειν
594 1448 957 1520 λεχθήσεται·
994 1455 1437 1526 μεταγενεστὲρα
1459 1456 1569 1527 γὰρ
1604 1457 1704 1525 τῆς

115 1541 430 1608 γεννήσεως
460 1541 643 1605 αὐτοῖς
671 1545 702 1610 ἡ
730 1545 986 1617 ὁμοιότης
1012 1546 1045 1616 ἢ
1078 1548 1406 1618 ἀνομοιότης
1430 1550 1572 1620 προς
1605 1551 1674 1603 αὑ
1692 1577 1706 1591 ο

116 1632 247 1693 τοὺς
267 1632 405 1686 κατὰ
430 1632 520 1685 τὸν
552 1635 750 1688 οἰκεῖον
795 1636 975 1704 λόγον.
1002 1638 1278 1706 ’ᾼφείσθω
1311 1640 1375 1711 δὴ
1399 1640 1550 1709 ὅμως
1576 1641 1706 1711 ὑμῖν

117 1720 314 1773 τοῦτο’
345 1721 477 1785 ἴσως
504 1724 613 1794 γὰρ
650 1728 714 1778 ἐκ
748 1727 841 1779 τοῦ
882 1728 1070 1789 τέλους
1114 1729 1289 1782 ταῦτα
1340 1731 1702 1798 διεγνωκότες

118 1810 405 1880 εἰρήκατε.
437 1814 480 1866 Τ
486 1814 502 1865 ί
543 1815 599 1868 δὲ
622 1815 753 1883 οὖνς
804 1817 1067 1871 ἀδύνατον
1093 1819 1186 1873 τὸν
1231 1821 1373 1874 κατὰ
1416 1823 1705 1893 διαφόρους
1739 1805 1781 1859 Β

121 1901 407 1974 γεννήσεις
437 1907 792 1976 γεννηθέντα,
848 1911 939 1964 καὶ
993 1911 1057 1964 ἐκ
1106 1911 1377 1984 διαφόρων
1417 1914 1514 1983 τὴν
1545 1915 1707 1982 φύσιν

121 1997 487 2067 γεννητόρων,
520 1998 778 2071 διάφορον
799 2001 930 2056 ὄντα
953 2006 1075 2067 ταῖς
1100 2005 1316 2074 φύσεσι,
1346 2005 1442 2058 καὶ
1466 2006 1704 2077 ἀληθῶς,

124 2085 249 2139 καθ’
272 2088 540 2159 ἑκατέραν
579 2092 839 2161 τεχθῆναι
875 2093 1172 2162 γέννησιν;
1209 2097 1306 2147 καλ⁵
1333 2096 1429 2153 τοῦ
1470 2095 1707 2167 μὲντῶν

118 2177 397 2231 τεκόντων
420 2180 604 2250 ὅμοιον
634 2183 775 2235 κατὰ
798 2200 849 2236 τι
875 2184 983 2237 τῶν
1022 2184 1206 2248 αὐτοῦ,
1247 2185 1341 2239 τοῦ
1369 2184 1426 2239 δὲ
1454 2187 1707 2256 ἀνόμοιον

120 2268 458 2335 δείκνυσθαι,
488 2272 575 2325 διὰ
602 2273 663 2325 τὺ
708 2274 965 2344 διάφορον
1017 2276 1125 2330 τῶν
1163 2277 1357 2331 τούτου
1402 2280 1708 2350 γεννήσεων

121 2360 356 2414 καὶτῶν
414 2365 828 2434 γεγεννημένων
865 2366 1019 2419 τοῦδε
1067 2365 1543 2440 οὐσιῶνςἘδείχθη
1600 2370 1709 2440 γὰρ

125 2452 188 2503 ἐν
221 2455 331 2514 τοῖς
367 2453 606 2524 πρώτοις
628 2457 781 2525 ἡμῖν,
804 2456 886 2510 ὅτι
912 2458 1005 2510 καὶ
1026 2459 1090 2511 ἐκ
1116 2461 1211 2527 τῆς
1242 2461 1413 2529 αὐτῆς
1446 2461 1539 2512 καὶ
1558 2461 1709 2514 ,κατὰ

124 2547 239 2598 πᾶν
285 2547 442 2612 γένος
481 2550 575 2602 καὶ
614 2546 753 2613 εἶδος
794 2552 888 2604 καὶ
934 2553 1112 2606 πάντα
1144 2554 1377 2625 ἀριθμὸν
1414 2555 1709 2624 ἀδιαφόρου

130 2638 322 2700 οὐσίας
369 2639 522 2705 παρὰ
564 2640 656 2693 τὸν
698 2642 954 2712 διάφορον
984 2643 1187 2713 τρόπον
1235 2645 1336 2715 τῆς
1377 2644 1707 2715 γεννήσεως,

124 2731 295 2799 ὅμοιά
324 2749 383 2784 τε
412 2733 507 2786 καὶ
540 2733 766 2803 ἀνόμοια
797 2735 1062 2799 πολλάκις
1090 2736 1302 2804 γίνεται
1322 2735 1392 2789 τὰ
1418 2736 1712 2805 τικτόμενα

124 2822 266 2891 ’πρὸς
297 2823 363 2876 τὰ
397 2823 677 2877 τίκτοντα·
711 2826 908 2880 οὐκοῦν
936 2826 1297 2899 ὀρθοτομοῦσι
1320 2828 1422 2897 τὴν
1454 2826 1713 2897 ἀλήθειαν

125 2914 186 2966 οἶ
232 2931 396 2983 φασιν
443 2917 525 2970 ὅτι
578 2919 846 2988 ἐγεννήθη
888 2919 987 2987 μὲν
1016 2920 1045 2971 ό
1083 2920 1255 2988 Λόγος
1286 2921 1348 2972 ὲκ
1372 2918 1468 2973 τοῦ
1501 2918 1712 2991 Πατρὶς

128 3006 370 3077 ἀληθῶς,
403 3010 546 3061 κατὰ
568 3009 666 3080 τὴν
700 3010 838 3062 ἰδίαν
870 3010 927 3064 δὲ
954 3012 1116 3079 μόνου
1146 3011 1241 3064 τοῦ
1282 3012 1493 3083 Πατρδς
1520 3011 1713 3083 γέννη-

129 3116 219 3151 σιν
269 3097 363 3151 καὶ
403 3099 614 3163 οὐσίαν,
651 3101 746 3154 καὶ
794 3099 911 3154 ἐστι
943 3101 1129 3171 ὅμοιος
1179 3102 1328 3171 αὐτῷ
1373 3104 1493 3155 κατ’
1529 3102 1715 3157 οὐσίαν
1744 3131 1787 3189 C

128 3190 236 3256 τὴν
279 3189 353 3252 ὼς
404 3191 581 3257 Λόγου
629 3190 765 3243 Θεοῦ
791 3209 803 3223 ’
840 3192 1101 3262 ἐγεννήθη
1151 3191 1208 3246 δὲ
1260 3194 1355 3246 καὶ
1400 3195 1463 3246 ἐκ
1493 3194 1718 3264 Μητρὸς

134 3280 370 3350 ἀληθῶς,
403 3283 544 3336 κατὰ
567 3284 665 3353 τὴν
705 3283 841 3337 ίδίαν
891 3284 1064 3353 αὐτῆς
1097 3285 1192 3338 καὶ
1225 3285 1392 3355 μόνης
1421 3286 1717 3354 γενομένην

134 3373 290 3426 τοῦδε
319 3374 590 3441 γέννησιν,
616 3376 712 3430 καὶ
746 3375 861 3429 ἔστι
906 3378 1000 3428 καὶ
1032 3376 1171 3446 αύτῇ
1200 3379 1266 3446 τῇ
1307 3377 1492 3447 Μητρὶ
1521 3377 1717 3431 ἑαυτοῦ

136 3464 260 3516 κατ’
287 3466 475 3517 ούσίαν
497 3465 663 3519 αὑτοῦ
688 3466 787 3537 τὴν
809 3467 883 3530 ὠς
917 3468 1208 3537 ἀνθρώπου
1248 3470 1455 3537 ὅμοιος.
1490 3470 1632 3523 κατὰ
1661 3469 1719 3522 δὲ

133 3556 238 3623 τὴν
267 3554 342 3617 ὡς
375 3556 570 3623 Λόγου,
601 3556 851 3625 ἀνόμοιος
888 3557 1027 3628 αὐτῇ
1052 3573 1066 3586 ·
1098 3556 1236 3626 πλὴν
1268 3557 1396 3620 Υἱὸς
1441 3556 1661 3628 ἀληθῶς
1694 3559 1723 3611 ὁ

137 3646 310 3713 Λόγος
337 3646 429 3698 τοῦ
461 3663 518 3698 τε
550 3647 736 3715 ὁμοίου
776 3646 1004 3715 Πατρὸς,
1038 3648 1139 3717 κει)ζ
1162 3649 1259 3717 τῆς
1293 3649 1550 3718 ἀνομοίου
1575 3649 1724 3719 αύτῷ

135 3738 361 3808 Μητρός
383 3755 397 3771 ·
433 3737 641 3808 ἀληθὴς
661 3739 771 3810 γὰρ
798 3738 1061 3810 ἑκάτερος
1086 3740 1285 3811 τρόπος
1314 3740 1423 3793 τῶν
1448 3742 1535 3794 ἐπ’
1557 3740 1723 3795 αὐτοῦ

136 3833 444 3901 γεννήσεων
478 3831 714 3902 ἐδείχθη,
747 3832 777 3884 ὅ
811 3849 871 3885 τε
901 3830 997 3885 τοῦ
1024 3828 1186 3896 εἶναι,
1215 3834 1308 3885 καὶ
1339 3834 1367 3885 ὁ
1392 3832 1488 3886 τοῦ
1524 3832 1722 3887 τοιῶσ-

136 3925 220 3979 δε.
262 3924 337 3978 Οὐ
369 3925 478 3993 γὰρ
515 3924 579 3994 δὴ
631 3925 888 3995 ὁμοιότης
933 3925 1243 3997 συνίστησιν
1272 3926 1459 3990 ἁπλῶς
1487 3927 1586 3996 τὴν
1612 3927 1727 3981 υἱό-

139 4032 300 4085 τητα,
333 4015 409 4078 ὡς
440 4015 704 4079 πολλάκις
734 4012 1023 4087 εἴρηταιοῆ
1050 4017 1160 4086 γὰρ
1193 4017 1259 4070 ἂν
1287 4016 1484 4073 πάντες
1516 4018 1727 4088 ἄνθρω-

142 4123 237 4160 ποι
274 4107 453 4175 ὅμοιοι
487 4105 639 4168 ὄντες
680 4105 805 4160 κατ’
834 4106 1025 4158 οὐσίαν
1055 4105 1328 4174 ἀλλήλοις,
1364 4106 1471 4159 υἱοὶ
1498 4106 1613 4177 ἅμα
1636 4107 1730 4160 καὶ

143 4196 399 4269 πατέρες,
432 4197 527 4249 καὶ
555 4197 721 4249 τέκνα
739 4196 849 4248 τῶν
877 4195 1083 4248 τέκνων
1127 4196 1176 4248 οί
1197 4197 1529 4267 γεννήτορες
1563 4192 1726 4268 ἦσαν,

140 4276 240 4344 καὶ
290 4289 340 4340 οἱ
386 4286 604 4353 ἀδελφοὶ
636 4286 691 4338 δὲ
723 4286 833 4339 τῶν
857 4286 1065 4339 ἑαυτῶν
1109 4286 1355 4356 ἀδελφῶν
1414 4282 1558 4341 εἶναι
1599 4291 1727 4355 υἱοὶ,

139 4378 232 4432 διὰ
286 4379 385 4448 τὴν
441 4377 563 4431 κατ’
596 4377 784 4431 οὐσίαν
813 4377 1106 4449 ὁμοιότητα
1159 4378 1296 4449 πρὶς
1346 4378 1541 4443 αὐτοὺς
1578 4396 1732 4450 νομι-

142 4467 237 4522 σοε
248 4468 421 4538 ίησαν.

1806 545 1862 599 in
1893 545 2067 601 Deum
2112 550 2393 620 pugnandi
2432 551 2781 620 propositum
2833 569 3192 623 susceperant
3235 570 3284 614 et
3326 562 3381 614 in

1805 637 2082 710 Babylone
2115 640 2291 695 turris
2314 640 2737 696 aedificationem
2783 646 3209 701 constituerant.
3238 647 3382 704 Dixit

1803 729 1951 783 enim
1985 731 2151 785 etiam
2187 740 2300 786 tum
2349 731 2416 786 de
2469 732 2602 801 ipsis
2638 755 2654 789 ;
2696 752 2713 784 ι
2742 735 2956 801 Venite,
2984 737 3384 794 descendente;

1803 821 2211 878 eonfundamus
2258 822 2474 893 linguas
2526 842 2740 880 eorum.
2780 848 2798 880 ι
2835 829 2964 883 Inde
3016 830 3182 900 igitur
3206 833 3381 901 reipsa

1803 922 1860 967 et
1888 914 2043 969 vobis
2073 931 2220 970 nunc
2247 925 2379 971 sunt
2407 924 2465 971 et
2495 918 2741 973 confusae
2771 921 3208 978 subtilitates.et
3255 939 3383 978 ver-

1803 1005 2003 1060 borum
2053 1008 2335 1077 implieitae
2386 1019 2596 1064 suturae
2642 1001 3050 1082 adiimpietatis
3101 1014 3381 1069 infamiam

1807 1098 2095 1166 tegendam
2126 1108 2372 1156 structae.
2397 1100 2540 1158 Ante
2570 1105 2755 1158 omnia
2785 1121 2918 1176 ergo
2945 1106 3182 1161 sciamus
3213 1123 3383 1177 gene-

1805 1188 1948 1242 ratio
1975 1203 2042 1242 ex
2066 1188 2343 1245 similibus
2367 1200 2462 1246 aut
2482 1192 2849 1248 dissimilibus
2877 1196 3156 1263 quomodo
3179 1213 3207 1251 a
3228 1197 3384 1251 vobis

1805 1278 2056 1345 dicatur;
2095 1279 2521 1336 similitudinem
2553 1292 2648 1337 aut
2678 1284 3193 1340 dissimilitudinem
3227 1288 3381 1357 geni-
3424 1343 3426 1346 ,

1804 1378 1988 1425 torum
2018 1370 2245 1425 relative
2283 1372 2351 1426 ad
2384 1374 2677 1443 gignentes
2718 1376 2998 1444 quomodo
3046 1377 3385 1447 intelligatis.

1804 1461 1926 1516 Non
1950 1462 2098 1517 enim
2127 1464 2271 1533 quod
2310 1481 2416 1533 non
2451 1474 2534 1520 est
2565 1467 2874 1522 subsistens
2910 1476 2966 1521 et
3001 1484 3120 1523 esse
3154 1468 3382 1533 dicitur,

1807 1568 1875 1607 ex
1908 1553 2182 1608 similibus
2206 1564 2301 1609 aut
2335 1555 2702 1612 dissimilibus
2732 1558 3145 1628 generationem
3181 1558 3385 1613 habere

1806 1643 2042 1698 dicetur.
2100 1645 2383 1700 Posterior
2440 1655 2526 1701 est
2580 1648 2729 1702 enim
2773 1649 3131 1718 generatione
3191 1665 3385 1704 eorum

1808 1734 2119 1790 similitudo
2165 1738 2251 1791 vel
2304 1737 2721 1806 dissimilitudo,
2754 1740 2911 1809 juxta
2960 1742 3243 1809 proprium
3300 1742 3385 1796 lo-

1809 1825 2015 1894 quendi
2044 1825 2289 1880 modum.
2311 1826 2662 1882 Coneedatur
2688 1838 2870 1885 tamen
2894 1830 3000 1885 boe
3018 1832 3194 1886 vobis.
3224 1833 3387 1888 Forte

1808 1916 1955 1970 enim
1979 1933 2009 1970 a
2039 1916 2147 1971 ﬁne
2175 1917 2293 1972 haec
2323 1919 2558 1973 scientes
2582 1920 2817 1977 dixistis.
2845 1920 2987 1987 Quid
3020 1939 3151 1993 ergo
3186 1923 3390 1992 impos-

1809 2007 1971 2061 sibile
2003 2017 2245 2062 est—eum
2272 2010 2366 2078 qui
2396 2010 2702 2065 secundum
2727 2010 3054 2067 diﬂ‘erentes
3077 2013 3390 2082 generatio-

1808 2113 1910 2153 nes
1950 2099 2174 2168 genitus
2200 2108 2307 2164 est,
2340 2107 2397 2155 et
2431 2115 2498 2155 ex
2527 2102 2873 2171 genitoribus
2903 2111 3099 2158 natura
3126 2103 3390 2160 differen-

1812 2188 1986 2253 tibus,
2045 2188 2396 2244 diﬂ'erentem
2453 2191 2634 2261 ipsum
2688 2194 2932 2259 naturis,
2983 2210 3112 2248 vere
3167 2210 3390 2265 quoque

1810 2280 2117 2334 secundum
2140 2290 2435 2351 utramque
2467 2285 2880 2354 generationem
2909 2287 3155 2356 genitum
3188 2287 3390 2350 fuisse;

1810 2377 1867 2442 et
1916 2370 2046 2425 hinc
2078 2373 2429 2441 genitoribus
2474 2374 2590 2429 suis
2622 2361 2858 2430 similem
2888 2377 3193 2432 secundum
3230 2378 3389 2448 quid,

1811 2463 1941 2518 inde
1972 2474 2155 2519 autem
2198 2464 2526 2520 dissimilem
2557 2467 2959 2533 demonstrari,
2976 2477 3204 2540 propter
3231 2470 3391 2525 dill‘c—

1813 2556 2047 2611 rentiam
2106 2572 2331 2612 suarum
2368 2563 2787 2629 generalionum
2843 2570 2902 2616 et
2955 2561 3391 2616 substantiarum

1814 2662 2039 2701 suorum
2061 2648 2418 2718 genitornm?
2450 2650 2812 2705 Monstratum
2840 2652 2988 2704 enim
3026 2667 3054 2704 a
3095 2651 3257 2706 nobis
3291 2650 3390 2704 fuit

1812 2737 1978 2793 etiam
2016 2754 2047 2793 a
2084 2739 2363 2808 principio
2389 2754 2421 2794 e
2490 2756 2557 2796 ex
2582 2741 2774 2795 eadem
2810 2741 3115 2796 substantia
3148 2756 3258 2795 non
3288 2740 3395 2794 dii-

1813 2826 2028 2882 l'erente
2059 2827 2369 2883 secundum
2401 2837 2577 2882 totum
2607 2844 2783 2899 genus
2814 2837 2871 2883 et
2916 2829 3147 2883 formam
3199 2836 3257 2883 et
3294 2844 3396 2882 nu-

1816 2933 2051 2983 merum,
2094 2927 2325 2987 propter.
2366 2917 2716 2973 diﬂ‘erentcm
2742 2920 3114 2990 generationis
3148 2919 3394 2977 modum.

1817 3009 2127 3079 similiaque
2153 3018 2209 3064 et
2231 3008 2521 3065 dissimilia
2549 3010 2665 3066 ﬁeri
2695 3026 2838 3079 saepe
2861 3011 3045 3080 genita
3071 3011 3297 3064 relative
3324 3010 3395 3065 ad

1818 3103 2119 3174 gignentia.
2146 3102 2319 3174 Igitur
2349 3111 2499 3157 recte
2535 3110 2592 3157 et
2620 3102 2930 3157 secundum
2958 3103 3249 3156 veritatem
3271 3117 3398 3155 sen-

1821 3194 1968 3247 tiunt
2014 3193 2109 3263 qui
2133 3192 2329 3247 dicunt
2369 3193 2616 3263 genitum
2655 3191 2825 3247 fuisse
2868 3191 3108 3247 Verbum
3153 3206 3281 3245 vere
3330 3206 3396 3245 ex

1820 3286 1983 3340 Patre
2021 3286 2326 3340 secundum
2364 3284 2641 3355 propriam
2680 3284 2846 3338 unius
2880 3283 3063 3339 Patris
3090 3282 3400 3353 generatio-

1821 3390 1947 3430 nem
1979 3384 2036 3431 et
2069 3375 2462 3438 substantiam,
2495 3384 2550 3429 et
2580 3389 2701 3429 esse
2726 3374 2807 3427 illi
2833 3373 3014 3427 simile
3048 3371 3230 3441 quoad
3267 3371 3401 3425 sub-

1822 3468 2102 3533 stantiam,
2145 3466 2512 3522 substantiam
2539 3482 2739 3535 nempe
2773 3464 2867 3519 Dei
2903 3465 3106 3530 Verbi;
3155 3464 3401 3535 genitum

1823 3569 2008 3616 autem
2065 3559 2235 3613 luisse
2293 3575 2422 3613 vere
2481 3574 2705 3628 quoque
2756 3574 2823 3612 ex
2872 3558 3044 3612 Matre
3096 3557 3402 3612 secundum

1824 3651 2002 3721 ipsius
2027 3649 2441 3720 generationem
2476 3649 2760 3717 propriam
2792 3664 2860 3701 ex
2892 3648 3008 3717 ipsa
3037 3648 3171 3727 sola,
3203 3660 3254 3701 et
3284 3662 3405 3703 esse

1825 3742 1928 3812 ipsi
1982 3756 2095 3796 sua:
2138 3740 2300 3794 matri
2349 3739 2529 3795 simile
2574 3739 2878 3793 secundum
2906 3754 3107 3812 _suam,
3167 3737 3407 3791 hmninis

1826 3801 2059 3893 scilicet,
2087 3831 2469 3894 substantiam,
2498 3830 2576 3884 illi
2604 3838 2787 3884 autem
2815 3801 3404 3884 dis'simile'secundum

1828 3919 2192 3974 substantiam
2226 3936 2391 3990 quam
2427 3919 2593 3974 habet
2620 3930 2676 3973 ut
2716 3918 2974 3973 Verbum.
2999 3919 3076 3972 lta
3105 3934 3235 3972 sane
3272 3918 3409 3972 Ver-

1828 4011 1961 4066 bum
1989 4026 2115 4065 vere
2150 4021 2235 4065 est
2275 4011 2447 4066 Filius
2491 4010 2688 4064 similis
2735 4010 2935 4078 Patris,
2974 4010 3149 4065 Filius
3189 4026 3407 4080 quoque

1831 4103 2023 4157 Matris
2051 4101 2342 4157 dissimilis
2371 4102 2538 4157 Patri.
2576 4103 2753 4158 Verus
2781 4102 2928 4156 enim
2955 4111 3185 4171 uterque
3213 4101 3411 4156 modus

1831 4193 2249 4264 generationum
2284 4194 2405 4264 ejus
2442 4193 2883 4259 demonstratur,
2930 4194 3020 4248 hic
3056 4209 3255 4262 nempe
3299 4207 3411 4262 quo

1831 4294 1936 4350 est,
1975 4286 2067 4339 ille
2093 4302 2203 4355 quo
2238 4295 2323 4340 cst
2354 4286 2554 4341 taliter.
2589 4285 2906 4340 Similitudo
2935 4286 3083 4339 enim
3120 4301 3230 4338 non
3273 4299 3408 4338 eon-

1834 4378 2017 4432 stituii.
2053 4377 2396 4443 liliationem,
2435 4388 2496 4431 ut
2523 4392 2763 4447 persaepe
2797 4376 3005 4431 dictum
3032 4385 3136 4431 est.
3191 4374 3400 4430 Omnes

1764 4465 1810 4521 Ι)
1835 4469 1983 4525 enim
2017 4469 2294 4534 homines,
2328 4477 2519 4538 utpote
2547 4469 2641 4538 qui
2671 4469 2815 4522 inter
2847 4484 2906 4523 se
2935 4468 3170 4522 invicem
3206 4466 3413 4521 similes

142 4558 449 4614 secundum
485 4558 870 4623 substantiam,
910 4557 1006 4613 lilii
1033 4559 1194 4614 simul
1225 4568 1283 4613 et
1340 4568 1526 4628 patres
1548 4568 1755 4627 essent,
1796 4570 1851 4616 et
1913 4560 2195 4631 genitores
2229 4569 2415 4614 essent
2447 4560 2541 4613 filii
2576 4575 2799 4614 suorum
2830 4559 3089 4625 filiorum,
3123 4568 3180 4614 et
3218 4558 3418 4612 fratres

143 4665 371 4706 suorum
405 4648 641 4704 fratrum
675 4664 796 4705 esse
838 4650 999 4715 filios,
1035 4657 1263 4719 propter
1301 4649 1721 4706 similitudinem
1762 4650 2092 4707 substantiae
2116 4651 2347 4706 relative
2381 4651 2449 4705 ad
2476 4651 2644 4721 ipsos,
2678 4664 3059 4705 censerentur.

716 4743 967 4796 ΚΕΦΑΛ.
997 4743 1133 4796 ΚΗ¹.

218 4835 279 4886 Et
330 4835 389 4887 τὸ
435 4835 620 4897 ὰῖδίως
648 4834 707 4887 ὃν
735 4834 960 4906 ’ύστερον
992 4836 1249 4904 γεννᾶται
1275 4834 1419 4889 κατὰ
1447 4835 1727 4906 ἀλήθειαν,

144 4926 243 4975 καὶ
268 4923 329 4975 τὸ
366 4922 502 4993 μηδὲ
554 4923 690 4987 ὅλως
718 4924 799 4989 ὃν,
831 4924 1084 4995 ἐνεργείᾳ
1130 4924 1204 4995 μὴ
1229 4923 1310 4989 δν,
1343 4926 1552 4994 γίνεται
1587 4927 1731 4980 κατὰ

141 5014 409 5084 ἀλήθειαν
433 5033 444 5046 ·
478 5016 527 5068 εἰ
576 5014 634 5067 δὲ
668 5015 728 5068 τὸ
758 5014 1013 5086 δεύτερον
1042 5016 1326 5080 ἀδύνατον,
1357 5016 1452 5069 καὶ
1483 5017 1544 5070 τὸ
1582 5017 1732 5086 πρῶ-

141 5124 236 5159 τ’»ν
273 5108 404 5176 ἄρα.
452 5108 592 5161 Ἀλλ’
643 5110 692 5162 εί
746 5109 839 5162 καὶ
866 5108 928 5162 ὃν
965 5091 1025 5162 τδ
1049 5109 1108 5162 ὂν
1136 5109 1197 5162 οὐ
1231 5109 1460 5176 γίνεται,
1495 5109 1631 5162 ἀλλὰ
1669 5108 1730 5162 τὸ

141 5197 371 5251 τοιώσδε
411 5197 491 5263 ὃν,
536 5201 616 5261 εἰς
648 5201 711 5252 τὸ
739 5200 943 5272 ἑτέρως
974 5200 1201 5254 τοιῶσδε
1246 5197 1406 5265 εἶναι,
1439 5201 1487 5252 εί
1518 5201 1614 5253 καὶ
1666 5201 1728 5253 ού

144 5304 290 5343 κατα
316 5292 525 5361 τροπὴν
554 5289 691 5344 ἀλλὰ
715 5290 1023 5363 πρόσληψιν
1057 5290 1400 5362 καινοτέραν,
1434 5291 1728 5359 γεννᾶσθαι

142 5381 373 5433 δυνατόν
393 5397 407 5412 ο
433 5382 553 5436 οὐδὲ
590 5382 700 5452 γὰρ
734 5383 877 5438 κατὰ
909 5384 969 5436 τὸ
995 5383 1128 5436 αὑτό
1159 5398 1245 5445 τις
1287 5384 1417 5452 ύμῖν
1448 5384 1637 5446 ἁῖδίως
1667 5401 1728 5436 τε

145 5464 290 5524 εἷναί
328 5490 379 5525 τι
411 5473 508 5527 καὶ
557 5474 667 5527 ἀπὸ
697 5474 892 5544 χρόνου
942 5473 1207 5545 ἄρχεσθαι
1236 5475 1483 5544 εἴρηκεν.
1516 5474 1729 5528 Οὐκοῦν

144 5563 206 5615 τί
240 5563 443 5623 κωλύει
503 5565 596 5618 τὸν
647 5569 787 5621 κατᾶ
837 5567 897 5621 τὸ
946 5564 1087 5621 εἶναι
1142 5566 1382 5638 ἄναρχον
1414 5566 1727 5638 νοούμενον,

147 5662 294 5707 κατὰ
320 5659 384 5707 τὸ
427 5656 653 5719 ᾁλλοίως
686 5655 852 5720 εἶναι,
888 5659 1054 5728 ῆγουν
1086 5658 1530 5727 σεσλρκωμένον,
1561 5658 1731 5729 ἀρξά-

148 5761 315 5813 μενον
346 5742 506 5811 δίναις
538 5748 760 5813 ἀλλοίως
793 5749 898 5820 γὰρ
927 5746 1064 5802 εἶναι
1108 5749 1290 5813 αὐτὸν,
1325 5750 1384 5803 ού
1417 5750 1556 5802 κατὰ
1607 5765 1729 5827 τροο

2428 4742 2580 4799 CAP.
2645 4742 2886 4797 xxvm.
3297 4797 3315 4813 ,

1901 4831 1958 4886 Si
1981 4833 2127 4903 quod
2157 4842 2242 4887 est
2271 4832 2341 4886 ab
2389 4841 2597 4887 aeterno
2630 4832 2907 4901 posterius
2946 4830 3189 4901 gignitur
3218 4844 3415 4883 secun-

1828 4926 1961 4977 dum
1986 4924 2301 4986 veritatem,
2337 4922 2485 4991 quod
2544 4923 2771 4976 omnino
2794 4937 2903 4975 non
2934 4929 3039 4981 est,
3082 4919 3133 4972 vi
3175 4936 3271 4972 sua
3308 4935 3418 4973 non

1829 5017 2138 5078 exsistens,
2185 5015 2469 5083 fitaliquid
2488 5013 2709 5083 pariter
2763 5014 3068 5067 secundum
3103 5012 3416 5066 veritatem.

1832 5107 2097 5163 Siautem
2119 5107 2424 5162 secundum
2472 5102 2834 5176 impossibile,
2883 5120 3015 5175 ergo
3046 5111 3102 5160 ct
3160 5103 3418 5173 primum.

1829 5199 1901 5254 At
1929 5200 2077 5269 quod
2110 5199 2328 5255 exsistit
2359 5215 2470 5253 non
2508 5199 2581 5253 sit
2617 5198 2931 5263 exsistens;
2968 5197 3065 5252 sed
3111 5186 3259 5266 Quod
3329 5195 3423 5250 tali

1831 5291 1997 5346 modo
2043 5292 2278 5356 exsistit,
2332 5301 2511 5362 potest
2548 5292 2693 5362 gigni
2717 5293 2771 5346 in
2798 5292 2965 5345 ali'tm
3003 5290 3166 5344 talem
3198 5289 3423 5343 modum

1831 5381 2163 5449 exsistendi,
2195 5398 2304 5437 non
2359 5383 2584 5453 quidem
2616 5398 2716 5452 per
2763 5383 3124 5438 mutationem
3186 5378 3282 5433 sed
3327 5392 3425 5447 per

1831 5490 2029 5530 novam
2065 5481 2465 5544 acceptionem.
2494 5476 2786 5545 Nunquam
2819 5475 2966 5529 enim
2997 5474 3289 5543 quisquam
3324 5486 3419 5524 vo-

1830 5565 1918 5620 bis
1946 5566 2081 5620 dixit
2117 5566 2262 5620 idem
2295 5575 2671 5636 mternumque
2690 5567 2955 5621 exsistere
2989 5574 3044 5618 et
3078 5565 3131 5617 in
3179 5571 3427 5631 tempore

1834 5654 2102 5725 incipere.
2154 5656 2296 5726 Ergo
2342 5655 2476 5725 quid
2531 5655 2787 5724 impedit
2814 5654 2946 5723 quin
2991 5654 3083 5722 qui
3119 5651 3426 5721 concipitur

1836 5748 1954 5803 sine
1981 5747 2255 5824 principio
2276 5747 2581 5803 secundum
2612 5762 2770 5805 suum
2796 5762 2938 5813 esse,
2958 5745 3047 5801 ille
3090 5742 3428 5821 principium
