3908 6306
147 331 323 396 1697
1150 334 1543 399 ADVERSUS
1568 327 1757 396 NES’]

1862 335 2135 396 lIANOS.
2175 363 2221 370 υ
2262 339 2407 400 LIB.
2451 339 2546 400 IV.
3318 341 3460 410 1698

142 435 628 509 καταδεξάμεθαο
665 437 756 491 καὶ
791 435 840 489 τί
868 437 996 508 ἡμῖν
1032 438 1095 490 ἐκ
1130 437 1282 491 τοῦδε
1344 439 1405 491 τὸ
1469 438 1756 512 ἔγκλημα;

1864 439 2156 494 vobiscum
2178 442 2322 495 volvi
2354 442 2774 498 sustinebimus.
2804 442 2869 496 Et
2895 441 3026 513 quid
3065 442 3228 501 nobis
3257 460 3323 501 ex
3351 447 3459 505 hoc

1868 532 2162 588 criminis?

782 607 1168 664 ΚΕΦΛΛ.ΛΒ’.

228 704 317 756 Τὸ
338 703 549 758 ἄνωθεν
582 701 945 771 γεννώμενον,
981 703 1232 758 τουτέστι
1282 704 1512 776 δευτέρᾳ
1556 708 1765 778 γεννή-

143 814 273 862 σει,
314 797 380 861 ἐξ
415 796 606 859 ὓδατος
630 797 725 847 καὶ
756 795 1090 866 Πνεύματος,
1124 796 1155 866 ἢ
1188 798 1282 851 καὶ
1307 797 1393 850 διὰ
1411 796 1762 863 διδασκαλίας

138 892 470 958 γεννᾶται·
500 889 563 941 τὸ
617 888 672 940 δὲ
710 887 883 950 οὑτως
940 887 1305 958 γεννώμενον,
1356 890 1434 952 είς
1489 889 1763 943 υἱοθεσίαν

140 983 434 1051 γεννᾶται
459 996 473 1010 ⁸
509 980 571 1033 τὸ
614 979 671 1032 δὲ
720 981 801 1043 εἰς
839 980 1115 1033 υἱοθεσίαν
1164 979 1529 1050 γεννώμενον,
1564 983 1627 1033 ὲκ
1662 981 1762 1049 τῆς

141 1071 368 1134 οὐσίας
413 1071 474 1124 οὑ
530 1071 790 1138 γεννᾶται
824 1070 919 1123 τοὺ
951 1070 1280 1137 γεννῶντος·
1313 1072 1375 1124 τὸ
1417 1071 1623 1125 ἄνωθεν
1654 1071 1763 1140 ἄρα

2397 626 2549 681 CAP.
2604 624 2823 681 XXXII.

1973 717 2127 785 Quod
2157 718 2447 773 desursum
2485 719 2751 790 gignitur,
2787 720 2841 774 id
2883 730 2967 776 est
3018 724 3260 779 secunda
3293 741 3458 796 gene-

1866 810 2100 873 ratione,
2135 826 2202 865 cx
2226 826 2366 881 aqua
2397 811 2609 867 scilicet
2631 821 2687 866 ct
2720 812 2943 882 spiritu,
2971 830 3071 884 per
3104 804 3454 886 disciplinam

1864 901 2130 971 gignitur.
2177 899 2333 968 Quod
2363 910 2545 957 autem
2580 903 2654 959 ita
2704 904 2969 975 gignitur,
3013 905 3065 960 in
3102 906 3454 978 adoptionem

1865 995 2145 1066 gignitur;
2192 996 2339 1066 quod
2373 1005 2558 1051 autem
2594 997 2649 1051 in
2674 998 3029 1068 adoptionem
3056 1000 3322 1071 gignitur.
3343 1019 3453 1058 non

1863 1086 2109 1156 gignitur
2141 1102 2209 1140 ex
2249 1086 2559 1141 substantia
2584 1088 2880 1158 gignemis.
2915 1090 3072 1157 Quod
3099 1107 3231 1163 ergo
3259 1093 3453 1148 desur-

146 1162 545 1230 γεννώμενον,
599 1162 700 1213 οὐκ
751 1164 815 1215 ὲκ
863 1161 964 1231 τῆς
996 1162 1185 1225 οὐσίας
1214 1164 1474 1230 γεννᾶται
1518 1163 1612 1215 τοῦ
1640 1180 1765 1230 γεν-

146 1254 403 1317 νῶντος.
436 1254 550 1322 Τὴν
587 1249 681 1306 οὖν
719 1252 929 1307 ἄνωθεν
978 1254 1254 1323 γέννησιν,
1303 1255 1422 1317 πῶς
1464 1254 1761 1325 ὀνομάζετε

146 1348 340 1416 qum;
402 1345 450 1397 εί
510 1346 608 1415 μὲν
659 1345 759 1418 τὴν
810 1346 951 1399 κατὰ
1005 1346 1191 1411 τόπον,
1228 1346 1303 1411 ώς
1357 1347 1498 1417 ὑπὲρ
1528 1348 1631 1417 γῆς
1671 1349 1762 1401 καὶ

150 1438 302 1501 τοὺς
333 1440 399 1491 ἐκ
424 1438 526 1508 γῆς
546 1437 732 1501 οὖσαν,
752 1440 849 1492 καὶ
879 1438 1069 1502 ἁπλῶς
1096 1439 1172 1503 ὡς
1191 1440 1442 1510 οὐράνιόν
1468 1457 1592 1495 τινα
1625 1440 1759 1493 ταύ-

153 1548 271 1601 την
312 1530 453 1597 ἴστε,
480 1531 566 1584 ἴνα
603 1531 673 1584 τὰ
707 1531 939 1585 πλεῖστα
970 1534 1288 1603 σιγὴσωμεν
1314 1533 1424 1586 τῶν
1448 1534 1587 1600 πρὸς
1618 1535 1759 1604 ὑμᾶς

153 1622 434 1691 λέγεσθαι
483 1623 822 1694 δυναμένων,
875 1622 1092 1693 ἀνάγκη
1138 1623 1276 1678 διότι
1328 1624 1513 1694 πάσης
1567 1626 1762 1695 ἐτέρας

153 1715 486 1786 γεννήσεως
521 1715 720 1785 μᾶλλον
752 1717 785 1785 ἡ
818 1715 911 1768 τοῦ
944 1716 1120 1784 Λόγου
1172 1716 1235 1769 ἐκ
1286 1717 1499 1789 Πατρός
1532 1719 1761 1789 ὑπερου-

156 1807 362 1874 ράνιός
422 1808 539 1859 ἐστι
592 1808 863 1879 γέννησις,
924 1809 1005 1861 ὅτι
1049 1809 1263 1877 αἴρεται
1294 1810 1403 1862 ἀπὸ
1430 1810 1532 1879 τῆς
1568 1812 1672 1880 γῆς
1725 1813 1758 1883 ή
1800 1791 1839 1843 Β

157 1896 287 1966 ζωὴ
356 1896 547 1961 αὑτοῦ,
602 1898 805 1964 ταύτην
860 1898 1094 1967 μάλιστα
1142 1900 1287 1970 ὑμᾶς
1326 1900 1524 1953 εἰδέναι
1557 1901 1763 1955 ἄνωθεν

157 1986 338 2042 οὖσαν
368 1989 623 2059 γέννησιν
647 2005 661 2018 '
694 1989 892 2043 οὑκοῦν
926 1992 1007 2053 είς
1057 1990 1337 2045 υἱοθεσίαν
1366 1993 1462 2044 καὶ
1499 1994 1589 2045 τὸν
1617 1994 1764 2047 κατὰ

157 2079 379 2149 ’ταύτην
422 2079 765 2149 γεννώμενον
798 2083 970 2149 ἢγουν
996 2080 1089 2133 τὸν
1114 2081 1287 2149 Λόγον
1312 2082 1521 2153 γυμνὸν
1547 2084 1760 2151 ἀνάγκη

159 2171 290 2223 ἐστὶ
315 2170 634 2235 δοξάζεσθαι
658 2189 670 2200 ·
707 2172 801 2224 καὶ
823 2172 974 2224 ἔσται
1004 2166 1181 2237 οὗτος,
1211 2174 1271 2225 οὑ
1296 2172 1456 2241 φύσει
1486 2174 1611 2237 Υἱὸς
1638 2176 1760 2228 καθ’

160 2262 339 2330 ὑμᾶς,
406 2260 724 2330 ὁμοιογενὴς
756 2260 881 2323 Υἱὸς
918 2262 1012 2313 καὶ
1054 2262 1225 2329 Λόγος
1270 2261 1366 2315 τοῦ
1420 2264 1664 2333 Πατρός’
1702 2267 1763 2319 τὸ

158 2353 223 2406 δὲ
261 2352 531 2421 ἑπόμενον
561 2352 657 2420 τῆς
708 2352 987 2423 ὑμετέρας
1038 2356 1380 2424 προτάσεως,
1421 2356 1758 2426 σαφέστερόν

160 2442 289 2506 πώς
310 2444 491 2496 νιέστιν
543 2441 811 2496 ἀσεϐέστε
829 2460 942 2513 ρον.
978 2445 1051 2496 Τὸ
1084 2446 1192 2517 γὰρ
1217 2444 1393 2509 οὕτως
1426 2450 1761 2517 γεγεννημέ-

165 2556 283 2602 νον,
319 2538 440 2590 οὑδὲ
471 2540 536 2590 ὲκ
563 2538 663 2607 τῆς
692 2538 880 2600 οὐσίας
910 2539 1169 2609 τεχθῆναι
1202 2541 1497 2607 συνάγεται
1522 2557 1534 2571 °
1563 2543 1759 2594 οὐκοῦν

164 2631 293 2685 οὑδὲ
320 2633 383 2683 ἐκ
411 2631 509 2699 τῆς
530 2629 624 2681 τοῦ
660 2630 871 2699 [ἰατρὸς
900 2633 928 2683 ὀ
959 2630 1086 2693 Υἱὸς
1124 2631 1247 2685 καθ’
1276 2632 1418 2700 ὑμᾶς
1447 2650 1460 2663 υ
1496 2632 1630 2685 ἀλλὰ
1660 2633 1759 2702 τὴν

179 2722 398 2794 Ἀρείου
430 2722 567 2789 πρὸς
592 2725 655 2792 τῇ
688 2722 934 2791 ὑμετέρᾳ
968 2723 1270 2794 κακοδοξίᾳ
1300 2724 1600 2793 παράνοιαν
1634 2725 1761 2775 ἑκυ-

173 2813 418 2885 ρώσατε·
449 2814 499 2865 εἰ
532 2813 590 2864 δὲ
622 2812 796 2865 ταῦτα
832 2813 928 2882 μὲν
952 2811 1122 2873 οὕτως
1147 2813 1248 2865 οὑκ
1274 2811 1584 2883 ἐκδέχεσθε,
1615 2813 1754 2866 ἄνωο

172 2905 269 2958 θεν
289 2906 344 2959 δὲ
368 2905 621 2975 γέννησιν
654 2905 754 2977 τὴν
797 2906 962 2957 οἱονεὶ
1018 2904 1359 2976 ὲπανόιληψιν
1414 2906 1513 2975 τῆς
1560 2905 1757 2972 γενιίῆ-

173 3012 316 3059 σεως
368 2996 466 3067 τῆς
514 2996 735 3065 πρώτης
772 2997 973 3062 οἴεσθε,
1010 2999 1102 3049 καὶ
1127 2995 1225 3049 τοῦ
1260 2995 1425 3049 αὑτοῦ
1461 2995 1756 3064 ὑποκειμέ-

172 3101 272 3139 νου
305 3086 384 3151 δὶς
408 3085 506 3156 τὴν
538 3087 707 3158 αὐτὴν
735 3088 987 3157 γέννησιν
1014 3090 1079 3157 τῇ
1104 3087 1179 3150 ὡς
1206 3087 1263 3152 ἐξ
1290 3087 1540 3157 ὑπαρχῆς
1574 3103 1756 3156 σημαο

176 3179 275 3251 σίᾳ
314 3178 401 3233 διὰ
449 3178 545 3233 τοῦ
594 3179 802 3234 ἄνωθέν
847 3195 1016 3248 φατε·
1044 3178 1345 3242 καὶάπλῶς
1373 3179 1755 3247 ἀναγέννησιν,

178 3271 216 3341 ἢ
269 3272 361 3324 καὶ
410 3270 671 3341 δευτέραν
701 3272 976 3339 γέννησιν,
1017 3270 1132 3323 ίστε
1185 3272 1341 3340 τήνδε
1366 3289 1378 3303 ’
1410 3272 1504 3323 καὶ
1535 3273 1592 3324 ὲν
1618 3271 1756 3341 τῷδε

175 3363 341 3420 πάλιν
376 3363 567 3435 πόρῤω
597 3364 697 3433 τῆς
717 3362 1028 3433 όρθοδοξίας
1060 3362 1504 3433 ἁπεπλανήθητε,
1528 3361 1762 3429 ἀναγέν-

177 3476 339 3528 νησιν
367 3458 459 3511 ἐπὶ
497 3455 737 3526 Χριστοῦ
765 3455 1176 3526 παραιέροντες
1222 3456 1315 3510 καὶ
1343 3455 1713 3526 διανοούμενοι
1741 3471 1755 3486 ·

177 3551 404 3606 ἐκείνων
467 3549 578 3619 γὰρ
629 3549 847 3617 λέγεται
899 3548 1278 3620 ἁναγέννησις,
1339 3543 1413 3602 ὧν
1464 3549 1761 3612 παλαίωσις

176 3659 265 3706 τις
326 3643 421 3696 καὶ
504 3640 674 3714 ῥύπος
732 3642 829 3694 καὶ
907 3642 1059 3703 νόσος
1143 3642 1523 3711 ἐπιγενομένη,
1596 3644 1656 3694 τὸ
1698 3643 1761 3695 ὲκ

179 3732 280 3803 τῆς
331 3730 554 3804 πρώτης
615 3733 922 3802 γεννήσεως
965 3732 1325 3801 ὑποκείμενον
1374 3732 1543 3786 πάλαι
1612 3749 1671 3783 τε
1702 3730 1761 3784 ὃν

180 3824 479 3894 ἀμόλυντον
523 3822 856 3893 ἐκιϐδήλωσέ
890 3841 1005 3886 πως
1039 3822 1071 3893 ἢ
1103 3822 1404 3893 διέφθειρεν
1450 3822 1483 3893 ἢ
1516 3822 1760 3891 κατεμά-

183 3929 343 3986 ρανεν
365 3931 378 3944 ·
415 3914 605 3982 ὥσπερ
633 3915 767 3982 ἡμῖν
797 3914 857 3966 τὸ
878 3914 1003 3966 κατ’
1024 3916 1214 3967 εἰκόνα
1243 3915 1406 3975 Θεοῦ,
1428 3914 1489 3966 τὸ
1519 3917 1583 3968 ἐκ
1609 3915 1761 3987 πρώ·

178 4020 281 4072 της
323 4003 383 4055 ὃν
418 4005 727 4074 γεννήσεως
754 4005 787 4073 ὴ
838 4003 1150 4073 παράϐασίς
1183 4020 1242 4055 τε
1276 4006 1308 4073 ἡ
1340 4003 1531 4076 πρώτη
1570 4006 1663 4059 καὶ
1705 4007 1759 4058 αί

183 4098 643 4169 μεταγενέστεραι
697 4095 806 4148 τῶν
857 4095 952 4148 ἐπὶ
992 4095 1060 4148 τὰ
1112 4094 1417 4167 φαυλότερα
1474 4096 1758 4168 προσηλώ·

182 4205 324 4251 σεις’
360 4189 452 4241 τὸν
496 4188 553 4240 δὲ
601 4186 735 4240 Θεὸν
766 4186 938 4255 Λόγον
983 4186 1181 4250 οὐδεὶς,
1209 4187 1330 4241 οὐδὲ
1357 4186 1467 4241 τῶν
1489 4187 1611 4242 λίαν
1630 4187 1758 4242 ἀθέ·

184 4295 358 4348 σμων,
411 4278 632 4345 ἐδόξασε
696 4276 914 4330 πώποτε
965 4279 1107 4333 κατὰ
1158 4277 1257 4347 τὴν
1313 4278 1540 4350 πρώτην
1593 4278 1759 4333 αὑτοῦ

182 4374 456 4442 γέννησιν,
482 4374 547 4424 ἔκ
576 4388 718 4434 τινος
741 4371 1073 4442 ἀπροσεξίας
1100 4373 1134 4443 ἢ
1171 4372 1436 4441 ἐπιϐουλῆ
1448 4392 1490 4437 ς,
1516 4372 1743 4426 παλαιω-

1864 1191 1986 1230 sum
2022 1177 2281 1247 gignitur,
2314 1194 2423 1233 non
2480 1183 2555 1233 ex
2592 1180 2895 1235 substantia
2952 1183 3194 1253 gignitur
3226 1187 3455 1256 gignen-

1865 1269 1955 1322 tis.
1998 1270 2224 1323 ~llanc
2263 1270 2559 1325 desursum
2600 1275 3012 1343 generationem
3046 1280 3324 1346 quomodo
3352 1295 3451 1333 no-

1867 1361 1955 1414 bis
1979 1360 2224 1415 dicitis?
2274 1361 2331 1416 Si
2388 1363 2648 1417 localiter
2681 1364 2928 1433 quidem,
2972 1367 3024 1421 id
3069 1379 3154 1423 est
3198 1377 3454 1439 tanquam

1866 1467 2038 1522 super
2065 1462 2268 1507 terram
2323 1462 2382 1507 et
2404 1469 2469 1507 ea
2527 1470 2649 1523 qua:
2687 1455 2755 1509 de
2803 1466 2948 1511 terra
2996 1468 3143 1522 sunt,
3201 1470 3257 1514 et
3298 1461 3453 1529 quasi

1864 1545 2145 1600 caelestem
2176 1546 2471 1615 quamdam
2503 1547 2832 1616 intelligitis,
2879 1557 2939 1601 ut
2969 1550 3075 1602 alia
3104 1550 3244 1605 bene
3285 1552 3456 1607 multa

1864 1637 2131 1713 sileamus
2166 1653 2288 1706 qua:
2318 1638 2610 1691 adversum
2670 1654 2767 1692 vos
2816 1640 2923 1694 dici
2959 1651 3200 1708 possent,
3228 1658 3454 1698 necesse

1864 1741 1949 1783 est
1973 1744 2092 1787 vos,
2138 1730 2268 1798 quia
2300 1729 2423 1797 plus
2457 1745 2620 1800 quam
2647 1734 2855 1799 qumvis
2888 1734 2993 1786 alia
3023 1738 3324 1802 generatio,
3361 1752 3455 1790 su-

1865 1824 2213 1894 peremlestis
2276 1834 2362 1879 est
2422 1829 2706 1895 generatio
2755 1826 2923 1880 Verbi
2963 1843 3029 1881 ex
3091 1828 3275 1892 Patre,
3327 1847 3451 1884 eum

1864 1926 2179 1971 assumatur
2201 1918 2267 1971 de
2292 1926 2438 1971 terra
2471 1918 2581 1971 vita
2614 1919 2754 1987 ejus,
2792 1919 2933 1972 scire
2965 1919 3106 1973 hanc
3136 1932 3264 1974 aute
3318 1923 3454 1976 alias

1862 2022 1985 2062 esse
2015 2009 2302 2062 desursum
2354 2010 2788 2081 generationem.
2828 2011 2995 2080 Igitur
3022 2012 3076 2065 in
3101 2012 3451 2081 adeptionem

1862 2114 1989 2155 eum
2025 2100 2118 2169 qui
2151 2100 2452 2155 secundum
2490 2102 2634 2155 banc
2669 2102 2888 2169 genitus
2938 2112 3044 2165 est,
3108 2120 3304 2174 nempe
3341 2120 3456 2157 me.-

1865 2208 1985 2246 rum
2015 2192 2278 2256 Verbum,
2309 2209 2536 2247 necesse
2561 2200 2647 2245 est
2675 2194 2982 2248 existimari
3012 2212 3026 2261 ;
3059 2205 3114 2249 et
3138 2196 3265 2255 erit,
3290 2197 3452 2266 juxta

1862 2298 1962 2338 vos
2005 2299 2115 2337 non
2172 2294 2368 2337 natura
2421 2285 2612 2349 Filius,
2666 2284 2756 2338 bie
2805 2285 3124 2355 unigenitus
3177 2287 3347 2340 Filius
3397 2295 3456 2340 et

1862 2374 2105 2428 Verbum
2161 2375 2358 2428 Patris.
2409 2374 2822 2444 Consequentia
2869 2386 3051 2429 autem
3088 2385 3287 2430 vestrae
3320 2392 3453 2446 pro-

1862 2465 2153 2534 positionis
2179 2465 2494 2520 evidentius
2536 2466 2701 2535 impia
2751 2466 2923 2535 magis
2947 2472 3053 2519 est.
3103 2465 3256 2531 Quod
3304 2469 3452 2520 enim

1861 2558 1937 2612 ita
1967 2558 2213 2628 genitum
2237 2568 2341 2620 est,
2376 2558 2734 2613 concluditur
2790 2573 2899 2611 non
2924 2541 2989 2611 cs
3024 2558 3330 2612 substantia
3359 2574 3455 2628 ge-

1861 2649 2038 2702 nitum
2094 2665 2214 2705 esse
2250 2665 2264 2714 ;
2297 2649 2466 2719 igitur
2494 2666 2602 2702 non
2644 2665 2710 2703 ex
2765 2649 3071 2703 substantia
3134 2649 3310 2703 Patris
3368 2649 3457 2704 Fi-

1861 2738 1989 2799 lius.
2024 2740 2181 2809 juxta
2215 2756 2330 2793 vos.
2369 2740 2475 2795 Sed
2508 2739 2621 2793 Arii
2661 2755 2909 2794 errorem
2955 2739 3320 2803 conﬁrmatis,
3356 2739 3453 2794 ad-

1861 2830 1974 2882 dita
2005 2831 2234 2898 insuper
2277 2840 2462 2884 vestra
2492 2846 2659 2894 prava
2705 2830 2980 2884 doctrina.
3014 2831 3070 2885 Si
3107 2840 3289 2885 autem
3336 2830 3454 2886 haec

1862 2921 1935 2975 ita
1988 2936 2245 2976 essenon
2278 2922 2591 2987 admittitis,
2648 2922 2943 2976 desursum
2987 2931 3169 2976 autem
3219 2937 3453 2992 genera-

1864 3014 2068 3067 tionem
2113 3013 2269 3082 quasi
2335 3015 2760 3083 receptationem
2812 3016 3003 3084 prima
3078 3003 3454 3084 gi'nerationis

1785 3133 1828 3193 ο
1862 3105 2124 3171 censetis,
2179 3116 2235 3160 et
2260 3105 2585 3161 dieitisesse
2642 3106 2868 3176 quidem
2893 3105 3127 3174 subjecti
3180 3106 3266 3159 bis
3295 3121 3449 3159 eam-

1863 3199 1987 3254 dem
2015 3199 2426 3270 generationem
2457 3199 2613 3269 quasi
2655 3199 2724 3253 de
2757 3214 2902 3253 novo
2938 3209 3220 3268 acceptam
3256 3198 3451 3252 desur-

1861 3306 2006 3354 sum,
2096 3298 2152 3345 et
2192 3289 2337 3344 hanc
2421 3290 2752 3360 simpliciter
2798 3290 3277 3359 regenerationem
3334 3290 3449 3344 sive

1860 3383 2159 3439 secundam
2200 3384 2614 3454 generationem
2657 3382 2983 3453 intelligitis.
3018 3382 3073 3435 in
3108 3382 3212 3434 hoc
3229 3397 3449 3450 quoque

1858 3477 2071 3544 pariter
2100 3475 2260 3544 longe
2290 3489 2318 3528 a
2340 3483 2490 3529 recta
2520 3473 2775 3528 doctrina
2802 3472 3107 3535 erravistis,
3160 3486 3451 3539 regenera-

1862 3566 2065 3620 tionem
2116 3565 2338 3619 Christo
2377 3566 2515 3619 falsa
2558 3564 2927 3620 attribuentcs
2958 3573 3015 3618 et
3059 3568 3347 3633 tingentes.
3374 3563 3448 3617 Ea

1860 3659 2009 3715 enim
2092 3657 2360 3710 dicuntur
2427 3656 2768 3726 regenerari,
2840 3670 3074 3724 quorum
3138 3656 3448 3723 subjectum

1859 3751 2050 3821 prima:
2076 3748 2468 3819 generationis,
2524 3747 2671 3816 quod
2705 3748 2883 3801 fuerat
2932 3748 3063 3801 olim
3132 3748 3450 3816 ineoinqui~

1859 3855 2073 3906 natum,
2112 3848 2388 3896 vetustate
2440 3839 2676 3909 quadam
2705 3846 2801 3891 aut
2844 3838 3057 3891 macula
3101 3847 3197 3892 aut
3252 3838 3448 3892 morbo

1859 3941 2182 4002 corruptum
2210 3931 2338 3995 fuit,
2368 3939 2461 3984 aut
2493 3928 2755 3998 deperiit,
2809 3938 2905 3982 aut
2949 3926 3264 3994 emarcuit;
3305 3929 3449 3982 sicut

1859 4039 1961 4080 nos
1990 4023 2058 4078 ad
2093 4023 2385 4094 imaginem
2420 4021 2513 4076 Dei
2546 4020 2718 4075 factos
2740 4035 2807 4073 ex
2849 4018 3027 4088 prima
3059 4018 3294 4087 origine,
3327 4027 3443 4072 tum

1860 4110 2225 4181 transgressio
2259 4109 2458 4179 prima,
2492 4117 2606 4162 tum
2637 4105 2977 4176 posteriores
3008 4105 3076 4160 ad
3108 4106 3312 4158 malum
3343 4119 3439 4159 ac-

1859 4196 2516 4253 cessionesvitiaverunt.
2558 4196 2730 4249 Deum
2754 4192 3000 4249 Verbum
3023 4202 3204 4247 autem
3232 4192 3442 4259 nullus,

1856 4290 2026 4345 etiam
2066 4305 2131 4346 ex
2158 4287 2396 4343 maxime
2442 4287 2653 4357 impiis,
2686 4286 3030 4340 existimavit
3084 4300 3329 4354 unquam
3358 4300 3444 4339 se-

1860 4383 2101 4437 cundum
2132 4382 2365 4451 primam
2395 4381 2518 4451 ejus
2571 4378 3007 4450 generationem,
3065 4377 3445 4446 imprudenter

185 4465 345 4519 θέντα
375 4467 441 4534 τῇ
484 4462 751 4535 ἁμαρτίᾳ,
784 4462 878 4518 νῦν
908 4462 1118 4517 δεῖσθαι
1163 4465 1263 4533 τῆς
1293 4463 1751 4534 άνακαινιζούσης

1862 4482 1952 4527 aut
1988 4488 2056 4527 ex
2092 4471 2386 4534 industria,
2433 4476 2658 4539 peccato
2716 4476 3049 4531 veteratum,
3094 4482 3242 4521 nunc
3303 4466 3449 4520 indi-

183 4556 343 4611 αὑτὸν
396 4556 831 4624 ἀναγεννήσεως,
885 4556 977 4607 καὶ
1022 4554 1111 4609 διὰ
1154 4555 1317 4608 τοῦτο
1360 4555 1459 4625 τὴν
1500 4554 1758 4624 δευτέραν

185 4650 478 4719 ὑποστῆναι
529 4648 805 4717 γέννησιν.
835 4647 958 4710 Πῶς
982 4646 1075 4699 οὖν
1110 4646 1336 4717 μηδενὸς
1375 4647 1755 4718 ἁναγέννησιν,

184 4740 353 4797 εἰτουν
382 4739 588 4795 ἄνωθεν
616 4740 888 4807 γέννησιν,
914 4740 1004 4792 ἐπὶ
1030 4738 1219 4792 τοῦτον
1248 4738 1499 4806 λέγοντος
1520 4738 1551 4809 ἢ
1576 4738 1759 4792 νοοῦν·

184 4851 291 4896 τος,
322 4833 457 4886 ἀλλὰ
487 4833 585 4899 τὴν
616 4832 868 4900 γέννησιν
892 4831 1057 4884 αὑτοῦ
1087 4831 1184 4901 τὴν
1211 4831 1467 4903 δευτέραν
1501 4831 1638 4900 μετὰ
1662 4831 1757 4899 τῆς

186 4925 421 4997 πρώτης,
448 4926 662 4980 πάντων
689 4923 851 4977 ὁσίων
905 4924 1331 4993 ὁμολογούντων,
1379 4923 1477 4993 τὴν
1527 4923 1756 4990 ἀναγεν-

184 5037 332 5091 νησιν
391 5019 513 5073 ἀντὶ
582 5019 890 5087 γεννήσεως
948 5015 1198 5087 ἀληθοῦς,
1251 5014 1508 5083 δευτέρας
1548 5030 1607 5065 τε
1656 5014 1754 5083 τὴν

183 5112 349 5175 τάξιν,
378 5094 469 5164 ἐπὶ
499 5110 591 5162 τὸν
622 5109 753 5161 Θεὸν
783 5108 952 5176 Λόγον
995 5105 1360 5177 μετηγάγετε,
1392 5105 1479 5158 ἵνα
1504 5104 1754 5156 ἐντεῦθεν

184 5204 308 5272 ἡμῖν
370 5200 430 5252 τὸ
480 5198 673 5251 δοκοῦν
719 5199 847 5268 ὑμῖν
921 5193 1494 5265 συλλογίσησθε;Ἴίτι
1551 5194 1752 5262 μέντοι,

184 5295 293 5349 οὐδὲ
340 5296 518 5347 έκεῖνο
566 5292 683 5355 πῶς
732 5292 859 5361 ὑμῖν
911 5290 1056 5354 ἔδοξε
1089 5290 1425 5359 νενοήκαμεν
1467 5287 1525 5339 τὸ
1556 5288 1619 5339 ὲκ
1658 5287 1751 5339 τοῦ

188 5388 498 5458 Πνεύμσ.τος
529 5385 893 5456 γεννώμενον,
929 5383 1003 5453 μὴ
1040 5383 1103 5434 ἐκ
1133 5384 1233 5452 τῆς
1279 5381 1469 5443 οὐσίας
1510 5379 1749 5433 οἴεσθαι·

189 5484 354 5553 ἣγὰρ
403 5482 478 5545 ὡς
504 5481 755 5551 ἐνέργεια
797 5479 875 5541 είς
922 5478 1077 5545 ξύλον
1128 5476 1193 5529 ἐκ
1240 5474 1341 5544 τῆς
1398 5476 1615 5542 φύσεως
1657 5473 1750 5527 τοῦ

185 5573 425 5635 τέκτονός
466 5575 635 5636 ἐστιν,
665 5572 698 5642 ἦ
726 5572 802 5634 ὡς
850 5571 962 5640 πῦρ
1010 5572 1074 5624 ὲκ
1097 5570 1267 5639 πυρὸς
1290 5572 1347 5622 ὲν
1376 5567 1516 5638 ξύλῳ
1550 5569 1614 5619 ἐκ
1653 5567 1753 5636 rei};

185 5665 359 5728 οὐσίας
384 5666 643 5737 ὑπάρχει.
674 5664 819 5719 Ἀλλ’
859 5667 907 5716 εἰ
949 5664 1045 5734 μὲν
1084 5663 1222 5716 κατὰ
1249 5662 1308 5714 τὸ
1331 5661 1566 5732 πρῶτον,
1596 5660 1751 5731 δῆλον

188 5763 264 5816 ὅτι
285 5760 526 5832 ἐνεργεῖν
550 5776 605 5812 τι
633 5758 694 5811 τὸ
728 5755 990 5828 γεννηθὲν
1028 5754 1219 5827 ὥσπερ
1245 5754 1364 5808 οὐδὲ
1418 5755 1450 5826 ἡ
1497 5754 1750 5825 ἐνέργεια

1860 4580 1988 4635 gere
2013 4572 2315 4619 renovante
2339 4563 2493 4616 illum
2554 4558 2993 4630 regeneratione,
3025 4568 3081 4612 ct
3094 4567 3318 4628 propter
3338 4558 3442 4613 hoc

1858 4655 2096 4710 subiisse
2126 4655 2425 4709 secundam
2457 4652 2894 4723 generationem.
2926 4650 3214 4717 Quomodo
3252 4652 3439 4721 igitur,

1858 4761 1983 4801 cum
2014 4762 2180 4802 nemo
2211 4745 2689 4817 regenerationem
2723 4759 2822 4797 seu
2868 4742 3157 4796 desursum
3211 4756 3442 4810 genera-

1859 4842 2062 4895 tionem
2087 4838 2189 4909 ipsi
2216 4838 2484 4893 attribuat
2512 4851 2615 4889 nec
2639 4835 2931 4903 intelligat.
2951 4848 3144 4886 omnes
3171 4847 3302 4885 vero
3321 4848 3476 4885 εδει-ο

1856 4934 1930 4989 eti
1964 4932 2375 5003 generationem
2409 4930 2529 4998 ejus
2561 4927 2859 4980 secundam
2893 4932 3015 4993 post
3045 4912 3278 4991 primam
3312 4937 3444 4975 eoa-

1858 5025 2141 5088 ﬁteantur,
2169 5038 2267 5075 vos
2289 5020 2764 5090 regenerationem
2791 5031 2892 5085 pro
2916 5030 3043 5068 vera
3063 5015 3440 5083 generatione,

1855 5115 2053 5169 ordine
2099 5111 2361 5176 secunda,
2413 5111 2468 5164 in
2514 5112 2684 5165 Deum
2726 5109 2965 5164 Verbum
3025 5106 3349 5171 induxistis,
3388 5116 3445 5159 l'l.

1856 5209 1985 5262 inde
2010 5206 2174 5261 nobis
2196 5214 2375 5259 vestra
2409 5203 2609 5273 placita
2659 5201 2958 5256 inl‘cratis?
2988 5200 3185 5254 Adhuc
3235 5209 3440 5262 tamen,

1854 5311 1989 5357 non,
2018 5300 2078 5345 ut
2104 5292 2262 5345 vobis
2309 5289 2534 5360 placuit,
2574 5287 2946 5341 intelleximus
2995 5285 3163 5345 illud,
3197 5285 3342 5352 quod
3375 5298 3443 5335 ex

1855 5384 2049 5455 spiritu
2082 5383 2346 5453 gignitur,
2374 5396 2483 5434 non
2515 5381 2731 5433 censeri
2752 5393 2819 5432 ex
2840 5376 3143 5431 substantia
3170 5375 3439 5445 genitum;

1854 5491 2053 5545 nempe
2093 5475 2207 5529 sive
2270 5471 2549 5544 quomodo
2577 5472 2659 5527 vis
2705 5478 2876 5525 estex
2899 5470 3129 5524 artilicis
3166 5475 3359 5521 natura
3386 5465 3442 5519 in

1853 5570 2087 5640 lignum,
2125 5567 2258 5623 isive
2317 5566 2597 5637 quomodo
2640 5564 2782 5635 ignis
2833 5579 2899 5618 ex
2937 5564 3059 5632 igne
3094 5561 3147 5613 in
3197 5559 3343 5630 ligno
3374 5574 3444 5613 ex

1854 5657 2160 5714 substantia
2195 5659 2372 5712 adest.
2414 5656 2518 5711 Sed
2544 5657 2587 5711 si
2636 5655 2810 5726 prius,
2865 5664 3013 5724 patet
3047 5654 3156 5707 vim
3210 5651 3442 5707 artiﬁcis

1854 5768 1963 5808 non
1997 5765 2157 5821 posse
2195 5766 2359 5821 agere
2421 5750 2475 5803 in
2526 5756 2851 5820 generatum
2889 5748 3033 5802 sicut
3071 5761 3173 5803 nec
3207 5747 3323 5816 ipsa
3357 5744 3443 5801 vis
