3908 6306
129 325 239 392 τοι

1082 324 1479 389 ADVERSUS
1517 326 2065 390 NESTORIANOS.
2097 326 2334 390 -LIB.
2377 327 2478 391 IV.

3256 322 3392 388 1702
3422 412 3429 417 θ

97 439 225 492 λίου
266 434 392 504 ἐγὼ
430 435 573 506 ὑμᾶς
610 432 869 503 ἐγέννησα
895 450 907 462 ·
940 432 1162 487 ἔλαττον
1202 435 1281 499 δὲ,
1309 434 1382 499 ὡς
1414 437 1448 506 ἡ
1484 436 1594 489 τῶν
1621 456 1709 490 πι-

1821 437 1948 492 lium
1999 438 2237 493 dictum‘
2259 448 2364 503 est,
2399 454 2500 510 ego
2547 452 2645 492 vos
2689 434 2853 508 genui
2886 452 2901 489 :
2934 433 3117 489 minor
3152 448 3304 496 vero.
3330 446 3393 491 ut

104 526 259 581 στῶν
291 529 361 580 ὲκ
396 525 535 579 Θεοῦ
556 524 811 594 γέννησις
833 540 848 554 ·
876 525 1123 593 κρεῖττον
1149 524 1206 577 δὲ
1228 524 1458 594 οὐδεμία
1484 541 1497 554 ·
1530 526 1562 597 ἢ
1597 526 1710 589 ἴσος

100 616 219 684 ἄρα
248 614 382 667 κατ’
424 614 614 666 οὐσίαν
644 617 672 665 6
715 611 847 674 Θεὸς
880 613 978 683 τῆς
1029 613 1329 683 Παρθένου,
1363 614 1395 684 ἢ
1436 615 1707 669 ἐλάττων·

101 705 226 759 ἀλλ’
250 706 502 773 ἑκάτερα
526 704 759 774 δυσσεϐῆ
776 718 788 731 ·
816 704 916 756 οὐκ
941 705 1048 774 ἄρα
1083 704 1111 755 ὁ
1132 704 1263 767 Θεὸς
1293 706 1435 758 κατὰ
1454 707 1712 777 ἀλήθειαν

101 799 395 867 ἐγεννήθη
434 797 498 848 ἐκ
529 799 631 867 τῆς
661 796 955 867 Παρθένου.
1004 795 1247 865 Ἀληθῶς
1286 800 1382 868 μὲν
1410 800 1558 854 πᾶσα
1588 800 1713 867 γέν-

103 907 272 959 νησις
315 890 396 959 μὴ
451 888 752 958 ψεγομένη,
802 889 864 942 τὸ
917 888 1031 941 ἴσον
1060 890 1094 959 ἢ
1134 885 1296 961 ἧττον
1328 891 1569 945 δείκνυσι
1618 893 1710 946 τοῦ

102 985 489 1059 γεννηθέντος
515 984 651 1054 πρὸς
673 983 764 1035 τὸν
785 984 1319 1054 γεννήσαντα.Ἀλλ’,
1350 979 1395 1038 ὦ
1415 985 1508 1038 τοῦ
1538 1004 1711 1056 μεγαα

102 1076 259 1130 λείου
295 1077 404 1146 τῆς
436 1073 584 1139 θείας
627 1076 935 1144 οἰκονομίας
975 1075 1314 1146 ἀναίσθητοι,
1346 1082 1597 1130 σκοπεῖτε
1638 1078 1712 1140 ὡς

103 1170 277 1223 τοῦτο
313 1169 601 1238 ἕχειπᾶσα
633 1169 905 1236 γέννησις,
940 1169 1002 1222 οὐ
1052 1170 1213 1237 μόνον
1242 1171 1275 1240 ή
1305 1169 1378 1240 μὴ
1409 1169 1710 1241 ψεγομένη,

104 1262 255 1319 ἀλλὰ
306 1257 450 1330 μηδὲ
487 1259 877 1337 θαυμαζομένη
936 1261 1010 1320 ὡς
1048 1259 1383 1331 παράδοξοςο
1417 1263 1508 1315 ἐπὶ
1538 1260 1592 1314 δὲ
1620 1262 1712 1315 τοῦ

103 1353 210 1421 τῆς
231 1350 558 1418 οἰκονομίας
582 1334 918 1419 θεοπρεποῦς
935 1351 1303 1418 Λόγου(τοῦτο
1324 1351 1432 1419 γὰρ
1453 1351 1537 1419 δὴ,
1557 1334 1713 1404 τοῦτό

106 1443 231 1495 ἐστι
257 1442 324 1493 τδ
356 1440 637 1508 ὑπερφυὲς
665 1440 760 1509 τῆς
792 1438 1130 1509 άγαθότητος
1167 1441 1491 1511 μυστήριον,
1517 1442 1613 1493 καὶ
1653 1440 1713 1492 τὸ

104 1537 212 1605 τῆς
244 1534 407 1596 θείας
439 1532 849 1603 φιλανθρωπίας
866 1532 1214 1603 τεκμήριον),
1233 1533 1316 1586 ὅτι
1346 1536 1373 1586 6
1398 1534 1576 1603 πάσης
1599 1533 1715 1585 κτί-

110 1641 259 1687 σεως
285 1623 532 1691 ῐΙοιητὴς
562 1622 654 1673 καὶ
679 1620 940 1683 παντοίας
963 1623 1267 1691 γεννήσεως
1299 1621 1471 1683 αίτιος
1498 1622 1590 1673 καὶ
1610 1621 1710 1673 πά-

112 1733 220 1784 σης
258 1716 484 1783 φύσεως
506 1712 785 1781 Δεσπότης
808 1714 902 1764 καὶ
925 1713 984 1764 τὸ
1011 1712 1383 1783 ὑπερκόσμιον
1403 1713 1495 1766 τοῦ
1514 1714 1713 1776 παντὸς

1817 543 1874 583 se
1906 528 2075 583 habet
2105 545 2172 584 ex
2208 529 2319 583 Deo
2355 528 2597 582 ﬁdelium
2644 525 2965 598 generatio:
2999 525 3196 581 melior
3241 525 3395 580 nulla

1816 626 1923 683 est,
1954 619 2181 690 aequalis
2216 634 2347 689 ergo
2391 618 2696 674 secundum
2748 617 3111 673 substantiam
3142 616 3288 673 Deus
3315 625 3398 672 est

1819 708 2052 780 Virgini,
2107 722 2201 765 aut
2240 708 2505 776 inferior;
2547 708 2641 764 sed
2684 719 2984 779 utrumque
3023 707 3252 777 impium
3286 716 3394 771 est,

1817 817 1926 855 neu
1979 803 2148 873 igitur
2194 803 2342 856 Deus
2374 814 2501 856 vere
2535 800 2755 871 genitus
2800 804 2885 855 est
2919 815 2950 855 e
2979 798 3225 869 Virgine.
3257 796 3398 854 Vere

1818 893 2040 963 quidem
2077 894 2258 948 omnis
2296 893 2581 965 generatio
2636 909 2746 947 non
2803 891 2982 946 ablata
3026 891 3398 961 mqualitatem

1819 993 1913 1039 aut
1964 985 2389 1040 inferioritatem
2439 983 2684 1041 ostendit
2738 982 2907 1055 geniti
2958 983 3023 1037 ad
3072 983 3397 1054 genitorem,

1819 1075 1938 1138 sed,
1989 1092 2023 1129 ο
2074 1075 2474 1146 magnitudinis
2510 1074 2909 1130 incarnationis
2945 1073 3144 1128 divina:
3188 1073 3395 1144 ignari!

1819 1167 2047 1222 cernitis
2069 1168 2349 1238 miomodo
2382 1168 2488 1221 hoe
2510 1165 2711 1221 habeat
2744 1167 2922 1221 omnis
2952 1165 3255 1235 generatio,
3291 1181 3401 1218 non

1820 1259 1994 1311 solum
2050 1275 2171 1328 quae
2211 1274 2322 1312 non
2370 1257 2639 1320 aufertur,
2697 1256 2791 1310 sed
2837 1268 2958 1325 quze
3014 1270 3122 1308 non
3175 1261 3237 1308 ut
3274 1268 3402 1322 pro-

1820 1349 2027 1419 digium
2062 1349 2384 1404 admiranda
2425 1349 2535 1402 sit:
2570 1348 2664 1401 sed
2698 1347 2752 1400 in
2788 1347 2974 1401 divina
3009 1344 3402 1399 incarnationis

1822 1442 2056 1505 ratione,
2087 1439 2220 1495 illud
2257 1449 2340 1493 est
2371 1439 2519 1493 enim
2554 1438 2659 1491 hoc
2687 1435 3107 1504 supernaturale
3139 1434 3406 1488 bonitatis

1819 1532 2174 1604 mysterium,
2226 1538 2283 1584 et
2332 1529 2534 1583 divinae
2584 1527 2870 1582 charitatis
2920 1526 3206 1589 indicium,
3253 1525 3402 1595 quod

1820 1624 1999 1679 omnis
2041 1634 2311 1678 creatura:
2351 1622 2568 1683 auctor,
2616 1628 2671 1673 ct
2722 1618 2995 1674 universae
3033 1614 3405 1689 generationis

1821 1716 2176 1787 principium,
2224 1724 2281 1769 et
2309 1714 2489 1768 omnis
2535 1722 2744 1767 natura:
2796 1712 3079 1775 dominus,
3134 1726 3202 1764 eo
3232 1711 3403 1780 major

110 1807 340 1876 κόσμου
375 1805 599 1874 κράτος,
631 1804 887 1872 γέννησιν
915 1803 1273 1870 κατεδέξατο·
1307 1805 1400 1856 καὶ
1430 1804 1633 1873 ταύτην
1650 1805 1715 1857 ἐκ

1821 1807 2025 1861 mundo
2068 1807 2256 1862 mundi
2288 1807 2457 1861 totius
2490 1806 2823 1870 dominator,
2856 1803 3270 1875 generationem
3300 1819 3395 1856 ae-

114 1898 348 1968 φύσεως
382 1899 650 1966 ἐπικήρου
704 1895 799 1947 καὶ
831 1893 1077 1966 φθαρτῆς
1132 1895 1229 1949 καὶ
1269 1897 1677 1966 εὐεπηρεάστου
1700 1912 1715 1927 ·

111 1990 184 2043 δι’
236 1990 398 2059 no.5..-
438 2005 495 2040 τε
548 1987 862 2057 ἐπτώχευσε
900 1987 1152 2050 πλούσιος
1181 1985 1275 2049 ὢν,
1337 1988 1423 2040 ἵνα
1452 1990 1613 2059 ἡμεῖς
1648 1991 1715 2060 τῇ

111 2083 139 2136 ὲ
158 2084 339 2134 ιείνου
381 2080 623 2151 πτωχείᾳ
653 2080 1067 2149 πλουτήσωμεν.
1104 2080 1163 2132 Et
1188 2075 1282 2133 οὖν
1301 2080 1469 2144 ὅντως
1499 2083 1592 2135 καὶ
1612 2083 1718 2135 τῶν

119 2171 199 2242 μὴ
241 2170 687 2239 θαυμαζομένων
728 2165 797 2239 ἦν
831 2169 1160 2239 γεννήσεσιν,
1212 2166 1386 2232 οὕτως
1438 2169 1582 2240 ἔχειν
1608 2170 1717 2224 ἔδει

117 2267 218 2319 καὶ
249 2263 417 2334 τήνδε
477 2265 576 2333 τὴν
610 2263 863 2331 γέννησιν
914 2260 992 2331 μὴ
1037 2259 1384 2330 ψεγομένην·
1436 2261 1487 2314 εἰ
1516 2260 1575 2313 δὲ
1623 2262 1719 2315 καὶ

118 2355 517 2426 θωμάζεσθαι
535 2355 662 2419 ἔδει,
689 2355 904 2422 ἀνάγκη
933 2352 1083 2421 παρὰ
1108 2352 1206 2421 τὴν
1242 2352 1445 2424 συνήθη
1464 2353 1720 2424 γέννησιν

116 2448 359 2499 πάντωι
400 2444 545 2515 ἔχειν
576 2445 746 2514 αὑτήν
780 2461 854 2507 τι,
890 2444 1010 2496 ἐπεὶ
1031 2445 1150 2496 οὐδὲ
1184 2443 1304 2496 θεία
1330 2444 1450 2496 τότε
1483 2446 1549 2499 ἂν
1591 2446 1720 2515 ὑμῖν

117 2538 379 2609 ἀμογητὶ
405 2536 779 2607 δειχθήσεται·
811 2537 861 2588 εἰ
894 2535 952 2588 δὲ
976 2535 1077 2601 δεῖ,
1102 2537 1166 2588 ὲκ
1188 2535 1297 2588 τῶν
1328 2535 1557 2589 καθόλου
1591 2538 1718 2591 συλο

116 2629 413 2698 λογιστέον
437 2628 563 2698 ὑμῖν
594 2628 682 2681 καὶ
706 2626 813 2681 τῶν
844 2628 1020 2691 πάντη
1047 2628 1248 2696 ὁμοίων
1279 2626 1409 2695 ἄρα,
1436 2621 1483 2681 ὦ
1516 2628 1671 2698 σοφοί
1697 2629 1709 2683 !

115 2716 278 2769 πᾶσα
309 2710 411 2768 οἷν
440 2716 691 2784 γέννησις
746 2715 946 2784 ὁμοίως
999 2716 1127 2785 τῇδε
1165 2714 1588 2789 θαυμαζομένηο
1625 2717 1721 2771 καὶ

115 2808 248 2877 τῇδε
303 2809 547 2867 ἐοικυῖα,
583 2804 664 2857 δτι
706 2807 892 2875 χεῖρον
918 2804 952 2874 ἢ
989 2806 1107 2859 ἴσον
1156 2805 1271 2876 ἔχει
1312 2807 1371 2859 τὸ
1419 2806 1611 2877 τεχθὲν
1640 2807 1720 2878 τῷ

113 2898 369 2960 τεκόντι,
405 2894 564 2948 τοῦτο
583 2894 819 2959 δείξατε.
848 2896 941 2958 Τίς
988 2897 1046 2949 δὲ
1072 2896 1226 2967 ὑμῶν
1252 2898 1312 2950 οὐ
1334 2897 1595 2968 δακρύσει
1620 2900 1719 2967 τήν

116 2989 441 3057 τύφλωσιν;
466 2987 545 3039 ὅτι
565 2985 631 3039 δι’
650 2979 725 3039 ὧν
748 2987 916 3057 ἐχρῆν
941 2987 1263 3041 πιστοῦσθαι
1293 2989 1417 3058 περὶ
1446 2989 1541 3041 τοῦ
1575 2989 1718 3043 θείου

117 3079 329 3147 Τόκου,
379 3079 547 3149 ἡγουν
578 3081 643 3130 ἐκ
672 3078 783 3130 τῶν
816 3078 1134 3149 παραδόξων
1162 3078 1255 3131 καὶ
1288 3078 1580 3149 ὑπερφυῶν
1624 3082 1721 3135 καὶ

117 3174 278 3242 παρὰ
301 3171 406 3240 τὴν
427 3170 716 3240 συνήθειαν
735 3168 931 3237 λόγων,
950 3168 1036 3222 διὰ
1052 3168 1255 3223 τούτων
1276 3171 1717 3234 κατασκευάζειν

121 3263 421 3327 σπεύδετε,
461 3263 541 3315 ὅτι
592 3263 650 3314 οὐ
696 3260 830 3314 Θεοῦ
883 3264 1030 3314 ἐστιν
1074 3262 1106 3332 ἡ
1144 3261 1420 3331 γέννησις,
1460 3262 1583 3314 ἐπεὶ
1641 3265 1715 3334 μὴ

124 3355 328 3425 ὁμοίως
365 3351 479 3421 ἔχει
501 3355 619 3414 ταῖς
638 3350 905 3423 φθαρταῖς
929 3350 1084 3421 ἡμῶν
1122 3351 1217 3403 καὶ
1249 3351 1509 3417 φυσικαῖς
1530 3354 1721 3421 γεννή-

123 3463 301 3512 σεσιν,
340 3445 419 3508 ὡς
451 3443 572 3496 καθ’
606 3444 749 3513 ὑμᾶς
775 3443 824 3495 εί
852 3445 1103 3512 γεννήσει
1130 3444 1196 3513 τῇ
1227 3441 1351 3495 καθ’
1389 3443 1535 3512 ὑμᾶς
1566 3445 1723 3512 ἐγεν-

124 3537 288 3608 νήθη,
318 3537 444 3589 τότε
477 3535 543 3588 ἂν
574 3531 714 3588 εἶναι
745 3534 1063 3600 ἀξιόπιστον
1096 3534 1156 3586 τὸ
1190 3534 1332 3605 ὑπὲρ
1370 3537 1521 3606 ἡμᾶς
1558 3537 1721 3591 αὑτὸν

123 3625 266 3681 εἶναι
292 3629 389 3682 τὸν
414 3626 674 3696 τεχθέντα
697 3643 711 3657 ⁸
745 3628 793 3679 ei
827 3626 885 3680 δὲ
916 3627 1050 3696 μηδὲ
1109 3626 1253 3689 τότε,
1306 3628 1470 3681 πόθεν
1498 3628 1604 3684 ἔδει
1633 3648 1721 3684 πι-

125 3718 341 3772 στῶσαι
374 3719 520 3787 ἡμᾶς
563 3718 654 3771 τὸν
690 3718 823 3771 Θεὸν
859 3718 1115 3786 περὶτῆς
1166 3717 1365 3772 ἑαυτοῦ
1412 3719 1720 3792 γεννήσεως

124 3810 317 3877 τῆσδε,
352 3812 579 3864 εἴπατεο
611 3810 769 3881 εἴπερ
816 3810 950 3879 μηδὲ
972 3813 1036 3863 ὲκ
1058 3810 1166 3863 τῶν
1224 3810 1346 3864 καθ’
1378 3813 1547 3882 ἡμᾶς,
1579 3812 1718 3883 μηδὲ

124 3901 191 3955 ἐκ
215 3904 330 3955 τῶν
360 3902 502 3972 ὑπὲρ
534 3903 701 3972 ἡμᾶς,
725 3897 769 3956 ὦ
793 3894 975 3956 οὖτοιί

124 3995 423 4050 neratione
474 3994 817 4065 loquentem,
883 3995 1050 4050 dicite
1093 4013 1107 4049 :

126 4090 224 4146 illa
271 4090 366 4156 sit,
402 4104 435 4144 ο
466 4089 767 4145 insensatil

717 4181 970 4237 ΚΕΦΑΛ.
1002 4182 1126 4238 AE'.

197 4273 264 4326 Εἰ
293 4274 322 4326 6
346 4274 505 4337 τόκος
537 4275 601 4325 ὲκ
622 4273 730 4326 τῶν
762 4274 938 4346 πάντη
965 4274 1164 4345 ὁμοίων
1185 4274 1459 4346 ἀληθινὸς,
1489 4275 1550 4339 ὃς
1582 4276 1708 4329 κατ’

162 4363 177 4383 .
409 4366 421 4381 .
848 4365 869 4379 -
1486 4370 1501 4383 .
1531 4371 1543 4386 .

124 4365 318 4418 ουσίαν
370 4383 569 4418 τικτων
618 4366 782 4437 ὅμοια
806 4384 914 4419 των
940 4368 1234 4422 τικτόντων
1275 4368 1417 4422 κατὰ
1450 4370 1709 4440 ἀληθειαν

1821 1900 2061 1970 ceperit;
2111 1910 2169 1956 et
2227 1901 2384 1954 istam
2432 1916 2462 1955 e
2501 1899 2730 1960 caduca.
2784 1905 3044 1966 corrupta
3098 1906 3155 1949 et
3190 1894 3402 1964 perdita

1821 2001 2017 2047 natura
2040 2009 2055 2058 ;
2085 2001 2307 2061 propter
2332 2007 2430 2045 nos
2456 2006 2663 2060 egenus
2684 1989 2861 2043 factus
2885 1996 2969 2043 est
2994 1988 3085 2058 qui
3117 1986 3270 2041 dives
3294 1996 3400 2051 cst,

1822 2094 1882 2139 ut
1925 2100 2024 2139 nos
2069 2085 2374 2155 indigentia
2423 2085 2543 2153 ejus
2587 2083 2831 2138 ditemur
2869 2100 2882 2136 :
2917 2082 2962 2138 si
3009 2082 3178 2152 igitur
3224 2082 3403 2150 reipsa

1818 2193 1930 2232 non
1962 2176 2106 2231 foret
2132 2194 2198 2232 ex
2224 2176 2566 2231 admirandis
2600 2175 3076 2247 generationibus,
3106 2173 3176 2227 ita
3211 2172 3401 2227 haberi

1819 2270 2112 2338 oportebat
2165 2269 2350 2324 hascee
2388 2269 2671 2339 generatio
2723 2283 2834 2321 non
2879 2267 3060 2321 ablata
3112 2283 3125 2319 :
3174 2264 3219 2320 si
3274 2281 3409 2321 vero

1820 2362 2144 2417 admiranda
2171 2363 2262 2420 sit.
2297 2376 2524 2416 necesse
2559 2369 2643 2414 est
2675 2360 2822 2414 illam
2856 2374 2921 2412 ex
2968 2358 3127 2413 solita
3154 2357 3403 2410 omnium

1818 2455 2177 2525 generatione
2229 2452 2438 2522 aliquid
2498 2451 2728 2515 habere,
2768 2450 3043 2520 siquidem
3095 2448 3279 2502 divina
3314 2463 3407 2517 ge-

1820 2545 2035 2600 neratio
2073 2555 2205 2599 tunc
2252 2543 2414 2598 nobis
2454 2559 2563 2598 non
2607 2542 2863 2612 expedite
2906 2540 3313 2597 ostenderetur.
3347 2538 3405 2593 Si

1820 2648 2005 2691 autem
2030 2652 2143 2691 neci
2170 2651 2257 2690 sse
2280 2646 2383 2698 est,
2409 2651 2475 2690 ex
2500 2634 2736 2690 assuetis
2764 2632 3221 2705 generationibus
3249 2631 3405 2685 vobis
3480 2652 3483 2657 ν

1820 2726 2317 2796 argumentandum
2342 2736 2427 2781 est
2461 2734 2518 2781 et
2553 2726 2781 2780 omnino
2806 2724 3098 2788 similibus,
3131 2739 3163 2777 ο
3192 2722 3409 2792 sapien-

1822 2828 1925 2873 tes.
1956 2817 2148 2873 Omnis
2184 2818 2351 2887 igitur
2378 2819 2662 2888 generatio
2690 2817 2857 2887 hujus
2891 2821 2958 2870 ad
2990 2816 3185 2879 instar,
3216 2814 3408 2869 admi-

1822 2908 2015 2972 randa,
2036 2918 2094 2963 et
2114 2908 2245 2964 huic
2266 2910 2556 2978 aequanda,
2581 2910 2727 2979 qudd
2760 2909 2987 2964 inferius
3011 2919 3106 2964 aut
3123 2909 3410 2978 aequaliter

1821 3013 1879 3052 se
1918 2998 2083 3053 habet
2110 3000 2329 3069 genitus
2356 2999 2422 3054 ad
2461 2999 2787 3068 genitorem,
2822 2999 2928 3054 hoc
2951 2998 3249 3054 ostendite.
3275 2997 3409 3065 Quis

1823 3104 1956 3143 vero
1984 3097 2222 3144 vestram
2253 3105 2361 3144 non
2392 3090 2708 3159 deploraret
2740 3090 3082 3144 caecitatem?
3115 3089 3259 3160 quod
3287 3102 3411 3158 quae

1824 3179 2116 3249 oportebat
2159 3180 2306 3236 credi
2351 3181 2419 3235 de
2465 3180 2656 3235 divino
2692 3192 2818 3236 ortu
2849 3180 2920 3235 ob
2951 3179 3252 3250 stupendas
3278 3188 3411 3248 puta

1821 3280 1877 3326 et
1927 3274 2376 3341 supernaturales
2448 3284 2503 3329 et
2569 3284 2770 3344 prteter
2842 3281 3126 3327 assuetum
3181 3270 3408 3325 modum

1820 3362 2084 3427 rationes,
2137 3379 2235 3433 per
2281 3363 2397 3418 luce
2436 3363 2728 3418 instituere
2763 3360 3064 3424 conamini,
3112 3358 3259 3431 quod
3294 3374 3408 3412 non

1819 3454 1916 3509 Dei
1955 3455 2354 3525 sitgeneratio,
2379 3471 2502 3510 cum
2548 3471 2659 3509 non
2705 3454 2901 3510 eodem
2932 3453 3095 3507 modo
3134 3467 3194 3507 se
3243 3450 3412 3505 habet

1819 3562 1885 3601 ac
1936 3557 2138 3602 nostrae
2180 3557 2460 3617 corrupta:
2488 3556 2545 3601 et
2574 3547 2854 3603 naturales
2884 3545 3291 3618 generationes,
3325 3550 3408 3606 ut,

1820 3633 2129 3687 secundum
2153 3649 2274 3698 vos,
2305 3635 2351 3687 si
2377 3636 2734 3704 generatione
2766 3643 2964 3691 vestra:
2998 3634 3162 3689 simili
3191 3632 3412 3704 genitus

1818 3725 1909 3789 sit,
1962 3735 2095 3780 tunc
2124 3726 2352 3796 dignum
2396 3726 2504 3782 (ide
2539 3727 2611 3780 sit
2641 3742 2805 3795 supra
2849 3741 2949 3779 nos
2981 3725 3133 3778 illum
3162 3724 3410 3793 genitum

1818 3830 1939 3870 esse
1965 3816 2060 3885 qui
2092 3824 2253 3870 natus
2286 3826 2372 3871 est
2408 3836 2421 3870 :
2456 3816 2502 3872 si
2544 3832 2680 3871 vero
2709 3833 2820 3870 non
2862 3815 2996 3870 illud
3042 3824 3171 3869 tunc
3201 3813 3406 3876 evadit,

1820 3909 1967 3963 unde
2012 3916 2267 3977 oporteat
2321 3924 2424 3963 nos
2452 3910 2624 3963 Deum
2658 3909 2886 3963 credere
2917 3907 2984 3961 de
3026 3922 3123 3961 sua
3175 3907 3278 3961 hac
3315 3921 3410 3976 ge-

1172 3994 1445 4065 siquidem
1487 4013 1518 4051 a
1552 3999 2005 4068 generationibus
2049 4018 2231 4072 neque
2280 4002 2583 4058 secundum
2655 4018 2779 4067 nos,
2847 4017 3027 4072 neque
3086 4016 3251 4071 supra
3305 4015 3410 4055 nos

2405 4183 2555 4240 CAP.
2616 4185 2756 4241 XXX
2771 4186 2831 4238 V.

1889 4278 1947 4333 Si
1996 4293 2129 4333 vere
2184 4288 2378 4349 partus
2414 4295 2479 4336 ex
2526 4278 2752 4333 omnino
2804 4276 3081 4330 similibus
3128 4275 3312 4340 fuerit,
3352 4275 3406 4331 in

1816 4386 1928 4441 quo
1958 4372 2266 4426 secundum
2295 4370 2664 4427 substantiam
2697 4368 2918 4440 pariens
2954 4367 3151 4422 similis
3185 4368 3406 4437 parien-

126 4457 311 4522 ὲστιν,
344 4457 371 4507 6
393 4458 571 4528 πάντη
597 4458 825 4529 ἀνόμοια
863 4460 1067 4512 τίκτων
1094 4459 1216 4512 κατ’
1244 4460 1454 4523 οὐσίαν,
1490 4464 1554 4513 ὲκ
1602 4460 1712 4514 τῶν

1824 4437 1972 4513 tibus
2006 4473 2135 4513 vere
2167 4458 2260 4522 sit,
2313 4458 2407 4513 hic
2447 4466 2664 4528 partus,
2698 4437 2769 4510 vin
2829 4470 2938 4524 quo
2988 4470 3218 4525 prorsus
3265 4454 3409 4509 absi-

127 4546 356 4614 ὁμοίων,
413 4548 514 4600 οὐκ
567 4546 683 4601 ἐστι
729 4548 873 4603 κατά
929 4548 1192 4619 ἀλήθειαν
1247 4549 1426 4613 τόκος.
1479 4552 1559 4604 Τά
1603 4552 1713 4623 γὰρ

129 4638 370 4705 ἐναντία,
398 4641 459 4693 οὐ
497 4639 926 4712 συναληθεύουσί
970 4657 1102 4693 ποτε
1125 4656 1140 4671 ⁸
1194 4641 1329 4695 ἀλλὰ
1363 4643 1425 4695 τὸ
1454 4642 1671 4710 πρῶτον
1694 4659 1709 4674 ⁶

131 4731 230 4784 οὐκ
262 4733 370 4802 ἄρα
391 4733 452 4785 τὸ
486 4731 865 4805 ὖστερον.⁹’οτι
898 4732 997 4803 μὲν
1017 4733 1046 4786 ὃ
1082 4749 1139 4786 τε
1170 4735 1235 4787 ὲκ
1256 4734 1364 4787 τῶν
1379 4734 1603 4805 ὁμοίων,
1623 4736 1717 4789 καὶ

92 4872 109 4881 κ
130 4823 159 4874 6
198 4823 261 4888 ἐξ
286 4825 588 4895 ἀνομοίων·
622 4826 650 4879 ὃ
690 4842 750 4879 τε
789 4827 869 4889 εἰς
896 4825 957 4878 τὸ
990 4820 1151 4891 εἶναι,
1188 4826 1283 4880 καὶ
1303 4828 1382 4891 εις
1402 4828 1463 4881 τὸ
1491 4827 1715 4883 τοιῶσδε

131 4911 276 4969 εἶναι
301 4932 315 4945 ·
349 4917 446 4970 καὶ
478 4919 532 4971 et
556 4934 638 4980 τις
668 4918 855 4989 ἔτερος
876 4918 1037 4971 τόκου
1072 4920 1292 4990 τρόπος,
1327 4921 1484 4985 τόκος
1510 4921 1627 4974 ὲστί
1653 4938 1713 4975 τε

132 5007 226 5059 καὶ
256 5006 474 5076 λέγεται
493 5006 712 5079 άληθῶς
731 5011 797 5080 τῇ
834 5008 955 5081 θείᾳ
985 5009 1176 5080 Γραφῇ
1208 5012 1349 5065 κατὰ
1373 5012 1465 5065 τὸν
1520 5011 1714 5065 ἑαυτοῦ

130 5096 312 5165 λόγον,
340 5099 436 5152 καὶ
463 5099 638 5172 Δὑμεῖς
682 5101 939 5169 εἰρήκατε
974 5100 1234 5164 πολλάκις
1276 5100 1438 5172 μέχρι
1472 5100 1566 5156 τοῦ
1595 5101 1711 5157 νῦν.

139 5188 200 5241 Ei
237 5189 294 5243 δὲ
319 5190 378 5242 τὺ
409 5170 507 5261 μέν
557 5187 695 5244 εἶναι
726 5193 886 5244 τόκον
920 5190 1209 5253 διδοῦντες,
1234 5170 1297 5244 οὗ
1333 5170 1537 5263 κυρίως
1563 5193 1715 5262 ὅμως

130 5282 224 5333 καὶ
281 5282 425 5335 κατᾶ
488 5282 749 5354 ἀλήθειαν
804 5281 964 5335 τοῦτο
1009 5277 1149 5358 εἷναί
1194 5299 1334 5351 φατε
1363 5284 1456 5336 τὸν
1512 5284 1614 5337 οὐκ
1659 5285 1725 5355 ἐξ
1763 5289 1769 5296 ’

129 5372 331 5441 ὁμοίων
353 5376 472 5428 κατ’
502 5375 691 5428 οὐσίαν
723 5374 1030 5445 γινόμενον,
1083 5374 1303 5443 ἀνάγκη
1338 5378 1407 5445 τῇ
1454 5374 1714 5444 ὁμοιώσει

129 5466 238 5520 τῶν
296 5470 611 5532 τικτόντων,
645 5469 741 5523 καὶ
773 5469 834 5522 οὐ
862 5468 941 5539 τῷ
997 5468 1141 5539 λόγῳ
1175 5467 1268 5521 τοῦ
1296 5467 1482 5531 τόκου,
1515 5468 1716 5521 εἰδέναι

134 5556 278 5626 ὑμᾶς
308 5560 408 5631 τὴν
441 5559 701 5632 ἀληθινὴν
731 5560 1005 5630 γέννησιν.
1048 5560 1190 5630 Ἤδη
1220 5559 1318 5630 μὲν
1352 5555 1446 5612 οὖν
1467 5559 1717 5612 ἐλέλεκτο

131 5646 289 5701 τοῦτο
335 5650 464 5720 ὑμῖν
506 5650 701 5720 μικρὸν
724 5652 982 5720 ἀνωτέρω
1010 5649 1266 5705 δεόντω.·.
1303 5647 1425 5712 Πῶς
1455 5648 1566 5717 γάρ
1616 5648 1715 5701 ἀν·

132 5732 316 5810 ὅμοιος
374 5743 451 5796 ὢν
481 5742 671 5813 ἑτέρου
706 5743 832 5815 βάτί
845 5760 974 5813 αχος
1012 5743 1074 5795 ἐκ
1102 5740 1196 5795 τοῦ
1220 5742 1405 5812 ὁμοίου
1432 5739 1719 5812 γεννηθείη

1816 4550 1963 4606 milis
1996 4550 2219 4621 pariens
2266 4549 2570 4605 secundum
2630 4548 2996 4605 substantiam
3029 4546 3217 4612 fuerit,
3268 4563 3298 4601 e
3328 4547 3408 4601 si—

1815 4642 2044 4697 milibus
2082 4658 2214 4698 vere
2254 4656 2370 4697 non
2423 4649 2528 4697 est.
2585 4640 2878 4697 Contraria
2932 4639 3083 4695 enim
3123 4655 3405 4708 nunquam

1814 4733 1981 4789 simul
2002 4750 2131 4790 vera
2165 4746 2327 4802 sunt;
2364 4733 2461 4790 sed
2484 4748 2678 4789 verum
2707 4733 2889 4803 prius;
2915 4748 3025 4787 non
3056 4746 3246 4785 verum
3277 4745 3407 4802 ergo

1817 4826 2311 4898 posteriussQnod
2355 4828 2445 4881 ille
2499 4842 2531 4882 e
2578 4825 2876 4890 similibus,
2911 4832 2967 4879 et
3012 4823 3104 4877 hie
3156 4838 3223 4880 ex
3254 4822 3404 4875 absti-

1817 4919 2079 4985 milibus;
2117 4919 2209 4974 ille
2250 4918 2397 4989 quod
2440 4918 2531 4982 sit,
2573 4927 2629 4971 et
2661 4916 2751 4971 tali
2796 4914 2961 4968 modo
2995 4913 3085 4970 sit.
3119 4921 3176 4967 et
3210 4911 3256 4967 si
3283 4913 3439 4993 quis.

1819 5012 1963 5065 alius
1986 5020 2071 5065 est
2097 5020 2288 5080 partus
2335 5009 2555 5072 modus,
2604 5016 2797 5078 partus
2822 5006 2896 5061 sit
2948 5014 3003 5060 et
3034 5003 3251 5059 dicatur
3279 5019 3405 5059 vere
3435 5073 3441 5079 γ

1820 5101 2008 5155 divina
2033 5100 2320 5171 Scriptura
2351 5099 2658 5155 secundum
2690 5113 2846 5153 suam
2898 5097 3192 5158 rationem,
3228 5104 3285 5150 et
3313 5110 3409 5149 vos

1824 5192 2023 5264 smpius
2080 5194 2351 5248 hactenus
2383 5192 2620 5247 dixistis.
2658 5190 2754 5245 Sin
2799 5198 2985 5246 autem
3034 5200 3253 5260 partum
3290 5203 3411 5242 esse

1822 5284 2212 5347 concedentes,
2245 5299 2356 5338 non
2388 5283 2606 5353 proprie
2631 5291 2687 5337 et
2716 5297 2845 5336 vere
2898 5296 3020 5336 esse
3044 5279 3232 5335 dicitis
3260 5278 3411 5331 hunc

1823 5378 1918 5447 qui
1955 5392 1987 5430 e
2018 5375 2295 5431 similibus
2322 5373 2629 5430 secundum
2680 5369 3048 5427 substantiam
3093 5368 3270 5424 factus
3300 5377 3409 5431 est,

1823 5481 2051 5521 necesse
2098 5474 2184 5520 est
2219 5465 2290 5520 oh
2335 5463 2755 5519 similitudinem
2809 5461 3160 5532 parientium,
3197 5467 3253 5512 et
3297 5472 3410 5511 non

1824 5558 1896 5614 ob
1923 5566 2117 5628 partus
2148 5559 2452 5621 rationem,
2486 5555 2793 5631 intelligere
2825 5569 2923 5608 vos
2959 5566 3145 5625 veram
3179 5564 3412 5621 genera-

1829 5649 2057 5705 tionem.
2110 5648 2228 5703 Jam
2288 5646 2513 5719 quidem
2565 5647 2731 5718 igitur
2784 5645 2993 5699 dictum
3047 5651 3132 5700 est
3177 5643 3321 5699 istud
3367 5649 3398 5688 ὃ

1827 5740 1988 5797 vobis
2028 5750 2339 5814 opportune
2395 5741 2562 5810 paulo
2611 5737 2893 5810 superius.
2927 5736 3214 5809 Quomodo
3261 5735 3409 5791 enim
