3908 6306
237 343 381 408 1705

1145 340 1570 421 aovnnsus
1610 332 2167 415 NESTORIANOS._
2194 356 2261 370 -
2293 336 2437 393 LIB.
2480 336 2577 394 Iv.

3357 333 3493 396 1706

233 457 542 518 secundum
570 464 822 510 naturam
858 456 1218 519 immutabile,
1264 470 1374 508 non
1407 454 1463 508 in
1495 448 1815 505 substantia:
1853 447 2162 517 adiunctis;
2204 454 2461 499 manente
2516 454 2698 499 autem
2764 445 2818 499 in
2854 444 3180 505 illiseodcm
3212 443 3374 499 modo
3401 464 3490 500 na.

234 564 365 608 tura
408 565 532 620 qua:
559 549 709 604 circa
744 548 1184 627 subsistentiam.

803 641 1055 696 ΚΕΦΑΛ.
1091 642 1212 695 ΛΖ’.

320 735 487 790 Ἀλλά
512 752 648 804 φασι
687 734 784 788 καὶ
811 733 927 786 τόδε
956 733 1005 785 οἱ
1038 733 1217 786 πάντα
1249 731 1430 799 λέγειν
1471 728 1693 791 εἰδότες,
1727 727 1814 780 ἵνα

238 827 318 902 μὴ
347 832 413 900 τῇ
437 827 666 898 ἀληθείᾳ
682 826 1153 898 συμφθέγξωνται,
1184 824 1270 878 ἶνα
1300 824 1395 880 καὶ
1415 826 1529 887 τοῖς
1557 821 1616 887 ἐξ
1641 822 1814 891 ἀγρά-

235 937 341 992 φου
365 919 545 973 αὐτῶν
573 920 811 992 ῥήμασιν
841 917 1247 988 ἐπεξέλθωμεν·
1278 917 1359 968 δτι
1409 914 1520 968 ίδοὺ
1547 914 1641 967 καὶ
1670 910 1815 966 κατὰ

233 1012 335 1075 τὰς
361 1010 639 1081 ὑμετέρας
671 1009 957 1073 ὑποθέσεις
972 1009 1065 1062 καὶ
1087 1007 1454 1071 κατασκευὰς,
1485 1007 1582 1060 xci.
1619 1006 1683 1058 ἐκ
1715 1004 1813 1074 μέ-

237 1116 365 1173 ρους
396 1101 492 1154 καὶ
522 1101 663 1154 κατά
691 1117 742 1153 τι
786 1099 996 1165 ἔξεστιν
1047 1098 1332 1170 ὀνομάζειν
1357 1097 1503 1162 τινός
1538 1113 1660 1149 τινα
1711 1111 1817 1165 μη-

235 1192 390 1264 τέρα.
448 1190 574 1254 Πῶς
600 1186 693 1244 οῦν
719 1193 768 1244 εί
819 1192 893 1261 μὴ
932 1192 1173 1260 ἀσαρκον
1212 1187 1540 1260 γεννηθῆναι
1592 1186 1725 1239 Θεόν
1753 1185 1813 1248 ἐξ

234 1284 409 1352 αὐτῆς
465 1281 737 1349 δοξάζετε,
787 1281 1037 1350 λέγουσιν
1079 1283 1212 1352 ἡμῖν
1272 1279 1687 1351 ἀνθρωποτὼιον
1717 1277 1812 1331 καὶ⁹

234 1372 301 1426 ἐκ
328 1371 526 1443 μέρους
554 1371 758 1441 ταύτην
797 1372 1073 1443 Παρθένον
1110 1369 1488 1440 ἀντιφέρεσθε,
1540 1368 1601 1433 τὸ
1620 1368 1810 1422 6501:6-

233 1479 331 1527 κος
357 1462 526 1534 ὄνομα
560 1463 722 1534 μόνον
745 1464 883 1535 αύτῇ
927 1465 1050 1517 κατ’
1080 1461 1359 1534 ἐξαίρετον
1377 1460 1811 1531 ἀποκληρώσαν-

234 1571 349 1617 τες,
417 1554 532 1607 ἀλλ’
559 1553 679 1607 οὐδὲ
712 1554 1078 1623 Χριστοτόκον
1111 1555 1175 1605 ἐκ
1214 1551 1309 1604 τοῦ
1343 1551 1466 1604 ὅλου
1506 1548 1810 1619 φάσκοντας

121 1714 127 1717 _
234 1645 405 1716 αὐτὴν
431 1645 782 1715 οἰκειότερον,
818 1645 1223 1715 καταδέχεσθε;
1263 1644 1372 1697 Καὶ
1406 1642 1542 1712 πρὸς
1566 1640 1726 1694 τοῦτο
1750 1638 1807 1692 δέ

234 1755 417 1806 φαμεν
430 1737 613 1798 αὐτοῖς
640 1736 856 1807 πρῶτον
883 1736 1000 1807 μὲν,
1018 1734 1144 1798 Πῶς
1171 1733 1397 1788 δύνασθε
1416 1730 1809 1800 ἀθλιοιάνθρω-

232 1828 465 1882 ποτόκον
477 1826 758 1898 ὀνομάζειν
768 1828 868 1899 τὴν
879 1825 1039 1894 ἁγίαν
1057 1824 1353 1897 Παρθένον,
1370 1825 1433 1877 ἐκ
1450 1822 1669 1894 μέρους,
1685 1821 1734 1873 oi
1749 1817 1808 1874 δέ

231 1922 300 1974 ἐκ
317 1918 516 1992 μέρους
532 1920 702 1991 αὐτὴν
721 1919 981 1973 Θεοτόκον
1008 1915 1293 1989 ὀνομάζειν
1324 1914 1399 1986 μὴ
1437 1913 1809 1983 καταδεξάμε-

2485 625 2938 699 CAP.XXXVH.

1985 718 2095 774 Sed
2130 719 2324 775 dicunt
2359 720 2465 774 hoc
2488 735 2729 788 quoque,
2761 720 2850 775 isti
2887 729 3080 774 cuncta
3108 719 3291 777 dicere
3316 722 3498 776 scien-

1917 820 2023 876 tes,
2052 827 2122 866 ne
2156 811 2377 867 veritati
2406 811 2765 866 consonantia
2820 811 3141 881 loquantur,
3184 821 3241 885 et
3290 820 3349 866 ιιι
3393 826 3482 867 ee-

1918 921 2040 960 rum
2095 921 2205 959 non
2265 904 2472 975 scripta
2538 903 2709 959 verba
2762 902 3148 974 impugncmus
3197 919 3486 974 :nempe.

1915 995 2219 1052 secundum
2255 1006 2466 1052 vestras
2508 996 2922 1066 suppositiones
2956 1004 3012 1050 et
3055 996 3493 1066 argumentatio-

1913 1102 2034 1151 nes,
2077 1097 2134 1142 et
2165 1102 2230 1141 ex
2260 1096 2415 1158 parte
2443 1096 2499 1141 et
2530 1086 2833 1142 secundum
2869 1085 3001 1155 quid
3033 1086 3165 1140 licet
3206 1087 3491 1140 nominare

1913 1166 2145 1250 alicujus
2187 1179 2426 1249 aliquam
2453 1189 2723 1243 matrem;
2771 1177 3048 1246 quomodo
3090 1178 3273 1248 igitur,
3303 1177 3347 1232 si
3383 1192 3490 1230 non

1910 1271 2314 1341 incorporalem
2339 1272 2584 1341 genitum
2618 1271 2786 1327 fuisse
2814 1271 2988 1327 Deum
3026 1286 3091 1324 ex
3116 1270 3205 1325 illa
3231 1268 3489 1333 censetis,

1912 1362 2362 1432 nobisinquiunt,
2378 1363 2617 1418 hominis
2640 1371 2867 1417 matrem
2898 1363 3062 1417 etiam
3084 1377 3149 1416 ex
3174 1371 3327 1430 parte
3345 1360 3492 1415 illam

1909 1452 2193 1523 Virginem
2211 1453 2503 1515 accusatis,
2519 1454 2615 1508 Dei
2632 1453 2816 1507 Matris
2830 1453 3246 1522 appellationem
3263 1452 3340 1505 illi
3372 1468 3489 1522 spe-

1912 1544 2126 1598 cialiter
2165 1545 2552 1607 attribuentes,
2600 1544 2695 1599 scd
2724 1543 2926 1599 Christi
2967 1552 3194 1598 matrem
3232 1543 3285 1597 in
3321 1552 3493 1597 totum

1911 1650 2013 1689 nos
2044 1635 2448 1706 propriemagis
2471 1636 2618 1690 illam
2647 1635 2984 1705 appellantes
3008 1651 3118 1689 non
3134 1634 3384 1705 accipitis
3403 1635 3482 1687 ἳ-

1910 1726 1979 1781 Ει
2008 1725 2075 1780 ad
2100 1727 2212 1781 haec
2239 1726 2479 1797 primum
2503 1720 2908 1781 istisdicimus:
2935 1727 3219 1792 Quomodo
3242 1726 3492 1795 potestis.

1911 1831 1944 1869 0
1972 1815 2177 1881 miseri,
2205 1817 2447 1872 hominis
2464 1826 2692 1872 matrem
2718 1819 3002 1872 nominare
3036 1828 3279 1873 sanctam
3314 1818 3495 1888 Virgi-

1910 1921 2038 1961 nem
2079 1922 2145 1961 ex
2170 1917 2344 1977 parte.
2368 1909 2463 1978 qui
2488 1924 2554 1963 ex
2574 1917 2726 1978 parte
2757 1909 2898 1963 hanc
2925 1909 3022 1963 Dei
3047 1908 3272 1964 Matrem
3309 1909 3491 1963 nomi-

232 1991 352 2078 νοις
380 2011 456 2065 θύ
478 2010 586 2080 γάρ
616 2010 684 2064 δι’
703 2003 778 2064 ὧν
798 2026 880 2074 τις
905 2008 1082 2078 λόγων
1099 2009 1198 2071 τὰς
1225 2005 1519 2076 ὀνομασίας
1545 2006 1813 2059 ἀποσκευ-

1920 2015 2048 2054 nare
2064 2015 2173 2055 non
2198 2000 2559 2056 consentitis?
2586 2016 2696 2055 non
2721 2000 2868 2055 enim
2898 2016 2996 2071 per
3035 2016 3197 2071 quam
3222 2001 3491 2056 rationem

232 2099 426 2166 άζεται
469 2100 579 2156 τῶν
625 2099 907 2164 ἐναντίων,
924 2097 1012 2152 διὰ
1032 2096 1240 2150 τούτων
1268 2096 1364 2150 καὶ
1411 2095 1811 2175 προϐάλλεσθαι

234 2189 461 2245 δύναται
488 2189 588 2255 τὰς
638 2188 792 2253 ίδίας,
824 2186 964 2258 πλὴν
994 2188 1042 2240 εί
1084 2186 1159 2258 μὴ
1192 2186 1312 2240 κατ’
1334 2184 1585 2250 ἐξουσίας
1611 2186 1813 2256 τρόπον

235 2281 396 2336 τοῦτο
426 2284 575 2353 ποιῇ.
610 2279 874 2350 Δεύτερον
899 2280 955 2333 δὲ
987 2279 1285 2333 ἀκούσεσθε
1305 2279 1434 2349 παρ’
1458 2277 1725 2348 ἡμῶν,ὡς
1756 2276 1815 2342 ἐξ

236 2374 459 2429 ἐκείνων
498 2374 786 2444 ὀνομάζειν
814 2371 923 2426 τῶν
951 2372 1134 2443 μερῶν
1172 2371 1234 2425 τὸ
1276 2371 1416 2438 ὅλον,
1445 2370 1566 2435 ἔθος
1598 2373 1665 2442 τῇ
1693 2370 1815 2441 θείᾳ

234 2467 431 2538 Γραφῇ
457 2465 795 2535 σαφέστατα,
816 2463 926 2517 τῶν
944 2464 1067 2517 κατ’
1098 2463 1455 2535 ἐπικράτειαν
1484 2457 1624 2515 εἶναι
1654 2462 1712 2514 ἐν
1734 2461 1816 2530 τῷ

136 2572 145 2577 ‘
236 2557 482 2627 συνθέτῳ
517 2556 857 2627 φαινομένων
877 2571 890 2586 ⁸
924 2557 1021 2610 καὶ
1050 2556 1160 2628 γὰρ
1186 2554 1643 2626 ὡμολογημένοις,
1667 2552 1731 2606 ἐκ
1755 2552 1816 2606 τε

236 2648 417 2720 ψυχῆς
463 2648 559 2702 καὶ
624 2647 877 2718 σώματος
936 2647 1045 2701 τῶν
1098 2644 1407 2716 ἀνθρώπων
1464 2642 1816 2697 συνεστώτων

238 2740 484 2805 πάντων,
536 2740 684 2810 ὅμως
739 2740 903 2811 ἡνίκα
935 2740 963 2792 ὁ
1025 2740 1167 2794 κατά
1224 2737 1455 2810 θάτερον
1511 2739 1678 2807 μέρος
1715 2736 1816 2807 τῆς

240 2831 545 2891 συνθέσεως
588 2832 932 2903 ἐπεκράτησε
978 2829 1074 2884 τοῦ
1112 2829 1250 2901 βίου,
1283 2830 1378 2883 καὶ
1410 2830 1511 2898 τῆς
1534 2828 1680 2899 ζωῆς
1705 2826 1816 2880 τῶν

243 2917 546 2989 ἀνθρώπων
578 2919 758 2988 λόγος,
786 2921 1003 2991 εἴρηται
1035 2920 1111 2984 ὡς
1130 2920 1191 2972 ού
1211 2920 1286 2990 μὴ
1320 2920 1478 2991 μείνῃ
1502 2919 1561 2972 τδ
1590 2915 1819 2987 Πνεῦμά

245 3012 427 3081 μουέν
457 3013 571 3074 τοῖς
588 3008 895 3081 ἀνθρώποις
920 3010 1150 3077 τούτοις,
1204 3010 1292 3064 διὰ
1332 3011 1393 3063 τὸ
1445 3006 1584 3062 εῖναι
1619 3009 1818 3072 αὐτοὺς

242 3098 486 3172 σάρκαςο
515 3099 609 3153 καί
649 3116 733 3153 τοι
761 3099 1216 3170 ὡμολογημένως,
1244 3100 1345 3152 ούκ
1397 3098 1621 3168 ἀψύχων
1649 3099 1817 3152 ὀντων

240 3198 350 3252 τῶν
378 3196 655 3270 σαρκικῶς
680 3195 938 3267 βιούντων
956 3196 1099 3263 τότε,
1124 3196 1240 3250 ἀλλ’
1268 3196 1733 3266 ἐπικρατηθέντος
1752 3197 1818 3267 τῇ

240 3290 402 3362 φύσει
429 3290 528 3362 τῆς
557 3289 788 3361 σαρκός*
828 3287 1092 3342 Ἰακὼόδέ
1120 3288 1367 3343 πάλινέν
1396 3293 1437 3341 o'
1462 3287 1661 3358 ψυχαῖς
1698 3290 1816 3385 είσ-
1843 3321 1890 3385 c

246 3381 380 3434 ιέναι
415 3381 494 3443 εἰς
556 3379 656 3452 τὴν
687 3381 960 3449 Αἴγυπτον
999 3378 1442 3451 ἀναγέγραπται,
1476 3378 1576 3432 οὐκ
1592 3377 1819 3448 ἀσωμά-

239 3489 349 3536 τως
363 3472 605 3541 δηλονότι
624 3474 723 3542 τὴν
752 3469 1059 3544 παρουσίαν
1080 3474 1260 3526 ἐκεῖσε
1292 3471 1659 3542 ποιησάντων,
1683 3471 1820 3545 ἀλλὰ

242 3564 351 3618 τῶν
387 3563 448 3630 ἐξ
495 3563 688 3618 Ἰακὼϐ
729 3567 797 3636 τῇ
846 3563 991 3618 κατά
1017 3563 1078 3618 τδ
1109 3566 1361 3635 κρεῖττον
1385 3563 1494 3618 τῶν
1533 3566 1593 3618 ἐν
1619 3564 1697 3635 τῷ
1725 3566 1822 3618 ἀν-

239 3656 448 3729 θρώπῳ
482 3657 726 3729 πολιτείᾳ
762 3659 1231 3729 μαρτυρουμένων
1252 3675 1265 3690 ·
1293 3658 1398 3723 ἓως
1421 3658 1820 3730 πληθυνθέντες

242 3751 294 3805 oi
318 3750 424 3803 υἱοὶ
457 3748 693 3822 Ἰσραὴλ,
714 3749 922 3820 χυδαῖοι
963 3749 1245 3819 ἐγένοντο·
1273 3751 1469 3804 ούκοῦν
1494 3750 1721 3814 δεόντως
1752 3752 1816 3822 τῇ

242 3840 338 3895 τοῦ
359 3839 507 3894 θείου
531 3840 731 3911 μέρους
762 3841 1088 3912 ἐπικρατείᾳ
1115 3841 1278 3906 ὁσίως
1303 3858 1363 3895 τε
1397 3841 1491 3895 καὶ
1516 3845 1626 3905 τοῖς
1653 3842 1820 3911 ἱεροῖς

240 3932 422 4002 λόγοις
456 3932 787 3996 ἀκολούθως,
830 3932 963 3987 Θεὸν
987 3933 1080 3987 τὸν
1108 3932 1228 3986 ὅλον
1261 3934 1497 4003 Χριστὸν
1552 3932 1816 4004 ὀνομάζο-

248 4037 379 4094 μενο
408 4021 641 4093 μάλιστα
669 4021 727 4076 δὲ
780 4021 864 4075 ὅτι
905 4022 1001 4074 καὶ
1050 4020 1113 4076 τὺ
1147 4021 1462 4077 ίδικὼτατον
1510 4021 1644 4075 Θεοῦ
1675 4039 1817 4092 γνω-

250 4114 528 4185 ριστήριον
555 4117 613 4166 ἐν
643 4112 721 4183 τῷ
750 4114 871 4167 κατ’
889 4113 1056 4168 αὐτὸν
1084 4113 1215 4184 ὅλῳ,
1252 4115 1347 4168 καὶ
1390 4114 1494 4168 οὐκ
1524 4116 1582 4167 ἐν
1611 4110 1688 4185 τῷ
1737 4114 1820 4171 ἐνὶ

246 4204 409 4276 μόνον
440 4202 596 4275 μέρει
626 4202 962 4275 θεωροῦμεν,
984 4203 1125 4276 ὅπερ
1162 4203 1280 4256 ἐστὶ
1318 4204 1381 4258 τὸ
1398 4204 1782 4275 ἀναμάρτητον
1800 4220 1815 4234 ⁸

240 4296 327 4352 ἔτι
355 4297 464 4367 μὴν
509 4297 604 4350 καὶ
641 4297 822 4351 πᾶσαν
850 4295 1129 4369 θεοπρεπῆ
1177 4296 1377 4369 πρᾶξιν
1420 4300 1480 4353 ἐν
1509 4296 1659 4370 αύτῷ
1712 4296 1820 4368 ὅλῳ

240 4387 606 4458 γινώσκομεν.

316 4479 511 4554 Τρίτον
538 4480 593 4534 δέ
629 4481 757 4552 ύμῖν
782 4498 962 4554 φαμεν
991 4499 1005 4514 ο
1052 4482 1181 4548 Πῶς
1209 4484 1426 4539 πάντων
1451 4483 1562 4538 τῶν
1612 4482 1820 4557 κυρίων

240 4571 541 4640 ὀνομάτων,
578 4570 814 4641 μάλιστα
838 4572 946 4626 τῶν
974 4573 1311 4645 φερωνύμως
1350 4576 1642 4646 κειμένων,
1669 4573 1820 4644 ίδικῷ
1846 4572 1851 4577 ’

1913 2090 2111 2160 aliquis
2150 2090 2631 2147 denominationes
2654 2090 3061 2147 contrariorum
3117 2090 3337 2162 rejicit,
3395 2104 3492 2161 per

1913 2180 2167 2236 eamdem
2214 2190 2397 2251 potest
2446 2182 2695 2253 proprias
2735 2182 3044 2249 admittere,
3089 2183 3196 2239 nisi
3245 2183 3349 2239 hoc
3396 2199 3495 2253 per

1916 2272 2198 2328 licentiam
2246 2273 2434 2329 faciat.
2487 2274 2746 2330 Secundo
2795 2285 2978 2330 autem
3016 2276 3201 2330 audite
3244 2293 3275 2332 e
3310 2277 3492 2341 nobis,

1915 2362 2376 2433 quemadmodum
2402 2379 2467 2419 ex
2494 2365 2580 2420 his
2609 2365 2855 2435 partibus
2888 2373 3060 2421 totum
3101 2367 3374 2437 appellare
3404 2381 3495 2421 as-

1916 2455 2167 2509 sueverit
2191 2455 2448 2525 proiecto
2477 2457 2766 2527 Scriptura
2801 2457 3011 2523 divina,
3036 2473 3158 2528 quae
3195 2458 3248 2513 in
3274 2473 3498 2528 compo-

1916 2545 2023 2599 sito
2049 2545 2320 2601 dominari
2355 2547 2633 2603 videntur.
2686 2548 2928 2615 Etenim,
2956 2558 3018 2604 ut
3068 2549 3174 2620 ipsi
3225 2549 3492 2613 fatemini,

1916 2647 1984 2688 ex
2013 2634 2194 2688 anima
2217 2643 2274 2690 et
2299 2650 2530 2706 corpore
2550 2653 2675 2692 cum
2713 2652 2904 2694 omnes
2938 2646 3193 2694 constant
3219 2639 3495 2705 homines,

1918 2734 2159 2781 attamen
2188 2727 2409 2797 quando
2429 2728 2483 2782 in
2509 2729 2738 2784 alteram
2766 2731 3056 2800 compositi
3086 2740 3296 2800 partem
3327 2731 3499 2786 domi—

1917 2815 2158 2871 nabatur
2188 2816 2314 2872 vita:
2359 2826 2415 2872 et
2448 2819 2806 2874 auimaiitatis
2848 2821 3135 2875 hominum
3195 2823 3372 2888 ratio,
3410 2821 3497 2876 di-

1918 2913 2067 2960 ctum
2102 2915 2187 2961 est
2211 2908 2354 2977 quod
2382 2924 2492 2963 non
2527 2919 2744 2964 maneat
2778 2912 3008 2982 spiritus
3042 2927 3199 2968 meus
3227 2913 3282 2967 in
3314 2912 3496 2968 homi-

1916 2994 2084 3050 nibus
2126 2994 2248 3050 istis
2276 3012 2345 3052 eo
2389 2998 2536 3068 quod
2585 3014 2715 3055 caro
2740 3000 2886 3068 sint;
2918 3017 3109 3057 verum
3160 3004 3281 3058 sine
3327 3003 3500 3058 dubio

1918 3103 2030 3142 non
2074 3088 2280 3159 absque
2310 3091 2491 3145 anima
2517 3100 2677 3146 erant
2704 3092 2796 3147 isti
2829 3094 2923 3162 qui
2953 3095 3247 3150 carnaliter
3281 3104 3394 3150 tum
3420 3098 3501 3150 vi-

1918 3179 2139 3245 vebant,
2159 3181 2253 3235 sed
2267 3181 2656 3237 dominabatur
2677 3192 2890 3239 naturae
2904 3198 3056 3240 caro.
3075 3186 3246 3242 Iacob
3273 3201 3497 3258 quoque

1922 3284 2047 3324 cum
2081 3272 2430 3342 septuaginta
2472 3273 2763 3329 animabus
2790 3273 3073 3347 ingressus
3097 3292 3218 3333 esse
3247 3278 3304 3332 in
3331 3276 3497 3350 Egy-

1919 3369 2074 3431 ptum
2098 3363 2362 3417 scribitur
2388 3379 2501 3418 non
2533 3364 2868 3436 incorporali
2895 3369 3185 3438 prmsentia
3219 3369 3297 3425 ibi
3327 3371 3499 3441 signi-

1920 3451 2102 3523 ﬁcata,
2151 3454 2246 3509 sed
2290 3454 2528 3511 ﬁliorum
2565 3457 2736 3514 Iacob
2766 3467 2922 3529 parte
2957 3474 2987 3515 e
3011 3460 3229 3517 duabus
3259 3461 3500 3518 hominis

1918 3543 2173 3612 partibus
2214 3546 2444 3603 meliore
2466 3548 2728 3614 indicata,
2776 3551 3086 3621 usquedum
3125 3553 3273 3609 aucti
3303 3554 3400 3610 lilii
3425 3556 3501 3612 ls-

1919 3634 2056 3699 rael,
2104 3638 2390 3692 numerosi
2443 3638 2573 3693 facti
2609 3648 2760 3694 sunt.
2792 3640 2968 3712 Igitur
2993 3645 3389 3701 convenienter
3430 3660 3500 3701 cx

1920 3724 2122 3780 divina
2168 3728 2343 3796 partis
2370 3732 2694 3798 praastantia
2724 3733 2985 3805 religioso
3007 3737 3175 3791 modo
3214 3747 3271 3793 et
3326 3741 3499 3797 sacris

1918 3819 2105 3875 verbis
2130 3831 2524 3891 consentanea,
2545 3824 2719 3881 Deum
2736 3825 3020 3882 Christum
3050 3836 3224 3884 totum
3259 3833 3500 3903 appella-

1922 3925 2085 3976 mus;
2115 3912 2421 3981 praesertim
2455 3913 2582 3983 quia
2628 3915 2917 3986 proprium
2950 3919 3187 3975 maxime
3218 3921 3312 3975 Dei
3335 3923 3498 3979 attri-

1921 3997 2114 4054 butum
2144 4000 2200 4054 in
2228 4008 2349 4056 toto
2370 4001 2611 4069 Christo,
2634 4013 2690 4059 et
2725 4020 2832 4060 non
2865 4006 2922 4062 in
2953 4023 3062 4063 una
3089 4016 3303 4066 tantum
3337 4024 3497 4084 parte

1916 4089 2221 4152 cernimus,
2265 4091 2415 4160 quod
2465 4100 2551 4147 est
2586 4093 3051 4165 impeccabilitas;
3101 4098 3285 4155 adhuc
3330 4102 3495 4159 etiam

1918 4193 2138 4234 omnem
2165 4179 2366 4236 divinae
2411 4184 2832 4239 convenientem
2875 4195 3089 4244 natura
3125 4189 3403 4247 actionem
3434 4193 3492 4248 in

1919 4269 2026 4327 hoc
2066 4279 2181 4327 toto
2203 4268 2570 4346 agnoscimus.

1990 4491 2178 4547 Tertio
2203 4503 2387 4550 autem
2418 4497 2576 4553 vobis
2612 4496 2888 4556 dicimus:
2911 4500 3195 4569 Quomodo
3222 4520 3348 4560 cum
3375 4522 3493 4563 om-

1919 4582 2011 4636 nia
2045 4584 2267 4654 propria
2301 4586 2415 4640 sint
2452 4588 2700 4655 nomina,
2732 4592 3040 4660 praesertim
3077 4609 3198 4665 qua:
3224 4595 3493 4668 signiﬁca-

237 4679 348 4715 τινι
380 4662 726 4734 γνωρίσματι
760 4664 914 4736 παρά
950 4665 1075 4730 τοὺς
1128 4665 1350 4731 λοιποὺς
1387 4668 1496 4721 τῶν
1553 4668 1813 4739 ὁμοειδῶν

1920 4673 2030 4730 tive
2058 4687 2369 4743 versantur,
2394 4676 2725 4747 particulare
2748 4689 2804 4736 et
2824 4662 3197 4753 praescindens
3229 4662 3372 4743 inter
3403 4704 3492 4745 re-

240 4754 339 4809 καὶ
389 4753 792 4826 ύπεξῃρημένῳ
832 4756 1270 4828 σημαινομένων,
1305 4758 1390 4812 ἵνα
1443 4758 1618 4822 οὔτως
1644 4762 1815 4813 νοοῖτο

241 4844 367 4900 κατ’
403 4845 535 4901 αὐτὸ
570 4841 650 4899 τό’
668 4847 959 4918 πρόσωπον
980 4848 1167 4914 ίόικῶς
1185 4844 1246 4904 οῦ
1270 4851 1418 4905 ἐστιν
1441 4852 1474 4922 ἡ
1506 4851 1696 4923 κλῆσις
1718 4852 1813 4905 τοῦ

240 4936 528 5006 ὀνόματος,
547 4936 964 5009 ἀνθρωποτόκον
979 4938 1158 5008 λέγειν
1182 4941 1280 5010 τὴν
1303 4941 1576 5013 Παρθένον
1605 4942 1702 5012 τὴν
1719 4943 1812 4996 τοῦ

241 5026 379 5080 Θεοῦ
402 5028 578 5097 Λόγου
605 5027 903 5101 γενομένην
926 5031 1159 5100 Μητέρα
1183 5031 1439 5100 βούλεσθε
1462 5052 1477 5099 ;
1514 5035 1671 5088 Πᾶσα
1708 5034 1817 5104 γὰρ

241 5120 341 5174 καὶ
378 5120 543 5187 ἐτέρα
560 5118 798 5174 τεκοῦσα
825 5122 883 5176 ἐν
912 5121 1222 5194 ἀνθρώποις
1272 5126 1429 5196 γυνὴ,
1464 5124 1541 5195 τῷ
1589 5125 1818 5196 ὀνόματι

238 5210 418 5283 τούτῳ
468 5212 934 5285 προσαγορεύεται
970 5230 1032 5267 τε
1077 5215 1172 5268 καὶ
1220 5217 1570 5287 σημαίνεται,
1599 5217 1673 5272 Οὔ
1708 5220 1816 5291 γὰρ

239 5299 403 5353 τοῦτο
431 5298 607 5369 ίδικῆς
636 5317 803 5365 τινος,
835 5300 972 5356 ἀλλά
1007 5303 1192 5374 πάσης
1233 5306 1493 5372 γυναικὸς
1527 5306 1812 5377 ὀνομασία.

240 5388 369 5450 Πῶς
399 5383 495 5441 οὖν
526 5386 679 5442 ἔσται
716 5388 905 5460 κύριον
939 5393 1040 5461 τῆς
1064 5391 1379 5462 Παρθένου;
1427 5395 1672 5458 Ἰδιάζειν
1706 5397 1816 5469 γὰρ

245 5481 324 5535 δεῖ
344 5480 414 5534 τὰ
448 5478 558 5533 τῶν
597 5480 981 5537 ύποστάσεων·
1012 5483 1109 5537 καὶ
1154 5484 1272 5549 πῶς
1311 5503 1365 5538 τι
1416 5486 1583 5556 αὐτὴν
1628 5489 1691 5541 ἐκ
1718 5489 1813 5541 τοῦ

245 5570 428 5626 κοινοῦ
486 5573 909 5650 προσαγορεύων
957 5574 1249 5646 ὀνόματος,
1303 5576 1487 5641 ίδικῶς
1534 5579 1813 5650 σημαίνει,

243 5663 435 5733 ὥσπερ
451 5648 609 5716 εἴωθε
623 5663 1043 5719 τάκαθέκαστον
1060 5667 1301 5737 ὀνόματα
1321 5667 1514 5740 δηλοῦν
1536 5648 1625 5723 τόν
1646 5670 1812 5740 δεῖνα;

244 5757 309 5813 El
361 5755 472 5829 γὰρ
505 5757 599 5811 καὶ
646 5756 720 5820 ὡς
771 5757 1020 5811 ἐπίθετον
1071 5759 1323 5833 ληφθείη,
1379 5762 1496 5815 ἀλλ’
1544 5764 1619 5827 ὡς
1650 5764 1813 5821 iam;

639 5850 908 5912 PATROL.
954 5848 1073 5913 Gn.
1119 5853 1467 5919 LXXXVI.

1918 4764 2098 4835 liquas
2127 4766 2336 4823 similes
2366 4784 2633 4839 personas
2664 4772 2935 4830 indicium
2966 4776 3307 4847 exhibentia;
3333 4781 3407 4836 ita
3434 4792 3494 4837 ut

1919 4856 2002 4912 sic
2032 4857 2371 4930 intelligatur
2390 4860 2449 4914 in
2481 4859 2630 4918 illam
2663 4864 2836 4933 ipsam
2865 4882 3155 4936 personam
3190 4870 3351 4939 cujus
3366 4888 3495 4941 pro-

1922 4947 2103 5017 prium
2135 4958 2239 5013 est,
2293 4951 2538 5006 nominis
2574 4954 2897 5022 appellatio,
2935 4956 3179 5015 hominis
3205 4973 3491 5035 parentem

1925 5036 2113 5093 dicere
2139 5037 2421 5109 Virginem
2446 5041 2546 5097 Dei
2568 5042 2734 5098 Verbi
2766 5043 2993 5101 Matrem
3017 5046 3218 5104 factam
3261 5036 3496 5109 conten-

1926 5124 2104 5182 ditis?
2129 5125 2319 5184 Omnis
2365 5128 2515 5184 enim
2563 5139 2627 5197 et,
2659 5133 2765 5188 alia
2805 5135 3027 5204 pariens
3058 5137 3204 5195 inter
3236 5141 3496 5199 homines

1926 5217 2146 5283 mulier,
2170 5219 2277 5276 hoc
2307 5220 2502 5276 eodem
2537 5224 3000 5293 nominedicitur
3032 5239 3090 5286 et
3118 5230 3494 5303 signiﬁcatur;

1924 5323 2051 5363 nam
2079 5309 2314 5383 alicujus
2354 5314 2705 5383 particularis
2749 5332 2862 5373 non
2890 5327 2993 5385 est,
3033 5322 3130 5376 sed
3158 5326 3340 5380 omnis
3370 5343 3497 5383 mu~

1921 5399 2077 5456 lieris
2126 5404 2590 5472 appellatiozcur
2643 5423 2756 5463 non
2808 5409 2918 5464 erit
2948 5414 3169 5483 propria
3200 5416 3500 5488 Virginis?

1920 5491 2267 5564 Distinguere
2285 5496 2432 5550 enim
2453 5507 2671 5569 oportet
2689 5515 2809 5571 qua:
2823 5502 3180 5572 pertinentad
3197 5508 3503 5567 subsisten-

1926 5584 2047 5648 tias,
2076 5595 2131 5639 et
2159 5587 2438 5656 quomodo
2484 5590 2712 5660 aliQuid,
2768 5593 2909 5649 hanc
2934 5598 3218 5653 communi
3272 5603 3498 5661 nomine

1922 5677 2224 5747 appellans,
2264 5680 2674 5750 particulariter
2700 5686 2992 5758 signiﬁcat,
3035 5692 3180 5746 sicut
3217 5680 3499 5753 assuetum

1923 5779 2007 5824 est
2055 5771 2266 5841 singula
2309 5773 2531 5829 nomina
2584 5777 2744 5833 talem
2778 5781 3070 5849 quemdam
3123 5784 3409 5841 indicare?
3440 5788 3496 5844 Si

3054 5875 3129 5935 5h
