3908 6306
426 427 564 497 1711

1681 403 1989 472 LEONTII
2028 404 2432 469 ΒΥΖΑΝΤΙΝῘ

3495 415 3504 423 ·
3571 397 3712 462 17ιὶ

430 547 620 608 multis
643 541 935 605 matribus,
958 554 1027 594 ex
1054 542 1161 593 ﬁne
1186 549 1352 607 quem
1383 529 1666 589 consecuti
1703 535 1856 584 eranl
1887 525 2004 590 ﬁlii,

2122 521 2192 575 Ξτι
2214 519 2477 582 πολλάκις
2510 517 2729 581 πολλοῖς
2754 517 2863 571 τῶν
2897 513 3266 588 γεννητόρων,
3287 514 3358 568 ὲκ
3385 512 3488 569 τοῦ
3519 515 3711 568 τέλους

429 639 797 712 epitheton-um
830 631 1248 704 appellationem
1275 624 1596 697 contigisse;
1625 623 1706 678 sic
1734 621 1882 675 enim
1913 619 2000 673 in-

427 711 800 805 clpam-ﬁlio,
838 723 1282 796 regis-matrem,
1328 728 1384 774 et
1427 711 1998 788 pulchri-genitricem

425 801 667 882 dicimus
697 821 891 885 istam;
926 829 1123 886 nempe
1150 829 1262 868 non
1295 827 1394 882 per
1435 809 1695 864 virtutem
1729 822 1760 861 e
1793 801 1997 874 princi-

426 916 520 988 pio
541 919 638 972 aut
659 911 924 981 inclytam
947 903 1163 960 laudem
1193 915 1370 972 puero
1395 897 1869 971 praesuppositam,
1901 891 1998 948 sed

430 985 616 1076 postea
650 999 1072 1060 maniiestatam,
1109 1002 1166 1050 e’t
1211 991 1532 1064 parentibus
1575 985 2000 1058 appellationem

427 1095 818 1169 adjicientem;
894 1085 1116 1159 quando
1189 1099 1322 1156 ergo
1375 1089 1432 1137 et
1491 1095 1626 1146 nos,
1683 1079 1726 1134 si
1800 1089 2002 1146 cogno—

427 1167 607 1243 vimus
663 1178 965 1239 secundum
1028 1190 1250 1232 carnem
1299 1172 1618 1235 Christum,
1688 1167 1784 1223 sed
1851 1179 2000 1221 nunc

428 1276 654 1333 minime
693 1269 1094 1343 cognoscimus.
1128 1265 1264 1321 Cum
1313 1261 1533 1334 quidem
1574 1259 1818 1318 Verbum
1851 1257 1998 1311 Deus

426 1367 729 1426 secundum
772 1371 1024 1418 naturam
1062 1359 1118 1413 in
1161 1359 1280 1427 ipso
1315 1355 1410 1420 sit,
1437 1362 1492 1409 et
1523 1367 1650 1407 caro
1692 1349 1997 1406 secundum

425 1470 678 1516 naturam
706 1465 832 1527 post
863 1450 1327 1509 resurrectionem
1375 1447 1492 1516 ipsa
1531 1443 1715 1498 divina
1744 1441 1884 1496 facta
1925 1441 1998 1496 sit

426 1556 481 1610 in
513 1550 838 1624 perlectum,
875 1559 1001 1601 cum
1040 1557 1152 1596 non
1193 1539 1494 1595 habeamus
1532 1551 1713 1606 neque
1753 1550 1822 1589 ex
1847 1539 1998 1603 parte

426 1623 603 1716 neque
639 1637 940 1697 secundum
975 1635 1216 1704 aliquam
1257 1630 1562 1692 rationem,
1608 1625 1890 1698 quidpiam
1943 1623 1996 1678 in

423 1753 491 1792 eo
535 1742 632 1789 aut
662 1732 808 1787 circa
857 1742 982 1785 eum
1029 1738 1262 1780 vacuum
1309 1721 1600 1776 divinitate
1643 1716 1904 1789 cogitare,
1943 1725 2002 1770 et

424 1827 802 1889 benedictum,
829 1837 939 1876 non
968 1819 1192 1890 quidem
1225 1831 1326 1886 per
1355 1813 1497 1869 hanc
1525 1827 1648 1882 quae
1677 1811 1732 1864 in
1772 1811 1866 1865 illo
1908 1824 1999 1864 se-

2105 613 2200 668 τοῦ
2215 613 2356 668 κατά
2370 613 2496 675 τοὺς
2515 613 2731 677 παῖδας,
2754 613 2790 682 ἡ
2814 610 2925 664 τῶν
2939 611 3207 664 ἐπιθέτων
3229 608 3516 676 ὀνομασία
3539 625 3709 677 προσ-

2104 706 2329 776 γέγονεν
2357 722 2370 737 ·
2422 705 2596 769 οὕτως
2644 704 2754 774 γὰρ
2803 703 3164 768 κλυτόπαιὸα,
3215 701 3316 755 καὶ
3370 702 3708 764 ἀνακτόκο-ι,

2105 799 2200 852 καὶ
2237 797 2553 866 καλλίγονόν
2579 813 2761 868 φαμεν
2783 795 2944 866 τήνδε
2970 810 2985 826 ·
3018 795 3115 848 καί
3159 811 3246 846 τοι
3279 793 3389 846 οὐκ
3421 791 3488 858 ἐξ
3533 793 3708 863 ἀρχῆς

2103 890 2182 962 τῷ
2209 889 2398 961 βρέφει
2448 889 2548 958 τῆς
2576 889 2778 960 ἀρετῆς
2821 887 2856 958 ἢ
2895 885 2996 956 τῆς
3028 885 3184 950 ἀξίας
3213 883 3522 954 ἐνεργείας
3574 900 3708 952 συμο

2107 979 2504 1050 προελθούσης,
2536 977 2652 1033 ἀλλ’
2685 976 2912 1049 ὕστερον
2953 975 3427 1048 ἑμφανισθείσης,
3471 977 3573 1027 καὶ
3601 978 3708 1037 τοῖς

2105 1075 2325 1144 γονεῦσι
2358 1075 2458 1146 τὴν
2477 1071 2780 1142 ὀνομασίαν
2810 1069 3276 1140 προσαγαγούσης
3297 1083 3312 1096 ⁸
3337 1067 3478 1120 επεὶ
3495 1061 3596 1120 οὖν
3619 1069 3709 1119 καὶ

2107 1167 2291 1236 ἡμεῖς,
2325 1167 2376 1218 εί
2400 1165 2496 1218 καὶ
2532 1161 2858 1232 ἐγνώκαμεν
2884 1158 3028 1212 κατά
3057 1159 3237 1228 σάρκα
3269 1155 3553 1228 Χριστὸν,
3579 1155 3705 1208 sm

2106 1259 2202 1314 νῦν
2241 1257 2424 1314 οὐκέτι
2475 1255 2817 1327 γινώσκομεν
2845 1271 2860 1286 ·
2904 1253 2999 1307 τοῦ
3045 1253 3144 1324 μὲν
3204 1251 3270 1304 ὲν
3327 1249 3498 1319 αὐτῷ
3534 1247 3704 1317 Δόγου

2106 1349 2242 1402 Θεοῦ
2277 1347 2420 1401 κατὰ
2449 1345 2612 1417 φύσιν
2635 1345 2808 1408 ὀντος,
2837 1345 2938 1414 τῆς
2974 1343 3032 1396 δὲ
3076 1342 3221 1396 κατά
3275 1340 3461 1410 φύσιν
3509 1339 3710 1412 σαρκὸς

2111 1439 2252 1510 μετά
2278 1438 2380 1510 τὴν
2412 1437 2711 1492 ἀνάστασιν
2739 1433 2911 1504 αὐτῆς
2943 1431 3250 1500 θεωθείσης
3303 1433 3396 1493 εἰς
3416 1429 3484 1482 τὺ
3514 1445 3710 1482 παντε-

2105 1528 2197 1592 λές
2221 1543 2235 1558 ⁸
2267 1528 2368 1582 οὐκ
2397 1527 2614 1597 ἔχοντες
2651 1524 2774 1578 οὐδὲ
2800 1525 2864 1576 ἐκ
2891 1523 3114 1592 μέρους,
3149 1521 3276 1573 οὐδὲ
3333 1520 3500 1572 κατὰ
3553 1519 3710 1585 λόγον

2106 1621 2250 1684 τινὰ,
2277 1621 2333 1672 τὶ
2361 1620 2471 1672 τῶν
2503 1616 2672 1671 αὐτοῦ
2701 1615 2738 1686 ἢ
2765 1613 2892 1685 περὶ
2911 1613 3095 1668 αὐτῶν
3118 1611 3334 1682 γυμνὸν
3361 1608 3706 1678 κατανοῆσαι

2109 1713 2392 1782 θεότητος·
2439 1707 2791 1780 χαρισθέντος
2819 1703 2916 1757 καὶ
2967 1703 3048 1772 τῷ
3095 1701 3172 1772 μὴ
3215 1699 3374 1754 κατά
3449 1698 3614 1768 φύσιν
3649 1699 3708 1749 ἐν

2107 1802 2256 1872 αὐτῷ
2281 1801 2412 1872 θείῳ
2435 1797 2532 1852 τοῦ
2551 1795 2816 1868 ὀνόματος
2845 1793 2940 1848 τοῦ
2966 1792 3106 1863 ὑπὲρ
3129 1793 3238 1845 πᾶν
3264 1790 3480 1860 ὀνομα·
3502 1787 3705 1857 Κυρίω

422 1919 669 1978 cundum
685 1925 939 1972 naturam
966 1909 1254 1967 habitabat
1281 1905 1646 1970 divinitatem,
1666 1904 1785 1974 ejus
1799 1917 1999 1956 nomen

2122 1913 2161 1951 :e
2189 1895 2284 1948 καὶ
2328 1893 2463 1946 Θεοῦ
2491 1890 2784 1961 γενομένου
2854 1885 3033 1958 Ἰησοῦ
3085 1885 3290 1938 τούτου
3347 1884 3418 1937 ὃν
3461 1882 3705 1936 Ἰουδαῖοι

421 2012 593 2068 fuerit
621 2021 790 2078 super
821 2017 982 2059 omne
1013 2015 1235 2062 nomen,
1259 2004 1315 2051 et
1347 1994 1618 2050 Dominus
1653 2001 1710 2047 et
1743 1991 1888 2046 Deus
1927 1989 2005 2044 fa-

427 2115 550 2160 ctus
573 2103 644 2158 sit
663 2101 825 2156 Jesus
845 2095 936 2152 ille
966 2107 1129 2164 quem
1161 2087 1334 2146 Judaei
1369 2084 1788 2150 cruciﬁxerunt;
1815 2096 2006 2138 neces-

430 2195 578 2252 sario
608 2191 836 2246 minime
856 2183 1436 2252 bominis~parentem,
1469 2176 1567 2233 sed
1597 2175 2004 2246 Dei-parentem

426 2293 662 2342 matrem
692 2283 812 2355 ejus
843 2279 1013 2336 solam
1053 2276 1407 2332 nominamus
1432 2281 1488 2328 et
1509 2286 1856 2329 .veneramur
1885 2283 2000 2324 om-

428 2373 898 2436 nino-colendam.
930 2372 1070 2442 Ejus
1091 2370 1238 2425 enim
1263 2366 1362 2438 .qui
1395 2381 1462 2420 ex
1495 2365 1588 2420 illa
1618 2361 1844 2434 prodiit,
1871 2368 1924 2415 et
1951 2359 2006 2413 in

429 2468 737 2528 substantia
785 2474 842 2521 et
883 2465 939 2520 in
983 2462 1187 2518 unione
1223 2459 1581 2516 Divinitatem
1625 2460 2006 2525 agnoscentes,
2077 2521 2085 2528 .

431 2571 607 2618 totum
643 2560 798 2614 illum
842 2557 1017 2611 Deum
1061 2551 1432 2624 gloriﬁcamus
1464 2556 1521 2602 et
1551 2545 1878 2610 adoramus;
1905 2541 2010 2598 etsi

431 2651 812 2725 cognoscimus
855 2641 1062 2702 servari
1110 2643 1256 2698 illam
1304 2657 1374 2697 ex
1411 2637 1752 2694 humanitate
1796 2643 2011 2706 partem
2076 2706 2086 2712 .

433 2744 673 2799 divinam
723 2740 921 2795 factam
973 2738 1028 2792 in
1077 2733 1300 2790 Christo
1345 2747 1414 2788 ex
1449 2732 1542 2787 illa
1585 2738 1736 2795 nato,
1772 2737 1829 2784 et
1869 2726 2015 2780 hanc

435 2834 790 2892 ineﬂ’abiliter
815 2847 982 2886 carne
1017 2827 1286 2884 indutam.
1307 2825 1408 2882 Illa
1455 2825 1604 2880 enim
1644 2807 2015 2894 praestantiori

429 2925 832 2996 assumptione,
861 2937 972 2978 non
1016 2921 1390 2976 destructione
1419 2918 1604 2976 divina
1647 2915 1790 2970 facta
1817 2922 1936 2981 est,
1960 2920 2019 2968 et

435 3016 822 3075 benevolentia
845 3030 957 3072 non
985 3014 1290 3070 mutatione
1321 3013 1498 3068 altera
1522 3025 1652 3066 caro
1675 3008 1818 3064 facta
1841 3015 1944 3063 est.

505 3113 566 3168 Si
594 3125 748 3176 vero,
776 3107 1059 3182 inquiunt,
1085 3105 1244 3178 quasi
1276 3121 1343 3161 ex
1371 3111 1526 3176 parte
1553 3100 1802 3172 quaedam
1833 3098 2022 3154 dican-

2103 1985 2492 2054 ἐσταύρωσαν·
2531 1984 2588 2048 ἐξ
2619 1980 2868 2050 ἀνάγκης
2908 1979 3100 2032 οὐκέτι
3143 1977 3239 2030 καὶ
3278 1975 3708 2046 ἀνθρωποτόκον

2109 2079 2340 2154 μητέρα,
2376 2075 2514 2132 ἀλλά
2538 2074 2800 2128 Θεοτόκον
2817 2072 3048 2144 Μητέρα
3082 2070 3245 2140 μόνον
3271 2067 3632 2140 ὀνομάζομέν
3650 2084 3708 2120 τε

2106 2170 2200 2224 καὶ
2230 2164 2646 2240 προσκυνοῦμεν
2667 2163 2766 2236 τὴν
2792 2161 3103 2216 πάνσεπτον
3121 2179 3137 2193 ο
3165 2160 3264 2216 τοῦ
3297 2159 3418 2230 γὰρ
3452 2159 3518 2224 εξ
3547 2159 3708 2227 αὐτῆς

2106 2259 2554 2334 προελθόντος,τὸ
2588 2257 2687 2329 μέν
2713 2275 2796 2312 τοι
2813 2257 2936 2310 κατ’
2957 2255 3172 2318 οὐσίαν,
3200 2253 3265 2307 τὸ
3297 2253 3360 2306 δὲ
3398 2259 3550 2307 κατά
3583 2269 3705 2321 pet-

2107 2351 2296 2408 ουσίαν
2344 2350 2488 2404 θεῖον
2531 2351 2754 2415 εἰδότες,
2789 2348 2908 2402 ὅλον
2943 2347 3110 2402 αὐτὸν
3133 2345 3272 2399 Θεὸν
3313 2345 3536 2399 τέλειον
3562 2343 3710 2408 δοξά-

2113 2442 2280 2514 ζομεν
2309 2443 2405 2496 κιιλ⁷
2438 2439 2854 2512 προσκυνοῦμεν
2880 2454 2894 2468 ·
2932 2439 2980 2491 εἰ
3010 2438 3108 2491 καὶ
3129 2437 3504 2506 γινώσκομεν
3546 2435 3710 2490 σεσῶ-

2114 2535 2242 2590 σθαι
2275 2535 2336 2588 τδ
2361 2532 2421 2600 ὲξ
2441 2531 2860 2605 ἀνθρωπότητος
2891 2527 3093 2585 θεωθὲν
3128 2531 3188 2584 ὲν
3215 2529 3302 2602 τῷ
3326 2529 3589 2600 τεχθέντι
3621 2529 3707 2582 ὕπ’

2113 2631 2284 2700 αὐτῆς
2306 2625 2550 2698 Χριστῷ,
2581 2627 2676 2680 καὶ
2725 2624 2786 2678 τδ
2835 2623 3137 2696 ἀφράστως
3166 2621 3474 2694 σαρκωθέν
3493 2638 3510 2655 ·
3539 2637 3710 2692 κρειτ-

2113 2720 2280 2777 τώσει
2329 2721 2440 2792 γὰρ
2485 2720 2581 2774 καὶ
2625 2719 2726 2774 οὐκ
2779 2716 3064 2788 ἀναιρέσει
3097 2715 3219 2770 τόδε
3261 2714 3588 2768 τεθέωται·
3621 2716 3710 2767 καὶ

2113 2811 2334 2865 εὐδοκία
2365 2809 2428 2864 ού
2463 2808 2641 2882 τροπὴ
2679 2808 2742 2861 τὺ
2772 2807 2959 2880 ἕτερον
2984 2805 3365 2876 σεσάρκωται.

2195 3109 2262 3164 Ei
2289 3107 2368 3174 δὲ,
2392 3105 2580 3176 φασὶν,
2595 3101 2729 3157 ώσεὶ
2745 3101 2840 3157 καὶ
2861 3101 2926 3154 ὲκ
2952 3098 3156 3170 μέρους
3170 3097 3300 3152 τινὰ
3322 3097 3584 3166 λέγοιντο
3605 3097 3716 3151 616-

441 3215 532 3260 tur
573 3203 820 3268 nomina,
867 3201 964 3256 sed
995 3215 1097 3255 nos
1141 3199 1337 3262 Deum,
1384 3213 1494 3252 non
1539 3193 1697 3264 quasi
1732 3208 1800 3248 ex
1839 3197 2016 3262 parte,

2127 3219 2274 3275 ματα
2300 3217 2316 3267 ;
2344 3199 2460 3254 ἀλλ’
2495 3199 2657 3269 ἡμεῖς
2681 3195 2816 3249 Θεὸν
2851 3195 2952 3264 οὐχ
2989 3193 3064 3254 ώς
3106 3195 3172 3245 ὲκ
3205 3191 3420 3262 μέρους
3458 3193 3556 3246 τὸν
3589 3193 3719 3262 Χρεο

441 3297 723 3352 Christum
755 3293 1124 3348 nominamus.
1157 3290 1212 3346 Si
1249 3290 1396 3346 enim
1431 3303 1559 3360 pars
1587 3283 1790 3342 Christi
1817 3281 2022 3340 dicitur

443 3386 714 3443 Divinitas
741 3382 810 3440 ad
834 3381 1122 3437 clariorem
1141 3377 1594 3448 signiﬁcationem
1625 3375 1772 3429 illius
1801 3387 2024 3443 compo-

445 3479 558 3544 siti,
592 3475 689 3532 sed
717 3473 867 3530 omni
899 3478 1054 3542 parte
1094 3461 1161 3525 et‘
1193 3478 1308 3524 toto
1340 3467 1445 3524 isto
1482 3465 1806 3536 intelligitur
1842 3463 2026 3534 perfe-

414 3569 590 3628 'ctius
643 3564 880 3622 Verbum
934 3577 1078 3617 esse.
1130 3560 1251 3617 Non
1303 3559 1450 3614 enim
1499 3557 1739 3614 Verbum
1792 3554 2023 3611 inferius

445 3660 667 3718 Christo
697 3656 954 3721 dicimus,
990 3653 1087 3708 sed
1137 3652 1478 3725 simplicius;
1521 3649 1668 3720 quod
1707 3647 1854 3704 enim
1895 3661 2023 3718 pars

449 3753 654 3810 dicitur
666 3751 845 3823 partis
865 3747 1109 3806 cumilla
1130 3743 1459 3816 conjunctis,
1486 3740 1661 3812 ipsius
1683 3739 1749 3794 ad
1775 3737 2024 3794 eamdem

415 3920 425 3926 ο
454 3849 675 3906 unionis
725 3847 888 3903 istius
915 3852 972 3902 et
1033 3837 1454 3913 compositionis
1497 3833 1647 3892 modi
1671 3833 1846 3905 ipsius
1873 3831 2028 3902 prin-

451 3940 656 4012 cipium
681 3947 739 3996 et
765 3935 1082 3993 coadunans
1103 3943 1156 3989 et
1176 3929 1464 4002 propriam
1489 3925 1731 3982 eﬁiciens
1755 3923 2023 3980 cernitur.

419 4015 424 4026 ’
453 4011 523 4087 Et
553 4027 702 4102 quod
726 4026 1012 4100 proprium
1037 4031 1214 4078 totum
1245 4021 1356 4092 agit
1377 4017 1549 4090 magis
1583 4023 1669 4072 est
1691 4029 1854 4086 quam
1877 4011 2025 4084 quod

454 4134 638 4182 actum
664 4130 771 4188 est,
807 4129 869 4178 ut
891 4134 1018 4192 pars
1047 4115 1256 4190 proprii
1281 4115 1473 4195 totius,
1505 4121 1568 4167 ut
1595 4119 1791 4166 natura
1820 4107 1878 4162 in
1901 4105 2028 4162 aliis

456 4213 800 4287 compositis;
839 4209 1118 4284 quomodo
1160 4223 1274 4264 non
1311 4203 1540 4278 proprie
1579 4211 1634 4258 et
1673 4215 1804 4257 vere
1856 4199 2029 4270 magis

452 4307 597 4363 alius
626 4305 800 4378 partis
830 4316 886 4360 et
923 4303 1066 4374 ejus,
1103 4297 1251 4372 quod
1284 4295 1585 4356 secundum
1621 4293 1796 4364 ipsam
1825 4289 2029 4348 intelli-

445 4398 626 4468 gitur,
655 4397 824 4452 totius
875 4393 1170 4465 appellatio
1196 4403 1464 4462 personae,
1491 4395 1548 4443 et
1583 4383 1936 4442 subsistentis
1973 4382 2030 4436 in

451 4487 551 4543 illa
589 4487 770 4542 omnis
795 4481 1213 4555 compositionis
1243 4497 1312 4536 ex
1339 4495 1398 4536 se
1439 4475 1786 4535 eﬂiceretur?
1825 4474 2030 4532 Ultimo

2123 3295 2249 3348 στδν
2275 3290 2645 3360 ὀνομάζομεν·
2679 3289 2730 3340 εἰ
2758 3285 2868 3356 γὰρ
2899 3285 2994 3338 καὶ
3015 3284 3184 3356 μέρος
3218 3281 3455 3350 λέγεται
3479 3280 3717 3351 Χριστοῦ

2081 3441 2092 3448 ,
2123 3387 2158 3458 ἡ
2190 3385 2385 3454 θεότης
2412 3381 2548 3452 πρὸς
2573 3381 2872 3449 σαφήνειαν
2895 3379 2996 3447 τῆς
3027 3374 3341 3438 συνθέσεως
3360 3375 3435 3428 αύ
3447 3374 3571 3440 τοῦ,
3592 3372 3720 3426 ἀλλὰ

2123 3476 2322 3540 παντὸς
2355 3476 2560 3546 μέρους
2589 3473 2682 3526 καὶ
2712 3470 2834 3526 ὅλου
2880 3471 3084 3524 νοεῖται
3103 3467 3280 3536 αὐτῆς
3311 3467 3665 3538 τελειότερος
3693 3468 3720 3516 ὀ

2123 3569 2324 3636 Λόγοςο
2357 3565 2417 3620 ού
2476 3565 2584 3638 γάρ
2637 3563 2728 3618 τὸν
2760 3561 2931 3631 Λόγον
2971 3563 3170 3632 ἥττονα
3199 3557 3459 3627 Χριστοῦ
3519 3575 3718 3628 φαμεν,

2124 3661 2239 3718 ἀλλ’
2269 3657 2638 3728 ἁπλούστερον
2656 3672 2672 3687 ο
2698 3655 2726 3709 ὃ
2749 3655 2857 3726 γάρ
2891 3672 2945 3708 τι
2991 3653 3167 3725 μέρος
3195 3652 3513 3722 λεγόμενον
3536 3651 3635 3706 τοῦ
3669 3666 3722 3702 τε

2127 3756 2224 3809 σὺν
2256 3753 2406 3822 αὐτῷ
2454 3749 2816 3820 συγκειμένου
2840 3747 3073 3818 -μέρους,
3128 3743 3303 3812 αὐτῆς
3348 3743 3502 3813 πρὸς
3567 3741 3727 3796 ἑαυτὸ

2093 3911 2098 3916 ε
2127 3843 2374 3908 ένώσεως
2399 3839 2555 3897 τοῦδε
2575 3840 2670 3894 καὶ
2693 3838 2788 3893 τοῦ
2824 3840 2923 3910 τῆς
2949 3835 3252 3898 συνθέσεως
3287 3834 3468 3888 αὐτοῦ
3491 3834 3721 3904 τρόπον,

2127 3936 2298 3992 αίτιόν
2333 3951 2394 3988 τε
2422 3933 2518 3988 καὶ
2564 3929 2882 4011 συνεκτικὸν
2941 3927 3038 3982 καὶ
3087 3925 3350 3996 κυριεῦον
3387 3923 3720 3996 θεωρεῖται-

2127 4027 2382 4104 ηὶθάγον
2413 4023 2473 4078 τδ
2499 4025 2699 4080 οἰκεῖον
2729 4021 2848 4074 ὂλον
2880 4020 3082 4090 μᾶλλον
3111 4018 3144 4089 ἢ
3176 4017 3483 4086 ἀγόμενον,
3521 4017 3606 4079 ὡς
3635 4017 3723 4086 μέ-

2132 4133 2224 4188 ρος
2249 4115 2355 4170 ύπδ
2387 4111 2480 4168 τοῦ
2503 4113 2706 4166 οἰκείου
2737 4109 2885 4175 ὀλου,
2905 4109 2982 4172 ὡς
3021 4108 3182 4177 φύσις
3213 4107 3332 4170 τοῖς
3367 4105 3573 4170 ἄλλοις
3605 4123 3723 4158 συν-

2129 4206 2340 4270 θέτοις·
2369 4205 2490 4268 πῶς
2544 4203 2607 4257 οὐ
2635 4201 2842 4272 κυρίως
2884 4201 2980 4256 καὶ
3017 4199 3159 4253 κατὰ
3205 4195 3490 4266 ἀλήθειαν
3523 4196 3720 4267 μᾶλλον

2129 4299 2222 4354 τοῦ
2253 4313 2313 4352 τε
2347 4295 2552 4367 ἑτέρου,
2588 4293 2791 4364 μέρους
2838 4291 2934 4345 καὶ
2989 4288 3084 4344 τοῦ
3137 4287 3257 4342 κατ’
3297 4287 3440 4342 αὐτὸ
3483 4290 3574 4352 ὡς
3606 4287 3722 4341 62w

2131 4388 2446 4460 νοουμένου,
2483 4380 2600 4456 τὴν
2629 4383 2925 4454 ὀνομασίαν
2974 4381 3070 4436 τοῦ
3118 4382 3442 4452 προσώπου,
3501 4383 3606 4436 καὶ
3635 4380 3721 4435 τοῦ

2133 4478 2448 4551 ’ὑφεστῶτος
2484 4475 2615 4548 περὶ
2633 4474 2772 4530 αὐτὸ
2799 4473 2998 4536 παντὸς
3026 4470 3412 4540 συγκρίματος
3435 4471 3509 4536 ἐξ
3531 4469 3718 4526 ἑαυτοῦ

459 4533 1318 4634 ille;";";;ti;235{.;;sa4.;
1342 4533 1453 4637 est,
1497 4533 1642 4640 qm
1679 4567 1728 4628 si
1749 4566 2016 4624 Christum

2139 4533 2450 4644 ποιήσοιτος
2478 4533 2713 4638 ’έσίίατον
2735 4564 2791 4618 δὲ
2813 4563 2952 4634 ύμῖν
2979 4533 3074 4616 καὶ
3106 4533 3524 4628 λεκτέον,
3577 4563 3654 4622 ώς
3675 4561 3718 4612 εί

460 4669 810 4725 nominantes
851 4666 1011 4721 illum
1062 4662 1354 4718 Dominum
1408 4671 1465 4717 et
1509 4661 1682 4716 Deum
1731 4657 2030 4731 signiﬁcari

371 4777 379 4800 θ
462 4761 638 4826 scitis.
678 4757 882 4816 etnihil
915 4753 1197 4811 inferioris
1225 4753 1283 4808 in
1307 4751 1604 4807 Divinitate
1633 4766 1733 4820 per
1758 4750 2033 4813 utrumvis

462 4868 664 4912 nomen
707 4851 778 4910 de
823 4849 918 4906 illo
950 4844 1296 4911 existimatis,
1345 4843 1477 4914 quid
1511 4843 1726 4898 molesti
1762 4842 1922 4898 vobis
1948 4843 2032 4898 af-

463 4948 572 5002 fert
601 4939 971 5014 Dei-parentis
1010 4925 1369 5002 vocabulum,
1419 4949 1521 5005 pro
1556 4931 2034 5004 Christi-parentis

465 5034 770 5094 vocabulo?
791 5033 866 5090 Et
891 5047 996 5088 cur
1023 5045 1092 5085 ex
1138 5037 1252 5084 toto
1293 5025 1478 5098 potius
1513 5023 2036 5094 Christi-parentem

465 5126 742 5200 appellare
763 5123 965 5182 vultis?
985 5123 1046 5179 Si
1066 5121 1214 5178 enim
1239 5119 1384 5175 idem
1407 5126 1492 5174 est
1509 5116 1762 5173 Christus
1784 5131 1850 5170 ac
1867 5117 2034 5181 Deus,

465 5228 522 5272 et
549 5215 693 5272 idem
713 5211 1202 5284 Christi-parentis
1215 5225 1286 5266 ac
1319 5205 1694 5278 Dei-parentis
1715 5203 2030 5274 appellatio.

469 5307 528 5364 Si
561 5322 692 5365 vero
708 5304 866 5362 aliud
885 5302 1016 5378 guid
1034 5301 1208 5358 Deum
1240 5298 1393 5356 scitis
1423 5313 1544 5352 esse
1571 5295 1715 5366 apud
1737 5293 2037 5360 Christum,

454 5397 706 5469 priorem
730 5403 968 5450 vestram
995 5391 1244 5448 eamdem
1259 5386 1654 5460 blasphemiam
1686 5385 1964 5454 fatemini;
1987 5393 2042 5468 et

472 5505 581 5544 non
623 5505 722 5560 per
753 5485 1115 5558 posteriorem
1155 5482 1376 5538 demum
1427 5477 1731 5534 incredulis
1774 5475 1941 5532 semel
1987 5461 2045 5532 et

471 5579 656 5648 impiis
681 5579 884 5635 ludatis
915 5577 1140 5633 omnino
1179 5573 1481 5630 conformia
1523 5570 1834 5627 Christiane
1872 5569 2046 5627 disse-

473 5665 618 5719 ritis.
649 5662 757 5720 Sed
795 5667 1012 5736 quando
1047 5667 1140 5720 illa
1169 5681 1293 5721 cum
1339 5664 1452 5722 Deo
1482 5663 1623 5718 bene
1667 5677 1768 5716 vos
1810 5659 2044 5715 confessi

478 5756 615 5810 estis
651 5764 707 5810 et
750 5758 1088 5824 ostendistis,
1117 5765 1357 5812 sanctam
1403 5763 1460 5811 et
1505 5757 1710 5826 justam
1755 5763 1812 5808 et
1857 5765 2046 5808 veram

395 5843 405 5849 “
488 5839 902 5914 Dei-parentem
945 5861 1140 5903 revera
1171 5857 1416 5904 sanctam
1454 5847 1733 5919 Virginem
1763 5843 1986 5900 Mariam
2015 5859 2050 5922 εδ

2132 4662 2367 4736 Χριστὸν
2391 4659 2751 4732 ὀνομάζοντες
2779 4655 2940 4710 αὑτὸν
2967 4653 3060 4708 τδν
3083 4653 3290 4736 Κύριον
3310 4653 3413 4706 καὶ
3435 4651 3589 4706 Θεδν
3609 4653 3716 4706 tau

2137 4731 2520 4831 σημαίνεσθαι,
2572 4751 2667 4806 καὶ
2721 4750 2876 4804 οὐδὲν
2923 4731 3189 4820 ἦττονῇείς
3222 4743 3464 4816 θεότητα
3501 4745 3595 4798 διὰ
3633 4743 3721 4796 θα-

2134 4847 2296 4920 τέρου
2325 4846 2430 4899 τῶν
2451 4843 2728 4913 ὀνομάτων
2754 4838 2884 4908 περὶ
2905 4835 3070 4891 αὑτοῦ
3095 4833 3410 4904 λογίζεσθε,
3439 4835 3498 4888 τί
3536 4835 3718 4903 6961:-

2106 5003 2112 5010 .
2140 4941 2356 5012 ραίνετε
2387 4937 2480 4990 ἐπὶ
2521 4936 2586 5006 τῇ
2611 4932 2878 4994 Θεοτόκος
2916 4931 3091 5000 φωνῇ,
3123 4928 3245 4981 ἀντὶ
3277 4925 3390 4996 τῆς
3427 4927 3724 4997 Χριστοτὲ-

2139 5047 2237 5084 κου
2263 5046 2280 5095 ;
2321 5027 2417 5082 καὶ
2445 5025 2520 5088 ὡς
2549 5025 2613 5077 ὲκ
2637 5021 2732 5076 τοῦ
2758 5021 2881 5076 ὅλου
2915 5019 3118 5090 μᾶλλον
3169 5018 3557 5088 Χριστοτόκσν
3591 5019 3724 5070 ἀπο

2139 5120 2326 5175 καλεῖν
2366 5115 2627 5189 βούλεσθε
2655 5133 2671 5182 ;
2726 5115 2789 5168 Εἰ
2824 5113 2939 5184 γὰρ
2958 5111 3154 5166 cauth
3199 5109 3447 5178 Χριστὸς
3477 5109 3570 5176 τῷ
3591 5109 3724 5178 Θεῷ.

2141 5211 2237 5267 καὶ
2259 5213 2294 5282 ἡ
2327 5205 2692 5280 Χριστοτόκος
2721 5207 2790 5276 τῇ
2811 5203 3062 5272 Θεοτόκῳ
3085 5201 3356 5271 ὀνομασία
3381 5217 3399 5234 ο
3440 5202 3496 5254 εἰ
3529 5201 3594 5254 δὲ
3620 5201 3728 5252 ἓτε-

2145 5300 2236 5372 ρόν
2271 5316 2326 5352 τι
2376 5297 2492 5350 ίστε
2530 5295 2662 5349 Θεὸν
2696 5293 2850 5364 παρά
2895 5290 2958 5344 τὸ
3004 5289 3259 5362 Χριστὸν,
3299 5287 3548 5358 πρώτην
3581 5287 3728 5357 ὀμεῖ*

2143 5391 2351 5461 ταύτην
2378 5389 2476 5458 τὴν
2501 5385 2854 5458 βλασφημίαν
2876 5383 3190 5454 ὁμολογεῖτε
3207 5397 3222 5410 ·
3255 5380 3350 5433 καὶ
3380 5379 3446 5434 ού
3473 5382 3616 5452 περὶ
3641 5379 3731 5447 τῆς

2126 5481 2405 5552 ,δευτέρας
2433 5476 2620 5533 λοιπὸν
2648 5476 2723 5540 ὡς
2766 5477 2946 5545 πάντη
2976 5474 3232 5536 ἀπίστοις
3257 5469 3413 5536 ἅπαξ
3461 5474 3571 5525 καὶ
3607 5472 3728 5523 ἀσε-

2146 5569 2298 5626 ϐέσιν
2361 5569 2669 5633 Ἰουδαίοις,
2715 5563 3117 5638 Χριστιανικῶς
3177 5561 3730 5632 προσ-διαλεγόμεθα*

2147 5661 2263 5718 ἀλλ’
2317 5661 2442 5715 ἐπεὶ
2487 5659 2661 5714 ταῦτα
2715 5657 2812 5710 σὺν
2841 5656 2960 5727 Θεῷ
3006 5653 3185 5718 καλῶς
3209 5655 3338 5724 ύμῖν
3373 5652 3729 5722 ὡμολόγηται

2149 5753 2246 5806 καὶ
2283 5751 2662 5808 ἀποδέδεικται
2681 5789 2699 5814 ,
2748 5749 2894 5802 ὅσιον
2927 5747 3024 5801 καὶ
3065 5747 3274 5799 δίκαιον
3323 5745 3421 5797 καὶ
3473 5742 3730 5814 ἀληθινὴ

2168 5843 2434 5902 Θεοτόκον
2455 5843 2624 5908 ὅντως
2645 5841 2740 5914 τὴν
2767 5839 2927 5910 ἁγίαν
2951 5837 3220 5909 Παρθένον
3242 5835 3462 5907 Μαρίαν
3491 5837 3557 5889 ὲν
3579 5837 3722 5903 οὖρα
