3908 6306
274 214 419 281 i713

1220 224 1613 287 ADVERSUS
1650 217 2448 287 NESTORIANOS.-LIB.
2491 217 2589 278 IV.

3380 215 3519 283 ιτιι

272 331 387 391 νοῖς
415 326 724 395 ὑμνεῖσθαι,
757 328 850 382 καὶ
882 329 973 383 ἐπὶ
1003 330 1107 401 γῆς
1132 334 1576 402 προσκυνεῖσθαι,
1604 333 1841 403 σώφρονι

1969 327 2096 384 :oelis
2125 327 2426 392 celebrari,
2469 336 2523 381 et
2559 325 2616 381 in
2661 332 2805 382 terra
2848 325 3105 395 adorari,
3149 330 3380 403 sapienti
3427 349 3517 388 re-

274 416 523 489 λογισμῷ
563 420 656 472 καὶ
690 416 994 493 ἀμωλύντῳ
1026 424 1236 496 διανοίᾳ
1287 426 1493 496 χείλεσί
1547 444 1604 479 τε
1658 427 1845 494 ἁγνοῖς

274 510 373 564 καὶ
401 510 506 565 ὑπὸ
531 511 750 565 πάντων
799 513 1264 585 μακαριζομένην,
1291 514 1387 569 νῦν
1430 516 1488 570 δὲ
1515 518 1606 570 καὶ
1634 518 1714 580 εἰς
1743 516 1847 570 πά-

279 617 382 664 σας
409 601 507 664 τὰς
539 602 876 670 γενεὰς’τῶν
906 602 1138 659 αἰώνων.
1178 606 1375 678 ’Λμήν.
1416 607 1599 660 Ταῦτα
1628 606 1725 676 μὲν
1755 602 1849 659 οὖν

281 692 412 760 παρ’
443 694 602 763 ἡμῶν
636 693 773 764 πρὸς
802 695 948 763 ὑμᾶς
979 693 1077 765 τὴν
1115 696 1287 767 ἀληθῆ
1318 716 1374 750 τε
1405 700 1498 752 καὶ
1530 698 1850 768 πρέπουσαν

284 782 611 853 ίδικωτὰτην
667 785 961 854 ὀνομασίαν
1005 789 1102 856 τῆς
1133 788 1295 856 ἁγίας
1338 789 1611 862 Παρθένου
1658 788 1851 843 Θεοτό-

285 892 384 928 κου
411 892 483 928 πα
495 892 679 945 ραιτου
690 876 907 946 μένους.

849 1011 1103 1066 ΚΕΦΑΛ.
1150 1011 1281 1068 AH'.

289 1098 418 1151 Ὀτι
444 1098 588 1153 οὐδὲ
638 1100 782 1175 Θεὸς
826 1104 861 1175 ό
909 1102 1163 1169 Χριστὸς
1195 1106 1434 1175 εὶκόζως
1484 1103 1852 1175 ὀνομάζεται,

673 1169 935 1239 τολμῶσι
976 1172 1464 1234 κατασκευάζειν.

363 1277 493 1342 Θεὸς
514 1273 583 1350 ἦν
611 1281 639 1333 ό
669 1279 842 1347 Λόγος
873 1296 886 1311 ’
920 1281 1142 1349 γέγονεν
1162 1282 1448 1354 ἄνθρωπος
1471 1300 1487 1315 ⁸
1508 1284 1567 1337 ει.
1594 1285 1856 1350 Θεοτόκος

291 1372 324 1437 ὴ
361 1368 657 1441 Παρθένος,
691 1368 849 1439 δῆλον
882 1366 1048 1426 amt
1086 1368 1156 1442 ἦν
1203 1375 1232 1425 ὁ
1262 1373 1458 1447 Λόγος,
1498 1373 1615 1428 ἔστι
1655 1375 1857 1447 Μήτηρ

292 1461 328 1529 ἡ
356 1459 646 1531 Παρθένος,
665 1461 785 1530 οὐχὶ
799 1457 861 1513 οἶ)
887 1461 1114 1530 γέγονεν
1140 1478 1154 1493 ο
1190 1465 1238 1516 εἰ
1258 1462 1315 1516 δὲ
1342 1462 1430 1517 διὰ
1462 1465 1551 1516 τὸν
1572 1464 1857 1536 ἄνθρωπον

292 1549 404 1618 ἔχει
435 1550 666 1622 μητέρα.
695 1552 790 1604 τοῦ
818 1552 1112 1623 ἀνθρώπου
1136 1554 1364 1626 Μητέρα
1384 1554 1459 1628 μὴ
1504 1555 1736 1625 ἔχοντος,
1768 1558 1860 1611 ού-

294 1634 354 1729 9s
393 1636 500 1729 ἄρα
532 1640 570 1729 ὀμ
592 1639 764 1708 Λόγος
796 1638 1019 1694 δύναται
1050 1640 1195 1712 ἔχειν
1218 1643 1450 1713 μητέρα.
1500 1644 1659 1698 Ἀλλὰ
1679 1649 1774 1699 καὶ
1792 1639 1856 1702 οὗ
1890 1672 1930 1729 Β

292 1720 362 1795 ἦν
385 1727 477 1779 καὶ
511 1727 733 1796 γέγονεν
771 1730 801 1782 ό
848 1731 1042 1800 Λόγος,
1082 1730 1199 1786 ἐστι
1240 1734 1480 1805 μήτηρή
1533 1736 1810 1807 Παρθένος
1838 1753 1851 1768 ο

295 1819 390 1870 καὶ
420 1820 535 1888 ἅμα
570 1820 688 1890 μὲν,
724 1820 839 1874 ἀλλ’
869 1822 967 1893 οὐχ
998 1823 1196 1893 ὁμοίως
1217 1841 1231 1856 ο
1264 1825 1357 1878 τοῦ
1384 1827 1481 1894 μὲν
1512 1827 1620 1898 γὰρ
1658 1827 1856 1895 Λόγου,

293 1907 368 1970 ὡς
390 1908 449 1973 ἐξ
478 1909 649 1984 αὐτῆς
669 1911 1035 1983 ὲναρξαμένου
1054 1915 1383 1986 σαρκώσεως
1404 1933 1416 1945 ·
1452 1918 1554 1987 τῆς
1564 1918 1621 1973 δὲ
1634 1919 1862 1992 σαρκὸς,

294 1996 375 2061 ὡς
403 1999 462 2066 ἐξ
489 2000 658 2070 αὐτῆς
690 2003 1064 2077 ἐναρξαμένης
1097 2008 1406 2079 ὑπάρξεως.

871 2118 1123 2174 ΚΕΦΔΛ.
1155 2120 1283 2175 ΛΘ’.

366 2200 523 2254 Κατὰ
553 2203 651 2273 μὲν
674 2205 764 2258 τὸν
811 2209 1121 2279 προφήτην,
1168 2210 1229 2263 τὸ
1290 2212 1639 2284 Ἐμμανουήλ
1667 2214 1859 2286 ὕνομα,

299 2295 524 2365 σημείου
564 2298 711 2349 ἐστὶν
743 2297 914 2367 ὄνομα
949 2299 1044 2353 τοῦ
1072 2303 1137 2354 ὲκ
1168 2305 1286 2374 τῆς·
1307 2304 1586 2374 Παρθένου
1622 2307 1702 2374 τῷ
1731 2309 1866 2379 οἴκῳ

298 2387 460 2440 Δαῦὶδ
478 2389 798 2457 τικτομένου
819 2409 879 2444 τε
905 2393 1007 2445 καὶ
1020 2393 1300 2463 διδομένου
1335 2413 1349 2426 ο
1391 2399 1533 2453 κατὰ
1560 2398 1618 2452 δὲ
1646 2400 1740 2453 τὸν
1767 2402 1860 2454 Ai-

297 2476 546 2543 γύπτιον,
576 2479 668 2530 τοῦ
690 2479 918 2551 δοτῆρος
933 2483 1028 2545 τοῦ
1060 2487 1292 2555 σημείου
1318 2486 1454 2542 Θεοῦ
1484 2491 1600 2544 ἐστι
1647 2492 1709 2544 τὸ
1748 2492 1867 2545 bvo-

303 2584 379 2636 μα
406 2567 466 2619 τὸ
496 2568 863 2642 Ἐμμανουήλ.
907 2573 1045 2628 Ἀλλ’
1065 2576 1124 2628 οὐ
1153 2580 1374 2647 σημεῖόν
1406 2581 1555 2635 ἐστιν
1583 2582 1613 2634 ὁ
1650 2582 1865 2654 Ἐμμα-

300 2660 466 2728 νουήλ·
489 2676 500 2688 ⁸
527 2661 698 2730 ὄνομα
719 2664 830 2735 γάρ
857 2666 975 2718 ἑστι
1006 2667 1358 2735 ὑποστάσεώς
1398 2689 1544 2736 τινος
1600 2691 1867 2746 σημαντι-

302 2749 418 2815 κὸν,
450 2750 573 2803 καθ’
596 2752 663 2823 ῆν
681 2754 804 2825 μεθ’
834 2756 990 2826 ἡμῶν
1005 2757 1114 2811 τῶν
1139 2759 1440 2830 ᾁνθρώπων
1469 2762 1601 2826 Θεὸς
1640 2766 1829 2832 γέγονε
1850 2782 1865 2798 '

303 2840 418 2903 πῶς
446 2842 501 2894 δὲ
538 2843 758 2912 γέγονεν
790 2846 910 2916 μεθ’
938 2847 1171 2920 ἠμῶν,ῆ
1223 2850 1379 2920 δῆλον
1425 2853 1501 2915 ὡς
1545 2855 1638 2908 καὶ
1676 2856 1869 2927 πρώην

304 2931 601 3003 διειστήκει
633 2936 818 3005 ήμῶν;
840 2938 1092 3008 διέστηκε
1117 2942 1174 2994 δὲ
1205 2942 1360 3011 ἡμῶν
1388 2942 1539 3010 Θεὸς,
1577 2945 1677 2998 οὐκ
1713 2948 1867 3016 ἐνερ-

304 3020 445 3089 γείᾳ,
479 3021 539 3075 ού
572 3024 772 3092 σχέσει,
807 3030 866 3078 ού
891 3027 1042 3099 τόπῳ
1072 3027 1293 3082 πώποτε
1322 3048 1335 3062 ·
1388 3032 1547 3098 φύσει
1573 3035 1706 3104 ἄρα,
1729 3035 1867 3090 ὥστε

1976 3034 2173 3087 natura
2206 3041 2355 3091 vero,
2392 3027 2665 3096 siquidem
2709 3037 2908 3083 nostrae
2953 3037 3167 3085 natura:
3194 3045 3351 3085 suam
3381 3041 3545 3087 natu-
3636 3021 3646 3036 “

306 3114 398 3166 καὶ
428 3113 587 3183 φύσει
638 3119 702 3187 τῇ
738 3119 982 3190 ἡμετέρᾳ
1015 3119 1110 3173 νῦν
1141 3121 1345 3191 ἥνωται
1393 3124 1492 3195 τὴν
1538 3125 1719 3195 φύσιν,
1779 3129 1873 3182 καὶ

305 3202 454 3258 ἐστιν
470 3206 638 3270 ὅντως
656 3210 775 3277 μεθ’
804 3209 962 3278 ἡμῶν
985 3228 999 3242 °
1039 3216 1264 3282 σημεῖον
1294 3214 1352 3267 δὲ
1383 3217 1443 3267 οὑ
1473 3216 1698 3284 γέγονεν
1745 3219 1867 3290 μεθ’

307 3295 462 3364 ἡμῶν
487 3313 500 3327 ·
533 3298 646 3351 ἀλλ’
680 3301 792 3369 εἴγε
814 3304 909 3355 καὶ
933 3304 1041 3374 ἄρα
1057 3305 1114 3356 ἐν
1138 3307 1271 3376 ἡμῖν
1326 3323 1411 3371 τις
1446 3308 1607 3374 εἴποι,
1655 3311 1717 3364 ού
1751 3311 1872 3378 μεθ’

307 3386 338 3452 ἡ
349 3386 464 3456 μῶν
479 3387 540 3439 τὸ
570 3394 793 3460 σημεῖον
819 3408 831 3423 ·
872 3394 965 3446 τοῦ
995 3394 1051 3448 δὲ
1083 3396 1397 3465 Ἑμμανοὺ,
1430 3399 1489 3452 τὺ
1516 3401 1644 3469 μεθ’
1704 3402 1875 3472 ἡμῶν

306 3476 742 3550 ώμολογημένως
772 3483 1129 3553 σημαίνοντος
1164 3488 1305 3541 κατὰ
1340 3488 1647 3558 Ἐϐραίους,
1695 3491 1755 3545 τὸ
1780 3493 1870 3564 ἣλ,

311 3568 412 3619 ποῦ
445 3587 573 3622 ποτε
603 3571 846 3643 ἀκήκοαν
904 3578 1130 3645 σημεῖον
1190 3578 1500 3648 σημαίνειν,
1550 3582 1644 3636 καὶ
1691 3583 1752 3637 οὐ
1782 3585 1875 3639 τὸν

309 3657 440 3711 Θεὸν
471 3659 656 3728 σαφῶς
682 3660 859 3729 λέγειν
874 3679 888 3728 ;

906 3776 1157 3834 ΚΕΦΛΛ.
1185 3781 1276 3836 Μν.
1482 3850 1485 3855 ν

379 3864 497 3916 Τῶν
530 3866 865 3935 τικτομένων
899 3869 930 3939 ἡ
966 3870 1147 3936 φύσις,
1185 3870 1358 3934 θετοτς
1405 3875 1666 3946 ὀνόμασιν
1712 3879 1875 3933 οὐδα-

314 3955 414 4023 μοῦ
448 3957 853 4025 παραδηλοῦται
886 3974 899 3988 ’
944 3960 1015 4013 τὰ
1053 3964 1161 4030 γὰρ
1186 3961 1315 4017 θετὰ
1336 3967 1596 4036 ὀνόματα,
1650 3970 1761 4024 τῶν
1805 3975 1872 4045 τῇ

310 4044 467 4111 φύσει
520 4047 927 4114 συμϐαινόντων
959 4050 1076 4105 ἔστι
1130 4057 1442 4124 σημαντικά
1469 4075 1483 4088 '
1528 4060 1770 4115 τοιοῦτον
1817 4063 1877 4117 δὲ

311 4135 480 4186 καὶτὸ
517 4137 860 4208 Ἐμμανουήλ
889 4138 1083 4207 ὄνομα,
1109 4140 1201 4194 ἅτε
1237 4141 1387 4195 θετὸν
1423 4146 1619 4214 ὄνομα.
1654 4151 1731 4204 Οὐ
1776 4152 1876 4222 τὴν

310 4225 472 4293 φύσιν
504 4223 597 4280 οὖν
628 4227 781 4297 δηλοὶ
827 4229 921 4282 τοῦ
959 4231 1239 4295 λαϐόντος,
1291 4235 1384 4287 τοῦ
1444 4238 1794 4313 Ἐμμανουήλ
1840 4246 1873 4314 ή

309 4408 433 4477 χίαν
467 4404 628 4474 εἶναι,
660 4409 799 4478 μετὰ
826 4409 936 4464 τῶν
966 4412 1267 4481 εἰληφότων
1316 4415 1376 4467 τὸ
1423 4417 1768 4488 Ἐμμανουὴλ
1798 4422 1879 4484 εἰς

313 4502 537 4569 σημεῖον
567 4500 804 4570 ἐκείνης.
851 4502 994 4555 Ἀλλ’
1027 4503 1179 4557 οὐδὲν
1215 4504 1402 4575 ἕτερον
1430 4505 1602 4577 ὄνομα
1649 4509 1816 4564 ίδικὸν
1850 4514 1883 4566 ὅ

311 4591 444 4659 φασί
467 4608 609 4655 τινες
628 4592 719 4645 καὶ
738 4593 939 4664 Κύριον
966 4594 1133 4662 ἤγουν
1164 4597 1226 4648 τὸ
1243 4596 1365 4649 καθ’
1385 4597 1733 4665 ὑποστάσεως
1762 4603 1878 4667 ένὸς

311 4683 604 4754 προσώπου
642 4684 914 4755 κείμενον,
935 4687 1150 4755 φύσεώς
1180 4689 1296 4741 ὲστι
1322 4688 1617 4761 δηλωτικὸν
1643 4693 1828 4757 ἁπλῶς
1860 4712 1874 4726 ο

310 4773 432 4827 οὔτε
465 4773 575 4844 γὰρ
602 4776 913 4845 ὁριστικῶς,
949 4777 1066 4831 ἀλλ’
1103 4779 1223 4832 οὐδὲ
1265 4783 1636 4850 σημαντικῶς,
1681 4783 1757 4847 ὡς
1809 4785 1882 4841 τὰ

308 4866 465 4919 κοινὰ
500 4868 594 4920 καὶ
615 4869 996 4939 προσηγορικὰ
1050 4869 1162 4923 τισὶ
1192 4871 1463 4943 λεγόμενα
1489 4872 1750 4944 ὀνόματα,
1786 4878 1878 4931 ἐπὶ

309 4956 409 5026 τὴν
448 4957 635 5010 οὐσίαν
687 4959 1002 5029 ἀναπέμπει
1031 4960 1129 5031 τὴν
1181 4963 1390 5018 ἔννοιαν
1423 4978 1438 4993 °
1492 4964 1610 5018 ἀλλ’
1639 4967 1760 5021 οὐδὲ
1817 4969 1882 5022 τὸ

311 5051 558 5104 ὁπωσοῦν
590 5050 731 5104 κατὰ
760 5053 1027 5107 πλειόνων
1056 5071 1071 5085 ο
1099 5055 1289 5119 ξάνϐον
1312 5056 1419 5127 γὰρ
1443 5057 1609 5111 ἵππον
1634 5058 1755 5111 τινὰ
1784 5061 1881 5113 καὶ

214 5145 219 5150 ’
314 5138 557 5209 ποταμὸν
598 5140 697 5193 καὶ
712 5140 1018 5207 ἄνθρωπον,
1055 5142 1177 5197 ἔστι,
1214 5146 1591 5217 φαντασθῆναι
1615 5147 1882 5202 ἀκούσαν-

220 5252 225 5258 ·
311 5245 410 5292 τας
445 5245 458 5258 ·
485 5230 592 5282 τῶν
619 5227 712 5283 οὖν
740 5232 1110 5302 προσωπικῶν
1138 5233 1417 5304 ὀνομάτων
1443 5237 1530 5290 ἀεὶ
1564 5239 1736 5302 Θετοίς
1766 5254 1887 5290 τισιν

314 5321 406 5372 καὶ
446 5322 820 5395 συμϐεϐηκόσι
853 5327 973 5387 ταῖς
1026 5324 1238 5388 οὐσίαις
1278 5324 1582 5394 δηλούντων
1611 5328 1710 5391 τὰς
1745 5329 1881 5381 ὑπο,-

278 5436 289 5444 ο
315 5412 555 5474 στάσεις,
579 5412 687 5481 ἄρα
713 5430 776 5480 γε
811 5413 905 5466 καὶ
934 5413 995 5466 τὸ
1029 5414 1399 5483 Ἐμμανουήλ,
1426 5416 1566 5467 κατὰ
1585 5414 1887 5484 προσώπου

314 5499 565 5571 κείμενόν
611 5504 750 5570 ἐστι,
800 5504 921 5557 καθ’
955 5504 984 5557 ὃ
1041 5505 1332 5575 πρόσωπον
1363 5505 1709 5574 συμϐέϐηκεν
1751 5507 1889 5575 ἡμῖν

318 5593 596 5649 κοινωνίαν
621 5593 764 5661 ἔχειν
792 5595 929 5663 πρὸς
961 5595 1094 5651 Θεὸν
1115 5611 1129 5628 ⁶
1160 5596 1319 5668 εἴπερ
1348 5596 1577 5668 μεσίτης
1613 5597 1747 5651 θεοῦ
1788 5599 1882 5651 καὶ

1946 417 2180 472 ﬂexione
2208 424 2264 472 et
2300 416 2502 471 invicta
2524 415 2853 487 cogitatione
2881 419 3142 490 purisque
3174 420 3337 491 labiis
3363 430 3420 476 et
3449 421 3519 476 ab

1948 507 2205 563 omnibus
2234 508 2449 563 beatam
2485 507 2795 577 praedicari,
2824 525 2974 565 nunc
3015 521 3196 566 autem
3229 521 3285 567 et
3317 511 3373 565 in
3403 527 3521 565 om-

1947 618 2047 657 nes
2077 602 2458 672 generationes
2499 600 2846 655 savculorum.
2892 601 3089 656 Amen.
3140 602 3268 657 Hmc
3299 600 3521 672 quidem

1951 692 2119 763 igitur
2159 707 2190 747 a
2226 691 2388 745 nobis
2417 690 2487 745 ad
2511 705 2611 745 vos
2648 691 2794 746 dicta
2826 700 2956 746 sunt
2997 708 3182 746 veram
3216 699 3270 746 et
3319 702 3521 746 conve-

1950 784 2193 838 nientem
2244 782 2522 853 propriam
2576 782 2808 837 maxime
2864 782 3285 853 appellationem
3321 791 3525 838 sanctae

1950 874 2188 945 Virginis
2208 862 2577 945 Dei-parentis
2613 880 2889 943 rogantes.

2497 1005 2657 1064 CAP.
2688 998 2975 1062 XXXVII}.

2061 1097 2211 1164 Quod
2237 1097 2473 1154 Christus
2502 1114 2608 1152 non
2636 1114 2755 1152 uere
2794 1098 2987 1152 dicitur
3011 1097 3152 1153 Deus
3190 1114 3422 1153 asserere

2341 1231 2352 1239 .
2570 1168 2909 1222 audentibus.

1952 1324 1955 1325 ν
2024 1280 2171 1335 Deus
2202 1287 2324 1335 erat
2349 1279 2618 1345 Verbum,
2656 1279 2863 1336 factum
2903 1288 2990 1337 est
3031 1280 3225 1348 homo;
3256 1296 3327 1337 an
3362 1281 3530 1351 Virgo

1955 1372 2029 1427 sit
2077 1371 2248 1426 Mater
2274 1370 2391 1435 Dei,
2424 1386 2556 1426 sane
2584 1368 2749 1442 Virgo
2772 1372 2892 1440 ejus
2922 1380 3009 1428 est
3036 1373 3210 1429 Mater
3234 1374 3394 1444 cujus
3413 1380 3533 1433 erat

1958 1464 2222 1528 Verbum,
2252 1479 2364 1518 non
2405 1462 2565 1533 cuius
2591 1461 2796 1517 factum
2839 1471 2925 1518 est
2951 1482 2964 1519 :
2996 1478 3069 1518 an
3101 1464 3405 1519 secundum
3434 1466 3534 1520 bo-

1958 1556 2162 1611 minem
2205 1564 2436 1611 matrem
2482 1554 2709 1621 habeat,
2758 1553 2993 1612 homine,
3017 1563 3247 1611 matrem
3294 1570 3403 1611 non
3437 1556 3535 1610 ha‘

1962 1648 2149 1711 bente,
2198 1662 2331 1702 sane
2362 1645 2603 1700 Verbum
2648 1655 2883 1702 matrem
2928 1647 3133 1702 habere
3174 1663 3286 1703 non
3330 1657 3529 1718 potest.

1959 1739 2066 1803 Sed
2108 1748 2165 1795 et
2212 1739 2332 1809 ejus
2372 1747 2491 1794 erat
2537 1738 2883 1794 Verbum'et
2933 1740 3090 1810 cujus
3130 1746 3380 1796 sanctum
3424 1747 3531 1805 est,

1958 1831 2078 1901 ejus
2105 1838 2191 1885 est
2223 1829 2394 1883 Mater
2422 1828 2615 1898 Virgo,
2663 1836 2721 1883 et
2764 1828 2930 1884 simul
2980 1828 3204 1899 quidem
3225 1871 3240 1896 ,
3293 1830 3389 1885 sed
3422 1846 3534 1884 non

1960 1918 2125 1975 simili
2150 1919 2335 1984 modo,
2371 1918 2535 1973 Verbi
2584 1917 2828 1987 quidem,
2881 1927 2942 1973 ut
2986 1934 3054 1975 ex
3104 1920 3197 1975 illa
3241 1919 3532 1985 incarnati,

1961 2009 2144 2064 carnis
2167 2023 2297 2063 vero
2330 2020 2389 2064 ut
2415 2024 2484 2064 ex
2511 2007 2605 2062 illa
2633 2008 2998 2064 substantiam
3028 2008 3379 2079 accipientis.

2517 2120 2670 2177 CAP.
2727 2120 2972 2176 XXXIX.

1968 2246 1975 2257 ι
2034 2212 2348 2269 Secundum
2396 2213 2755 2282 prophetam,
2802 2228 3003 2269 nomen
3049 2212 3404 2277 Emmanuel,
3451 2210 3537 2269 est

1962 2320 2167 2360 nomen
2191 2305 2332 2376 signi
2362 2320 2430 2359 ex
2464 2305 2687 2375 Virgine
2719 2304 2853 2360 editi
2881 2315 2938 2360 et
2964 2304 3153 2360 domui
3187 2305 3358 2360 David
3398 2306 3533 2367 dati.

1963 2396 2269 2451 secundum
2314 2395 2601 2466 Egyptium
2650 2410 2786 2451 vero
2832 2396 3155 2451 Emmanuel
3201 2411 3403 2452 nomen
3452 2406 3538 2453 est

1966 2487 2061 2542 Dei
2092 2488 2309 2556 signum
2342 2486 2544 2542 dantis.
2571 2485 2677 2541 Sed
2709 2486 3031 2542 Emmanuel
3053 2487 3272 2558 signum
3297 2501 3406 2557 non
3430 2499 3536 2552 est,

1966 2576 2238 2644 siquidem
2267 2590 2464 2630 nomen
2491 2583 2577 2629 est
2600 2574 2912 2645 signiﬁcans
2940 2577 3234 2646 quamdam
3278 2579 3538 2649 hyposta-

1966 2664 2075 2729 sin,
2107 2665 2401 2719 secundum
2433 2678 2597 2734 quam
2621 2666 2907 2721 nobiscum
2932 2667 3252 2725 hominibus
3282 2668 3424 2724 Deus
3444 2670 3541 2724 ad-
3576 2723 3596 2741 ,

1965 2754 2146 2820 venit;
2197 2755 2475 2824 quomodo
2527 2772 2663 2813 vero
2719 2757 2945 2813 advenit
2988 2759 3308 2826 nobiscum,
3357 2776 3539 2815 annon

1967 2844 2197 2900 evidens
2220 2846 2365 2914 quod
2408 2855 2572 2901 antea
2611 2846 2799 2901 aberat
2827 2862 2859 2900 a
2890 2846 3085 2903 nobis?
3108 2848 3257 2904 Deus
3291 2849 3481 2904 aberat
3509 2865 3541 2904 a

1970 2935 2153 3000 nobis,
2189 2950 2299 2990 non
2327 2937 2552 3000 virtute,
2575 2952 2685 2991 non
2708 2937 3055 3005 habitudine,
3078 2955 3362 3010 nunquam
3386 2940 3540 3005 loco;

1972 3132 2089 3170 ram
2134 3116 2338 3183 univit,
2378 3126 2436 3172 et
2476 3132 2604 3171 vere
2639 3127 2722 3172 est
2773 3118 3108 3177 nobiscum.
3136 3119 3362 3191 Signum
3409 3136 3547 3176 vero

1971 3223 2082 3261 non
2115 3207 2342 3261 advenit
2371 3207 2679 3274 nobiscum,
2716 3206 2811 3262 sed
2839 3208 2885 3262 si
2924 3207 3148 3277 quando
3176 3208 3317 3265 forte
3356 3211 3547 3279 loque-

1973 3309 2129 3352 retur
2168 3297 2293 3368 quis
2339 3298 2396 3352 in
2424 3297 2602 3361 nobis,
2646 3313 2756 3352 non
2785 3310 2932 3354 esset
2972 3297 3189 3369 signum
3235 3299 3542 3355 nobiscum.

1973 3388 2163 3458 Quoad
2220 3388 2490 3444 Emmauu
2548 3388 2865 3460 signiﬁcans
2922 3389 3227 3445 secundum
3287 3390 3548 3446 Hebraeos

1974 3481 2344 3536 communiter
2377 3480 2525 3548 quod
2547 3483 2644 3541 esti
2696 3481 2985 3541 nobiscum.
3031 3481 3139 3539 Ubi
3169 3498 3409 3552 unquam
3450 3498 3551 3537 au-

1975 3567 2151 3621 ditum
2178 3576 2261 3623 est
2294 3567 2505 3637 signum
2543 3568 2870 3639 signiﬁcare,
2921 3586 3035 3626 nec.
3070 3571 3241 3627 Deum
3273 3571 3561 3642 sapienter.

1973 3657 2125 3728 loqui
2141 3656 2164 3711 ?

2604 3770 2756 3828 CAP.
2798 3771 2910 3825 XL.
2932 3819 2937 3824 .

1982 3892 2017 3927 ,η
2045 3860 2308 3916 Natorum
2341 3869 2830 3931 naturanusquam
2876 3861 3195 3931 designatur
3236 3861 3553 3917 nominibus

1977 3951 2277 4022 impositis,
2308 3968 2435 4006 nam
2474 3951 2698 4006 nomina
2729 3951 2983 4021 imposita
3024 3960 3154 4007 sunt
3191 3951 3549 4023 signiﬁcatita

1977 4042 2346 4098 accidentium
2378 4052 2588 4097 natura:
2615 4041 2967 4111 :.hujusmodi
2988 4049 3079 4096 .est
3107 4055 3305 4096 nomen
3335 4041 3552 4097 Emma-

1977 4135 2127 4195 nuel.
2159 4141 2349 4203 utpote
2375 4148 2578 4195 nomen
2611 4133 2960 4202 impositum;
3004 4132 3297 4202 appellatio
3328 4133 3550 4188 Emma-

1979 4229 2106 4284 nuel
2125 4244 2256 4298 ergo
2278 4227 2583 4282 secundum
2623 4225 2934 4297 IEgyptium
2959 4233 3208 4281 naturam
3232 4225 3552 4295 accipientis

172 4400 195 4408 ρ
310 4319 515 4408 κλῆσις*
528 4320 669 4372 κατὰ
690 4321 782 4372 τὸν
811 4320 1105 4389 Αίγύπτιον
1132 4340 1147 4353 ο
1184 4324 1320 4378 ἀλλὰ
1348 4326 1483 4379 Θεοῦ
1525 4328 1626 4399 τὴν
1652 4348 1867 4402 συμμα-

1978 4339 2090 4376 non
2121 4322 2394 4391 designat,
2426 4319 2520 4374 sed
2557 4333 2678 4373 esse
2725 4318 2985 4372 unionem
3015 4317 3111 4371 Dei
3138 4331 3265 4371 cum
3297 4316 3553 4372 acciden-

1982 4413 2131 4466 tibus
2182 4410 2507 4466 Emmanuel
2566 4409 2623 4463 in
2672 4409 2890 4479 signum
2941 4408 3124 4462 istius.
3179 4407 3288 4463 Sed
3339 4407 3551 4463 nullum

1981 4503 2131 4558 aliud
2180 4502 2682 4572 nomenspeciale;
2709 4503 2854 4571 quod
2891 4502 3117 4572 quidam
3166 4502 3336 4573 igitur
3362 4502 3551 4558 Domi-

1979 4611 2113 4649 num
2144 4595 2599 4664 dicunt,positnm
2628 4594 2732 4648 sub
2766 4594 3002 4664 imagine
3033 4594 3198 4649 unius
3222 4594 3550 4664 liypostasis,

1981 4686 2306 4755 simpliciter
2347 4687 2597 4756 designat
2647 4693 2920 4740 naturam.
2966 4686 3074 4741 Sed
3104 4701 3210 4742 nec
3248 4684 3550 4750 deﬁnitive,

1980 4790 2084 4839 nec
2112 4774 2493 4846 signiﬁcative,
2527 4783 2587 4827 ut
2626 4774 2851 4828 nomina
2874 4774 3188 4829 communia
3219 4782 3275 4829 et
3314 4775 3551 4844 appella-

1982 4866 2093 4921 tiva
2118 4866 2397 4936 aliquibus
2421 4866 2566 4920 dicta
2589 4865 2877 4920 remittunt
2919 4864 3307 4934 cogitationem
3324 4861 3379 4917 in
3398 4875 3554 4924 natu-

1981 4975 2097 5012 ram
2133 4959 2457 5026 plerumque
2488 4955 2627 5007 nihil
2665 4953 2889 5007 omnino
2934 4952 3200 5008 indicant.
3228 4953 3335 5008 Per
3361 4968 3552 5010 vocem

1980 5049 2128 5104 enim
2173 5047 2397 5110 ξάνθον
2423 5045 2664 5117 (ﬂavum)
2697 5045 2985 5100 audientes
3013 5044 3118 5101 sibi
3143 5057 3375 5117 possunt
3395 5045 3553 5102 emn-

1981 5153 2109 5208 gere
2156 5151 2359 5206 equum
2404 5133 2716 5205 quemdam,
2758 5135 2842 5190 vel
2871 5134 3099 5192 [luvium
3146 5145 3204 5192 et
3250 5136 3550 5193 hominem.

1980 5224 2117 5281 Cum
2140 5225 2307 5296 igitur
2326 5225 2549 5280 nomina
2577 5225 2889 5294 personalia
2918 5225 3123 5281 additis
3144 5226 3470 5296 quibusdam
3499 5234 3558 5282 et

1982 5319 2362 5375 accidentibus
2437 5318 2872 5373 substantiarum
2936 5333 3155 5388 semper
3234 5320 3556 5390 hypostases

1984 5412 2307 5482 designant;
2343 5424 2474 5481 ergo
2495 5419 2553 5463 et
2577 5424 2778 5464 nomen
2812 5410 3135 5465 Emmanuel
3161 5426 3409 5480 personae
3455 5412 3554 5468 tri-

1984 5503 2171 5571 buitur
2207 5516 2303 5570 per
2344 5514 2506 5567 quam
2542 5500 2745 5554 accidit
2786 5499 2948 5568 nobis
2984 5490 3303 5567 societatem
3352 5500 3553 5555 habere

1985 5612 2107 5649 cum
2141 5595 2251 5649 Deo
2281 5612 2294 5646 :
2339 5593 2608 5662 siquidem
2640 5593 2733 5648 Dci
2768 5600 2824 5648 et
2869 5591 3153 5655 hominum
3198 5589 3312 5660 ipse
3352 5590 3547 5651 media:
