3908 6306
196 215 332 281 i717

1161 227 1548 291 suvsnsus
1582 230 2128 299 NESTORIANOS.
2149 221 2223 274 —-‘
2250 234 2395 295 LlB.
2438 232 2533 292 Iv.

3310 222 3440 286 1718

188 328 663 401 προσκυνουμινη
697 329 772 394 ὡς
795 331 1032 402 Χριστοῦ
1080 332 1173 385 τοῦ
1207 336 1650 405 σεσαρκωμὲνου,
1680 339 1774 390 ἀν-

1902 353 2163 404 ιετεοηοε,
2189 339 2281 395 sed
2316 334 2614 406 composita
2656 342 2711 388 et
2736 329 2972 401 duplicis
2996 340 3203 383 natura:
3233 337 3289 382 et
3312 312 3437 382 add

193 419 502 491 θρωπίνως
525 420 673 475 θείου
701 423 896 491 Λόγου.

802 534 1054 593 ΚΕΦΔΔ.
1080 537 1214 591 MA'.

270 647 348 701 Τὸ
389 647 530 700 Θεὸν
551 646 722 715 Δόγον
739 648 979 719 χωρίσας
999 650 1028 702 6
1055 650 1354 717 Αἰγύπτιος
1387 651 1485 722 τῆς
1504 651 1776 723 θεότητος,

193 737 369 794 αὐτὸν
403 740 510 809 μὲν
552 743 617 794 ὲκ
655 742 754 811 τῆς
798 741 1078 810 Παρθένου
1127 740 1445 812 δογματίζει
1499 746 1782 815 σαρκικῶς

195 834 532 903 τικτόμενον
551 849 566 865 ·
591 833 691 904 τὴν
713 833 770 886 δὲ
800 834 966 887 αὐτοῦ
994 834 1226 904 θεότητα
1245 834 1572 889 ὑποϐάλλειν
1593 839 1659 903 τῇ
1686 837 1784 889 αύ-

194 926 268 994 τῇ
300 925 554 995 σαρκικῇ
601 924 875 993 γεννήσει,
920 919 953 999 ᾗ
1003 925 1243 980 ὑπέϐαλε
1275 927 1366 980 τὸν
1416 928 1548 981 Θεὸν
1589 929 1782 996 Λόγον,

197 1015 452 1084 ἑσχάτης
479 1010 620 1068 εἷναι
652 1016 848 1085 μανίας
886 1014 1054 1084 λέγει.
1098 1019 1212 1089 Οὐχ
1247 1018 1436 1084 ἁπλῶς
1461 1021 1570 1091 γὰρ
1595 1023 1786 1089 γεννή-

200 1125 289 1161 σει
329 1109 480 1162 ἀλλὰ
509 1114 767 1180 σαρκικῇ,
793 1111 1039 1165 τουτεστι
1068 1114 1311 1181 ρευστῶς
1338 1114 1433 1167 καὶ
1458 1117 1538 1178 εἰς
1565 1114 1626 1167 τὸ
1643 1110 1783 1169 εἶναι

196 1198 343 1263 ὅλως
369 1200 694 1271 προαγούσῃ
717 1218 769 1254 τι
795 1203 893 1271 οὐχ
911 1202 1242 1274 ὑποδλητέον
1256 1205 1415 1259 Θεὸν.

208 1326 229 1339 ‘
782 1315 1034 1370 ΚΕΦΑΛ.
1091 1316 1227 1371 Μεο.

279 1403 347 1460 Ei
376 1409 447 1478 τῇ
466 1405 684 1475 θεότητι
714 1406 846 1470 Θεὸς
875 1408 903 1459 6
926 1410 1117 1475 Λόγος,
1154 1411 1249 1462 καὶ
1296 1414 1363 1481 τῇ
1408 1410 1789 1480 ἀνθρωπότητι

1877 445 2004 487 rans
2027 438 2087 486 ut
2108 429 2309 486 Christi
2332 425 2599 484 incarnati
2613 464 2629 491 ,
2658 422 2822 479 Verbi
2850 420 3021 477 divini
3035 415 3275 475 hominis
3289 415 3435 473 iacti.

2469 538 2619 594 CAP.
2650 535 2835 592 XLIV.

1948 654 2231 729 Egyptius
2265 670 2390 709 cum
2443 654 2774 724 sejunxisset
2797 652 2967 707 Deum
3009 646 3253 703 Verbum
3291 644 3443 702 Divi-

1882 750 2077 813 nitatc,
2101 747 2265 802 docet
2308 760 2435 801 eum
2468 747 2720 816 genitum
2773 757 2841 798 ex
2869 740 3092 810 Virgine
3141 738 3443 796 secundum

1879 853 2121 903 carnem,
2147 838 2265 909 ejus
2282 836 2636 891 Divinitatem
2664 833 2898 905 subjecit
2923 831 3052 902 ipsa:
3092 829 3434 902 generationi

1881 931 2110 995 carnali,
2137 944 2244 1000 qua
2274 920 2511 999 Subjecit
2540 916 2781 983 Verbu’m
2818 926 3012 989 Deum,
3036 923 3171 978 dicit
3200 923 3449 976 inaxinu:

1884 1023 2130 1077 insaniae.
2152 1022 2269 1076 Non
2299 1022 2448 1076 enim
2497 1018 2825 1089 simpliciter
2865 1014 3202 1089 generationi
3267 1022 3447 1069 tamen

1882 1114 2106 1178 carnali,
2124 1114 2227 1168 hoc
2249 1123 2335 1169 est
2358 1112 2695 1177 transilorie,
2711 1110 2808 1167 sed
2831 1108 2999 1166 Deum
3014 1124 3123 1164 non
3142 1108 3449 1180 subjectum

1882 1208 2107 1261 omnino
2134 1204 2318 1276 dirigi.

2495 1315 2646 1371 CAP.
2675 1313 2834 1369 XLV.

1957 1408 2014 1461 Si
2042 1405 2328 1461 Divinitati
2368 1405 2516 1459 Deus
2532 1394 2811 1467 Verbum,
2843 1410 2901 1457 et
2930 1402 3262 1457 humanitati
3289 1402 3453 1455 homo

205 1498 507 1568 ἅνθρωπος
523 1498 552 1551 6
580 1499 771 1567 Λόγος,
794 1500 910 1562 πῶς
933 1501 960 1552 ὂ
991 1501 1105 1553 ἐστι
1126 1504 1191 1573 τῇ
1224 1503 1385 1572 σαρκὶ
1410 1503 1470 1555 ού
1495 1504 1736 1557 τίκτεται
1762 1503 1790 1556 6

1902 1497 2152 1560 i’erhum,
2185 1493 2470 1567 quomodo
2493 1510 2602 1548 non
2632 1494 2880 1564 genitum
2903 1508 2968 1547 ex
2996 1506 3162 1547 carne
3194 1490 3344 1562 quod
3367 1501 3454 1547 est

208 1592 416 1660 Λόγος,
454 1589 571 1643 ἀλλ’
596 1591 624 1644 ὅ
666 1593 785 1643 ἐστι
810 1592 875 1661 τῇ
913 1591 1162 1661 θεότητις
1194 1593 1511 1663 δογματίζει
1563 1595 1672 1664 γὰρ
1729 1596 1790 1648 τὸ

1902 1588 2153 1653 Verbum,
2182 1585 2276 1641 sed
2313 1602 2380 1641 ex
2414 1586 2711 1642 Divinitate
2761 1586 2908 1656 quod
2959 1584 3079 1641 est?
3114 1583 3251 1640 Nam
3286 1583 3453 1639 docet

205 1680 484 1742 Θεοτόκος
517 1680 546 1732 6
582 1680 899 1746 Αἰγύπτιος,
921 1680 1161 1743 καὶτοὺς
1199 1683 1455 1749 λέγοντας
1487 1684 1550 1736 τὸ
1580 1684 1785 1754 ἀνορω-

1902 1680 2292 1734 naternitatem
2320 1678 2586 1741 divinam,
2614 1686 2672 1731 et
2699 1676 2994 1730 humanam
3037 1675 3450 1744 generationem

210 1770 451 1832 ποτόκος
473 1767 883 1837 ἁναθεματίζει.
917 1770 1030 1822 Καὶ
1061 1769 1090 1822 ὃ
1113 1770 1232 1825 ἔστι
1286 1772 1451 1841 σαρκὶ
1500 1770 1742 1825 τίκτεται
1765 1774 1793 1824 ὁ

213 1862 398 1931 Λόγος
430 1879 445 1893 ο
478 1860 597 1916 ἀλλ’
649 1861 683 1931 ἡ
715 1859 947 1915 τεκοῦσα
973 1860 1033 1914 ού
1078 1860 1300 1915 δύναται
1346 1861 1563 1933 θατέρῳ
1600 1862 1787 1926 τῶνδε,

211 1955 390 2026 ἦγουν
427 1953 506 2022 τῷ
548 1951 751 2024 χείρονι
799 1954 908 2007 τῶν
951 1954 1252 2026 ὀνομάτων,
1313 1955 1497 2019 ίδικῶς
1529 1956 1791 2025 ὀνομάζε-

215 2043 350 2098 σθαι
381 2056 397 2074 ⁶
441 2042 557 2097 εστι
595 2043 706 2114 γὰρ
758 2044 934 2096 κοινὸν
961 2044 1134 2116 ὄνομα
1189 2044 1307 2099 τόδε
1359 2046 1558 2110 πάσαις
1589 2047 1790 2117 ἀνῆκον

213 2131 462 2202 γυναιξὶ,
495 2132 590 2190 καὶ
616 2132 757 2186 κατὰ
789 2132 908 2186 τόδε
940 2132 1139 2198 πάσαις
1167 2134 1628 2206 συνεμπίπτουσα.

785 2247 965 2300 ΚΕΦΛ
975 2246 1038 2301 Λ.
1077 2249 1227 2315 Μςν.

290 2340 411 2410 Τὴν
435 2338 532 2392 τοῦ
560 2338 727 2407 νόμου
758 2336 1002 2404 διάταξιν
1030 2340 1159 2409 περὶ
1180 2337 1276 2393 τοῦ
1315 2339 1656 2413 καθαρισμοῦ
1686 2343 1793 2396 τῶν
1834 2410 1843 2415 δ

216 2428 558 2499 τικτομένων
588 2430 653 2498 ἢν
674 2427 992 2499 ἐπλήρωσεν
1021 2431 1055 2500 ὴ
1091 2429 1365 2501 Παρθένος
1380 2430 1670 2499 ἀνάγνωθι,
1700 2433 1794 2486 καὶ

218 2522 389 2592 μάθε.
425 2520 558 2573 Θεὸν
574 2520 900 2591 ἐκαθάρισεν
929 2522 959 2574 6
987 2522 1151 2591 νόμος
1178 2521 1416 2576 κελεύων
1447 2522 1485 2578 ἃ
1523 2522 1648 2595 ἔφη,
1696 2525 1794 2578 καὶ

216 2615 252 2683 ὴ
284 2612 564 2681 [Ιαρθινος
583 2612 868 2682 πληροῦσα
904 2614 1076 2682 αὑτάς
1115 2613 1150 2686 ἢ
1182 2614 1500 2686 ἄνθρωπονς
1534 2617 1631 2669 ἐὰν
1689 2618 1795 2688 γὰρ

216 2703 609 2775 σπερματισθῇ
643 2704 805 2776 γυνὴ,
839 2706 1006 2775 φησὶν
1043 2706 1073 2758 6
1096 2706 1280 2777 νόμος,
1317 2707 1412 2761 καὶ
1437 2708 1575 2782 τέκῃ
1605 2707 1792 2778 ἄρσεν,

216 2798 363 2850 ιστω
395 2795 708 2865 ἀκάθαρτος
735 2797 874 2850 ἑπτα
901 2797 1116 2868 ἡμέρας
1144 2797 1245 2867 τῆς
1288 2799 1527 2871 ἁφέδρου
1584 2800 1678 2853 τοῦ
1708 2801 1796 2854 αἴ-

218 2902 393 2954 ματο;
424 2886 613 2954 αὐτῆς,
649 2887 746 2938 καὶ⁸
777 2887 1073 2956 τριάκοντα
1117 2889 1211 2941 καὶ
1245 2892 1396 2958 τρεῖς
1423 2891 1637 2961 ἡμέρας
1695 2906 1796 2946 κα-

1892 1764 2157 1820 docentcs
2181 1756 2626 1820 anathematizat.
2670 1762 2737 1818 Et
2781 1763 2930 1833 quod
2960 1772 3049 1819 est
3101 1778 3274 1818 carne
3298 1766 3453 1835 genio

1892 1871 2008 1917 tum
2035 1870 2121 1916 est
2148 1861 2416 1925 Verbum,
2446 1859 2541 1917 sed
2565 1859 2807 1931 geniti-ix
2829 1873 2938 1913 non
2965 1866 3147 1929 potest
3172 1872 3307 1913 sane
3353 1872 3452 1926 νος

1887 1953 2007 2025 jore
2026 1952 2264 2007 duorum
2292 1952 2525 2008 istorum
2547 1951 2835 2006 nominum
2862 1949 3160 2019 designari.
3191 1962 3317 2003 nam
3349 1960 3454 2002 no-

1894 2057 2020 2098 men
2052 2043 2220 2098 istum
2241 2052 2328 2100 est
2345 2056 2639 2098 commune
2668 2049 2726 2097 et
2747 2054 3058 2111 congruum
3090 2041 3313 2096 cunctis
3332 2054 3457 2095 tnu-

1892 2130 2141 2200 lieribus,
2168 2140 2223 2188 et
2241 2131 2299 2188 in
2321 2131 2426 2189 hoc
2450 2130 2740 2189 concurrit
2783 2143 2911 2186 cum
2936 2128 3218 2186 omnibus.

2482 2246 2637 2303 CAP.
2676 2243 2866 2301 XLVI.

1965 2339 2279 2396 laudatum
2320 2337 2457 2408 legis
2484 2337 2632 2393 circa
2666 2316 3111 2408 puriﬁcationem
3148 2345 3457 2405 puerpero-

1894 2448 2015 2488 rutn
2040 2430 2188 2503 quod
2231 2429 2478 2500 implevit
2535 2428 2703 2500 Virgo
2727 2440 2964 2497 agnosce
2992 2434 3055 2480 et
3076 2422 3247 2481 disce.
3282 2422 3457 2480 Deum

1894 2525 2173 2581 hominem
2207 2521 2515 2595 puriﬁcavit
2544 2521 2630 2577 lex
2649 2520 2850 2592 jubens
2875 2535 2997 2591 qute
3029 2517 3178 2574 dicta
3224 2525 3374 2581 sunt,
3401 2525 3459 2572 et

1893 2616 2060 2688 Virgo
2105 2615 2339 2685 implens
2358 2612 2459 2681 ea?
2484 2611 2623 2669 Cum
2653 2611 2871 2675 mulier.
2918 2619 3178 2680 suscepto
3222 2608 3457 2673 semine,

1894 2710 1972 2762 ait
1992 2707 2101 2771 lex,
2129 2705 2319 2778 genuit
2342 2702 2668 2768 masculum,
2693 2703 2767 2758 sit
2796 2703 3009 2773 impura
3038 2711 3244 2771 septem
3263 2699 3462 2755 diebus

1895 2795 2047 2850 ﬂuxu
2077 2793 2380 2864 sanguinis.
2413 2802 2470 2847 et
2496 2790 2724 2862 triginta
2757 2789 2937 2844 tribus
2983 2787 3182 2843 diebus
3208 2786 3464 2841 demittet

1898 2888 1953 2942 in
1990 2886 2278 2956 sanguinis
2326 2880 2793 2953 puriﬁcationem,
2846 2894 3010 2935 omne
3057 2887 3307 2935 sanctum
3351 2891 3462 2930 non

214 2977 421 3032 θιεῑται
448 2978 506 3029 ὲν
533 2975 614 3046 τῷ
642 2976 1026 3047 αἵματιαύτῆς
1073 2979 1150 3048 τῷ
1187 2980 1414 3051 καθαρῷ
1435 2998 1449 3013 ο
1480 2981 1618 3054 αῦτη
1658 3000 1795 3036 παν-

1902 2988 2106 3050 tanget,
2141 2986 2199 3033 et
2237 2977 2294 3031 in
2321 2975 2703 3032 sanctuarium
2758 2988 2871 3028 non
2901 2972 3133 3028 intrabit
3152 2968 3462 3042 usquedum

219 3072 310 3130 τὸς
340 3065 502 3134 ἁγίου
526 3066 625 3137 οὐχ
675 3065 909 3121 ἅπτεται
928 3083 941 3099 ο
968 3068 1062 3120 καὶ
1089 3070 1167 3132 εἰς
1192 3071 1252 3123 τὸ
1295 3071 1648 3143 ἀγιαστήριον
1695 3074 1796 3126 οὐκ

1902 3072 2234 3141 impleantur
2270 3068 2390 3124 dies
2437 3065 2840 3138 puriﬁcationis
2873 3080 3004 3127 sua,
3037 3074 3093 3120 et
3126 3079 3251 3119 cum
3309 3077 3465 3118 corn-

217 3157 620 3223 εἰσελεύσεται,
646 3159 753 3222 ἕως
788 3158 856 3212 ἂν
879 3158 1244 3230 πληρωθῶσιν
1267 3164 1322 3214 αί
1349 3163 1557 3233 ἡμέραι
1574 3165 1672 3234 τῆς
1697 3181 1798 3218 κα-

224 3250 477 3321 θάρσεως
522 3250 692 3321 αὐτῆς
720 3269 733 3284 ο
771 3251 866 3304 καὶ
908 3251 1036 3306 ὅταν
1089 3251 1453 3322 πληρωθῶσιν
1506 3256 1564 3308 αι
1595 3256 1797 3327 ἡμέραι

217 3342 318 3412 τῆς
365 3340 692 3411 καθάρσεως
739 3343 928 3413 αὐτῆς,
963 3343 1104 3396 οἴσει
1159 3343 1332 3413 ἀμνὸν
1361 3346 1592 3416 ἄμωμον
1622 3347 1657 3418 ἢ
1705 3348 1800 3403 δύο

220 3432 485 3495 νεοσσοὺς
512 3434 841 3503 περιστερᾶς
876 3436 958 3497 είς
989 3433 1089 3505 τὴν
1129 3430 1300 3504 θύραν
1330 3437 1429 3505 τῆς
1470 3441 1675 3510 σκηνῆς
1701 3438 1797 3493 τοῦ

225 3523 536 3595 μαρτυρίου
563 3538 577 3553 ’
605 3526 698 3578 καὶ
729 3527 945 3596 ποιήσει
973 3528 1001 3578 6
1025 3526 1202 3596 ἱερεὺς
1231 3526 1291 3579 τὸ
1330 3528 1427 3598 μὲν
1458 3533 1586 3602 περὶ
1613 3532 1800 3603 ἁμαρ-ι

222 3612 372 3678 τίας,
407 3614 468 3666 τὸ
492 3614 548 3667 δὲ
576 3618 655 3679 είς
697 3614 1067 3671 ὁλοκαύτωσιν
1091 3634 1105 3650 ·
1158 3621 1252 3672 καὶ
1302 3620 1594 3690 καθαρίσει
1627 3624 1801 3694 αὐτὴν

225 3707 336 3760 ἀπὸ
361 3705 463 3774 τῆς
493 3706 678 3778 πηγῆς
701 3709 795 3762 τοῦ
825 3710 1055 3779 αἵματος
1076 3711 1251 3780 αὐτῆς
1279 3727 1295 3743 ο
1332 3715 1426 3767 καὶ
1452 3714 1596 3785 μετὰ
1629 3716 1803 3770 ταῦτα

226 3802 599 3857 εἰσελεύσεται
622 3806 699 3867 είς
732 3804 795 3858 τὸ
828 3805 983 3874 ἆγιον
1014 3821 1027 3835 ⁸
1052 3807 1206 3861 ὃτιδὲ
1229 3808 1552 3881 ἐπλήρωσεν
1584 3812 1619 3881 ἡ
1649 3811 1801 3881 Παρ-

226 3892 384 3956 θένος
410 3894 612 3964 ταύτην
640 3895 740 3964 τὴν
760 3895 1024 3963 διάταξιν,
1054 3902 1321 3971 μαρτυρεῖ
1350 3902 1608 3963 Λουκᾶςό
1633 3902 1802 3971 εὐαγ-

228 3985 485 4058 γελιστὴς
512 3986 707 4056 λέγων·
727 3990 838 4043 Καὶ
868 3989 1274 4060 πληρώσαντες,
1299 3995 1453 4063 φησὶ,
1477 3994 1578 4058 τὰς
1594 3994 1802 4066 ἡμέρας

228 4080 326 4133 τοῦ
353 4080 695 4153 καθαρισμοῦ
729 4084 930 4147 αὐτῶν,
981 4086 1290 4155 ἀνήνεγκαν
1325 4087 1489 4141 αὐτὸν
1518 4091 1596 4150 είς
1638 4087 1700 4142 τὸ
1730 4090 1829 4141 iam

233 4173 330 4241 ρὸν
353 4177 699 4244 παραστῆσαι
724 4176 887 4230 αὑτὸν
913 4175 991 4246 τῷ
1017 4177 1227 4247 Κυρίῳ,
1261 4178 1355 4231 καὶ
1378 4179 1472 4231 τοῦ
1498 4178 1680 4233 δοῦναι
1711 4180 1804 4235 δύο

231 4266 488 4329 νεοσσοὺς
529 4268 891 4338 περιστερῶν.
922 4268 1100 4322 Πολλὰ
1122 4269 1296 4339 mea
1326 4271 1393 4340 τῇ
1432 4271 1638 4342 ἀπορίᾳ
1674 4272 1802 4342 τῇδε

229 4356 425 4410 ιπεται
448 4372 461 4385 ·
492 4357 543 4408 εί
570 4333 675 4424 γαρ
711 4333 787 4427 μη
816 4356 976 4411 τύποι
1025 4358 1187 4412 τινῶν
1215 4333 1681 4429 πνευματικῶν.οί
1715 4333 1804 4415 :10-
1835 4333 1879 4388 D

236 4451 390 4516 μικοὶ
425 4450 523 4518 τῆς
572 4448 773 4517 σαρκὸς
816 4449 1149 4520 καθαρισμοὶ
1203 4451 1296 4505 καί¹
1333 4452 1540 4522 ἑτέροις
1595 4452 1803 4506 ἐπικεί-

237 4558 412 4609 μενοι,
443 4543 504 4595 ού
531 4540 637 4611 γὰρ
668 4540 909 4611 Χριστῷ,
958 4542 1087 4612 ἄχρι
1119 4544 1220 4613 τῆς
1276 4545 1584 4615 παρουσίας
1635 4545 1803 4599 αὑτοῦ

233 4634 330 4694 τοῦ
364 4634 619 4709 ἀληθινοῦ
654 4633 1021 4706 καθαρτηρίου
1056 4636 1164 4689 τῶν
1192 4637 1331 4691 ὅλων
1380 4638 1617 4708 Χριστοῦ
1653 4655 1667 4669 ο
1695 4640 1804 4709 ἄρα

234 4748 299 4798 γε
321 4735 416 4787 καὶ
442 4733 605 4786 αὐτὸν
625 4731 967 4803 καθάραντες
1031 4733 1122 4786 τὸν
1168 4733 1541 4803 ποιησάμενον
1574 4734 1667 4787 τὸν
1706 4752 1805 4789 κα·-

235 4823 501 4894 θαρισμὸν
529 4823 637 4877 τῶν
661 4824 949 4896 ἁμαρτιῶν
983 4825 1141 4894 ἡμῶν
1182 4824 1415 4896 Χριστὸν
1448 4825 1543 4877 καὶ
1599 4826 1809 4896 ίσχυρό-

231 4929 390 4983 τερον
426 4914 519 4965 καὶ
542 4912 841 4982 ἁγιώτερον
871 4914 1179 4982 παριστῶσι
1226 4914 1463 4984 Χριστοῦ
1495 4914 1588 4967 τὸν
1618 4917 1801 4983 νόμον,

234 5005 328 5059 τοῦ
357 5006 452 5061 τὸν
471 5008 634 5077 νόμον
666 5008 775 5060 τῶν
800 5005 1030 5059 ἐντολῶν
1083 5009 1535 5079 καταργήσαντος
1567 5025 1582 5041 ο
1632 5010 1684 5062 τί
1712 5006 1806 5063 οῦν

122 5112 125 5115 ·
237 5097 341 5152 ἔδει
378 5102 727 5170 καταργῆσαι
754 5101 979 5155 ἐλθόντα
1029 5104 1191 5156 αὐτὸν
1219 5105 1312 5159 τὸν
1360 5106 1556 5175 νόμονς
1601 5108 1693 5160 καί
1723 5125 1808 5161 τοι

240 5188 325 5242 διὰ
355 5190 420 5242 τὸ
476 5184 735 5244 ἀδύνατον
763 5191 858 5245 τοῦ
915 5193 1102 5263 νόμου,
1135 5195 1190 5245 ἐν
1220 5187 1265 5261 ᾧ
1301 5196 1519 5266 ἠσθένει
1572 5197 1661 5250 διὰ
1709 5200 1808 5266 τῆς

239 5282 460 5350 σαρκὸς,
488 5283 675 5345 ὁΘεὶς
699 5284 792 5337 τὸν
809 5285 1002 5339 ἑαυτοῦ
1039 5287 1167 5340 Υίὸν
1205 5286 1450 5357 επεμψεν
1499 5291 1559 5340 ὲν
1608 5289 1807 5358 ὀμοιώ·

240 5369 371 5439 ματι
402 5376 603 5445 σαρκὸς
654 5378 927 5447 ἁμαρτίας
961 5397 972 5408 ·
1016 5380 1108 5431 καὶ
1148 5379 1209 5431 ού
1267 5381 1425 5449 μόνον
1474 5374 1805 5452 καθῄρητεν,

237 5464 371 5519 ἀλλὰ
392 5468 485 5520 καὶ
536 5468 823 5537 κατέκρινε
855 5469 953 5539 τὴν
984 5471 1262 5539 ἁμαρτίαν
1296 5473 1354 5523 ὲν
1397 5474 1463 5541 τῇ
1513 5476 1676 5540 σαρκὶ
1712 5476 1807 5526 αύ-

236 5553 332 5607 τοῦ
357 5570 369 5583 '
416 5555 555 5625 ἔχων
590 5556 681 5609 οὖν
713 5562 810 5627 τὴν
873 5559 1027 5628 lexin
1058 5561 1170 5616 ,τοῦ
1206 5561 1404 5625 παντὸς
1466 5561 1806 5631 καθαριςμνῦ

240 5640 294 5695 ὲν
338 5648 402 5717 τῇ
458 5646 619 5715 σαρκὶ
662 5648 825 5700 αὐτοῦ
873 5652 934 5718 τῇ
970 5647 1245 5720 θεοπλύκῳ
1300 5650 1555 5719 Χριστὸς,
1606 5652 1804 5722 πληροῖ

1897 3162 2033 3236 pleti
2090 3169 2256 3217 erunt
2304 3160 2426 3216 dies
2452 3157 2855 3230 puriﬁcationis
2891 3172 3024 3223 suae,
3082 3156 3223 3211 feret
3262 3169 3465 3225 agnum

1900 3257 2019 3311 sine
2046 3254 2281 3317 macula,
2313 3254 2401 3309 vel
2439 3254 2578 3306 duos
2609 3251 2792 3321 pullos
2816 3249 3088 3306 columba:
3142 3246 3211 3302 ad
3262 3247 3463 3300 ostium

1900 3348 2236 3404 tabernaculi
2266 3345 2604 3413 testimonii,
2638 3354 2695 3401 et
2736 3342 2999 3400 sacerdos
3049 3340 3246 3398 oifcret
3292 3355 3463 3394 unum

1900 3455 2001 3513 pro
2068 3446 2297 3511 peccato
2358 3447 2415 3493 et
2473 3438 2709 3491 alterum
2815 3434 2872 3490 in
2933 3432 3354 3493 holocaustum,
3413 3438 3469 3484 ct

1901 3534 2215 3607 pur-iiicahit
2266 3549 2388 3589 eam
2445 3549 2474 3588 a
2519 3530 2791 3603 proﬂuvio
2849 3527 3134 3599 sanguinis
3207 3523 3330 3588 sui,
3409 3528 3469 3577 ct

1902 3636 2027 3700 post
2088 3627 2206 3683 hac
2259 3625 2489 3682 intrabit
2544 3626 2599 3680 in
2623 3614 3465 3690 sanctumNirgiuemveroini-

1902 3722 2139 3793 plevisse
2157 3721 2261 3775 hoc
2288 3717 2611 3772 mandatum
2643 3721 2877 3769 testatur
2904 3710 3082 3764 Lucas
3130 3706 3470 3775 evangelista

1902 3815 2114 3870 dicens.
2151 3828 2166 3867 :
2192 3831 2215 3865 ι
2244 3810 2315 3869 Et
2334 3801 3090 3878 completisunt,inquit,dies
3127 3797 3473 3870 purgationis

1901 3921 2113 3967 eorum,
2138 3904 2388 3960 tulerunt
2419 3914 2547 3956 eum
2587 3899 2642 3953 in
2685 3895 2949 3966 templum
2968 3903 3030 3947 ut
3048 3892 3310 3947 sisterent
3336 3902 3467 3944 eum

1904 3999 2137 4056 Domino
2159 4005 2216 4052 et
2243 3995 2440 4050 darent
2469 3992 2612 4047 duos
2637 3989 2819 4061 pullos
2830 3984 3236 4042 columbarum.
3252 4004 3273 4034 ο
3298 3980 3466 4038 Inito

1904 4093 2070 4164 impia
2133 4089 2490 4145 inveniuntur
2518 4085 2578 4140 iu
2624 4084 2730 4139 hac
2783 4076 3218 4139 circumstantia.
3263 4091 3385 4130 nam
3421 4074 3469 4129 si

1902 4201 2014 4240 non
2048 4192 2197 4239 esset
2259 4180 2371 4253 typi
2421 4175 2790 4253 quorumdam
2838 4171 3208 4242 spiritualium
3262 4166 3469 4238 legales

1906 4274 2319 4347 puriﬁcationes
2346 4270 2531 4328 carnis
2552 4276 2615 4325 et
2634 4263 2858 4323 aliunde
2881 4262 3162 4324 adhibitae.
3189 4261 3307 4316 sine
3331 4271 3471 4328 pra:-

1907 4368 2083 4423 sentia
2110 4367 2279 4436 hujus
2307 4363 2426 4419 veri
2446 4361 2692 4417 omnium
2719 4353 3098 4429 puriﬁcatoris
3115 4350 3343 4413 Christi;
3366 4348 3469 4418 igi-

1906 4473 1998 4517 tur
2056 4467 2349 4530 postquam
2399 4453 2834 4526 puriiicaverunt
2887 4460 3013 4502 eum
3060 4446 3154 4515 qui
3206 4449 3473 4513 operatus

1905 4558 2026 4609 erat
2058 4548 2501 4622 purificationem
2552 4550 2906 4615 peccatorum
2963 4544 3283 4592 tiostrorum
3309 4532 3473 4589 Chri-

1906 4655 2074 4708 stum,
2129 4641 2454 4696 exhibentes
2498 4637 2676 4707 legem
2727 4631 2933 4690 Christi
2987 4639 3046 4685 et
3096 4627 3383 4685 fortiorem
3414 4633 3473 4680 et

1907 4740 2239 4796 sanctiorem
2287 4734 2563 4790 abolentis
2607 4733 2785 4798 legem
2845 4735 3270 4799 praecemorutn.
3328 4716 3481 4788 Quid

1907 4832 2056 4886 enim
2091 4826 2383 4899 impedivit
2426 4838 2557 4879 eum
2596 4822 2916 4878 venientem
2977 4816 3201 4872 abolere
3250 4806 3475 4881 legem?

1908 4922 2014 4978 Sed
2052 4931 2282 4992 propter
2323 4913 2826 4986 impossibilitatem
2875 4908 3033 4977 legis,
3070 4906 3126 4959 in
3178 4918 3285 4973 qua
3318 4901 3476 4955 inro-

1908 5015 2167 5070 nlebatur
2191 5025 2289 5081 per
2311 5021 2557 5070 carnem,
2584 5005 2735 5058 Deus
2779 5000 2929 5056 misit
2979 4996 3179 5053 Filium
3214 5008 3374 5049 suum
3416 4992 3471 5047 in

1909 5100 2332 5161 similitudinem
2366 5094 2552 5150 carnis
2600 5089 2836 5162 peccati,
2877 5096 2935 5143 et
2963 5102 3072 5141 non
3108 5084 3284 5140 solum
3320 5082 3473 5154 puri-

1911 5195 2111 5256 licavit,
2151 5191 2247 5247 Sed
2283 5190 2451 5245 etiam
2474 5182 2865 5241 condemnari!
2893 5188 3175 5249 peccatum
3203 5176 3256 5231 in
3306 5189 3472 5229 carnu

1911 5289 2049 5356 ejus.
2076 5285 2211 5340 Cum
2244 5280 2477 5337 haberet
2498 5277 2755 5333 Christus
2777 5275 2887 5327 vim
2915 5289 2933 5322 ι
2953 5271 3097 5325 mnis
3135 5267 3479 5338 purificatio-

1912 5377 2000 5432 nis
2030 5376 2085 5430 in
2113 5390 2279 5430 carne
2313 5388 2433 5434 sua,
2462 5372 2573 5427 I‘eo
2593 5378 2759 5431 texta,
2805 5361 3134 5431 adinzplevit
3196 5358 3251 5411 in
3305 5370 3475 5411 carne
3558 5400 3562 5404 .

1911 5465 2546 5538 omnesjustilicationes
2579 5460 2735 5530 legis,
2784 5464 2843 5510 ut
2895 5453 3194 5508 redimeret
3222 5456 3477 5501 naturam

1916 5559 2117 5620 carnis,
2154 5553 2536 5612 damnationis
2559 5559 2613 5604 et
2639 5544 3045 5621 puriﬁcationis
3072 5539 3280 5610 legalis,
3300 5544 3357 5593 ct
3381 5549 3478 5590 ex-

1914 5654 2129 5711 hiberet
2158 5650 2304 5703 illam
2336 5646 2554 5717 dignum
2583 5643 2697 5696 vita
2748 5636 3017 5708 spirituuli
3066 5646 3228 5704 quam
3275 5627 3478 5700 adjecit
