3908 6306
147 277 280 343 17:21

1101 290 1496 353 ADVERSUS
1535 290 2082 352 NESTORIANOS.
2107 317 2155 327 ’-
2203 293 2350 353 LIB.
2384 294 2452 354 V.

3266 287 3403 353 1722

144 389 299 453 οὕτω
332 393 868 464 προσαγορευούσης,
901 393 1015 448 αλλ’
1046 397 1166 450 οὐδὲ
1187 398 1297 450 τῶν
1317 415 1400 460 τις
1426 398 1685 468 Πατὲρων
1713 413 1724 424 ·

1861 397 2054 452 ednec
2077 398 2356 468 aliquibus
2378 397 2656 465 Patribus,
2697 397 2791 453 sed
2843 395 3149 452 secundum
3206 413 3398 452 vocem

143 483 286 535 ἀλλὰ.
323 483 474 536 κατὰ
519 484 617 550 τὴν
660 487 844 554 φωνὴν
887 487 980 539 τοῦ
1032 487 1266 556 ἀγγέλου
1330 489 1580 555 λέγοντος
1622 491 1733 551 τοῖς

144 576 414 643 ποιμέσιν
448 590 493 626 οι
519 575 740 652 Ἑτέχθη
769 578 896 645 ύμῖν
933 579 1170 648 σήμερον
1194 580 1428 650 Χριστὸς
1452 580 1654 650 Κύριος
1680 597 1728 633 ἰ

143 664 245 714 καὶ
308 663 456 716 κατὰ
506 663 567 715 τὸ
615 665 923 733 εἰρημένον,
961 684 979 716 ι
1013 667 1202 729 Βίϐλος
1227 667 1493 736 γενέσεως
1560 667 1734 738 Ἰησοῦ

151 755 418 824 Χριστοῦ·
452 774 470 806 ι
511 756 604 808 καὶ
635 757 745 819 τδ,‹
768 757 880 809 Νῦν
905 758 961 811 δέ
991 775 1056 828 με
1089 757 1272 810 θέλετε
1299 760 1614 812 ἀποκτεῖναι
1641 760 1736 813 ἄν·

150 845 377 914 θρωπον
408 845 466 908 ὃς
498 846 594 918 τὴν
615 847 870 915 ἀλήθειαν
895 849 1022 918 ὑμῖν
1050 849 1320 920 λελάληκα
1348 865 1362 881 ⁸
1403 870 1421 903 ι
1453 849 1737 920 ἀνθρωπο-

153 939 319 989 τὸκον
372 937 554 1005 φύσει,
610 941 704 992 καὶ
753 940 879 1012 ἀξια
914 943 1275 1011 Χριστοτόκον
1310 943 1480 1012 αὑτήν
1510 960 1689 1013 φαμεν
1720 959 1737 975 ο

155 1025 184 1078 δ
223 1027 298 1094 μὴ
335 1028 725 1098 παρελάὁομεν
751 1029 810 1081 οὐ
843 1029 1265 1100 νομοθετοῦντες
1294 1031 1582 1102 προπετῶς
1615 1032 1738 1084 καθ’

156 1118 329 1187 ὑμᾶς.
357 1119 490 1172 Ἐὰν
522 1119 614 1172 οῦν
649 1121 739 1188 ὅτε
776 1120 874 1189 μὲν
902 1121 1199 1192 διαρρήδην
1225 1122 1359 1174 Θεὸν
1387 1123 1480 1174 τὸν
1505 1123 1743 1192 Χριστὸν

157 1208 513 1276 κυριολεκτεῖ
550 1209 618 1261 τὰ
649 1210 824 1276 λόγια,
856 1211 1212 1281 ἐπεξηγεῖσθε
1241 1211 1334 1264 καὶ
1363 1212 1722 1280 μετεκλαμϐἀ-

159 1316 281 1352 νετε
332 1300 616 1364 αὑτολεξεὶ
659 1303 970 1371 εἰρημένον,
1015 1305 1102 1356 ὅτε
1139 1304 1194 1355 δὲ
1239 1304 1345 1356 ἀπὸ
1383 1303 1744 1374 διανοήματος

159 1391 394 1458 συνάγει
421 1393 814 1464 συμπέρασμα,
856 1396 956 1448 οὐκ
999 1396 1277 1462 αύτολεξεὶ
1323 1397 1596 1466 κείμενον,
1634 1391 1744 1448 οἷον

160 1481 256 1533 ἐπὶ
295 1485 398 1552 τῆς
437 1482 728 1547 Θεοτόκου,
768 1485 891 1537 τότε
928 1485 1265 1554 κυριολεξίαν
1308 1487 1609 1546 ἀπαιτεῖτε,
1652 1486 1747 1554 δῆ-

161 1571 254 1626 λον
283 1573 362 1636 ὡς
392 1577 558 1628 παντλ⁹
583 1579 768 1647 τρόπῳ
799 1577 967 1647 μόνην
987 1579 1084 1647 τὴν
1117 1578 1428 1648 ὀρθοδοξίαν
1447 1578 1746 1649 δραπετεύ-

161 1680 254 1716 ετε
287 1681 302 1696 ⁸
351 1667 404 1718 εἰ
453 1667 561 1736 γὰρ
613 1662 707 1720 οῦν
741 1667 910 1729 ὅντως
958 1668 986 1720 ὃ
1037 1668 1111 1738 μὴ
1164 1669 1342 1721 κεῖται
1385 1671 1498 1731 τοῖς
1542 1667 1748 1735 λογίοις

165 1757 356 1826 ῥητῶς
389 1758 512 1810 οὐδὲ
545 1760 675 1829 ὑμῖν
711 1761 827 1813 ἐστι
871 1761 1099 1826 λεκτὸν,·
1133 1761 1241 1813 οὐδ’
1294 1762 1376 1813 ὅτι
1427 1760 1748 1832 ἁρρεύστως

163 1849 433 1919 ἐγέννησε
462 1851 553 1904 τὸν
573 1853 744 1918 Λόγον
770 1853 798 1904 ό
823 1850 1032 1921 Πατὴρ,
1060 1850 1169 1904 οὐδ’
1198 1852 1280 1904 ὅτι
1305 1851 1544 1921 ὁμοφυὲς
1574 1853 1747 1923 [lat-pl.

163 1943 263 1996 καὶ
308 1943 428 2011 Υἱῴ
470 1943 532 1994 τὸ
577 1943 731 2010 ἅγιον
769 1942 1016 2011 Πνεῦμα,
1048 1942 1158 1996 οὐδ’
1197 1943 1278 1996 ὅτι
1317 1943 1376 1996 τὸ
1402 1942 1514 2013 πῦρ
1541 1944 1570 1996 6
1615 1943 1750 2006 Θεὸς

164 2034 412 2099 εκτισεν,
447 2034 480 2104 ἢ
518 2035 606 2087 τὸν
639 2035 776 2105 ἀέρα
813 2051 826 2064 ⁸
865 2033 975 2087 οὐδ’
1011 2034 1093 2087 ὅτι
1126 2034 1316 2095 σκότος
1345 2034 1447 2086 οὐκ
1497 2033 1747 2093 ἔκτισεν.

163 2129 278 2182 οὐδ’
307 2129 394 2181 ὅτι
428 2127 620 2198 θνηταὶ
649 2127 758 2181 τῶν
796 2128 1045 2198 ἀναίμων
1094 2127 1400 2197 μυρμήκων
1433 2126 1526 2179 καὶ
1555 2126 1751 2196 καρκί-

165 2239 276 2276 νων
304 2223 404 2276 καὶ
436 2223 662 2293 σφηκῶν
702 2223 797 2276 καὶ
826 2222 1030 2276 λοιπῶν
1059 2223 1116 2275 αι
1161 2222 1352 2291 ψυχαὶ,
1392 2221 1488 2274 καὶ
1519 2221 1589 2274 τὰ
1615 2221 1750 2274 ἄλλα

170 2313 367 2384 μυρία,
401 2306 446 2366 ὧ
475 2307 619 2366 οὗτοι
656 2329 668 2342 ·
713 2312 850 2383 πλὴν
875 2312 962 2366 ἵνα
996 2313 1172 2366 πάντα
1204 2313 1333 2382 ὑμῖν
1373 2311 1624 2382 ἀφῶμεν,
1656 2315 1751 2365 καὶ⁴

168 2405 332 2458 αὐτοὶ
362 2405 776 2475 ἀνθρωποτόκον
807 2405 839 2474 ἢ
875 2404 1238 2477 Χριστοτόκον
1279 2405 1448 2474 αὐτὴν
1475 2403 1755 2457 θεσπιστι-

167 2499 288 2562 κῶς
321 2498 752 2560 ἀποκαλοῦντες,
782 2496 886 2549 ποῦ
917 2499 1050 2566 ἡμῖν
1078 2497 1278 2560 δείξετε
1310 2498 1472 2549 τοῦτο
1501 2496 1753 2566 κείμενον

169 2591 231 2642 ὲν
259 2592 327 2658 τῇ
375 2587 509 2658 ἁγίᾳ
547 2588 734 2658 Γραφῇ
769 2592 897 2656 περὶ
925 2589 1022 2656 τῆς
1054 2588 1216 2655 ἁγίας
1247 2586 1561 2658 Παρθένου;
1601 2588 1664 2640 Εἰ
1698 2588 1754 2640 δὲ

173 2680 438 2749 οὐδαμοῦ,
476 2681 659 2747 σαφῶς
690 2681 717 2732 ὃ
749 2679 970 2749 φεύγειν
1021 2679 1424 2750 προσποιεῖσθε,
1471 2678 1757 2741 διώκοντες

174 2774 566 2843 κατελήφθητε
603 2790 616 2800 ·
655 2774 703 2825 εἰ
751 2775 806 2827 δὲ
842 2773 975 2843 μηδὲ
1025 2773 1198 2844 τούτῳ
1264 2773 1399 2844 μηδὲ
1447 2773 1591 2843 ἄλλῳ
1643 2773 1757 2823 ὀνό-

179 2882 314 2934 ματι
369 2867 542 2935 αὐτὴν
598 2867 1029 2937 προσαγορεύειν
1077 2867 1451 2936 ὲπιτηδεύοιτε
1501 2866 1610 2920 ἀπὸ
1661 2864 1755 2918 τοῦ

173 2955 342 3008 τόκου
378 2957 890 3026 παρωνομασμὲνῳ,
924 2956 958 3026 ἢ
991 2957 1109 3009 οὐδὲ
1132 2956 1380 3018 νοοῦντές
1412 2973 1465 3008 τι
1502 2955 1632 3026 περ)⁸
1661 2954 1756 3008 τοῦ

1835 489 2013 559 angeli
2044 489 2281 544 dicentis
2304 491 2638 559 pastoribus,
2669 507 2688 542 ι
2721 488 2892 544 Natus
2925 497 3011 545 est
3057 489 3215 544 vobis
3238 489 3404 544 hodie

1835 577 2382 642 ChristusDominus,
2413 578 2810 633 ietsecundum
2833 578 3064 642 dictum,
3095 597 3113 628 ι
3141 578 3408 649 Libergr-

1836 665 2516 731 nerationisJesuChristi,
2545 685 2563 718 ι
2589 675 2646 721 et
2663 684 2680 717 ‘l
2704 668 2861 721 Nunc
2875 667 3040 722 vultis
3058 682 3144 720 me
3157 667 3411 721 occidere

1838 756 2117 810 hominem
2141 757 2236 826 qui
2266 759 2552 812 veritatem
2578 759 2795 813 locutus
2812 775 2932 813 sum
2950 759 3142 813 vobis:
3183 778 3199 810 ι
3230 759 3411 812 homi-

1838 847 1926 899 nis
1946 855 2176 902 matrem
2203 857 2418 912 natura,
2451 849 2547 904 sed
2597 849 2866 920 dignitate
2927 850 3024 904 Dei
3072 849 3412 904 Genitriccm

1841 953 1961 991 eam
1994 939 2250 1004 dicimus,
2287 940 2436 1009 quod
2469 957 2578 995 non
2627 943 2964 1011 accep-imus,
3018 957 3130 995 non
3174 942 3412 1012 imponi-

1843 1046 1965 1084 mus
1985 1031 2244 1085 alacriter
2265 1033 2441 1086 vobis.
2467 1033 2526 1087 Si
2563 1049 2693 1087 vero
2725 1035 2871 1088 clare
2901 1035 3074 1089 Deum
3129 1033 3413 1089 Christum

1842 1121 2069 1190 proprie
2101 1121 2293 1174 dicunt
2325 1123 2630 1192 propheta,
2661 1133 2885 1178 narrate
2911 1131 2967 1178 et
3013 1124 3248 1193 accipite
3285 1140 3411 1193 quae

1855 1213 1990 1268 licta
2021 1222 2149 1268 sunt
2185 1214 2424 1283 propriis
2473 1214 2676 1278 verbis,
2718 1229 2843 1268 cum
2899 1229 3000 1284 per
3061 1214 3415 1269 reﬂexionem

1847 1305 2144 1359 deducitur
2168 1306 2584 1374 consequentia,
2618 1321 2726 1359 non
2758 1307 3001 1375 propriis
3054 1306 3242 1360 verbis
3288 1307 3420 1361 sub-

1841 1395 1986 1466 jccta
2025 1395 2208 1464 qualis
2238 1395 2385 1449 circa
2413 1395 2639 1450 Matrem
2700 1397 2818 1463 Dei,
2857 1405 2989 1450 tunc
3040 1396 3318 1466 propriam
3349 1397 3424 1451 si-

1847 1485 2255 1556 gniﬁcationem
2295 1487 2606 1555 requiritis,
2635 1486 2866 1541 evidens
2899 1496 2985 1542 est
3024 1489 3174 1557 quod
3231 1488 3420 1557 fugitis

1847 1576 2020 1629 solam
2078 1574 2468 1629 orthodoxiam
2501 1575 2657 1629 omni
2685 1585 2875 1645 tropo;
2938 1577 2982 1630 si
3017 1593 3174 1640 vero,
3199 1576 3424 1630 realitcr

1849 1667 1993 1736 quod
2015 1683 2123 1721 non
2152 1669 2300 1737 jacet
2331 1667 2387 1721 in
2424 1667 2710 1737 prophetis
2735 1668 3000 1737 exprimis
3052 1669 3259 1732 verbis,
3309 1684 3420 1721 non

1849 1759 2008 1812 vobis
2027 1767 2110 1812 est
2145 1758 2502 1823 dictum,nec
2557 1757 2704 1828 quod
2728 1773 2837 1813 non
2874 1758 3193 1812 transitorie
3235 1758 3425 1828 genuit

1847 1851 2092 1906 Verbum
2123 1851 2308 1912 Pater,
2353 1866 2460 1906 nec
2483 1850 2631 1920 quod
2657 1849 3153 1904 consubstantialis
3200 1849 3343 1903 Patri
3371 1857 3426 1903 et

1860 1943 2006 1998 Filio
2029 1943 2270 2012 Spiritus
2293 1952 2540 2009 sanctus,
2571 1956 2676 1996 nec
2701 1941 2849 2011 quod
2882 1942 3061 2012 ignem
3094 1942 3240 1996 Deus
3269 1956 3426 1995 crea-

1847 2035 1948 2098 vit,
1974 2036 2058 2089 vel
2095 2051 2302 2100 aerem,
2328 2027 2433 2090 nec
2463 2033 2610 2104 quod
2642 2034 2900 2088 tenebras
2926 2048 3036 2088 non
3056 2033 3286 2095 creavit,
3322 2048 3425 2086 nec

1851 2129 1999 2197 quod
2031 2129 2296 2184 mortales
2319 2137 2449 2182 sunt
2475 2127 2835 2182 formicarum
2860 2135 3228 2182 etcancerum
3252 2133 3309 2179 et
3340 2127 3429 2179 in-
3480 2195 3489 2202 _

1851 2231 2129 2276 sectarum
2164 2222 2400 2276 aliarum
2437 2222 2657 2286 anima,
2693 2229 2750 2276 et
2768 2220 2876 2275 alia
2933 2220 3126 2284 millia,
3160 2235 3194 2274 o
3223 2235 3343 2283 vos,
3371 2227 3430 2271 ut

1852 2313 2035 2367 omnia
2079 2314 2187 2368 alia
2229 2315 2552 2368 omittamus
2615 2312 2797 2378 vobis,
2842 2319 2900 2367 et
2935 2311 3014 2365 illi
3044 2310 3139 2381 qui
3187 2309 3430 2363 hominis

1852 2414 2084 2460 matrem
2116 2406 2204 2460 vel
2232 2405 2439 2460 Christi
2481 2406 2710 2460 Matrem
2743 2421 2864 2460 eam
2903 2403 3229 2474 prOphetice
3269 2416 3430 2454 voca-

1853 2496 2010 2560 bant,
2045 2495 2139 2550 ubi
2164 2496 2325 2550 vobis
2365 2495 2730 2550 ostendemus
2781 2495 2888 2549 hoc
2938 2493 3145 2548 dictum
3180 2491 3236 2546 in
3277 2505 3428 2544 sacra

1857 2588 2144 2658 Scriptura
2171 2588 2240 2642 dc
2274 2596 2462 2642 sancta
2500 2586 2766 2656 Virgine?
2801 2585 2857 2640 Si
2911 2583 3112 2638 uullibi
3154 2583 3434 2652 sapienter

1855 2679 2039 2750 fugam
2064 2680 2315 2750 capietis,
2341 2678 2577 2734 ulterius
2595 2685 2996 2748 prosequentes
3019 2675 3290 2730 caderetis
3309 2681 3435 2734 :sco

1859 2773 1904 2825 si
1919 2787 2020 2825 nec
2053 2773 2292 2836 isto,nec
2312 2772 2421 2825 alio
2440 2771 2663 2824 nomine
2677 2770 2825 2824 illam
2845 2766 3122 2839 designari
3148 2764 3439 2819 intenditis

1859 2876 1889 2914 a
1930 2870 2089 2930 partu
2119 2860 2392 2924 derivato,
2418 2861 2504 2914 vel
2527 2860 2574 2914 si
2600 2860 2808 2913 nullam
2825 2857 3095 2912 habentes
3118 2853 3436 2925 opinionem

1860 2947 2007 3003 circa
2040 2947 2468 3010 maternitatem,
2494 2946 2772 3015 quomodo
2789 2945 2858 2998 de
2906 2943 2975 2998 iis
2996 2957 3120 3012 quat
3173 2939 3444 3011 ignoratis

175 3047 487 3116 τεχθέντος,
528 3048 624 3100 καὶ
657 3048 773 3110 πῶς
805 3049 933 3117 περί
965 3041 1038 3101 ῶν
1077 3048 1177 3101 οὐκ
1219 3047 1332 3100 ἴστε
1367 3048 1756 3118 δογματίζετες

1863 3039 2286 3110 dogmatisatis?
2314 3039 2412 3094 Vel
2446 3039 2492 3092 si
2553 3037 2863 3107 cogitantes
2877 3034 3124 3104 quidem,
3155 3030 3442 3086 erubesci-

181 3137 254 3188 Ἢ
285 3135 537 3196 νοοῦντες
566 3139 688 3204 μὲν,
726 3136 1031 3206 αἰδούμενοι
1059 3137 1117 3190 δὲ
1145 3136 1213 3190 τὰ
1240 3138 1413 3190 οἰκεῖα
1439 3141 1763 3206 φρονήματα

176 3227 268 3279 διὰ
301 3227 400 3280 τοῦ
439 3228 774 3299 προφορικοῦ
810 3229 969 3296 λόγου
1016 3228 1380 3299 θριαμϐεῦσαι
1417 3229 1571 3297 ἡμῖν,
1605 3227 1764 3280 τοῦτο

180 3319 428 3388 πάσχετε
454 3335 470 3382 ;
513 3319 701 3389 Ἡμεῖς
725 3320 782 3372 δὲ
816 3321 956 3374 κατὰ
983 3321 1072 3373 τὸν
1120 3321 1461 3382 Ἀπόστολον,
1489 3320 1764 3390 εὐχόμεθα

184 3411 286 3462 σὺν
311 3409 436 3479 Θεῷ
463 3411 934 3481 παρρησιάζεσθαι
967 3414 1028 3465 ὲν
1067 3411 1144 3480 τῷ
1186 3411 1523 3480 Εὑαγγελίῳ,
1581 3410 1764 3473 καθὼς

182 3501 267 3554 δεῖ
295 3503 533 3569 λαλῆσαι
560 3519 576 3535 ο
619 3504 678 3555 ού
705 3503 814 3574 γὰρ
844 3503 1290 3573 ἔπαισχυνόμεθα
1327 3503 1406 3572 τῷ
1449 3501 1764 3572 Εὑαγγελίῳ

186 3589 473 3659 Χριστοῦο
528 3590 757 3660 δύναμις
815 3591 924 3662 γὰρ
975 3591 1110 3644 Θεοῦ
1172 3591 1321 3646 ἐστὶν
1366 3591 1447 3654 εἰς
1493 3589 1765 3662 σωτηρίαν

190 3682 360 3735 παντὶ
391 3679 471 3752 τῷ
507 3682 838 3737 πιστεύοντι.

1872 3133 1945 3186 tis
1966 3131 2221 3200 proprias
2270 3127 2574 3184 sententias
2602 3125 2752 3180 circa
2794 3123 3036 3180 Verbum
3086 3120 3438 3176 enuntiatum

1871 3222 2283 3291 triumphaliter
2310 3221 2473 3274 nobis
2498 3219 2706 3280 dicere,
2762 3232 2832 3271 an
2879 3215 2997 3269 haec
3049 3212 3305 3268 sentitis?
3330 3209 3444 3264 Nos

1867 3329 2002 3367 vero
2027 3312 2329 3367 secundum
2353 3312 2698 3381 Apostoluln,
2735 3323 2958 3363 oramus
2977 3307 3148 3361 Deum
3178 3314 3240 3359 ut
3268 3303 3442 3358 libere

1869 3405 2120 3460 dicamus
2167 3405 2224 3458 in
2276 3403 2596 3473 Evangelio,
2639 3402 2784 3456 sicut
2836 3398 2988 3469 loqui
3018 3403 3255 3467 oportet,
3313 3410 3443 3448 nam

1869 3511 1981 3550 non
2011 3495 2396 3549 erubescimus
2417 3493 2778 3563 Evangelium
2818 3489 3048 3554 Christi,
3077 3489 3258 3543 virtus
3295 3483 3446 3540 enim

1870 3589 1968 3644 Dei
1995 3589 2050 3642 in
2075 3589 2312 3644 salutem
2329 3589 2480 3643 omni
2512 3586 2789 3642 credenti.

198 3850 3380 3883 ____________________________________________________..

1547 3996 1942 4083 -ΛΟΓΟΣ
2013 3994 2108 4080 E'.

199 4167 482 4238 Πέμπτης
536 4162 734 4218 αὐτῶν
798 4161 1078 4227 ἀσεϐείας
1133 4161 1461 4230 ἓκφανσις,
1512 4161 1774 4228 ἀναίδην
1839 4159 1957 4228 τὴν
1988 4157 2264 4228 φυσικὴν
2309 4155 2560 4220 θεότητα
2634 4149 3020 4220 ἀρνουμένων
3057 4144 3312 4215 Χριστοῦ
3344 4142 3450 4198 τοῦ

1490 4255 1782 4324 ἀληθινοῦ
1814 4254 1962 4308 Θεοῦ
1992 4251 2182 4323 ἡμῶν.

1549 4538 1903 4629 LIBER
1990 4538 2105 4626 V.

387 4714 596 4780 Quinta:
634 4712 916 4782 impietatis
943 4711 1323 4766 demonstratio
1351 4711 1658 4783 negantium
1688 4709 2017 4780 impudenter
2046 4714 2298 4763 naturam
2331 4705 2565 4758 divinam
2598 4700 2792 4756 Christi
2822 4699 2928 4753 ueri
2958 4697 3054 4751 Dei
3081 4696 3267 4750 nostri.

737 4955 784 5006 K
796 4955 916 5006 an
925 4954 1130 5007 I‘AION
1183 4957 1261 5009 A'.

287 5048 421 5100 Πότε
448 5043 562 5112 οὖν,
593 5047 746 5114 φασὶ,
769 5047 829 5098 τὸ
862 5046 980 5100 ὅλον
997 5048 1113 5100 [ora
1151 5047 1388 5117 Χριστοῦ
1422 5048 1553 5101 Θεόν
1575 5067 1588 5112 ;
1613 5048 1788 5111 Εὐθὺς

219 5141 326 5192 ἀπὸ
363 5139 456 5192 τοῦ
491 5138 744 5209 τόκουςῆ
780 5139 916 5207 μετὰ
944 5142 1041 5210 τὴν
1089 5142 1416 5205 ἀνάστασιν;
1449 5143 1496 5194 εξ
1535 5141 1643 5210 γὰρ
1681 5141 1788 5193 ἀπὸ

219 5234 526 5303 γεννήσεως
556 5230 737 5297 εὐθὺς,
775 5231 870 5285 καὶ
898 5232 1082 5301 ἁπαθῆ
1109 5231 1217 5300 ἄρα
1247 5232 1342 5284 καὶ
1391 5233 1657 5285 ἀθάνατον
1701 5231 1789 5283 ἀεὶ

223 5323 337 5376 ἴστε
363 5325 455 5377 τὸν
489 5325 755 5396 Χριστόν;
785 5324 866 5387 τίς
902 5319 994 5377 οὖν
1041 5323 1206 5375 ἔπαθε
1265 5323 1358 5375 καὶ
1409 5324 1648 5375 ἀπέθανε
1699 5323 1790 5374 καὶ

221 5416 393 5486 ἑτάρη
429 5420 523 5471 καὶ
552 5419 619 5472 τὰ
647 5417 809 5471 λοιπὰ
833 5415 1150 5486 ἀνθρώπινα
1187 5415 1432 5484 ὑπέστης
1464 5415 1527 5466 Et
1561 5415 1634 5485 μὴ
1663 5432 1797 5481 φαν-

224 5511 384 5562 τασία
414 5507 482 5580 ἦν
518 5512 585 5561 τὰ
614 5511 882 5577 λεγόμενα
915 5508 1046 5577 περὶ
1079 5506 1316 5578 Χριστοῦ
1342 5523 1355 5536 ’
1394 5508 1442 5558 εἰ
1469 5507 1526 5558 δὲ
1557 5508 1657 5559 οὐκ
1690 5507 1796 5560 ἀπὸ

223 5597 382 5652 τόκου
412 5596 479 5671 ἦν
508 5600 567 5653 τὸ
598 5601 717 5653 ὅλον
749 5598 985 5669 Χριστοῦ
1018 5598 1150 5660 Θεὸς
1201 5598 1258 5662 ἐξ
1309 5597 1507 5667 ἀρχῆς,
1555 5595 1622 5668 ἦν
1673 5600 1794 5651 καθ’

229 5690 371 5758 ὑμᾶς
402 5694 488 5746 ὅτε
525 5694 624 5746 οὐκ
658 5689 724 5764 ἦν
770 5693 886 5754 ὅλος
925 5679 1056 5754 Θεὸς
1099 5693 1124 5743 ὁ
1159 5691 1349 5760 Λόγος,
1401 5689 1559 5743 Ἀλλὰ
1590 5692 1647 5744 τὸ
1675 5691 1795 5746 ὅλον

1820 4961 1865 5015 D
2405 4957 2627 5012 CAPUT
2663 4954 2946 5008 PRIMUM.

1961 5049 2192 5117 Quando
2238 5047 2424 5118 igitur,
2486 5046 2764 5114 inquiunt,
2804 5044 2981 5098 nostis
3027 5043 3265 5111 denique
3323 5042 3463 5097 divi-

1892 5144 2122 5197 nitatem
2143 5140 2394 5193 Christi?
2421 5139 2618 5192 Statim
2648 5153 2678 5188 ιι
2707 5135 3028 5190 nativitate?
3059 5151 3126 5188 an
3149 5143 3267 5202 post
3287 5147 3470 5186 resur-

1894 5235 2232 5290 rectionem?
2259 5233 2315 5288 Si
2348 5232 2516 5302 igitur
2540 5231 2726 5284 statim
2744 5245 2774 5283 a
2802 5228 3116 5291 nativitate,
3139 5236 3193 5282 et
3216 5226 3468 5295 impassi-

1893 5326 2059 5380 bilem
2082 5324 2306 5394 quidem
2340 5333 2396 5376 et
2425 5322 2793 5376 immortalem
2847 5333 3064 5386 semper
3097 5317 3276 5370 nostis
3306 5314 3467 5369 Chri-

1895 5422 2060 5476 stum;
2089 5412 2216 5481 quis
2244 5410 2389 5464 enim
2432 5425 2637 5486 passus
2655 5417 2760 5473 est,
2785 5422 2841 5462 et
2879 5415 3130 5460 mortuus
3181 5414 3266 5459 est
3295 5413 3350 5457 et
3381 5418 3454 5457 se-

1896 5505 2082 5572 pultus
2097 5510 2181 5556 est
2201 5513 2255 5556 et
2273 5511 2467 5556 caetera
2485 5503 2720 5554 humana
2739 5499 2965 5562 subivit,
2985 5497 3029 5551 si
3054 5512 3161 5550 non
3190 5503 3317 5550 sunt
3334 5495 3468 5548 ima-

1894 5595 2106 5666 ginaria
2134 5610 2256 5664 qua:
2302 5593 2564 5647 dicuntur
2593 5593 2674 5657 de,
2702 5591 2923 5645 Christo
2940 5585 2974 5642 ἒν
2988 5587 3042 5641 Si
3087 5601 3218 5640 vero
3271 5601 3380 5640 non
3410 5601 3463 5638 ιιι

1898 5686 2183 5743 nativitate
2219 5694 2337 5741 erat
2366 5684 2591 5740 onmino
2621 5683 2824 5739 Christi
2881 5680 3143 5734 dixinitas
3178 5695 3206 5732 a
3255 5676 3463 5747 princi-
