3908 6306
41 256 163 321 725

1016 270 1414 335 mensus
1452 272 2004 341 NESTOBIANOS.
2036 262 2272 343 41.113.
2316 284 2378 345 ν.

3197 288 3331 354 i726

33 377 418 447 ισρτυρεῖται
443 377 601 434 τάδε(
625 380 750 434 Ἀλλ
798 380 945 436 ῐσασι
1000 387 1092 439 καὶ
1135 388 1289 441 αὐτοὶ
1336 388 1431 442 νῦν
1478 392 1630 444 ἑκου-

1750 402 1975 449 stantur.
2004 392 2110 449 Sed
2145 407 2353 451 norunt
2382 404 2438 451 et
2470 397 2573 467 ipsi
2601 413 2746 453 nunc
2772 400 3074 456 voluntarie
3100 402 3335 461 abscon-

33 468 158 533 rt'm;
191 469 636 543 ἐπιλελησμένοι
666 472 774 528 τῶν
796 475 944 544 σφῶν
963 476 1267 551 διορισμῶν
1284 482 1360 545 ὡς
1378 482 1638 547 πολλάκις

34 581 77 613 κ
111 561 225 615 τοῦ
256 564 398 617 ὅλου
446 565 506 617 τὸ
554 564 721 635 μέρος
761 568 916 621 καλεί
944 571 980 641 ἡ
1016 575 1145 640 ἁγία
1178 574 1365 646 Γραφή
1391 590 1403 604 ·
1444 575 1519 640 ὡς
1544 575 1638 641 τὸ,

33 654 191 708 Ἐκεῖ
220 656 448 727 ἔθαψαν
463 658 716 729 Ἀϐραάμ
730 675 743 686 ·
763 661 822 714 ού
848 662 954 732 γὰρ
972 666 1041 734 δὴ
1062 668 1153 720 καὶ
1175 666 1353 738 ψυχὴν
1369 668 1637 738 Ἀϐραὰμ,

33 747 161 800 ελλὰ
206 748 393 817 μόνον
412 749 473 800 τὸ
503 750 662 820 σῶμα
687 767 701 781 ο
728 753 855 805 τάδε
894 750 993 810 οὖν
1029 759 1219 828 σαφῶς
1265 762 1510 830 περὶτοῦ
1544 765 1640 817 ἀν-

33 839 326 908 Ιρωπίνου
383 841 623 911 Χριστοῦ
682 843 897 913 εἴρηται
926 861 941 876 ⁸
980 851 1108 904 ἐπεὶ
1142 851 1259 916 πῶς
1301 852 1414 923 ἔχει
1457 855 1643 926 χώραν

33 932 158 999 τερὶ
188 931 300 984 τοῦ
339 934 509 987 αὐτοῦ
546 934 800 999 λέγεσθαι
833 939 927 992 καὶ⁵
953 942 1019 995 τὸ
1060 943 1148 996 Ἐν
1187 947 1402 1015 νεκροῖς
1421 947 1641 1003 ἐλεύθε-

33 1037 152 1087 >ος;
202 1023 340 1086 πῶς
363 1040 424 1077 τε
457 1025 507 1077 εί
543 1027 667 1079 καθ’
711 1029 856 1095 ὑμᾶς
894 1034 1094 1104 νεκρὸς
1128 1023 1353 1103 γέγονεν
1392 1040 1642 1109 ἀπαραλ-

33 1115 279 1177 ιάκτως.
307 1118 479 1181 αὐτος
506 1120 696 1188 ἤγειρε
726 1120 820 1173 τὸν
843 1122 1042 1202 ἑαυτοῦ
1076 1127 1205 1180 ναὸν
1230 1131 1287 1181 ἐν
1315 1130 1494 1200 τρισὶν
1514 1132 1641 1202 ἡμέ-

33 1225 153 1271 >αις
174 1226 191 1269 :
223 1210 254 1260 ὁ
276 1213 383 1264 καὶ
402 1211 615 1280 σώματι
639 1214 735 1266 καὶ
747 1214 892 1286 φυγῇ
913 1213 992 1279 ῶς
1010 1199 1141 1286 τρασι
1162 1220 1337 1292 πάντη
1353 1199 1642 1294 ἄπρακτος

33 1302 371 1370 πενόμενος,
403 1302 479 1366 ὼς
510 1305 616 1366 πᾶς
649 1305 938 1376 ἄνθρωπος
963 1310 1101 1380 μετὰ
1127 1311 1357 1367 θάνατον
1383 1330 1396 1345 ο
1421 1315 1515 1368 καὶ
1534 1316 1643 1387 γὰρ

33 1391 149 1444 ιύδὲ
180 1393 294 1462 τὴν
327 1393 554 1446 οἱανοῦν
573 1394 751 1464 ψυχῆς
779 1398 1064 1468 ἐνέργειαν
1094 1396 1338 1458 ἐδίδοσαν
1373 1405 1515 1474 μετὰ
1544 1405 1642 1461 θά-

33 1501 195 1536 νατον
222 1483 573 1555 ἀνθρώποις,
598 1486 729 1557 ἄχρι
759 1487 860 1557 τῆς
891 1491 1253 1559 ἀναστάσεως
1274 1537 1291 1562 ,
1329 1500 1386 1550 ἐν
1406 1501 1519 1560 τοῖς
1546 1498 1645 1569 ἔμ-

33 1574 285 1643 προσθεν
313 1574 505 1627 αὐτῶν
544 1578 963 1649 ἐπιχειρήμασι,
997 1583 1150 1656 πόσῳ
1179 1604 1243 1654 γε
1276 1588 1477 1657 μᾶλλον
1493 1589 1643 1644 θείαν

33 1667 246 1735 πρᾶξιν
269 1685 284 1729 ;
311 1669 437 1730 πῶς
458 1669 515 1722 δὲ
550 1672 598 1723 εἰ
634 1672 793 1736 αὐτὸς
832 1673 948 1745 ἔχει
989 1677 1090 1747 τὴν
1120 1678 1369 1744 ἐξουσίαν
1409 1681 1502 1735 τοῦ
1544 1684 1645 1752 τὴν

33 1758 177 1811 ἰδίαν
213 1757 415 1828 ψυχὴν
442 1760 617 1815 θεῖναι
638 1764 733 1817 καὶ
760 1765 1056 1821 ἀπολαϐεῖν
1087 1770 1258 1842 αὐτὴν
1282 1814 1296 1837 ,
1336 1772 1460 1826 καθ’
1497 1774 1645 1842 ἡμᾶς

33 1848 234 1916 γέγονε
262 1852 471 1921 νεκρός
496 1869 511 1917 ;
540 1851 626 1916 τίς
652 1856 762 1926 γὰρ
781 1858 813 1911 ὁ
838 1859 1098 1933 τοιαύτης
1127 1863 1227 1917 οὒκ
1252 1864 1407 1927 ἀξίας
1434 1864 1645 1931 ἁπλῶς,

33 1942 153 1994 ἀλλ’
185 1944 463 2008 ἐξουσίας
493 1986 507 2003 .
544 1944 767 2000 πώποτε
798 1949 857 2002 ὲν
904 1949 1219 2022 ἀνθρώποις
1265 1954 1516 2021 γέγονενς
1566 1957 1646 2009 ἔτι

33 2036 146 2103 μὴν
177 2038 231 2089 εί
265 2034 349 2106 μὴ
375 2035 510 2101 Θεὸς
539 2038 597 2089 ὲν
619 2039 861 2109 Χριστῷ,
897 2042 990 2095 καὶ
1019 2045 1161 2098 κατὰ
1185 2045 1279 2098 τδν
1301 2045 1531 2099 θάνατον
1553 2049 1646 2102 καὶ

33 2128 90 2181 τὸ
102 2127 258 2181 πάθο
270 2147 292 2188 ;
311 2129 414 2181 καὶ
430 2131 569 2184 κατὰ
591 2130 773 2197 λοιπὰ,
798 2131 1002 2203 κόσμον
1032 2135 1214 2206 ἑαυτῷ
1230 2138 1642 2204 καταλλάσσων,

33 2221 107 2284 ὡς
138 2222 497 2292 γέγραπται,
527 2224 644 2287 πῶς
674 2226 704 2279 ὁ
722 2226 779 2277 ἐν
805 2229 988 2296 μορφῇ
1012 2226 1148 2282 Θεοῦ
1174 2229 1455 2301 ὑπάρχων,
1483 2232 1646 2298 αὐτὸς

33 2314 131 2364 καὶ
165 2313 276 2365 οὐκ
309 2311 551 2384 ἄλλος,ἢ
582 2313 649 2367 δι’
680 2314 841 2369 ἄλλου
870 2317 1235 2370 ἐταπείνωσεν
1258 2319 1449 2373 ἑαυτὸν
1484 2320 1646 2391 μέχρι

33 2404 325 2469 θανάτους
384 2405 480 2458 καὶ
538 2405 655 2469 πῶς
696 2406 791 2460 τὸν
846 2407 1053 2478 Κύριον
1098 2408 1199 2479 τῆς
1231 2410 1388 2482 δόξης
1431 2412 1646 2482 ἀληθῶς

33 2497 451 2567 ἑσταύρωσανς
481 2498 575 2550 καὶ
609 2497 726 2562 πῶς
752 2498 969 2569 εἴρηται
999 2500 1155 2561 τδ,’0
1182 2501 1238 2555 δὲ
1272 2503 1405 2565 Θεὸς
1436 2504 1646 2558 καὶτὸν

33 2589 119 2642 Κεὶ
132 2606 257 2659 ριον
291 2589 547 2659 ἐξήγειρε
576 2628 591 2651 ,
621 2591 715 2643 καὶ
739 2593 886 2661 ἡμᾶς
916 2593 1101 2664 ἐγερεῖ
1125 2594 1214 2648 διὰ
1244 2594 1343 2663 τῆς
1365 2595 1646 2667 δυνάμεως

35 2682 214 2736 αὐτοῦ
248 2679 353 2733 τοῦ
384 2679 701 2748 ὲγερθέντος
730 2683 1202 2754 ὡμολογημένωςς
1240 2686 1399 2758 δῆλον
1438 2690 1545 2760 γὰρ
1570 2690 1646 2754 ὡς

38 2770 387 2843 ἑξεγερτικὴ
430 2770 565 2824 οὖσα
610 2773 823 2845 νεκρῶν
883 2776 978 2828 καὶ
1031 2776 1235 2845 ἑτέρων
1289 2781 1557 2850 σωμάτων
1609 2783 1641 2852 ἡ

37 2863 286 2930 δύνκμις
310 2862 411 2915 τοῦ
446 2864 678 2934 Κυρίου,
716 2865 899 2934 πολλῷ
929 2868 1131 2937 μᾶλλον
1176 2869 1237 2922 τὸ
1284 2871 1412 2924 ἴδιον
1455 2873 1645 2943 ἤγειρε

40 2955 212 3026 σῶμα
246 2949 294 3023 ᾧ
316 2955 501 3024 ἦνωτο
525 2957 649 3010 καθ’
681 2958 980 3012 ὑπόστασιν
1011 2976 1024 2991 ο
1060 2963 1511 3034 πφσεχεστέρως
1537 2965 1645 3036 γὰρ

41 3049 364 3117 ὲιιεργυῦσα
391 3049 551 3119 αὐτὴ,
601 3052 695 3103 καὶ
726 3040 829 3105 οὐκ
870 3051 1004 3124 ἄλλη
1052 3053 1315 3118 ζωοποιδς
1351 3056 1642 3123 ἀναστήσει

40 3144 213 3196 αὖτόο
265 3143 391 3206 πῶς
429 3142 483 3194 δὲ
517 3142 681 3197 αὐτοῦ
714 3143 809 3196 τοῦ
847 3144 977 3197 ἰδίου
1001 3145 1137 3199 Υἱοῦ
1190 3146 1252 3199 ού
1304 3146 1636 3217 φείσασθαι,

41 3233 162 3288 ἀλλ’
196 3235 349 3306 ὑπὲρ
381 3234 542 3304 ἡμῶν
577 3236 796 3288 πάντων
842 3235 1174 3307 παραδοῦναι
1221 3238 1383 3292 αὑτὸν
1428 3239 1640 3310 εἴρηται

41 3329 72 3380 ὁ
108 3328 310 3398 Πατήρ
332 3343 347 3390 ;
379 3328 429 3379 εἰ
455 3326 565 3396 γὰρ
596 3327 1016 3398 ἀντιπρόσωπον
1040 3328 1277 3382 δέδωκεν
1303 3369 1319 3390 .
1346 3329 1445 3383 οὐκ
1473 3330 1640 3394 ὅντως

45 3417 277 3486 εἴρηται
309 3417 440 3470 τάδε
466 3418 595 3486 περὶ
621 3418 720 3487 τῆς
769 3419 990 3488 ἀγάπης
1021 3420 1186 3473 αὑτοῦ
1216 3417 1318 3485 τῆς
1345 3421 1424 3483 είς
1449 3421 1596 3492 ἡμᾶς
1624 3438 1637 3452 ·

49 3506 226 3575 σαιρὲς
260 3504 363 3563 οῦν
398 3508 474 3569 ὠς
505 3510 613 3562 ἀπὸ
638 3510 860 3580 μέρους,
886 3510 922 3581 ἥ
953 3527 1013 3563 τε
1045 3509 1310 3575 ζωοποιῖα
1364 3513 1460 3565 καὶ
1488 3513 1521 3583 ἡ
1561 3512 1644 3565 νέ-

49 3617 288 3669 κρωσι·,
322 3602 563 3670 ἑκατέρα
591 3602 808 3667 λέγεται
833 3602 962 3672 περὶ
983 3601 1223 3673 Χριστοῦ
1247 3620 1261 3633 ·
1292 3602 1352 3656 οὐ
1377 3602 1484 3675 γὰρ
1508 3604 1647 3658 κατὰ

48 3693 147 3745 τοῦ
180 3692 310 3746 ελον
339 3692 603 3756 ὡσαύτως
645 3692 833 3764 ἄμφω,
886 3694 1010 3747 ἐπεὶ
1060 3696 1134 3766 μὴ
1184 3693 1537 3761 συναληθεύει
1574 3695 1645 3751 τὰ

51 3787 279 3841 ἐναντία
328 3787 552 3840 πώποτε
605 3791 732 3859 περὶ
778 3786 874 3841 τοῦ
922 3787 1089 3842 αὐτοῦ
1122 3806 1138 3821 ο
1169 3787 1327 3859 εἴπερ
1356 3787 1448 3842 οῦν
1478 3787 1648 3852 ὅντως

53 3879 148 3932 τὸν
202 3881 414 3950 Κύριον
461 3880 558 3948 τῆς
609 3880 767 3948 δόξης
806 3879 1160 3951 ἐσταύρωσαν
1193 3882 1244 3934 οἱ
1278 3881 1511 3951 Χριστὸν
1556 3880 1650 3935 ἐπὶ

57 3970 222 4035 ξύλου
254 3972 639 4041 κρεμάσαντες
669 4012 684 4036 ,
719 3972 878 4038 δῆλον
928 3970 1006 4036 ὡς
1034 3973 1063 4025 ὀ
1110 3971 1277 4035 αὑτδς
1307 3973 1372 4025 ὲκ
1405 3971 1503 4042 μὲν
1558 3968 1650 4023 τοῦ

58 4059 209 4112 θείου
240 4061 445 4129 Λόγου.
471 4060 532 4113 τὸ
574 4054 715 4113 εἶναι
768 4059 970 4130 Κύριος
1009 4060 1107 4130 τῆς
1132 4060 1289 4131 δόξης
1322 4056 1435 4130 εἶχε
1460 4076 1476 4092 ο
1507 4059 1566 4113 τὸ
1597 4059 1652 4113 δὲ

57 4154 283 4223 ἀληθῶς
316 4153 683 4224 σταυροῦσθαι
706 4195 722 4219 ,
769 4157 833 4208 ὲκ
861 4153 1348 4225 τῆς⁴ἀνθρωπείας
1397 4152 1600 4222 σαρκός
1636 4168 1650 4184 ’

61 4244 228 4312 φύσει
254 4264 315 4299 τε
345 4246 452 4317 γὰρ
486 4246 559 4309 ὡς
590 4247 718 4310 θεὸς
751 4246 1099 4315 ἑποφείλεταί
1125 4264 1185 4300 τε
1211 4245 1309 4317 τὴν
1342 4245 1491 4317 παρὰ
1516 4244 1654 4298 πάν-

61 4352 173 4388 των
191 4336 355 4403 δόξαν
370 4352 382 4365 ·
412 4337 714 4401 ἐξουσιάζει
734 4354 793 4390 τε
816 4338 983 4407 αὐτῆς
1002 4334 1241 4402 δοξάζων
1269 4334 1363 4399 οὓς
1385 4336 1650 4407 βούλεται,

68 4427 230 4495 μόνος
266 4428 363 4480 καὶ
394 4428 553 4498 φύσει
584 4427 659 4492 ὡς
697 4428 983 4498 ἄνθρωπος
1020 4428 1190 4489 πάθος
1233 4429 1544 4499 ὑπέμεινεν.

670 4519 926 4574 ΚΕΦΛΛ.
980 4520 1056 4574 Γ’.

138 4606 205 4660 Τί
256 4602 373 4675 οῦν,
428 4608 630 4677 φησίνς
680 4611 739 4663 οὗ
792 4612 1211 4682 προφανέστατα
1259 4611 1475 4684 εἴρηται
1524 4613 1652 4682 περὶ

68 4700 333 4769 Χριστοῦ.
364 4703 439 4766 ὡς
476 4703 581 4756 ὑπο
614 4703 707 4756 τοῦ
742 4704 877 4757 Θευῦ
909 4705 1131 4775 ἀνέστη,
1165 4706 1259 4759 καὶ
1287 4707 1387 4760 οὐκ
1410 4707 1503 4775 ἀφ’
1526 4708 1650 4760 tau-

70 4789 198 4856 τοῦς
229 4793 324 4845 καὶ
355 4793 436 4846 ὅτι
465 4794 554 4847 διὰ
575 4795 675 4863 τὴν
702 4795 805 4848 ὑπὸ
839 4795 928 4849 τοῦ
966 4797 1120 4865 ἁγίου
1155 4794 1473 4868 Πνεύματος
1499 4816 1648 4865 γενο⁸

74 4882 244 4951 μένεν
285 4884 449 4937 αὐτοῦ
493 4887 790 4964 ἀνάστασιν
851 4890 915 4942 ὲκ
968 4893 1218 4962 νεκρῶν,
1277 4892 1489 4964 ὡρίσθη
1521 4892 1649 4957 Υἱὸς

71 4972 245 5039 Θεοῦς
277 4974 392 5037 πῶς
419 4972 512 5030 οῦν
540 4960 809 5042 λέλεκται,
853 4979 912 5033 ὃν
948 4979 1002 5033 δὲ
1043 4960 1081 5034 ὁγ
1101 4981 1232 5045 Θεὸς
1262 4960 1482 5053 ἤγειρεν
1502 5024 1516 5049 ,
1550 4985 1651 5037 οὐκ

72 5058 181 5115 εἶδε
213 5063 552 5138 διαφθοράν’;
591 5067 798 5122 καὶτοῦ
829 5069 1137 5141 ὁρισθέντος
1168 5070 1298 5127 Υἰοῦ
1325 5074 1483 5141 Θεοῦ,
1511 5075 1650 5128 κατὰ

81 5144 305 5219 Πνεῦμα
341 5157 649 5230 ἁγιωσύνης
710 5158 770 5226 ἐξ
824 5163 1173 5227 ἀναστάσεως
1219 5166 1465 5234 νεκρῶν.
1506 5163 1650 5218 Ἀλλ’

75 5244 386 5302 εἰπάτωσαν
411 5252 459 5304 οἱ
489 5252 831 5323 ἐρευλητικοὶ
863 5253 973 5306 τῶν
1019 5250 1275 5323 Γραφῶν,
1306 5256 1383 5320 ὠς
1408 5258 1612 5311 οῐονται
1632 5299 1648 5324 ,

77 5336 125 5385 εἰ
154 5336 215 5387 το
244 5340 539 5409 ἀναστῆναι
567 5344 629 5396 ἐκ
661 5340 870 5412 νεκρῶν
892 5344 981 5398 διὰ
1014 5343 1109 5398 τοῦ
1138 5344 1287 5399 θείου
1309 5347 1650 5419 Πνεύματος,

78 5423 260 5490 ἁπλῶς
283 5428 438 5485 τοῦτο
457 5432 613 5493 δόξαν
639 5433 768 5488 Υίοῦ
789 5432 926 5489 Θεοῦ
958 5439 1414 5510 περιποιεῖταιτῷ
1432 5440 1653 5494 ἀνιστα-

86 5518 248 5586 μένῳ,
291 5523 405 5587 πῶς
434 5526 465 5579 ὁ
494 5525 611 5588 νεὸς
650 5528 750 5597 τῆς
792 5529 970 5600 χήρας
1000 5529 1094 5597 ἐπὶ
1137 5529 1339 5594 Ἠλίου,
1372 5532 1466 5585 καὶ
1495 5534 1524 5586 ὀ
1554 5531 1653 5604 τῆς

81 5604 439 5680 Σωμανίτιδος
467 5615 563 5671 ἐπὶ
604 5616 896 5681 Ἐλισσαιὲ.
929 5622 1018 5674 καί
1036 5621 1260 5692 Τασηθὰ
1293 5623 1385 5676 ἐπὶ
1422 5623 1651 5694 Πέτρου,

86 5699 177 5751 καὶ
220 5702 269 5756 o’.
312 5700 489 5761 λοιποὶ
543 5709 591 5760 οἱ
640 5709 966 5773 ἀναστάντες
1004 5711 1066 5764 ἐκ
1100 5710 1314 5781 νεκρῶν
1344 5753 1357 5779 ,
1409 5711 1507 5782 οὐχ
1541 5713 1646 5766 υἱοὶ

1055 5834 1100 5857 ο

1742 484 1854 540 dita
1885 500 2079 540 eorum
2111 485 2523 553 deﬁnitionum,
2554 488 2701 559 quod
2740 505 2882 561 saepe
2908 506 3010 561 pro
3071 501 3187 548 toto
3204 509 3331 559 par-

1742 580 1852 627 tem
1886 583 2043 629 vocat
2078 574 2363 647 Scriptura
2408 593 2564 632 saera
2593 589 2654 634 ut
2694 579 2799 635 hoc
2832 598 2846 634 :
2877 580 2940 636 ili
3000 581 3335 653 sepelierunt

1741 664 2040 729 Abraham,
2064 676 2122 722 et
2151 675 2299 723 certe
2328 684 2438 723 non
2468 670 2708 724 animam
2737 671 2997 739 Abrahae,
3025 674 3120 731 sed
3153 674 3330 730 solum

1742 769 1965 824 corpus.
2005 755 2152 810 Idem
2183 754 2352 826 igitur
2389 756 2675 827 sapienter
2720 759 2789 813 de
2837 759 3057 816 Christo
3109 761 3333 817 homine

1741 843 1963 900 dicitur.
2000 845 2208 901 Deinde
2229 848 2507 917 quomodo
2533 849 2691 904 locus
2717 861 2862 905 esset
2885 851 3104 907 dicendi
3132 852 3198 908 de
3216 854 3329 909 illo:

1750 935 1929 991 d‘nter
1961 947 2211 993 mortuos
2232 939 2376 994 iiber
2394 940 2445 993 3i
2474 948 2531 996 et
2551 942 2828 1012 quomodo
2853 942 2897 998 si
2919 952 3169 1000 mortuus
3190 947 3334 1001 inter

1743 1043 1845 1083 nos
1881 1030 2147 1086 inventus
2191 1039 2276 1087 est
2317 1030 2435 1086 sine
2474 1034 2583 1089 ulla
2632 1033 2969 1098 diﬂ‘erentia,
3016 1037 3132 1107 ipse
3155 1040 3333 1094 suscis

1744 1119 1882 1175 tavit
1910 1121 2175 1190 templum
2227 1136 2388 1197 suum
2423 1122 2478 1177 in
2510 1123 2689 1179 tribus
2722 1122 2941 1191 diebus,
2992 1134 3048 1180 et
3104 1141 3336 1196 corpore

1744 1220 1801 1265 et
1837 1219 2042 1273 mente.
2078 1221 2140 1267 ut
2168 1212 2385 1278 dicunt,
2418 1214 2645 1271 omnino
2675 1215 3035 1286 impassibilis
3062 1217 3334 1284 factus,ut

1749 1303 1936 1358 omnis
1968 1303 2135 1358 homo
2202 1313 2327 1375 post
2362 1315 2629 1375 mortem;
2680 1323 2809 1363 nam
2866 1325 2998 1363 vero
3032 1326 3135 1366 nec
3173 1311 3335 1365 talem

1745 1395 1942 1450 animae
1967 1402 2296 1465 potestatem
2326 1397 2600 1454 dederunt
2640 1408 2764 1470 post
2814 1412 3045 1456 mortem
3093 1401 3336 1457 homini—

1746 1484 1873 1551 bus,
1930 1485 2051 1542 sine
2130 1488 2599 1554 resurrectione,,
2636 1489 2692 1543 in
2729 1490 2846 1546 suis
2898 1491 3340 1561 praecedentibus

1746 1578 2087 1648 argumentis
2108 1587 2317 1649 quanto
2353 1579 2526 1651 magis
2581 1580 2825 1635 divinam
2859 1582 3161 1637 actionem?
3191 1584 3340 1649 Quo-

1749 1669 1937 1733 modo,
1962 1671 2007 1725 si
2037 1671 2154 1741 ipse
2202 1670 2373 1727 habet
2407 1681 2737 1741 potestatem
2774 1674 3337 1746 propriamranitmm

1677 1758 1720 1815 Β
1754 1762 2017 1830 ponendi,
2044 1771 2099 1818 et
2154 1762 2406 1817 sumendi
2438 1778 2582 1827 eam,
2616 1764 2763 1818 inter
2793 1779 2895 1818 nos
2936 1773 3190 1820 mortuus
3222 1765 3333 1821 est?

1749 1852 1884 1919 Quis
1905 1853 2052 1908 enim
2088 1854 2213 1909 talis
2241 1869 2351 1908 non
2379 1853 2684 1924 dignitatis,
2721 1855 2764 1909 si
2796 1853 3093 1925 impliciter
3118 1855 3213 1909 sed
3240 1871 3340 1926 po-

1749 1944 1966 1999 testatis
1987 1959 2228 2014 unquam
2262 1944 2475 1999 exstitit
2504 1944 2647 1998 inter
2671 1944 3116 2012 hominesilmo,
3144 1948 3190 2001 si
3223 1962 3333 2002 non

1748 2037 1895 2091 Deus
1943 2036 2000 2089 in
2024 2035 2271 2101 Christo,
2305 2045 2361 2091 et
2394 2052 2493 2107 per
2524 2046 2756 2092 mortem
2795 2047 2850 2093 et
2909 2038 3219 2108 passionem
3279 2047 3334 2094 et

1745 2116 1963 2188 extera.
1999 2126 2266 2181 mundum
2292 2126 2397 2181 sibi
2443 2126 2837 2188 reconcilians.
2869 2127 3014 2183 sicut
3067 2128 3334 2198 scriptum

1755 2228 1860 2283 est,
1895 2219 2177 2289 quomodo
2216 2219 2271 2273 in
2311 2218 2486 2273 forma
2536 2218 2632 2273 Dei
2662 2218 2937 2273 exsistens
2985 2219 3101 2289 ipse
3134 2230 3190 2275 et
3223 2235 3333 2275 non

1747 2310 1891 2366 alius
1918 2318 2015 2364 aut
2044 2325 2143 2381 per
2166 2310 2357 2375 alium,
2398 2309 2715 2364 humiliavit
2769 2311 3125 2381 semetipsum
3160 2327 3336 2382 usque

1747 2396 1814 2454 ad
1840 2411 2074 2455 mortem
2095 2401 2120 2455 ?
2141 2409 2195 2456 et
2238 2400 2516 2471 quomodo
2531 2401 2825 2455 Dominum
2847 2402 3037 2473 gloriae
3054 2418 3182 2457 vere
3209 2417 3337 2457 cru-

1747 2490 2089 2546 eiﬁxerunt?
2120 2500 2177 2547 et
2211 2490 2489 2561 quomodo
2536 2489 2741 2545 dicitur
2764 2491 2910 2547 hoc:
2942 2492 3087 2547 Deus
3147 2494 3334 2548 Domi-

1746 2600 1878 2640 num
1906 2583 2216 2648 suscitavit,
2242 2593 2299 2638 et
2326 2598 2428 2638 nos
2450 2584 2746 2639 suscitabit
2789 2601 2889 2656 per
2940 2586 3201 2641 virtutem
3253 2586 3337 2659 ip-

1747 2678 1864 2733 sius
1894 2675 2204 2732 resuscitati
2256 2675 2537 2731 communi
2583 2691 2740 2733 voce.
2783 2677 3027 2732 Evidens
3058 2690 3143 2735 est
3170 2679 3338 2750 igitur

1749 2769 1898 2839 quod
1940 2769 2120 2823 virtus
2151 2766 2367 2822 Domini
2398 2768 2471 2822 sit
2504 2767 2880 2824 resurrectiva
2914 2780 3257 2826 mortuorum
3280 2782 3336 2827 et

1746 2862 1981 2915 aliorum
2028 2874 2341 2928 corporum,
2376 2868 2584 2929 quanto
2610 2861 2783 2933 magis
2822 2864 3111 2932 proprium
3158 2880 3340 2919 resur—

1747 2954 1887 3009 rexit
1909 2966 2130 3019 eorpus,
2157 2949 2245 3005 cui
2269 2949 2563 3005 uuiebatur
2595 2951 2934 3024 hypostatiee
2953 2953 3199 3011 intimius
3222 2956 3336 3029 ipsa

1745 3046 1924 3099 virtus
1945 3043 2336 3107 resurrectiva,
2372 3052 2429 3097 et
2475 3058 2584 3097 non
2617 3044 2721 3098 alia
2744 3043 3032 3101 viviﬁcans
3056 3048 3229 3105 virtus
3253 3065 3336 3106 re-

1743 3145 1932 3205 surget
1955 3132 2109 3194 illud,
2141 3132 2419 3204 quomodo
2444 3133 2668 3203 proprio
2693 3131 2806 3187 ﬁlio
2837 3148 2938 3188 suo
2980 3150 3089 3189 non
3146 3150 3342 3205 peper.

1744 3227 1910 3291 cisse,
1939 3226 2035 3280 sed
2069 3240 2169 3295 pro
2196 3224 2359 3279 nobis
2377 3222 2639 3279 omnibus
2662 3223 3342 3282 illumtradidissedicitur

1744 3317 1932 3374 Pater?
1961 3318 2005 3372 si
2034 3335 2164 3374 vero
2196 3318 2426 3373 tradidit
2447 3312 2498 3367 in
2529 3319 2754 3384 faciem,
2784 3337 2898 3376 non
2950 3336 3081 3375 vere
3134 3320 3341 3376 dicitur

1746 3411 1802 3470 id
1865 3411 2067 3469 fecisse
2116 3421 2344 3484 propter
2371 3414 2698 3469 charilalem
2740 3429 2895 3468 suam
2920 3414 2974 3468 in
3000 3430 3122 3478 nos,
3157 3412 3340 3469 mani-

1746 3509 1949 3563 festum
1976 3518 2062 3562 est
2086 3523 2220 3578 ergo
2253 3505 2398 3576 quod
2434 3522 2499 3561 ex
2525 3516 2706 3577 parte,
2734 3504 3032 3559 viviﬁcatio
3050 3516 3107 3561 et
3146 3505 3340 3561 morti-

1754 3600 1938 3655 ﬁcatio
1961 3599 2028 3653 de
2056 3597 2280 3654 Christo
2312 3598 2610 3664 dicuntur;
2645 3612 2755 3651 non
2780 3597 2928 3651 enim
2953 3599 3163 3668 integre
3184 3596 3343 3652 simi-

1753 3692 1882 3746 liter
1923 3701 2219 3759 utrumque
2257 3688 2485 3754 dicitur,
2535 3702 2661 3742 cum
2709 3702 2990 3755 nunquam
3044 3688 3155 3741 sint
3182 3701 3339 3757 atque

1753 3798 1882 3837 vera
1937 3781 2212 3835 contraria
2238 3780 2306 3834 de
2346 3779 2462 3842 illo,
2496 3794 2620 3833 cum
2658 3777 2828 3845 igitur
2867 3792 2997 3831 vere
3040 3777 3345 3831 Dominum

1753 3872 1943 3944 gloria:
1975 3869 2388 3932 cruciﬁxerunt,
2423 3868 2515 3937 qui
2547 3866 2830 3921 Christum
2859 3866 2913 3920 in
2937 3866 3087 3935 ligno
3113 3881 3354 3936 suspen~

1754 3960 2227 4024 derunt,evidens
2262 3967 2349 4014 est
2413 3958 2559 4029 quod
2594 3958 2739 4012 idem
2799 3974 2866 4012 ex
2918 3957 3108 4013 divino
3169 3956 3353 4013 verbo

1755 4064 1959 4119 factum
1993 4072 2075 4117 est
2104 4062 2371 4117 Dominus
2404 4061 2617 4131 gloriae.
2666 4060 2831 4131 Atqui
2866 4077 2995 4115 vera
3055 4061 3355 4117 cruciﬁxit)

1755 4167 1842 4211 est
1860 4156 2046 4211 carnis
2074 4155 2348 4216 humanae,
2376 4170 2501 4207 nam
2534 4152 2733 4208 divinre
2754 4161 2967 4208 natura:
2992 4153 3230 4207 debetur
3246 4168 3343 4208 su—

1756 4263 1855 4318 per
1884 4248 2065 4301 omnia
2099 4245 2267 4317 gloria
2294 4262 2358 4299 ex
2414 4245 2500 4299 illa
2538 4254 2863 4315 potestatem
2919 4234 3132 4300 habens
3171 4244 3349 4316 glori-

1758 4336 1956 4391 ﬁcaudi
1988 4351 2128 4406 quos
2150 4322 2290 4399 vult,
2323 4337 2477 4391 solus
2512 4350 2645 4390 vero
2673 4344 2734 4390 ut
2763 4335 2929 4390 homo
2949 4350 3049 4405 per
3081 4344 3349 4390 naturam

1688 4433 1732 4489 D
1759 4429 2027 4483 sustinuit
2069 4427 2402 4498 passionem.

2385 4516 2539 4572 CAP.
2575 4516 2664 4572 lli.

1822 4606 1963 4675 Quid
1980 4624 2135 4679 ergo,
2164 4606 2378 4671 dicunt,
2431 4623 2540 4662 non
2575 4607 2881 4662 clarissima
2933 4614 3063 4662 sunt
3107 4622 3241 4678 quas
3270 4608 3351 4665 de

1750 4700 1972 4756 Christo
2000 4700 2279 4764 dicuntur,
2306 4698 2453 4769 quod
2493 4715 2524 4753 a
2552 4699 2665 4754 Deo
2694 4709 2978 4755 surrectus
3006 4698 3201 4767 [uisset
3230 4716 3347 4756 non

1753 4807 1784 4846 a
1807 4792 2031 4862 seipse?
2053 4799 2110 4847 et
2136 4791 2283 4862 quod
2314 4808 2411 4861 per
2436 4790 2818 4861 operationem
2846 4790 3093 4860 Spiritus
3154 4793 3346 4848 sancti

1752 4883 2056 4938 surrexisse
2089 4898 2118 4937 a
2141 4881 2374 4937 mortuis
2394 4882 2802 4937 etconstiiutus
2830 4883 3003 4935 Filius
3023 4882 3117 4936 Dei
3145 4883 3167 4934 ?
3194 4882 3343 4949 Quo-

1758 4974 1923 5029 modo
1955 4990 2087 5045 ergo
2142 4975 2350 5028 dictum
2386 4982 2497 5026 est:
2523 4971 2695 5038 Quem
2721 4972 2867 5025 Deus
2897 4972 3201 5039 suscitavit,
3228 4989 3341 5030 non

1752 5065 1892 5119 vidit
1924 5065 2336 5133 corruptionem
2364 5063 2388 5117 ?
2412 5072 2468 5118 et
2499 5062 2785 5120 constituti
2819 5063 2937 5118 Filii
2984 5064 3105 5128 Dei,
3138 5081 3343 5121 secun—

1755 5158 1890 5212 dum
1923 5138 2198 5226 Spiritum
2265 5155 2719 5212 sanctiﬁcationis
2799 5172 2863 5211 ex
2931 5157 3341 5214 resurrectione

1755 5253 2126 5312 mortuorum?
2153 5254 2259 5312 Sed
2278 5254 2473 5310 dicunt
2498 5257 2873 5327 exploratores
2895 5256 3339 5329 Scripturarum.

1755 5355 1817 5404 ut
1844 5347 2145 5418 opinantur
2179 5364 2193 5402 :
2230 5345 2288 5402 Si
2317 5349 2655 5404 resurrectio
2675 5365 2743 5403 ex
2772 5351 3010 5405 mortuis
3044 5365 3141 5422 per
3162 5349 3337 5420 Spiri-

1753 5447 1868 5496 tum
1899 5439 2019 5502 Dei,
2050 5436 2378 5510 simpliciter
2404 5437 2636 5509 gloriam
2658 5436 2780 5494 Filii
2812 5438 2908 5495 Dei
2936 5438 3131 5495 tribuit
3164 5438 3339 5494 susci-

1760 5532 1921 5587 tanti.
1971 5529 2251 5600 quomodo
2299 5528 2443 5585 ﬁlius
2469 5530 2649 5585 vidua:
2680 5530 2750 5584 ab
2785 5530 2930 5595 Elia,
2964 5536 3021 5583 et
3054 5529 3199 5585 ﬁlius
3222 5526 3333 5584 Su.

1754 5620 2042 5678 namitidis
2081 5621 2152 5676 ab
2201 5621 2379 5677 Eliseo
2409 5632 2466 5677 et
2488 5621 2772 5677 Thabitaa
2824 5623 3006 5685 Pelro,
3051 5630 3106 5675 et
3151 5623 3343 5677 caeteri

1756 5713 2145 5771 resuscitantes
2180 5729 2207 5767 a
2248 5714 2479 5768 mortuis
2554 5730 2665 5768 non
2719 5724 2843 5769 sunt
2896 5712 3184 5768 constituti
3235 5717 3331 5769 lilii
