3908 6306
101 405 241 468 172')

1073 405 1465 466 ADVERSUS
1501 402 2047 465 NESTORIANOS.
2070 428 2139 438 —
2165 405 2309 470 LIB.
2351 407 2416 468 V.

3231 406 3363 471 1730

90 521 304 588 λάτρης
343 516 444 570 καὶ
478 516 794 585 λειτουργὸς
829 518 988 588 μόνον
1021 519 1149 587 ὑμῖν
1180 517 1429 571 ἐντεῦθεν
1453 518 1682 572 νοείσθω

1797 515 1980 570 :erdos
2013 515 2243 580 dicitur,
2291 515 2551 569 adorator
2577 525 2633 568 et
2664 515 3008 570 sacriﬁcator
3053 517 3230 572 solum
3268 521 3363 575 Dei

90 611 258 674 Θεοῦ,
290 609 441 661 κατὰ
469 608 562 662 τὸν
593 609 684 660 ἐπὶ
711 608 908 671 παντὸς
936 609 1123 680 ἱερέως
1158 609 1569 679 λαμϐανόμενον
1595 611 1682 662 λό-

81 717 188 766 γον
219 716 234 730 ο
279 699 401 753 ἀλλ’
424 701 506 752 ὅτι
535 698 630 751 τοῦ
666 699 830 751 αὑτοῦ
870 699 1196 752 Ἀποστόλου
1240 700 1482 770 περὶτοῦ
1517 700 1679 753 αὑτοῦ

89 793 185 846 καὶ
215 791 387 845 πάλιν
405 789 657 858 λέγοντος
675 790 862 858 ἱερέως
891 789 1118 842 ἀκούετε
1141 807 1154 820 ⁸
1185 790 1437 842 Τοιοῦτον
1467 789 1683 859 ἔχοντες

89 883 367 954 ἀρχιερέα
388 922 404 946 ,
453 881 511 945 6;
541 880 794 933 ἐκάθισεν
819 883 878 934 ἐν
900 881 1050 951 δεξιᾷ
1073 881 1167 934 τοῦ
1200 881 1391 950 θρόνου
1430 883 1530 951 τῆς
1583 899 1681 951 με·

91 973 449 1046 γαλωσύνης,
479 976 536 1028 ἐν
560 975 672 1035 τοῖς
697 973 1058 1040 ἐπουρανίοις.
1081 973 1221 1026 Αὐτὸ
1250 972 1406 1026 τοῦτο
1431 973 1459 1025 6
1482 974 1684 1045 ὑπορή-

92 1083 227 1120 σατε
252 1067 392 1136 ἡμῖν
425 1066 483 1117 ἐν
510 1065 728 1125 ἑαυτοῖς
761 1067 1036 1130 σκοπεῖτε,
1072 1065 1156 1116 ὅτι
1187 1064 1286 1116 οὐκ
1315 1065 1464 1118 ἔστιν
1493 1065 1683 1134 ίερέως

91 1158 154 1210 τὸ
194 1155 500 1225 σύνθρονον
549 1151 690 1208 εἶναι
735 1153 815 1224 τῷ
863 1155 1258 1227 ἱερατευομένῳ
1301 1154 1398 1208 καὶ
1428 1155 1683 1226 σύντιμον

92 1249 191 1302 καὶ
228 1247 514 1318 ὁμόδοξον,
537 1247 675 1301 am
701 1263 843 1310 τινος
876 1246 1126 1314 ισοφυοῦς
1154 1248 1248 1299 καὶ
1276 1248 1579 1310 ίσοσθενοῦς
1609 1248 1684 1317 τῷ

91 1340 298 1410 ἐνδόξῳ
325 1339 451 1409 Θεῷ
484 1359 499 1373 ο
559 1338 753 1392 οὓκουν
786 1339 894 1409 ἄρα
944 1340 1018 1401 ώς
1068 1339 1248 1408 ἱερεὺς
1288 1339 1683 1406 συγκαθέζεται

86 1430 218 1500 Θεῷ
269 1433 331 1483 ἐν
381 1431 633 1502 οὐρανοῖς
669 1431 698 1482 6
733 1431 910 1501 ἱερεὺς
941 1431 1035 1483 τοῦ
1077 1431 1212 1482 Θεοῦ
1257 1431 1546 1500 γενόμενος
1593 1434 1684 1484 ἐπὶ

93 1523 224 1591 γῆς,
284 1523 384 1575 καὶ
427 1524 529 1591 τὴν
578 1521 713 1574 ιδίαν
757 1523 936 1590 σάρκα
962 1523 1324 1592 ἱερουργήσας
1370 1521 1488 1592 Θεῷ
1515 1561 1529 1586 ,
1591 1523 1685 1574 καὶ

92 1611 400 1680 ἀναγαγὼν
431 1608 600 1680 αὐτὴν
645 1611 782 1681 πρὸς
824 1611 975 1675 Θεὸν,
1015 1611 1128 1665 ἁλλ’
1175 1612 1249 1673 ὡς
1298 1612 1390 1663 καὶ
1435 1611 1567 1674 Θεὸς
1609 1609 1684 1665 ὢν

95 1702 325 1772 ἀληθῶς
357 1703 388 1755 6
417 1700 604 1764 αὐτός.

710 1814 962 1867 ΚΕΦΛΛ.
1003 1814 1078 1868 E'.

1792 607 1950 661 vobis
1984 608 2109 662 ideo
2166 617 2448 677 appareat,
2506 622 2631 660 nam
2666 607 3092 677 intelligendum
3134 611 3363 664 verbum

1789 713 1954 767 supra
1994 714 2214 752 onmem
2249 699 2728 760 sacerdotem,sed
2769 699 3004 766 apostoli
3041 701 3143 768 ipsi
3174 701 3242 755 de
3265 718 3362 756 eo-

1788 788 1912 842 dem
1965 797 2021 843 et
2053 804 2249 843 rursus
2272 789 2532 858 loquente
2580 789 2866 842 sacerdote
2911 790 3119 844 audite.
3175 791 3361 846 Talem

1788 877 2058 933 habentes
2103 879 2418 948 pontiﬁcem
2467 881 2560 948 qui
2593 879 2750 934 sedet
2798 896 2828 933 a
2912 884 3138 936 dextris
3179 885 3361 938 throni

1789 970 2188 1039 magnitudinis
2217 971 2272 1024 in
2293 971 2467 1024 caelis.
2506 971 2811 1040 Hocipsum
2839 973 2985 1041 quod
3015 974 3275 1044 eﬁ‘ugitis,
3308 979 3362 1029 in

1789 1062 2201 1130 vobismetipsis
2231 1061 2435 1127 videte,
2485 1063 2630 1131 quod
2656 1079 2767 1116 non
2799 1073 2882 1118 est
2911 1066 3214 1120 sacerdotis
3243 1082 3365 1120 esse

1792 1151 1851 1204 in
1903 1151 2102 1204 throno
2154 1167 2277 1206 cum
2339 1152 2449 1205 Deo
2487 1167 2622 1217 suo,
2665 1168 2767 1206 nec
2820 1153 2876 1206 in
2913 1154 3106 1208 eodem
3157 1156 3364 1210 honore

1789 1247 1846 1292 et
1898 1239 2089 1295 eadem
2138 1241 2334 1309 gloria,
2383 1240 2477 1294 sed
2527 1249 2613 1295 est
2643 1242 2890 1312 ejusdem
2915 1253 3125 1297 naturae
3179 1255 3233 1298 et
3265 1262 3363 1314 po-

1789 1328 1976 1381 tentia:
2029 1344 2154 1381 cum
2200 1329 2443 1398 glorioso
2476 1331 2618 1395 Deo;
2670 1332 2837 1402 igitur
2872 1341 2933 1385 ut
2976 1334 3234 1389 sacerdos
3273 1351 3362 1390 se-

1792 1419 1885 1472 det
1908 1433 2033 1472 eum
2057 1419 2170 1473 Deo
2193 1419 2246 1472 in
2289 1420 2446 1474 caelis
2483 1421 2578 1488 qui
2595 1423 2852 1476 sacerdos
2873 1424 2970 1477 Dei
3001 1425 3176 1479 laetus
3195 1437 3280 1479 est
3308 1428 3362 1480 in

1794 1519 1960 1574 terra,
1993 1519 2051 1563 et
2074 1510 2354 1579 propriam
2399 1527 2624 1565 carnem
2673 1528 2839 1582 quam
2872 1515 3202 1570 sacriﬁcavit
3253 1518 3366 1571 Deo

1792 1609 2081 1670 postquam
2143 1601 2450 1656 introduxit
2483 1602 2629 1671 apud
2684 1604 2880 1672 Deum,
2947 1605 3044 1660 sed
3089 1622 3213 1660 cum
3275 1607 3348 1660 sit

1791 1692 1937 1747 Deus
1971 1707 2134 1746 verus
2165 1693 2302 1762 ipse.

2427 1801 2579 1857 CAP.
2618 1801 2682 1857 V.

172 1926 546 1980 Βασανιστέον
567 1925 624 1978 δὲ
655 1924 748 1978 καὶ
778 1924 840 1976 τὸ
889 1922 1137 1994 ἀτρανῶς
1187 1923 1288 1992 μὲν
1318 1924 1409 1975 καὶ
1435 1921 1688 1992 ἀθάρσως

1797 1913 1994 1970 Stricte
2022 1915 2188 1969 etiam
2215 1917 2640 1971 examinandum
2666 1929 3146 1988 estargumentum
3175 1937 3368 1976 eorum

98 2018 254 2087 ὅμως
305 2019 364 2068 ἐν
407 2015 650 2068 πλείοσιν
698 2014 876 2068 αὐτῶν
928 2013 1415 2083 ἐπιχειρούμενον·
1455 2013 1688 2066 δεδόσθω

98 2107 234 2176 γὰρ,
297 2106 474 2173 φασὶ,
519 2105 662 2158 κατὰ
712 2104 1018 2174 συνδρομὴν
1067 2101 1206 2156 εἶναι
1245 2104 1388 2182 ¹καθ’
1420 2105 1564 2173 ὑμᾶς
1595 2103 1688 2154 καὶ⁵

99 2198 235 2260 Θεὸς
281 2200 310 2250 6
334 2197 500 2259 αὺτὸς
546 2197 780 2267 Χριστός
815 2213 830 2226 ·
859 2198 886 2250 6
913 2197 970 2248 δὲ
1005 2194 1215 2266 Ἰησοῦς
1241 2237 1258 2260 ,
1284 2195 1337 2246 τί
1365 2195 1492 2265 ὑμῖν
1547 2191 1687 2248 εἶναι

100 2289 288 2352 δοκεῖς
318 2289 382 2342 ού
406 2289 514 2358 γὰρ
537 2289 602 2358 δὴ
629 2289 724 2342 καὶ⁸
757 2287 918 2342 αὐτὸν
950 2287 1122 2355 Λόγον
1151 2287 1244 2339 καὶ
1276 2287 1452 2357 σάρκα
1479 2287 1649 2356 ἐρεῖτε
1671 2303 1684 2317 ο

104 2387 148 2430 εξ
179 2381 293 2450 γὰρ
325 2381 422 2432 καὶ
458 2379 622 2441 αὐτὸς
656 2379 858 2448 ὁμοίως
904 2378 1033 2441 Θεὸς
1054 2418 1070 2444 ,
1121 2376 1278 2447 δῆλον
1306 2377 1381 2440 ὡς
1406 2378 1505 2429 οὐκ
1534 2377 1621 2429 ἀεὶ
1661 2379 1689 2430 ό

103 2471 372 2540 Χριστὸς,
399 2470 529 2530 Θεός
558 2484 572 2500 ⁶
596 2468 686 2521 τὸν
713 2469 822 2538 γὰρ
861 2466 1072 2538 Ἰησοῦν
1110 2470 1168 2521 ὃν
1197 2486 1332 2538 φατε
1361 2468 1492 2520 Θεὸν
1518 2509 1532 2534 ,
1564 2466 1688 2520 τοῦ·

101 2577 195 2614 τον
241 2563 342 2613 καὶ
386 2559 591 2630 Κύριον
629 2561 724 2611 καὶ
755 2559 987 2628 Χριστὸν
1009 2559 1036 2611 6
1068 2559 1199 2622 Θεὸς
1232 2559 1477 2628 ἐποίησε,
1504 2557 1690 2626 σαφῶς

105 2656 328 2724 εῐρηται
364 2668 380 2682 ο
416 2652 514 2720 οὐχ
559 2651 586 2703 6
639 2647 707 2720 ἦν
733 2648 823 2702 οὖν
866 2650 894 2700 6
958 2649 1163 2719 Ἰησοῦς
1214 2649 1392 2702 εῐτουν
1443 2649 1642 2720 Κύριος
1673 2687 1689 2712 ,

105 2744 266 2796 τοῦτο
300 2745 499 2812 γέγονε
552 2741 796 2811 ποιηθεὶς
849 2740 1084 2811 Χριστὸς
1115 2741 1209 2792 καὶ¹
1240 2741 1440 2810 Κύριος
1473 2760 1486 2772 ·
1517 2741 1692 2804 οὐδεὶς

97 2835 215 2906 ’γὰρ
254 2834 472 2903 γίνεται
517 2832 545 2884 ὃ
587 2833 734 2884 ἐστιν
767 2848 780 2861 ·
823 2832 930 2883 οὐδ’
964 2831 1070 2901 ἄρα
1099 2830 1190 2883 οῦν
1225 2831 1352 2892 Θεὸς
1381 2831 1466 2882 ὰεί
1493 2833 1638 2883 ἐστιν
1664 2831 1693 2882 6

122 2924 333 2993 Ἰησοῦς
356 2965 371 2990 ,
407 2922 532 2975 ἐπεὶ
588 2923 726 2992 μηδὲ
777 2921 982 2992 Κύριός
1012 2925 1192 2974 ἐστιν’
1228 2923 1274 2974 εἰ
1306 2923 1362 2975 δέ
1397 2923 1423 2974 6
1453 2923 1548 2992 μὲν
1590 2923 1694 2992 Ἰη-

111 3018 241 3079 σοῦς
266 3015 582 3086 ἄνθρωπος,
612 3015 640 3066 6
669 3014 724 3066 δέ
767 3014 1001 3084 Χριστὸς
1048 3014 1179 3076 Θεὸς
1211 3015 1338 3082 ὑμῖν
1370 3018 1566 3068 νοεῖται
1595 3056 1610 3079 ,
1658 3014 1690 3084 ἦ

113 3108 280 3177 μόνον
340 3107 478 3168 Θεὸς
534 3104 688 3157 ἔσται
737 3103 926 3176 ὥσπερ
970 3106 998 3157 6
1067 3103 1273 3172 Λόγος,
1326 3107 1420 3156 καὶ
1453 3105 1480 3157 6
1524 3105 1694 3173 Λόγος

1788 2005 1935 2072 quod
1976 2005 2220 2073 plerique
2250 2005 2489 2060 obscure
2520 2008 2686 2061 simul
2731 2017 2786 2062 et
2821 2009 3124 2065 dubitative
3159 2021 3364 2067 tenent.

1788 2093 2152 2159 Concedatur,
2180 2095 2356 2159 aiunt;
2392 2097 2696 2150 secundum
2748 2082 2867 2153 vos.
2895 2116 2992 2169 per
3028 2117 3361 2155 concursum

1789 2191 1844 2236 et
1875 2183 2046 2236 Deum
2085 2185 2265 2252 ipsum
2297 2181 2602 2238 Christum.
2634 2186 2794 2239 Jcsus
2837 2198 3017 2239 autem
3049 2188 3180 2256 quid
3205 2188 3366 2241 vobis

1789 2288 1908 2328 esse
1941 2274 2159 2328 videtur
2186 2277 2208 2328 ἐ
2241 2275 2360 2329 Non
2383 2277 2530 2328 enim
2561 2286 2708 2331 certe
2742 2288 2796 2330 et
2831 2279 3006 2346 ipsum
3040 2279 3277 2332 Verbum
3310 2292 3366 2334 et

1790 2378 2010 2418 carnem
2029 2365 2246 2419 dicetis.
2278 2364 2332 2418 Si
2363 2367 2567 2420 etenim
2593 2377 2649 2421 et
2683 2370 2799 2436 ipse
2825 2370 3054 2438 pariter,
3080 2371 3223 2426 Deus
3248 2389 3365 2425 ma-

1790 2450 2052 2505 nifestum
2079 2453 2342 2521 quodnon
2368 2468 2583 2522 semper
2615 2455 3002 2522 fuitCln-istns,
3031 2459 3189 2512 Deus.
3234 2460 3368 2513 Nam

1790 2545 2048 2599 eumdem
2079 2547 2265 2601 Jesum
2309 2563 2472 2616 quem
2521 2548 2704 2602 dicitis
2737 2550 2931 2614 Deum,
2993 2553 3137 2606 Deus
3175 2554 3372 2610 l'ccitet

1792 2636 1962 2690 Deum
1995 2646 2051 2690 et
2081 2637 2363 2692 Christum
2389 2656 2403 2705 ;
2427 2640 2530 2693 hoc
2551 2630 2706 2695 clare
2742 2641 2949 2695 dictum
2973 2654 3073 2698 cst.
3108 2645 3372 2714 Nonergo

1793 2730 1939 2798 quod
1961 2740 2082 2784 erat
2098 2731 2257 2786 Jesus
2281 2732 2396 2785 sive
2422 2732 2707 2796 Dominus,
2739 2734 2843 2788 hoc
2861 2735 3091 2789 echctus
3110 2750 3194 2789 εει
3215 2737 3373 2791 Chri-

1794 2829 1912 2873 stus
1940 2837 2003 2874 ac
2031 2822 2296 2877 Dominus
2328 2824 2523 2878 factus.
2560 2825 2734 2879 Nemo
2768 2828 2914 2879 enim
2965 2828 3024 2881 ﬁt
3068 2830 3210 2897 quod
3240 2841 3324 2884 est
3356 2871 3369 2883 .

1793 2911 1912 2965 Non
1941 2927 2161 2980 semper
2219 2915 2384 2984 igitur
2432 2917 2575 2970 Deus
2625 2919 2730 2971 fuit
2783 2919 2964 2984 Jcsus,
3001 2937 3125 2974 cum
3155 2937 3266 2975 non
3303 2923 3409 2976 sit.

1795 3003 2074 3056 Dominus.
2107 3003 2162 3056 Si
2207 3021 2448 3073 veroque
2513 3007 2674 3062 Jcsus
2721 3007 2887 3060 homo
2941 3009 3083 3062 idem
3122 3010 3378 3065 Christus

1795 3090 1940 3145 Deus
1978 3091 2138 3145 vobis
2186 3102 2356 3146 notus
2387 3101 2474 3146 est
2501 3136 2514 3158 ,
2541 3096 2628 3148 vel
2672 3096 2847 3158 solum
2874 3098 3018 3152 Deus
3044 3099 3151 3152 erit
3179 3109 3376 3168 utpote

111 3197 378 3268 Χριστὸς,
413 3196 506 3248 καὶ
543 3195 650 3267 πρὸ
683 3195 782 3265 τῆς
817 3193 1147 3266 σαρκώσεως
1175 3209 1190 3224 ⁶
1223 3195 1256 3265 ἢ
1297 3195 1425 3258 Θεὸς
1463 3197 1557 3248 καὶ
1601 3198 1693 3249 ἄν-

1798 3181 2122 3245 Verbnm,et
2149 3181 2386 3237 Verbum
2406 3184 2659 3239 Christus
2685 3197 2739 3240 et
2770 3196 2895 3242 ante
2921 3190 3374 3258 incarnationem,

107 3290 334 3358 θρωπός
359 3305 447 3350 τις
473 3287 659 3358 ἕτερος
693 3286 846 3356 παρὰ
874 3286 963 3338 τὸν
1007 3284 1216 3354 Ἰησοῦν
1251 3285 1347 3338 κα)⁸
1376 3284 1585 3337 ἔσονται
1607 3285 1693 3336 δύο

1804 3271 1890 3324 vel
1920 3272 2084 3336 Deus,
2125 3282 2182 3326 et
2204 3273 2367 3327 homo
2394 3274 2518 3342 quis
2546 3276 2686 3329 alius
2708 3293 2878 3346 prope
2899 3278 3105 3343 Jcsum,
3132 3291 3186 3334 et
3213 3293 3378 3336 erunt

115 3381 424 3450 ἄνθρωποι,
467 3380 604 3447 μετὰ
642 3381 741 3448 τὴν
768 3377 990 3444 ποίησιν
1014 3377 1109 3429 τοῦ
1149 3376 1324 3447 Ἰησοῦ
1354 3379 1433 3440 είς
1471 3376 1704 3447 Χριστὸν

117 3477 175 3523 ἐν
210 3472 364 3542 αύτῴ
404 3470 723 3538 φαινόμενοι
752 3483 767 3498 °
800 3462 916 3521 ὦνό
940 3467 1038 3538 μὲν
1070 3466 1320 3529 σύνθετος
1347 3467 1444 3536 τὴν
1469 3468 1705 3520 ὑπόστα-

120 3579 226 3625 σιν,
264 3563 342 3626 ὣς
379 3577 518 3628 φατε
542 3577 555 3590 ·
586 3562 612 3612 6
640 3561 698 3612 δέ
719 3559 946 3627 Ἰησοῦς,
980 3559 1202 3630 ποιητὸς
1243 3560 1477 3629 Χριστός
1507 3573 1522 3589 ’
1562 3559 1610 3610 εί
1649 3558 1705 3612 δὲ

117 3653 396 3724 Χριστὸς,
457 3651 588 3714 Θεὸς
636 3651 732 3704 καὶ
783 3651 1069 3718 ἄνθρωπος
1116 3651 1283 3712 όντως
1337 3654 1539 3704 νοεῖται
1569 3668 1584 3682 ’
1612 3652 1704 3705 καὶ

118 3745 292 3809 οὕτως
320 3750 348 3800 6
375 3744 592 3815 Ἰησοῦς
623 3743 917 3812 ἐπίκτητον
945 3741 1337 3812 ἁνθρωπότητα
1377 3741 1574 3804 λαϐὼν,
1611 3743 1704 3796 καὶ

117 3832 362 3904 θεότητα
386 3835 484 3903 τὴν
506 3831 746 3901 Χριστοῦ
772 3871 786 3896 ,
813 3833 964 3900 τρεῖς
1002 3832 1098 3900 μὲν
1129 3830 1450 3899 ἀνθρώπους
1478 3869 1493 3894 ,
1524 3830 1617 3882 δύο
1648 3830 1704 3882 δὲ

120 3921 283 3987 θεοὺς
316 3921 459 3977 εἶναι
497 3923 691 3976 ἐαυτὸν
721 3921 1068 3992 ἐπιδείξηται
1092 3919 1328 3991 Χριστὸς
1371 3921 1660 3989 γενόμενος
1687 3937 1702 3953 ·

133 4018 266 4087 ﬁsi;
300 4016 434 4068 Θεὸν
467 4016 560 4067 καὶ
600 4013 889 4083 ἄνθρωπον
928 4011 1256 4083 μερισθῆναι
1305 4013 1333 4064 ό
1359 4011 1571 4082 Ἰησοῦς
1615 4012 1704 4065 λο-

123 4108 474 4178 γισθήσεται,
505 4105 762 4176 ποιηθεὶς
793 4105 1050 4174 Χριστός.

195 4199 382 4268 Φαμὲν
411 4193 503 4251 οὖν
529 4199 625 4251 σὺν
655 4196 732 4266 τῷ
778 4195 1014 4266 θεολόγῳ
1045 4195 1182 4264 πρὸς
1221 4194 1349 4248 τάδε
1379 4195 1472 4248 καὶ
1502 4196 1665 4266 ἡμεῖς
1685 4236 1700 4261 ,

116 4291 208 4344 ὃτι
243 4293 354 4344 πᾶν
383 4289 602 4359 πνεῦμα
627 4288 656 4340 δ
685 4288 758 4358 μὴ
788 4287 1042 4354 ὁμολογεῖ
1067 4286 1272 4355 Ἰησοῦν
1301 4287 1359 4338 ἐν
1388 4288 1551 4356 σαρκὶ
1581 4287 1702 4356 ἐλη-

125 4378 348 4446 λυθότα,
379 4381 480 4433 οὐκ
509 4380 654 4432 ἐστιν
695 4380 759 4430 ἐκ
806 4379 900 4430 τοῦ
950 4375 1086 4428 Θεοῦ
1111 4391 1124 4406 °
1157 4378 1206 4428 εἰ
1239 4377 1297 4428 δέ
1351 4377 1451 4446 οὺχ
1515 4377 1702 4447 ἓτερον

125 4473 396 4543 κηρύσσει
422 4511 436 4535 ,
466 4472 558 4523 τόν
584 4487 645 4522 τε
675 4470 848 4538 Λόγον
882 4469 1063 4539 σάρκα
1103 4466 1394 4536 γενόμενον
1421 4507 1436 4532 ,
1473 4467 1565 4519 καὶ
1613 4467 1702 4518 τὸν

1805 3361 1915 3415 duo
1959 3363 2231 3427 homines,
2264 3376 2591 3434 apparentes
2621 3368 2676 3420 in
2730 3369 2821 3422 illo
2860 3381 2984 3438 post
3015 3373 3399 3434 mutationem,

1803 3451 1960 3506 Jcsus
1994 3453 2051 3507 in
2086 3455 2365 3508 Christum
2393 3472 2626 3524 quorum
2654 3461 3004 3528 componitur
3050 3463 3377 3533 hypostasis,

1807 3552 1865 3597 ut
1915 3544 2118 3610 dicitis,
2164 3547 2326 3602 Jcsus
2359 3550 2536 3602 lactus
2564 3549 2821 3605 Christus
2856 3553 2899 3606 si
2955 3571 3088 3608 vero
3127 3554 3379 3611 Christus

1805 3635 1948 3688 Deus
1974 3645 2028 3689 et
2052 3637 2216 3690 homo
2246 3653 2376 3690 vero
2409 3641 2677 3693 noscitur.
2713 3643 2777 3694 Et
2821 3645 2866 3697 si
2890 3645 3050 3698 Jcsus
3091 3663 3379 3704 assumens

1806 3727 2202 3780 humanitatem
2243 3728 2476 3780 alienam
2502 3769 2514 3793 ,
2540 3738 2595 3782 et
2625 3731 2970 3786 divinitatem
3002 3734 3235 3802 Christi,
3267 3747 3380 3793 tres

1805 3818 2055 3872 homines
2079 3827 2281 3872 essent.
2331 3817 2583 3873 Christus
2644 3821 2820 3876 factus
2857 3827 3376 3897 ostendetseipsum

1805 3924 1927 3964 esse
1955 3909 2100 3963 duos
2131 3911 2283 3974 deos,
2313 3910 2396 3963 vel
2431 3910 2590 3965 Jcsus
2613 3916 3082 3981 argumentatione
3110 3916 3165 3970 in
3201 3917 3376 3974 Deum

1805 4013 1860 4058 et
1882 4004 2161 4058 hominem
2193 4004 2484 4074 partietur,
2514 4005 2697 4059 factus
2721 4004 3002 4061 Christus.

1875 4189 2122 4244 Dicimus
2136 4205 2266 4244 vero
2302 4205 2428 4245 cum
2462 4189 2717 4260 theologo
2741 4189 2811 4245 de
2843 4190 2986 4258 istis,
3020 4192 3167 4262 quod
3191 4195 3373 4251 omnis

1803 4283 2030 4352 spiritus
2050 4282 2143 4351 qui
2163 4297 2272 4336 non
2292 4281 2586 4336 conﬁtetur
2609 4283 2664 4335 in
2686 4298 2905 4337 carnem
2922 4283 3106 4340 Jesum
3130 4286 3370 4356 venisse,

1803 4390 1915 4429 non
1935 4381 2020 4429 est
2050 4392 2079 4428 a
2111 4375 2343 4440 Deo,sed
2373 4375 2418 4429 si
2449 4374 2586 4428 nihil
2609 4375 2758 4429 aliud
2780 4376 2998 4430 nuntiat
3017 4376 3123 4431 nisi
3143 4377 3371 4432 verbum

1804 4483 2022 4522 carnem
2037 4467 2236 4523 factum
2251 4468 2501 4523 etJesum
2525 4468 2581 4522 in
2602 4484 2768 4523 carne
2789 4471 3025 4533 venisse,
3049 4471 3274 4527 evidens
3287 4483 3373 4528 est

127 4565 341 4638 Ἰησοῦν
367 4569 424 4619 ἐν
448 4568 611 4636 σαρκὶ
630 4566 946 4637 ἐληλυθότα,
977 4564 1136 4635 δῆλον
1159 4563 1234 4626 ὡς
1250 4564 1340 4616 τὸν
1371 4564 1532 4615 αὐτὸν
1559 4558 1693 4617 οἶδεν

1805 4561 1949 4631 quod
1967 4562 2120 4616 novit
2137 4562 2313 4630 ipsum
2327 4563 2511 4618 Jesum
2528 4563 2583 4616 in
2596 4562 2814 4618 Christo
2829 4563 2976 4634 et'Ch
2986 4565 3176 4619 ristum
3193 4567 3373 4636 ipsum

125 4655 338 4728 Ἰησοῦν
363 4657 441 4729 τῷ
468 4656 709 4728 Χριστῷ,
729 4657 824 4710 καὶ
847 4655 1080 4724 Χριστὸν
1111 4653 1202 4707 τὸν
1231 4653 1392 4705 αὑτὸν
1410 4652 1485 4722 τῷ
1507 4654 1666 4722 Λόγῳ
1687 4670 1698 4682 ο

127 4750 366 4818 Χριστός
393 4767 458 4803 τε
487 4750 597 4820 γὰρ
628 4751 728 4802 οὐκ
767 4747 992 4801 ἄλλοθεν
1032 4746 1274 4813 λέγεται,
1309 4745 1343 4814 ἢ
1375 4745 1464 4797 διὰ
1505 4745 1567 4797 τὸ
1607 4761 1700 4797 κε-

127 4841 371 4911 κρίσθαι,
432 4843 525 4900 καὶ
575 4838 888 4892 πιαίνεσθαι
935 4840 1001 4908 τῇ
1038 4837 1257 4906 θεότητι
1313 4836 1407 4888 τοῦ
1457 4832 1698 4904 Λόγουή

127 4936 304 5006 σάρξ·
340 4937 436 4989 καὶ
467 4934 711 5005 Ἰησοῦς,
749 4934 778 4986 ὃ
823 4935 938 4984 ἐστι
1010 4931 1198 5002 Σωτὴρ
1223 4970 1238 4995 ,
1292 4931 1390 4999 οὐχ
1435 4929 1699 4999 ἑτέρωθεν

128 5027 412 5096 κέκληται,
444 5025 475 5096 ἢ
505 5025 593 5078 διὰ
621 5025 681 5077 τὸ
712 5026 979 5094 σωτήριον
1012 5023 1154 5090 ἔχειν
1181 5022 1419 5090 φυσικὴν
1449 5019 1696 5088 δύναμιν·

125 5110 300 5176 οὓτως
333 5113 440 5184 γὰρ
470 5111 634 5165 αὑτοῦ
666 5112 759 5165 καὶ
792 5113 819 5163 6
849 5111 1078 5178 ἄγγελος
1096 5109 1194 5188 τὴν
1216 5112 1539 5179 φερώνυμον
1564 5107 1698 5176 κλῆ-

129 5217 214 5257 σιν
233 5204 542 5276 ἐξηγήσατο
561 5205 737 5272 λέγων
754 5217 766 5231 ·
783 5221 802 5255 ι
827 5203 935 5254 Καὶ
958 5201 1242 5254 καλέσουσι
1261 5201 1322 5252 τὸ
1345 5200 1514 5271 ὄνομα
1538 5200 1700 5252 αὐτοῦ

128 5292 360 5364 Ἰησοῦν·
395 5295 558 5357 αὐτὸς
601 5295 711 5364 γὰρ
760 5292 923 5344 σώσει
965 5291 1056 5343 τὸν
1094 5290 1221 5344 λαὸν
1250 5292 1415 5344 αὑτοῦ
1451 5292 1558 5344 ἀπὸ
1593 5291 1701 5344 τῶν

126 5384 412 5455 ἁμαρτιῶν
434 5385 632 5439 αὐτῶν.
667 5403 686 5434 ι
749 5383 808 5436 '0
831 5381 923 5436 οὖν
957 5381 1095 5450 ἔχων
1125 5379 1373 5448 δύναμιν,
1427 5381 1488 5432 ού
1538 5381 1698 5448 μόνον

125 5475 222 5529 τοῦ
257 5478 331 5549 μὴ
370 5477 725 5548 ἁμαρτάνειν,
754 5474 889 5526 ἀλλὰ
908 5477 1002 5528 καὶ
1027 5472 1349 5544 λυτροῦσθαι
1377 5471 1487 5524 τῶν
1516 5472 1696 5540 ἁμαρ-

127 5567 278 5635 τιῶν,
309 5569 395 5633 τίς
424 5571 489 5622 ἂν
528 5567 614 5637 εῐη
649 5569 749 5637 τὴν
781 5566 963 5636 φύσιν,
995 5570 1042 5619 εί
1085 5568 1160 5638 μὴ
1192 5566 1360 5630 Θεός;
1394 5564 1564 5616 Τοῦτο
1585 5565 1694 5636 γὰρ

135 5657 491 5713 αύδέἸουδαῖοι
515 5657 816 5730 ἠγνόησαν,
836 5659 1081 5720 εἰπόντες
1115 5658 1196 5710 ὅτι
1228 5655 1445 5718 «Οὐδεὶς
1468 5654 1693 5709 δύναται

203 5802 240 5829 ⁸³³
267 5793 400 5848 Luc.
426 5811 479 5856 v,
509 5794 600 5846 21.

1802 4653 1858 4707 in
1888 4653 2085 4708 Verbo.
2115 4655 2249 4708 Nam
2298 4653 2555 4710 Christus
2600 4671 2710 4710 non
2734 4657 2956 4711 aliunde
2983 4657 3208 4721 dicitur,
3237 4659 3344 4714 nisi

1802 4745 1929 4812 quia
1951 4760 2077 4800 caro
2093 4746 2257 4801 Verbi
2275 4756 2441 4802 uncta
2458 4747 2559 4802 fuit
2580 4757 2640 4800 ut
2655 4756 2812 4802 aucta
2829 4748 3197 4814 divinitate,et
3212 4748 3374 4804 Jcsus

1800 4837 1893 4905 qui
1924 4846 2008 4890 est
2034 4838 2304 4904 Salvator,
2330 4854 2441 4893 non
2465 4838 2688 4893 aliunde
2727 4839 3064 4903 nominatur,
3112 4841 3217 4894 nisi
3241 4843 3372 4909 quia

1800 4939 2026 4999 propter
2071 4933 2302 4985 salutem
2340 4931 2506 4984 habet
2525 4932 2788 4984 virtutem
2821 4931 3126 5000 physicam.
3158 4932 3249 4986 Sic
3277 4949 3374 4986 an-

1798 5021 1954 5090 gelus
1975 5022 2094 5090 ejus
2125 5021 2314 5075 docuit
2342 5020 2487 5075 hanc
2511 5020 3015 5076 denominationem
3047 5023 3372 5093 signiﬁcati-

1798 5128 1920 5166 vam
1933 5129 2074 5179 esse,
2098 5115 2337 5181 dicens,c
2359 5115 2666 5184 Etlvocahis
2683 5131 2884 5172 nomen
2907 5117 3026 5188 ejus
3037 5117 3371 5189 Jesum,ipse

1799 5205 1947 5258 enim
1983 5205 2190 5260 salvum
2219 5206 2386 5260 faciet
2435 5207 2698 5275 pepulum
2746 5221 2905 5261 suum
2935 5223 2965 5262 a
3007 5209 3247 5277 peccatis
3275 5223 3369 5262 eo-

1800 5310 1943 5348 rum.
1967 5314 1984 5346 i
2011 5295 2111 5361 Qui
2132 5311 2264 5368 ergo
2290 5297 2456 5352 habet
2488 5297 2746 5352 virtutem
2770 5315 2879 5352 non
2907 5299 3083 5353 solum
3109 5314 3214 5352 non
3242 5303 3369 5366 pec-

1802 5387 1985 5446 candi.
2015 5388 2109 5441 sed
2142 5389 2413 5443 liberandi
2443 5404 2474 5443 a
2523 5390 2786 5458 peccatis,
2841 5390 3020 5458 qualis
3040 5391 3146 5444 erit
3167 5393 3366 5444 natura

1800 5475 1906 5528 nisi
1933 5476 2118 5529 Deus?
2157 5477 2272 5530 Hoc
2312 5477 2458 5530 enim
2485 5477 2658 5532 Judaei
2680 5485 3074 5547 cognoverunt,
3099 5477 3367 5542 dicentes,

1799 5567 1946 5636 quod
1997 5586 2014 5618 ι
2049 5568 2221 5622 Nemo
2244 5577 2425 5638 potest
2472 5572 2758 5624 remittere
2785 5576 3007 5638 peccata
3063 5568 3166 5621 nisi
3216 5568 3368 5623 solus

1801 5656 1945 5711 Deus
1981 5665 2048 5708 ω»
2083 5667 2139 5711 οι
2171 5657 2331 5712 Jcsus
2357 5669 2607 5724 vocatur,
2635 5667 2694 5712 ut
2711 5658 2824 5727 ipse
2852 5658 2994 5712 Deus
3013 5671 3133 5711 esse
3161 5656 3367 5738 dicens:
