3908 6306
510 341 647 406 1735

1767 338 2077 399 LEONTII
2118 336 2518 397 ΒΥΖΑΝῚῚΝΙ

3673 322 3789 385 1735

505 459 611 528 ipsi
640 467 895 515 naturam
930 457 1101 515 totlus
1137 459 1408 530 corporis.
1438 460 1595 530 cujus
1623 460 1667 513 si
1719 474 1827 512 non
1851 458 1923 513 sit
1943 473 2070 527 par-

2194 456 2270 525 τῆς
2299 452 2583 523 ὁμοούσιον
2618 451 2755 521 αὐτῇ
2783 449 2945 517 φύσιν
2985 446 3148 501 αὐτοῦ
3192 445 3291 499 τοῦ
3345 444 3493 498 ὅ).ου
3548 441 3785 512 σῶματὲς

506 549 705 619 ticeps,
737 566 841 606 nec
870 560 956 606 est
984 560 1152 621 caput
1186 566 1310 606 cum
1354 567 1462 605 non
1507 551 1706 621 dirigat
1733 550 1941 619 reliqua
1966 549 2074 602 cir-

507 657 570 694 ca
597 641 783 708 illam;
814 642 859 697 si
889 657 1028 722 vero
1061 643 1342 713 particeps
1370 653 1456 698 est
1480 644 1600 713 ejus
1640 643 1734 711 qui
1786 651 1971 696 movet
2018 649 2076 697 et

504 734 615 804 agit
642 750 842 804 corpus
877 751 989 790 non
1011 750 1142 790 vero
1177 735 1451 805 reliquum
1479 733 1885 805 dirigiturgsed
1918 734 2075 803 prin-

452 856 459 863 -
504 825 735 894 cipium.
762 825 937 896 Igitur
964 835 1023 880 ut
1046 826 1282 881 membri
1318 825 1495 881 nostri
1519 834 1575 881 et
1599 825 1784 879 carnis
1814 840 1930 879 suae
1968 823 2075 877 Do-

508 923 692 977 minus
721 932 806 978 est
830 924 1083 989 verbum,
1117 923 1370 994 quamvis
1398 921 1507 976 hoc
1534 927 1699 989 caput
1722 928 1971 972 nostrum
1996 915 2078 969 in-

509 1013 806 1084 telligatur,
844 1014 1025 1069 adhuc
1067 1024 1126 1069 et
1156 1014 1293 1069 illud
1337 1029 1367 1067 a
1409 1012 1579 1067 verbo
1609 1010 1813 1065 dicitur
1845 1008 2074 1063 directa.

508 1102 626 1157 Non
650 1112 816 1174 caput
845 1103 1052 1159 Christi
1104 1103 1309 1158 dicitur
1356 1102 1522 1166 Deus,
1574 1115 1686 1154 non
1728 1113 1863 1153 vero
1911 1095 2080 1150 totius

509 1194 735 1260 Christi,
771 1212 897 1251 nam
929 1197 1100 1251 totius
1130 1197 1280 1251 illius
1307 1194 1591 1265 proprium
1640 1199 1827 1260 caput,
1880 1188 1937 1242 id
1993 1195 2081 1241 est

510 1288 777 1355 Verbum,
817 1296 874 1343 et
913 1289 1031 1359 ipse
1068 1306 1180 1344 non
1229 1288 1332 1344 sibi
1373 1287 1624 1358 imperat.
1675 1283 1733 1339 Si
1784 1296 1915 1336 vero
1939 1280 2084 1335 sicut

512 1379 653 1435 dicis
692 1381 838 1450 quod
884 1382 1122 1451 imperat
1154 1380 1386 1449 reliquo,
1421 1379 1654 1446 imperat
1704 1373 1903 1443 capiti,
1955 1387 2081 1425 cum

511 1468 722 1525 Christi
748 1480 915 1539 caput
940 1472 1086 1525 Deus
1111 1485 1234 1524 esse
1258 1470 1495 1539 dicatur,
1520 1466 1688 1537 igitur
1708 1464 1823 1518 Deo
1848 1463 2085 1530 imperat

512 1559 678 1623 Deus,
731 1571 857 1612 nam
916 1559 1134 1629 corpori
1188 1558 1437 1627 subjecto
1484 1557 1621 1618 Deo,
1654 1553 1709 1607 id
1757 1561 1841 1606 est
1862 1551 2083 1606 Christo

513 1650 638 1715 toti,
672 1655 733 1703 ut
760 1649 968 1714 dicitis,
995 1658 1051 1705 et
1081 1658 1245 1720 caput
1273 1646 1616 1719 ipsius,idest
1638 1646 1831 1709 Deum,
1866 1649 2084 1713 oportet

515 1740 791 1812 subjicere
813 1741 926 1796 Deo
960 1740 1101 1810 ipso.

1140 2013 1290 2070 CAP.
1331 2012 1472 2067 Xlll.

590 2101 648 2158 Si
676 2103 818 2158 Deus
834 2102 1077 2158 Verbum
1099 2118 1211 2157 non
1229 2111 1310 2157 est
1334 2103 1478 2156 Deus
1500 2108 1557 2154 et
1576 2098 1841 2167 Dominus
1858 2096 2085 2163 Christi,

517 2197 748 2253 evidens
760 2207 842 2252 est
861 2196 1008 2267 quod
1025 2211 1135 2251 non
1147 2205 1233 2252 est
1245 2194 1509 2264 templum
1520 2190 1614 2248 Dei
1629 2192 1797 2249 Verbi
1808 2191 2085 2247 Christus.

520 2287 577 2344 Si
610 2304 744 2343 vero
779 2288 1045 2357 templum
1079 2288 1178 2342 Dei
1204 2287 1361 2342 verbi
1411 2293 1498 2341 est
1539 2285 1721 2350 Jesus,
1775 2284 2089 2340 necessario

519 2381 669 2435 Deus
696 2380 819 2450 ejus
851 2387 908 2433 et
933 2378 1201 2434 Dominus
1222 2387 1308 2433 est
1332 2378 1480 2432 Deus
1507 2375 1771 2431 Verbum.
1802 2374 1943 2431 Caro
1972 2375 2089 2429 sola

519 2467 898 2523 habitaculum
930 2466 1120 2533 Verbi,
1152 2482 1279 2522 nam
1327 2467 1581 2523 Christus
1620 2465 1884 2535 templum
1908 2473 1990 2520 est
2010 2463 2090 2517 si-

520 2560 633 2617 mul
655 2568 711 2613 et
727 2560 872 2614 Deus
882 2558 1197 2615 habitansin
1216 2558 1419 2627 templo
1438 2574 1454 2624 ;
1472 2573 1597 2612 nam
1614 2573 1727 2612 non
1738 2558 1853 2611 sola
1876 2557 2086 2622 unctio,

520 2665 625 2706 nec
656 2659 857 2705 unctus
911 2664 1041 2705 vere
1083 2648 1365 2711 Christus,
1404 2649 1500 2703 sed
1534 2649 1724 2703 unctio
1768 2657 1824 2702 et
1853 2662 2086 2717 ungens,

520 2749 642 2796 erat
659 2755 791 2795 vero
825 2755 1040 2811 ungens
1089 2740 1405 2795 humanitas
1450 2740 1689 2805 Domini,
1734 2740 1923 2794 unctio
1955 2753 2090 2794 vero

521 2847 633 2887 non
668 2847 800 2888 sane
827 2841 911 2887 est
932 2832 1142 2903 aliquid
1174 2832 1438 2900 sensibile
1471 2832 1714 2903 proprie,
1748 2832 1844 2888 sed
1887 2832 2091 2887 divini-

522 2924 652 2979 tatis
689 2925 830 2996 ejus.
879 2924 1027 2980 Deus
1055 2924 1224 2995 igitur
1251 2934 1308 2980 et
1344 2925 1519 2994 homo.
1536 2924 1682 2979 idem
1709 2925 1981 2981 Christus.

1150 3109 1301 3166 CAP.
1337 3109 1477 3166 XIV.

595 3202 653 3257 Si
703 3202 889 3258 omnia
927 3218 1029 3273 per
1085 3202 1326 3257 Verbum
1382 3218 1491 3256 non
1530 3202 1706 3257 solum
1758 3199 1899 3255 facta
1930 3208 2080 3264 sunt,

523 3291 620 3347 sed
684 3292 844 3359 ﬁunt,
897 3293 1128 3348 evidens
1153 3301 1239 3347 est
1260 3292 1409 3362 quod
1443 3292 1602 3347 Jesus
1623 3300 1677 3346 et
1725 3291 1992 3345 Dominus
2037 3297 2093 3344 et

521 3382 777 3439 Christus
792 3399 892 3454 per
910 3384 1081 3439 Deum
1104 3383 1347 3439 Verbum
1363 3383 1600 3438 eﬂ‘ectus
1621 3391 1727 3448 est,
1757 3391 1814 3437 et
1841 3382 2089 3438 omnium

523 3487 647 3542 qua:
685 3488 786 3542 per
811 3472 1052 3541 seipsum
1080 3471 1214 3526 facit
1267 3473 1413 3527 Deus
1446 3483 1502 3527 et
1528 3472 1794 3528 Dominus
1833 3482 1919 3528 est
1957 3474 2093 3528 Ver-

525 3563 679 3617 bum.
714 3561 773 3618 Si
822 3562 992 3633 igitur
1043 3563 1313 3618 Dominus
1342 3561 2090 3629 etChristus,sieutdicitur,

522 3654 702 3710 factus
723 3662 807 3710 est
827 3670 858 3709 a
875 3656 1010 3725 Deo,
1031 3654 1212 3721 Iesus,
1234 3655 1511 3724 quomodo
1532 3654 1714 3711 adhuc
1727 3671 1760 3710 a
1780 3656 1893 3710 Deo
1911 3654 2090 3710 domi-

524 3748 733 3803 natur?
758 3748 879 3803 Non
898 3747 1041 3803 enim
1079 3748 1349 3803 catholice
1393 3747 1559 3817 potiri
1597 3746 1744 3802 omni
1783 3746 2093 3801 substantia

525 3839 596 3892 ad
635 3849 888 3893 naturam
935 3853 1092 3894 suam
1144 3846 1432 3910 spectante
1459 3878 1475 3904 ,
1518 3837 1742 3892 videtur
1785 3835 2095 3907 signiﬁcare

526 3931 677 3987 aliud
727 3932 873 3987 sicut
927 3931 1290 4003 intelligimus
1342 3931 1569 4002 preprie
1606 3930 1675 3986 de
1711 3929 1946 3985 Domino
1990 3931 2097 3985 Do-

527 4022 686 4088 mini,
743 4021 812 4076 ad
866 4038 1032 4092 quem
1096 4021 1338 4087 dicitur,
1389 4018 1538 4091 quod
1591 4018 1778 4075 omnia
1838 4018 1918 4072 illi
1982 4017 2099 4074 sint

527 4109 813 4181 subjecta;
847 4112 893 4164 si
936 4124 1069 4164 vero
1122 4109 1251 4178 quia
1305 4107 1636 4178 quibusdam
1686 4107 1931 4177 potitur,
1982 4122 2096 4160 non

528 4199 697 4270 igitur
729 4198 988 4254 omnibus
1021 4198 1168 4253 circa
1219 4198 1401 4268 ipsum
1438 4203 1499 4252 ut
1546 4196 1713 4262 Deus,
1742 4197 1849 4253 hoc
1888 4196 2094 4253 dicitur

529 4289 708 4360 ipsum
735 4288 940 4343 factum
963 4305 1087 4344 esse
1113 4296 1171 4344 et
1201 4289 1411 4345 Pilatus
1451 4297 1508 4344 et
1554 4287 1803 4344 Herodes
1839 4297 1989 4344 certe
2038 4295 2100 4343 ut

527 4397 595 4435 ex
623 4388 777 4450 parte
808 4379 941 4435 tales
972 4387 1132 4435 erant
1168 4379 1406 4445 Domini,
1446 4388 1503 4434 et
1524 4378 1655 4434 facti
1711 4389 1839 4435 sunt
1872 4396 1903 4434 a
1939 4380 2094 4448 Deo;

2175 548 2341 600 ἐστιν’
2373 541 2441 617 ἧς
2485 545 2533 597 εἰ
2574 542 2650 615 μὴ
2684 545 2924 614 μετέχει,
2956 541 3066 595 οὐδ’
3100 540 3211 611 ἄρα.
3241 536 3485 606 κεφαλή
3524 539 3700 593 ἐστιν,
3728 537 3789 594 ἐς

2179 638 2315 708 μηδὲ
2346 636 2692 707 ἠγεμονοῦσσι
2746 633 2931 688 λοιπὸν
2979 633 3100 686 καθ’
3128 632 3329 701 αὐτήν·
3374 632 3431 682 εἰ
3464 628 3535 681 δὲ
3588 628 3788 697 μετέχει

2174 729 2270 782 τοῦ
2323 728 2600 789 κινοῦντος
2622 727 2720 780 καὶ
2742 727 2969 794 ἄγοντος
3013 725 3076 777 τὺ
3131 724 3325 792 σῶμα,
3361 719 3490 773 οὒδ⁴
3526 720 3647 788 ἄρα.
3692 719 3787 770 λοι-

2177 819 2279 872 πὺν
2316 819 2807 889 ἡγεμονευόμενον,
2828 816 2967 870 ἀλλὰ
2994 815 3160 886 ἄρχον
3209 812 3394 867 ἐστίν·
3462 810 3680 864 οὐκοῦν
3732 811 3789 871 ἐς

2180 911 2376 981 μέλους
2409 910 2506 980 μὲν
2534 908 2692 981 ἡμῶν
2730 906 2896 978 οὔσης
2926 908 3018 961 καὶ
3045 909 3143 977 τῆς
3189 907 3412 977 σαρκὸς
3448 905 3668 958 ἑαυτοῦ
3694 906 3787 955 ιιι-

2180 1018 2294 1074 ριος
2328 1003 2356 1055 6
2400 1002 2605 1068 Λόγος,
2660 1000 2709 1052 εἰ
2756 1001 2852 1054 καὶ
2900 1001 3106 1069 ταύτης
3154 1000 3257 1069 τῆς
3327 997 3609 1067 κεφαλῆς
3655 997 3788 1064 ἡμεῖςν

2180 1092 2495 1162 νοουμένης,
2526 1092 2619 1144 ἐπὶ
2645 1092 2738 1144 καὶ
2764 1092 2905 1160 αὑτὴ
2965 1090 3058 1144 ὑπ’
3079 1089 3246 1145 αὑτοῦ
3291 1090 3571 1156 λέγεται.⁸
3603 1088 3786 1157 nauli;

2181 1184 2291 1256 γὰρ
2337 1186 2433 1238 καὶ
2468 1182 2710 1256 Χριστοῦ
2765 1185 2793 1236 6
2817 1183 2951 1248 Θεὸς
3003 1184 3243 1254 εἴρηταιο
3278 1184 3352 1235 o6
3388 1183 3513 1251 μὴν
3542 1182 3643 1232 zz’:
3684 1183 3785 1232 διεδ

2183 1275 2441 1346 Χριστοῦ
2470 1275 2564 1328 τοῦ
2603 1275 2711 1346 γὰρ
2739 1275 2862 1329 ὅλου
2888 1276 2983 1327 καὶ
3019 1276 3051 1343 ή
3084 1273 3304 1343 κεφαλὴ
3352 1273 3541 1342 αὕτη,
3582 1275 3787 1342 faena

2184 1366 2378 1432 Λόγοςο
2423 1365 2515 1418 καὶ
2565 1365 2728 1427 αὐτὸς
2787 1363 2985 1416 ἑαυτοῦ
3030 1367 3091 1416 ού
3127 1362 3426 1424 δεσπόζει·
3461 1364 3517 1415 εὶ
3552 1362 3613 1414 δὲ
3668 1362 3787 1413 κσῦὲι

2186 1454 2291 1525 φὴς
2318 1456 2380 1509 τὸ
2403 1454 2664 1520 δεσπόζον
2712 1455 2807 1508 τοῦ
2837 1453 3052 1517 λοιποῦ,
3105 1454 3205 1507 καὶ
3251 1457 3365 1524 τῆς
3408 1453 3787 1535 κεφαλῆςβε-

2188 1547 2398 1613 σπόζει,
2441 1547 2565 1600 ἐπεὶ
2600 1546 2836 1619 Χριστοῦ
2871 1547 3083 1616 κεφαλὴ
3112 1548 3141 1598 6
3171 1545 3316 1608 Θεὸς
3367 1542 3522 1598 εἶναι
3571 1545 3785 1616 ἐρρήθη,

2185 1636 2294 1708 ἄρα
2323 1639 2416 1692 καὶ
2442 1638 2538 1692 τοῦ
2573 1639 2709 1693 Θεοῦ
2757 1639 3006 1704 δεσπόζει
3048 1641 3078 1692 6
3111 1639 3272 1700 Θεός·
3312 1638 3425 1690 τοῦ
3454 1638 3573 1707 γὰρ
3616 1638 3785 1707 σῶμα·

2184 1745 2278 1791 τος
2306 1730 2747 1801 ὑποτεταγμένου
2787 1730 2863 1800 τῷ
2883 1728 3004 1799 Θεῷ
3036 1731 3210 1800 ἧγουν
3248 1729 3518 1800 Χριστοῦ
3544 1731 3693 1793 ὅλου,
3723 1728 3787 1791 ἐς

2118 1809 2161 1865 Β
2194 1843 2357 1895 φατε,
2393 1825 2489 1878 καὶ
2520 1823 2618 1894 τὴν
2663 1822 2905 1893 κεφαλὴν
2937 1821 3126 1888 αὐτοῦ,
3155 1822 3341 1893 ἤγουν
3375 1822 3480 1876 τὸν
3515 1822 3670 1887 Θεὸν,
3718 1821 3789 1875 δεῖ

2191 1916 2510 1971 ὑποκεῖσθαι
2534 1915 2614 1986 τῷ
2656 1915 2807 1985 αύτῷ
2835 1914 2977 1985 Θεῷ.

2700 2036 2705 2042 -
2816 2004 3072 2059 ΚΕΦΛΛ.
3096 2004 3198 2058 ΙΡ.

2268 2101 2331 2152 Εἰ
2362 2099 2435 2170 μὴ
2460 2099 2591 2160 Θεὸς
2606 2099 2701 2151 καὶ
2720 2096 2988 2165 δεσπότης
3005 2094 3102 2148 τοῦ
3123 2093 3387 2164 Χριστοῦ
3410 2096 3444 2149 6
3458 2094 3593 2157 Θεὸς
3612 2095 3785 2160 Λόγος,

2176 2191 2350 2263 «δῆλον
2374 2192 2458 2245 ὅτι
2506 2190 2630 2244 οὐδὲ
2655 2188 2784 2253 ναὸς
2816 2187 2911 2242 τοῦ
2936 2186 3076 2239 Θεοῦ
3103 2187 3289 2251 Λόγου
3316 2187 3357 2239 ὁ
3382 2187 3651 2256 Χριστός·
3676 2186 3720 2237 ει
3738 2184 3786 2237 εξ

2190 2285 2316 2348 ναὸς
2366 2283 2463 2336 τοῦ
2509 2281 2647 2336 Θεοῦ
2695 2281 2870 2349 Λόγου
2907 2275 2992 2351 ᾖὸ
3035 2276 3275 2348 Ἰησοῦς,
3302 2277 3372 2345 ἐξ
3423 2279 3675 2348 ἀνάγκης
3702 2276 3782 2330 111

2187 2376 2320 2441 Θεὸς
2341 2373 2505 2429 αὐτοῦ
2536 2374 2630 2428 καὶ
2683 2372 2946 2442 δεσπότης
2973 2373 3004 2424 6
3030 2369 3165 2433 Θεὸς
3187 2370 3406 2437 Λόγος.
3439 2369 3514 2424 Ἦ
3540 2368 3677 2440 σὰρξ
3702 2369 3785 2435 μέγα

2189 2480 2256 2532 νη
2290 2464 2416 2527 ναὸς
2473 2461 2565 2515 τοῦ
2604 2460 2801 2528 Λόγουο
2852 2462 2881 2515 6
2912 2458 3022 2531 γὰρ
3070 2460 3317 2531 Χριστὸς
3364 2461 3509 2524 ναὸς
3541 2461 3659 2528 ἅμα
3706 2460 3781 2510 ni

2189 2553 2323 2616 Θεὸς
2346 2552 2570 2607 ὲνοικῶν
2595 2550 2673 2622 τῷ
2710 2550 2825 2620 ναῷ
2852 2553 3020 2604 ἐστιν·
3048 2549 3173 2604 οὔτε
3206 2551 3329 2619 γὰρ
3375 2553 3598 2623 χρίσμα
3626 2551 3779 2619 μὲνιτ,

2189 2642 2315 2698 οὔτε
2363 2642 2796 2714 χρισθησόμενον
2844 2644 2873 2696 6
2909 2641 3148 2713 Χριστὸς
3208 2641 3483 2711 611136564,
3681 2643 3779 2710 χρε-

2193 2753 2305 2808 σμα
2363 2735 2459 2790 καὶ
2503 2736 2533 2789 6
2570 2733 2855 2805 χρισθεῖς’
2891 2729 2959 2805 ἦν
2978 2733 3035 2788 δὲ
3089 2731 3153 2785 τὸ
3186 2732 3295 2802 μὲν
3328 2734 3569 2805 χρισθὲν
3603 2734 3663 2785 1:6
3690 2737 3781 2789 ἀντ

2193 2826 2464 2897 θρώπινον
2491 2826 2585 2880 τοῦ
2632 2826 2862 2898 Κυρίοψ
2895 2827 2959 2878 1:6
2986 2824 3044 2878 δὲ
3096 2824 3343 2896 χρίσμα.
3397 2828 3513 2881 οὐκ
3556 2824 3777 2892 αἰσθητὴ

2190 2918 2388 2990 δηλαδή
2417 2936 2472 2973 τι
2503 2919 2662 2986 ὅλως,
2692 2917 2830 2973 ἀλλὰ
2855 2917 2917 2971 τδ
2945 2918 3102 2973 Θετον
3148 2918 3348 2974 αὐτοῦ’
3403 2920 3553 2984 Θεὸς
3572 2920 3677 2990 ἄρα
3700 2917 3778 2970 ut

2192 3010 2478 3079 ἄνθρωπος
2506 3013 2534 3064 6
2570 3010 2732 3073 αὐτὸς
2766 3011 3021 3081 Χριστός.

2757 3102 3011 3156 ΚΕΦΑΛ.
3042 3100 3138 3155 ΙΔ’.

2267 3193 2330 3246 Εἰ
2362 3192 2538 3246 πάντα
2588 3193 2675 3248 διὰ
2702 3192 2795 3247 τοῦ
2857 3193 3031 3260 Λόγου
3065 3193 3124 3245 οὐ
3177 3193 3347 3261 μόνον
3384 3196 3641 3262 γέγονεν.
3668 3196 3779 3249 illi

2195 3287 2293 3342 καὶ
2340 3287 2585 3356 γίνεται,
2633 3286 2791 3357 δῆλον
2827 3286 2909 3339 ὅτι
2968 3285 3063 3338 καὶ
3090 3287 3119 3338 6
3162 3285 3386 3354 Ἰησοῦς
3446 3289 3551 3341 καὶ
3598 3289 3777 3358 Κύμης

2196 3381 2293 3434 καὶ
2319 3380 2553 3451 Χριστὸς
2578 3377 2667 3431 διὰ
2698 3378 2791 3431 τοῦ
2822 3376 2959 3430 Θεοῦ
2986 3376 3163 3445 Λόγου
3209 3378 3473 3446 ἐγένετο·
3500 3381 3709 3433 πάντων
3731 3379 3777 3431 ἃ

2193 3471 2303 3527 τῶν
2335 3471 2403 3524 δι’
2428 3469 2612 3535 αὐτοῦ,
2643 3469 2776 3532 Θεὸς
2835 3469 2931 3522 καὶ
2960 3468 3241 3538 Δεσπότης
3269 3471 3301 3522 6
3350 3471 3565 3538 Λόγος.
3618 3472 3681 3524 Εἰ
3702 3465 3779 3522 οὖν

2194 3564 2261 3637 δὴ
2311 3563 2519 3635 Κύριος
2569 3564 2664 3616 καὶ
2707 3562 2941 3633 Χριστὸς
2967 3601 2984 3624 ,
3037 3560 3220 3623 καθὼς
3256 3562 3516 3632 εἴρηται,
3573 3563 3778 3633 ἐποιήθη

2196 3654 2301 3708 61:6
2323 3653 2415 3707 τοῦ
2444 3652 2604 3720 Θεοῦ,
2622 3654 2650 3705 6
2678 3650 2903 3721 Ἰησοῦς,
2929 3651 3046 3714 πῶς
3068 3650 3148 3704 ἐτι
3171 3650 3278 3704 ὑπὸ
3306 3651 3409 3704 τοῦ
3440 3652 3586 3707 Θεοῦ
3607 3653 3780 3709 augi-

2197 3745 2352 3810 ζεται
2380 3745 2495 3812 ;Οὑ
2517 3743 2626 3814 γὰρ
2653 3742 2956 3805 καθολικῶς
2982 3742 3042 3795 τὸ
3063 3741 3343 3810 κυριεύειν
3369 3742 3680 3815 πάσηςτῆς
3700 3760 3783 3795 :1-

2198 3836 2269 3908 ρὰ
2292 3837 2392 3906 τὴν
2417 3834 2578 3904 φύσιν
2625 3833 2791 3889 αὐτοῦ
2842 3833 3028 3895 οὐσίας
3055 3831 3192 3902 ἔχων
3211 3832 3415 3902 ὁρᾶται
3449 3832 3665 3898 λοιπὸν,
3688 3832 3779 3884 ὦσ-

2196 3945 2303 3999 περ
2331 3927 2557 3998 νοοῦμεν
2586 3926 2679 3979 ἐπὶ
2696 3924 2790 3978 τοῦ
2815 3924 3019 3995 κυρίως
3051 3923 3255 3994 Κυρίου
3292 3924 3441 3995 πρὸς
3461 3926 3527 3979 ὃν
3557 3926 3776 3997 εἷρητιε,

2203 4018 2328 4072 Ὅτι
2360 4016 2430 4070 τὰ
2461 4017 2755 4087 σύμπαντα.
2778 4013 2942 4068 δοῦλα
2955 4014 3042 4066 σάσ
3070 4013 3190 4066 εἰδὲ
3211 4014 3297 4068 ὅτι
3321 4015 3501 4067 τινιῖιν
3531 4015 3777 4087 κυριεύει,

2198 4111 2259 4165 οὐ
2294 4110 2400 4182 μὴν
2434 4109 2531 4163 καὶ
2574 4107 2792 4161 πάντων
2820 4105 2929 4159 τῶν
2956 4106 3090 4177 παρ’
3122 4104 3289 4159 αὐτὸν
3346 4105 3560 4178 ὥσπερ
3581 4111 3613 4161 6
3645 4108 3777 4167 Θεὸς,

2198 4200 2355 4255 τοῦτο
2396 4200 2613 4272 εἴρηται
2648 4198 2743 4252 καὶ
2775 4197 2938 4260 αὐτὸς
2969 4196 3242 4266 γενέσθαι,
3278 4197 3379 4251 καὶ
3430 4199 3677 4264 uasta;
3704 4198 3779 4250 ni

2205 4290 2458 4361 -Ἧρώδης
2504 4291 2634 4360 ἄρα,
2678 4289 2756 4352 ὡς
2808 4289 2874 4341 ὲκ
2916 4289 3118 4358 μέρους
3156 4287 3355 4341 τοιοίδε
3417 4288 3619 4357 κύριοί
3670 4290 3775 4345 sim

2201 4385 2296 4438 καὶ
2340 4383 2567 4453 γέγοναν
2616 4380 2722 4434 ὑπὸ
2755 4379 2913 4434 Θεοῦ·
2946 4379 3027 4434 ἔτι
3068 4379 3176 4450 μὴν
3229 4380 3279 4431 ει
3314 4378 3392 4449 μὴ
3425 4381 3582 4433 κατὰ
3614 4379 3776 4432 τούσεί

528 4471 712 4527 adhuc
748 4472 915 4543 igitur
961 4471 1007 4525 si
1044 4488 1153 4526 non
1192 4470 1496 4527 secundum
1548 4472 1649 4527 hos
1694 4471 1811 4542 ipse
1864 4472 2090 4543 quadam

2204 4474 2306 4526 καὶ
2340 4473 2506 4536 αὐτὸς
2531 4471 2661 4544 ἀξίᾳ
2692 4472 2803 4525 τινὶ
2841 4471 2940 4526 καὶ
2980 4469 3329 4534 meum“;
3352 4470 3530 4525 ἔλαϐε
3574 4474 3676 4542 τὴν
3697 4488 3775 4522 ιο·

528 4562 795 4632 dignitate
822 4570 878 4615 et
914 4561 1156 4633 globulis
1182 4563 1397 4632 accepit
1439 4563 1869 4619 dominationem
1919 4566 2097 4621 factus

529 4654 798 4709 Dominus
823 4653 1113 4708 evidenter
1148 4654 1453 4709 secundum
1487 4656 1763 4710 actionem
1804 4657 1922 4727 ejus
1944 4697 1957 4722 ,
2002 4673 2101 4712 na-

532 4754 710 4798 turam
756 4743 929 4813 ipsam
960 4744 1122 4797 aDeo
1156 4752 1216 4796 ut
1268 4744 1499 4798 domino
1559 4754 1619 4798 ut
1670 4746 1883 4800 dixerat
1919 4747 2098 4802 factus

531 4838 587 4893 in
635 4835 987 4892 institutione
1030 4835 1313 4891 Dominus
1355 4845 1442 4891 est
1492 4837 1761 4904 omnium,
1810 4840 2098 4895 evidenter

531 4932 655 4986 sine
679 4928 774 4984 illo
795 4928 889 4998 qui
907 4928 958 4983 ei
981 4926 1166 4983 omnia
1192 4927 1437 4999 subjicit.
1460 4927 1518 4982 Si
1550 4943 1682 4983 vero
1715 4944 1827 4985 non
1859 4929 1987 4985 licet
2010 4929 2098 4985 in-

530 5021 779 5077 vincibili
802 5020 1162 5075 dominationi
1186 5021 1362 5076 creari
1385 5036 1660 5092 quemque
1691 5021 1747 5077 in
1773 5023 2094 5093 Dominum,

530 5114 759 5170 evidens
793 5121 877 5169 est
909 5113 1056 5183 quod
1085 5112 1388 5183 judicando
1428 5121 1681 5167 naturam
1720 5113 2096 5171 dominantem

531 5207 710 5262 factus
760 5213 847 5260 est
889 5205 945 5259 in
990 5212 1243 5259 naturam
1276 5204 1780 5274 supervenientem,
1833 5205 2100 5262 Dominus-

530 5306 618 5353 est
641 5311 775 5351 vero
802 5296 906 5351 iste
961 5295 1142 5352 Jesus.
1179 5294 1312 5362 Qua:
1337 5310 1468 5365 ergo
1499 5296 1806 5351 substantia
1838 5307 1926 5352 est
1955 5297 2102 5368 play--

530 5390 646 5445 sica
716 5388 1008 5444 dominans
1074 5387 1299 5443 omnia?
1370 5388 1585 5454 Divina,
1663 5389 2100 5445 evidentissime.

531 5477 677 5547 Quid
736 5494 868 5550 ergo
913 5479 981 5534 de
1030 5478 1164 5533 illo?
1193 5478 1255 5533 in
1290 5478 1477 5534 Jesum
1527 5480 1829 5535 concilians
1877 5488 2100 5536 creatur

534 5570 656 5638 ejus
697 5570 963 5625 Verbum.
1017 5569 1214 5638 Seipso
1265 5568 1433 5639 igitur
1492 5570 1786 5639 acquirens
1835 5571 1992 5625 illum
2044 5578 2100 5625 et

540 5663 909 5716 comraturalis
946 5662 996 5715 ei
1027 5678 1094 5716 ex
1139 5662 1422 5717 creatione
1450 5660 1581 5716 fecit
1612 5662 1765 5717 illum
1805 5663 2098 5717 Dominum

542 5758 666 5800 vere
688 5762 783 5812 per
797 5750 1059 5818 seipsum;
1086 5749 1509 5820 participatione
1534 5750 1701 5822 igitur
1729 5750 1894 5808 Verbi
1921 5750 2096 5820 ipsius

2201 4567 2427 4637 ριότητα
2456 4565 2703 4635 ποιηθεὶς
2750 4564 2978 4634 Κύριος,
3011 4564 3170 4636 δῆλον
3201 4563 3277 4626 ὡς
3306 4563 3461 4618 κατὰ
3508 4565 3614 4634 τὴν
3638 4564 3775 4629 ποίε-

2205 4674 2291 4709 σιν
2322 4654 2513 4720 αὑτοῦ,
2564 4655 2665 4726 τὴν
2697 4654 2861 4724 φύσιν
2895 4655 3073 4726 αὐτὴν
3118 4653 3223 4707 ὑπὸ
3270 4654 3373 4707 τοῦ
3423 4654 3571 4709 Θεοῦ
3600 4672 3774 4726 ιυρισ-

2199 4746 2334 4813 κῶς,
2362 4747 2438 4811 ὡς
2489 4748 2686 4811 εἰπεῖν,
2719 4745 2966 4816 ποιηθεὶς
2991 4746 3049 4798 ὲν
3085 4744 3165 4816 τῷ
3220 4743 3536 4808 “iaceat,
3592 4744 3776 4816 Κύριές

2202 4841 2319 4893 ἐστι
2350 4838 2591 4906 πάντων,
2622 4838 2864 4909 δηλονότι
2896 4837 3062 4908 χωρὶς
3094 4835 3190 4890 τοῦ
3235 4836 3621 4904 ὑποτάξαντος
3648 4836 3777 4904 αὐτῷ

2198 4931 2268 4986 τὰ
2309 4931 2511 4985 πάνταο
2566 4932 2614 4983 ei
2675 4930 2733 4984 δὲ
2785 4931 2846 4984 οὐ
2902 4929 3059 4999 θέμις
3102 4929 3472 5000 ἀνυποστάτῳ
3511 4933 3773 5002 stupida-ge:

2197 5024 2493 5078 οὐσιῶσθαι
2525 5040 2649 5077 τινα
2692 5024 2853 5093 φύσει
2900 5023 2982 5085 εἰς
3008 5019 3236 5092 Κύριον,
3266 5020 3429 5091 δῆλον
3462 5022 3548 5086 ὡς
3595 5024 3775 5081 ἐνδόσει

2198 5116 2559 5188 κυριευούσης
2600 5115 2820 5185 φύσεως
2868 5116 2949 5178 εἰς
2975 5114 3074 5186 τὴν
3103 5113 3402 5185 γενομένην
3434 5115 3611 5184 φύσιν
3637 5115 3772 5183 γεγέ-

2199 5225 2356 5279 νηται
2414 5207 2535 5275 μὲν,
2582 5207 2789 5278 Κύριος
2832 5206 2891 5259 δέ
2927 5207 3075 5258 ἐστιν
3106 5206 3136 5258 6
3174 5204 3385 5274 Ἰησοῦς
3414 5199 3606 5271 οὗτος·
3632 5209 3709 5269 τίς
3730 5205 3771 5256 ἃ

2197 5301 2232 5371 η
2261 5298 2593 5369 κυριεύουσα
2643 5298 2860 5351 πάντων
2894 5297 3145 5367 φυσικῶς
3195 5297 3354 5351 οὐσία
3382 5315 3399 5361 ;
3424 5299 3466 5369 ἡ
3495 5299 3622 5353 θεία
3659 5316 3771 5368 προς

2199 5390 2396 5461 δήλως·
2440 5390 2642 5458 ταύτης
2686 5390 2821 5443 δέτι
2858 5406 2873 5455 ;
2924 5391 2997 5443 T6
3045 5392 3125 5452 εἰς
3187 5390 3278 5442 τὸν
3326 5391 3549 5460 Ἰησοῦν
3592 5392 3769 5445 titia-

2203 5484 2302 5552 μόν
2326 5478 2443 5537 ἐστι
2466 5524 2481 5549 ,
2513 5488 2541 5538 6
2567 5485 2792 5553 κτίστης
2813 5481 2981 5536 αὑτοῦ
3035 5484 3227 5550 Λόγος·
3258 5482 3439 5553 ἐαυτῷ
3475 5485 3595 5556 γὰρ
3638 5500 3767 5549 sapt.

2199 5574 2393 5638 κτίσας
2420 5575 2602 5643 αὐτὸν,
2633 5576 2729 5629 καὶ
2760 5575 2979 5644 συμφὺς
3025 5574 3162 5644 τῷδε
3190 5574 3285 5627 ἀπ’
3313 5574 3493 5644 αὐτῆς
3526 5579 3769 5641 ποιήσεως

2200 5662 2365 5715 αὑτοῦ
2402 5680 2414 5694 ⁸
2454 5663 2658 5733 Κύριον
2710 5662 2877 5716 αὐτὸν
2929 5662 3098 5725 ὅντως
3162 5661 3228 5713 δι’
3280 5664 3481 5717 ἑαυτοῦ

2161 5799 2183 5812 ,
2200 5756 2264 5824 τῇ
2300 5754 2514 5825 μεθέξει
2546 5754 2638 5808 οῦν
2661 5753 2827 5808 αὑτοῦ
2848 5752 2941 5808 τοῦ
2961 5754 3136 5821 Λόγου
3166 5755 3256 5807 καὶ
3277 5756 3336 5807 ὲν
3350 5755 3524 5827 ἀὐτῷ
3549 5755 3760 5826 γεγονὼς
