  <div class='ocr_page' id='page_1' title='image "/cluster/home/n/w/nwhite01/storage/ocr_20150623/86 pars.1/pst.000005712878/912.png"; bbox 0 0 3908 6306; ppageno 0'>
   <div class='ocr_carea' id='block_1_1' title="bbox 119 267 252 340">
    <p class='ocr_par' dir='ltr' id='par_1_1' title="bbox 119 267 252 340">
     <span class='ocr_line' id='line_1_1' title="bbox 119 267 252 340; baseline -0.015 0"><span class='ocrx_word' id='word_1_1' title='bbox 119 267 252 340; x_wconf 72' lang='grc'><strong>1737</strong></span> 
     </span>
    </p>
   </div>
   <div class='ocr_carea' id='block_1_2' title="bbox 1065 264 2421 336">
    <p class='ocr_par' dir='ltr' id='par_1_2' title="bbox 1065 264 2421 336">
     <span class='ocr_line' id='line_1_2' title="bbox 1065 264 2421 336; baseline 0.006 -8"><span class='ocrx_word' id='word_1_2' title='bbox 1065 267 1462 331; x_wconf 72' lang='lat' dir='ltr'><strong>ADVERSUS</strong></span> <span class='ocrx_word' id='word_1_3' title='bbox 1499 264 2048 333; x_wconf 76' lang='lat' dir='ltr'><strong>NESTORIANOS.</strong></span> <span class='ocrx_word' id='word_1_4' title='bbox 2081 272 2312 335; x_wconf 75' lang='lat' dir='ltr'><strong>-I.IB.</strong></span> <span class='ocrx_word' id='word_1_5' title='bbox 2354 275 2421 336; x_wconf 75' lang='grc' dir='ltr'>ν.</span> 
     </span>
    </p>
   </div>
   <div class='ocr_carea' id='block_1_3' title="bbox 3251 272 3389 338">
    <p class='ocr_par' dir='ltr' id='par_1_3' title="bbox 3251 272 3389 338">
     <span class='ocr_line' id='line_1_3' title="bbox 3251 272 3389 338; baseline -0.022 0"><span class='ocrx_word' id='word_1_6' title='bbox 3251 272 3389 338; x_wconf 72' lang='lat' dir='ltr'><strong>173R</strong></span> 
     </span>
    </p>
   </div>
   <div class='ocr_carea' id='block_1_4' title="bbox 119 378 1705 457">
    <p class='ocr_par' dir='ltr' id='par_1_4' title="bbox 119 378 1705 454">
     <span class='ocr_line' id='line_1_4' title="bbox 119 378 1705 454; baseline -0.009 -12"><span class='ocrx_word' id='word_1_7' title='bbox 119 378 210 443; x_wconf 75' lang='grc' dir='ltr'>καὶ</span> <span class='ocrx_word' id='word_1_8' title='bbox 238 386 332 450; x_wconf 82' lang='grc' dir='ltr'>ὢν,</span> <span class='ocrx_word' id='word_1_9' title='bbox 385 382 588 454; x_wconf 84' lang='grc' dir='ltr'>Κύριος</span> <span class='ocrx_word' id='word_1_10' title='bbox 627 383 655 436; x_wconf 99' lang='lat'><strong>6</strong></span> <span class='ocrx_word' id='word_1_11' title='bbox 693 381 923 453; x_wconf 73' lang='grc' dir='ltr'>Ἰησοῦς,</span> <span class='ocrx_word' id='word_1_12' title='bbox 958 380 1076 445; x_wconf 79' lang='grc' dir='ltr'><strong>πῶς</strong></span> <span class='ocrx_word' id='word_1_13' title='bbox 1107 382 1172 434; x_wconf 77' lang='grc' dir='ltr'>ἂν</span> <span class='ocrx_word' id='word_1_14' title='bbox 1224 380 1311 451; x_wconf 73' lang='grc' dir='ltr'>εἴη</span> <span class='ocrx_word' id='word_1_15' title='bbox 1342 379 1418 445; x_wconf 78' lang='grc' dir='ltr'>ὡς</span> <span class='ocrx_word' id='word_1_16' title='bbox 1467 381 1705 451; x_wconf 73' lang='grc' dir='ltr'>γεγονὼς</span> 
     </span>
    </p>
   </div>
   <div class='ocr_carea' id='block_1_5' title="bbox 1815 378 3398 457">
    <p class='ocr_par' dir='ltr' id='par_1_5' title="bbox 1815 385 3398 457">
     <span class='ocr_line' id='line_1_5' title="bbox 1815 385 3398 457; baseline 0.003 -18"><span class='ocrx_word' id='word_1_17' title='bbox 1815 394 1864 441; x_wconf 83' lang='grc' dir='ltr'><strong>ει</strong></span> <span class='ocrx_word' id='word_1_18' title='bbox 1897 385 2075 441; x_wconf 78' lang='lat' dir='ltr'><strong>factus</strong></span> <span class='ocrx_word' id='word_1_19' title='bbox 2094 394 2155 441; x_wconf 87' lang='lat' dir='ltr'><strong>et</strong></span> <span class='ocrx_word' id='word_1_20' title='bbox 2180 386 2455 442; x_wconf 82' lang='lat' dir='ltr'><strong>exsistens</strong></span> <span class='ocrx_word' id='word_1_21' title='bbox 2476 386 2743 443; x_wconf 87' lang='lat' dir='ltr'><strong>Dominus</strong></span> <span class='ocrx_word' id='word_1_22' title='bbox 2766 386 2948 449; x_wconf 85' lang='lat' dir='ltr'><strong>Jesus.</strong></span> <span class='ocrx_word' id='word_1_23' title='bbox 2984 387 3265 457; x_wconf 89' lang='lat' dir='ltr'><strong>quomodo</strong></span> <span class='ocrx_word' id='word_1_24' title='bbox 3297 387 3398 444; x_wconf 81' lang='lat' dir='ltr'><strong>lie-</strong></span> 
     </span>
    </p>
   </div>
   <div class='ocr_carea' id='block_1_6' title="bbox 115 472 1705 544">
    <p class='ocr_par' dir='ltr' id='par_1_6' title="bbox 115 472 1705 544">
     <span class='ocr_line' id='line_1_6' title="bbox 115 472 1705 544; baseline -0.004 -11"><span class='ocrx_word' id='word_1_25' title='bbox 115 480 206 533; x_wconf 79' lang='grc' dir='ltr'><strong>ὑπ’</strong></span> <span class='ocrx_word' id='word_1_26' title='bbox 262 478 448 540; x_wconf 79' lang='grc' dir='ltr'>αὐτου,</span> <span class='ocrx_word' id='word_1_27' title='bbox 489 474 674 538; x_wconf 76' lang='grc' dir='ltr'>δοῦλος</span> <span class='ocrx_word' id='word_1_28' title='bbox 742 473 837 528; x_wconf 78' lang='grc' dir='ltr'>τοῦ</span> <span class='ocrx_word' id='word_1_29' title='bbox 879 473 1242 543; x_wconf 77' lang='grc' dir='ltr'><strong>πεποιηκότος</strong></span> <span class='ocrx_word' id='word_1_30' title='bbox 1288 472 1452 526; x_wconf 73' lang='grc' dir='ltr'>αὑτὸν</span> <span class='ocrx_word' id='word_1_31' title='bbox 1501 472 1705 544; x_wconf 70' lang='grc' dir='ltr'>Κύριον</span> 
     </span>
    </p>
   </div>
   <div class='ocr_carea' id='block_1_7' title="bbox 118 560 1708 641">
    <p class='ocr_par' dir='ltr' id='par_1_7' title="bbox 118 560 1708 641">
     <span class='ocr_line' id='line_1_7' title="bbox 118 560 1708 641; baseline -0.003 -18"><span class='ocrx_word' id='word_1_32' title='bbox 118 574 193 635; x_wconf 77' lang='grc' dir='ltr'><strong>ὡς</strong></span> <span class='ocrx_word' id='word_1_33' title='bbox 237 569 453 641; x_wconf 80' lang='grc' dir='ltr'>ποίημα</span> <span class='ocrx_word' id='word_1_34' title='bbox 495 567 683 621; x_wconf 77' lang='grc' dir='ltr'>λοιπόν</span> <span class='ocrx_word' id='word_1_35' title='bbox 715 585 730 633; x_wconf 90' lang='grc'><strong>;</strong></span> <span class='ocrx_word' id='word_1_36' title='bbox 762 565 825 620; x_wconf 79' lang='grc' dir='ltr'><strong>ΕΞ</strong></span> <span class='ocrx_word' id='word_1_37' title='bbox 850 565 958 638; x_wconf 70' lang='grc' dir='ltr'>γὰρ</span> <span class='ocrx_word' id='word_1_38' title='bbox 1010 565 1072 618; x_wconf 84' lang='grc' dir='ltr'><strong>τὸ</strong></span> <span class='ocrx_word' id='word_1_39' title='bbox 1134 563 1341 634; x_wconf 77' lang='grc' dir='ltr'><strong>Κύριον</strong></span> <span class='ocrx_word' id='word_1_40' title='bbox 1370 560 1512 616; x_wconf 75' lang='grc' dir='ltr'>εἶναι</span> <span class='ocrx_word' id='word_1_41' title='bbox 1544 564 1708 618; x_wconf 77' lang='grc' dir='ltr'>αὑτὸν</span> 
     </span>
    </p>
   </div>
   <div class='ocr_carea' id='block_1_8' title="bbox 121 652 1708 733">
    <p class='ocr_par' dir='ltr' id='par_1_8' title="bbox 121 652 1708 733">
     <span class='ocr_line' id='line_1_8' title="bbox 121 652 1708 733; baseline -0.004 -17"><span class='ocrx_word' id='word_1_42' title='bbox 121 662 402 733; x_wconf 82' lang='grc' dir='ltr'>ἀναιρεθῇ,</span> <span class='ocrx_word' id='word_1_43' title='bbox 443 660 540 720; x_wconf 74' lang='grc' dir='ltr'>καὶ</span> <span class='ocrx_word' id='word_1_44' title='bbox 566 661 626 714; x_wconf 85' lang='grc' dir='ltr'><strong>τὸ</strong></span> <span class='ocrx_word' id='word_1_45' title='bbox 679 657 972 730; x_wconf 80' lang='grc' dir='ltr'>ποιηθῆναι</span> <span class='ocrx_word' id='word_1_46' title='bbox 1018 652 1199 711; x_wconf 79' lang='grc' dir='ltr'>αύτόν·</span> <span class='ocrx_word' id='word_1_47' title='bbox 1235 655 1439 726; x_wconf 84' lang='grc' dir='ltr'>Κύριον</span> <span class='ocrx_word' id='word_1_48' title='bbox 1471 654 1581 727; x_wconf 77' lang='grc' dir='ltr'>γὰρ</span> <span class='ocrx_word' id='word_1_49' title='bbox 1610 656 1708 709; x_wconf 77' lang='grc' dir='ltr'><strong>αὐ-</strong></span> 
     </span>
    </p>
   </div>
   <div class='ocr_carea' id='block_1_9' title="bbox 116 745 1707 823">
    <p class='ocr_par' dir='ltr' id='par_1_9' title="bbox 116 745 1707 823">
     <span class='ocr_line' id='line_1_9' title="bbox 116 745 1707 823; baseline -0.004 -16"><span class='ocrx_word' id='word_1_50' title='bbox 116 756 205 807; x_wconf 77' lang='grc' dir='ltr'><strong>τὸν</strong></span> <span class='ocrx_word' id='word_1_51' title='bbox 238 753 510 823; x_wconf 58' lang='grc' dir='ltr'>ἐποίησεν</span> <span class='ocrx_word' id='word_1_52' title='bbox 553 753 603 805; x_wconf 89' lang='grc' dir='ltr'><strong>εί</strong></span> <span class='ocrx_word' id='word_1_53' title='bbox 654 751 710 804; x_wconf 78' lang='grc' dir='ltr'>δέ</span> <span class='ocrx_word' id='word_1_54' title='bbox 740 752 857 804; x_wconf 78' lang='grc' dir='ltr'>ἐστι</span> <span class='ocrx_word' id='word_1_55' title='bbox 889 747 1102 819; x_wconf 83' lang='grc' dir='ltr'>ποίημά</span> <span class='ocrx_word' id='word_1_56' title='bbox 1124 762 1184 801; x_wconf 84' lang='grc' dir='ltr'><strong>τε</strong></span> <span class='ocrx_word' id='word_1_57' title='bbox 1221 749 1318 802; x_wconf 75' lang='grc' dir='ltr'>καὶ</span> <span class='ocrx_word' id='word_1_58' title='bbox 1348 745 1574 818; x_wconf 76' lang='grc' dir='ltr'>Κύριος,</span> <span class='ocrx_word' id='word_1_59' title='bbox 1606 747 1707 801; x_wconf 82' lang='grc' dir='ltr'>οὐκ</span> 
     </span>
    </p>
   </div>
   <div class='ocr_carea' id='block_1_10' title="bbox 116 840 1707 917">
    <p class='ocr_par' dir='ltr' id='par_1_10' title="bbox 116 840 1707 917">
     <span class='ocr_line' id='line_1_10' title="bbox 116 840 1707 917; baseline -0.003 -18"><span class='ocrx_word' id='word_1_60' title='bbox 116 844 291 910; x_wconf 80' lang='grc' dir='ltr'>ἄλλως</span> <span class='ocrx_word' id='word_1_61' title='bbox 315 846 373 899; x_wconf 81' lang='grc' dir='ltr'>δὲ</span> <span class='ocrx_word' id='word_1_62' title='bbox 425 844 632 917; x_wconf 80' lang='grc' dir='ltr'>Κύριος</span> <span class='ocrx_word' id='word_1_63' title='bbox 663 844 919 916; x_wconf 77' lang='grc' dir='ltr'>ἐποιήθη,</span> <span class='ocrx_word' id='word_1_64' title='bbox 954 843 1095 915; x_wconf 69' lang='grc' dir='ltr'>πλὴν</span> <span class='ocrx_word' id='word_1_65' title='bbox 1136 843 1226 899; x_wconf 79' lang='grc' dir='ltr'><strong>διὰ</strong></span> <span class='ocrx_word' id='word_1_66' title='bbox 1269 844 1369 915; x_wconf 79' lang='grc' dir='ltr'>τῆς</span> <span class='ocrx_word' id='word_1_67' title='bbox 1415 840 1707 905; x_wconf 82' lang='grc' dir='ltr'>ούσιώδους</span> 
     </span>
    </p>
   </div>
   <div class='ocr_carea' id='block_1_11' title="bbox 115 930 1708 1008">
    <p class='ocr_par' dir='ltr' id='par_1_11' title="bbox 115 930 1708 1008">
     <span class='ocr_line' id='line_1_11' title="bbox 115 930 1708 1008; baseline -0.002 -18"><span class='ocrx_word' id='word_1_68' title='bbox 115 938 281 1004; x_wconf 72' lang='grc' dir='ltr'>ἕξεως</span> <span class='ocrx_word' id='word_1_69' title='bbox 336 937 490 992; x_wconf 76' lang='grc' dir='ltr'>τοῦδε</span> <span class='ocrx_word' id='word_1_70' title='bbox 544 935 714 991; x_wconf 76' lang='grc' dir='ltr'>αὑτοῦ</span> <span class='ocrx_word' id='word_1_71' title='bbox 772 937 866 990; x_wconf 79' lang='grc' dir='ltr'><strong>τοῦ</strong></span> <span class='ocrx_word' id='word_1_72' title='bbox 905 936 1240 1008; x_wconf 75' lang='grc' dir='ltr'>ποιήσαντος</span> <span class='ocrx_word' id='word_1_73' title='bbox 1294 930 1552 1006; x_wconf 72' lang='grc' dir='ltr'>αὑτὸν,ἢ</span> <span class='ocrx_word' id='word_1_74' title='bbox 1611 934 1708 987; x_wconf 73' lang='grc' dir='ltr'><strong>καίΙ</strong></span> 
     </span>
    </p>
   </div>
   <div class='ocr_carea' id='block_1_12' title="bbox 115 1026 1707 1101">
    <p class='ocr_par' dir='ltr' id='par_1_12' title="bbox 115 1026 1707 1101">
     <span class='ocr_line' id='line_1_12' title="bbox 115 1026 1707 1101; baseline -0.001 -18"><span class='ocrx_word' id='word_1_75' title='bbox 115 1028 305 1083; x_wconf 71' lang='grc' dir='ltr'>ἑαυτοῦ</span> <span class='ocrx_word' id='word_1_76' title='bbox 358 1029 612 1083; x_wconf 82' lang='grc' dir='ltr'><strong>δεσπόσει</strong></span> <span class='ocrx_word' id='word_1_77' title='bbox 663 1032 692 1085; x_wconf 90' lang='lat'><strong>6</strong></span> <span class='ocrx_word' id='word_1_78' title='bbox 740 1028 1208 1101; x_wconf 62' lang='lat' dir='ltr'><strong>(ptiustK69to;~,-ﬂ</strong></span> <span class='ocrx_word' id='word_1_79' title='bbox 1242 1028 1334 1083; x_wconf 79' lang='grc' dir='ltr'><strong>καὶ</strong></span> <span class='ocrx_word' id='word_1_80' title='bbox 1389 1027 1451 1080; x_wconf 85' lang='grc' dir='ltr'><strong>τὸ</strong></span> <span class='ocrx_word' id='word_1_81' title='bbox 1483 1026 1707 1096; x_wconf 77' lang='grc' dir='ltr'>ποιητὸν</span> 
     </span>
    </p>
   </div>
   <div class='ocr_carea' id='block_1_13' title="bbox 116 1112 1707 1192">
    <p class='ocr_par' dir='ltr' id='par_1_13' title="bbox 116 1112 1707 1192">
     <span class='ocr_line' id='line_1_13' title="bbox 116 1112 1707 1192; baseline 0 -20"><span class='ocrx_word' id='word_1_82' title='bbox 116 1119 316 1189; x_wconf 79' lang='grc' dir='ltr'>Κύριον</span> <span class='ocrx_word' id='word_1_83' title='bbox 348 1120 519 1192; x_wconf 70' lang='grc' dir='ltr'>ἤγουν</span> <span class='ocrx_word' id='word_1_84' title='bbox 561 1120 621 1175; x_wconf 87' lang='grc' dir='ltr'><strong>τὸ</strong></span> <span class='ocrx_word' id='word_1_85' title='bbox 652 1119 996 1191; x_wconf 81' lang='grc' dir='ltr'>ἀνθρώπινον</span> <span class='ocrx_word' id='word_1_86' title='bbox 1025 1119 1193 1174; x_wconf 74' lang='grc' dir='ltr'>αὐτοῦ</span> <span class='ocrx_word' id='word_1_87' title='bbox 1252 1112 1707 1189; x_wconf 63' lang='grc' dir='ltr'>συνελευθερὼσει</span> 
     </span>
    </p>
   </div>
   <div class='ocr_carea' id='block_1_14' title="bbox 115 1209 1708 1284">
    <p class='ocr_par' dir='ltr' id='par_1_14' title="bbox 115 1209 1708 1284">
     <span class='ocr_line' id='line_1_14' title="bbox 115 1209 1708 1284; baseline -0.001 -19"><span class='ocrx_word' id='word_1_88' title='bbox 115 1211 294 1283; x_wconf 82' lang='grc' dir='ltr'>ἐαυτῷ</span> <span class='ocrx_word' id='word_1_89' title='bbox 320 1214 416 1266; x_wconf 70' lang='grc' dir='ltr'>καὶ</span> <span class='ocrx_word' id='word_1_90' title='bbox 447 1213 667 1266; x_wconf 76' lang='grc' dir='ltr'>πάντων</span> <span class='ocrx_word' id='word_1_91' title='bbox 700 1212 1139 1279; x_wconf 78' lang='grc' dir='ltr'>κατεξουσιάσει’</span> <span class='ocrx_word' id='word_1_92' title='bbox 1188 1211 1298 1284; x_wconf 84' lang='grc' dir='ltr'>ἄρα</span> <span class='ocrx_word' id='word_1_93' title='bbox 1326 1211 1370 1264; x_wconf 86' lang='grc' dir='ltr'>δ’</span> <span class='ocrx_word' id='word_1_94' title='bbox 1400 1209 1492 1264; x_wconf 77' lang='grc' dir='ltr'>οὖν</span> <span class='ocrx_word' id='word_1_95' title='bbox 1522 1213 1616 1263; x_wconf 69' lang='grc' dir='ltr'>καὶ</span> <span class='ocrx_word' id='word_1_96' title='bbox 1649 1211 1708 1264; x_wconf 83' lang='grc' dir='ltr'>ἐν</span> 
     </span>
    </p>
   </div>
   <div class='ocr_carea' id='block_1_15' title="bbox 114 1300 1708 1376">
    <p class='ocr_par' dir='ltr' id='par_1_15' title="bbox 114 1300 1708 1376">
     <span class='ocr_line' id='line_1_15' title="bbox 114 1300 1708 1376; baseline 0.001 -20"><span class='ocrx_word' id='word_1_97' title='bbox 114 1306 177 1375; x_wconf 77' lang='grc' dir='ltr'>τῇ</span> <span class='ocrx_word' id='word_1_98' title='bbox 217 1304 475 1376; x_wconf 71' lang='grc' dir='ltr'>συνηθείᾳ</span> <span class='ocrx_word' id='word_1_99' title='bbox 547 1304 835 1376; x_wconf 73' lang='grc' dir='ltr'>ἐλεύθερον</span> <span class='ocrx_word' id='word_1_100' title='bbox 898 1300 1124 1376; x_wconf 72' lang='grc' dir='ltr'>ποιῆσαι</span> <span class='ocrx_word' id='word_1_101' title='bbox 1161 1303 1316 1357; x_wconf 83' lang='grc' dir='ltr'><strong>τόνδε</strong></span> <span class='ocrx_word' id='word_1_102' title='bbox 1351 1302 1542 1373; x_wconf 78' lang='grc' dir='ltr'>ἕτερόν</span> <span class='ocrx_word' id='word_1_103' title='bbox 1582 1319 1708 1357; x_wconf 87' lang='grc' dir='ltr'>τινα</span> 
     </span>
    </p>
   </div>
   <div class='ocr_carea' id='block_1_16' title="bbox 112 1394 1732 1465">
    <p class='ocr_par' dir='ltr' id='par_1_16' title="bbox 112 1394 1732 1465">
     <span class='ocr_line' id='line_1_16' title="bbox 112 1394 1732 1465; baseline 0.002 -17"><span class='ocrx_word' id='word_1_104' title='bbox 112 1394 380 1463; x_wconf 79' lang='grc' dir='ltr'>λέγοντες,</span> <span class='ocrx_word' id='word_1_105' title='bbox 411 1399 478 1450; x_wconf 82' lang='grc' dir='ltr'>ὲκ</span> <span class='ocrx_word' id='word_1_106' title='bbox 511 1396 667 1450; x_wconf 81' lang='grc' dir='ltr'>τοῦδε</span> <span class='ocrx_word' id='word_1_107' title='bbox 716 1394 882 1451; x_wconf 79' lang='grc' dir='ltr'>αὐτοῦ</span> <span class='ocrx_word' id='word_1_108' title='bbox 916 1396 1012 1451; x_wconf 75' lang='grc' dir='ltr'>καὶ</span> <span class='ocrx_word' id='word_1_109' title='bbox 1070 1395 1261 1451; x_wconf 81' lang='grc' dir='ltr'>δοῦλον</span> <span class='ocrx_word' id='word_1_110' title='bbox 1288 1394 1564 1465; x_wconf 86' lang='grc' dir='ltr'>γενέσθαι,</span> <span class='ocrx_word' id='word_1_111' title='bbox 1614 1395 1732 1451; x_wconf 66' lang='grc' dir='ltr'>τὸνι</span> 
     </span>
    </p>
   </div>
   <div class='ocr_carea' id='block_1_17' title="bbox 115 1487 1141 1560">
    <p class='ocr_par' dir='ltr' id='par_1_17' title="bbox 115 1487 1141 1560">
     <span class='ocr_line' id='line_1_17' title="bbox 115 1487 1141 1560; baseline 0.001 -19"><span class='ocrx_word' id='word_1_112' title='bbox 115 1487 405 1558; x_wconf 79' lang='grc' dir='ltr'>ποιηθέντα</span> <span class='ocrx_word' id='word_1_113' title='bbox 443 1487 757 1560; x_wconf 67' lang='grc' dir='ltr'>ἐλεύθερον,</span> <span class='ocrx_word' id='word_1_114' title='bbox 782 1487 1141 1558; x_wconf 82' lang='grc' dir='ltr'>λογισόμεθα.</span> 
     </span>
    </p>
   </div>
   <div class='ocr_carea' id='block_1_18' title="bbox 725 1579 1117 1634">
    <p class='ocr_par' dir='ltr' id='par_1_18' title="bbox 725 1579 1117 1634">
     <span class='ocr_line' id='line_1_18' title="bbox 725 1579 1117 1634; baseline -0.005 0"><span class='ocrx_word' id='word_1_115' title='bbox 725 1579 978 1634; x_wconf 78' lang='grc' dir='ltr'>ΚΕΦΛΛ.</span> <span class='ocrx_word' id='word_1_116' title='bbox 1003 1579 1117 1632; x_wconf 72' lang='grc' dir='ltr'>ιε’.</span> 
     </span>
    </p>
   </div>
   <div class='ocr_carea' id='block_1_19' title="bbox 180 1669 1708 1745">
    <p class='ocr_par' dir='ltr' id='par_1_19' title="bbox 180 1669 1708 1745">
     <span class='ocr_line' id='line_1_19' title="bbox 180 1669 1708 1745; baseline 0 -19"><span class='ocrx_word' id='word_1_117' title='bbox 180 1672 371 1745; x_wconf 69' lang='grc' dir='ltr'>Χωρὶς</span> <span class='ocrx_word' id='word_1_118' title='bbox 399 1673 556 1727; x_wconf 77' lang='grc' dir='ltr'>τοῦδε</span> <span class='ocrx_word' id='word_1_119' title='bbox 589 1671 947 1738; x_wconf 73' lang='grc' dir='ltr'>δεσπόζεσθαι</span> <span class='ocrx_word' id='word_1_120' title='bbox 981 1672 1087 1726; x_wconf 80' lang='grc' dir='ltr'>ὑπὸ</span> <span class='ocrx_word' id='word_1_121' title='bbox 1116 1670 1213 1725; x_wconf 80' lang='grc' dir='ltr'>τοῦ</span> <span class='ocrx_word' id='word_1_122' title='bbox 1256 1669 1405 1726; x_wconf 79' lang='grc' dir='ltr'>Θεοῦ</span> <span class='ocrx_word' id='word_1_123' title='bbox 1452 1671 1554 1744; x_wconf 78' lang='grc' dir='ltr'>τὴν</span> <span class='ocrx_word' id='word_1_124' title='bbox 1601 1672 1708 1726; x_wconf 81' lang='grc' dir='ltr'>ὑπ-</span> 
     </span>
    </p>
   </div>
   <div class='ocr_carea' id='block_1_20' title="bbox 1809 478 3390 554">
    <p class='ocr_par' dir='ltr' id='par_1_20' title="bbox 1809 478 3390 554">
     <span class='ocr_line' id='line_1_20' title="bbox 1809 478 3390 554; baseline 0.001 -20"><span class='ocrx_word' id='word_1_125' title='bbox 1809 487 1896 535; x_wconf 88' lang='lat' dir='ltr'><strong>ret</strong></span> <span class='ocrx_word' id='word_1_126' title='bbox 1926 487 1990 536; x_wconf 89' lang='lat' dir='ltr'><strong>ut</strong></span> <span class='ocrx_word' id='word_1_127' title='bbox 2027 478 2208 535; x_wconf 75' lang='lat' dir='ltr'><strong>iactus</strong></span> <span class='ocrx_word' id='word_1_128' title='bbox 2240 481 2344 536; x_wconf 86' lang='lat' dir='ltr'><strong>sub</strong></span> <span class='ocrx_word' id='word_1_129' title='bbox 2375 482 2515 552; x_wconf 89' lang='lat' dir='ltr'><strong>ipso,</strong></span> <span class='ocrx_word' id='word_1_130' title='bbox 2553 496 2750 537; x_wconf 80' lang='lat' dir='ltr'><strong>servus</strong></span> <span class='ocrx_word' id='word_1_131' title='bbox 2769 482 2891 554; x_wconf 84' lang='lat' dir='ltr'><strong>ejus</strong></span> <span class='ocrx_word' id='word_1_132' title='bbox 2920 482 3016 552; x_wconf 89' lang='lat' dir='ltr'><strong>qui</strong></span> <span class='ocrx_word' id='word_1_133' title='bbox 3052 480 3186 537; x_wconf 82' lang='lat' dir='ltr'><strong>fecit</strong></span> <span class='ocrx_word' id='word_1_134' title='bbox 3219 482 3390 537; x_wconf 83' lang='lat' dir='ltr'><strong>etiam</strong></span> 
     </span>
    </p>
   </div>
   <div class='ocr_carea' id='block_1_21' title="bbox 1806 562 3435 631">
    <p class='ocr_par' dir='ltr' id='par_1_21' title="bbox 1806 562 3435 631">
     <span class='ocr_line' id='line_1_21' title="bbox 1806 562 3435 631; baseline 0.003 -5"><span class='ocrx_word' id='word_1_135' title='bbox 1806 568 2079 628; x_wconf 87' lang='lat' dir='ltr'><strong>Dominus</strong></span> <span class='ocrx_word' id='word_1_136' title='bbox 2105 580 2167 626; x_wconf 91' lang='lat' dir='ltr'><strong>ut</strong></span> <span class='ocrx_word' id='word_1_137' title='bbox 2198 571 2307 628; x_wconf 86' lang='lat' dir='ltr'><strong>alia</strong></span> <span class='ocrx_word' id='word_1_138' title='bbox 2342 573 2641 629; x_wconf 77' lang='lat' dir='ltr'><strong>creatura?</strong></span> <span class='ocrx_word' id='word_1_139' title='bbox 2666 571 2803 628; x_wconf 87' lang='lat' dir='ltr'><strong>Nam</strong></span> <span class='ocrx_word' id='word_1_140' title='bbox 2855 573 2901 629; x_wconf 88' lang='lat' dir='ltr'><strong>si</strong></span> <span class='ocrx_word' id='word_1_141' title='bbox 2943 573 3213 631; x_wconf 82' lang='lat' dir='ltr'><strong>Dominus</strong></span> <span class='ocrx_word' id='word_1_142' title='bbox 3267 589 3391 631; x_wconf 74' lang='lat' dir='ltr'><strong>esse</strong></span> <span class='ocrx_word' id='word_1_143' title='bbox 3434 562 3435 565; x_wconf 1' lang='lat'><strong>6</strong></span> 
     </span>
    </p>
   </div>
   <div class='ocr_carea' id='block_1_22' title="bbox 1807 665 3391 735">
    <p class='ocr_par' dir='ltr' id='par_1_22' title="bbox 1807 665 3391 735">
     <span class='ocr_line' id='line_1_22' title="bbox 1807 665 3391 735; baseline 0.001 -15"><span class='ocrx_word' id='word_1_144' title='bbox 1807 665 2076 735; x_wconf 83' lang='lat' dir='ltr'><strong>suscepit,</strong></span> <span class='ocrx_word' id='word_1_145' title='bbox 2121 665 2289 721; x_wconf 90' lang='lat' dir='ltr'><strong>etiam</strong></span> <span class='ocrx_word' id='word_1_146' title='bbox 2334 674 2392 721; x_wconf 89' lang='lat' dir='ltr'><strong>et</strong></span> <span class='ocrx_word' id='word_1_147' title='bbox 2431 665 2638 722; x_wconf 81' lang='lat' dir='ltr'><strong>factum</strong></span> <span class='ocrx_word' id='word_1_148' title='bbox 2697 681 2840 730; x_wconf 89' lang='lat' dir='ltr'><strong>esse,</strong></span> <span class='ocrx_word' id='word_1_149' title='bbox 2898 682 3027 723; x_wconf 91' lang='lat' dir='ltr'><strong>nam</strong></span> <span class='ocrx_word' id='word_1_150' title='bbox 3078 665 3213 724; x_wconf 82' lang='lat' dir='ltr'><strong>fecit</strong></span> <span class='ocrx_word' id='word_1_151' title='bbox 3262 682 3391 723; x_wconf 88' lang='lat' dir='ltr'><strong>eum</strong></span> 
     </span>
    </p>
   </div>
   <div class='ocr_carea' id='block_1_23' title="bbox 1806 756 3392 826">
    <p class='ocr_par' dir='ltr' id='par_1_23' title="bbox 1806 756 3392 826">
     <span class='ocr_line' id='line_1_23' title="bbox 1806 756 3392 826; baseline 0 -12"><span class='ocrx_word' id='word_1_152' title='bbox 1806 756 2125 825; x_wconf 91' lang='lat' dir='ltr'><strong>Dominum,</strong></span> <span class='ocrx_word' id='word_1_153' title='bbox 2156 759 2203 814; x_wconf 91' lang='lat' dir='ltr'><strong>si</strong></span> <span class='ocrx_word' id='word_1_154' title='bbox 2232 767 2319 814; x_wconf 89' lang='lat' dir='ltr'><strong>est</strong></span> <span class='ocrx_word' id='word_1_155' title='bbox 2347 768 2603 816; x_wconf 74' lang='lat' dir='ltr'><strong>creatura</strong></span> <span class='ocrx_word' id='word_1_156' title='bbox 2643 769 2700 815; x_wconf 88' lang='lat' dir='ltr'><strong>et</strong></span> <span class='ocrx_word' id='word_1_157' title='bbox 2747 760 3037 826; x_wconf 85' lang='lat' dir='ltr'><strong>Dominus,</strong></span> <span class='ocrx_word' id='word_1_158' title='bbox 3067 775 3184 816; x_wconf 90' lang='lat' dir='ltr'><strong>non</strong></span> <span class='ocrx_word' id='word_1_159' title='bbox 3228 760 3392 817; x_wconf 88' lang='lat' dir='ltr'><strong>aliter</strong></span> 
     </span>
    </p>
   </div>
   <div class='ocr_carea' id='block_1_24' title="bbox 1808 850 3394 924">
    <p class='ocr_par' dir='ltr' id='par_1_24' title="bbox 1808 850 3394 924">
     <span class='ocr_line' id='line_1_24' title="bbox 1808 850 3394 924; baseline 0.002 -18"><span class='ocrx_word' id='word_1_160' title='bbox 1808 851 2079 907; x_wconf 88' lang='lat' dir='ltr'><strong>Dominus</strong></span> <span class='ocrx_word' id='word_1_161' title='bbox 2115 850 2295 907; x_wconf 80' lang='lat' dir='ltr'><strong>factus</strong></span> <span class='ocrx_word' id='word_1_162' title='bbox 2329 860 2434 917; x_wconf 84' lang='lat' dir='ltr'><strong>est,</strong></span> <span class='ocrx_word' id='word_1_163' title='bbox 2466 851 2576 908; x_wconf 85' lang='lat' dir='ltr'><strong>nisi</strong></span> <span class='ocrx_word' id='word_1_164' title='bbox 2627 867 2729 924; x_wconf 86' lang='lat' dir='ltr'><strong>per</strong></span> <span class='ocrx_word' id='word_1_165' title='bbox 2760 851 3082 908; x_wconf 83' lang='lat' dir='ltr'><strong>facultatem</strong></span> <span class='ocrx_word' id='word_1_166' title='bbox 3134 852 3394 909; x_wconf 85' lang='lat' dir='ltr'><strong>substan-</strong></span> 
     </span>
    </p>
   </div>
   <div class='ocr_carea' id='block_1_25' title="bbox 1804 942 3394 1018">
    <p class='ocr_par' dir='ltr' id='par_1_25' title="bbox 1804 942 3394 1018">
     <span class='ocr_line' id='line_1_25' title="bbox 1804 942 3394 1018; baseline 0 -20"><span class='ocrx_word' id='word_1_167' title='bbox 1804 943 1994 999; x_wconf 55' lang='lat' dir='ltr'><strong>‘lialem</strong></span> <span class='ocrx_word' id='word_1_168' title='bbox 2030 944 2282 1015; x_wconf 81' lang='lat' dir='ltr'><strong>ejusdem</strong></span> <span class='ocrx_word' id='word_1_169' title='bbox 2314 942 2412 1015; x_wconf 84' lang='lat' dir='ltr'><strong>qui</strong></span> <span class='ocrx_word' id='word_1_170' title='bbox 2459 944 2590 1001; x_wconf 83' lang='lat' dir='ltr'><strong>fecit</strong></span> <span class='ocrx_word' id='word_1_171' title='bbox 2631 945 2811 1010; x_wconf 84' lang='lat' dir='ltr'><strong>illum,</strong></span> <span class='ocrx_word' id='word_1_172' title='bbox 2867 945 2954 1000; x_wconf 81' lang='lat' dir='ltr'><strong>vel</strong></span> <span class='ocrx_word' id='word_1_173' title='bbox 3000 944 3107 1001; x_wconf 84' lang='lat' dir='ltr'><strong>sibi</strong></span> <span class='ocrx_word' id='word_1_174' title='bbox 3157 945 3394 1018; x_wconf 87' lang='lat' dir='ltr'><strong>imperat</strong></span> 
     </span>
    </p>
   </div>
   <div class='ocr_carea' id='block_1_26' title="bbox 1810 1036 3393 1109">
    <p class='ocr_par' dir='ltr' id='par_1_26' title="bbox 1810 1036 3393 1109">
     <span class='ocr_line' id='line_1_26' title="bbox 1810 1036 3393 1109; baseline 0.001 -18"><span class='ocrx_word' id='word_1_175' title='bbox 1810 1036 1906 1107; x_wconf 90' lang='lat' dir='ltr'><strong>qui</strong></span> <span class='ocrx_word' id='word_1_176' title='bbox 1929 1044 2137 1092; x_wconf 87' lang='lat' dir='ltr'><strong>natura</strong></span> <span class='ocrx_word' id='word_1_177' title='bbox 2178 1037 2469 1103; x_wconf 91' lang='lat' dir='ltr'><strong>Dominus,</strong></span> <span class='ocrx_word' id='word_1_178' title='bbox 2500 1038 2590 1093; x_wconf 86' lang='lat' dir='ltr'><strong>vel</strong></span> <span class='ocrx_word' id='word_1_179' title='bbox 2620 1047 2775 1094; x_wconf 88' lang='lat' dir='ltr'><strong>certe</strong></span> <span class='ocrx_word' id='word_1_180' title='bbox 2794 1037 3043 1093; x_wconf 85' lang='lat' dir='ltr'><strong>humana</strong></span> <span class='ocrx_word' id='word_1_181' title='bbox 3096 1053 3224 1108; x_wconf 91' lang='lat' dir='ltr'><strong>pars</strong></span> <span class='ocrx_word' id='word_1_182' title='bbox 3271 1039 3393 1109; x_wconf 86' lang='lat' dir='ltr'><strong>ejus</strong></span> 
     </span>
    </p>
   </div>
   <div class='ocr_carea' id='block_1_27' title="bbox 1808 1127 3391 1202">
    <p class='ocr_par' dir='ltr' id='par_1_27' title="bbox 1808 1127 3391 1202">
     <span class='ocr_line' id='line_1_27' title="bbox 1808 1127 3391 1202; baseline 0.003 -20"><span class='ocrx_word' id='word_1_183' title='bbox 1808 1127 1955 1183; x_wconf 81' lang='lat' dir='ltr'><strong>facta</strong></span> <span class='ocrx_word' id='word_1_184' title='bbox 2009 1128 2274 1200; x_wconf 78' lang='lat' dir='ltr'><strong>magistra</strong></span> <span class='ocrx_word' id='word_1_185' title='bbox 2299 1142 2420 1185; x_wconf 86' lang='lat' dir='ltr'><strong>sese</strong></span> <span class='ocrx_word' id='word_1_186' title='bbox 2452 1128 2675 1197; x_wconf 86' lang='lat' dir='ltr'><strong>liberat,</strong></span> <span class='ocrx_word' id='word_1_187' title='bbox 2728 1138 2787 1186; x_wconf 88' lang='lat' dir='ltr'><strong>et</strong></span> <span class='ocrx_word' id='word_1_188' title='bbox 2836 1130 3022 1185; x_wconf 90' lang='lat' dir='ltr'><strong>omnia</strong></span> <span class='ocrx_word' id='word_1_189' title='bbox 3076 1130 3391 1202; x_wconf 79' lang='lat' dir='ltr'><strong>gubernat;</strong></span> 
     </span>
    </p>
   </div>
   <div class='ocr_carea' id='block_1_28' title="bbox 1810 1218 3392 1290">
    <p class='ocr_par' dir='ltr' id='par_1_28' title="bbox 1810 1218 3392 1290">
     <span class='ocr_line' id='line_1_28' title="bbox 1810 1218 3392 1290; baseline 0.001 -17"><span class='ocrx_word' id='word_1_190' title='bbox 1810 1218 1979 1288; x_wconf 78' lang='lat' dir='ltr'><strong>igitur</strong></span> <span class='ocrx_word' id='word_1_191' title='bbox 2008 1219 2064 1273; x_wconf 92' lang='lat' dir='ltr'><strong>in</strong></span> <span class='ocrx_word' id='word_1_192' title='bbox 2091 1219 2285 1275; x_wconf 89' lang='lat' dir='ltr'><strong>habitu</strong></span> <span class='ocrx_word' id='word_1_193' title='bbox 2315 1219 2554 1275; x_wconf 89' lang='lat' dir='ltr'><strong>liberum</strong></span> <span class='ocrx_word' id='word_1_194' title='bbox 2597 1218 2783 1276; x_wconf 85' lang='lat' dir='ltr'><strong>facere</strong></span> <span class='ocrx_word' id='word_1_195' title='bbox 2827 1219 3123 1290; x_wconf 87' lang='lat' dir='ltr'><strong>quemdam</strong></span> <span class='ocrx_word' id='word_1_196' title='bbox 3155 1220 3392 1276; x_wconf 87' lang='lat' dir='ltr'><strong>alterum</strong></span> 
     </span>
    </p>
   </div>
   <div class='ocr_carea' id='block_1_29' title="bbox 1811 1310 3395 1384">
    <p class='ocr_par' dir='ltr' id='par_1_29' title="bbox 1811 1310 3395 1384">
     <span class='ocr_line' id='line_1_29' title="bbox 1811 1310 3395 1384; baseline 0.003 -19"><span class='ocrx_word' id='word_1_197' title='bbox 1811 1310 2088 1373; x_wconf 84' lang='lat' dir='ltr'><strong>dicentes.</strong></span> <span class='ocrx_word' id='word_1_198' title='bbox 2132 1327 2202 1368; x_wconf 80' lang='lat' dir='ltr'><strong>ex</strong></span> <span class='ocrx_word' id='word_1_199' title='bbox 2248 1312 2433 1383; x_wconf 91' lang='lat' dir='ltr'><strong>seipso</strong></span> <span class='ocrx_word' id='word_1_200' title='bbox 2475 1327 2612 1367; x_wconf 84' lang='lat' dir='ltr'><strong>vero</strong></span> <span class='ocrx_word' id='word_1_201' title='bbox 2662 1327 2886 1368; x_wconf 86' lang='lat' dir='ltr'><strong>servum</strong></span> <span class='ocrx_word' id='word_1_202' title='bbox 2921 1311 3063 1380; x_wconf 81' lang='lat' dir='ltr'><strong>ﬁeri,</strong></span> <span class='ocrx_word' id='word_1_203' title='bbox 3094 1314 3187 1384; x_wconf 90' lang='lat' dir='ltr'><strong>qui</strong></span> <span class='ocrx_word' id='word_1_204' title='bbox 3216 1314 3395 1369; x_wconf 79' lang='lat' dir='ltr'><strong>factus</strong></span> 
     </span>
    </p>
   </div>
   <div class='ocr_carea' id='block_1_30' title="bbox 1807 1404 2486 1471">
    <p class='ocr_par' dir='ltr' id='par_1_30' title="bbox 1807 1404 2486 1471">
     <span class='ocr_line' id='line_1_30' title="bbox 1807 1404 2486 1471; baseline 0.001 -12"><span class='ocrx_word' id='word_1_205' title='bbox 1807 1412 1897 1459; x_wconf 89' lang='lat' dir='ltr'><strong>est</strong></span> <span class='ocrx_word' id='word_1_206' title='bbox 1926 1404 2094 1471; x_wconf 87' lang='lat' dir='ltr'><strong>liber,</strong></span> <span class='ocrx_word' id='word_1_207' title='bbox 2130 1404 2486 1462; x_wconf 88' lang='lat' dir='ltr'><strong>concluditis.</strong></span> 
     </span>
    </p>
   </div>
   <div class='ocr_carea' id='block_1_31' title="bbox 1879 1584 3398 1748">
    <p class='ocr_par' dir='ltr' id='par_1_31' title="bbox 1879 1584 3398 1748">
     <span class='ocr_line' id='line_1_31' title="bbox 1879 1584 3398 1748; baseline -0.001 -16"><span class='ocrx_word' id='word_1_208' title='bbox 1879 1674 2016 1732; x_wconf 84' lang='lat' dir='ltr'><strong>Sine</strong></span> <span class='ocrx_word' id='word_1_209' title='bbox 2046 1676 2427 1733; x_wconf 78' lang='lat' dir='ltr'><strong>dominatione</strong></span> <span class='ocrx_word' id='word_1_210' title='bbox 2454 1584 2976 1734; x_wconf 52' lang='grc' dir='ltr'>ὸξέιίεηιίοηι</span> <span class='ocrx_word' id='word_1_211' title='bbox 3012 1678 3246 1748; x_wconf 84' lang='lat' dir='ltr'><strong>implere</strong></span> <span class='ocrx_word' id='word_1_212' title='bbox 3265 1728 3278 1745; x_wconf 87' lang='lat'><strong>,</strong></span> <span class='ocrx_word' id='word_1_213' title='bbox 3308 1678 3398 1734; x_wconf 75' lang='lat' dir='ltr'><strong>vel</strong></span> 
     </span>
    </p>
   </div>
   <div class='ocr_carea' id='block_1_32' title="bbox 112 1745 1705 1843">
    <p class='ocr_par' dir='ltr' id='par_1_32' title="bbox 112 1764 1705 1838">
     <span class='ocr_line' id='line_1_32' title="bbox 112 1764 1705 1838; baseline -0.001 -19"><span class='ocrx_word' id='word_1_214' title='bbox 112 1767 283 1838; x_wconf 80' lang='grc' dir='ltr'>ακοὴν</span> <span class='ocrx_word' id='word_1_215' title='bbox 321 1766 633 1837; x_wconf 83' lang='grc' dir='ltr'>πληρῶσαι,</span> <span class='ocrx_word' id='word_1_216' title='bbox 666 1765 699 1836; x_wconf 83' lang='grc' dir='ltr'>ἦ</span> <span class='ocrx_word' id='word_1_217' title='bbox 739 1765 1128 1837; x_wconf 82' lang='grc' dir='ltr'>ἀναμάρτητον</span> <span class='ocrx_word' id='word_1_218' title='bbox 1200 1764 1461 1835; x_wconf 83' lang='grc' dir='ltr'>γενέσθαι</span> <span class='ocrx_word' id='word_1_219' title='bbox 1515 1767 1583 1835; x_wconf 80' lang='grc' dir='ltr'>τῇ</span> <span class='ocrx_word' id='word_1_220' title='bbox 1613 1764 1705 1819; x_wconf 76' lang='grc' dir='ltr'>τοῦ</span> 
     </span>
    </p>
   </div>
   <div class='ocr_carea' id='block_1_33' title="bbox 1815 1745 3397 1843">
    <p class='ocr_par' dir='ltr' id='par_1_33' title="bbox 1816 1745 3397 1843">
     <span class='ocr_line' id='line_1_33' title="bbox 1816 1745 3397 1843; baseline 0.001 -19"><span class='ocrx_word' id='word_1_221' title='bbox 1816 1767 2231 1838; x_wconf 86' lang='lat' dir='ltr'><strong>impeccabilem</strong></span> <span class='ocrx_word' id='word_1_222' title='bbox 2272 1768 2391 1825; x_wconf 86' lang='lat' dir='ltr'><strong>ﬁeri</strong></span> <span class='ocrx_word' id='word_1_223' title='bbox 2434 1769 2540 1825; x_wconf 87' lang='lat' dir='ltr'><strong>sub</strong></span> <span class='ocrx_word' id='word_1_224' title='bbox 2574 1770 2831 1827; x_wconf 90' lang='lat' dir='ltr'><strong>custodia</strong></span> <span class='ocrx_word' id='word_1_225' title='bbox 2861 1771 3020 1843; x_wconf 77' lang='lat' dir='ltr'><strong>legis,</strong></span> <span class='ocrx_word' id='word_1_226' title='bbox 3052 1745 3397 1841; x_wconf 81' lang='lat' dir='ltr'><strong>impossibile</strong></span> 
     </span>
    </p>
   </div>
   <div class='ocr_carea' id='block_1_34' title="bbox 110 1851 1712 1929">
    <p class='ocr_par' dir='ltr' id='par_1_34' title="bbox 110 1851 1712 1929">
     <span class='ocr_line' id='line_1_34' title="bbox 110 1851 1712 1929; baseline -0.001 -19"><span class='ocrx_word' id='word_1_227' title='bbox 110 1858 276 1929; x_wconf 74' lang='grc' dir='ltr'>νόμου</span> <span class='ocrx_word' id='word_1_228' title='bbox 303 1858 542 1928; x_wconf 79' lang='grc' dir='ltr'>φυλακῇ,</span> <span class='ocrx_word' id='word_1_229' title='bbox 581 1856 840 1911; x_wconf 85' lang='grc' dir='ltr'>ἀδύνατον</span> <span class='ocrx_word' id='word_1_230' title='bbox 889 1856 1184 1929; x_wconf 81' lang='grc' dir='ltr'><strong>ἀνθρώπῳ.</strong></span> <span class='ocrx_word' id='word_1_231' title='bbox 1247 1852 1312 1910; x_wconf 75' lang='lat' dir='ltr'><strong>Ei</strong></span> <span class='ocrx_word' id='word_1_232' title='bbox 1358 1851 1450 1910; x_wconf 77' lang='grc' dir='ltr'>οὖν</span> <span class='ocrx_word' id='word_1_233' title='bbox 1489 1855 1552 1909; x_wconf 84' lang='grc' dir='ltr'><strong>τὸ</strong></span> <span class='ocrx_word' id='word_1_234' title='bbox 1625 1856 1712 1909; x_wconf 87' lang='grc' dir='ltr'>δε-</span> 
     </span>
    </p>
   </div>
   <div class='ocr_carea' id='block_1_35' title="bbox 108 1947 1710 2020">
    <p class='ocr_par' dir='ltr' id='par_1_35' title="bbox 108 1947 1710 2020">
     <span class='ocr_line' id='line_1_35' title="bbox 108 1947 1710 2020; baseline -0.002 -17"><span class='ocrx_word' id='word_1_235' title='bbox 108 1948 408 2015; x_wconf 79' lang='grc' dir='ltr'>σπόζεσθαι</span> <span class='ocrx_word' id='word_1_236' title='bbox 440 1950 632 2014; x_wconf 80' lang='grc' dir='ltr'>ἁπλῶς</span> <span class='ocrx_word' id='word_1_237' title='bbox 676 1951 795 2003; x_wconf 77' lang='grc' dir='ltr'>ἐστι</span> <span class='ocrx_word' id='word_1_238' title='bbox 852 1947 1070 2003; x_wconf 85' lang='grc' dir='ltr'>’τούτων</span> <span class='ocrx_word' id='word_1_239' title='bbox 1133 1950 1330 2016; x_wconf 77' lang='grc' dir='ltr'>αἴτιον,</span> <span class='ocrx_word' id='word_1_240' title='bbox 1387 1950 1557 2020; x_wconf 82' lang='grc' dir='ltr'>μόνης</span> <span class='ocrx_word' id='word_1_241' title='bbox 1603 1949 1710 2003; x_wconf 81' lang='grc' dir='ltr'><strong>ὑπ-</strong></span> 
     </span>
    </p>
   </div>
   <div class='ocr_carea' id='block_1_36' title="bbox 112 2037 1711 2117">
    <p class='ocr_par' dir='ltr' id='par_1_36' title="bbox 112 2037 1711 2117">
     <span class='ocr_line' id='line_1_36' title="bbox 112 2037 1711 2117; baseline -0.003 -21"><span class='ocrx_word' id='word_1_242' title='bbox 112 2043 285 2113; x_wconf 82' lang='grc' dir='ltr'>ακοῆς</span> <span class='ocrx_word' id='word_1_243' title='bbox 329 2043 487 2117; x_wconf 86' lang='grc' dir='ltr'>χρεία</span> <span class='ocrx_word' id='word_1_244' title='bbox 526 2037 596 2113; x_wconf 76' lang='grc' dir='ltr'>ἦν</span> <span class='ocrx_word' id='word_1_245' title='bbox 657 2041 857 2113; x_wconf 81' lang='grc' dir='ltr'>ἡμῶν,</span> <span class='ocrx_word' id='word_1_246' title='bbox 911 2042 1007 2095; x_wconf 72' lang='grc' dir='ltr'>καὶ</span> <span class='ocrx_word' id='word_1_247' title='bbox 1050 2040 1159 2095; x_wconf 85' lang='grc' dir='ltr'>οὐκ</span> <span class='ocrx_word' id='word_1_248' title='bbox 1207 2039 1520 2111; x_wconf 74' lang='grc' dir='ltr'>οἰκονομίας</span> <span class='ocrx_word' id='word_1_249' title='bbox 1574 2040 1711 2109; x_wconf 88' lang='grc' dir='ltr'>Χρι-</span> 
     </span>
    </p>
   </div>
   <div class='ocr_carea' id='block_1_37' title="bbox 44 2130 1710 2203">
    <p class='ocr_par' dir='ltr' id='par_1_37' title="bbox 44 2130 1710 2203">
     <span class='ocr_line' id='line_1_37' title="bbox 44 2130 1710 2203; baseline -0.002 -16"><span class='ocrx_word' id='word_1_250' title='bbox 44 2147 46 2175; x_wconf 80' lang='grc' dir='ltr'><strong><em>ῖ</em></strong></span> <span class='ocrx_word' id='word_1_251' title='bbox 113 2134 238 2188; x_wconf 79' lang='grc' dir='ltr'>στοῦ</span> <span class='ocrx_word' id='word_1_252' title='bbox 271 2136 352 2199; x_wconf 85' lang='grc' dir='ltr'><strong>είς</strong></span> <span class='ocrx_word' id='word_1_253' title='bbox 397 2133 683 2189; x_wconf 75' lang='grc' dir='ltr'>δικαίωσιν</span> <span class='ocrx_word' id='word_1_254' title='bbox 717 2133 894 2203; x_wconf 81' lang='grc' dir='ltr'>ἡμῶν·</span> <span class='ocrx_word' id='word_1_255' title='bbox 934 2132 1058 2185; x_wconf 75' lang='grc' dir='ltr'>ἐπεὶ</span> <span class='ocrx_word' id='word_1_256' title='bbox 1106 2132 1312 2194; x_wconf 86' lang='grc' dir='ltr'>πάντες</span> <span class='ocrx_word' id='word_1_257' title='bbox 1371 2132 1533 2203; x_wconf 77' lang='grc' dir='ltr'>ἡμεῖς</span> <span class='ocrx_word' id='word_1_258' title='bbox 1563 2130 1657 2185; x_wconf 79' lang='grc' dir='ltr'>καὶ</span> <span class='ocrx_word' id='word_1_259' title='bbox 1681 2132 1710 2184; x_wconf 88' lang='lat'><strong>6</strong></span> 
     </span>
    </p>
   </div>
   <div class='ocr_carea' id='block_1_38' title="bbox 100 2221 1711 2296">
    <p class='ocr_par' dir='ltr' id='par_1_38' title="bbox 100 2221 1711 2296">
     <span class='ocr_line' id='line_1_38' title="bbox 100 2221 1711 2296; baseline -0.004 -16"><span class='ocrx_word' id='word_1_260' title='bbox 100 2227 355 2293; x_wconf 72' lang='grc' dir='ltr'>’διάϐολος</span> <span class='ocrx_word' id='word_1_261' title='bbox 380 2227 567 2292; x_wconf 81' lang='grc' dir='ltr'>αὐτὸς,</span> <span class='ocrx_word' id='word_1_262' title='bbox 596 2224 980 2296; x_wconf 77' lang='grc' dir='ltr'>δεσποζόμεθα</span> <span class='ocrx_word' id='word_1_263' title='bbox 1009 2224 1115 2279; x_wconf 85' lang='grc' dir='ltr'><strong>ὑπὸ</strong></span> <span class='ocrx_word' id='word_1_264' title='bbox 1139 2221 1232 2278; x_wconf 82' lang='grc' dir='ltr'><strong>τοῦ</strong></span> <span class='ocrx_word' id='word_1_265' title='bbox 1261 2222 1420 2286; x_wconf 79' lang='grc' dir='ltr'>Θεοῦ,</span> <span class='ocrx_word' id='word_1_266' title='bbox 1457 2222 1711 2293; x_wconf 77' lang='grc' dir='ltr'>ἀναμάρο</span> 
     </span>
    </p>
   </div>
   <div class='ocr_carea' id='block_1_39' title="bbox 44 2311 1709 2391">
    <p class='ocr_par' dir='ltr' id='par_1_39' title="bbox 44 2311 1709 2391">
     <span class='ocr_line' id='line_1_39' title="bbox 44 2311 1709 2391; baseline -0.004 -20"><span class='ocrx_word' id='word_1_267' title='bbox 44 2360 55 2382; x_wconf 45' lang='grc' dir='ltr'><em>κ</em></span> <span class='ocrx_word' id='word_1_268' title='bbox 110 2335 253 2389; x_wconf 90' lang='grc' dir='ltr'>τητα</span> <span class='ocrx_word' id='word_1_269' title='bbox 309 2319 421 2391; x_wconf 83' lang='grc' dir='ltr'>ἄρα</span> <span class='ocrx_word' id='word_1_270' title='bbox 485 2318 556 2372; x_wconf 76' lang='grc' dir='ltr'><strong>τὰ</strong></span> <span class='ocrx_word' id='word_1_271' title='bbox 612 2316 813 2380; x_wconf 80' lang='grc' dir='ltr'>πάντα,</span> <span class='ocrx_word' id='word_1_272' title='bbox 877 2316 973 2368; x_wconf 71' lang='grc' dir='ltr'>καὶ</span> <span class='ocrx_word' id='word_1_273' title='bbox 1017 2317 1077 2367; x_wconf 82' lang='grc' dir='ltr'>ὲν</span> <span class='ocrx_word' id='word_1_274' title='bbox 1143 2313 1361 2385; x_wconf 77' lang='grc' dir='ltr'>φυλακῇ</span> <span class='ocrx_word' id='word_1_275' title='bbox 1414 2311 1509 2365; x_wconf 75' lang='grc' dir='ltr'>τοῦ</span> <span class='ocrx_word' id='word_1_276' title='bbox 1543 2312 1709 2382; x_wconf 86' lang='grc' dir='ltr'>νόμου</span> 
     </span>
    </p>
   </div>
   <div class='ocr_carea' id='block_1_40' title="bbox 109 2403 1712 2480">
    <p class='ocr_par' dir='ltr' id='par_1_40' title="bbox 109 2403 1712 2480">
     <span class='ocr_line' id='line_1_40' title="bbox 109 2403 1712 2480; baseline -0.005 -16"><span class='ocrx_word' id='word_1_277' title='bbox 109 2411 359 2480; x_wconf 77' lang='grc' dir='ltr'>ἐγένοντο</span> <span class='ocrx_word' id='word_1_278' title='bbox 423 2410 489 2464; x_wconf 84' lang='grc' dir='ltr'>ἂν</span> <span class='ocrx_word' id='word_1_279' title='bbox 537 2452 552 2476; x_wconf 88' lang='grc'><strong>,</strong></span> <span class='ocrx_word' id='word_1_280' title='bbox 606 2409 701 2463; x_wconf 79' lang='grc' dir='ltr'>καὶ</span> <span class='ocrx_word' id='word_1_281' title='bbox 761 2409 892 2462; x_wconf 83' lang='grc' dir='ltr'>ἄνευ</span> <span class='ocrx_word' id='word_1_282' title='bbox 953 2406 1048 2462; x_wconf 80' lang='grc' dir='ltr'><strong>τοῦ</strong></span> <span class='ocrx_word' id='word_1_283' title='bbox 1104 2406 1344 2479; x_wconf 73' lang='grc' dir='ltr'>Χριστοῦ</span> <span class='ocrx_word' id='word_1_284' title='bbox 1405 2403 1712 2459; x_wconf 82' lang='grc' dir='ltr'>ὑποτασσό-</span> 
     </span>
    </p>
   </div>
   <div class='ocr_carea' id='block_1_41' title="bbox 44 2496 1711 2573">
    <p class='ocr_par' dir='ltr' id='par_1_41' title="bbox 44 2496 1711 2573">
     <span class='ocr_line' id='line_1_41' title="bbox 44 2496 1711 2573; baseline -0.001 -22"><span class='ocrx_word' id='word_1_285' title='bbox 44 2526 45 2551; x_wconf 78' lang='grc' dir='ltr'><strong><em>ς</em></strong></span> <span class='ocrx_word' id='word_1_286' title='bbox 100 2514 291 2573; x_wconf 72' lang='grc' dir='ltr'>’μεναο</span> <span class='ocrx_word' id='word_1_287' title='bbox 348 2502 447 2556; x_wconf 71' lang='grc' dir='ltr'>καὶ</span> <span class='ocrx_word' id='word_1_288' title='bbox 502 2505 640 2573; x_wconf 85' lang='grc' dir='ltr'>μετὰ</span> <span class='ocrx_word' id='word_1_289' title='bbox 695 2500 753 2554; x_wconf 84' lang='grc' dir='ltr'>δὲ</span> <span class='ocrx_word' id='word_1_290' title='bbox 798 2500 898 2572; x_wconf 73' lang='grc' dir='ltr'>τὴν</span> <span class='ocrx_word' id='word_1_291' title='bbox 926 2500 1206 2572; x_wconf 88' lang='grc' dir='ltr'>σάρκωσιν</span> <span class='ocrx_word' id='word_1_292' title='bbox 1278 2497 1371 2553; x_wconf 80' lang='grc' dir='ltr'>τοῦ</span> <span class='ocrx_word' id='word_1_293' title='bbox 1415 2497 1591 2567; x_wconf 71' lang='grc' dir='ltr'>Λόγου</span> <span class='ocrx_word' id='word_1_294' title='bbox 1635 2496 1711 2567; x_wconf 85' lang='grc' dir='ltr'>μὴ</span> 
     </span>
    </p>
   </div>
   <div class='ocr_carea' id='block_1_42' title="bbox 108 2584 1712 2663">
    <p class='ocr_par' dir='ltr' id='par_1_42' title="bbox 108 2584 1712 2663">
     <span class='ocr_line' id='line_1_42' title="bbox 108 2584 1712 2663; baseline -0.003 -19"><span class='ocrx_word' id='word_1_295' title='bbox 108 2590 465 2646; x_wconf 84' lang='grc' dir='ltr'>ὑπακούοντα</span> <span class='ocrx_word' id='word_1_296' title='bbox 522 2590 597 2660; x_wconf 84' lang='grc' dir='ltr'>τῷ</span> <span class='ocrx_word' id='word_1_297' title='bbox 625 2591 771 2663; x_wconf 54' lang='grc' dir='ltr'>μύω)</span> <span class='ocrx_word' id='word_1_298' title='bbox 801 2629 817 2654; x_wconf 89' lang='grc'><strong>,</strong></span> <span class='ocrx_word' id='word_1_299' title='bbox 851 2591 911 2643; x_wconf 78' lang='grc' dir='ltr'>οὐ</span> <span class='ocrx_word' id='word_1_300' title='bbox 947 2587 1256 2644; x_wconf 82' lang='grc' dir='ltr'>δικαιοῦταί</span> <span class='ocrx_word' id='word_1_301' title='bbox 1295 2600 1425 2642; x_wconf 84' lang='grc' dir='ltr'>ποτε</span> <span class='ocrx_word' id='word_1_302' title='bbox 1459 2603 1473 2619; x_wconf 72' lang='grc' dir='ltr'><strong><em>ο</em></strong></span> <span class='ocrx_word' id='word_1_303' title='bbox 1505 2586 1566 2640; x_wconf 87' lang='grc' dir='ltr'><strong>τὸ</strong></span> <span class='ocrx_word' id='word_1_304' title='bbox 1616 2584 1712 2641; x_wconf 76' lang='grc' dir='ltr'>οὖν</span> 
     </span>
    </p>
   </div>
   <div class='ocr_carea' id='block_1_43' title="bbox 44 2675 1713 2752">
    <p class='ocr_par' dir='ltr' id='par_1_43' title="bbox 44 2675 1713 2752">
     <span class='ocr_line' id='line_1_43' title="bbox 44 2675 1713 2752; baseline -0.005 -12"><span class='ocrx_word' id='word_1_305' title='bbox 44 2710 47 2715; x_wconf 61' lang='grc' dir='ltr'><strong>λ</strong></span> <span class='ocrx_word' id='word_1_306' title='bbox 107 2686 350 2740; x_wconf 81' lang='grc' dir='ltr'>ἐναντίον</span> <span class='ocrx_word' id='word_1_307' title='bbox 406 2683 737 2749; x_wconf 87' lang='grc' dir='ltr'>δείκνυται,</span> <span class='ocrx_word' id='word_1_308' title='bbox 802 2677 847 2736; x_wconf 81' lang='grc' dir='ltr'><strong>ὦ</strong></span> <span class='ocrx_word' id='word_1_309' title='bbox 906 2675 1089 2737; x_wconf 71' lang='grc' dir='ltr'>οὗτοιο</span> <span class='ocrx_word' id='word_1_310' title='bbox 1142 2682 1225 2735; x_wconf 80' lang='grc' dir='ltr'>ὅτι</span> <span class='ocrx_word' id='word_1_311' title='bbox 1301 2679 1483 2752; x_wconf 78' lang='grc' dir='ltr'>σάρκα</span> <span class='ocrx_word' id='word_1_312' title='bbox 1531 2678 1713 2748; x_wconf 72' lang='grc' dir='ltr'>ἁμαρ-</span> 
     </span>
    </p>
   </div>
   <div class='ocr_carea' id='block_1_44' title="bbox 100 2770 1714 2848">
    <p class='ocr_par' dir='ltr' id='par_1_44' title="bbox 100 2770 1714 2848">
     <span class='ocr_line' id='line_1_44' title="bbox 100 2770 1714 2848; baseline -0.006 -13"><span class='ocrx_word' id='word_1_313' title='bbox 100 2780 225 2844; x_wconf 70' lang='grc' dir='ltr'>τίας</span> <span class='ocrx_word' id='word_1_314' title='bbox 273 2774 446 2834; x_wconf 81' lang='grc' dir='ltr'>οὖσαν</span> <span class='ocrx_word' id='word_1_315' title='bbox 475 2777 637 2848; x_wconf 84' lang='grc' dir='ltr'>φύσει</span> <span class='ocrx_word' id='word_1_316' title='bbox 657 2775 1030 2848; x_wconf 67' lang='grc' dir='ltr'>’δικαιωθῆναι</span> <span class='ocrx_word' id='word_1_317' title='bbox 1085 2775 1179 2830; x_wconf 75' lang='grc' dir='ltr'>καὶ</span> <span class='ocrx_word' id='word_1_318' title='bbox 1205 2771 1610 2828; x_wconf 78' lang='grc' dir='ltr'>ὑποτάσσεσθαι</span> <span class='ocrx_word' id='word_1_319' title='bbox 1635 2770 1714 2841; x_wconf 84' lang='grc' dir='ltr'><strong>τῷ</strong></span> 
     </span>
    </p>
   </div>
   <div class='ocr_carea' id='block_1_45' title="bbox 44 2860 1713 2944">
    <p class='ocr_par' dir='ltr' id='par_1_45' title="bbox 44 2860 1713 2944">
     <span class='ocr_line' id='line_1_45' title="bbox 44 2860 1713 2944; baseline -0.008 -17"><span class='ocrx_word' id='word_1_320' title='bbox 44 2902 47 2927; x_wconf 69' lang='grc' dir='ltr'><strong>ι</strong></span> <span class='ocrx_word' id='word_1_321' title='bbox 107 2874 261 2944; x_wconf 81' lang='grc' dir='ltr'>νόμῳ</span> <span class='ocrx_word' id='word_1_322' title='bbox 290 2871 389 2926; x_wconf 80' lang='grc' dir='ltr'>τοῦ</span> <span class='ocrx_word' id='word_1_323' title='bbox 439 2860 575 2924; x_wconf 84' lang='grc' dir='ltr'>Θεοῦ</span> <span class='ocrx_word' id='word_1_324' title='bbox 646 2870 706 2923; x_wconf 82' lang='grc' dir='ltr'>οὐ</span> <span class='ocrx_word' id='word_1_325' title='bbox 745 2867 1078 2939; x_wconf 81' lang='grc' dir='ltr'>δυναμένην,</span> <span class='ocrx_word' id='word_1_326' title='bbox 1124 2868 1228 2920; x_wconf 84' lang='grc' dir='ltr'>οὐκ</span> <span class='ocrx_word' id='word_1_327' title='bbox 1251 2861 1321 2936; x_wconf 80' lang='grc' dir='ltr'>ἦν</span> <span class='ocrx_word' id='word_1_328' title='bbox 1349 2862 1713 2932; x_wconf 83' lang='grc' dir='ltr'>δικαιωθῆναι</span> 
     </span>
    </p>
   </div>
   <div class='ocr_carea' id='block_1_46' title="bbox 44 2956 1715 3035">
    <p class='ocr_par' dir='ltr' id='par_1_46' title="bbox 44 2956 1715 3035">
     <span class='ocr_line' id='line_1_46' title="bbox 44 2956 1715 3035; baseline -0.007 -15"><span class='ocrx_word' id='word_1_329' title='bbox 44 3018 45 3021; x_wconf 43' lang='grc' dir='ltr'><strong>η</strong></span> <span class='ocrx_word' id='word_1_330' title='bbox 105 2963 201 3016; x_wconf 77' lang='grc' dir='ltr'>καὶ</span> <span class='ocrx_word' id='word_1_331' title='bbox 232 2962 530 3035; x_wconf 83' lang='grc' dir='ltr'>πληρῶσαι</span> <span class='ocrx_word' id='word_1_332' title='bbox 587 2962 769 3015; x_wconf 77' lang='grc' dir='ltr'>πᾶσαν</span> <span class='ocrx_word' id='word_1_333' title='bbox 803 2959 1073 3027; x_wconf 78' lang='grc' dir='ltr'>ὑπακοὴν,</span> <span class='ocrx_word' id='word_1_334' title='bbox 1130 2959 1178 3011; x_wconf 87' lang='grc' dir='ltr'><strong>εί</strong></span> <span class='ocrx_word' id='word_1_335' title='bbox 1212 2958 1288 3030; x_wconf 81' lang='grc' dir='ltr'>μὴ</span> <span class='ocrx_word' id='word_1_336' title='bbox 1328 2956 1417 3011; x_wconf 72' lang='grc' dir='ltr'>διὰ</span> <span class='ocrx_word' id='word_1_337' title='bbox 1476 2958 1715 3029; x_wconf 84' lang='grc' dir='ltr'>μεταλή-</span> 
     </span>
    </p>
   </div>
   <div class='ocr_carea' id='block_1_47' title="bbox 103 3050 1775 3140">
    <p class='ocr_par' dir='ltr' id='par_1_47' title="bbox 103 3050 1775 3140">
     <span class='ocr_line' id='line_1_47' title="bbox 103 3050 1775 3140; baseline -0.003 -29"><span class='ocrx_word' id='word_1_338' title='bbox 103 3056 252 3127; x_wconf 73' lang='grc' dir='ltr'>ψεως</span> <span class='ocrx_word' id='word_1_339' title='bbox 274 3055 470 3119; x_wconf 84' lang='grc' dir='ltr'>ούσίας</span> <span class='ocrx_word' id='word_1_340' title='bbox 510 3053 925 3125; x_wconf 81' lang='grc' dir='ltr'>ἀναμαρτήτου,</span> <span class='ocrx_word' id='word_1_341' title='bbox 957 3051 1081 3123; x_wconf 73' lang='grc' dir='ltr'>ἥτις</span> <span class='ocrx_word' id='word_1_342' title='bbox 1111 3051 1260 3105; x_wconf 76' lang='grc' dir='ltr'>ἐστὶν</span> <span class='ocrx_word' id='word_1_343' title='bbox 1302 3052 1339 3124; x_wconf 72' lang='grc' dir='ltr'><strong>ἡ</strong></span> <span class='ocrx_word' id='word_1_344' title='bbox 1369 3050 1490 3105; x_wconf 81' lang='grc' dir='ltr'>θεία</span> <span class='ocrx_word' id='word_1_345' title='bbox 1518 3052 1703 3122; x_wconf 85' lang='grc' dir='ltr'>μόνον.</span> <span class='ocrx_word' id='word_1_346' title='bbox 1733 3082 1775 3140; x_wconf 75' lang='lat' dir='ltr'>c</span> 
     </span>
    </p>
   </div>
   <div class='ocr_carea' id='block_1_48' title="bbox 713 3167 1107 3237">
    <p class='ocr_par' dir='ltr' id='par_1_48' title="bbox 713 3167 1107 3237">
     <span class='ocr_line' id='line_1_48' title="bbox 713 3167 1107 3237; baseline -0.005 -11"><span class='ocrx_word' id='word_1_347' title='bbox 713 3170 970 3226; x_wconf 75' lang='grc' dir='ltr'><strong>ΚΕΦΔΔ.</strong></span> <span class='ocrx_word' id='word_1_348' title='bbox 989 3167 1107 3237; x_wconf 72' lang='grc' dir='ltr'>ις’.</span> 
     </span>
    </p>
   </div>
   <div class='ocr_carea' id='block_1_49' title="bbox 44 3258 1714 3338">
    <p class='ocr_par' dir='ltr' id='par_1_49' title="bbox 44 3258 1714 3338">
     <span class='ocr_line' id='line_1_49' title="bbox 44 3258 1714 3338; baseline -0.001 -23"><span class='ocrx_word' id='word_1_349' title='bbox 44 3278 45 3303; x_wconf 67' lang='grc' dir='ltr'><strong>ῖ</strong></span> <span class='ocrx_word' id='word_1_350' title='bbox 76 3268 105 3279; x_wconf 76' lang='grc'><strong>’“</strong></span> <span class='ocrx_word' id='word_1_351' title='bbox 175 3264 252 3322; x_wconf 76' lang='grc' dir='ltr'>Τὸ</span> <span class='ocrx_word' id='word_1_352' title='bbox 268 3287 287 3319; x_wconf 73' lang='grc' dir='ltr'><strong>ι</strong></span> <span class='ocrx_word' id='word_1_353' title='bbox 302 3261 536 3338; x_wconf 83' lang='grc' dir='ltr'>Ἔχρισέ</span> <span class='ocrx_word' id='word_1_354' title='bbox 555 3265 653 3317; x_wconf 84' lang='grc' dir='ltr'>σεὸ</span> <span class='ocrx_word' id='word_1_355' title='bbox 670 3262 825 3326; x_wconf 88' lang='grc' dir='ltr'>Θεὸς,</span> <span class='ocrx_word' id='word_1_356' title='bbox 843 3263 871 3314; x_wconf 89' lang='lat'><strong>6</strong></span> <span class='ocrx_word' id='word_1_357' title='bbox 887 3262 1020 3326; x_wconf 84' lang='grc' dir='ltr'>Θεός</span> <span class='ocrx_word' id='word_1_358' title='bbox 1042 3277 1159 3328; x_wconf 90' lang='grc' dir='ltr'>σου,</span> <span class='ocrx_word' id='word_1_359' title='bbox 1184 3281 1211 3316; x_wconf 73' lang='grc' dir='ltr'><strong>τ</strong></span> <span class='ocrx_word' id='word_1_360' title='bbox 1232 3260 1279 3314; x_wconf 85' lang='grc' dir='ltr'><strong>εί</strong></span> <span class='ocrx_word' id='word_1_361' title='bbox 1307 3258 1382 3332; x_wconf 72' lang='grc' dir='ltr'>μὴ</span> <span class='ocrx_word' id='word_1_362' title='bbox 1400 3258 1489 3314; x_wconf 85' lang='grc' dir='ltr'><strong>τὸν</strong></span> <span class='ocrx_word' id='word_1_363' title='bbox 1505 3260 1714 3330; x_wconf 76' lang='grc' dir='ltr'>ἄνθρω-</span> 
     </span>
    </p>
   </div>
   <div class='ocr_carea' id='block_1_50' title="bbox 44 3351 1705 3428">
    <p class='ocr_par' dir='ltr' id='par_1_50' title="bbox 44 3351 1705 3428">
     <span class='ocr_line' id='line_1_50' title="bbox 44 3351 1705 3428; baseline -0.007 -12"><span class='ocrx_word' id='word_1_364' title='bbox 44 3374 45 3379; x_wconf 83' lang='lat'>‘</span> <span class='ocrx_word' id='word_1_365' title='bbox 104 3375 208 3416; x_wconf 78' lang='grc' dir='ltr'><strong>πον</strong></span> <span class='ocrx_word' id='word_1_366' title='bbox 237 3359 389 3428; x_wconf 78' lang='grc' dir='ltr'>λέγει</span> <span class='ocrx_word' id='word_1_367' title='bbox 420 3360 487 3428; x_wconf 76' lang='grc' dir='ltr'>τῇ</span> <span class='ocrx_word' id='word_1_368' title='bbox 519 3357 696 3427; x_wconf 85' lang='grc' dir='ltr'>χρίσει</span> <span class='ocrx_word' id='word_1_369' title='bbox 721 3354 811 3409; x_wconf 80' lang='grc' dir='ltr'>τοῦ</span> <span class='ocrx_word' id='word_1_370' title='bbox 841 3352 1160 3424; x_wconf 76' lang='grc' dir='ltr'>Πνεῦματος</span> <span class='ocrx_word' id='word_1_371' title='bbox 1196 3351 1532 3425; x_wconf 81' lang='grc' dir='ltr'>τιμώμενον,</span> <span class='ocrx_word' id='word_1_372' title='bbox 1568 3352 1705 3404; x_wconf 68' lang='grc' dir='ltr'>ἀλλὰ</span> 
     </span>
    </p>
   </div>
   <div class='ocr_carea' id='block_1_51' title="bbox 44 3443 1712 3519">
    <p class='ocr_par' dir='ltr' id='par_1_51' title="bbox 44 3443 1712 3519">
     <span class='ocr_line' id='line_1_51' title="bbox 44 3443 1712 3519; baseline -0.007 -12"><span class='ocrx_word' id='word_1_373' title='bbox 44 3466 49 3491; x_wconf 67' lang='grc' dir='ltr'><strong>ί</strong></span> <span class='ocrx_word' id='word_1_374' title='bbox 106 3454 200 3508; x_wconf 80' lang='grc' dir='ltr'><strong>τὸν</strong></span> <span class='ocrx_word' id='word_1_375' title='bbox 238 3453 375 3507; x_wconf 79' lang='grc' dir='ltr'>Θεὸν</span> <span class='ocrx_word' id='word_1_376' title='bbox 407 3450 602 3518; x_wconf 85' lang='grc' dir='ltr'>Λόγον,</span> <span class='ocrx_word' id='word_1_377' title='bbox 636 3449 774 3519; x_wconf 86' lang='grc' dir='ltr'>πρὸς</span> <span class='ocrx_word' id='word_1_378' title='bbox 807 3446 1032 3518; x_wconf 82' lang='grc' dir='ltr'>ἀτιμίαν</span> <span class='ocrx_word' id='word_1_379' title='bbox 1065 3444 1231 3500; x_wconf 82' lang='grc' dir='ltr'>αὐτὸν</span> <span class='ocrx_word' id='word_1_380' title='bbox 1281 3444 1499 3516; x_wconf 73' lang='grc' dir='ltr'>ἔχρισεν</span> <span class='ocrx_word' id='word_1_381' title='bbox 1523 3445 1552 3497; x_wconf 98' lang='lat'><strong>6</strong></span> <span class='ocrx_word' id='word_1_382' title='bbox 1584 3443 1712 3515; x_wconf 88' lang='grc' dir='ltr'>χρί-</span> 
     </span>
    </p>
   </div>
   <div class='ocr_carea' id='block_1_52' title="bbox 103 3533 1711 3611">
    <p class='ocr_par' dir='ltr' id='par_1_52' title="bbox 103 3533 1711 3611">
     <span class='ocr_line' id='line_1_52' title="bbox 103 3533 1711 3611; baseline -0.006 -13"><span class='ocrx_word' id='word_1_383' title='bbox 103 3561 209 3609; x_wconf 77' lang='grc' dir='ltr'><strong>σας</strong></span> <span class='ocrx_word' id='word_1_384' title='bbox 228 3542 420 3607; x_wconf 83' lang='grc' dir='ltr'>αὐτὸν,</span> <span class='ocrx_word' id='word_1_385' title='bbox 454 3540 676 3611; x_wconf 75' lang='grc' dir='ltr'>μείζονα</span> <span class='ocrx_word' id='word_1_386' title='bbox 706 3533 781 3593; x_wconf 80' lang='grc' dir='ltr'>ὧν</span> <span class='ocrx_word' id='word_1_387' title='bbox 839 3536 1000 3592; x_wconf 74' lang='grc' dir='ltr'>ἔλαϐε</span> <span class='ocrx_word' id='word_1_388' title='bbox 1042 3536 1132 3590; x_wconf 64' lang='grc' dir='ltr'>διὰ</span> <span class='ocrx_word' id='word_1_389' title='bbox 1161 3536 1259 3608; x_wconf 83' lang='grc' dir='ltr'>τῆς</span> <span class='ocrx_word' id='word_1_390' title='bbox 1295 3536 1531 3608; x_wconf 85' lang='grc' dir='ltr'>χρίσεως</span> <span class='ocrx_word' id='word_1_391' title='bbox 1557 3534 1711 3606; x_wconf 61' lang='grc' dir='ltr'>ἔχον-</span> 
     </span>
    </p>
   </div>
   <div class='ocr_carea' id='block_1_53' title="bbox 44 3627 1712 3706">
    <p class='ocr_par' dir='ltr' id='par_1_53' title="bbox 44 3627 1712 3706">
     <span class='ocr_line' id='line_1_53' title="bbox 44 3627 1712 3706; baseline -0.007 -15"><span class='ocrx_word' id='word_1_392' title='bbox 44 3652 49 3681; x_wconf 79' lang='grc' dir='ltr'>ί</span> <span class='ocrx_word' id='word_1_393' title='bbox 106 3653 177 3690; x_wconf 83' lang='grc' dir='ltr'><strong>τα</strong></span> <span class='ocrx_word' id='word_1_394' title='bbox 207 3637 267 3690; x_wconf 68' lang='grc' dir='ltr'>ἐν</span> <span class='ocrx_word' id='word_1_395' title='bbox 312 3638 380 3706; x_wconf 82' lang='grc' dir='ltr'><strong>τῇ</strong></span> <span class='ocrx_word' id='word_1_396' title='bbox 418 3632 598 3705; x_wconf 81' lang='grc' dir='ltr'>οἰκείᾳ</span> <span class='ocrx_word' id='word_1_397' title='bbox 624 3630 803 3701; x_wconf 86' lang='grc' dir='ltr'>φύσει·</span> <span class='ocrx_word' id='word_1_398' title='bbox 837 3631 946 3693; x_wconf 77' lang='grc' dir='ltr'>πᾶς</span> <span class='ocrx_word' id='word_1_399' title='bbox 1001 3628 1112 3701; x_wconf 79' lang='grc' dir='ltr'>γὰρ</span> <span class='ocrx_word' id='word_1_400' title='bbox 1149 3630 1178 3681; x_wconf 92' lang='lat'><strong>6</strong></span> <span class='ocrx_word' id='word_1_401' title='bbox 1217 3628 1525 3699; x_wconf 80' lang='grc' dir='ltr'>χριόμενος,</span> <span class='ocrx_word' id='word_1_402' title='bbox 1560 3627 1712 3698; x_wconf 83' lang='grc' dir='ltr'>χρίε-</span> 
     </span>
    </p>
   </div>
   <div class='ocr_carea' id='block_1_54' title="bbox 44 3718 1713 3799">
    <p class='ocr_par' dir='ltr' id='par_1_54' title="bbox 44 3718 1713 3799">
     <span class='ocr_line' id='line_1_54' title="bbox 44 3718 1713 3799; baseline -0.008 -15"><span class='ocrx_word' id='word_1_403' title='bbox 44 3744 48 3771; x_wconf 71' lang='grc' dir='ltr'><em>τ</em></span> <span class='ocrx_word' id='word_1_404' title='bbox 104 3743 199 3783; x_wconf 75' lang='grc' dir='ltr'><strong>ται</strong></span> <span class='ocrx_word' id='word_1_405' title='bbox 231 3730 321 3784; x_wconf 84' lang='grc' dir='ltr'>ἵνα</span> <span class='ocrx_word' id='word_1_406' title='bbox 350 3725 495 3799; x_wconf 79' lang='grc' dir='ltr'>λάϐῃ</span> <span class='ocrx_word' id='word_1_407' title='bbox 521 3723 642 3780; x_wconf 82' lang='grc' dir='ltr'>τινὰ</span> <span class='ocrx_word' id='word_1_408' title='bbox 672 3723 708 3778; x_wconf 75' lang='grc' dir='ltr'>ἃ</span> <span class='ocrx_word' id='word_1_409' title='bbox 740 3725 797 3777; x_wconf 77' lang='grc' dir='ltr'>ἐν</span> <span class='ocrx_word' id='word_1_410' title='bbox 827 3724 894 3795; x_wconf 83' lang='grc' dir='ltr'>τῇ</span> <span class='ocrx_word' id='word_1_411' title='bbox 931 3719 1092 3791; x_wconf 73' lang='grc' dir='ltr'>φύσει</span> <span class='ocrx_word' id='word_1_412' title='bbox 1134 3718 1282 3791; x_wconf 74' lang='grc' dir='ltr'>ἔχειν</span> <span class='ocrx_word' id='word_1_413' title='bbox 1341 3720 1402 3773; x_wconf 84' lang='grc' dir='ltr'><strong>ού</strong></span> <span class='ocrx_word' id='word_1_414' title='bbox 1463 3719 1713 3773; x_wconf 81' lang='grc' dir='ltr'>δύναται.</span> 
     </span>
    </p>
   </div>
   <div class='ocr_carea' id='block_1_55' title="bbox 44 3809 1715 3888">
    <p class='ocr_par' dir='ltr' id='par_1_55' title="bbox 44 3809 1715 3888">
     <span class='ocr_line' id='line_1_55' title="bbox 44 3809 1715 3888; baseline -0.008 -11"><span class='ocrx_word' id='word_1_415' title='bbox 44 3842 45 3845; x_wconf 67' lang='lat'>‘</span> <span class='ocrx_word' id='word_1_416' title='bbox 120 3820 288 3876; x_wconf 71' lang='grc' dir='ltr'>Ἀλλὰ</span> <span class='ocrx_word' id='word_1_417' title='bbox 322 3820 379 3874; x_wconf 86' lang='grc' dir='ltr'><strong>τι</strong></span> <span class='ocrx_word' id='word_1_418' title='bbox 416 3818 605 3888; x_wconf 78' lang='grc' dir='ltr'>γέγονε</span> <span class='ocrx_word' id='word_1_419' title='bbox 634 3816 723 3872; x_wconf 80' lang='grc' dir='ltr'>διὰ</span> <span class='ocrx_word' id='word_1_420' title='bbox 749 3815 846 3885; x_wconf 60' lang='grc' dir='ltr'><strong>τῆξ</strong></span> <span class='ocrx_word' id='word_1_421' title='bbox 880 3814 1113 3886; x_wconf 71' lang='grc' dir='ltr'>κρίσεως</span> <span class='ocrx_word' id='word_1_422' title='bbox 1137 3814 1237 3883; x_wconf 78' lang='grc' dir='ltr'>τὴν</span> <span class='ocrx_word' id='word_1_423' title='bbox 1272 3810 1434 3882; x_wconf 83' lang='grc' dir='ltr'>φύσιν</span> <span class='ocrx_word' id='word_1_424' title='bbox 1470 3810 1576 3865; x_wconf 84' lang='grc' dir='ltr'><strong>ὑπὸ</strong></span> <span class='ocrx_word' id='word_1_425' title='bbox 1620 3809 1715 3864; x_wconf 77' lang='grc' dir='ltr'><strong>τοῦ</strong></span> 
     </span>
    </p>
   </div>
   <div class='ocr_carea' id='block_1_56' title="bbox 44 3902 1715 3979">
    <p class='ocr_par' dir='ltr' id='par_1_56' title="bbox 44 3902 1715 3979">
     <span class='ocr_line' id='line_1_56' title="bbox 44 3902 1715 3979; baseline -0.008 -11"><span class='ocrx_word' id='word_1_426' title='bbox 44 3930 49 3961; x_wconf 70' lang='grc' dir='ltr'>ς</span> <span class='ocrx_word' id='word_1_427' title='bbox 104 3912 250 3968; x_wconf 78' lang='grc' dir='ltr'>Θεοῦ</span> <span class='ocrx_word' id='word_1_428' title='bbox 281 3906 439 3973; x_wconf 77' lang='grc' dir='ltr'>οὗτος</span> <span class='ocrx_word' id='word_1_429' title='bbox 470 3911 498 3963; x_wconf 94' lang='lat'><strong>6</strong></span> <span class='ocrx_word' id='word_1_430' title='bbox 540 3907 807 3979; x_wconf 78' lang='grc' dir='ltr'>χρισθεὶς,</span> <span class='ocrx_word' id='word_1_431' title='bbox 846 3908 875 3959; x_wconf 87' lang='grc' dir='ltr'>ὁ</span> <span class='ocrx_word' id='word_1_432' title='bbox 900 3904 1205 3975; x_wconf 82' lang='grc' dir='ltr'>Ψαλμῳδὸς</span> <span class='ocrx_word' id='word_1_433' title='bbox 1234 3903 1546 3975; x_wconf 73' lang='grc' dir='ltr'>προσλὲγειο</span> <span class='ocrx_word' id='word_1_434' title='bbox 1578 3902 1715 3974; x_wconf 77' lang='grc' dir='ltr'>τῷδε</span> 
     </span>
    </p>
   </div>
   <div class='ocr_carea' id='block_1_57' title="bbox 44 3995 1717 4076">
    <p class='ocr_par' dir='ltr' id='par_1_57' title="bbox 44 3995 1717 4076">
     <span class='ocr_line' id='line_1_57' title="bbox 44 3995 1717 4076; baseline -0.003 -23"><span class='ocrx_word' id='word_1_435' title='bbox 44 4024 49 4053; x_wconf 79' lang='grc' dir='ltr'><strong><em>τ</em></strong></span> <span class='ocrx_word' id='word_1_436' title='bbox 100 4002 204 4061; x_wconf 83' lang='grc' dir='ltr'>οὖν</span> <span class='ocrx_word' id='word_1_437' title='bbox 239 4002 594 4076; x_wconf 82' lang='grc' dir='ltr'>προσεκτέον·</span> <span class='ocrx_word' id='word_1_438' title='bbox 636 3998 770 4054; x_wconf 88' lang='grc' dir='ltr'>Θεὸν</span> <span class='ocrx_word' id='word_1_439' title='bbox 795 4000 904 4070; x_wconf 72' lang='grc' dir='ltr'>γὰρ</span> <span class='ocrx_word' id='word_1_440' title='bbox 948 3999 1044 4051; x_wconf 76' lang='grc' dir='ltr'>καὶ</span> <span class='ocrx_word' id='word_1_441' title='bbox 1081 3997 1245 4052; x_wconf 82' lang='grc' dir='ltr'>αὑτὸν</span> <span class='ocrx_word' id='word_1_442' title='bbox 1303 3995 1559 4065; x_wconf 78' lang='grc' dir='ltr'>ὀνομάζει</span> <span class='ocrx_word' id='word_1_443' title='bbox 1607 3995 1717 4049; x_wconf 76' lang='grc' dir='ltr'>λοι-</span> 
     </span>
    </p>
   </div>
   <div class='ocr_carea' id='block_1_58' title="bbox 46 4086 1715 4164">
    <p class='ocr_par' dir='ltr' id='par_1_58' title="bbox 46 4086 1715 4164">
     <span class='ocr_line' id='line_1_58' title="bbox 46 4086 1715 4164; baseline -0.008 -11"><span class='ocrx_word' id='word_1_444' title='bbox 46 4116 51 4121; x_wconf 83' lang='grc'><em>’</em></span> <span class='ocrx_word' id='word_1_445' title='bbox 106 4100 213 4153; x_wconf 80' lang='grc' dir='ltr'><strong>πὸν</strong></span> <span class='ocrx_word' id='word_1_446' title='bbox 245 4097 340 4151; x_wconf 85' lang='grc' dir='ltr'><strong>τὸν</strong></span> <span class='ocrx_word' id='word_1_447' title='bbox 371 4095 476 4150; x_wconf 77' lang='grc' dir='ltr'>ὑπό</span> <span class='ocrx_word' id='word_1_448' title='bbox 518 4110 611 4147; x_wconf 83' lang='grc' dir='ltr'><strong>τον</strong></span> <span class='ocrx_word' id='word_1_449' title='bbox 641 4090 956 4164; x_wconf 79' lang='grc' dir='ltr'>χρισθέντα·</span> <span class='ocrx_word' id='word_1_450' title='bbox 990 4090 1205 4160; x_wconf 79' lang='grc' dir='ltr'>πέφυκε</span> <span class='ocrx_word' id='word_1_451' title='bbox 1242 4087 1300 4142; x_wconf 80' lang='grc' dir='ltr'>δὲ</span> <span class='ocrx_word' id='word_1_452' title='bbox 1349 4086 1474 4141; x_wconf 81' lang='grc' dir='ltr'>οὕτε</span> <span class='ocrx_word' id='word_1_453' title='bbox 1519 4087 1715 4158; x_wconf 77' lang='grc' dir='ltr'>αἰσθη-</span> 
     </span>
    </p>
   </div>
   <div class='ocr_carea' id='block_1_59' title="bbox 50 4178 1717 4258">
    <p class='ocr_par' dir='ltr' id='par_1_59' title="bbox 50 4178 1717 4258">
     <span class='ocr_line' id='line_1_59' title="bbox 50 4178 1717 4258; baseline -0.01 -12"><span class='ocrx_word' id='word_1_454' title='bbox 50 4216 51 4223; x_wconf 53' lang='grc' dir='ltr'><strong>η</strong></span> <span class='ocrx_word' id='word_1_455' title='bbox 107 4192 204 4246; x_wconf 87' lang='grc' dir='ltr'><strong>τὸν</strong></span> <span class='ocrx_word' id='word_1_456' title='bbox 234 4189 363 4243; x_wconf 74' lang='grc' dir='ltr'>οὔτε</span> <span class='ocrx_word' id='word_1_457' title='bbox 381 4187 583 4258; x_wconf 76' lang='grc' dir='ltr'>’νοητόν</span> <span class='ocrx_word' id='word_1_458' title='bbox 608 4203 661 4238; x_wconf 90' lang='grc' dir='ltr'><strong>τι</strong></span> <span class='ocrx_word' id='word_1_459' title='bbox 691 4182 824 4237; x_wconf 88' lang='grc' dir='ltr'>Θεὸν</span> <span class='ocrx_word' id='word_1_460' title='bbox 850 4181 1020 4245; x_wconf 81' lang='grc' dir='ltr'>ὅντως</span> <span class='ocrx_word' id='word_1_461' title='bbox 1054 4183 1230 4235; x_wconf 77' lang='grc' dir='ltr'>ποιεῖν</span> <span class='ocrx_word' id='word_1_462' title='bbox 1252 4218 1268 4244; x_wconf 85' lang='grc'><strong>,</strong></span> <span class='ocrx_word' id='word_1_463' title='bbox 1305 4178 1446 4248; x_wconf 77' lang='grc' dir='ltr'>πλὴν</span> <span class='ocrx_word' id='word_1_464' title='bbox 1476 4179 1511 4249; x_wconf 78' lang='grc' dir='ltr'><strong>ή</strong></span> <span class='ocrx_word' id='word_1_465' title='bbox 1544 4178 1717 4241; x_wconf 76' lang='grc' dir='ltr'>ὅντως</span> 
     </span>
    </p>
   </div>
   <div class='ocr_carea' id='block_1_60' title="bbox 44 4265 1714 4350">
    <p class='ocr_par' dir='ltr' id='par_1_60' title="bbox 44 4265 1714 4350">
     <span class='ocr_line' id='line_1_60' title="bbox 44 4265 1714 4350; baseline -0.01 -13"><span class='ocrx_word' id='word_1_466' title='bbox 44 4308 49 4337; x_wconf 73' lang='grc' dir='ltr'><strong>ι</strong></span> <span class='ocrx_word' id='word_1_467' title='bbox 106 4281 335 4350; x_wconf 84' lang='grc' dir='ltr'>θεότης·</span> <span class='ocrx_word' id='word_1_468' title='bbox 370 4277 587 4346; x_wconf 77' lang='grc' dir='ltr'>ἀνάγκη</span> <span class='ocrx_word' id='word_1_469' title='bbox 612 4269 706 4328; x_wconf 79' lang='grc' dir='ltr'>οὖν</span> <span class='ocrx_word' id='word_1_470' title='bbox 734 4273 965 4344; x_wconf 84' lang='grc' dir='ltr'>θεότητα</span> <span class='ocrx_word' id='word_1_471' title='bbox 1012 4265 1150 4323; x_wconf 81' lang='grc' dir='ltr'>εἶναι</span> <span class='ocrx_word' id='word_1_472' title='bbox 1179 4269 1280 4340; x_wconf 79' lang='grc' dir='ltr'>τὴν</span> <span class='ocrx_word' id='word_1_473' title='bbox 1310 4268 1591 4341; x_wconf 88' lang='grc' dir='ltr'>χρίουσαν,</span> <span class='ocrx_word' id='word_1_474' title='bbox 1626 4266 1714 4321; x_wconf 82' lang='grc' dir='ltr'><strong>διὰ</strong></span> 
     </span>
    </p>
   </div>
   <div class='ocr_carea' id='block_1_61' title="bbox 44 4359 1702 4435">
    <p class='ocr_par' dir='ltr' id='par_1_61' title="bbox 44 4359 1702 4435">
     <span class='ocr_line' id='line_1_61' title="bbox 44 4359 1702 4435; baseline -0.009 -8"><span class='ocrx_word' id='word_1_475' title='bbox 44 4406 49 4433; x_wconf 69' lang='grc'><strong>;</strong></span> <span class='ocrx_word' id='word_1_476' title='bbox 107 4375 172 4427; x_wconf 82' lang='grc' dir='ltr'><strong>τὸ</strong></span> <span class='ocrx_word' id='word_1_477' title='bbox 212 4391 232 4424; x_wconf 77' lang='grc' dir='ltr'><strong>ι</strong></span> <span class='ocrx_word' id='word_1_478' title='bbox 275 4374 305 4425; x_wconf 89' lang='lat'><strong>6</strong></span> <span class='ocrx_word' id='word_1_479' title='bbox 332 4370 464 4433; x_wconf 79' lang='grc' dir='ltr'>Θεός</span> <span class='ocrx_word' id='word_1_480' title='bbox 496 4384 612 4421; x_wconf 67' lang='grc' dir='ltr'>σου*</span> <span class='ocrx_word' id='word_1_481' title='bbox 649 4385 674 4419; x_wconf 71' lang='grc' dir='ltr'>-ι</span> <span class='ocrx_word' id='word_1_482' title='bbox 693 4366 786 4419; x_wconf 73' lang='grc' dir='ltr'>καὶ</span> <span class='ocrx_word' id='word_1_483' title='bbox 815 4363 1047 4435; x_wconf 80' lang='grc' dir='ltr'>θεότητα</span> <span class='ocrx_word' id='word_1_484' title='bbox 1071 4362 1133 4414; x_wconf 81' lang='grc' dir='ltr'><strong>τὸ</strong></span> <span class='ocrx_word' id='word_1_485' title='bbox 1161 4361 1391 4432; x_wconf 78' lang='grc' dir='ltr'>χρίσμα,</span> <span class='ocrx_word' id='word_1_486' title='bbox 1404 4359 1563 4414; x_wconf 80' lang='grc' dir='ltr'>διὰτὸ</span> <span class='ocrx_word' id='word_1_487' title='bbox 1580 4360 1702 4413; x_wconf 82' lang='grc' dir='ltr'>θεο-</span> 
     </span>
    </p>
   </div>
   <div class='ocr_carea' id='block_1_62' title="bbox 1809 1850 3400 1930">
    <p class='ocr_par' dir='ltr' id='par_1_62' title="bbox 1809 1850 3400 1930">
     <span class='ocr_line' id='line_1_62' title="bbox 1809 1850 3400 1930; baseline 0.001 -17"><span class='ocrx_word' id='word_1_488' title='bbox 1809 1866 1901 1914; x_wconf 84' lang='lat' dir='ltr'><strong>est</strong></span> <span class='ocrx_word' id='word_1_489' title='bbox 1926 1858 2164 1915; x_wconf 90' lang='lat' dir='ltr'><strong>homini.</strong></span> <span class='ocrx_word' id='word_1_490' title='bbox 2223 1858 2283 1915; x_wconf 91' lang='lat' dir='ltr'><strong>Si</strong></span> <span class='ocrx_word' id='word_1_491' title='bbox 2316 1876 2450 1916; x_wconf 88' lang='lat' dir='ltr'><strong>vero</strong></span> <span class='ocrx_word' id='word_1_492' title='bbox 2476 1861 2708 1930; x_wconf 75' lang='lat' dir='ltr'><strong>simplex</strong></span> <span class='ocrx_word' id='word_1_493' title='bbox 2730 1850 3042 1917; x_wconf 79' lang='lat' dir='ltr'><strong>dominatio</strong></span> <span class='ocrx_word' id='word_1_494' title='bbox 3077 1861 3278 1916; x_wconf 88' lang='lat' dir='ltr'><strong>horum</strong></span> <span class='ocrx_word' id='word_1_495' title='bbox 3313 1870 3400 1916; x_wconf 83' lang='lat' dir='ltr'><strong>est</strong></span> 
     </span>
    </p>
   </div>
   <div class='ocr_carea' id='block_1_63' title="bbox 1817 1950 3394 2021">
    <p class='ocr_par' dir='ltr' id='par_1_63' title="bbox 1817 1950 3394 2021">
     <span class='ocr_line' id='line_1_63' title="bbox 1817 1950 3394 2021; baseline 0.001 -17"><span class='ocrx_word' id='word_1_496' title='bbox 1817 1963 2004 2015; x_wconf 89' lang='lat' dir='ltr'><strong>causa,</strong></span> <span class='ocrx_word' id='word_1_497' title='bbox 2043 1950 2219 2006; x_wconf 88' lang='lat' dir='ltr'><strong>solius</strong></span> <span class='ocrx_word' id='word_1_498' title='bbox 2274 1951 2614 2007; x_wconf 66' lang='lat' dir='ltr'><strong>obedientia</strong></span> <span class='ocrx_word' id='word_1_499' title='bbox 2666 1967 2808 2021; x_wconf 87' lang='lat' dir='ltr'><strong>opus</strong></span> <span class='ocrx_word' id='word_1_500' title='bbox 2859 1951 3131 2007; x_wconf 80' lang='lat' dir='ltr'><strong>habemus</strong></span> <span class='ocrx_word' id='word_1_501' title='bbox 3180 1959 3236 2006; x_wconf 91' lang='lat' dir='ltr'><strong>et</strong></span> <span class='ocrx_word' id='word_1_502' title='bbox 3282 1967 3394 2007; x_wconf 90' lang='lat' dir='ltr'><strong>non</strong></span> 
     </span>
    </p>
   </div>
   <div class='ocr_carea' id='block_1_64' title="bbox 1808 2041 3395 2114">
    <p class='ocr_par' dir='ltr' id='par_1_64' title="bbox 1808 2041 3395 2114">
     <span class='ocr_line' id='line_1_64' title="bbox 1808 2041 3395 2114; baseline -0.001 -17"><span class='ocrx_word' id='word_1_503' title='bbox 1808 2041 2142 2097; x_wconf 66' lang='lat' dir='ltr'><strong>oeconomiae</strong></span> <span class='ocrx_word' id='word_1_504' title='bbox 2184 2042 2394 2099; x_wconf 83' lang='lat' dir='ltr'><strong>Christi</strong></span> <span class='ocrx_word' id='word_1_505' title='bbox 2457 2042 2525 2099; x_wconf 76' lang='lat' dir='ltr'><strong>ad</strong></span> <span class='ocrx_word' id='word_1_506' title='bbox 2588 2043 3047 2114; x_wconf 82' lang='lat' dir='ltr'><strong>justilicationem</strong></span> <span class='ocrx_word' id='word_1_507' title='bbox 3123 2051 3395 2099; x_wconf 88' lang='lat' dir='ltr'><strong>nostram.</strong></span> 
     </span>
    </p>
   </div>
   <div class='ocr_carea' id='block_1_65' title="bbox 1814 2130 3399 2204">
    <p class='ocr_par' dir='ltr' id='par_1_65' title="bbox 1814 2130 3399 2204">
     <span class='ocr_line' id='line_1_65' title="bbox 1814 2130 3399 2204; baseline 0.001 -19"><span class='ocrx_word' id='word_1_508' title='bbox 1814 2130 2112 2201; x_wconf 86' lang='lat' dir='ltr'><strong>Postquam</strong></span> <span class='ocrx_word' id='word_1_509' title='bbox 2141 2146 2339 2187; x_wconf 90' lang='lat' dir='ltr'><strong>omnes</strong></span> <span class='ocrx_word' id='word_1_510' title='bbox 2366 2147 2470 2188; x_wconf 87' lang='lat' dir='ltr'><strong>nos</strong></span> <span class='ocrx_word' id='word_1_511' title='bbox 2493 2141 2552 2188; x_wconf 89' lang='lat' dir='ltr'><strong>et</strong></span> <span class='ocrx_word' id='word_1_512' title='bbox 2591 2132 2847 2188; x_wconf 83' lang='lat' dir='ltr'><strong>diabolus</strong></span> <span class='ocrx_word' id='word_1_513' title='bbox 2891 2132 3399 2204; x_wconf 84' lang='lat' dir='ltr'><strong>ipse-dominamur</strong></span> 
     </span>
    </p>
   </div>
   <div class='ocr_carea' id='block_1_66' title="bbox 1815 2221 3399 2292">
    <p class='ocr_par' dir='ltr' id='par_1_66' title="bbox 1815 2221 3399 2292">
     <span class='ocr_line' id='line_1_66' title="bbox 1815 2221 3399 2292; baseline 0.001 -16"><span class='ocrx_word' id='word_1_514' title='bbox 1815 2236 1845 2276; x_wconf 90' lang='lat' dir='ltr'><strong>a</strong></span> <span class='ocrx_word' id='word_1_515' title='bbox 1874 2222 2012 2287; x_wconf 92' lang='lat' dir='ltr'><strong>Deo,</strong></span> <span class='ocrx_word' id='word_1_516' title='bbox 2051 2221 2438 2292; x_wconf 82' lang='lat' dir='ltr'><strong>impeccabilia</strong></span> <span class='ocrx_word' id='word_1_517' title='bbox 2464 2230 2598 2277; x_wconf 85' lang='lat' dir='ltr'><strong>sunt</strong></span> <span class='ocrx_word' id='word_1_518' title='bbox 2642 2222 2850 2288; x_wconf 88' lang='lat' dir='ltr'><strong>omnia,</strong></span> <span class='ocrx_word' id='word_1_519' title='bbox 2884 2231 2941 2278; x_wconf 90' lang='lat' dir='ltr'><strong>et</strong></span> <span class='ocrx_word' id='word_1_520' title='bbox 2995 2223 3099 2279; x_wconf 89' lang='lat' dir='ltr'><strong>sub</strong></span> <span class='ocrx_word' id='word_1_521' title='bbox 3146 2223 3399 2279; x_wconf 83' lang='lat' dir='ltr'><strong>custodia</strong></span> 
     </span>
    </p>
   </div>
   <div class='ocr_carea' id='block_1_67' title="bbox 1815 2311 3397 2383">
    <p class='ocr_par' dir='ltr' id='par_1_67' title="bbox 1815 2311 3397 2383">
     <span class='ocr_line' id='line_1_67' title="bbox 1815 2311 3397 2383; baseline 0.001 -17"><span class='ocrx_word' id='word_1_522' title='bbox 1815 2312 1954 2382; x_wconf 80' lang='lat' dir='ltr'><strong>legis</strong></span> <span class='ocrx_word' id='word_1_523' title='bbox 1991 2320 2050 2367; x_wconf 87' lang='lat' dir='ltr'><strong>et</strong></span> <span class='ocrx_word' id='word_1_524' title='bbox 2088 2312 2208 2367; x_wconf 86' lang='lat' dir='ltr'><strong>sine</strong></span> <span class='ocrx_word' id='word_1_525' title='bbox 2256 2311 2480 2369; x_wconf 84' lang='lat' dir='ltr'><strong>Christo</strong></span> <span class='ocrx_word' id='word_1_526' title='bbox 2532 2312 2805 2367; x_wconf 87' lang='lat' dir='ltr'><strong>ordinata.</strong></span> <span class='ocrx_word' id='word_1_527' title='bbox 2850 2313 2921 2368; x_wconf 88' lang='lat' dir='ltr'><strong>Et</strong></span> <span class='ocrx_word' id='word_1_528' title='bbox 2963 2321 3089 2383; x_wconf 88' lang='lat' dir='ltr'><strong>post</strong></span> <span class='ocrx_word' id='word_1_529' title='bbox 3137 2314 3397 2368; x_wconf 87' lang='lat' dir='ltr'><strong>incarna-</strong></span> 
     </span>
    </p>
   </div>
   <div class='ocr_carea' id='block_1_68' title="bbox 1810 2404 3398 2476">
    <p class='ocr_par' dir='ltr' id='par_1_68' title="bbox 1810 2404 3398 2476">
     <span class='ocr_line' id='line_1_68' title="bbox 1810 2404 3398 2476; baseline -0.001 -16"><span class='ocrx_word' id='word_1_530' title='bbox 1810 2405 2026 2460; x_wconf 77' lang='lat' dir='ltr'><strong>tionem</strong></span> <span class='ocrx_word' id='word_1_531' title='bbox 2045 2404 2210 2461; x_wconf 77' lang='lat' dir='ltr'><strong>Verbi</strong></span> <span class='ocrx_word' id='word_1_532' title='bbox 2246 2404 2343 2475; x_wconf 89' lang='lat' dir='ltr'><strong>qui</strong></span> <span class='ocrx_word' id='word_1_533' title='bbox 2370 2419 2483 2459; x_wconf 91' lang='lat' dir='ltr'><strong>non</strong></span> <span class='ocrx_word' id='word_1_534' title='bbox 2519 2404 2789 2460; x_wconf 87' lang='lat' dir='ltr'><strong>obediunt</strong></span> <span class='ocrx_word' id='word_1_535' title='bbox 2834 2405 2886 2460; x_wconf 91' lang='lat' dir='ltr'><strong>ei</strong></span> <span class='ocrx_word' id='word_1_536' title='bbox 2932 2404 3060 2469; x_wconf 89' lang='lat' dir='ltr'><strong>soli,</strong></span> <span class='ocrx_word' id='word_1_537' title='bbox 3110 2420 3398 2476; x_wconf 80' lang='lat' dir='ltr'><strong>nunquam</strong></span> 
     </span>
    </p>
   </div>
   <div class='ocr_carea' id='block_1_69' title="bbox 1814 2493 3396 2566">
    <p class='ocr_par' dir='ltr' id='par_1_69' title="bbox 1814 2493 3396 2566">
     <span class='ocr_line' id='line_1_69' title="bbox 1814 2493 3396 2566; baseline 0.002 -17"><span class='ocrx_word' id='word_1_538' title='bbox 1814 2493 2214 2566; x_wconf 79' lang='lat' dir='ltr'><strong>iustiﬁcantur.</strong></span> <span class='ocrx_word' id='word_1_539' title='bbox 2251 2494 2325 2549; x_wconf 88' lang='lat' dir='ltr'><strong>Et</strong></span> <span class='ocrx_word' id='word_1_540' title='bbox 2344 2508 2444 2550; x_wconf 86' lang='lat' dir='ltr'><strong>vos</strong></span> <span class='ocrx_word' id='word_1_541' title='bbox 2490 2494 2680 2550; x_wconf 85' lang='lat' dir='ltr'><strong>dicitis</strong></span> <span class='ocrx_word' id='word_1_542' title='bbox 2714 2494 3064 2551; x_wconf 77' lang='lat' dir='ltr'><strong>contrarium</strong></span> <span class='ocrx_word' id='word_1_543' title='bbox 3106 2495 3396 2566; x_wconf 88' lang='lat' dir='ltr'><strong>possibile,</strong></span> 
     </span>
    </p>
   </div>
   <div class='ocr_carea' id='block_1_70' title="bbox 1808 2586 3398 2658">
    <p class='ocr_par' dir='ltr' id='par_1_70' title="bbox 1808 2586 3398 2658">
     <span class='ocr_line' id='line_1_70' title="bbox 1808 2586 3398 2658; baseline 0.001 -17"><span class='ocrx_word' id='word_1_544' title='bbox 1808 2600 2040 2641; x_wconf 84' lang='lat' dir='ltr'><strong>carnem</strong></span> <span class='ocrx_word' id='word_1_545' title='bbox 2069 2586 2414 2657; x_wconf 83' lang='lat' dir='ltr'><strong>pecoabilem</strong></span> <span class='ocrx_word' id='word_1_546' title='bbox 2456 2594 2656 2642; x_wconf 86' lang='lat' dir='ltr'><strong>natura</strong></span> <span class='ocrx_word' id='word_1_547' title='bbox 2693 2586 2987 2658; x_wconf 72' lang='lat' dir='ltr'><strong>iustiﬁcari</strong></span> <span class='ocrx_word' id='word_1_548' title='bbox 3049 2596 3102 2644; x_wconf 86' lang='lat' dir='ltr'><strong>et</strong></span> <span class='ocrx_word' id='word_1_549' title='bbox 3147 2587 3398 2644; x_wconf 85' lang='lat' dir='ltr'><strong>ordinari</strong></span> 
     </span>
    </p>
   </div>
   <div class='ocr_carea' id='block_1_71' title="bbox 1810 2676 3401 2751">
    <p class='ocr_par' dir='ltr' id='par_1_71' title="bbox 1810 2676 3401 2751">
     <span class='ocr_line' id='line_1_71' title="bbox 1810 2676 3401 2751; baseline 0.002 -18"><span class='ocrx_word' id='word_1_550' title='bbox 1810 2676 1938 2749; x_wconf 77' lang='lat' dir='ltr'><strong>lege</strong></span> <span class='ocrx_word' id='word_1_551' title='bbox 1962 2678 2100 2746; x_wconf 90' lang='lat' dir='ltr'><strong>Dei;</strong></span> <span class='ocrx_word' id='word_1_552' title='bbox 2147 2694 2258 2734; x_wconf 91' lang='lat' dir='ltr'><strong>non</strong></span> <span class='ocrx_word' id='word_1_553' title='bbox 2303 2688 2488 2749; x_wconf 86' lang='lat' dir='ltr'><strong>potest</strong></span> <span class='ocrx_word' id='word_1_554' title='bbox 2522 2695 2625 2736; x_wconf 87' lang='lat' dir='ltr'><strong>nec</strong></span> <span class='ocrx_word' id='word_1_555' title='bbox 2661 2676 2975 2751; x_wconf 75' lang='lat' dir='ltr'><strong>iustificari,</strong></span> <span class='ocrx_word' id='word_1_556' title='bbox 3008 2694 3111 2735; x_wconf 89' lang='lat' dir='ltr'><strong>nec</strong></span> <span class='ocrx_word' id='word_1_557' title='bbox 3170 2680 3401 2750; x_wconf 80' lang='lat' dir='ltr'><strong>implore</strong></span> 
     </span>
    </p>
   </div>
   <div class='ocr_carea' id='block_1_72' title="bbox 1816 2767 3403 2840">
    <p class='ocr_par' dir='ltr' id='par_1_72' title="bbox 1816 2767 3403 2840">
     <span class='ocr_line' id='line_1_72' title="bbox 1816 2767 3403 2840; baseline 0.002 -18"><span class='ocrx_word' id='word_1_558' title='bbox 1816 2782 2037 2823; x_wconf 90' lang='lat' dir='ltr'><strong>omnem</strong></span> <span class='ocrx_word' id='word_1_559' title='bbox 2067 2767 2466 2837; x_wconf 84' lang='lat' dir='ltr'><strong>obedientiam,</strong></span> <span class='ocrx_word' id='word_1_560' title='bbox 2497 2770 2605 2825; x_wconf 88' lang='lat' dir='ltr'><strong>nisi</strong></span> <span class='ocrx_word' id='word_1_561' title='bbox 2626 2786 2729 2840; x_wconf 81' lang='lat' dir='ltr'><strong>per</strong></span> <span class='ocrx_word' id='word_1_562' title='bbox 2766 2769 3191 2826; x_wconf 85' lang='lat' dir='ltr'><strong>descensionem</strong></span> <span class='ocrx_word' id='word_1_563' title='bbox 3248 2770 3403 2826; x_wconf 77' lang='lat' dir='ltr'><strong>exsi—</strong></span> 
     </span>
    </p>
   </div>
   <div class='ocr_carea' id='block_1_73' title="bbox 1815 2859 3220 2931">
    <p class='ocr_par' dir='ltr' id='par_1_73' title="bbox 1815 2859 3220 2931">
     <span class='ocr_line' id='line_1_73' title="bbox 1815 2859 3220 2931; baseline -0.001 -16"><span class='ocrx_word' id='word_1_564' title='bbox 1815 2859 2035 2915; x_wconf 67' lang='lat' dir='ltr'><strong>stentiae</strong></span> <span class='ocrx_word' id='word_1_565' title='bbox 2067 2859 2445 2930; x_wconf 77' lang='lat' dir='ltr'><strong>impeccabilis</strong></span> <span class='ocrx_word' id='word_1_566' title='bbox 2480 2877 2605 2931; x_wconf 69' lang='lat' dir='ltr'><strong>quae</strong></span> <span class='ocrx_word' id='word_1_567' title='bbox 2635 2869 2721 2918; x_wconf 71' lang='lat' dir='ltr'><strong>est</strong></span> <span class='ocrx_word' id='word_1_568' title='bbox 2756 2861 2978 2917; x_wconf 84' lang='lat' dir='ltr'><strong>nonnisi</strong></span> <span class='ocrx_word' id='word_1_569' title='bbox 3007 2860 3220 2915; x_wconf 79' lang='lat' dir='ltr'><strong>divina.</strong></span> 
     </span>
    </p>
   </div>
   <div class='ocr_carea' id='block_1_74' title="bbox 2439 3165 2770 3226">
    <p class='ocr_par' dir='ltr' id='par_1_74' title="bbox 2439 3165 2770 3226">
     <span class='ocr_line' id='line_1_74' title="bbox 2439 3165 2770 3226; baseline -0.009 -1"><span class='ocrx_word' id='word_1_570' title='bbox 2439 3166 2597 3226; x_wconf 80' lang='lat' dir='ltr'><strong>CAP.</strong></span> <span class='ocrx_word' id='word_1_571' title='bbox 2632 3165 2770 3225; x_wconf 75' lang='lat' dir='ltr'><strong>XVI.</strong></span> 
     </span>
    </p>
   </div>
   <div class='ocr_carea' id='block_1_75' title="bbox 1880 3259 3399 3329">
    <p class='ocr_par' dir='ltr' id='par_1_75' title="bbox 1880 3259 3399 3329">
     <span class='ocr_line' id='line_1_75' title="bbox 1880 3259 3399 3329; baseline 0.001 -11"><span class='ocrx_word' id='word_1_572' title='bbox 1880 3260 2002 3318; x_wconf 79' lang='lat' dir='ltr'><strong>Hoc</strong></span> <span class='ocrx_word' id='word_1_573' title='bbox 2027 3260 2257 3318; x_wconf 83' lang='lat' dir='ltr'><strong>verbum</strong></span> <span class='ocrx_word' id='word_1_574' title='bbox 2297 3281 2315 3313; x_wconf 77' lang='grc' dir='ltr'><strong>ι</strong></span> <span class='ocrx_word' id='word_1_575' title='bbox 2363 3259 2534 3317; x_wconf 77' lang='lat' dir='ltr'><strong>Unxit</strong></span> <span class='ocrx_word' id='word_1_576' title='bbox 2565 3270 2618 3317; x_wconf 92' lang='lat' dir='ltr'><strong>te</strong></span> <span class='ocrx_word' id='word_1_577' title='bbox 2663 3261 2830 3329; x_wconf 91' lang='lat' dir='ltr'><strong>Deus,</strong></span> <span class='ocrx_word' id='word_1_578' title='bbox 2868 3260 3015 3317; x_wconf 89' lang='lat' dir='ltr'><strong>Deus</strong></span> <span class='ocrx_word' id='word_1_579' title='bbox 3048 3267 3172 3317; x_wconf 87' lang='lat' dir='ltr'><strong>tuus</strong></span> <span class='ocrx_word' id='word_1_580' title='bbox 3190 3271 3243 3328; x_wconf 71' lang='grc' dir='ltr'>ς,</span> <span class='ocrx_word' id='word_1_581' title='bbox 3277 3281 3294 3315; x_wconf 75' lang='grc' dir='ltr'><strong>ι</strong></span> <span class='ocrx_word' id='word_1_582' title='bbox 3352 3263 3399 3319; x_wconf 91' lang='lat' dir='ltr'><strong>si</strong></span> 
     </span>
    </p>
   </div>
   <div class='ocr_carea' id='block_1_76' title="bbox 1812 3354 3399 3429">
    <p class='ocr_par' dir='ltr' id='par_1_76' title="bbox 1812 3354 3399 3429">
     <span class='ocr_line' id='line_1_76' title="bbox 1812 3354 3399 3429; baseline 0.004 -21"><span class='ocrx_word' id='word_1_583' title='bbox 1812 3368 1927 3409; x_wconf 88' lang='lat' dir='ltr'><strong>non</strong></span> <span class='ocrx_word' id='word_1_584' title='bbox 1967 3354 2104 3409; x_wconf 90' lang='lat' dir='ltr'><strong>dicit</strong></span> <span class='ocrx_word' id='word_1_585' title='bbox 2147 3354 2427 3410; x_wconf 88' lang='lat' dir='ltr'><strong>hominem</strong></span> <span class='ocrx_word' id='word_1_586' title='bbox 2480 3355 2812 3412; x_wconf 79' lang='lat' dir='ltr'><strong>honoratum</strong></span> <span class='ocrx_word' id='word_1_587' title='bbox 2843 3355 3105 3411; x_wconf 85' lang='lat' dir='ltr'><strong>unctione</strong></span> <span class='ocrx_word' id='word_1_588' title='bbox 3136 3357 3399 3429; x_wconf 86' lang='lat' dir='ltr'><strong>Spiritus,</strong></span> 
     </span>
    </p>
   </div>
   <div class='ocr_carea' id='block_1_77' title="bbox 1815 3444 3400 3520">
    <p class='ocr_par' dir='ltr' id='par_1_77' title="bbox 1815 3444 3400 3520">
     <span class='ocr_line' id='line_1_77' title="bbox 1815 3444 3400 3520; baseline 0.003 -21"><span class='ocrx_word' id='word_1_589' title='bbox 1815 3444 1911 3500; x_wconf 89' lang='lat' dir='ltr'><strong>sed</strong></span> <span class='ocrx_word' id='word_1_590' title='bbox 1945 3445 2116 3501; x_wconf 90' lang='lat' dir='ltr'><strong>Deum</strong></span> <span class='ocrx_word' id='word_1_591' title='bbox 2152 3445 2397 3502; x_wconf 76' lang='lat' dir='ltr'><strong>Verbum</strong></span> <span class='ocrx_word' id='word_1_592' title='bbox 2429 3446 2498 3501; x_wconf 92' lang='lat' dir='ltr'><strong>ad</strong></span> <span class='ocrx_word' id='word_1_593' title='bbox 2540 3446 2786 3505; x_wconf 83' lang='lat' dir='ltr'><strong>dedecus</strong></span> <span class='ocrx_word' id='word_1_594' title='bbox 2823 3447 2983 3504; x_wconf 80' lang='lat' dir='ltr'><strong>unxit</strong></span> <span class='ocrx_word' id='word_1_595' title='bbox 3007 3463 3136 3504; x_wconf 89' lang='lat' dir='ltr'><strong>eum</strong></span> <span class='ocrx_word' id='word_1_596' title='bbox 3167 3464 3400 3520; x_wconf 79' lang='lat' dir='ltr'><strong>ungens.</strong></span> 
     </span>
    </p>
   </div>
   <div class='ocr_carea' id='block_1_78' title="bbox 1815 3536 3405 3610">
    <p class='ocr_par' dir='ltr' id='par_1_78' title="bbox 1815 3536 3405 3610">
     <span class='ocr_line' id='line_1_78' title="bbox 1815 3536 3405 3610; baseline 0.004 -21"><span class='ocrx_word' id='word_1_597' title='bbox 1815 3550 1916 3606; x_wconf 88' lang='lat' dir='ltr'><strong>per</strong></span> <span class='ocrx_word' id='word_1_598' title='bbox 1949 3536 2268 3591; x_wconf 85' lang='lat' dir='ltr'><strong>unctionem</strong></span> <span class='ocrx_word' id='word_1_599' title='bbox 2308 3537 2524 3607; x_wconf 86' lang='lat' dir='ltr'><strong>accepit</strong></span> <span class='ocrx_word' id='word_1_600' title='bbox 2546 3540 2753 3607; x_wconf 83' lang='lat' dir='ltr'><strong>majora</strong></span> <span class='ocrx_word' id='word_1_601' title='bbox 2787 3554 2953 3608; x_wconf 91' lang='lat' dir='ltr'><strong>quam</strong></span> <span class='ocrx_word' id='word_1_602' title='bbox 2985 3538 3077 3594; x_wconf 90' lang='lat' dir='ltr'><strong>illa</strong></span> <span class='ocrx_word' id='word_1_603' title='bbox 3110 3555 3233 3610; x_wconf 73' lang='lat' dir='ltr'><strong>quae</strong></span> <span class='ocrx_word' id='word_1_604' title='bbox 3274 3550 3405 3596; x_wconf 88' lang='lat' dir='ltr'><strong>sunt</strong></span> 
     </span>
    </p>
   </div>
   <div class='ocr_carea' id='block_1_79' title="bbox 1811 3626 3405 3701">
    <p class='ocr_par' dir='ltr' id='par_1_79' title="bbox 1811 3626 3405 3701">
     <span class='ocr_line' id='line_1_79' title="bbox 1811 3626 3405 3701; baseline 0.004 -21"><span class='ocrx_word' id='word_1_605' title='bbox 1811 3626 2053 3697; x_wconf 68' lang='lat' dir='ltr'><strong>propriae</strong></span> <span class='ocrx_word' id='word_1_606' title='bbox 2073 3634 2285 3680; x_wconf 69' lang='lat' dir='ltr'><strong>naturae</strong></span> <span class='ocrx_word' id='word_1_607' title='bbox 2315 3640 2426 3691; x_wconf 92' lang='lat' dir='ltr'><strong>res,</strong></span> <span class='ocrx_word' id='word_1_608' title='bbox 2481 3642 2607 3681; x_wconf 88' lang='lat' dir='ltr'><strong>nam</strong></span> <span class='ocrx_word' id='word_1_609' title='bbox 2641 3627 2825 3682; x_wconf 89' lang='lat' dir='ltr'><strong>omnis</strong></span> <span class='ocrx_word' id='word_1_610' title='bbox 2858 3638 3062 3683; x_wconf 90' lang='lat' dir='ltr'><strong>unctus</strong></span> <span class='ocrx_word' id='word_1_611' title='bbox 3089 3631 3319 3701; x_wconf 78' lang='lat' dir='ltr'><strong>ungitur</strong></span> <span class='ocrx_word' id='word_1_612' title='bbox 3344 3643 3405 3687; x_wconf 88' lang='lat' dir='ltr'><strong>ut</strong></span> 
     </span>
    </p>
   </div>
   <div class='ocr_carea' id='block_1_80' title="bbox 1816 3712 3403 3786">
    <p class='ocr_par' dir='ltr' id='par_1_80' title="bbox 1816 3712 3403 3786">
     <span class='ocr_line' id='line_1_80' title="bbox 1816 3712 3403 3786; baseline 0.006 -20"><span class='ocrx_word' id='word_1_613' title='bbox 1816 3712 2054 3782; x_wconf 86' lang='lat' dir='ltr'><strong>accipiat</strong></span> <span class='ocrx_word' id='word_1_614' title='bbox 2095 3712 2347 3783; x_wconf 64' lang='lat' dir='ltr'><strong>quaedam</strong></span> <span class='ocrx_word' id='word_1_615' title='bbox 2399 3728 2523 3784; x_wconf 64' lang='lat' dir='ltr'><strong>quae</strong></span> <span class='ocrx_word' id='word_1_616' title='bbox 2569 3730 2638 3770; x_wconf 80' lang='lat' dir='ltr'><strong>ex</strong></span> <span class='ocrx_word' id='word_1_617' title='bbox 2670 3715 2896 3786; x_wconf 88' lang='lat' dir='ltr'><strong>propria</strong></span> <span class='ocrx_word' id='word_1_618' title='bbox 2949 3725 3147 3773; x_wconf 88' lang='lat' dir='ltr'><strong>natura</strong></span> <span class='ocrx_word' id='word_1_619' title='bbox 3197 3718 3403 3775; x_wconf 82' lang='lat' dir='ltr'><strong>habere</strong></span> 
     </span>
    </p>
   </div>
   <div class='ocr_carea' id='block_1_81' title="bbox 1816 3805 3404 3878">
    <p class='ocr_par' dir='ltr' id='par_1_81' title="bbox 1816 3805 3404 3878">
     <span class='ocr_line' id='line_1_81' title="bbox 1816 3805 3404 3878; baseline 0.006 -19"><span class='ocrx_word' id='word_1_620' title='bbox 1816 3805 2037 3875; x_wconf 84' lang='lat' dir='ltr'><strong>nequit.</strong></span> <span class='ocrx_word' id='word_1_621' title='bbox 2071 3805 2181 3860; x_wconf 89' lang='lat' dir='ltr'><strong>Sed</strong></span> <span class='ocrx_word' id='word_1_622' title='bbox 2201 3805 2413 3876; x_wconf 86' lang='lat' dir='ltr'><strong>aliquid</strong></span> <span class='ocrx_word' id='word_1_623' title='bbox 2444 3805 2623 3863; x_wconf 79' lang='lat' dir='ltr'><strong>factus</strong></span> <span class='ocrx_word' id='word_1_624' title='bbox 2646 3815 2733 3863; x_wconf 91' lang='lat' dir='ltr'><strong>est</strong></span> <span class='ocrx_word' id='word_1_625' title='bbox 2764 3824 2862 3878; x_wconf 89' lang='lat' dir='ltr'><strong>per</strong></span> <span class='ocrx_word' id='word_1_626' title='bbox 2882 3810 3203 3867; x_wconf 88' lang='lat' dir='ltr'><strong>unctionem</strong></span> <span class='ocrx_word' id='word_1_627' title='bbox 3237 3822 3404 3868; x_wconf 90' lang='lat' dir='ltr'><strong>natu-</strong></span> 
     </span>
    </p>
   </div>
   <div class='ocr_carea' id='block_1_82' title="bbox 1818 3897 3406 3971">
    <p class='ocr_par' dir='ltr' id='par_1_82' title="bbox 1818 3897 3406 3971">
     <span class='ocr_line' id='line_1_82' title="bbox 1818 3897 3406 3971; baseline 0.005 -18"><span class='ocrx_word' id='word_1_628' title='bbox 1818 3912 1894 3953; x_wconf 80' lang='lat' dir='ltr'><strong>rae</strong></span> <span class='ocrx_word' id='word_1_629' title='bbox 1917 3897 2020 3954; x_wconf 89' lang='lat' dir='ltr'><strong>iste</strong></span> <span class='ocrx_word' id='word_1_630' title='bbox 2041 3906 2244 3954; x_wconf 87' lang='lat' dir='ltr'><strong>unctus</strong></span> <span class='ocrx_word' id='word_1_631' title='bbox 2269 3913 2299 3953; x_wconf 74' lang='grc' dir='ltr'><strong>ε</strong></span> <span class='ocrx_word' id='word_1_632' title='bbox 2321 3899 2456 3965; x_wconf 91' lang='lat' dir='ltr'><strong>Deo,</strong></span> <span class='ocrx_word' id='word_1_633' title='bbox 2504 3909 2566 3955; x_wconf 90' lang='lat' dir='ltr'><strong>ut</strong></span> <span class='ocrx_word' id='word_1_634' title='bbox 2594 3899 2886 3956; x_wconf 87' lang='lat' dir='ltr'><strong>Psalmista</strong></span> <span class='ocrx_word' id='word_1_635' title='bbox 2910 3901 3240 3971; x_wconf 88' lang='lat' dir='ltr'><strong>proclamat,</strong></span> <span class='ocrx_word' id='word_1_636' title='bbox 3273 3904 3406 3962; x_wconf 86' lang='lat' dir='ltr'><strong>huic</strong></span> 
     </span>
    </p>
   </div>
   <div class='ocr_carea' id='block_1_83' title="bbox 1818 3989 3402 4067">
    <p class='ocr_par' dir='ltr' id='par_1_83' title="bbox 1818 3989 3402 4067">
     <span class='ocr_line' id='line_1_83' title="bbox 1818 3989 3402 4067; baseline 0.004 -22"><span class='ocrx_word' id='word_1_637' title='bbox 1818 3989 2214 4062; x_wconf 77' lang='lat' dir='ltr'><strong>adjiciendum.</strong></span> <span class='ocrx_word' id='word_1_638' title='bbox 2246 3991 2421 4047; x_wconf 86' lang='lat' dir='ltr'><strong>Deum</strong></span> <span class='ocrx_word' id='word_1_639' title='bbox 2473 3991 2624 4047; x_wconf 89' lang='lat' dir='ltr'><strong>enim</strong></span> <span class='ocrx_word' id='word_1_640' title='bbox 2670 4006 2801 4047; x_wconf 88' lang='lat' dir='ltr'><strong>eum</strong></span> <span class='ocrx_word' id='word_1_641' title='bbox 2850 3993 3091 4064; x_wconf 90' lang='lat' dir='ltr'><strong>appellat</strong></span> <span class='ocrx_word' id='word_1_642' title='bbox 3125 3995 3402 4067; x_wconf 87' lang='lat' dir='ltr'><strong>reliquum</strong></span> 
     </span>
    </p>
   </div>
   <div class='ocr_carea' id='block_1_84' title="bbox 1817 4082 3404 4159">
    <p class='ocr_par' dir='ltr' id='par_1_84' title="bbox 1817 4082 3404 4159">
     <span class='ocr_line' id='line_1_84' title="bbox 1817 4082 3404 4159; baseline 0.004 -22"><span class='ocrx_word' id='word_1_643' title='bbox 1817 4090 2070 4147; x_wconf 89' lang='lat' dir='ltr'><strong>unctum,</strong></span> <span class='ocrx_word' id='word_1_644' title='bbox 2121 4082 2266 4155; x_wconf 80' lang='lat' dir='ltr'><strong>fugit</strong></span> <span class='ocrx_word' id='word_1_645' title='bbox 2316 4098 2422 4139; x_wconf 89' lang='lat' dir='ltr'><strong>nec</strong></span> <span class='ocrx_word' id='word_1_646' title='bbox 2476 4083 2815 4150; x_wconf 88' lang='lat' dir='ltr'><strong>sensibilem,</strong></span> <span class='ocrx_word' id='word_1_647' title='bbox 2857 4099 2962 4141; x_wconf 85' lang='lat' dir='ltr'><strong>nec</strong></span> <span class='ocrx_word' id='word_1_648' title='bbox 2997 4086 3404 4159; x_wconf 78' lang='lat' dir='ltr'><strong>intelligibilem</strong></span> 
     </span>
    </p>
   </div>
   <div class='ocr_carea' id='block_1_85' title="bbox 1818 4174 3404 4246">
    <p class='ocr_par' dir='ltr' id='par_1_85' title="bbox 1818 4174 3404 4246">
     <span class='ocr_line' id='line_1_85' title="bbox 1818 4174 3404 4246; baseline 0.004 -17"><span class='ocrx_word' id='word_1_649' title='bbox 1818 4174 1992 4230; x_wconf 89' lang='lat' dir='ltr'><strong>Deum</strong></span> <span class='ocrx_word' id='word_1_650' title='bbox 2022 4191 2151 4232; x_wconf 83' lang='lat' dir='ltr'><strong>vere</strong></span> <span class='ocrx_word' id='word_1_651' title='bbox 2193 4176 2397 4243; x_wconf 83' lang='lat' dir='ltr'><strong>facere,</strong></span> <span class='ocrx_word' id='word_1_652' title='bbox 2428 4176 2535 4232; x_wconf 86' lang='lat' dir='ltr'><strong>nisi</strong></span> <span class='ocrx_word' id='word_1_653' title='bbox 2564 4190 2694 4233; x_wconf 90' lang='lat' dir='ltr'><strong>vere</strong></span> <span class='ocrx_word' id='word_1_654' title='bbox 2724 4177 2924 4246; x_wconf 87' lang='lat' dir='ltr'><strong>deitas,</strong></span> <span class='ocrx_word' id='word_1_655' title='bbox 2950 4194 3178 4236; x_wconf 86' lang='lat' dir='ltr'><strong>necesse</strong></span> <span class='ocrx_word' id='word_1_656' title='bbox 3206 4189 3291 4237; x_wconf 90' lang='lat' dir='ltr'><strong>est</strong></span> <span class='ocrx_word' id='word_1_657' title='bbox 3319 4181 3404 4237; x_wconf 85' lang='lat' dir='ltr'><strong>di-</strong></span> 
     </span>
    </p>
   </div>
   <div class='ocr_carea' id='block_1_86' title="bbox 1818 4269 3407 4343">
    <p class='ocr_par' dir='ltr' id='par_1_86' title="bbox 1818 4269 3407 4343">
     <span class='ocr_line' id='line_1_86' title="bbox 1818 4269 3407 4343; baseline 0.005 -20"><span class='ocrx_word' id='word_1_658' title='bbox 1818 4269 2107 4325; x_wconf 90' lang='lat' dir='ltr'><strong>vinitatem</strong></span> <span class='ocrx_word' id='word_1_659' title='bbox 2139 4285 2260 4326; x_wconf 90' lang='lat' dir='ltr'><strong>esse</strong></span> <span class='ocrx_word' id='word_1_660' title='bbox 2279 4279 2578 4343; x_wconf 68' lang='lat' dir='ltr'><strong>ungentem</strong></span> <span class='ocrx_word' id='word_1_661' title='bbox 2595 4280 2823 4343; x_wconf 86' lang='lat' dir='ltr'><strong>propter</strong></span> <span class='ocrx_word' id='word_1_662' title='bbox 2852 4271 3022 4328; x_wconf 89' lang='lat' dir='ltr'><strong>verba</strong></span> <span class='ocrx_word' id='word_1_663' title='bbox 3052 4273 3237 4329; x_wconf 88' lang='lat' dir='ltr'><strong>citata.</strong></span> <span class='ocrx_word' id='word_1_664' title='bbox 3261 4274 3407 4331; x_wconf 84' lang='lat' dir='ltr'><strong>Deus</strong></span> 
     </span>
    </p>
   </div>
   <div class='ocr_carea' id='block_1_87' title="bbox 1820 4363 3405 4438">
    <p class='ocr_par' dir='ltr' id='par_1_87' title="bbox 1820 4363 3405 4438">
     <span class='ocr_line' id='line_1_87' title="bbox 1820 4363 3405 4438; baseline 0.004 -21"><span class='ocrx_word' id='word_1_665' title='bbox 1820 4370 1970 4428; x_wconf 88' lang='lat' dir='ltr'><strong>tuus,</strong></span> <span class='ocrx_word' id='word_1_666' title='bbox 1992 4370 2048 4417; x_wconf 91' lang='lat' dir='ltr'><strong>et</strong></span> <span class='ocrx_word' id='word_1_667' title='bbox 2065 4363 2409 4419; x_wconf 85' lang='lat' dir='ltr'><strong>divinitatem</strong></span> <span class='ocrx_word' id='word_1_668' title='bbox 2431 4379 2553 4421; x_wconf 89' lang='lat' dir='ltr'><strong>esse</strong></span> <span class='ocrx_word' id='word_1_669' title='bbox 2571 4365 2889 4421; x_wconf 91' lang='lat' dir='ltr'><strong>unctionem</strong></span> <span class='ocrx_word' id='word_1_670' title='bbox 2914 4374 3140 4438; x_wconf 90' lang='lat' dir='ltr'><strong>propter</strong></span> <span class='ocrx_word' id='word_1_671' title='bbox 3158 4367 3405 4423; x_wconf 84' lang='lat' dir='ltr'><strong>divinam</strong></span> 
     </span>
    </p>
   </div>
   <div class='ocr_carea' id='block_1_88' title="bbox 46 4450 1705 4535">
    <p class='ocr_par' dir='ltr' id='par_1_88' title="bbox 46 4450 1705 4535">
     <span class='ocr_line' id='line_1_88' title="bbox 46 4450 1705 4535; baseline -0.01 -16"><span class='ocrx_word' id='word_1_672' title='bbox 46 4516 51 4521; x_wconf 79' lang='grc'><strong>,</strong></span> <span class='ocrx_word' id='word_1_673' title='bbox 108 4464 365 4535; x_wconf 68' lang='grc' dir='ltr'>ποιῆσαν</span> <span class='ocrx_word' id='word_1_674' title='bbox 397 4460 494 4514; x_wconf 75' lang='grc' dir='ltr'>καὶ</span> <span class='ocrx_word' id='word_1_675' title='bbox 554 4459 686 4513; x_wconf 89' lang='grc' dir='ltr'>Θεὸν</span> <span class='ocrx_word' id='word_1_676' title='bbox 745 4452 886 4510; x_wconf 82' lang='grc' dir='ltr'>εἶναι</span> <span class='ocrx_word' id='word_1_677' title='bbox 923 4454 1016 4508; x_wconf 86' lang='grc' dir='ltr'><strong>τὸν</strong></span> <span class='ocrx_word' id='word_1_678' title='bbox 1073 4452 1368 4524; x_wconf 85' lang='grc' dir='ltr'>χρισθέντα</span> <span class='ocrx_word' id='word_1_679' title='bbox 1421 4450 1705 4519; x_wconf 80' lang='grc' dir='ltr'>δεικνύειν,</span> 
     </span>
    </p>
   </div>
   <div class='ocr_carea' id='block_1_89' title="bbox 1815 4450 3408 4535">
    <p class='ocr_par' dir='ltr' id='par_1_89' title="bbox 1817 4453 3408 4527">
     <span class='ocr_line' id='line_1_89' title="bbox 1817 4453 3408 4527; baseline 0.008 -22"><span class='ocrx_word' id='word_1_680' title='bbox 1817 4453 2195 4523; x_wconf 89' lang='lat' dir='ltr'><strong>operationem</strong></span> <span class='ocrx_word' id='word_1_681' title='bbox 2227 4463 2284 4509; x_wconf 90' lang='lat' dir='ltr'><strong>et</strong></span> <span class='ocrx_word' id='word_1_682' title='bbox 2332 4455 2509 4511; x_wconf 81' lang='lat' dir='ltr'><strong>Deum</strong></span> <span class='ocrx_word' id='word_1_683' title='bbox 2541 4472 2663 4512; x_wconf 87' lang='lat' dir='ltr'><strong>esse</strong></span> <span class='ocrx_word' id='word_1_684' title='bbox 2702 4465 2929 4514; x_wconf 90' lang='lat' dir='ltr'><strong>unctum</strong></span> <span class='ocrx_word' id='word_1_685' title='bbox 2973 4468 3305 4527; x_wconf 87' lang='lat' dir='ltr'><strong>monstrare,</strong></span> <span class='ocrx_word' id='word_1_686' title='bbox 3347 4471 3408 4518; x_wconf 90' lang='lat' dir='ltr'><strong>et</strong></span> 
     </span>
    </p>
   </div>
   <div class='ocr_carea' id='block_1_90' title="bbox 44 4544 1710 4623">
    <p class='ocr_par' dir='ltr' id='par_1_90' title="bbox 44 4544 1710 4623">
     <span class='ocr_line' id='line_1_90' title="bbox 44 4544 1710 4623; baseline -0.007 -12"><span class='ocrx_word' id='word_1_687' title='bbox 44 4592 50 4623; x_wconf 59' lang='grc' dir='ltr'>ι</span> <span class='ocrx_word' id='word_1_688' title='bbox 108 4557 207 4612; x_wconf 70' lang='grc' dir='ltr'>καὶ</span> <span class='ocrx_word' id='word_1_689' title='bbox 292 4552 394 4623; x_wconf 79' lang='grc' dir='ltr'><strong>οὐχ</strong></span> <span class='ocrx_word' id='word_1_690' title='bbox 437 4549 744 4621; x_wconf 71' lang='grc' dir='ltr'>ὁμωνύμως</span> <span class='ocrx_word' id='word_1_691' title='bbox 816 4546 958 4601; x_wconf 74' lang='grc' dir='ltr'>οὕτω</span> <span class='ocrx_word' id='word_1_692' title='bbox 1035 4544 1352 4615; x_wconf 77' lang='grc' dir='ltr'>λεγόμενονο</span> <span class='ocrx_word' id='word_1_693' title='bbox 1410 4546 1510 4600; x_wconf 77' lang='grc' dir='ltr'>καὶ</span> <span class='ocrx_word' id='word_1_694' title='bbox 1599 4547 1710 4618; x_wconf 81' lang='grc' dir='ltr'><strong>γὰρ</strong></span> 
     </span>
    </p>
   </div>
   <div class='ocr_carea' id='block_1_91' title="bbox 46 4636 1712 4719">
    <p class='ocr_par' dir='ltr' id='par_1_91' title="bbox 46 4636 1712 4719">
     <span class='ocr_line' id='line_1_91' title="bbox 46 4636 1712 4719; baseline -0.008 -16"><span class='ocrx_word' id='word_1_695' title='bbox 46 4678 54 4713; x_wconf 65' lang='grc' dir='ltr'><strong>ς</strong></span> <span class='ocrx_word' id='word_1_696' title='bbox 107 4648 570 4719; x_wconf 67' lang='grc' dir='ltr'>ὁμοιογραφεῖται</span> <span class='ocrx_word' id='word_1_697' title='bbox 605 4642 684 4713; x_wconf 83' lang='grc' dir='ltr'>τῷ</span> <span class='ocrx_word' id='word_1_698' title='bbox 738 4640 979 4712; x_wconf 83' lang='grc' dir='ltr'>Ἑϐραίῳ</span> <span class='ocrx_word' id='word_1_699' title='bbox 1022 4638 1287 4710; x_wconf 75' lang='grc' dir='ltr'>ἑκάτερόν</span> <span class='ocrx_word' id='word_1_700' title='bbox 1328 4656 1381 4693; x_wconf 84' lang='grc' dir='ltr'><strong>τι</strong></span> <span class='ocrx_word' id='word_1_701' title='bbox 1409 4636 1565 4708; x_wconf 79' lang='grc' dir='ltr'>ἐντῷ</span> <span class='ocrx_word' id='word_1_702' title='bbox 1604 4654 1712 4708; x_wconf 89' lang='grc' dir='ltr'>χω-</span> 
     </span>
    </p>
   </div>
   <div class='ocr_carea' id='block_1_92' title="bbox 44 4727 1711 4812">
    <p class='ocr_par' dir='ltr' id='par_1_92' title="bbox 44 4727 1711 4812">
     <span class='ocr_line' id='line_1_92' title="bbox 44 4727 1711 4812; baseline -0.008 -19"><span class='ocrx_word' id='word_1_703' title='bbox 44 4778 53 4807; x_wconf 69' lang='lat'><strong>,</strong></span> <span class='ocrx_word' id='word_1_704' title='bbox 108 4741 217 4812; x_wconf 84' lang='grc' dir='ltr'><strong>ρίῳ</strong></span> <span class='ocrx_word' id='word_1_705' title='bbox 240 4758 260 4790; x_wconf 73' lang='grc' dir='ltr'><strong>ε</strong></span> <span class='ocrx_word' id='word_1_706' title='bbox 281 4739 438 4804; x_wconf 83' lang='grc' dir='ltr'>Θεὸς,</span> <span class='ocrx_word' id='word_1_707' title='bbox 459 4755 485 4790; x_wconf 69' lang='grc' dir='ltr'><strong>τ</strong></span> <span class='ocrx_word' id='word_1_708' title='bbox 509 4736 596 4790; x_wconf 74' lang='grc' dir='ltr'>διὰ</span> <span class='ocrx_word' id='word_1_709' title='bbox 610 4734 729 4790; x_wconf 83' lang='grc' dir='ltr'><strong>τῶν</strong></span> <span class='ocrx_word' id='word_1_710' title='bbox 747 4732 1149 4802; x_wconf 79' lang='grc' dir='ltr'>ἀνεκφωνήτων</span> <span class='ocrx_word' id='word_1_711' title='bbox 1167 4729 1559 4802; x_wconf 71' lang='grc' dir='ltr'>χαραγμάτωψ</span> <span class='ocrx_word' id='word_1_712' title='bbox 1578 4727 1711 4781; x_wconf 88' lang='grc' dir='ltr'>Θεὸν</span> 
     </span>
    </p>
   </div>
   <div class='ocr_carea' id='block_1_93' title="bbox 43 4819 1711 4905">
    <p class='ocr_par' dir='ltr' id='par_1_93' title="bbox 43 4819 1711 4905">
     <span class='ocr_line' id='line_1_93' title="bbox 43 4819 1711 4905; baseline -0.01 -17"><span class='ocrx_word' id='word_1_713' title='bbox 43 4873 53 4905; x_wconf 53' lang='grc' dir='ltr'><strong>ι</strong></span> <span class='ocrx_word' id='word_1_714' title='bbox 102 4834 168 4889; x_wconf 72' lang='grc' dir='ltr'>δὲ</span> <span class='ocrx_word' id='word_1_715' title='bbox 192 4833 292 4886; x_wconf 78' lang='grc' dir='ltr'>καὶ</span> <span class='ocrx_word' id='word_1_716' title='bbox 318 4828 604 4902; x_wconf 75' lang='grc' dir='ltr'>ἄνθρωπον</span> <span class='ocrx_word' id='word_1_717' title='bbox 631 4827 722 4882; x_wconf 89' lang='grc' dir='ltr'><strong>τὸν</strong></span> <span class='ocrx_word' id='word_1_718' title='bbox 749 4824 1354 4898; x_wconf 77' lang='grc' dir='ltr'>κεχρισμένονοίητέονο</span> <span class='ocrx_word' id='word_1_719' title='bbox 1373 4821 1450 4885; x_wconf 86' lang='grc' dir='ltr'>ὡς</span> <span class='ocrx_word' id='word_1_720' title='bbox 1480 4820 1580 4892; x_wconf 79' lang='grc' dir='ltr'>μὲν</span> <span class='ocrx_word' id='word_1_721' title='bbox 1600 4819 1711 4891; x_wconf 79' lang='grc' dir='ltr'><strong>γὰρ</strong></span> 
     </span>
    </p>
   </div>
   <div class='ocr_carea' id='block_1_94' title="bbox 44 4907 1709 4989">
    <p class='ocr_par' dir='ltr' id='par_1_94' title="bbox 44 4907 1709 4989">
     <span class='ocr_line' id='line_1_94' title="bbox 44 4907 1709 4989; baseline -0.01 -11"><span class='ocrx_word' id='word_1_722' title='bbox 44 4960 53 4989; x_wconf 59' lang='grc' dir='ltr'><strong>ε</strong></span> <span class='ocrx_word' id='word_1_723' title='bbox 108 4918 481 4989; x_wconf 71' lang='grc' dir='ltr'>ὑποκείμενόν</span> <span class='ocrx_word' id='word_1_724' title='bbox 503 4933 555 4971; x_wconf 89' lang='grc' dir='ltr'><strong>τι</strong></span> <span class='ocrx_word' id='word_1_725' title='bbox 579 4915 656 4988; x_wconf 85' lang='grc' dir='ltr'><strong>τῷ</strong></span> <span class='ocrx_word' id='word_1_726' title='bbox 684 4916 968 4987; x_wconf 84' lang='grc' dir='ltr'>χρίσματι,</span> <span class='ocrx_word' id='word_1_727' title='bbox 1029 4907 1314 4985; x_wconf 70' lang='grc' dir='ltr'>ἄνθρωπός</span> <span class='ocrx_word' id='word_1_728' title='bbox 1360 4913 1514 4975; x_wconf 73' lang='grc' dir='ltr'>ἐστι,</span> <span class='ocrx_word' id='word_1_729' title='bbox 1573 4908 1709 4963; x_wconf 86' lang='grc' dir='ltr'>καθὸ</span> 
     </span>
    </p>
   </div>
   <div class='ocr_carea' id='block_1_95' title="bbox 43 4986 1708 5095">
    <p class='ocr_par' dir='ltr' id='par_1_95' title="bbox 43 4986 1708 5095">
     <span class='ocr_line' id='line_1_95' title="bbox 43 4986 1708 5095; baseline -0.011 -26"><span class='ocrx_word' id='word_1_730' title='bbox 43 4986 55 5095; x_wconf 41' lang='grc' dir='ltr'>ὲ</span> <span class='ocrx_word' id='word_1_731' title='bbox 109 5015 211 5069; x_wconf 69' lang='grc' dir='ltr'>καὶ</span> <span class='ocrx_word' id='word_1_732' title='bbox 239 4986 366 5079; x_wconf 62' lang='lat'><strong>16,:</strong></span> <span class='ocrx_word' id='word_1_733' title='bbox 396 5009 528 5073; x_wconf 81' lang='grc' dir='ltr'>Θεός</span> <span class='ocrx_word' id='word_1_734' title='bbox 543 4986 637 5062; x_wconf 87' lang='grc' dir='ltr'><strong>σου</strong></span> <span class='ocrx_word' id='word_1_735' title='bbox 667 5026 686 5061; x_wconf 76' lang='grc' dir='ltr'><strong>ι</strong></span> <span class='ocrx_word' id='word_1_736' title='bbox 719 4986 954 5080; x_wconf 79' lang='grc' dir='ltr'>εἴρηται’</span> <span class='ocrx_word' id='word_1_737' title='bbox 983 5003 1124 5095; x_wconf 84' lang='grc' dir='ltr'>ὡςδὲ</span> <span class='ocrx_word' id='word_1_738' title='bbox 1143 5005 1202 5057; x_wconf 79' lang='grc' dir='ltr'>ὲν</span> <span class='ocrx_word' id='word_1_739' title='bbox 1220 5000 1434 5095; x_wconf 78' lang='grc' dir='ltr'>μεθέξει</span> <span class='ocrx_word' id='word_1_740' title='bbox 1450 4999 1553 5095; x_wconf 70' lang='grc' dir='ltr'><strong>Δἰοῦ</strong></span> <span class='ocrx_word' id='word_1_741' title='bbox 1586 4998 1708 5095; x_wconf 25' lang='lat' dir='ltr'><strong>Osos</strong></span> 
     </span>
    </p>
   </div>
   <div class='ocr_carea' id='block_1_96' title="bbox 44 5091 1708 5175">
    <p class='ocr_par' dir='ltr' id='par_1_96' title="bbox 44 5091 1708 5175">
     <span class='ocr_line' id='line_1_96' title="bbox 44 5091 1708 5175; baseline -0.009 -16"><span class='ocrx_word' id='word_1_742' title='bbox 44 5091 53 5175; x_wconf 42' lang='grc' dir='ltr'><strong><em>ζ</em></strong></span> <span class='ocrx_word' id='word_1_743' title='bbox 100 5103 274 5159; x_wconf 76' lang='grc' dir='ltr'>ποιθῦ</span> <span class='ocrx_word' id='word_1_744' title='bbox 329 5103 629 5175; x_wconf 75' lang='grc' dir='ltr'>χρίσματος</span> <span class='ocrx_word' id='word_1_745' title='bbox 651 5098 746 5153; x_wconf 77' lang='grc' dir='ltr'><strong>τοῦ</strong></span> <span class='ocrx_word' id='word_1_746' title='bbox 783 5097 918 5152; x_wconf 84' lang='grc' dir='ltr'>καθ’</span> <span class='ocrx_word' id='word_1_747' title='bbox 944 5094 1078 5150; x_wconf 79' lang='grc' dir='ltr'>αὑτό</span> <span class='ocrx_word' id='word_1_748' title='bbox 1133 5111 1194 5148; x_wconf 85' lang='grc' dir='ltr'><strong>τε</strong></span> <span class='ocrx_word' id='word_1_749' title='bbox 1223 5092 1582 5163; x_wconf 79' lang='grc' dir='ltr'>ούσιωμένου,</span> <span class='ocrx_word' id='word_1_750' title='bbox 1611 5091 1708 5146; x_wconf 74' lang='grc' dir='ltr'>καὶ</span> 
     </span>
    </p>
   </div>
   <div class='ocr_carea' id='block_1_97' title="bbox 100 5174 1601 5260">
    <p class='ocr_par' dir='ltr' id='par_1_97' title="bbox 100 5174 1601 5260">
     <span class='ocr_line' id='line_1_97' title="bbox 100 5174 1601 5260; baseline -0.009 -10"><span class='ocrx_word' id='word_1_751' title='bbox 100 5174 395 5259; x_wconf 70' lang='grc' dir='ltr'>οὐσιωδῶς</span> <span class='ocrx_word' id='word_1_752' title='bbox 432 5194 585 5256; x_wconf 73' lang='grc' dir='ltr'>ὄντος</span> <span class='ocrx_word' id='word_1_753' title='bbox 617 5193 675 5245; x_wconf 78' lang='grc' dir='ltr'>ἐν</span> <span class='ocrx_word' id='word_1_754' title='bbox 699 5188 867 5260; x_wconf 71' lang='grc' dir='ltr'>αὐτῷ,</span> <span class='ocrx_word' id='word_1_755' title='bbox 899 5187 1035 5243; x_wconf 82' lang='grc' dir='ltr'>Θεὸν</span> <span class='ocrx_word' id='word_1_756' title='bbox 1078 5174 1508 5260; x_wconf 75' lang='grc' dir='ltr'>ἀπηρτισμένον.</span> <span class='ocrx_word' id='word_1_757' title='bbox 1576 5228 1601 5241; x_wconf 72' lang='lat'><strong><em>,</em></strong></span> 
     </span>
    </p>
   </div>
   <div class='ocr_carea' id='block_1_98' title="bbox 733 5301 1122 5361">
    <p class='ocr_par' dir='ltr' id='par_1_98' title="bbox 733 5301 1122 5361">
     <span class='ocr_line' id='line_1_98' title="bbox 733 5301 1122 5361; baseline -0.008 0"><span class='ocrx_word' id='word_1_758' title='bbox 733 5301 988 5361; x_wconf 76' lang='grc' dir='ltr'>ΚΕΦΛΛ.</span> <span class='ocrx_word' id='word_1_759' title='bbox 1020 5303 1122 5358; x_wconf 83' lang='lat' dir='ltr'><strong>lZ&#39;.</strong></span> 
     </span>
    </p>
   </div>
   <div class='ocr_carea' id='block_1_99' title="bbox 1807 4545 3405 4616">
    <p class='ocr_par' dir='ltr' id='par_1_99' title="bbox 1807 4545 3405 4616">
     <span class='ocr_line' id='line_1_99' title="bbox 1807 4545 3405 4616; baseline 0.008 -18"><span class='ocrx_word' id='word_1_760' title='bbox 1807 4558 1922 4599; x_wconf 91' lang='lat' dir='ltr'><strong>non</strong></span> <span class='ocrx_word' id='word_1_761' title='bbox 1970 4545 2228 4601; x_wconf 90' lang='lat' dir='ltr'><strong>similiter</strong></span> <span class='ocrx_word' id='word_1_762' title='bbox 2270 4546 2351 4601; x_wconf 88' lang='lat' dir='ltr'><strong>sic</strong></span> <span class='ocrx_word' id='word_1_763' title='bbox 2384 4547 2630 4616; x_wconf 85' lang='lat' dir='ltr'><strong>dictum;</strong></span> <span class='ocrx_word' id='word_1_764' title='bbox 2676 4549 2936 4605; x_wconf 88' lang='lat' dir='ltr'><strong>similiter</strong></span> <span class='ocrx_word' id='word_1_765' title='bbox 2960 4551 3227 4608; x_wconf 88' lang='lat' dir='ltr'><strong>scribitur</strong></span> <span class='ocrx_word' id='word_1_766' title='bbox 3268 4554 3405 4611; x_wconf 87' lang='lat' dir='ltr'><strong>etin</strong></span> 
     </span>
    </p>
   </div>
   <div class='ocr_carea' id='block_1_100' title="bbox 1810 4633 3405 4716">
    <p class='ocr_par' dir='ltr' id='par_1_100' title="bbox 1810 4633 3405 4716">
     <span class='ocr_line' id='line_1_100' title="bbox 1810 4633 3405 4716; baseline 0.009 -26"><span class='ocrx_word' id='word_1_767' title='bbox 1810 4633 2084 4694; x_wconf 62' lang='lat' dir='ltr'><strong>Hebraeo:</strong></span> <span class='ocrx_word' id='word_1_768' title='bbox 2127 4647 2427 4710; x_wconf 86' lang='lat' dir='ltr'><strong>utrumque</strong></span> <span class='ocrx_word' id='word_1_769' title='bbox 2458 4639 2514 4696; x_wconf 92' lang='lat' dir='ltr'><strong>in</strong></span> <span class='ocrx_word' id='word_1_770' title='bbox 2544 4640 2652 4698; x_wconf 87' lang='lat' dir='ltr'><strong>hoc</strong></span> <span class='ocrx_word' id='word_1_771' title='bbox 2681 4641 2806 4699; x_wconf 90' lang='lat' dir='ltr'><strong>loco</strong></span> <span class='ocrx_word' id='word_1_772' title='bbox 2839 4642 2985 4700; x_wconf 90' lang='lat' dir='ltr'><strong>Deus</strong></span> <span class='ocrx_word' id='word_1_773' title='bbox 3015 4661 3115 4716; x_wconf 90' lang='lat' dir='ltr'><strong>per</strong></span> <span class='ocrx_word' id='word_1_774' title='bbox 3146 4645 3405 4704; x_wconf 82' lang='lat' dir='ltr'><strong>ineffabi-</strong></span> 
     </span>
    </p>
   </div>
   <div class='ocr_carea' id='block_1_101' title="bbox 1804 4728 3404 4799">
    <p class='ocr_par' dir='ltr' id='par_1_101' title="bbox 1804 4728 3404 4799">
     <span class='ocr_line' id='line_1_101' title="bbox 1804 4728 3404 4799; baseline 0.003 -14"><span class='ocrx_word' id='word_1_775' title='bbox 1804 4729 1892 4785; x_wconf 85' lang='lat' dir='ltr'><strong>les</strong></span> <span class='ocrx_word' id='word_1_776' title='bbox 1917 4728 2270 4799; x_wconf 87' lang='lat' dir='ltr'><strong>charateres;</strong></span> <span class='ocrx_word' id='word_1_777' title='bbox 2324 4732 2497 4789; x_wconf 88' lang='lat' dir='ltr'><strong>Deum</strong></span> <span class='ocrx_word' id='word_1_778' title='bbox 2550 4741 2606 4789; x_wconf 86' lang='lat' dir='ltr'><strong>et</strong></span> <span class='ocrx_word' id='word_1_779' title='bbox 2660 4732 2940 4790; x_wconf 91' lang='lat' dir='ltr'><strong>hominem</strong></span> <span class='ocrx_word' id='word_1_780' title='bbox 2997 4751 3120 4792; x_wconf 89' lang='lat' dir='ltr'><strong>esse</strong></span> <span class='ocrx_word' id='word_1_781' title='bbox 3175 4746 3404 4794; x_wconf 87' lang='lat' dir='ltr'><strong>unctum</strong></span> 
     </span>
    </p>
   </div>
   <div class='ocr_carea' id='block_1_102' title="bbox 1809 4820 3401 4896">
    <p class='ocr_par' dir='ltr' id='par_1_102' title="bbox 1809 4820 3401 4896">
     <span class='ocr_line' id='line_1_102' title="bbox 1809 4820 3401 4896; baseline 0.005 -20"><span class='ocrx_word' id='word_1_782' title='bbox 1809 4820 2149 4877; x_wconf 88' lang='lat' dir='ltr'><strong>censendum</strong></span> <span class='ocrx_word' id='word_1_783' title='bbox 2177 4830 2297 4888; x_wconf 85' lang='lat' dir='ltr'><strong>est,</strong></span> <span class='ocrx_word' id='word_1_784' title='bbox 2344 4832 2408 4879; x_wconf 91' lang='lat' dir='ltr'><strong>ut</strong></span> <span class='ocrx_word' id='word_1_785' title='bbox 2443 4824 2594 4879; x_wconf 90' lang='lat' dir='ltr'><strong>enim</strong></span> <span class='ocrx_word' id='word_1_786' title='bbox 2627 4825 2777 4895; x_wconf 91' lang='lat' dir='ltr'><strong>quod</strong></span> <span class='ocrx_word' id='word_1_787' title='bbox 2802 4825 3105 4896; x_wconf 89' lang='lat' dir='ltr'><strong>subjicitur</strong></span> <span class='ocrx_word' id='word_1_788' title='bbox 3152 4829 3401 4884; x_wconf 89' lang='lat' dir='ltr'><strong>unctioni</strong></span> 
     </span>
    </p>
   </div>
   <div class='ocr_carea' id='block_1_103' title="bbox 1824 4909 3402 4982">
    <p class='ocr_par' dir='ltr' id='par_1_103' title="bbox 1824 4909 3402 4982">
     <span class='ocr_line' id='line_1_103' title="bbox 1824 4909 3402 4982; baseline 0.006 -17"><span class='ocrx_word' id='word_1_789' title='bbox 1824 4909 1992 4967; x_wconf 90' lang='lat' dir='ltr'><strong>homo</strong></span> <span class='ocrx_word' id='word_1_790' title='bbox 2019 4921 2138 4979; x_wconf 87' lang='lat' dir='ltr'><strong>est,</strong></span> <span class='ocrx_word' id='word_1_791' title='bbox 2171 4912 2382 4967; x_wconf 90' lang='lat' dir='ltr'><strong>idcirco</strong></span> <span class='ocrx_word' id='word_1_792' title='bbox 2421 4913 2626 4969; x_wconf 88' lang='lat' dir='ltr'><strong>dicitur</strong></span> <span class='ocrx_word' id='word_1_793' title='bbox 2674 4914 2821 4971; x_wconf 89' lang='lat' dir='ltr'><strong>Deus</strong></span> <span class='ocrx_word' id='word_1_794' title='bbox 2871 4926 3035 4982; x_wconf 89' lang='lat' dir='ltr'><strong>tuus,</strong></span> <span class='ocrx_word' id='word_1_795' title='bbox 3087 4926 3149 4973; x_wconf 93' lang='lat' dir='ltr'><strong>ut</strong></span> <span class='ocrx_word' id='word_1_796' title='bbox 3188 4934 3322 4976; x_wconf 84' lang='lat' dir='ltr'><strong>vero</strong></span> <span class='ocrx_word' id='word_1_797' title='bbox 3345 4919 3402 4975; x_wconf 83' lang='lat' dir='ltr'><strong>in</strong></span> 
     </span>
    </p>
   </div>
   <div class='ocr_carea' id='block_1_104' title="bbox 1822 5003 3405 5082">
    <p class='ocr_par' dir='ltr' id='par_1_104' title="bbox 1822 5003 3405 5082">
     <span class='ocr_line' id='line_1_104' title="bbox 1822 5003 3405 5082; baseline 0.006 -24"><span class='ocrx_word' id='word_1_798' title='bbox 1822 5003 2252 5075; x_wconf 82' lang='lat' dir='ltr'><strong>participatione</strong></span> <span class='ocrx_word' id='word_1_799' title='bbox 2273 5003 2478 5061; x_wconf 68' lang='lat' dir='ltr'><strong>divinae</strong></span> <span class='ocrx_word' id='word_1_800' title='bbox 2495 5004 2798 5074; x_wconf 87' lang='lat' dir='ltr'><strong>unctionis,</strong></span> <span class='ocrx_word' id='word_1_801' title='bbox 2828 5007 2940 5065; x_wconf 90' lang='lat' dir='ltr'><strong>imo</strong></span> <span class='ocrx_word' id='word_1_802' title='bbox 2956 5018 3198 5082; x_wconf 68' lang='lat' dir='ltr'><strong>acceptae</strong></span> <span class='ocrx_word' id='word_1_803' title='bbox 3211 5020 3267 5068; x_wconf 86' lang='lat' dir='ltr'><strong>et</strong></span> <span class='ocrx_word' id='word_1_804' title='bbox 3283 5027 3405 5079; x_wconf 75' lang='lat' dir='ltr'><strong>rea-</strong></span> 
     </span>
    </p>
   </div>
   <div class='ocr_carea' id='block_1_105' title="bbox 1825 5093 3162 5171">
    <p class='ocr_par' dir='ltr' id='par_1_105' title="bbox 1825 5093 3162 5171">
     <span class='ocr_line' id='line_1_105' title="bbox 1825 5093 3162 5171; baseline 0.006 -21"><span class='ocrx_word' id='word_1_805' title='bbox 1825 5093 1952 5150; x_wconf 88' lang='lat' dir='ltr'><strong>liter</strong></span> <span class='ocrx_word' id='word_1_806' title='bbox 1983 5094 2337 5152; x_wconf 85' lang='lat' dir='ltr'><strong>subsistentis</strong></span> <span class='ocrx_word' id='word_1_807' title='bbox 2362 5094 2510 5171; x_wconf 86' lang='lat' dir='ltr'><strong>Deus</strong></span> <span class='ocrx_word' id='word_1_808' title='bbox 2530 5095 2776 5169; x_wconf 83' lang='lat' dir='ltr'><strong>perfecte</strong></span> <span class='ocrx_word' id='word_1_809' title='bbox 2804 5098 3034 5158; x_wconf 76' lang='lat' dir='ltr'><strong>effectus</strong></span> <span class='ocrx_word' id='word_1_810' title='bbox 3055 5110 3162 5159; x_wconf 90' lang='lat' dir='ltr'><strong>est.</strong></span> 
     </span>
    </p>
   </div>
   <div class='ocr_carea' id='block_1_106' title="bbox 2427 5294 2790 5355">
    <p class='ocr_par' dir='ltr' id='par_1_106' title="bbox 2427 5294 2790 5355">
     <span class='ocr_line' id='line_1_106' title="bbox 2427 5294 2790 5355; baseline 0.011 -5"><span class='ocrx_word' id='word_1_811' title='bbox 2427 5294 2582 5353; x_wconf 84' lang='lat' dir='ltr'><strong>CAP.</strong></span> <span class='ocrx_word' id='word_1_812' title='bbox 2602 5344 2607 5347; x_wconf 97' lang='lat'><strong>.</strong></span> <span class='ocrx_word' id='word_1_813' title='bbox 2624 5295 2790 5355; x_wconf 76' lang='lat' dir='ltr'><strong>XVII.</strong></span> 
     </span>
    </p>
   </div>
   <div class='ocr_carea' id='block_1_107' title="bbox 44 5156 53 5191">
    <p class='ocr_par' dir='ltr' id='par_1_107' title="bbox 44 5156 53 5191">
     <span class='ocr_line' id='line_1_107' title="bbox 44 5156 53 5191; baseline 0 0"><span class='ocrx_word' id='word_1_814' title='bbox 44 5156 53 5191; x_wconf 82' lang='grc' dir='ltr'><strong>ί</strong></span> 
     </span>
    </p>
   </div>
   <div class='ocr_carea' id='block_1_108' title="bbox 43 5248 53 5288">
    <p class='ocr_par' dir='ltr' id='par_1_108' title="bbox 43 5248 53 5288">
     <span class='ocr_line' id='line_1_108' title="bbox 43 5248 53 5288; baseline 0 0"><span class='ocrx_word' id='word_1_815' title='bbox 43 5248 53 5288; x_wconf 79' lang='grc' dir='ltr'><strong>Ι</strong></span> 
     </span>
    </p>
   </div>
   <div class='ocr_carea' id='block_1_109' title="bbox 44 5346 1705 5475">
    <p class='ocr_par' dir='ltr' id='par_1_109' title="bbox 44 5346 1705 5475">
     <span class='ocr_line' id='line_1_109' title="bbox 44 5346 1705 5475; baseline -0.01 -15"><span class='ocrx_word' id='word_1_816' title='bbox 44 5346 51 5475; x_wconf 54' lang='grc' dir='ltr'>ἰ</span> <span class='ocrx_word' id='word_1_817' title='bbox 196 5400 447 5469; x_wconf 75' lang='grc' dir='ltr'>Ἀληθῶς</span> <span class='ocrx_word' id='word_1_818' title='bbox 473 5399 616 5455; x_wconf 82' lang='grc' dir='ltr'>κατὰ</span> <span class='ocrx_word' id='word_1_819' title='bbox 637 5398 699 5453; x_wconf 87' lang='grc' dir='ltr'><strong>τὸ</strong></span> <span class='ocrx_word' id='word_1_820' title='bbox 712 5346 1026 5468; x_wconf 44' lang='grc' dir='ltr'>εἰρημένον,</span> <span class='ocrx_word' id='word_1_821' title='bbox 1048 5413 1067 5449; x_wconf 83' lang='grc' dir='ltr'><strong>ι</strong></span> <span class='ocrx_word' id='word_1_822' title='bbox 1088 5392 1154 5450; x_wconf 86' lang='grc'><strong>’0</strong></span> <span class='ocrx_word' id='word_1_823' title='bbox 1178 5393 1406 5463; x_wconf 83' lang='grc' dir='ltr'>ἀσεϐὴς,</span> <span class='ocrx_word' id='word_1_824' title='bbox 1427 5393 1554 5448; x_wconf 85' lang='grc' dir='ltr'>ὅταν</span> <span class='ocrx_word' id='word_1_825' title='bbox 1575 5390 1705 5475; x_wconf 67' lang='grc' dir='ltr'>ἔλθη</span> 
     </span>
    </p>
   </div>
   <div class='ocr_carea' id='block_1_110' title="bbox 1815 5346 3407 5475">
    <p class='ocr_par' dir='ltr' id='par_1_110' title="bbox 1897 5346 3407 5471">
     <span class='ocr_line' id='line_1_110' title="bbox 1897 5346 3407 5471; baseline 0.004 -27"><span class='ocrx_word' id='word_1_826' title='bbox 1897 5386 2099 5444; x_wconf 86' lang='lat' dir='ltr'><strong>Verum</strong></span> <span class='ocrx_word' id='word_1_827' title='bbox 2135 5385 2271 5443; x_wconf 86' lang='lat' dir='ltr'><strong>illud</strong></span> <span class='ocrx_word' id='word_1_828' title='bbox 2308 5346 2608 5471; x_wconf 58' lang='grc' dir='ltr'>εωιῌιῖίτέβ</span> <span class='ocrx_word' id='word_1_829' title='bbox 2624 5346 2875 5460; x_wconf 48' lang='lat' dir='ltr'><strong>inita,</strong></span> <span class='ocrx_word' id='word_1_830' title='bbox 2910 5410 2930 5446; x_wconf 78' lang='grc' dir='ltr'><strong>ι</strong></span> <span class='ocrx_word' id='word_1_831' title='bbox 2958 5392 3167 5465; x_wconf 80' lang='lat' dir='ltr'><strong>Impius</strong></span> <span class='ocrx_word' id='word_1_832' title='bbox 3188 5408 3314 5463; x_wconf 82' lang='lat' dir='ltr'><strong>cum</strong></span> <span class='ocrx_word' id='word_1_833' title='bbox 3350 5393 3407 5457; x_wconf 89' lang='lat' dir='ltr'><strong>in</strong></span> 
     </span>
    </p>
   </div>
   <div class='ocr_carea' id='block_1_111' title="bbox 48 5477 1705 5567">
    <p class='ocr_par' dir='ltr' id='par_1_111' title="bbox 48 5483 1705 5566">
     <span class='ocr_line' id='line_1_111' title="bbox 48 5483 1705 5566; baseline -0.01 -12"><span class='ocrx_word' id='word_1_834' title='bbox 48 5524 53 5533; x_wconf 68' lang='grc' dir='ltr'><strong>ι</strong></span> <span class='ocrx_word' id='word_1_835' title='bbox 109 5500 194 5565; x_wconf 71' lang='grc' dir='ltr'><strong>είς</strong></span> <span class='ocrx_word' id='word_1_836' title='bbox 227 5490 395 5566; x_wconf 66' lang='grc' dir='ltr'>βάθος</span> <span class='ocrx_word' id='word_1_837' title='bbox 430 5490 706 5554; x_wconf 76' lang='grc' dir='ltr'>ἀσεϐείας.</span> <span class='ocrx_word' id='word_1_838' title='bbox 738 5489 1091 5561; x_wconf 79' lang='grc' dir='ltr'>καταφρονεῖ·</span> <span class='ocrx_word' id='word_1_839' title='bbox 1119 5505 1141 5541; x_wconf 75' lang='grc' dir='ltr'><strong>ι</strong></span> <span class='ocrx_word' id='word_1_840' title='bbox 1160 5486 1212 5542; x_wconf 77' lang='lat' dir='ltr'><strong>oi</strong></span> <span class='ocrx_word' id='word_1_841' title='bbox 1244 5485 1495 5555; x_wconf 76' lang='grc' dir='ltr'>λέγοντες</span> <span class='ocrx_word' id='word_1_842' title='bbox 1512 5483 1648 5539; x_wconf 78' lang='grc' dir='ltr'>Θεὸν</span> <span class='ocrx_word' id='word_1_843' title='bbox 1679 5484 1705 5554; x_wconf 72' lang='grc' dir='ltr'><strong>ἢ</strong></span> 
     </span>
    </p>
   </div>
   <div class='ocr_carea' id='block_1_112' title="bbox 1815 5477 3411 5567">
    <p class='ocr_par' dir='ltr' id='par_1_112' title="bbox 1822 5477 3411 5567">
     <span class='ocr_line' id='line_1_112' title="bbox 1822 5477 3411 5567; baseline 0.004 -32"><span class='ocrx_word' id='word_1_844' title='bbox 1822 5477 2163 5550; x_wconf 74' lang='lat' dir='ltr'><strong>profundum</strong></span> <span class='ocrx_word' id='word_1_845' title='bbox 2186 5481 2404 5539; x_wconf 85' lang='lat' dir='ltr'><strong>venerit</strong></span> <span class='ocrx_word' id='word_1_846' title='bbox 2428 5481 3149 5567; x_wconf 65' lang='lat' dir='ltr'><strong>impietatiscontemnita‘;</strong></span> <span class='ocrx_word' id='word_1_847' title='bbox 3171 5504 3188 5539; x_wconf 78' lang='grc' dir='ltr'><strong>ι</strong></span> <span class='ocrx_word' id='word_1_848' title='bbox 3209 5486 3411 5561; x_wconf 75' lang='lat' dir='ltr'><strong>quidi.</strong></span> 
     </span>
    </p>
   </div>
   <div class='ocr_carea' id='block_1_113' title="bbox 43 5570 1705 5664">
    <p class='ocr_par' dir='ltr' id='par_1_113' title="bbox 43 5570 1705 5664">
     <span class='ocr_line' id='line_1_113' title="bbox 43 5570 1705 5664; baseline -0.014 -17"><span class='ocrx_word' id='word_1_849' title='bbox 43 5619 55 5664; x_wconf 57' lang='grc' dir='ltr'><strong>μ</strong></span> <span class='ocrx_word' id='word_1_850' title='bbox 109 5587 403 5657; x_wconf 71' lang='grc' dir='ltr'>Δεσπότην</span> <span class='ocrx_word' id='word_1_851' title='bbox 426 5584 521 5640; x_wconf 80' lang='grc' dir='ltr'><strong>τοῦ</strong></span> <span class='ocrx_word' id='word_1_852' title='bbox 548 5581 788 5656; x_wconf 81' lang='grc' dir='ltr'>Χριστοῦ</span> <span class='ocrx_word' id='word_1_853' title='bbox 820 5581 910 5636; x_wconf 87' lang='grc' dir='ltr'><strong>τὸν</strong></span> <span class='ocrx_word' id='word_1_854' title='bbox 937 5580 1073 5635; x_wconf 84' lang='grc' dir='ltr'>Θεὸν</span> <span class='ocrx_word' id='word_1_855' title='bbox 1109 5579 1306 5648; x_wconf 81' lang='grc' dir='ltr'>Λόγον,</span> <span class='ocrx_word' id='word_1_856' title='bbox 1336 5579 1437 5632; x_wconf 71' lang='grc' dir='ltr'>οὐκ</span> <span class='ocrx_word' id='word_1_857' title='bbox 1462 5576 1560 5646; x_wconf 76' lang='grc' dir='ltr'><strong>ἀφ’</strong></span> <span class='ocrx_word' id='word_1_858' title='bbox 1595 5570 1705 5624; x_wconf 65' lang='lat' dir='ltr'><strong>tau</strong></span> 
     </span>
    </p>
   </div>
   <div class='ocr_carea' id='block_1_114' title="bbox 1815 5570 3409 5664">
    <p class='ocr_par' dir='ltr' id='par_1_114' title="bbox 1824 5573 3409 5651">
     <span class='ocr_line' id='line_1_114' title="bbox 1824 5573 3409 5651; baseline 0.008 -22"><span class='ocrx_word' id='word_1_859' title='bbox 1824 5580 1959 5629; x_wconf 89' lang='lat' dir='ltr'><strong>cunt</strong></span> <span class='ocrx_word' id='word_1_860' title='bbox 1984 5573 2157 5628; x_wconf 87' lang='lat' dir='ltr'><strong>Deum</strong></span> <span class='ocrx_word' id='word_1_861' title='bbox 2205 5573 2293 5630; x_wconf 91' lang='lat' dir='ltr'><strong>vel</strong></span> <span class='ocrx_word' id='word_1_862' title='bbox 2328 5574 2656 5648; x_wconf 75' lang='lat' dir='ltr'><strong>magistrum</strong></span> <span class='ocrx_word' id='word_1_863' title='bbox 2700 5577 2908 5636; x_wconf 86' lang='lat' dir='ltr'><strong>Christi</strong></span> <span class='ocrx_word' id='word_1_864' title='bbox 2931 5579 3109 5636; x_wconf 87' lang='lat' dir='ltr'><strong>Deum</strong></span> <span class='ocrx_word' id='word_1_865' title='bbox 3138 5578 3409 5651; x_wconf 58' lang='lat' dir='ltr'><strong>Veritum,</strong></span> 
     </span>
    </p>
   </div>
   <div class='ocr_carea' id='block_1_115' title="bbox 179 5718 1180 5791">
    <p class='ocr_par' dir='ltr' id='par_1_115' title="bbox 179 5718 1180 5791">
     <span class='ocr_line' id='line_1_115' title="bbox 179 5718 1180 5791; baseline -0.008 -10"><span class='ocrx_word' id='word_1_866' title='bbox 179 5724 372 5781; x_wconf 63' lang='lat' dir='ltr'><strong>qual.</strong></span> <span class='ocrx_word' id='word_1_867' title='bbox 394 5739 537 5791; x_wconf 76' lang='lat' dir='ltr'><strong>xuv,</strong></span> <span class='ocrx_word' id='word_1_868' title='bbox 561 5722 614 5778; x_wconf 90' lang='lat'><strong>8.</strong></span> <span class='ocrx_word' id='word_1_869' title='bbox 691 5722 737 5770; x_wconf 67' lang='grc' dir='ltr'><strong>«ι’</strong></span> <span class='ocrx_word' id='word_1_870' title='bbox 762 5721 924 5776; x_wconf 87' lang='lat' dir='ltr'><strong>Prov.</strong></span> <span class='ocrx_word' id='word_1_871' title='bbox 948 5735 1103 5785; x_wconf 71' lang='lat' dir='ltr'><strong>va,</strong></span> <span class='ocrx_word' id='word_1_872' title='bbox 1125 5718 1180 5775; x_wconf 80' lang='grc'><strong>5.</strong></span> 
     </span>
    </p>
   </div>
   <div class='ocr_carea' id='block_1_116' title="bbox 462 5809 2937 5885">
    <p class='ocr_par' dir='ltr' id='par_1_116' title="bbox 462 5809 2937 5885">
     <span class='ocr_line' id='line_1_116' title="bbox 462 5809 2937 5885; baseline -0.004 0"><span class='ocrx_word' id='word_1_873' title='bbox 462 5823 738 5885; x_wconf 67' lang='grc' dir='ltr'>Ριτιιοι..</span> <span class='ocrx_word' id='word_1_874' title='bbox 792 5819 910 5881; x_wconf 77' lang='lat' dir='ltr'><strong>Gn.</strong></span> <span class='ocrx_word' id='word_1_875' title='bbox 975 5814 1135 5883; x_wconf 82' lang='lat' dir='ltr'><strong>LXX</strong></span> <span class='ocrx_word' id='word_1_876' title='bbox 1147 5812 1319 5877; x_wconf 80' lang='lat' dir='ltr'><strong>XVI.</strong></span> <span class='ocrx_word' id='word_1_877' title='bbox 1696 5846 1699 5849; x_wconf 56' lang='grc' dir='ltr'><strong>λ</strong></span> <span class='ocrx_word' id='word_1_878' title='bbox 2246 5842 2255 5849; x_wconf 67' lang='grc' dir='ltr'><em>ο</em></span> <span class='ocrx_word' id='word_1_879' title='bbox 2857 5809 2937 5875; x_wconf 72' lang='lat'><em>65</em></span> 
     </span>
    </p>
   </div>
  </div>
