3908 6306
84 200 211 274 1741
1030 209 1424 288 ADVERSUS
1460 201 2097 276 NESTORIANOS.‘
2120 210 2267 275 LIB.
2312 216 2381 278 V.
3199 215 3335 280 1742

77 324 346 377 επαύσατο
376 322 471 376 τοῦ
514 322 687 394 Ἰησοῦ
720 323 785 393 τῇ
812 320 1216 394 ἀνθρωπότητι·
1255 322 1404 389 ἅπαξ
1420 325 1636 397 ἀποφήι

1767 341 1832 380 us
1870 327 1990 396 ejus
2022 342 2132 382 non
2168 335 2523 398 permaneret
2554 327 2610 383 in
2651 325 2996 392 hominibus,
3048 326 3178 395 quia
3207 342 3335 381 caro

82 429 263 476 σαντος
289 411 384 465 τοῦ
429 412 588 478 Θεοῦ,
637 411 712 482 μὴ
765 413 949 482 μένειν
977 410 1038 464 τὸ
1084 410 1309 483 Πνεῦμα
1369 413 1533 466 αὑτοῦ
1591 417 1648 466 ἐν

1766 427 1974 486 essent;
2011 420 2179 492 igitur
2198 419 2514 492 cognitione
2544 421 2623 476 illi
2653 418 3137 475 consubstantialis
3169 418 3335 473 Verbi

74 499 402 568 ἀνθρώποις,
461 498 548 551 διά
600 498 661 551 τὸ
713 492 851 551 εἶναι
897 492 1095 562 αὑτοὺς
1155 499 1366 570 σάρκας
1413 498 1646 553 λοιπόν⁶

1766 501 1954 577 Patris,
1978 510 2086 584 ad.
2107 512 2395 582 proprium
2416 511 2665 578 accedit;
2712 509 3201 567 consubstantialis
3225 525 3337 565 non

79 589 269 643 οὐκοῦν
294 592 360 660 τῇ
391 587 683 658 ἐπιγνώσει
708 588 801 643 τοῦ
839 589 1136 660 συγγενοῦς
1172 590 1321 661 αὐτῷ
1351 592 1524 661 Λόγου
1555 592 1648 646 τοῦ

1766 600 1932 670 gloria
1957 602 2663 669 consubstantiali;factus
2692 611 2778 658 est
2820 617 2954 672 ergo
3003 601 3124 672 ipse
3174 600 3338 656 Jesus

78 683 306 752 Πατρδς,
350 682 484 752 πρὸς
513 682 573 735 τὸ
603 675 734 736 ἴδιον
771 683 985 767 ἐπέπτη
1011 690 1026 715 δ
1054 684 1117 737 τὸ
1162 678 1220 738 δὲ
1249 683 1535 755 ὀμοοΰσιον
1585 686 1645 739 οὑ

1766 704 1860 759 per
1910 690 2153 747 Verbum
2198 692 2447 747 divinum
2496 691 2773 753 Dominus
2825 699 2883 745 et
2932 688 3189 747 Christus
3237 704 3337 760 per

78 771 201 838 δόξα
232 771 310 843 τῷ
364 773 666 844 ὁμοουσῖῳδ
699 769 768 846 ἦν
817 773 927 846 ἄρα
975 774 1181 845 Κύριος
1213 773 1302 830 διὰ
1345 777 1436 829 τὸν
1468 770 1646 845 Λόγον

1766 780 2067 835 unctionem
2135 781 2409 853 Spiritus;
2446 783 2740 847 Dominum
2770 782 2919 837 enim
2947 797 3046 852 per
3068 781 3332 838 Verbum.

76 860 164 912 τὸν
193 860 332 915 θεῖον
357 862 385 914 6
437 861 730 931 γενόμενος
792 859 889 916 καὶ
937 862 1175 934 Χριστὸς
1214 863 1302 918 διά
1337 864 1436 935 τὴν
1469 866 1650 938 κρίσιν

76 950 166 1004 τοῦ
229 951 566 1023 Πνεῦματος,
626 953 790 1018 αὑτὸς
843 953 1087 1025 Ἰησοῦς·
1136 955 1231 1009 καὶ
1276 949 1483 1027 Κύριον
1543 956 1652 1028 γὰρ

76 1043 233 1096 αὑτὸν
255 1042 344 1097 διὰ
372 1044 465 1097 τοῦ
510 1034 706 1113 Λόγου,
739 1045 834 1099 καὶ
873 1046 1111 1117 Χριστὸν
1153 1042 1242 1100 διὰ
1270 1042 1363 1100 τοῦ
1395 1047 1649 1116 Πνεὺμα-

76 1137 211 1198 τοςό
238 1134 372 1199 Θεὸς
416 1118 642 1208 ἐποίησε
689 1136 880 1190 τοῦτον
930 1137 1022 1190 τὸν
1063 1138 1271 1207 Ἰησοῦν
1319 1137 1378 1192 δν
1410 1136 1651 1193 Ἰουδαῖοι

77 1227 423 1298 ἐσταύρωσαν
451 1244 466 1259 ·
518 1230 583 1298 τῇ
624 1246 683 1281 τε
727 1229 932 1282 ἐνδόσει
963 1225 1057 1281 τοῦ
1109 1228 1287 1296 Λόγου
1343 1228 1508 1283 αὑτοῦ
1557 1229 1651 1282 καὶ

79 1318 369 1388 περιθέσει
424 1318 519 1371 τοῦ
574 1317 891 1389 Πνεὺματος
946 1317 1135 1384 αὑτοῦ,
1183 1314 1253 1372 τά
1281 1335 1338 1370 τε
1373 1319 1523 1381 ἐντὸς
1559 1320 1654 1371 καὶ

74 1410 227 1474 ἐκτὸς
252 1410 415 1480 τῆσδε
432 1411 531 1481 τῆς
560 1412 719 1479 ἁγίου
744 1409 980 1464 κιϐωτοῦ
1010 1410 1375 1483 καταχρυσῶν
1401 1411 1429 1461 ό
1460 1404 1651 1481 Πατὴρ

70 1498 195 1571 θείᾳ
226 1503 565 1572 μαρμαρυγῇ
595 1516 608 1531 ’
652 1502 699 1554 εἰ
744 1498 802 1554 δέ
848 1500 943 1554 καὶ
998 1499 1106 1553 ἀπὸ
1146 1501 1456 1569 γεννήσεως
1491 1494 1653 1563 εὑθῦς

1748 875 1805 922 et
1836 865 2121 924 Christum
2163 886 2260 940 per
2306 870 2571 940 Spiritum
2610 870 2743 926 fecit
2776 871 2923 925 Deus
2962 871 3113 926 hunc
3144 869 3336 926 Jesum

1752 973 1917 1026 quem
1958 950 2132 1014 Judaei
2184 961 2851 1027 'crucitixerunt;unione
2881 976 3014 1017 vero
3039 960 3207 1017 Verbi
3249 960 3335 1030 ip-

1757 1040 1873 1103 sius
1902 1057 1959 1104 et
2005 1042 2244 1120 Spiritus
2274 1050 2576 1118 eﬂusione,
2605 1052 2756 1108 intus
2787 1052 3141 1123 exteriusque
3196 1051 3340 1107 hanc

1760 1148 2005 1194 sanctam
2049 1156 2233 1195 arcam
2267 1141 2431 1197 Pater
2470 1142 2766 1212 splendore
2789 1143 2978 1198 divino
3015 1142 3336 1206 exornavit;

1756 1230 1813 1284 et
1844 1228 2118 1299 siquidem
2161 1233 2346 1287 statim
2381 1240 2442 1286 ut
2475 1243 2640 1289 natus
2678 1244 2765 1289 est
2787 1232 3044 1289 Christus
3072 1244 3130 1290 et
3154 1234 3339 1289 Domi-

1757 1333 1862 1374 nus
1894 1321 1951 1374 in
1981 1321 2205 1378 civitate
2255 1318 2426 1379 David
2458 1326 2527 1381 ab
2567 1328 2765 1397 angelo
2798 1327 3211 1396 praenuntiante
3239 1340 3338 1379 vo-

1758 1418 1937 1477 catur;
1956 1416 2010 1467 et
2036 1413 2280 1479 Samuel,
2304 1424 2597 1486 antequam
2613 1426 2778 1488 ungat
2794 1419 3083 1488 quemdam
3103 1416 3338 1470 ﬁliorum

1758 1493 1933 1567 Iesse,
1968 1497 2124 1568 dicit,
2163 1524 2181 1556 ι
2204 1507 2300 1560 sed
2335 1523 2487 1561 nunc
2525 1518 2610 1563 est
2630 1509 2884 1564 Christus
2918 1508 3186 1562 Dominus
3210 1506 3282 1556 Η
3317 1522 3336 1553 ι

75 1585 308 1660 Χριστὸς
339 1592 435 1646 καὶ
492 1586 698 1664 Κῦριος
730 1592 788 1645 ἐν
825 1590 979 1643 πόλει
1020 1589 1188 1644 Δασὶδ
1217 1587 1547 1660 ὀνομάζεται
1610 1588 1688 1659 τῷ
1725 1590 1945 1662 ἀγγέλῳ
2004 1596 2546 1664 προαναφωνητικῶς
2577 1613 2591 1625 ·
2649 1597 2746 1651 καὶ
2811 1598 2921 1665 γὰρ
2968 1583 3062 1646 κάκ.
3089 1591 3343 1661 Σαμουὴλ

76 1681 208 1755 πρὶν
241 1683 426 1753 χρίσαι
453 1681 575 1736 τινὰ
606 1685 713 1736 τῶν
742 1673 873 1735 υίῶν
920 1680 1124 1734 Ἰεσσαὶ
1158 1679 1364 1749 ἔλεγεν,
1387 1697 1406 1731 ι
1459 1670 1600 1733 Ἀλλδ
1627 1680 1660 1751 ἢ
1696 1679 1724 1731 ό
1757 1672 1993 1751 Χριστὸς
2022 1674 2263 1752 Κῦριος;
2292 1702 2310 1733 ι

662 1775 917 1829 ΚΕΦΑΛέ
976 1772 1077 1829 18⁸.

144 1871 209 1927 El
244 1870 318 1942 μὴ
350 1870 457 1941 ἄρα
511 1868 575 1921 ἐκ
624 1867 718 1921 τοῦ
767 1865 1088 1938 Πνεὺματος
1131 1865 1322 1920 ἔλαϐεν
1354 1865 1382 1918 6
1425 1865 1655 1936 Ἰησοῦς,

73 1964 219 2019 καθά
269 1962 511 2017 διδάσκει
559 1960 589 2014 ό
631 1959 953 2030 Αἰγύπτιος,
988 1959 1048 2013 1:6
1097 1960 1343 2030 ἐνεργεῖν
1371 1956 1654 2023 δύνασθαι,

80 2054 224 2118 τινος
252 2052 441 2106 ἕνεκεν
466 2051 703 2107 δέδωκεν
761 2048 910 2119 αὑτῷ
959 2049 988 2101 6
1049 2047 1240 2119 Πατὴρ
1286 2048 1348 2101 τὸ
1391 2047 1655 2119 Πνεῦμα;

77 2145 152 2198 Ub
185 2144 369 2214 μέτρῳ
397 2143 528 2213 γὰρ,
552 2142 706 2213 φησὶ,
741 2140 956 2194 δίδωσιν
986 2140 1016 2192 6
1056 2139 1189 2204 Θεὸς
1220 2140 1283 2193 τὸ
1326 2138 1552 2210 Πνεῦμα
1575 2154 1590 2170 ⁶
1631 2140 1660 2192 6

78 2237 184 2306 γὰρ
211 2234 402 2308 Πατὴρ
451 2235 642 2304 ἀγαπᾷ
694 2234 785 2286 τὸν
817 2232 944 2286 Υίδν
973 2232 1067 2286 καὶ
1094 2232 1290 2286 ,πάντα
1332 2232 1566 2286 δέδωκεν
1593 2233 1652 2287 ἐν

79 2331 143 2398 τῇ
179 2329 327 2398 χειρὶ
379 2326 581 2380 αὐτοῦ’
630 2324 750 2389 πῶς
798 2319 914 2391 οὖν,
948 2326 998 2377 εί
1048 2325 1126 2396 μὴ
1164 2325 1347 2395 μέτρῳ
1405 2324 1501 2377 καὶ
1531 2324 1659 2397 ἀξίᾳ

76 2420 282 2474 δίδοται
325 2418 473 2489 αὑτῷ
507 2416 612 2470 ὑπὸ
636 2414 774 2470 Θεοῦ
816 2416 1029 2489 Πατρὸς
1044 2416 1107 2471 τὸ
1138 2416 1396 2487 Πνεῦμα;
1438 2417 1550 2486 Οὑχ
1583 2415 1660 2479 ὡς

79 2512 266 2575 ἄτονος
327 2509 621 2579 ἄνθρωπος
672 2507 809 2580 πρὸς
865 2508 1150 2579 ἐνέργειαν
1199 2507 1355 2563 θείαν
1408 2507 1601 2562 ἔλαϐεν
1631 2510 1658 2562 ὁ

94 2599 302 2672 Ἰησοῦς
329 2600 393 2652 τὸ
423 2597 649 2668 Πνεῦμα
670 2615 686 2631 ο
716 2600 766 2650 εί
804 2596 914 2669 γὰρ
951 2598 1025 2669 μὴ
1059 2596 1174 2651 ἐστι
1213 2595 1415 2668 μέτρου
1443 2596 1660 2667 φύσεως

77 2692 273 2762 ἐτέρας
307 2689 496 2745 λαϐεῖν
518 2689 578 2742 τὸ
614 2691 843 2760 Πνεῦμα
891 2688 953 2742 τὸ
999 2691 1063 2742 ἐκ
1120 2689 1215 2743 τοῦ
1259 2689 1473 2759 Πατρὺς
1500 2689 1663 2742 ἐκπο-

78 2782 406 2852 ρευόμενον,
458 2779 574 2833 ἀλλ’
602 2780 843 2851 όμοφυῖα
896 2780 989 2833 καὶ
1017 2779 1206 2851 ἀγάπῃ
1237 2780 1374 2851 μόνῃ
1401 2781 1466 2850 τῇ
1525 2779 1662 2847 πρὸς

82 2870 242 2923 αὑτὸν
266 2870 490 2932 δίδοται,
516 2869 680 2939 μόνος
715 2868 772 2922 δὲ
800 2870 830 2922 ό
868 2868 999 2932 Υίδς
1046 2870 1226 2940 Πατρὶ
1253 2869 1348 2923 καὶ
1385 2868 1462 2937 τῷ
1496 2867 1663 2921 Πνεῦ-

74 2970 212 3031 ματι
262 2960 574 3032 όμοούσιος,
609 2960 769 3030 δῆλον
790 2960 873 3024 ὡς
920 2960 1007 3014 διὰ
1057 2960 1291 3032 φυσικὴν
1337 2960 1555 3030 ἀγάπην
1587 2960 1663 3032 τῷ

78 3055 354 3125 ὁμοουσίῳ
382 3053 497 3123 Υἱῷ
515 3053 713 3107 δέδωκε
737 3051 797 3106 τὸ
817 3051 1107 3122 όμοούσιον
1161 3050 1325 3104 αὑτοῦ
1370 3051 1596 3121 Πνεῦμα
1636 3053 1664 3104 6

78 3123 539 3217 Ilaeﬁp°nraivrat
588 3144 698 3216 γὰρ
728 3143 958 3196 δέδωκεν
1008 3144 1067 3196 ἐν
1109 3144 1178 3214 τῇ
1234 3143 1377 3213 χειρὶ⁵
1415 3142 1582 3196 αὑτοῦ
1632 3145 1661 3195 6
1691 3123 1733 3179 (ἶ

77 3228 272 3308 Πατήρ
299 3252 313 3268 ο
370 3233 514 3289 ὥστε
571 3235 751 3304 λέγειν
776 3233 870 3288 τὸν
904 3231 1053 3299 Υἱὸν,
1083 3249 1107 3284 ι
1141 3231 1324 3287 Πάντα
1364 3233 1463 3286 ὅσα
1490 3232 1604 3304 ἔχει
1632 3232 1663 3285 6

78 3328 293 3400 Πατὴρ,
333 3327 450 3399 ἐμά
484 3329 623 3382 ἐστι.
673 3346 692 3379 ι

679 3418 933 3472 ΚΕΦΑΛ.
993 3416 1078 3472 K'.

148 3510 426 3574 Ζωοποιὸς
456 3510 572 3564 ἐστι
603 3508 697 3562 τοῦ
752 3509 960 3580 Κυρίου
1017 3511 1050 3581 ἡ
1107 3508 1247 3580 σὰρξ
1294 3511 1660 3581 πιστευομένη

72 3600 161 3654 ’ὅτι
196 3596 302 3656 ὑπὸ
329 3600 428 3655 τοῦ
452 3599 588 3654 Θεοῦ
611 3602 793 3669 Λόγου
822 3600 1200 3672 ἐζωοποιήθη·
1232 3600 1408 3664 ἄλλως
1432 3601 1543 3671 γὰρ
1563 3601 1662 3654 οὑκ

77 3691 194 3746 ἐστι
272 3693 560 3756 ζωοποιός.
624 3692 763 3744 Ἀλλ’
816 3692 917 3746 οὑκ
965 3692 1219 3764 ἐνεργείᾳ
1273 3691 1368 3746 τοῦ
1429 3691 1661 3756 ζωτικοῦ

77 3783 256 3851 Λόγου
312 3784 409 3838 νῦν
458 3782 643 3847 ἁπλῶς
695 3782 1060 3855 ἐζωοποιήθη,
1113 3783 1303 3854 ὥσπερ
1368 3786 1427 3838 ἐν
1480 3783 1661 3855 τῇτοῦ

91 3874 264 3944 Ἀδὰμ
306 3873 672 3946 δημιουργίαο
709 3875 816 3945 ὅτῳ
850 3874 961 3947 γὰρ
1007 3873 1074 3928 ἂν
1118 3875 1279 3929 πάλιν
1300 3875 1532 3946 δυνάμει
1567 3875 1664 3929 καὶ

76 3964 139 4016 τὸ
168 3964 410 4035 φθαρτὸν
450 3959 565 4034 εἶχε
586 3967 681 4018 καὶ
710 3964 806 4019 νῦν
826 3967 854 4017 ὁ
882 3965 1172 4036 ἄνθρωπος
1191 3982 1206 3999 ο
1238 3966 1354 4019 ἀλλ’
1387 3967 1661 4038 ἐνοικήσει

80 4052 295 4120 φύσεως
308 4052 547 4125 ζωτικῆς
564 4056 643 4116 είς
656 4053 838 4122 φύσιν,
857 4055 978 4108 καθ’
1003 4054 1414 4109 ἔνωσινοὺσιῶν
1431 4055 1544 4120 δύο,
1561 4056 1660 4128 τὴν

80 4145 383 4199 ὑπόστασιν
428 4146 558 4216 μίαν
618 4143 1057 4201 ἀποδεικνῦσανο
1096 4137 1171 4212 ὧς
1205 4148 1280 4220 μὴ
1309 4147 1511 4218 ἰσχύειν
1551 4146 1664 4201 πώ-

80 4254 212 4290 ποτε
239 4237 429 4292 λοιπὸν
477 4239 538 4292 τὸ
579 4240 809 4311 δυνάμει
846 4240 1270 4310 ἐναποκείμενον
1316 4239 1551 4311 φθαρτὸν
1593 4241 1660 4311 τῇ

81 4327 243 4397 φύσει
275 4332 341 4400 τῇ
403 4330 750 4403 ἀνθρωπίνῃ,
797 4333 877 4394 εἰς
920 4331 982 4384 τὸ
1026 4332 1281 4402 ἐνεργείᾳ
1329 4326 1611 4403 προελθεῖν
1645 4346 1659 4360 ο

2391 1775 2547 1831 CAP.
2578 1769 2718 1830 XIX.

1833 1862 1889 1918 Si
1922 1863 2089 1933 igitur
2120 1879 2228 1918 non
2256 1878 2323 1918 ex
2356 1863 2567 1934 Spiritu
2589 1865 2805 1934 accepit
2831 1863 3011 1930 Iesus,
3037 1865 3341 1921 secundum

1760 1951 2069 2006 doctrinam
2098 1951 2371 2023 )Egyptii,
2419 1960 2748 2021 potestatem
2804 1954 3069 2022 operandi
3120 1966 3346 2026 propter

1760 2039 1895 2111 quid
1932 2038 2085 2094 dedit
2114 2040 2191 2095 illi
2222 2041 2386 2095 Pater
2426 2040 2735 2110 Spiritum?
2765 2041 2899 2096 Nam
2936 2060 2958 2093 ι
2985 2059 3095 2098 non
3125 2059 3349 2099 mensu-

1760 2151 1842 2200 ra,
1876 2134 2077 2205 inquit,
2106 2134 2198 2189 dat
2234 2135 2398 2189 Pater
2430 2134 2871 2205 Spiritum.Nam
2904 2139 3227 2196 Patersmat
3253 2141 3343 2195 Fio

1759 2226 1895 2282 lium
1938 2235 1994 2281 et
2021 2226 2206 2280 omnia
2253 2225 2407 2281 dedit
2449 2226 2504 2281 in
2529 2242 2693 2282 manu
2722 2229 2873 2285 illius
2915 2240 2961 2295 ι,
2999 2250 3016 2282 ι
3066 2233 3346 2301 quomodo

1760 2332 1914 2383 vero,
1945 2317 1990 2371 si
2020 2332 2131 2372 non
2166 2332 2426 2373 mensura
2455 2319 2550 2373 sed
2599 2320 2869 2392 dignitate
2913 2322 3076 2379 datus
3110 2332 3196 2379 est
3229 2325 3281 2380 ei
3315 2342 3346 2380 a

1761 2412 1874 2466 Deo
1898 2411 2178 2481 Spiritus?
2207 2412 2327 2466 Non
2352 2413 2504 2467 sicut
2534 2411 2830 2467 imbecillis
2862 2413 3029 2469 homo
3054 2413 3122 2469 ad
3153 2429 3347 2484 opera-

1764 2503 1971 2557 tionem
2022 2502 2267 2558 divinam
2317 2501 2530 2572 accepit
2577 2502 2738 2558 Jesus
2784 2502 3078 2574 Spiritum.
3118 2505 3179 2560 Si
3212 2521 3346 2560 vero

1761 2609 1873 2649 non
1914 2602 1999 2648 est
2037 2609 2313 2649 mensura:
2358 2594 2502 2649 alius
2527 2604 2740 2650 natura:
2782 2597 3031 2666 accipere
3079 2596 3346 2667 Spiritum

1761 2686 1856 2757 qui
1880 2702 1946 2742 ex
1965 2687 2127 2757 Patre
2156 2688 2430 2756 procedit,
2456 2688 2550 2743 sed
2576 2687 2738 2743 datur
2761 2688 2863 2743 soli
2886 2698 3096 2744 naturae
3112 2689 3351 2743 similiet

1760 2779 1832 2832 ab
1855 2793 1923 2833 eo
1949 2778 2183 2842 dilectae,
2203 2780 2353 2833 solus
2388 2780 2561 2834 Filius
2586 2782 2735 2836 Patri
2765 2790 2822 2836 et
2848 2780 3077 2851 Spiritui
3109 2782 3349 2838 consub-

1762 2869 2063 2934 stantiaiis,
2093 2868 2322 2923 evidens
2349 2878 2434 2924 est
2473 2870 2618 2939 quod
2666 2879 2897 2941 propter
2923 2874 3229 2927 naturalem
3259 2872 3345 2927 dl-

1761 2942 2058 3014 lectiunem
2106 2960 2565 3014 consubstantiali
2598 2960 2740 3015 Filio
2778 2961 2936 3016 dedit
2977 2963 3349 3017 consubstan-

1764 3050 1950 3106 tialem
1988 3050 2257 3120 Spiritum
2290 3066 2452 3105 suum
2488 3052 2669 3117 Pater,
2717 3068 2841 3107 nam
2889 3054 3072 3108 omnia
3099 3054 3253 3109 dedit
3294 3059 3346 3111 ci

1767 3144 1926 3198 Pater
1975 3143 2031 3197 in
2066 3158 2254 3207 manu,
2285 3142 2360 3197 ita
2386 3154 2443 3199 ul
2489 3136 2703 3199 diceret
2730 3143 2923 3200 Filius:
2966 3164 2984 3197 ι
3014 3126 3207 3202 omnia
3225 3163 3347 3218 qua:

1761 3230 1926 3287 habet
1944 3231 2127 3300 Pater,
2158 3247 2278 3287 mea
2302 3241 2431 3287 sunt
2450 3245 2499 3287 ι.
2534 3253 2556 3287 ι
2897 3224 2899 3226 ’

2401 3414 2556 3471 CAP.
2588 3414 2711 3473 XX.

1834 3494 2128 3563 Viviticans
2152 3513 2236 3562 est
2268 3507 2485 3561 Domini
2527 3523 2658 3563 caro
2682 3524 2808 3564 cum
2842 3509 3125 3565 credimus
3159 3506 3280 3565 eam
3316 3527 3345 3565 a

1761 3598 1875 3653 Deo
1910 3599 2091 3653 Verbo
2119 3597 2470 3652 vivificatam.
2506 3600 2685 3654 Aliter
2714 3602 2865 3656 enim
2908 3611 3131 3657 nonest
3161 3603 3346 3657 vivifi-

1760 3704 1913 3743 cans.
1950 3687 2057 3743 Sed
2085 3703 2196 3742 non
2223 3688 2431 3743 virtute
2465 3688 2576 3743 vivi
2611 3689 2776 3745 Verbi
2821 3705 2971 3745 nunc
3017 3691 3347 3760 simpliciter

1761 3780 2034 3835 viviticata
2058 3820 2072 3845 ,
2105 3789 2168 3835 ut
2204 3781 2260 3835 in
2290 3781 2575 3836 creatione
2598 3780 2803 3849 Adam;
2832 3797 3164 3853 quacunque
3195 3784 3344 3838 enim

1762 3888 1957 3928 rursus
1991 3872 2199 3928 virtute
2244 3872 2656 3943 corruptionem
2698 3874 2933 3930 haberet
2969 3890 3120 3929 nunc
3155 3875 3343 3942 homo,

1762 3964 2068 4039 sedunivit
2110 3980 2224 4020 sua:
2257 3973 2471 4020 naturae
2511 3974 2767 4022 naturam
2813 3966 3208 4034 viviﬁcantem,
3246 3983 3345 4038 per

1764 4056 2025 4111 unionem
2067 4056 2301 4111 duarum
2326 4056 2784 4123 substantiarum,
2811 4073 2977 4112 unum
3024 4059 3342 4130 hyposlasin

1761 4148 2139 4214 exhibentem,
2193 4158 2254 4204 ut
2284 4164 2571 4219 nunquam
2617 4149 2883 4221 deinceps
2912 4160 3100 4220 posset
3124 4151 3180 4205 in
3214 4165 3346 4221 ope-

1763 4242 1977 4297 ratione
2038 4242 2142 4297 sita
2193 4241 2500 4311 corruptio,
2564 4250 2777 4298 naturoe
2835 4242 3089 4298 humanae
3131 4236 3357 4311 ingredi

1763 4335 2109 4404 operatione,
2159 4343 2220 4390 ut
2258 4335 2497 4397 humana
2538 4332 2818 4406 hypostasi
2864 4335 2919 4389 in
2972 4334 3094 4404 ipso
3131 4335 3234 4389 sita
3262 4337 3347 4389 in-

78 4418 156 4481 ὡς
182 4418 325 4472 κατά
356 4420 703 4490 ἀνθρωπίνης
747 4421 1099 4484 ὑποστάσεως
1131 4421 1658 4491 συνεναποκειμένης

1766 4426 2140 4497 corruptionis
2178 4427 2408 4494 virtute,
2452 4427 2579 4481 vitae
2627 4428 2852 4497 prepria
2884 4436 3103 4492 natura,
3133 4434 3191 4482 et
3219 4441 3346 4482 cum

80 4510 219 4580 αὐτῇ
260 4511 321 4562 ἐν
359 4513 423 4582 τῇ
450 4512 546 4581 τῆς
594 4512 999 4584 ἁφθαρτοποιοῦ
1030 4513 1333 4584 δυνάμεως,
1368 4514 1467 4583 τῆς
1499 4513 1662 4566 αὑτο-

80 4606 242 4670 quasi.
272 4604 438 4675 ζωῆς,
468 4606 559 4658 καὶ
591 4605 669 4667 είς
700 4605 795 4676 τὴν
822 4605 992 4674 αὑτὴν
1034 4604 1185 4657 θείαν
1220 4603 1515 4658 ὑπόστασιν
1546 4620 1669 4656 συν-

79 4696 313 4770 εχούσης
352 4703 452 4769 τὴν
513 4699 863 4770 ἀνθρωπείαν
900 4699 1095 4769 φύσινο
1147 4697 1292 4752 οὑτω
1328 4700 1462 4766 γοῦν
1522 4714 1666 4760 τινες

80 4793 175 4846 καὶ
205 4793 335 4853 τοὺς
363 4792 721 4861 φθοροποιοὺς
771 4792 869 4862 τῆς
908 4790 1144 4861 γαστρὸς
1172 4790 1337 4852 ὀποὺς
1364 4788 1397 4861 ἢ
1434 4788 1665 4859 βοτάνας

78 4875 143 4937 δι’
180 4885 376 4954 ἑτέραν
441 4884 561 4938 τινα
621 4885 893 4953 ὠφέλειαν
938 4884 1344 4955 προσφέροντες
1382 4900 1494 4937 τισι
1551 4884 1662 4946 τοῖς

82 4974 232 5036 ἰδίως
282 4977 592 5042 ἐφέκτικοῖς
641 4975 813 5045 αὑτῆς
859 4975 1024 5028 εἴδεσι
1083 4974 1359 5043 μίξαντες,
1415 4975 1494 5038 εἰς
1542 4973 1662 5036 ἑνὸς

81 5052 381 5134 φαρμάκου
425 5063 687 5134 σύνθεμα,
738 5063 911 5125 ἀδεῶς
956 5063 1018 5116 τὸ
1080 5062 1264 5115 λοιπὸν
1329 5063 1659 5134 παρέχουσιο

82 5153 445 5225 φθοροποιίαν
498 5156 733 5226 γαστρὸς
789 5154 975 5208 λοιπὸν
1009 5152 1113 5207 οὑκ
1157 5152 1544 5223 εὐλαϐούμενοι
1576 5152 1663 5205 διὰ

79 5245 144 5299 τὸ
196 5244 694 5315 συμπεπλεγμένον
749 5244 1039 5313 ἐφεκτικὸν
1088 5244 1186 5314 τῆς
1214 5243 1448 5312 γαστρὸς
1489 5244 1549 5297 ὲν
1584 5242 1663 5296 ἐνὶ

82 5337 176 5391 καὶ
205 5336 287 5407 τῷ
315 5335 465 5406 αὑτῷ
488 5336 764 5408 φαρμάκῳ
803 5338 940 5407 ἅμα.

647 5430 903 5483 ΚΑΦΑΛ.
947 5429 1078 5484 KA'.

151 5518 268 5571 Οὑκ
306 5515 452 5570 ἔστιν
485 5518 770 5589 ἅνθρωπος
802 5521 881 5592 μὴ
909 5518 983 5575 ὢν
1022 5537 1107 5584 τις
1155 5518 1441 5589 ἄνθρωπος
1462 5534 1477 5551 ο
1509 5518 1603 5572 καί⁵
1629 5518 1658 5571 ό

119 5637 336 5709 YlReg.
367 5651 474 5703 ενι,
499 5636 551 5692 5.
633 5647 655 5674 ι
693 5638 849 5694 Joan.
893 5654 972 5705 In,
1003 5638 1092 5694 55.
1172 5650 1194 5679 α
1227 5637 1382 5692 Joan.
1410 5648 1522 5705 ιιι-ι,
1558 5636 1644 5692 15.

1771 4517 1888 4588 ipsa
1954 4517 2139 4572 divina
2197 4517 2479 4589 hypustasi
2544 4518 2756 4572 unitam
2823 4518 3123 4573 humanam
3184 4527 3348 4574 natu-

1769 4626 1916 4677 ram;
1946 4610 2027 4665 sic
2050 4609 2218 4680 igitur
2255 4609 2481 4680 quidam
2506 4610 2623 4665 sani
2649 4611 2910 4665 mortales
2940 4611 3226 4666 stomacho
3248 4610 3351 4666 hu-

1767 4716 1971 4766 mores,
1992 4702 2079 4757 vel
2102 4701 2342 4770 plantas,
2380 4700 2497 4758 sive
2533 4701 2825 4773 quamdam
2860 4702 3023 4757 aliam
3057 4688 3350 4758 utilitatem

1764 4793 2118 4859 adhibentes,
2151 4801 2208 4848 et
2238 4792 2571 4864 quibusdam
2596 4793 3035 4863 astringentibus
3058 4793 3352 4862 speciebus

1767 4886 2081 4950 miscentes,
2115 4898 2286 4938 unum
2313 4884 2667 4953 pharmacum
2694 4891 3035 4952 componunt
3062 4883 3210 4952 quod
3227 4883 3352 4940 sine

1767 4982 1916 5030 metu
1956 4974 2025 5029 de
2047 4981 2247 5029 caetero
2282 4972 2569 5028 adhibent.
2599 4972 3029 5045 Corruptionem
3075 4973 3349 5035 stomachi

1767 5065 1836 5121 de
1873 5072 2074 5120 caetero
2102 5078 2212 5118 non
2246 5063 2505 5120 timentes
2539 5073 2772 5135 propter
2800 5064 3115 5120 mistionem
3143 5065 3352 5127 astri“-

1768 5155 1946 5228 gentis
1966 5153 2096 5211 salsi
2131 5154 2187 5209 in
2222 5152 2418 5209 eodem
2454 5154 2771 5226 pharmaco.

1839 5517 1958 5574 Non
1985 5515 2152 5572 homo
2175 5513 2270 5587 qui
2285 5527 2398 5572 non
2418 5419 2933 5585 fifgiitﬁghomo,
2961 5519 3018 5570 et
3042 5508 3351 5583 suscipiens
