3908 6306
32 364 189 430 ἑ745

1031 370 1430 433 ADVERSUS
1464 371 2019 434 NESTORIANOS.
2053 398 2116 410 —
2138 373 2285 435 LIB.
2326 348 2403 436 v.

3179 369 3315 435 me

27 479 316 551 μέλλοντι
366 478 522 533 αἰῶνι
571 481 949 552 πνευματικῆς
982 480 1197 551 φύσεως
1230 485 1324 539 καὶ
1353 485 1641 557 ἀτελευτὴ-

1756 488 1913 558 hujus
1943 487 2003 543 in
2030 487 2219 543 futuro
2249 487 2450 542 saeculo
2486 486 2790 557 spirituaiis
2824 492 3035 541 natura;
3063 493 3119 542 et
3144 492 3319 542 status

25 589 129 625 του
180 574 289 624 καὶ
342 572 619 643 ἀφθάρτου
684 574 1068 638 καταστάσεως
1111 576 1217 630 τῶν
1264 575 1359 632 νῦν
1400 580 1458 631 έν
1509 580 1642 649 ἡμῖν

26 662 321 733 φθαρτῶν
344 663 613 733 σωμάτων
628 681 641 694 ο
660 663 835 736 τούτῳ
862 683 945 718 τοι
967 666 1059 720 καὶ
1085 669 1298 737 εἴρηται
1321 661 1475 732 οὗτος
1495 665 1555 725 οὗ
1578 670 1647 724 τά

26 754 241 807 παιδία
265 754 459 823 ἐσμὲν,
484 755 675 826 Πατὴρ
705 755 798 808 τοῦ
839 758 1125 826 μέλλοντος
1142 759 1369 824 αἰῶνοςο
1404 761 1470 815 δι’
1501 762 1644 833 ἡμᾶς

25 847 148 917 γὰρ
178 845 286 909 οὓς
315 846 624 918 ἀφθάρτους
645 850 839 920 άνιστᾷ
873 854 1269 921 πνευματικοῖς
1299 853 1517 924 σώμασι
1549 854 1646 909 καὶ

26 939 169 999 τοὺς
200 937 416 1002 τόπους
441 939 534 993 καὶ
565 940 635 993 τὰ
665 943 791 1010 περὶ
822 942 969 1010 ἡμᾶς
998 942 1174 996 πάντα
1200 944 1510 1015 κατάλληλα
1533 948 1647 1009 τοῖς

29 1030 501 1101 ἑνδιαιτωμένοις
550 1032 645 1086 καὶ⁵
698 1033 1052 1102 περιπολοῦσι
1104 1036 1197 1089 καὶ
1228 1036 1496 1093 διαὸιοῡσι
1552 1039 1648 1092 καὶ

33 1124 240 1186 ἁπλῶς
300 1123 815 1195 ἐμπολιτευομένας
853 1127 1057 1191 αὐτοῖς,
1109 1129 1362 1200 ἄφθαρτα
1401 1129 1649 1186 ἀποκαθ-

36 1216 236 1286 ίστησι
295 1213 527 1285 σώματα
547 1232 560 1245 ·
595 1216 676 1269 ὅτι
705 1217 800 1269 καὶ
840 1216 977 1289 αὑτὴ
1015 1220 1048 1289 ἡ
1076 1219 1253 1283 κτίσις
1282 1219 1651 1291 ὲλευθερωθήυ

36 1322 204 1360 σεται
249 1306 369 1360 ἀπὸ
408 1306 507 1376 τῆς
563 1307 807 1370 δουλείας
857 1309 957 1378 τῆς
1008 1309 1214 1380 φθορᾶς
1252 1311 1333 1373 είς
1361 1309 1460 1380 τὴν
1482 1310 1642 1377 δόξαν

32 1400 141 1468 τῆς
171 1398 501 1470 ἐλευθερίας
530 1399 639 1453 τῶν
666 1400 875 1454 τέκνων
908 1400 1003 1454 τοῦ
1043 1401 1179 1456 Θεοῦ
1211 1402 1406 1456 τούτου
1437 1401 1529 1456 τοῦ
1559 1402 1652 1456 καὶ

34 1490 120 1552 ὡς
162 1489 469 1559 ἀνθρώπου
520 1490 748 1556 ἀδελφοῦ
780 1492 873 1544 καὶ
901 1491 1115 1563 Πατρὸς
1143 1492 1397 1561 λέγοντος
1418 1510 1431 1525 ·
1459 1511 1484 1546 ί
1516 1491 1647 1547 Ἰδοὺ

36 1580 159 1650 ἐγὼ
199 1583 304 1635 καὶ
336 1581 405 1635 τὰ
432 1582 621 1636 παιδία
654 1582 690 1637 ἆ
723 1600 812 1652 μοι
844 1582 1045 1640 ἔδωκεν
1065 1586 1092 1638 0
1118 1586 1268 1647 Θεός.
1298 1604 1320 1637 ι

651 1759 901 1814 ΚΕΦΛΛ.
945 1762 1073 1816 KI";

1745 579 1865 635 sine
1900 576 2007 635 ﬁne
2034 587 2090 633 et
2118 579 2239 634 sine
2269 580 2622 647 corruptione
2647 593 2942 650 corporum
2971 577 3192 632 nuncin
3224 594 3325 633 ne-

1744 672 1832 727 bis
1881 671 2357 741 corruptibilium.
2406 671 2536 727 ideo
2583 673 2747 726 etiam
2797 672 2846 728 is
2887 672 3044 743 cujus
3086 670 3322 725 infantes

1745 780 1937 820 sumus
1964 764 2170 819 dicitur
2190 765 2354 819 Pater
2369 762 2776 827 futurisaeeuli,
2807 772 3033 832 propter
3057 777 3159 817 nos
3182 776 3322 831 quos

1747 854 2039 912 suscitabit
2080 854 2534 926 incorruptibiles
2564 854 2618 908 in
2648 852 3033 924 spiritualibus
3068 853 3321 922 corpori-

1747 949 1873 1014 bus,
1901 956 1959 1004 et
1990 949 2131 1012 loca,
2158 956 2214 1005 et
2245 948 2431 1003 omnia
2456 946 2617 1003 nobis
2639 946 3005 1003 eonvenienta
3028 944 3324 1000 habitanti-

1748 1040 1875 1106 bus,
1924 1047 1981 1095 et
2029 1040 2380 1095 volventibus
2423 1048 2481 1096 et
2519 1038 2835 1094 viventibus
2881 1047 2939 1093 et
2988 1052 3215 1107 prorsus
3264 1052 3322 1090 In

1748 1131 1966 1187 civibus
1993 1131 2219 1197 habitis,
2248 1146 2483 1202 corpore
2506 1132 2562 1187 in
2588 1131 2792 1187 unione
2819 1131 3161 1200 incorrupta,
3193 1128 3322 1199 quia

1748 1234 1806 1280 et
1850 1225 1970 1294 ipsa
2016 1225 2228 1281 crcatio
2259 1224 2588 1280 liberabitur
2623 1239 2652 1278 a
2691 1224 2957 1279 servitute
3016 1222 3213 1278 mortis
3264 1222 3321 1276 in

1749 1318 1978 1387 gloriam
2012 1318 2287 1374 libertatis
2327 1316 2569 1373 ﬁliorum
2613 1316 2710 1371 Dei
2734 1327 2755 1355 ε
2793 1316 2953 1372 istius
2983 1315 3078 1386 qui
3121 1314 3325 1371 dicitur

1750 1409 1993 1466 hominis
2023 1409 2194 1464 frater
2220 1416 2276 1464 et
2312 1417 2487 1480 pater.
2535 1424 2553 1460 ι
2597 1407 2749 1464 Ecce.
2768 1423 2870 1478 ego
2903 1415 2960 1463 et
2990 1407 3149 1478 pueri
3186 1421 3327 1477 quos

1751 1500 1905 1559 dedit
1942 1501 2078 1557 mibi
2112 1502 2279 1557 Deus.
2326 1519 2347 1553 ι

2346 1763 2497 1820 CAP.
2537 1763 2728 1819 XXIII.

115 1852 185 1904 Et
224 1850 397 1913 αὐτὸς
428 1852 455 1903 0
478 1851 534 1904 ἐν
553 1855 733 1923 μορφῇ
763 1853 900 1906 Θεοῦ
930 1855 1193 1926 ὑπάρχων
1218 1875 1236 1909 ι
1268 1855 1642 1928 Ἑταπεινώθη

1819 1856 1876 1914 Si
1920 1858 2014 1914 ille
2044 1858 2140 1929 qui
2167 1858 2465 1913 exsistebat
2510 1857 2565 1911 in
2614 1856 2793 1911 forma
2814 1853 2910 1909 Dei
2943 1873 2960 1906 ι
3007 1852 3333 1908 Humiliavit

43 1941 308 2005 κενώσας
361 1942 555 1995 ἑαυτὸν
595 1946 677 2007 είς
709 1945 809 2016 τὴν
846 1947 941 2001 τοῦ
986 1947 1172 2002 δούλου
1220 1947 1457 2018 μορφὴν,
1491 1943 1646 2011 οὗτός

43 2040 202 2090 ἔστιν
237 2037 267 2089 0
294 2035 695 2106 ὑπερυψωθεὶς,
725 2038 819 2091 καὶ
849 2032 892 2105 ᾧ
921 2039 1212 2109 ἐχαρίσατο
1249 2041 1277 2093 0
1313 2037 1446 2101 Θεὸς
1476 2037 1648 2108 ὄνομα

42 2130 108 2182 τὸ
159 2128 317 2195 ὑπὲρ
350 2130 458 2182 πᾶν
504 2129 696 2200 ὄνομα,
738 2150 755 2181 ι
781 2131 889 2200 ἄρα
911 2148 972 2198 γε
1007 2130 1036 2184 ὃ
1067 2130 1208 2184 κατά
1248 2130 1414 2199 φύσιν
1445 2126 1590 2200 εἶχεν
1618 2133 1647 2186 0

43 2220 251 2288 Λόγος,
307 2220 541 2290 ὕστερον
588 2221 729 2274 κατὰ
781 2223 944 2292 χάριν
985 2220 1164 2292 ἔσχεν.
1205 2222 1347 2275 Ἀλλ’
1392 2224 1440 2276 εί
1488 2222 1586 2292 μὲν
1617 2224 1647 2277 0

43 2312 218 2375 αὐτός
250 2312 421 2365 ὲστιό
452 2312 573 2365 καθ’
600 2313 798 2382 ἑτέραν
839 2314 937 2382 μὲν
970 2314 1079 2368 τῶν
1106 2315 1273 2367 αὑτοῦ
1304 2314 1523 2382 φύσεων
1552 2333 1647 2369 κε-

46 2403 252 2467 νωθεὶς
294 2406 382 2466 εἰς
407 2403 506 2474 τὴν
534 2403 692 2471 φύσει
733 2405 930 2472 δούλην
961 2405 1379 2477 άνθρωπότητα,
1411 2407 1648 2476 ὑψωθεὶς

46 2493 106 2547 δὲ
138 2495 244 2564 τὴν
276 2494 480 2563 ἑτέραν
524 2494 603 2551 είς
654 2493 753 2564 τὴν
797 2494 958 2562 φύσει
986 2494 1357 2558 δεσπόζουσαν
1391 2496 1645 2567 θεότητα,

47 2586 158 2656 ἄρα
204 2602 275 2653 γε
330 2584 435 2653 τῆς
477 2582 861 2649 ταπεινώσεως
915 2586 1127 2657 ἑτέρου,
1187 2588 1361 2659 ἑτέρῳ
1396 2590 1424 2642 0
1458 2588 1648 2659 μισθὸς

48 2679 392 2733 ἀποδέδοται
422 2676 631 2745 ἀλόγως
663 2695 721 2731 τε
759 2678 854 2732 καὶ
882 2678 1117 2743 ἀδίκωςο
1149 2679 1289 2751 πλὴν
1319 2682 1352 2750 ἠ
1383 2682 1651 2735 ταπείνω-

51 2786 164 2835 σις,
203 2770 307 2823 καὶ
336 2768 459 2822 καθ’
489 2769 631 2832 ὑμᾶς
660 2768 774 2821 τοῦ.
794 2770 970 2838 Λόγου
1008 2769 1187 2822 ἐστίν·
1222 2769 1362 2842 αὕτη
1392 2770 1447 2825 δὲ
1486 2771 1650 2842 μέχρι

53 2860 325 2921 θανάτου,
361 2857 461 2910 καὶ
513 2856 746 2912 θανάτου
798 2856 1033 2929 σταυροῦ
1084 2860 1299 2931 εἴρηται
1341 2860 1647 2931 προϐῆναι·

49 2951 148 3006 τοῦ
193 2951 382 3018 Λόγου
428 2948 536 3020 ἄρα
574 2949 679 3003 ἰδία
719 2951 890 3020 χωρὶς
924 2951 1199 3021 σαρκικῆς
1242 2952 1522 3021 συμφυΐας
1553 2954 1651 3006 καὶ

52 3043 154 3112 τῆς
181 3042 417 3096 οἱασοῦν
453 3043 907 3105 συνυποστάσεως
939 3042 1135 3113 ἑτέρας
1168 3042 1357 3107 οὐσίας
1390 3045 1459 3098 τά
1502 3045 1652 3116 πάθη

53 3135 149 3189 καὶ
179 3135 276 3190 τὸν
303 3134 537 3189 θάνατον
575 3131 710 3187 εἶναι
742 3134 1020 3201 συνάγετε.
1364 3134 1367 3138 ⁴

655 3244 904 3298 ΚΕΦΛΛ.
945 3245 1074 3299 KA'.

126 3339 267 3395 Θεὸν
321 3334 506 3399 οὐδεὶς
550 3334 763 3406 ἑώρακε
804 3335 1062 3389 πώποτε·
1104 3337 1154 3390 εί
1187 3335 1280 3391 οὖν
1334 3337 1364 3392 0
1407 3336 1503 3391 ἐπὶ
1551 3338 1657 3410 γῆς

54 3431 267 3502 ὀφθεὶς,
300 3420 366 3485 οὗ
393 3428 491 3501 τὴν
522 3428 680 3492 δόξαν
704 3428 999 3483 ἐθεάσαντο
1027 3429 1104 3492 ὡς
1132 3428 1474 3497 Μονογενοῦς
1501 3430 1657 3502 παρὰ

58 3523 300 3593 Πατρὸς,
347 3514 525 3583 αὑτός⁶
562 3520 710 3573 ἐστιν
757 3520 785 3572 0
835 3518 998 3587 φύσει
1031 3518 1186 3585 Θεὸς,
1222 3519 1339 3583 πῶς
1370 3519 1571 3591 ἀληθὲς
1594 3521 1657 3575 τὸ

57 3607 649 3682 προομολογούμενονς
704 3607 900 3661 Καίτοι
949 3607 1021 3662 τὰ
1048 3609 1370 3679 ὲπαγόμενα
1398 3610 1657 3681 διασαφεῖ

56 3704 134 3766 ὡς
178 3703 346 3765 αὐτός
395 3700 593 3754 ἐστινὸ
618 3716 678 3754 τε
723 3698 887 3769 φύσει
923 3700 1030 3770 ἰδία
1072 3700 1325 3772 ἀόρατος,
1356 3703 1451 3756 καὶ
1491 3702 1656 3774 σαρκὶ

61 3794 173 3867 ἰδίᾳ
196 3793 401 3866 ὁρατὸς
434 3793 567 3863 ἡμῖν
587 3807 599 3821 ·
636 3792 851 3863 εἴρηται
879 3791 986 3864 γὰρ
1013 3792 1094 3846 ὅτι
1118 3787 1256 3846 αὐτὸ
1277 3793 1439 3848 τοῦτο
1462 3794 1522 3847 τὸ
1547 3811 1657 3865 μη-

58 3887 188 3940 δένα
219 3884 536 3958 ἑωρακέναι
566 3884 719 3951 Θεὸν,
747 3887 776 3939 0
803 3885 1099 3957 μονογενὴς
1118 3882 1265 3952 ’Υἱὸς
1295 3888 1324 3940 0
1350 3885 1427 3941 ὢν
1456 3891 1537 3952 εἰς
1564 3886 1657 3941 τὸν

65 3980 267 4034 κόλπον
315 3977 416 4033 τοῦ
470 3977 705 4048 Πατρὸς,
754 3978 920 4042 αὐτὸς
965 3977 1312 4049 ἐξηγήσατο·
1350 3979 1409 4032 οὐ
1472 3979 1655 4049 μέντοι

61 4073 146 4125 ὅτι
186 4069 287 4123 καὶ
333 4067 492 4139 ὤφθη
540 4066 890 4135 ἐθεασάμεθα
934 4085 1017 4130 τε,
1047 4069 1109 4121 οὐ
1140 4070 1242 4139 τὴν
1276 4069 1440 4139 φύσιν
1487 4067 1656 4123 αὑτοῦ

62 4162 170 4231 εφη
190 4178 206 4193 ·
248 4160 415 4231 δῆλον
443 4158 576 4229 γὰρ,
613 4158 696 4213 ὅτι
734 4159 829 4213 καὶ
857 4160 886 4211 0
920 4159 1046 4223 Υἱὸς
1071 4161 1316 4231 όμοφυὴς
1338 4160 1416 4231 τῷ
1438 4161 1657 4232 ἀοράτῳ

63 4254 246 4325 Πατρὶ
274 4253 377 4325 τὴν
416 4252 600 4321 φύσιν,
635 4251 773 4306 ἀλλὰ
811 4253 911 4322 τὴν
945 4251 1105 4320 δόξαν
1137 4252 1326 4319 αὐτοῦ,
1358 4254 1453 4307 καὶ
1492 4253 1655 4324 τήνδε

64 4344 125 4399 οὐ
170 4346 273 4416 τῆς
314 4344 556 4414 φυσικῆς
606 4344 763 4409 ἀξίας
810 4344 945 4398 ἀλλὰ
980 4344 1081 4414 τῆς
1108 4346 1367 4416 σχετικῆς
1396 4344 1532 4416 πρὸς
1563 4344 1665 4399 τὸν

68 4437 201 4491 [διον
234 4438 462 4508 Πατέρα
496 4436 702 4502 τάξεως
724 4452 738 4466 ⁸
768 4438 902 4507 φησὶ
921 4438 1029 4508 γὰρ
1050 4438 1133 4492 ὅτι
1160 4457 1178 4491 ι
1203 4438 1341 4503 Δόξα
1367 4439 1444 4502 ὼς
1474 4440 1652 4496 Μονοκ

1682 3184 1730 3247 c

1747 1952 2104 2022 semetipsum
2129 1951 2451 2006 exinaniens
2482 1950 2534 2004 in
2561 1949 2793 2005 formam
2817 1947 2982 2011 servi,
3010 1946 3103 2001 ille
3119 1955 3204 2001 est
3229 1961 3325 2001 su-

1747 2042 2138 2112 perexaltatus,
2171 2049 2227 2095 et
2260 2039 2414 2095 dedit
2446 2040 2524 2094 iiii
2544 2040 2689 2094 Deus
2715 2051 2915 2092 nomen
2945 2034 3091 2106 quod
3120 2042 3206 2090 est
3232 2049 3326 2089 su-

1747 2146 1847 2201 per
1864 2145 2028 2186 omne
2045 2146 2267 2195 nomen,
2293 2150 2311 2181 ι
2335 2130 2499 2201 igitur
2514 2116 2661 2199 quod
2691 2143 2787 2199 per
2806 2135 3057 2182 naturam
3088 2124 3331 2180 habebat

1749 2222 2013 2289 Verbum,
2062 2222 2296 2277 ulterius
2341 2236 2439 2291 per
2491 2220 2722 2291 gratiam
2772 2217 2984 2273 habuit.
3031 2215 3137 2272 Sed
3165 2215 3211 2271 si
3236 2215 3328 2270 ille

1747 2324 1832 2370 est
1894 2314 1989 2384 qui
2049 2313 2354 2369 secundum
2424 2312 2653 2367 alteram
2712 2324 2937 2366 suarum
3004 2315 3326 2362 naturarum

1747 2407 2067 2462 exinanitus
2118 2405 2175 2460 in
2215 2404 2536 2460 servitutem
2580 2403 2899 2466 humanam,
2943 2399 3192 2454 elevatus
3232 2413 3331 2467 per

1748 2496 1978 2551 alteram
2020 2496 2077 2550 in
2109 2494 2356 2548 divinum
2403 2492 2808 2563 magisterium,
2848 2490 3014 2559 igitur
3045 2487 3339 2555 humilitas

1748 2599 1829 2638 ex.
1852 2599 1963 2639 una
2006 2592 2181 2653 parte.
2208 2582 2387 2638 Alteri
2419 2582 2707 2653 praemium
2737 2580 2901 2635 datur
2951 2579 3072 2665 sijte
3115 2578 3329 2634 ratione

1749 2683 1805 2732 et
1836 2677 2259 2748 justitiaprxter
2300 2675 2692 2739 humilitatem,
2740 2682 2797 2728 et
2839 2672 2988 2743 apud
3029 2687 3128 2726 vos
3165 2669 3332 2726 Verbi

1750 2778 1857 2835 est,
1900 2769 1999 2824 sed
2038 2768 2323 2822 humilitas
2349 2782 2523 2837 usque
2550 2766 2617 2821 ad
2652 2773 2887 2821 mortem
2918 2771 2973 2819 et
3001 2772 3236 2817 mortem
3273 2770 3337 2814 ut

1751 2861 1936 2916 erucis
1972 2859 2179 2916 dicitur
2206 2858 2553 2929 produxisse.
2590 2858 2758 2913 Verbi
2796 2871 2930 2926 ergo
2958 2855 3188 2927 pr0pria
3216 2852 3337 2909 sine

1752 2955 1958 3010 carnali
2009 2959 2208 3008 natura
2252 2963 2309 3009 et
2348 2953 2470 3023 pari
2527 2950 3120 3007 consubstantialitatis
3163 2951 3343 3005 altera

1753 3045 2079 3103 substantiae
2106 3045 2390 3116 passiones
2415 3050 2483 3098 et.
2501 3052 2738 3098 mortem
2762 3057 2885 3098 esse
2913 3040 3121 3112 eligite.

2361 3248 2513 3306 CAP.
2553 3245 2743 3305 XXIV.

1825 3346 1999 3400 Deum
2025 3358 2190 3399 nemo
2230 3357 2476 3413 unquam
2515 3341 2677 3407 vidit,
2718 3340 2765 3396 si
2806 3354 2940 3395 vero
2968 3339 3121 3394 visus
3159 3347 3243 3395 est
3277 3336 3339 3391 in

1758 3443 1924 3501 terra,
1961 3437 2121 3507 cujus
2147 3435 2373 3505 gloriam
2405 3433 2665 3490 viderunt
2685 3431 2841 3503 quasi
2878 3429 3134 3502 Unigenti
3166 3444 3198 3484 a
3226 3430 3334 3486 Pa-

1758 3536 1862 3593 tre,
1893 3528 2010 3597 ipse
2029 3535 2116 3581 est
2142 3535 2339 3581 natura
2362 3528 2526 3581 Deus.
2547 3524 2833 3592 Quomodo
2859 3539 3051 3579 verum
3077 3523 3183 3578 erit
3212 3537 3341 3578 ver-

1756 3616 1887 3672 bum
1918 3631 2086 3686 supra
2114 3616 2451 3687 aiiegatum?
2480 3615 2688 3669 Tamen
2733 3614 3022 3685 sequentia
3062 3614 3349 3684 explicant

1757 3709 1906 3779 quod
1953 3708 2071 3777 ipse
2114 3716 2200 3763 est
2241 3706 2466 3777 propria
2504 3715 2700 3761 natura
2736 3705 3052 3767 invisibilis,
3087 3711 3145 3759 et
3173 3719 3341 3759 carne

1757 3800 1983 3870 propria
2004 3798 2239 3854 visibilis
2260 3797 2439 3853 nobis.
2464 3797 2582 3853 Non
2599 3795 2826 3863 dicitur,
2849 3795 2996 3866 quod
3011 3794 3341 3867 illudipsum

1756 3891 2034 3945 neminem
2068 3890 2274 3945 vidisse
2316 3889 2511 3953 Deum,
2556 3887 2875 3959 unigenitus
2911 3886 3095 3941 Filius.
3126 3885 3222 3955 qui
3254 3896 3345 3941 est

1758 3984 1812 4040 in
1829 3985 1951 4039 sinu
1967 3984 2163 4048 Patris,
2186 3982 2304 4053 ipse
2332 3981 2543 4046 docuit,
2568 3995 2680 4035 non
2706 3990 2890 4035 tamen
2917 3977 3075 4050 quod
3096 3977 3249 4033 visus
3270 3977 3344 4033 sit

1757 4075 1942 4132 mirati
1966 4089 2177 4141 sumus,
2212 4088 2325 4127 non
2356 4080 2613 4127 naturam
2644 4071 2766 4142 ejus
2795 4070 2956 4126 dixit.
2988 4068 3232 4127 Evidens
3257 4076 3345 4123 est

1758 4181 1890 4237 ergo
1941 4165 2090 4236 quod
2138 4163 2285 4219 ﬁlius
2329 4161 2706 4219 eonnaturalis
2739 4160 3044 4217 secundum
3087 4166 3345 4214 naturam

1756 4259 2023 4315 invisibili
2053 4257 2223 4321 Patri,
2259 4254 2356 4312 sed
2388 4270 2488 4325 per
2514 4254 2745 4326 gloriam
2774 4269 2886 4309 non
2915 4253 3203 4324 dignitatis
3243 4268 3343 4307 na-

1760 4351 1974 4416 turalis,
2005 4350 2103 4405 sed
2132 4348 2347 4404 ordinis
2378 4347 2606 4403 relative
2647 4346 2716 4403 ad
2761 4348 3050 4417 proprium
3096 4347 3342 4402 Patrem.

1759 4442 1903 4497 Dicit
1946 4440 2093 4496 enim
2145 4440 2277 4510 quia
2331 4456 2353 4492 ι
2414 4438 2600 4494 Gloria
2643 4438 2802 4509 quasi
2852 4437 3136 4510 Unigeniti
3172 4453 3202 4492 a
3243 4438 3349 4493 Pa-

64 4530 260 4597 γενοῦς
283 4531 437 4600 παρὰ
453 4529 667 4600 Πατρός
687 4545 701 4560 ο
724 4549 741 4581 ι
765 4530 863 4582 ὁδὲ
888 4548 907 4584 ι
933 4528 1059 4583 Ἐπὶ
1072 4530 1175 4599 γῆς
1193 4530 1379 4599 ὀφθεὶς
1402 4551 1420 4583 ι
1442 4533 1535 4587 καὶ
1558 4535 1651 4588 λα-

1766 4531 1912 4589 tref.
1944 4551 1963 4582 ι
1993 4531 2097 4597 Qui
2124 4546 2259 4586 vero
2294 4548 2313 4582 ι
2349 4531 2501 4586 visus
2529 4539 2619 4585 εει
2645 4530 2700 4583 in
2727 4529 2935 4585 terris“
2975 4547 2995 4582 ι
3031 4538 3089 4584 et
3116 4529 3351 4599 loquens

67 4621 175 4675 λῶν
207 4622 464 4686 ἀπλανῶς
496 4622 670 4692 λέγων
686 4639 730 4675 Ὶ
753 4621 899 4692 Ἐγὼ
931 4623 1024 4677 καὶ
1042 4623 1070 4676 0
1108 4622 1297 4694 Πατὴρ
1319 4624 1380 4678 ἓν
1402 4627 1573 4695 ἐσμεν
1594 4645 1608 4659 °
1632 4648 1652 4682 ι

68 4712 187 4781 καὶ,
207 4730 226 4764 ι
251 4712 311 4766 '0
326 4710 588 4786 ἑωρακὼς
604 4714 628 4765 ὲ
637 4713 724 4784 μὲ,
747 4710 957 4782 ἑώρακε
976 4711 1066 4765 τὸν
1085 4713 1325 4782 Πατέρα’
1350 4733 1371 4765 ι
1393 4714 1453 4767 οὐ
1472 4715 1659 4784 σαφῶς

69 4804 222 4875 δηλοί
258 4806 341 4858 ὅτι
369 4809 398 4859 0
431 4806 505 4875 μὴ
544 4809 752 4860 ἐκεῖνον
788 4807 921 4876 ὁρᾷν
955 4804 1253 4875 δυνάμενος
1292 4806 1413 4859 οὐδὲ
1438 4808 1650 4874 τοῦτον,

68 4896 306 4966 ἀόρατος
331 4896 441 4970 ἄρα
472 4898 691 4968 θεότητι
713 4914 727 4929 ⁸
761 4899 956 4970 ὁρατὸς
1005 4898 1385 4971 ἀνθρωπότητι
1417 4899 1655 4970 Χριστὸς

72 4986 100 5038 0
125 4985 259 5051 Θεὸς
292 4989 387 5041 καὶ
420 4988 522 5042 οὐκ
549 4987 860 5059 ἄνθρωπος.

642 5100 899 5153 ΚΕΦΑΛ.
941 5098 1072 5151 KE'.

145 5190 210 5243 ΕΞ
239 5189 419 5245 πάντα
451 5190 748 5244 οἰκειοῦται
780 5190 848 5244 τὰ
887 5191 986 5259 τῆς
1029 5189 1230 5259 σαρκὸς
1264 5190 1374 5243 ῐδια
1401 5192 1428 5244 0
1464 5190 1656 5259 Λόγος,

76 5281 168 5333 καὶ
198 5282 418 5336 πάντων
451 5283 683 5352 ἠξίωται
710 5282 818 5335 τῶν
850 5282 944 5335 τοῦ
981 5282 1213 5352 Λόγουή
1246 5282 1407 5351 σὰρξ,
1445 5282 1556 5354 ἄρα
1591 5299 1654 5350 γε

34 5434 35 5437 η
77 5373 173 5425 καὶ
205 5373 265 5425 τὸ
297 5372 355 5441 ἐξ
386 5374 485 5428 οὐκ
526 5374 696 5427 ὄντων
737 5369 877 5428 εἶναι
920 5374 949 5427 0
999 5376 1115 5427 ἐστι
1142 5376 1240 5444 τῆς
1269 5374 1471 5440 σαρκὸς
1499 5392 1659 5444 φυσι-

76 5464 205 5518 κόν³
241 5467 336 5519 καὶ
385 5467 447 5521 τὸ
490 5468 724 5537 τρεπτὸς
762 5463 902 5520 εἶναι
946 5469 1039 5521 καὶ
1084 5469 1278 5541 ὁρατὸς
1307 5462 1449 5519 εἶναι
1480 5466 1665 5520 καὶτὸ

78 5557 459 5628 περιέχεσθαιο
489 5562 539 5614 εἰ
573 5560 631 5614 δὲ
673 5561 768 5614 καὶ
800 5558 973 5614 ταῦτά
1014 5576 1099 5626 τις
1133 5558 1274 5631 δοίη,
1314 5558 1432 5621 πῶς
1480 5561 1576 5613 καὶ
1629 5560 1664 5630 ἡ

1757 4631 1946 4705 aperte
1995 4622 2173 4678 dicit:
2210 4641 2229 4675 ‹
2267 4622 2381 4693 Ego
2408 4631 2465 4677 et
2493 4622 2655 4677 Pater
2681 4637 2852 4677 unum
2886 4621 3144 4685 sumush,
3192 4639 3211 4673 ι
3250 4627 3347 4675 et:

1756 4715 1861 4783 Qui
1898 4715 2051 4771 videt
2124 4731 2233 4782 me,
2274 4714 2426 4771 videt
2454 4724 2513 4771 et
2542 4715 2763 4771 Patrem
2787 4715 2832 4779 ίλ,
2866 4735 2885 4769 ι
2925 4729 3038 4771 non
3063 4711 3353 4769 evidenter

1756 4809 2002 4864 ostendit
2043 4808 2193 4878 quod
2250 4809 2343 4879 qui
2392 4823 2503 4864 non
2548 4816 2733 4879 potest
2773 4808 2964 4863 videre
3009 4806 3196 4869 illum,
3249 4817 3355 4857 nec

1759 4900 1946 4967 istum,
1981 4916 2108 4955 nam
2149 4900 2450 4955 invisibilis
2480 4915 2582 4968 per
2606 4898 2954 4954 divinitatem
2981 4894 3219 4951 visibilis
3252 4908 3353 4962 per

1762 4992 2163 5048 humanitatem
2194 4990 2453 5045 Christus
2481 4990 2626 5044 Deus
2651 4999 2708 5045 et
2735 5003 2846 5044 non
2886 4989 3075 5044 homo.

2378 5098 2529 5154 CAP.
2582 5098 2749 5155 XXV.

1835 5193 1891 5249 Si
1909 5191 2093 5249 omnia
2120 5190 2338 5261 propria
2355 5191 2538 5245 carnis
2560 5191 2665 5246 sibi
2687 5191 3066 5262 appropriavit
3088 5192 3350 5260 Verbum,

1761 5293 1819 5341 ει
1843 5282 2093 5339 omnium
2125 5281 2294 5338 Verbi
2344 5280 2567 5351 dignata
2611 5290 2695 5337 est
2740 5297 2891 5348 caro,
2941 5291 3092 5339 certe
3130 5298 3197 5339 ex
3240 5299 3353 5339 non

1766 5373 2167 5431 cxsistentibus
2193 5387 2315 5429 esse
2351 5372 2499 5443 quod
2524 5381 2724 5427 natura
2753 5374 2936 5429 carnis
2960 5382 3067 5440 est,
3091 5381 3147 5429 et
3177 5381 3356 5429 mula-

1771 5464 1962 5528 bilem,
1989 5469 2046 5518 et
2067 5462 2343 5517 visibilem
2372 5469 2432 5517 et
2468 5462 2771 5519 adhaerere.
2821 5462 2878 5518 Si
2904 5478 3039 5520 vero
3086 5465 3203 5520 haec
3231 5464 3358 5534 quis

1775 5555 2043 5622 dedisset,
2100 5554 2383 5626 quomodo
2432 5568 2562 5610 caro
2617 5555 3027 5611 contrariorum
3081 5556 3359 5628 particeps

36 5714 37 5739 1
80 5645 215 5717 σάρξ
239 5648 346 5701 τῶν
369 5650 626 5704 ἐναντίων
658 5649 1070 5722 μεταλήψεταις
1111 5650 1175 5703 ἰι
1206 5649 1315 5719 γάρ
1341 5647 1535 5719 ὁρατὴ,
1568 5649 1651 5702 οὐ)

1774 5648 2070 5704 erit?Nam
2105 5656 2193 5703 est
2223 5646 2479 5714 visibilis,
2504 5661 2615 5702 non
2648 5646 2970 5715 invisibilis;
3000 5656 3085 5703 est
3115 5649 3361 5704 mutabi-

156 5788 360 5844 ORom.
399 5809 510 5855 vm,
547 5794 637 5847 2|.
720 5793 922 5850 fJoan.
959 5809 996 5861 ι,
1038 5793 1122 5850 Η.
1204 5792 1465 5847 6Barnch
1525 5808 1605 5858 ιιι,

1827 5791 2035 5846 ιιιιολη.
2071 5807 2129 5860 x,
2175 5790 2264 5847 30.
2352 5790 2554 5847 ‘Joan.
2592 5807 2699 5858 xxv,
2746 5791 2799 5845 9.
