  <div class='ocr_page' id='page_1' title='image "/cluster/home/n/w/nwhite01/storage/ocr_20150623/86 pars.1/pst.000005712878/918.png"; bbox 0 0 3908 6306; ppageno 0'>
   <div class='ocr_carea' id='block_1_1' title="bbox 96 362 1726 438">
    <p class='ocr_par' dir='ltr' id='par_1_1' title="bbox 96 362 1726 436">
     <span class='ocr_line' id='line_1_1' title="bbox 96 362 1726 436; baseline 0.004 -8"><span class='ocrx_word' id='word_1_1' title='bbox 96 362 277 428; x_wconf 57' lang='grc'><strong>1749</strong></span> <span class='ocrx_word' id='word_1_2' title='bbox 1120 376 1515 436; x_wconf 71' lang='lat' dir='ltr'><strong>ADVERSUS</strong></span> <span class='ocrx_word' id='word_1_3' title='bbox 1556 375 1726 435; x_wconf 73' lang='lat' dir='ltr'><strong>NES’]</strong></span> 
     </span>
    </p>
   </div>
   <div class='ocr_carea' id='block_1_2' title="bbox 1830 362 3409 438">
    <p class='ocr_par' dir='ltr' id='par_1_2' title="bbox 1830 367 3409 438">
     <span class='ocr_line' id='line_1_2' title="bbox 1830 367 3409 438; baseline -0.003 -1"><span class='ocrx_word' id='word_1_4' title='bbox 1830 378 2107 438; x_wconf 74' lang='lat' dir='ltr'><strong>llANOS.</strong></span> <span class='ocrx_word' id='word_1_5' title='bbox 2130 402 2198 412; x_wconf 89' lang='lat'><strong>—</strong></span> <span class='ocrx_word' id='word_1_6' title='bbox 2220 377 2367 438; x_wconf 89' lang='lat' dir='ltr'><strong>LIB.</strong></span> <span class='ocrx_word' id='word_1_7' title='bbox 2410 378 2476 437; x_wconf 85' lang='lat' dir='ltr'><strong>V.</strong></span> <span class='ocrx_word' id='word_1_8' title='bbox 3272 367 3409 434; x_wconf 79' lang='grc' dir='ltr'><strong>17Ξο</strong></span> 
     </span>
    </p>
   </div>
   <div class='ocr_carea' id='block_1_3' title="bbox 719 485 1726 555">
    <p class='ocr_par' dir='ltr' id='par_1_3' title="bbox 719 485 1131 541">
     <span class='ocr_line' id='line_1_3' title="bbox 719 485 1131 541; baseline 0.005 -2"><span class='ocrx_word' id='word_1_9' title='bbox 719 486 970 539; x_wconf 76' lang='grc' dir='ltr'><strong>ΚΕΦΑΛ.</strong></span> <span class='ocrx_word' id='word_1_10' title='bbox 1009 485 1131 541; x_wconf 70' lang='grc' dir='ltr'><strong>ΛΘ.</strong></span> 
     </span>
    </p>
   </div>
   <div class='ocr_carea' id='block_1_4' title="bbox 1830 485 2907 555">
    <p class='ocr_par' dir='ltr' id='par_1_4' title="bbox 2381 486 2907 555">
     <span class='ocr_line' id='line_1_4' title="bbox 2381 486 2907 555; baseline -0.004 -13"><span class='ocrx_word' id='word_1_11' title='bbox 2381 486 2562 555; x_wconf 58' lang='lat' dir='ltr'><strong>,CAP.</strong></span> <span class='ocrx_word' id='word_1_12' title='bbox 2617 486 2808 541; x_wconf 75' lang='lat' dir='ltr'><strong>xxnx.</strong></span> <span class='ocrx_word' id='word_1_13' title='bbox 2902 506 2907 519; x_wconf 70' lang='grc' dir='ltr'><strong>ι</strong></span> 
     </span>
    </p>
   </div>
   <div class='ocr_carea' id='block_1_5' title="bbox 186 598 1726 679">
    <p class='ocr_par' dir='ltr' id='par_1_5' title="bbox 186 599 1710 679">
     <span class='ocr_line' id='line_1_5' title="bbox 186 599 1710 679; baseline 0.006 -27"><span class='ocrx_word' id='word_1_14' title='bbox 186 599 266 653; x_wconf 76' lang='lat' dir='ltr'><strong>El</strong></span> <span class='ocrx_word' id='word_1_15' title='bbox 303 602 336 668; x_wconf 83' lang='grc' dir='ltr'>ὴ</span> <span class='ocrx_word' id='word_1_16' title='bbox 390 601 487 670; x_wconf 85' lang='grc' dir='ltr'>μὲν</span> <span class='ocrx_word' id='word_1_17' title='bbox 536 600 691 671; x_wconf 77' lang='grc' dir='ltr'>σὰρξ,</span> <span class='ocrx_word' id='word_1_18' title='bbox 742 603 878 673; x_wconf 79' lang='grc' dir='ltr'>σάρξ</span> <span class='ocrx_word' id='word_1_19' title='bbox 923 605 1060 667; x_wconf 84' lang='grc' dir='ltr'>ἐστι,</span> <span class='ocrx_word' id='word_1_20' title='bbox 1096 606 1188 659; x_wconf 71' lang='grc' dir='ltr'><strong>καὶ</strong></span> <span class='ocrx_word' id='word_1_21' title='bbox 1220 607 1281 660; x_wconf 80' lang='grc' dir='ltr'><strong>οὑ</strong></span> <span class='ocrx_word' id='word_1_22' title='bbox 1331 606 1558 679; x_wconf 78' lang='grc' dir='ltr'>θεότης·</span> <span class='ocrx_word' id='word_1_23' title='bbox 1591 609 1618 661; x_wconf 94' lang='lat'><strong>6</strong></span> <span class='ocrx_word' id='word_1_24' title='bbox 1659 608 1710 661; x_wconf 79' lang='grc' dir='ltr'>δὲ</span> 
     </span>
    </p>
   </div>
   <div class='ocr_carea' id='block_1_6' title="bbox 1830 598 3412 679">
    <p class='ocr_par' dir='ltr' id='par_1_6' title="bbox 1887 598 3412 667">
     <span class='ocr_line' id='line_1_6' title="bbox 1887 598 3412 667; baseline -0.003 -11"><span class='ocrx_word' id='word_1_25' title='bbox 1887 604 1940 656; x_wconf 85' lang='lat' dir='ltr'><strong>Si</strong></span> <span class='ocrx_word' id='word_1_26' title='bbox 1960 617 2253 666; x_wconf 90' lang='lat' dir='ltr'><strong>caro,caro</strong></span> <span class='ocrx_word' id='word_1_27' title='bbox 2266 610 2416 657; x_wconf 89' lang='lat' dir='ltr'><strong>estet</strong></span> <span class='ocrx_word' id='word_1_28' title='bbox 2440 616 2546 656; x_wconf 94' lang='lat' dir='ltr'><strong>non</strong></span> <span class='ocrx_word' id='word_1_29' title='bbox 2571 601 2853 667; x_wconf 72' lang='lat' dir='ltr'><strong>divinitas,</strong></span> <span class='ocrx_word' id='word_1_30' title='bbox 2871 601 3125 662; x_wconf 88' lang='lat' dir='ltr'><strong>cthomo,</strong></span> <span class='ocrx_word' id='word_1_31' title='bbox 3145 598 3311 653; x_wconf 84' lang='lat' dir='ltr'><strong>homo</strong></span> <span class='ocrx_word' id='word_1_32' title='bbox 3326 605 3412 653; x_wconf 85' lang='lat' dir='ltr'><strong>est</strong></span> 
     </span>
    </p>
   </div>
   <div class='ocr_carea' id='block_1_7' title="bbox 94 689 1726 766">
    <p class='ocr_par' dir='ltr' id='par_1_7' title="bbox 94 690 1719 766">
     <span class='ocr_line' id='line_1_7' title="bbox 94 690 1719 766; baseline 0.004 -22"><span class='ocrx_word' id='word_1_33' title='bbox 94 690 446 763; x_wconf 73' lang='grc' dir='ltr'>ἄνθρωπος,</span> <span class='ocrx_word' id='word_1_34' title='bbox 482 692 766 763; x_wconf 83' lang='grc' dir='ltr'>ἄνθρωπός</span> <span class='ocrx_word' id='word_1_35' title='bbox 799 697 914 750; x_wconf 81' lang='grc' dir='ltr'>ἐστι</span> <span class='ocrx_word' id='word_1_36' title='bbox 965 696 1059 750; x_wconf 77' lang='grc' dir='ltr'>καὶ</span> <span class='ocrx_word' id='word_1_37' title='bbox 1103 698 1162 750; x_wconf 75' lang='grc' dir='ltr'>οὐ</span> <span class='ocrx_word' id='word_1_38' title='bbox 1220 698 1433 766; x_wconf 81' lang='grc' dir='ltr'>Οεότης.</span> <span class='ocrx_word' id='word_1_39' title='bbox 1487 697 1602 761; x_wconf 80' lang='grc' dir='ltr'>πῶς</span> <span class='ocrx_word' id='word_1_40' title='bbox 1654 701 1719 751; x_wconf 79' lang='grc' dir='ltr'><strong>ἐκ</strong></span> 
     </span>
    </p>
   </div>
   <div class='ocr_carea' id='block_1_8' title="bbox 1830 689 3410 766">
    <p class='ocr_par' dir='ltr' id='par_1_8' title="bbox 1830 689 3410 762">
     <span class='ocr_line' id='line_1_8' title="bbox 1830 689 3410 762; baseline -0.001 -17"><span class='ocrx_word' id='word_1_41' title='bbox 1830 701 1876 745; x_wconf 75' lang='lat' dir='ltr'><strong>et</strong></span> <span class='ocrx_word' id='word_1_42' title='bbox 1906 708 2015 746; x_wconf 78' lang='lat' dir='ltr'><strong>non</strong></span> <span class='ocrx_word' id='word_1_43' title='bbox 2050 691 2626 762; x_wconf 86' lang='lat' dir='ltr'><strong>divinitas,quomodo</strong></span> <span class='ocrx_word' id='word_1_44' title='bbox 2650 707 2718 746; x_wconf 79' lang='lat' dir='ltr'><strong>ex</strong></span> <span class='ocrx_word' id='word_1_45' title='bbox 2745 699 2900 760; x_wconf 84' lang='lat' dir='ltr'><strong>parte</strong></span> <span class='ocrx_word' id='word_1_46' title='bbox 2918 689 3102 745; x_wconf 88' lang='lat' dir='ltr'><strong>carnis</strong></span> <span class='ocrx_word' id='word_1_47' title='bbox 3128 689 3410 751; x_wconf 84' lang='lat' dir='ltr'><strong>hominem</strong></span> 
     </span>
    </p>
   </div>
   <div class='ocr_carea' id='block_1_9' title="bbox 103 781 1726 860">
    <p class='ocr_par' dir='ltr' id='par_1_9' title="bbox 103 785 1718 860">
     <span class='ocr_line' id='line_1_9' title="bbox 103 785 1718 860; baseline 0.002 -24"><span class='ocrx_word' id='word_1_48' title='bbox 103 785 344 856; x_wconf 76' lang='grc' dir='ltr'>μέρους</span> <span class='ocrx_word' id='word_1_49' title='bbox 396 788 495 856; x_wconf 80' lang='grc' dir='ltr'><strong>τῆς</strong></span> <span class='ocrx_word' id='word_1_50' title='bbox 546 787 749 857; x_wconf 82' lang='grc' dir='ltr'>σαρκὸς</span> <span class='ocrx_word' id='word_1_51' title='bbox 794 790 887 841; x_wconf 69' lang='grc' dir='ltr'>τὸν</span> <span class='ocrx_word' id='word_1_52' title='bbox 928 789 1216 860; x_wconf 84' lang='grc' dir='ltr'>ἄνθρωπον</span> <span class='ocrx_word' id='word_1_53' title='bbox 1267 789 1592 860; x_wconf 74' lang='grc' dir='ltr'>ὀνομάζεις;</span> <span class='ocrx_word' id='word_1_54' title='bbox 1627 790 1718 859; x_wconf 80' lang='grc' dir='ltr'><strong>Τῷ</strong></span> 
     </span>
    </p>
   </div>
   <div class='ocr_carea' id='block_1_10' title="bbox 1830 781 3413 860">
    <p class='ocr_par' dir='ltr' id='par_1_10' title="bbox 1830 781 3413 852">
     <span class='ocr_line' id='line_1_10' title="bbox 1830 781 3413 852; baseline -0.003 -16"><span class='ocrx_word' id='word_1_55' title='bbox 1830 783 2032 838; x_wconf 85' lang='lat' dir='ltr'><strong>vocas?</strong></span> <span class='ocrx_word' id='word_1_56' title='bbox 2053 783 2331 852; x_wconf 89' lang='lat' dir='ltr'><strong>Conceptu</strong></span> <span class='ocrx_word' id='word_1_57' title='bbox 2365 790 2576 836; x_wconf 64' lang='lat' dir='ltr'><strong>naturae</strong></span> <span class='ocrx_word' id='word_1_58' title='bbox 2615 782 2779 836; x_wconf 84' lang='lat' dir='ltr'><strong>ambo</strong></span> <span class='ocrx_word' id='word_1_59' title='bbox 2811 781 2971 835; x_wconf 85' lang='lat' dir='ltr'><strong>nobis</strong></span> <span class='ocrx_word' id='word_1_60' title='bbox 3006 786 3413 849; x_wconf 84' lang='lat' dir='ltr'><strong>cognoscantur</strong></span> 
     </span>
    </p>
   </div>
   <div class='ocr_carea' id='block_1_11' title="bbox 104 868 1726 952">
    <p class='ocr_par' dir='ltr' id='par_1_11' title="bbox 104 877 1722 952">
     <span class='ocr_line' id='line_1_11' title="bbox 104 877 1722 952; baseline 0.005 -21"><span class='ocrx_word' id='word_1_61' title='bbox 104 877 231 948; x_wconf 77' lang='grc' dir='ltr'><strong>μὲν</strong></span> <span class='ocrx_word' id='word_1_62' title='bbox 269 878 374 947; x_wconf 81' lang='grc' dir='ltr'>τῆς</span> <span class='ocrx_word' id='word_1_63' title='bbox 415 878 629 947; x_wconf 79' lang='grc' dir='ltr'>φύσεως</span> <span class='ocrx_word' id='word_1_64' title='bbox 678 879 821 950; x_wconf 84' lang='grc' dir='ltr'>λόγῳ</span> <span class='ocrx_word' id='word_1_65' title='bbox 867 881 1034 952; x_wconf 65' lang='grc' dir='ltr'>ἄμφω</span> <span class='ocrx_word' id='word_1_66' title='bbox 1079 883 1210 952; x_wconf 76' lang='grc' dir='ltr'>ἡμῖν</span> <span class='ocrx_word' id='word_1_67' title='bbox 1245 885 1443 936; x_wconf 84' lang='grc' dir='ltr'>νοεῖται</span> <span class='ocrx_word' id='word_1_68' title='bbox 1473 883 1565 935; x_wconf 74' lang='grc' dir='ltr'>ἐπὶ</span> <span class='ocrx_word' id='word_1_69' title='bbox 1588 883 1722 952; x_wconf 77' lang='grc' dir='ltr'>Χρι-</span> 
     </span>
    </p>
   </div>
   <div class='ocr_carea' id='block_1_12' title="bbox 1830 868 3416 952">
    <p class='ocr_par' dir='ltr' id='par_1_12' title="bbox 1830 868 3416 939">
     <span class='ocr_line' id='line_1_12' title="bbox 1830 868 3416 939; baseline -0.005 -10"><span class='ocrx_word' id='word_1_70' title='bbox 1830 876 1893 930; x_wconf 89' lang='lat' dir='ltr'><strong>de</strong></span> <span class='ocrx_word' id='word_1_71' title='bbox 1937 875 2181 939; x_wconf 89' lang='lat' dir='ltr'><strong>Christo,</strong></span> <span class='ocrx_word' id='word_1_72' title='bbox 2215 873 2544 928; x_wconf 67' lang='lat' dir='ltr'><strong>differentes</strong></span> <span class='ocrx_word' id='word_1_73' title='bbox 2577 871 2724 926; x_wconf 89' lang='lat' dir='ltr'><strong>circa</strong></span> <span class='ocrx_word' id='word_1_74' title='bbox 2758 870 3131 933; x_wconf 78' lang='lat' dir='ltr'><strong>divinitatem,</strong></span> <span class='ocrx_word' id='word_1_75' title='bbox 3190 868 3306 922; x_wconf 88' lang='lat' dir='ltr'><strong>sive</strong></span> <span class='ocrx_word' id='word_1_76' title='bbox 3336 868 3416 937; x_wconf 83' lang='lat' dir='ltr'><strong>in-</strong></span> 
     </span>
    </p>
   </div>
   <div class='ocr_carea' id='block_1_13' title="bbox 105 962 1726 1044">
    <p class='ocr_par' dir='ltr' id='par_1_13' title="bbox 105 968 1722 1044">
     <span class='ocr_line' id='line_1_13' title="bbox 105 968 1722 1044; baseline 0.003 -22"><span class='ocrx_word' id='word_1_77' title='bbox 105 968 265 1023; x_wconf 75' lang='grc' dir='ltr'><strong>σ’τοῦ</strong></span> <span class='ocrx_word' id='word_1_78' title='bbox 296 970 627 1042; x_wconf 78' lang='grc' dir='ltr'>διαφέροντα</span> <span class='ocrx_word' id='word_1_79' title='bbox 667 973 803 1044; x_wconf 73' lang='grc' dir='ltr'>πρὸς</span> <span class='ocrx_word' id='word_1_80' title='bbox 857 974 963 1044; x_wconf 75' lang='grc' dir='ltr'>τὴν.</span> <span class='ocrx_word' id='word_1_81' title='bbox 986 974 1216 1044; x_wconf 77' lang='grc' dir='ltr'>θεότητα</span> <span class='ocrx_word' id='word_1_82' title='bbox 1238 990 1251 1004; x_wconf 88' lang='grc'><strong>·</strong></span> <span class='ocrx_word' id='word_1_83' title='bbox 1281 974 1394 1027; x_wconf 75' lang='grc' dir='ltr'>εἴτε</span> <span class='ocrx_word' id='word_1_84' title='bbox 1416 974 1722 1044; x_wconf 69' lang='grc' dir='ltr'>ἀδιαφόρως</span> 
     </span>
    </p>
   </div>
   <div class='ocr_carea' id='block_1_14' title="bbox 1830 962 3415 1044">
    <p class='ocr_par' dir='ltr' id='par_1_14' title="bbox 1830 962 3415 1036">
     <span class='ocr_line' id='line_1_14' title="bbox 1830 962 3415 1036; baseline -0.005 -13"><span class='ocrx_word' id='word_1_85' title='bbox 1830 969 2154 1028; x_wconf 74' lang='lat' dir='ltr'><strong>diﬂ‘erenter</strong></span> <span class='ocrx_word' id='word_1_86' title='bbox 2179 966 2232 1020; x_wconf 92' lang='lat' dir='ltr'><strong>in</strong></span> <span class='ocrx_word' id='word_1_87' title='bbox 2256 966 2442 1036; x_wconf 90' lang='lat' dir='ltr'><strong>aliquo</strong></span> <span class='ocrx_word' id='word_1_88' title='bbox 2469 973 2707 1032; x_wconf 87' lang='lat' dir='ltr'><strong>utraque</strong></span> <span class='ocrx_word' id='word_1_89' title='bbox 2732 962 3025 1033; x_wconf 78' lang='lat' dir='ltr'><strong>signiﬁcat,</strong></span> <span class='ocrx_word' id='word_1_90' title='bbox 3064 962 3179 1016; x_wconf 91' lang='lat' dir='ltr'><strong>sive</strong></span> <span class='ocrx_word' id='word_1_91' title='bbox 3201 970 3262 1014; x_wconf 94' lang='lat' dir='ltr'><strong>ut</strong></span> <span class='ocrx_word' id='word_1_92' title='bbox 3287 976 3415 1030; x_wconf 88' lang='lat' dir='ltr'><strong>pars</strong></span> 
     </span>
    </p>
   </div>
   <div class='ocr_carea' id='block_1_15' title="bbox 103 1051 1726 1139">
    <p class='ocr_par' dir='ltr' id='par_1_15' title="bbox 103 1062 1717 1139">
     <span class='ocr_line' id='line_1_15' title="bbox 103 1062 1717 1139; baseline 0.006 -24"><span class='ocrx_word' id='word_1_93' title='bbox 103 1062 180 1115; x_wconf 77' lang='grc' dir='ltr'>ἐν</span> <span class='ocrx_word' id='word_1_94' title='bbox 202 1081 318 1117; x_wconf 88' lang='grc' dir='ltr'>τινι</span> <span class='ocrx_word' id='word_1_95' title='bbox 350 1064 608 1135; x_wconf 77' lang='grc' dir='ltr'><strong>σημαίνοι</strong></span> <span class='ocrx_word' id='word_1_96' title='bbox 646 1066 952 1138; x_wconf 69' lang='grc' dir='ltr'>ἀμφότερα,</span> <span class='ocrx_word' id='word_1_97' title='bbox 983 1067 1094 1121; x_wconf 71' lang='grc' dir='ltr'>εἴτε</span> <span class='ocrx_word' id='word_1_98' title='bbox 1150 1068 1227 1132; x_wconf 83' lang='grc' dir='ltr'>ὡς</span> <span class='ocrx_word' id='word_1_99' title='bbox 1280 1067 1444 1139; x_wconf 77' lang='grc' dir='ltr'>μέρος</span> <span class='ocrx_word' id='word_1_100' title='bbox 1475 1070 1507 1138; x_wconf 82' lang='grc' dir='ltr'>ἡ</span> <span class='ocrx_word' id='word_1_101' title='bbox 1544 1068 1717 1138; x_wconf 73' lang='grc' dir='ltr'>σάρξ’</span> 
     </span>
    </p>
   </div>
   <div class='ocr_carea' id='block_1_16' title="bbox 1830 1051 3416 1139">
    <p class='ocr_par' dir='ltr' id='par_1_16' title="bbox 1830 1051 3416 1123">
     <span class='ocr_line' id='line_1_16' title="bbox 1830 1051 3416 1123; baseline -0.006 -11"><span class='ocrx_word' id='word_1_102' title='bbox 1830 1074 1976 1123; x_wconf 88' lang='lat' dir='ltr'><strong>caro,</strong></span> <span class='ocrx_word' id='word_1_103' title='bbox 2004 1065 2178 1115; x_wconf 91' lang='lat' dir='ltr'><strong>totum</strong></span> <span class='ocrx_word' id='word_1_104' title='bbox 2202 1055 2406 1109; x_wconf 86' lang='lat' dir='ltr'><strong>dicitur</strong></span> <span class='ocrx_word' id='word_1_105' title='bbox 2436 1054 2623 1109; x_wconf 92' lang='lat' dir='ltr'><strong>homo.</strong></span> <span class='ocrx_word' id='word_1_106' title='bbox 2653 1052 2934 1122; x_wconf 87' lang='lat' dir='ltr'><strong>Conccptu</strong></span> <span class='ocrx_word' id='word_1_107' title='bbox 2967 1051 3331 1123; x_wconf 74' lang='lat' dir='ltr'><strong>hypostaseos</strong></span> <span class='ocrx_word' id='word_1_108' title='bbox 3356 1056 3416 1104; x_wconf 91' lang='lat' dir='ltr'><strong>ut</strong></span> 
     </span>
    </p>
   </div>
   <div class='ocr_carea' id='block_1_17' title="bbox 103 1141 1726 1230">
    <p class='ocr_par' dir='ltr' id='par_1_17' title="bbox 103 1155 1724 1230">
     <span class='ocr_line' id='line_1_17' title="bbox 103 1155 1724 1230; baseline 0.002 -22"><span class='ocrx_word' id='word_1_109' title='bbox 103 1155 254 1209; x_wconf 79' lang='grc' dir='ltr'>ὅλον</span> <span class='ocrx_word' id='word_1_110' title='bbox 292 1155 350 1209; x_wconf 73' lang='grc' dir='ltr'>δὲ</span> <span class='ocrx_word' id='word_1_111' title='bbox 378 1155 593 1226; x_wconf 76' lang='grc' dir='ltr'><strong>λέγοιτο</strong></span> <span class='ocrx_word' id='word_1_112' title='bbox 622 1159 648 1210; x_wconf 88' lang='lat'><strong>6</strong></span> <span class='ocrx_word' id='word_1_113' title='bbox 674 1158 768 1213; x_wconf 80' lang='grc' dir='ltr'><strong>ἄνο</strong></span> <span class='ocrx_word' id='word_1_114' title='bbox 780 1176 961 1230; x_wconf 88' lang='grc' dir='ltr'>ρωπος</span> <span class='ocrx_word' id='word_1_115' title='bbox 981 1174 994 1186; x_wconf 72' lang='grc'><strong>⁸</strong></span> <span class='ocrx_word' id='word_1_116' title='bbox 1032 1157 1107 1229; x_wconf 82' lang='grc' dir='ltr'>τῷ</span> <span class='ocrx_word' id='word_1_117' title='bbox 1139 1159 1195 1217; x_wconf 78' lang='grc' dir='ltr'>δὲ</span> <span class='ocrx_word' id='word_1_118' title='bbox 1243 1162 1343 1230; x_wconf 80' lang='grc' dir='ltr'>τῆς</span> <span class='ocrx_word' id='word_1_119' title='bbox 1372 1159 1724 1223; x_wconf 74' lang='grc' dir='ltr'><strong>ὑποστάσεως</strong></span> 
     </span>
    </p>
   </div>
   <div class='ocr_carea' id='block_1_18' title="bbox 1830 1141 3416 1230">
    <p class='ocr_par' dir='ltr' id='par_1_18' title="bbox 1830 1141 3416 1221">
     <span class='ocr_line' id='line_1_18' title="bbox 1830 1141 3416 1221; baseline -0.007 -16"><span class='ocrx_word' id='word_1_120' title='bbox 1830 1166 1959 1221; x_wconf 87' lang='lat' dir='ltr'><strong>pars</strong></span> <span class='ocrx_word' id='word_1_121' title='bbox 2007 1149 2226 1219; x_wconf 81' lang='lat' dir='ltr'><strong>cognita</strong></span> <span class='ocrx_word' id='word_1_122' title='bbox 2275 1161 2428 1209; x_wconf 87' lang='lat' dir='ltr'><strong>caro,</strong></span> <span class='ocrx_word' id='word_1_123' title='bbox 2477 1146 2682 1199; x_wconf 86' lang='lat' dir='ltr'><strong>iterum</strong></span> <span class='ocrx_word' id='word_1_124' title='bbox 2732 1144 2929 1199; x_wconf 89' lang='lat' dir='ltr'><strong>eodem</strong></span> <span class='ocrx_word' id='word_1_125' title='bbox 2992 1142 3158 1198; x_wconf 90' lang='lat' dir='ltr'><strong>modo</strong></span> <span class='ocrx_word' id='word_1_126' title='bbox 3202 1141 3416 1196; x_wconf 80' lang='lat' dir='ltr'><strong>habens</strong></span> 
     </span>
    </p>
   </div>
   <div class='ocr_carea' id='block_1_19' title="bbox 104 1230 1726 1319">
    <p class='ocr_par' dir='ltr' id='par_1_19' title="bbox 104 1243 1725 1319">
     <span class='ocr_line' id='line_1_19' title="bbox 104 1243 1725 1319; baseline 0 -22"><span class='ocrx_word' id='word_1_127' title='bbox 104 1243 282 1315; x_wconf 72' lang='grc' dir='ltr'>λόγῳ</span> <span class='ocrx_word' id='word_1_128' title='bbox 332 1245 408 1305; x_wconf 87' lang='grc' dir='ltr'>ὡς</span> <span class='ocrx_word' id='word_1_129' title='bbox 465 1245 1004 1319; x_wconf 67' lang='grc' dir='ltr'>μέροςνοουμένηή</span> <span class='ocrx_word' id='word_1_130' title='bbox 1054 1245 1212 1315; x_wconf 77' lang='grc' dir='ltr'>σὰρξ,</span> <span class='ocrx_word' id='word_1_131' title='bbox 1263 1246 1425 1300; x_wconf 77' lang='grc' dir='ltr'>πάλιν</span> <span class='ocrx_word' id='word_1_132' title='bbox 1463 1245 1725 1308; x_wconf 76' lang='grc' dir='ltr'>ὡσαύτως</span> 
     </span>
    </p>
   </div>
   <div class='ocr_carea' id='block_1_20' title="bbox 1830 1230 3418 1319">
    <p class='ocr_par' dir='ltr' id='par_1_20' title="bbox 1830 1230 3418 1302">
     <span class='ocr_line' id='line_1_20' title="bbox 1830 1230 3418 1302; baseline -0.008 -2"><span class='ocrx_word' id='word_1_133' title='bbox 1830 1256 2054 1299; x_wconf 78' lang='lat' dir='ltr'><strong>sensum</strong></span> <span class='ocrx_word' id='word_1_134' title='bbox 2086 1241 2154 1296; x_wconf 76' lang='lat' dir='ltr'><strong>(le</strong></span> <span class='ocrx_word' id='word_1_135' title='bbox 2185 1240 2476 1295; x_wconf 79' lang='lat' dir='ltr'><strong>divinitate</strong></span> <span class='ocrx_word' id='word_1_136' title='bbox 2502 1237 2731 1302; x_wconf 87' lang='lat' dir='ltr'><strong>Christi,</strong></span> <span class='ocrx_word' id='word_1_137' title='bbox 2767 1238 3044 1292; x_wconf 85' lang='lat' dir='ltr'><strong>tribuetur</strong></span> <span class='ocrx_word' id='word_1_138' title='bbox 3066 1243 3121 1290; x_wconf 90' lang='lat' dir='ltr'><strong>et</strong></span> <span class='ocrx_word' id='word_1_139' title='bbox 3147 1242 3231 1289; x_wconf 91' lang='lat' dir='ltr'><strong>est</strong></span> <span class='ocrx_word' id='word_1_140' title='bbox 3254 1230 3418 1287; x_wconf 91' lang='lat' dir='ltr'><strong>nobis</strong></span> 
     </span>
    </p>
   </div>
   <div class='ocr_carea' id='block_1_21' title="bbox 108 1330 1726 1410">
    <p class='ocr_par' dir='ltr' id='par_1_21' title="bbox 108 1334 1724 1410">
     <span class='ocr_line' id='line_1_21' title="bbox 108 1334 1724 1410; baseline 0 -22"><span class='ocrx_word' id='word_1_141' title='bbox 108 1335 340 1405; x_wconf 76' lang='grc' dir='ltr'>ἔχουσα</span> <span class='ocrx_word' id='word_1_142' title='bbox 388 1335 488 1406; x_wconf 80' lang='grc' dir='ltr'>τὴν</span> <span class='ocrx_word' id='word_1_143' title='bbox 534 1336 744 1390; x_wconf 79' lang='grc' dir='ltr'>ἔννοιαν</span> <span class='ocrx_word' id='word_1_144' title='bbox 797 1339 931 1410; x_wconf 82' lang='grc' dir='ltr'>πρὸς</span> <span class='ocrx_word' id='word_1_145' title='bbox 974 1341 1073 1410; x_wconf 78' lang='grc' dir='ltr'>τὴν</span> <span class='ocrx_word' id='word_1_146' title='bbox 1103 1338 1334 1409; x_wconf 89' lang='grc' dir='ltr'>θεότητα</span> <span class='ocrx_word' id='word_1_147' title='bbox 1355 1336 1450 1391; x_wconf 86' lang='grc' dir='ltr'><strong>τοῦ</strong></span> <span class='ocrx_word' id='word_1_148' title='bbox 1484 1334 1724 1407; x_wconf 80' lang='grc' dir='ltr'><strong>Χριστοῦ</strong></span> 
     </span>
    </p>
   </div>
   <div class='ocr_carea' id='block_1_22' title="bbox 1830 1330 3418 1410">
    <p class='ocr_par' dir='ltr' id='par_1_22' title="bbox 1830 1330 3418 1403">
     <span class='ocr_line' id='line_1_22' title="bbox 1830 1330 3418 1403; baseline -0.008 -14"><span class='ocrx_word' id='word_1_149' title='bbox 1830 1334 2188 1399; x_wconf 84' lang='lat' dir='ltr'><strong>invincihilis,</strong></span> <span class='ocrx_word' id='word_1_150' title='bbox 2249 1349 2377 1386; x_wconf 90' lang='lat' dir='ltr'><strong>nam</strong></span> <span class='ocrx_word' id='word_1_151' title='bbox 2436 1348 2619 1403; x_wconf 87' lang='lat' dir='ltr'><strong>neque</strong></span> <span class='ocrx_word' id='word_1_152' title='bbox 2665 1332 2718 1385; x_wconf 90' lang='lat' dir='ltr'><strong>in</strong></span> <span class='ocrx_word' id='word_1_153' title='bbox 2771 1330 2977 1395; x_wconf 73' lang='lat' dir='ltr'><strong>Verbo,</strong></span> <span class='ocrx_word' id='word_1_154' title='bbox 3029 1343 3211 1397; x_wconf 86' lang='lat' dir='ltr'><strong>neque</strong></span> <span class='ocrx_word' id='word_1_155' title='bbox 3260 1333 3418 1380; x_wconf 73' lang='lat' dir='ltr'><strong>extra</strong></span> 
     </span>
    </p>
   </div>
   <div class='ocr_carea' id='block_1_23' title="bbox 108 1416 1726 1500">
    <p class='ocr_par' dir='ltr' id='par_1_23' title="bbox 108 1425 1726 1500">
     <span class='ocr_line' id='line_1_23' title="bbox 108 1425 1726 1500; baseline 0.002 -22"><span class='ocrx_word' id='word_1_156' title='bbox 108 1425 524 1497; x_wconf 73' lang='grc' dir='ltr'><strong>λογισθήσεται</strong></span> <span class='ocrx_word' id='word_1_157' title='bbox 549 1445 563 1458; x_wconf 91' lang='grc'>·</span> <span class='ocrx_word' id='word_1_158' title='bbox 588 1429 681 1482; x_wconf 74' lang='grc' dir='ltr'><strong>καὶ</strong></span> <span class='ocrx_word' id='word_1_159' title='bbox 699 1428 844 1481; x_wconf 79' lang='grc' dir='ltr'>ἔστιν</span> <span class='ocrx_word' id='word_1_160' title='bbox 870 1430 1001 1500; x_wconf 80' lang='grc' dir='ltr'>ἡμῖν</span> <span class='ocrx_word' id='word_1_161' title='bbox 1030 1429 1432 1492; x_wconf 80' lang='grc' dir='ltr'>ἀνυπόστατος’</span> <span class='ocrx_word' id='word_1_162' title='bbox 1461 1428 1582 1481; x_wconf 81' lang='grc' dir='ltr'>οὑδὲ</span> <span class='ocrx_word' id='word_1_163' title='bbox 1616 1426 1726 1499; x_wconf 83' lang='grc' dir='ltr'>γὰρ</span> 
     </span>
    </p>
   </div>
   <div class='ocr_carea' id='block_1_24' title="bbox 1830 1416 3415 1500">
    <p class='ocr_par' dir='ltr' id='par_1_24' title="bbox 1831 1416 3415 1496">
     <span class='ocr_line' id='line_1_24' title="bbox 1831 1416 3415 1496; baseline -0.008 -13"><span class='ocrx_word' id='word_1_164' title='bbox 1831 1426 2075 1483; x_wconf 81' lang='lat' dir='ltr'><strong>Verbum</strong></span> <span class='ocrx_word' id='word_1_165' title='bbox 2113 1424 2400 1496; x_wconf 76' lang='lat' dir='ltr'><strong>propriam</strong></span> <span class='ocrx_word' id='word_1_166' title='bbox 2447 1422 2769 1495; x_wconf 74' lang='lat' dir='ltr'><strong>hypostasin</strong></span> <span class='ocrx_word' id='word_1_167' title='bbox 2824 1421 2877 1475; x_wconf 90' lang='lat' dir='ltr'><strong>in</strong></span> <span class='ocrx_word' id='word_1_168' title='bbox 2926 1428 3137 1490; x_wconf 88' lang='lat' dir='ltr'><strong>partem</strong></span> <span class='ocrx_word' id='word_1_169' title='bbox 3167 1416 3415 1482; x_wconf 78' lang='lat' dir='ltr'><strong>habebit,</strong></span> 
     </span>
    </p>
   </div>
   <div class='ocr_carea' id='block_1_25' title="bbox 114 1519 1727 1590">
    <p class='ocr_par' dir='ltr' id='par_1_25' title="bbox 114 1519 1727 1590">
     <span class='ocr_line' id='line_1_25' title="bbox 114 1519 1727 1590; baseline 0.002 -20"><span class='ocrx_word' id='word_1_170' title='bbox 114 1519 189 1571; x_wconf 78' lang='grc' dir='ltr'>ὲν</span> <span class='ocrx_word' id='word_1_171' title='bbox 222 1519 305 1588; x_wconf 81' lang='grc' dir='ltr'><strong>τῷ</strong></span> <span class='ocrx_word' id='word_1_172' title='bbox 335 1519 512 1590; x_wconf 78' lang='grc' dir='ltr'>Λόγῳ,</span> <span class='ocrx_word' id='word_1_173' title='bbox 550 1520 671 1572; x_wconf 78' lang='grc' dir='ltr'>οὐδὲ</span> <span class='ocrx_word' id='word_1_174' title='bbox 716 1521 873 1583; x_wconf 77' lang='grc' dir='ltr'>ἐκτὸς</span> <span class='ocrx_word' id='word_1_175' title='bbox 911 1520 1004 1574; x_wconf 83' lang='grc' dir='ltr'><strong>τοῦ</strong></span> <span class='ocrx_word' id='word_1_176' title='bbox 1025 1521 1227 1589; x_wconf 73' lang='grc' dir='ltr'>Λόγου,</span> <span class='ocrx_word' id='word_1_177' title='bbox 1268 1520 1403 1575; x_wconf 74' lang='grc' dir='ltr'>ἰδίαν</span> <span class='ocrx_word' id='word_1_178' title='bbox 1432 1520 1727 1574; x_wconf 81' lang='grc' dir='ltr'>ὑπόστασιν</span> 
     </span>
    </p>
   </div>
   <div class='ocr_carea' id='block_1_26' title="bbox 116 1608 1727 1681">
    <p class='ocr_par' dir='ltr' id='par_1_26' title="bbox 116 1608 1727 1681">
     <span class='ocr_line' id='line_1_26' title="bbox 116 1608 1727 1681; baseline -0.002 -17"><span class='ocrx_word' id='word_1_179' title='bbox 116 1609 620 1680; x_wconf 70' lang='grc' dir='ltr'><strong>ἀποκεκλήρωται,</strong></span> <span class='ocrx_word' id='word_1_180' title='bbox 646 1610 762 1663; x_wconf 85' lang='grc' dir='ltr'>ἀλλ’</span> <span class='ocrx_word' id='word_1_181' title='bbox 785 1609 929 1664; x_wconf 78' lang='grc' dir='ltr'>ἔστιν</span> <span class='ocrx_word' id='word_1_182' title='bbox 950 1610 1024 1673; x_wconf 85' lang='grc' dir='ltr'>ὡς</span> <span class='ocrx_word' id='word_1_183' title='bbox 1049 1610 1214 1680; x_wconf 82' lang='grc' dir='ltr'>μέρος</span> <span class='ocrx_word' id='word_1_184' title='bbox 1250 1610 1598 1681; x_wconf 85' lang='grc' dir='ltr'>θεωρουμένη</span> <span class='ocrx_word' id='word_1_185' title='bbox 1634 1608 1727 1663; x_wconf 89' lang='grc' dir='ltr'><strong>τοῦ</strong></span> 
     </span>
    </p>
   </div>
   <div class='ocr_carea' id='block_1_27' title="bbox 120 1698 1737 1773">
    <p class='ocr_par' dir='ltr' id='par_1_27' title="bbox 120 1698 1737 1773">
     <span class='ocr_line' id='line_1_27' title="bbox 120 1698 1737 1773; baseline 0.001 -21"><span class='ocrx_word' id='word_1_186' title='bbox 120 1698 282 1765; x_wconf 80' lang='grc' dir='ltr'>ζὼου</span> <span class='ocrx_word' id='word_1_187' title='bbox 309 1700 397 1753; x_wconf 88' lang='grc' dir='ltr'>ἀεί</span> <span class='ocrx_word' id='word_1_188' title='bbox 416 1718 428 1730; x_wconf 78' lang='grc'><em>’</em></span> <span class='ocrx_word' id='word_1_189' title='bbox 464 1703 490 1753; x_wconf 97' lang='lat'><strong>6</strong></span> <span class='ocrx_word' id='word_1_190' title='bbox 507 1701 561 1753; x_wconf 75' lang='grc' dir='ltr'>δὲ</span> <span class='ocrx_word' id='word_1_191' title='bbox 583 1700 678 1754; x_wconf 78' lang='grc' dir='ltr'>ἄνθ</span> <span class='ocrx_word' id='word_1_192' title='bbox 689 1719 868 1771; x_wconf 82' lang='grc' dir='ltr'>ρωπος</span> <span class='ocrx_word' id='word_1_193' title='bbox 892 1701 1184 1772; x_wconf 88' lang='grc' dir='ltr'>λεγόμενος</span> <span class='ocrx_word' id='word_1_194' title='bbox 1207 1702 1298 1755; x_wconf 76' lang='grc' dir='ltr'>ἐπὶ</span> <span class='ocrx_word' id='word_1_195' title='bbox 1318 1700 1578 1773; x_wconf 86' lang='grc' dir='ltr'>Χριστοῦ,</span> <span class='ocrx_word' id='word_1_196' title='bbox 1608 1700 1737 1754; x_wconf 72' lang='grc' dir='ltr'>ἔπεϊ</span> 
     </span>
    </p>
   </div>
   <div class='ocr_carea' id='block_1_28' title="bbox 118 1791 1729 1867">
    <p class='ocr_par' dir='ltr' id='par_1_28' title="bbox 118 1791 1729 1867">
     <span class='ocr_line' id='line_1_28' title="bbox 118 1791 1729 1867; baseline -0.007 -10"><span class='ocrx_word' id='word_1_197' title='bbox 118 1791 237 1860; x_wconf 72' lang='grc' dir='ltr'><strong>οὐχ</strong></span> <span class='ocrx_word' id='word_1_198' title='bbox 270 1791 457 1854; x_wconf 75' lang='grc' dir='ltr'><strong>ἅπλῶς</strong></span> <span class='ocrx_word' id='word_1_199' title='bbox 501 1793 667 1864; x_wconf 80' lang='grc' dir='ltr'>μέρος</span> <span class='ocrx_word' id='word_1_200' title='bbox 700 1794 849 1846; x_wconf 72' lang='grc' dir='ltr'>ἐστὶν</span> <span class='ocrx_word' id='word_1_201' title='bbox 889 1794 1142 1867; x_wconf 76' lang='grc' dir='ltr'><strong>ὁλότητος</strong></span> <span class='ocrx_word' id='word_1_202' title='bbox 1192 1794 1565 1859; x_wconf 79' lang='grc' dir='ltr'><strong>ὑποστάσεως,</strong></span> <span class='ocrx_word' id='word_1_203' title='bbox 1612 1792 1729 1847; x_wconf 76' lang='grc' dir='ltr'>ἀλλ’</span> 
     </span>
    </p>
   </div>
   <div class='ocr_carea' id='block_1_29' title="bbox 1828 1508 3419 1587">
    <p class='ocr_par' dir='ltr' id='par_1_29' title="bbox 1828 1508 3419 1587">
     <span class='ocr_line' id='line_1_29' title="bbox 1828 1508 3419 1587; baseline -0.008 -13"><span class='ocrx_word' id='word_1_204' title='bbox 1828 1518 1924 1575; x_wconf 88' lang='lat' dir='ltr'><strong>sed</strong></span> <span class='ocrx_word' id='word_1_205' title='bbox 1956 1526 2042 1574; x_wconf 89' lang='lat' dir='ltr'><strong>est</strong></span> <span class='ocrx_word' id='word_1_206' title='bbox 2072 1526 2131 1572; x_wconf 91' lang='lat' dir='ltr'><strong>ut</strong></span> <span class='ocrx_word' id='word_1_207' title='bbox 2155 1533 2281 1587; x_wconf 87' lang='lat' dir='ltr'><strong>pars</strong></span> <span class='ocrx_word' id='word_1_208' title='bbox 2315 1526 2558 1587; x_wconf 86' lang='lat' dir='ltr'><strong>spectata</strong></span> <span class='ocrx_word' id='word_1_209' title='bbox 2587 1512 2825 1569; x_wconf 86' lang='lat' dir='ltr'><strong>viventis</strong></span> <span class='ocrx_word' id='word_1_210' title='bbox 2852 1528 3089 1583; x_wconf 84' lang='lat' dir='ltr'><strong>semper.</strong></span> <span class='ocrx_word' id='word_1_211' title='bbox 3125 1511 3298 1565; x_wconf 91' lang='lat' dir='ltr'><strong>llomo</strong></span> <span class='ocrx_word' id='word_1_212' title='bbox 3332 1508 3419 1563; x_wconf 79' lang='lat' dir='ltr'><strong>di-</strong></span> 
     </span>
    </p>
   </div>
   <div class='ocr_carea' id='block_1_30' title="bbox 1832 1603 3420 1674">
    <p class='ocr_par' dir='ltr' id='par_1_30' title="bbox 1832 1603 3420 1674">
     <span class='ocr_line' id='line_1_30' title="bbox 1832 1603 3420 1674; baseline -0.007 -10"><span class='ocrx_word' id='word_1_213' title='bbox 1832 1618 1957 1665; x_wconf 87' lang='lat' dir='ltr'><strong>ctus</strong></span> <span class='ocrx_word' id='word_1_214' title='bbox 1998 1609 2052 1664; x_wconf 92' lang='lat' dir='ltr'><strong>in</strong></span> <span class='ocrx_word' id='word_1_215' title='bbox 2092 1607 2335 1673; x_wconf 88' lang='lat' dir='ltr'><strong>Christo,</strong></span> <span class='ocrx_word' id='word_1_216' title='bbox 2373 1623 2500 1662; x_wconf 92' lang='lat' dir='ltr'><strong>cum</strong></span> <span class='ocrx_word' id='word_1_217' title='bbox 2546 1622 2663 1663; x_wconf 89' lang='lat' dir='ltr'><strong>non.</strong></span> <span class='ocrx_word' id='word_1_218' title='bbox 2709 1604 3039 1674; x_wconf 76' lang='lat' dir='ltr'><strong>simpliciter</strong></span> <span class='ocrx_word' id='word_1_219' title='bbox 3068 1603 3142 1656; x_wconf 88' lang='lat' dir='ltr'><strong>sit</strong></span> <span class='ocrx_word' id='word_1_220' title='bbox 3170 1616 3301 1671; x_wconf 82' lang='lat' dir='ltr'><strong>pars</strong></span> <span class='ocrx_word' id='word_1_221' title='bbox 3334 1608 3420 1654; x_wconf 91' lang='lat' dir='ltr'><strong>to-</strong></span> 
     </span>
    </p>
   </div>
   <div class='ocr_carea' id='block_1_31' title="bbox 1833 1692 3420 1772">
    <p class='ocr_par' dir='ltr' id='par_1_31' title="bbox 1833 1692 3420 1772">
     <span class='ocr_line' id='line_1_31' title="bbox 1833 1692 3420 1772; baseline -0.008 -15"><span class='ocrx_word' id='word_1_222' title='bbox 1833 1702 1959 1757; x_wconf 87' lang='lat' dir='ltr'><strong>talis</strong></span> <span class='ocrx_word' id='word_1_223' title='bbox 1996 1698 2331 1772; x_wconf 85' lang='lat' dir='ltr'><strong>hypostasis,</strong></span> <span class='ocrx_word' id='word_1_224' title='bbox 2358 1698 2453 1754; x_wconf 90' lang='lat' dir='ltr'><strong>sed</strong></span> <span class='ocrx_word' id='word_1_225' title='bbox 2477 1697 2530 1752; x_wconf 90' lang='lat' dir='ltr'><strong>in</strong></span> <span class='ocrx_word' id='word_1_226' title='bbox 2560 1696 2783 1752; x_wconf 85' lang='lat' dir='ltr'><strong>Christo</strong></span> <span class='ocrx_word' id='word_1_227' title='bbox 2812 1696 3011 1759; x_wconf 92' lang='lat' dir='ltr'><strong>solum,</strong></span> <span class='ocrx_word' id='word_1_228' title='bbox 3038 1710 3147 1749; x_wconf 88' lang='lat' dir='ltr'><strong>non</strong></span> <span class='ocrx_word' id='word_1_229' title='bbox 3170 1692 3420 1747; x_wconf 79' lang='lat' dir='ltr'><strong>eamdem</strong></span> 
     </span>
    </p>
   </div>
   <div class='ocr_carea' id='block_1_32' title="bbox 1833 1786 3419 1865">
    <p class='ocr_par' dir='ltr' id='par_1_32' title="bbox 1833 1786 3419 1865">
     <span class='ocr_line' id='line_1_32' title="bbox 1833 1786 3419 1865; baseline -0.006 -17"><span class='ocrx_word' id='word_1_230' title='bbox 1833 1794 1889 1848; x_wconf 93' lang='lat' dir='ltr'><strong>in</strong></span> <span class='ocrx_word' id='word_1_231' title='bbox 1924 1792 2185 1848; x_wconf 79' lang='lat' dir='ltr'><strong>omnibus</strong></span> <span class='ocrx_word' id='word_1_232' title='bbox 2231 1789 2552 1846; x_wconf 85' lang='lat' dir='ltr'><strong>hominibus</strong></span> <span class='ocrx_word' id='word_1_233' title='bbox 2581 1787 2824 1844; x_wconf 85' lang='lat' dir='ltr'><strong>custodit</strong></span> <span class='ocrx_word' id='word_1_234' title='bbox 2854 1788 3124 1865; x_wconf 78' lang='lat' dir='ltr'><strong>rationem</strong></span> <span class='ocrx_word' id='word_1_235' title='bbox 3157 1786 3419 1858; x_wconf 81' lang='lat' dir='ltr'><strong>hyposta-</strong></span> 
     </span>
    </p>
   </div>
   <div class='ocr_carea' id='block_1_33' title="bbox 121 1861 1726 1954">
    <p class='ocr_par' dir='ltr' id='par_1_33' title="bbox 121 1882 1726 1954">
     <span class='ocr_line' id='line_1_33' title="bbox 121 1882 1726 1954; baseline 0.002 -19"><span class='ocrx_word' id='word_1_236' title='bbox 121 1882 233 1935; x_wconf 73' lang='grc' dir='ltr'><strong>ἐπὶ</strong></span> <span class='ocrx_word' id='word_1_237' title='bbox 267 1884 506 1953; x_wconf 80' lang='grc' dir='ltr'>Χριστοῦ</span> <span class='ocrx_word' id='word_1_238' title='bbox 541 1887 720 1954; x_wconf 86' lang='grc' dir='ltr'>μόνον,</span> <span class='ocrx_word' id='word_1_239' title='bbox 746 1886 933 1940; x_wconf 76' lang='grc' dir='ltr'>οὐκέτι</span> <span class='ocrx_word' id='word_1_240' title='bbox 959 1887 1052 1940; x_wconf 71' lang='grc' dir='ltr'>τὸν</span> <span class='ocrx_word' id='word_1_241' title='bbox 1081 1886 1244 1942; x_wconf 81' lang='grc' dir='ltr'>αὑτὸν</span> <span class='ocrx_word' id='word_1_242' title='bbox 1274 1888 1388 1950; x_wconf 88' lang='grc' dir='ltr'>τοῖς</span> <span class='ocrx_word' id='word_1_243' title='bbox 1422 1888 1589 1940; x_wconf 74' lang='grc' dir='ltr'>πᾶσιν</span> <span class='ocrx_word' id='word_1_244' title='bbox 1639 1887 1726 1939; x_wconf 84' lang='grc' dir='ltr'>ἁν-</span> 
     </span>
    </p>
   </div>
   <div class='ocr_carea' id='block_1_34' title="bbox 1830 1861 3416 1954">
    <p class='ocr_par' dir='ltr' id='par_1_34' title="bbox 1837 1861 3416 1948">
     <span class='ocr_line' id='line_1_34' title="bbox 1837 1861 3416 1948; baseline -0.005 -10"><span class='ocrx_word' id='word_1_245' title='bbox 1837 1883 2000 1939; x_wconf 87' lang='lat' dir='ltr'><strong>ticam</strong></span> <span class='ocrx_word' id='word_1_246' title='bbox 2045 1890 2101 1937; x_wconf 92' lang='lat' dir='ltr'><strong>et</strong></span> <span class='ocrx_word' id='word_1_247' title='bbox 2128 1882 2183 1937; x_wconf 90' lang='lat' dir='ltr'><strong>in</strong></span> <span class='ocrx_word' id='word_1_248' title='bbox 2214 1879 2457 1945; x_wconf 89' lang='lat' dir='ltr'><strong>Christo,</strong></span> <span class='ocrx_word' id='word_1_249' title='bbox 2492 1895 2601 1933; x_wconf 94' lang='lat' dir='ltr'><strong>non</strong></span> <span class='ocrx_word' id='word_1_250' title='bbox 2635 1887 2692 1933; x_wconf 90' lang='lat' dir='ltr'><strong>et</strong></span> <span class='ocrx_word' id='word_1_251' title='bbox 2715 1861 3054 1932; x_wconf 81' lang='lat' dir='ltr'><strong>diversitatis</strong></span> <span class='ocrx_word' id='word_1_252' title='bbox 3086 1876 3416 1948; x_wconf 76' lang='lat' dir='ltr'><strong>hypostasis,</strong></span> 
     </span>
    </p>
   </div>
   <div class='ocr_carea' id='block_1_35' title="bbox 121 1974 1731 2050">
    <p class='ocr_par' dir='ltr' id='par_1_35' title="bbox 121 1974 1731 2050">
     <span class='ocr_line' id='line_1_35' title="bbox 121 1974 1731 2050; baseline 0.001 -20"><span class='ocrx_word' id='word_1_253' title='bbox 121 1974 384 2047; x_wconf 77' lang='grc' dir='ltr'>θρώποις</span> <span class='ocrx_word' id='word_1_254' title='bbox 432 1978 689 2046; x_wconf 73' lang='grc' dir='ltr'>φυλάττει</span> <span class='ocrx_word' id='word_1_255' title='bbox 730 1979 889 2049; x_wconf 85' lang='grc' dir='ltr'>λόγον</span> <span class='ocrx_word' id='word_1_256' title='bbox 938 1980 1303 2034; x_wconf 75' lang='grc' dir='ltr'>ὑποστατικδν</span> <span class='ocrx_word' id='word_1_257' title='bbox 1354 1980 1449 2033; x_wconf 80' lang='grc' dir='ltr'><strong>καὶ</strong></span> <span class='ocrx_word' id='word_1_258' title='bbox 1483 1980 1575 2032; x_wconf 68' lang='grc' dir='ltr'>ἐπὶ</span> <span class='ocrx_word' id='word_1_259' title='bbox 1601 1980 1731 2050; x_wconf 85' lang='grc' dir='ltr'>Χρι-</span> 
     </span>
    </p>
   </div>
   <div class='ocr_carea' id='block_1_36' title="bbox 125 2066 1729 2143">
    <p class='ocr_par' dir='ltr' id='par_1_36' title="bbox 125 2066 1729 2143">
     <span class='ocr_line' id='line_1_36' title="bbox 125 2066 1729 2143; baseline 0.001 -22"><span class='ocrx_word' id='word_1_260' title='bbox 125 2066 272 2121; x_wconf 78' lang='grc' dir='ltr'>στοῦ</span> <span class='ocrx_word' id='word_1_261' title='bbox 294 2086 309 2101; x_wconf 76' lang='grc' dir='ltr'><strong>ο</strong></span> <span class='ocrx_word' id='word_1_262' title='bbox 345 2071 438 2123; x_wconf 70' lang='grc' dir='ltr'><strong>καὶ</strong></span> <span class='ocrx_word' id='word_1_263' title='bbox 481 2071 801 2141; x_wconf 71' lang='grc' dir='ltr'>ἑτερότητος</span> <span class='ocrx_word' id='word_1_264' title='bbox 829 2071 947 2143; x_wconf 78' lang='grc' dir='ltr'>γὰρ,</span> <span class='ocrx_word' id='word_1_265' title='bbox 974 2072 1369 2141; x_wconf 76' lang='grc' dir='ltr'>ὑποστατικῆς,</span> <span class='ocrx_word' id='word_1_266' title='bbox 1420 2070 1609 2141; x_wconf 77' lang='grc' dir='ltr'>ὥσπερ</span> <span class='ocrx_word' id='word_1_267' title='bbox 1636 2070 1729 2124; x_wconf 82' lang='grc' dir='ltr'><strong>οῦν</strong></span> 
     </span>
    </p>
   </div>
   <div class='ocr_carea' id='block_1_37' title="bbox 125 2159 1728 2233">
    <p class='ocr_par' dir='ltr' id='par_1_37' title="bbox 125 2159 1728 2233">
     <span class='ocr_line' id='line_1_37' title="bbox 125 2159 1728 2233; baseline 0.002 -21"><span class='ocrx_word' id='word_1_268' title='bbox 125 2159 237 2212; x_wconf 76' lang='grc' dir='ltr'><strong>καὶ</strong></span> <span class='ocrx_word' id='word_1_269' title='bbox 294 2161 561 2231; x_wconf 77' lang='grc' dir='ltr'>φυκικῆς,</span> <span class='ocrx_word' id='word_1_270' title='bbox 605 2164 663 2214; x_wconf 83' lang='grc' dir='ltr'><strong>ἐν</strong></span> <span class='ocrx_word' id='word_1_271' title='bbox 696 2162 848 2233; x_wconf 78' lang='grc' dir='ltr'><strong>αὖτῷ</strong></span> <span class='ocrx_word' id='word_1_272' title='bbox 915 2163 1165 2218; x_wconf 86' lang='grc' dir='ltr'>δείκνυσι</span> <span class='ocrx_word' id='word_1_273' title='bbox 1201 2163 1374 2231; x_wconf 85' lang='grc' dir='ltr'>Λόγον</span> <span class='ocrx_word' id='word_1_274' title='bbox 1413 2162 1534 2216; x_wconf 84' lang='grc' dir='ltr'>καθ’</span> <span class='ocrx_word' id='word_1_275' title='bbox 1566 2162 1728 2216; x_wconf 78' lang='grc' dir='ltr'>αὑτὸν</span> 
     </span>
    </p>
   </div>
   <div class='ocr_carea' id='block_1_38' title="bbox 123 2238 1728 2325">
    <p class='ocr_par' dir='ltr' id='par_1_38' title="bbox 123 2238 1728 2325">
     <span class='ocr_line' id='line_1_38' title="bbox 123 2238 1728 2325; baseline 0.003 -22"><span class='ocrx_word' id='word_1_276' title='bbox 123 2249 431 2321; x_wconf 81' lang='grc' dir='ltr'>νοούμενος</span> <span class='ocrx_word' id='word_1_277' title='bbox 452 2268 465 2281; x_wconf 68' lang='grc' dir='ltr'>θ</span> <span class='ocrx_word' id='word_1_278' title='bbox 492 2252 630 2324; x_wconf 84' lang='grc' dir='ltr'>ὅπερ</span> <span class='ocrx_word' id='word_1_279' title='bbox 661 2238 760 2324; x_wconf 73' lang='grc' dir='ltr'><strong>οὐχ</strong></span> <span class='ocrx_word' id='word_1_280' title='bbox 782 2252 955 2317; x_wconf 74' lang='grc' dir='ltr'>οὕτως</span> <span class='ocrx_word' id='word_1_281' title='bbox 985 2254 1100 2325; x_wconf 78' lang='grc' dir='ltr'>ἔχει</span> <span class='ocrx_word' id='word_1_282' title='bbox 1119 2269 1132 2282; x_wconf 89' lang='grc'><strong>·</strong></span> <span class='ocrx_word' id='word_1_283' title='bbox 1171 2254 1409 2324; x_wconf 75' lang='grc' dir='ltr'>ἐκμελὴς</span> <span class='ocrx_word' id='word_1_284' title='bbox 1436 2252 1548 2325; x_wconf 84' lang='grc' dir='ltr'><strong>γὰρ</strong></span> <span class='ocrx_word' id='word_1_285' title='bbox 1574 2252 1728 2308; x_wconf 80' lang='grc' dir='ltr'>ἔσται</span> 
     </span>
    </p>
   </div>
   <div class='ocr_carea' id='block_1_39' title="bbox 124 2341 1720 2418">
    <p class='ocr_par' dir='ltr' id='par_1_39' title="bbox 124 2341 1720 2418">
     <span class='ocr_line' id='line_1_39' title="bbox 124 2341 1720 2418; baseline 0.004 -25"><span class='ocrx_word' id='word_1_286' title='bbox 124 2341 293 2395; x_wconf 66' lang='grc' dir='ltr'>πᾶσι</span> <span class='ocrx_word' id='word_1_287' title='bbox 344 2345 378 2412; x_wconf 79' lang='grc' dir='ltr'><strong>ἡ</strong></span> <span class='ocrx_word' id='word_1_288' title='bbox 421 2343 668 2407; x_wconf 77' lang='grc' dir='ltr'>σύνθεσις</span> <span class='ocrx_word' id='word_1_289' title='bbox 710 2346 812 2414; x_wconf 81' lang='grc' dir='ltr'>τῆς</span> <span class='ocrx_word' id='word_1_290' title='bbox 867 2346 1118 2416; x_wconf 74' lang='grc' dir='ltr'><strong>ὁλότητος</strong></span> <span class='ocrx_word' id='word_1_291' title='bbox 1147 2345 1241 2400; x_wconf 86' lang='grc' dir='ltr'><strong>τοῦ</strong></span> <span class='ocrx_word' id='word_1_292' title='bbox 1274 2346 1566 2417; x_wconf 79' lang='grc' dir='ltr'>προσώπου</span> <span class='ocrx_word' id='word_1_293' title='bbox 1593 2348 1720 2418; x_wconf 82' lang='grc' dir='ltr'>Χρι·</span> 
     </span>
    </p>
   </div>
   <div class='ocr_carea' id='block_1_40' title="bbox 127 2433 1727 2509">
    <p class='ocr_par' dir='ltr' id='par_1_40' title="bbox 127 2433 1727 2509">
     <span class='ocr_line' id='line_1_40' title="bbox 127 2433 1727 2509; baseline 0.004 -25"><span class='ocrx_word' id='word_1_294' title='bbox 127 2433 292 2494; x_wconf 83' lang='grc' dir='ltr'>στοῦ,</span> <span class='ocrx_word' id='word_1_295' title='bbox 327 2434 523 2502; x_wconf 74' lang='grc' dir='ltr'>φύσεσί</span> <span class='ocrx_word' id='word_1_296' title='bbox 554 2453 614 2487; x_wconf 91' lang='grc' dir='ltr'><strong>τε</strong></span> <span class='ocrx_word' id='word_1_297' title='bbox 652 2437 747 2489; x_wconf 73' lang='grc' dir='ltr'><strong>καὶ</strong></span> <span class='ocrx_word' id='word_1_298' title='bbox 794 2437 1127 2493; x_wconf 78' lang='grc' dir='ltr'>ὑποστάσεσι</span> <span class='ocrx_word' id='word_1_299' title='bbox 1170 2438 1568 2509; x_wconf 76' lang='grc' dir='ltr'>διακεκριμένη</span> <span class='ocrx_word' id='word_1_300' title='bbox 1592 2454 1605 2467; x_wconf 91' lang='grc'><strong>·</strong></span> <span class='ocrx_word' id='word_1_301' title='bbox 1634 2436 1727 2491; x_wconf 73' lang='grc' dir='ltr'><strong>καὶ</strong></span> 
     </span>
    </p>
   </div>
   <div class='ocr_carea' id='block_1_41' title="bbox 124 2523 1726 2597">
    <p class='ocr_par' dir='ltr' id='par_1_41' title="bbox 124 2523 1726 2597">
     <span class='ocr_line' id='line_1_41' title="bbox 124 2523 1726 2597; baseline 0.002 -22"><span class='ocrx_word' id='word_1_302' title='bbox 124 2523 337 2595; x_wconf 75' lang='grc' dir='ltr'>ψευδὴς</span> <span class='ocrx_word' id='word_1_303' title='bbox 400 2526 431 2594; x_wconf 82' lang='grc' dir='ltr'>ἠ</span> <span class='ocrx_word' id='word_1_304' title='bbox 481 2524 745 2594; x_wconf 73' lang='grc' dir='ltr'>ὁμολογία</span> <span class='ocrx_word' id='word_1_305' title='bbox 821 2527 921 2596; x_wconf 81' lang='grc' dir='ltr'>τῆς</span> <span class='ocrx_word' id='word_1_306' title='bbox 1000 2526 1249 2591; x_wconf 78' lang='grc' dir='ltr'>ενὼσεως</span> <span class='ocrx_word' id='word_1_307' title='bbox 1312 2527 1423 2581; x_wconf 86' lang='grc' dir='ltr'><strong>τῶν</strong></span> <span class='ocrx_word' id='word_1_308' title='bbox 1489 2527 1726 2597; x_wconf 84' lang='grc' dir='ltr'>φύσεων,</span> 
     </span>
    </p>
   </div>
   <div class='ocr_carea' id='block_1_42' title="bbox 128 2617 1729 2691">
    <p class='ocr_par' dir='ltr' id='par_1_42' title="bbox 128 2617 1729 2691">
     <span class='ocr_line' id='line_1_42' title="bbox 128 2617 1729 2691; baseline 0.004 -24"><span class='ocrx_word' id='word_1_309' title='bbox 128 2617 319 2689; x_wconf 73' lang='grc' dir='ltr'>ἤνπερ</span> <span class='ocrx_word' id='word_1_310' title='bbox 357 2617 600 2681; x_wconf 74' lang='grc' dir='ltr'>εὐσεϐῶς</span> <span class='ocrx_word' id='word_1_311' title='bbox 652 2617 951 2690; x_wconf 74' lang='grc' dir='ltr'>δοξάζομεν</span> <span class='ocrx_word' id='word_1_312' title='bbox 1000 2620 1091 2673; x_wconf 70' lang='grc' dir='ltr'><strong>ἐπὶ</strong></span> <span class='ocrx_word' id='word_1_313' title='bbox 1139 2619 1418 2691; x_wconf 76' lang='grc' dir='ltr'>Χριστοῦο</span> <span class='ocrx_word' id='word_1_314' title='bbox 1482 2638 1729 2674; x_wconf 86' lang='grc' dir='ltr'>καινοτο-</span> 
     </span>
    </p>
   </div>
   <div class='ocr_carea' id='block_1_43' title="bbox 135 2709 1728 2784">
    <p class='ocr_par' dir='ltr' id='par_1_43' title="bbox 135 2709 1728 2784">
     <span class='ocr_line' id='line_1_43' title="bbox 135 2709 1728 2784; baseline 0.004 -26"><span class='ocrx_word' id='word_1_315' title='bbox 135 2709 326 2778; x_wconf 82' lang='grc' dir='ltr'>μεῖται</span> <span class='ocrx_word' id='word_1_316' title='bbox 356 2710 465 2777; x_wconf 71' lang='grc' dir='ltr'>γὰρ</span> <span class='ocrx_word' id='word_1_317' title='bbox 498 2710 635 2780; x_wconf 78' lang='grc' dir='ltr'>πρὸς</span> <span class='ocrx_word' id='word_1_318' title='bbox 671 2710 731 2763; x_wconf 85' lang='grc' dir='ltr'><strong>τὸ</strong></span> <span class='ocrx_word' id='word_1_319' title='bbox 759 2712 926 2765; x_wconf 75' lang='grc' dir='ltr'>παλαι</span> <span class='ocrx_word' id='word_1_320' title='bbox 958 2711 1170 2779; x_wconf 76' lang='grc' dir='ltr'>ἔνδοξον</span> <span class='ocrx_word' id='word_1_321' title='bbox 1200 2712 1288 2766; x_wconf 76' lang='grc' dir='ltr'>διὰ</span> <span class='ocrx_word' id='word_1_322' title='bbox 1319 2712 1418 2782; x_wconf 74' lang='grc' dir='ltr'>τὴν</span> <span class='ocrx_word' id='word_1_323' title='bbox 1447 2712 1728 2784; x_wconf 81' lang='grc' dir='ltr'>ἄφραστον</span> 
     </span>
    </p>
   </div>
   <div class='ocr_carea' id='block_1_44' title="bbox 130 2800 1729 2874">
    <p class='ocr_par' dir='ltr' id='par_1_44' title="bbox 130 2800 1729 2874">
     <span class='ocr_line' id='line_1_44' title="bbox 130 2800 1729 2874; baseline 0.002 -20"><span class='ocrx_word' id='word_1_324' title='bbox 130 2800 336 2854; x_wconf 71' lang='grc' dir='ltr'>ἕνωσιν</span> <span class='ocrx_word' id='word_1_325' title='bbox 382 2802 481 2872; x_wconf 77' lang='grc' dir='ltr'>τὴν</span> <span class='ocrx_word' id='word_1_326' title='bbox 535 2803 672 2871; x_wconf 66' lang='grc' dir='ltr'>πρὸς</span> <span class='ocrx_word' id='word_1_327' title='bbox 717 2803 852 2856; x_wconf 83' lang='grc' dir='ltr'>Θεὸν</span> <span class='ocrx_word' id='word_1_328' title='bbox 892 2804 1045 2873; x_wconf 73' lang='grc' dir='ltr'>παρὰ</span> <span class='ocrx_word' id='word_1_329' title='bbox 1092 2807 1302 2867; x_wconf 74' lang='grc' dir='ltr'>πάντας</span> <span class='ocrx_word' id='word_1_330' title='bbox 1351 2802 1669 2874; x_wconf 82' lang='grc' dir='ltr'>ἀνθρώπους</span> <span class='ocrx_word' id='word_1_331' title='bbox 1700 2806 1729 2857; x_wconf 97' lang='lat'><strong>6</strong></span> 
     </span>
    </p>
   </div>
   <div class='ocr_carea' id='block_1_45' title="bbox 135 2891 1729 2967">
    <p class='ocr_par' dir='ltr' id='par_1_45' title="bbox 135 2891 1729 2967">
     <span class='ocr_line' id='line_1_45' title="bbox 135 2891 1729 2967; baseline 0.003 -24"><span class='ocrx_word' id='word_1_332' title='bbox 135 2891 238 2944; x_wconf 75' lang='grc' dir='ltr'>ἐπὶ</span> <span class='ocrx_word' id='word_1_333' title='bbox 284 2893 517 2963; x_wconf 77' lang='grc' dir='ltr'>Χριστοῦ</span> <span class='ocrx_word' id='word_1_334' title='bbox 573 2893 871 2965; x_wconf 87' lang='grc' dir='ltr'>λεγόμενος</span> <span class='ocrx_word' id='word_1_335' title='bbox 920 2895 1229 2967; x_wconf 80' lang='grc' dir='ltr'>ἄνθρωπος,</span> <span class='ocrx_word' id='word_1_336' title='bbox 1299 2894 1389 2967; x_wconf 81' lang='grc' dir='ltr'><strong>μὴ·</strong></span> <span class='ocrx_word' id='word_1_337' title='bbox 1421 2894 1542 2949; x_wconf 85' lang='grc' dir='ltr'>καθ’</span> <span class='ocrx_word' id='word_1_338' title='bbox 1579 2896 1729 2966; x_wconf 77' lang='grc' dir='ltr'>ἡμᾶς</span> 
     </span>
    </p>
   </div>
   <div class='ocr_carea' id='block_1_46' title="bbox 140 2984 1727 3059">
    <p class='ocr_par' dir='ltr' id='par_1_46' title="bbox 140 2984 1727 3059">
     <span class='ocr_line' id='line_1_46' title="bbox 140 2984 1727 3059; baseline 0.001 -21"><span class='ocrx_word' id='word_1_339' title='bbox 140 2984 458 3049; x_wconf 73' lang='grc' dir='ltr'>ἰδιάζουσαν</span> <span class='ocrx_word' id='word_1_340' title='bbox 495 2985 633 3055; x_wconf 80' lang='grc' dir='ltr'>ἔχων</span> <span class='ocrx_word' id='word_1_341' title='bbox 660 2987 755 3041; x_wconf 71' lang='grc' dir='ltr'><strong>καὶ</strong></span> <span class='ocrx_word' id='word_1_342' title='bbox 781 2987 1205 3058; x_wconf 79' lang='grc' dir='ltr'>διακεκριμένην</span> <span class='ocrx_word' id='word_1_343' title='bbox 1233 2989 1418 3059; x_wconf 84' lang='grc' dir='ltr'>πάσης</span> <span class='ocrx_word' id='word_1_344' title='bbox 1446 2987 1727 3059; x_wconf 83' lang='grc' dir='ltr'>ὁμοειδοῦς</span> 
     </span>
    </p>
   </div>
   <div class='ocr_carea' id='block_1_47' title="bbox 138 3078 1726 3151">
    <p class='ocr_par' dir='ltr' id='par_1_47' title="bbox 138 3078 1726 3151">
     <span class='ocr_line' id='line_1_47' title="bbox 138 3078 1726 3151; baseline -0.001 -17"><span class='ocrx_word' id='word_1_345' title='bbox 138 3078 242 3134; x_wconf 76' lang='grc' dir='ltr'><strong>καὶ</strong></span> <span class='ocrx_word' id='word_1_346' title='bbox 301 3080 637 3149; x_wconf 82' lang='grc' dir='ltr'>ἑτεροειδοῦς</span> <span class='ocrx_word' id='word_1_347' title='bbox 706 3080 921 3150; x_wconf 77' lang='grc' dir='ltr'>φύσεως</span> <span class='ocrx_word' id='word_1_348' title='bbox 973 3081 1071 3151; x_wconf 83' lang='grc' dir='ltr'><strong>τὴν</strong></span> <span class='ocrx_word' id='word_1_349' title='bbox 1128 3079 1322 3134; x_wconf 79' lang='grc' dir='ltr'>ἑαυτοῦ</span> <span class='ocrx_word' id='word_1_350' title='bbox 1377 3080 1726 3151; x_wconf 75' lang='grc' dir='ltr'>ἀνθρωπείαν</span> 
     </span>
    </p>
   </div>
   <div class='ocr_carea' id='block_1_48' title="bbox 139 3170 1725 3245">
    <p class='ocr_par' dir='ltr' id='par_1_48' title="bbox 139 3170 1725 3245">
     <span class='ocr_line' id='line_1_48' title="bbox 139 3170 1725 3245; baseline -0.001 -18"><span class='ocrx_word' id='word_1_351' title='bbox 139 3170 467 3238; x_wconf 75' lang='grc' dir='ltr'>ὑπόστασιν,</span> <span class='ocrx_word' id='word_1_352' title='bbox 498 3173 637 3226; x_wconf 82' lang='grc' dir='ltr'>ἀλλὰ</span> <span class='ocrx_word' id='word_1_353' title='bbox 662 3172 850 3245; x_wconf 81' lang='grc' dir='ltr'>κοινὴν</span> <span class='ocrx_word' id='word_1_354' title='bbox 874 3172 966 3226; x_wconf 76' lang='grc' dir='ltr'><strong>καὶ</strong></span> <span class='ocrx_word' id='word_1_355' title='bbox 989 3172 1294 3243; x_wconf 82' lang='grc' dir='ltr'>ἀδιαίρετον</span> <span class='ocrx_word' id='word_1_356' title='bbox 1322 3172 1426 3243; x_wconf 81' lang='grc' dir='ltr'><strong>τῆς</strong></span> <span class='ocrx_word' id='word_1_357' title='bbox 1446 3189 1505 3225; x_wconf 88' lang='grc' dir='ltr'><strong>τε</strong></span> <span class='ocrx_word' id='word_1_358' title='bbox 1531 3172 1725 3227; x_wconf 78' lang='grc' dir='ltr'>ἑαυτοῦ</span> 
     </span>
    </p>
   </div>
   <div class='ocr_carea' id='block_1_49' title="bbox 141 3264 1726 3337">
    <p class='ocr_par' dir='ltr' id='par_1_49' title="bbox 141 3264 1726 3337">
     <span class='ocr_line' id='line_1_49' title="bbox 141 3264 1726 3337; baseline -0.002 -16"><span class='ocrx_word' id='word_1_359' title='bbox 141 3265 245 3321; x_wconf 71' lang='grc' dir='ltr'>καὶ</span> <span class='ocrx_word' id='word_1_360' title='bbox 287 3265 386 3335; x_wconf 78' lang='grc' dir='ltr'><strong>τῆς</strong></span> <span class='ocrx_word' id='word_1_361' title='bbox 434 3265 576 3336; x_wconf 84' lang='grc' dir='ltr'>ὑπὲρ</span> <span class='ocrx_word' id='word_1_362' title='bbox 621 3266 783 3321; x_wconf 66' lang='grc' dir='ltr'>αὐτον</span> <span class='ocrx_word' id='word_1_363' title='bbox 829 3266 1045 3337; x_wconf 80' lang='grc' dir='ltr'>φύσεως</span> <span class='ocrx_word' id='word_1_364' title='bbox 1091 3265 1254 3319; x_wconf 78' lang='grc' dir='ltr'>οὖσαν</span> <span class='ocrx_word' id='word_1_365' title='bbox 1296 3264 1390 3319; x_wconf 85' lang='grc' dir='ltr'><strong>τοῦ</strong></span> <span class='ocrx_word' id='word_1_366' title='bbox 1422 3266 1597 3333; x_wconf 85' lang='grc' dir='ltr'>Λόγου</span> <span class='ocrx_word' id='word_1_367' title='bbox 1627 3267 1726 3336; x_wconf 77' lang='grc' dir='ltr'>τὴν</span> 
     </span>
    </p>
   </div>
   <div class='ocr_carea' id='block_1_50' title="bbox 139 3354 1727 3429">
    <p class='ocr_par' dir='ltr' id='par_1_50' title="bbox 139 3354 1727 3429">
     <span class='ocr_line' id='line_1_50' title="bbox 139 3354 1727 3429; baseline -0.002 -18"><span class='ocrx_word' id='word_1_368' title='bbox 139 3354 479 3411; x_wconf 79' lang='grc' dir='ltr'>ὑπόστασιν·</span> <span class='ocrx_word' id='word_1_369' title='bbox 522 3359 605 3411; x_wconf 83' lang='grc' dir='ltr'><strong>διὸ</strong></span> <span class='ocrx_word' id='word_1_370' title='bbox 649 3361 697 3412; x_wconf 76' lang='grc' dir='ltr'>εἰ</span> <span class='ocrx_word' id='word_1_371' title='bbox 741 3359 838 3429; x_wconf 81' lang='grc' dir='ltr'><strong>μὲν</strong></span> <span class='ocrx_word' id='word_1_372' title='bbox 881 3358 958 3422; x_wconf 87' lang='grc' dir='ltr'>ὡς</span> <span class='ocrx_word' id='word_1_373' title='bbox 1006 3360 1069 3410; x_wconf 78' lang='grc' dir='ltr'><strong>ἐκ</strong></span> <span class='ocrx_word' id='word_1_374' title='bbox 1110 3356 1311 3428; x_wconf 82' lang='grc' dir='ltr'>μέρους</span> <span class='ocrx_word' id='word_1_375' title='bbox 1356 3355 1587 3425; x_wconf 77' lang='grc' dir='ltr'>φυσικοῦ</span> <span class='ocrx_word' id='word_1_376' title='bbox 1627 3355 1727 3427; x_wconf 80' lang='grc' dir='ltr'>τὴν</span> 
     </span>
    </p>
   </div>
   <div class='ocr_carea' id='block_1_51' title="bbox 142 3447 1725 3521">
    <p class='ocr_par' dir='ltr' id='par_1_51' title="bbox 142 3447 1725 3521">
     <span class='ocr_line' id='line_1_51' title="bbox 142 3447 1725 3521; baseline -0.001 -18"><span class='ocrx_word' id='word_1_377' title='bbox 142 3447 496 3517; x_wconf 73' lang='grc' dir='ltr'>ἀνθρωπείαν</span> <span class='ocrx_word' id='word_1_378' title='bbox 528 3449 689 3517; x_wconf 65' lang='grc' dir='ltr'>φύσιν</span> <span class='ocrx_word' id='word_1_379' title='bbox 736 3452 800 3502; x_wconf 86' lang='grc' dir='ltr'>ὲκ</span> <span class='ocrx_word' id='word_1_380' title='bbox 828 3451 926 3519; x_wconf 75' lang='grc' dir='ltr'><strong>τῆς</strong></span> <span class='ocrx_word' id='word_1_381' title='bbox 962 3449 1165 3521; x_wconf 76' lang='grc' dir='ltr'>σαρκὸς</span> <span class='ocrx_word' id='word_1_382' title='bbox 1198 3448 1542 3518; x_wconf 76' lang='grc' dir='ltr'>ὀνομάζεται,</span> <span class='ocrx_word' id='word_1_383' title='bbox 1573 3447 1725 3501; x_wconf 81' lang='grc' dir='ltr'>οὐδε-</span> 
     </span>
    </p>
   </div>
   <div class='ocr_carea' id='block_1_52' title="bbox 144 3533 1732 3615">
    <p class='ocr_par' dir='ltr' id='par_1_52' title="bbox 144 3533 1732 3615">
     <span class='ocr_line' id='line_1_52' title="bbox 144 3533 1732 3615; baseline 0.004 -29"><span class='ocrx_word' id='word_1_384' title='bbox 144 3533 238 3596; x_wconf 74' lang='grc' dir='ltr'>νὸς</span> <span class='ocrx_word' id='word_1_385' title='bbox 265 3536 507 3589; x_wconf 81' lang='grc' dir='ltr'>ὑπόπτου</span> <span class='ocrx_word' id='word_1_386' title='bbox 541 3539 673 3607; x_wconf 81' lang='grc' dir='ltr'>ἡμῖν</span> <span class='ocrx_word' id='word_1_387' title='bbox 704 3539 839 3610; x_wconf 75' lang='grc' dir='ltr'>πρὸς</span> <span class='ocrx_word' id='word_1_388' title='bbox 872 3537 1234 3615; x_wconf 68' lang='grc' dir='ltr'>ῥᾳδιουργίαν</span> <span class='ocrx_word' id='word_1_389' title='bbox 1263 3539 1571 3609; x_wconf 83' lang='grc' dir='ltr'>γινομένου,</span> <span class='ocrx_word' id='word_1_390' title='bbox 1601 3556 1732 3592; x_wconf 83' lang='grc' dir='ltr'>ταυ-</span> 
     </span>
    </p>
   </div>
   <div class='ocr_carea' id='block_1_53' title="bbox 144 3625 1725 3702">
    <p class='ocr_par' dir='ltr' id='par_1_53' title="bbox 144 3625 1725 3702">
     <span class='ocr_line' id='line_1_53' title="bbox 144 3625 1725 3702; baseline 0.004 -24"><span class='ocrx_word' id='word_1_391' title='bbox 144 3625 241 3679; x_wconf 70' lang='grc' dir='ltr'>τὸν</span> <span class='ocrx_word' id='word_1_392' title='bbox 274 3627 428 3697; x_wconf 72' lang='grc' dir='ltr'>ἴσμεν</span> <span class='ocrx_word' id='word_1_393' title='bbox 456 3630 742 3702; x_wconf 78' lang='grc' dir='ltr'>ἀμφότερα</span> <span class='ocrx_word' id='word_1_394' title='bbox 764 3647 776 3659; x_wconf 90' lang='grc'><strong>·</strong></span> <span class='ocrx_word' id='word_1_395' title='bbox 810 3633 857 3684; x_wconf 84' lang='grc' dir='ltr'>εἰ</span> <span class='ocrx_word' id='word_1_396' title='bbox 888 3632 943 3683; x_wconf 86' lang='grc' dir='ltr'>δὲ</span> <span class='ocrx_word' id='word_1_397' title='bbox 967 3629 1044 3694; x_wconf 68' lang='grc' dir='ltr'><strong>ὡς</strong></span> <span class='ocrx_word' id='word_1_398' title='bbox 1086 3632 1150 3684; x_wconf 82' lang='grc' dir='ltr'>ὲκ</span> <span class='ocrx_word' id='word_1_399' title='bbox 1183 3631 1314 3701; x_wconf 84' lang='grc' dir='ltr'>μιᾶς</span> <span class='ocrx_word' id='word_1_400' title='bbox 1349 3629 1459 3683; x_wconf 87' lang='grc' dir='ltr'>τῶν</span> <span class='ocrx_word' id='word_1_401' title='bbox 1488 3630 1725 3685; x_wconf 80' lang='grc' dir='ltr'>ὑποστά-</span> 
     </span>
    </p>
   </div>
   <div class='ocr_carea' id='block_1_54' title="bbox 148 3717 1723 3795">
    <p class='ocr_par' dir='ltr' id='par_1_54' title="bbox 148 3717 1723 3795">
     <span class='ocr_line' id='line_1_54' title="bbox 148 3717 1723 3795; baseline 0.004 -23"><span class='ocrx_word' id='word_1_402' title='bbox 148 3733 289 3772; x_wconf 83' lang='grc' dir='ltr'>σεων</span> <span class='ocrx_word' id='word_1_403' title='bbox 321 3720 378 3771; x_wconf 75' lang='grc' dir='ltr'>τὸ</span> <span class='ocrx_word' id='word_1_404' title='bbox 406 3721 525 3774; x_wconf 71' lang='grc' dir='ltr'>ὅλον</span> <span class='ocrx_word' id='word_1_405' title='bbox 584 3721 675 3774; x_wconf 87' lang='grc' dir='ltr'><strong>τοῦ</strong></span> <span class='ocrx_word' id='word_1_406' title='bbox 714 3721 949 3793; x_wconf 82' lang='grc' dir='ltr'>Χριστοῦ</span> <span class='ocrx_word' id='word_1_407' title='bbox 989 3717 1075 3775; x_wconf 71' lang='grc' dir='ltr'><strong>οἷά</strong></span> <span class='ocrx_word' id='word_1_408' title='bbox 1112 3740 1257 3787; x_wconf 71' lang='grc' dir='ltr'>τινος</span> <span class='ocrx_word' id='word_1_409' title='bbox 1284 3722 1446 3795; x_wconf 85' lang='grc' dir='ltr'>χοροῦ</span> <span class='ocrx_word' id='word_1_410' title='bbox 1487 3723 1562 3786; x_wconf 84' lang='grc' dir='ltr'>ὡς</span> <span class='ocrx_word' id='word_1_411' title='bbox 1595 3722 1723 3778; x_wconf 68' lang='lat'><strong>[6:0-</strong></span> 
     </span>
    </p>
   </div>
   <div class='ocr_carea' id='block_1_55' title="bbox 1836 1968 3419 2054">
    <p class='ocr_par' dir='ltr' id='par_1_55' title="bbox 1836 1968 3419 2054">
     <span class='ocr_line' id='line_1_55' title="bbox 1836 1968 3419 2054; baseline -0.006 -24"><span class='ocrx_word' id='word_1_412' title='bbox 1836 1982 1895 2029; x_wconf 91' lang='lat' dir='ltr'><strong>ut</strong></span> <span class='ocrx_word' id='word_1_413' title='bbox 1931 1973 2220 2054; x_wconf 63' lang='lat' dir='ltr'><strong>naturalis,</strong></span> <span class='ocrx_word' id='word_1_414' title='bbox 2257 1974 2315 2028; x_wconf 92' lang='lat' dir='ltr'><strong>in</strong></span> <span class='ocrx_word' id='word_1_415' title='bbox 2345 1972 2464 2045; x_wconf 87' lang='lat' dir='ltr'><strong>ipso</strong></span> <span class='ocrx_word' id='word_1_416' title='bbox 2492 1971 2741 2027; x_wconf 78' lang='lat' dir='ltr'><strong>ostendit</strong></span> <span class='ocrx_word' id='word_1_417' title='bbox 2763 1971 3007 2026; x_wconf 78' lang='lat' dir='ltr'><strong>Verbum</strong></span> <span class='ocrx_word' id='word_1_418' title='bbox 3042 1985 3142 2040; x_wconf 89' lang='lat' dir='ltr'><strong>per</strong></span> <span class='ocrx_word' id='word_1_419' title='bbox 3172 1968 3419 2038; x_wconf 87' lang='lat' dir='ltr'><strong>seipsum</strong></span> 
     </span>
    </p>
   </div>
   <div class='ocr_carea' id='block_1_56' title="bbox 1831 2061 3419 2139">
    <p class='ocr_par' dir='ltr' id='par_1_56' title="bbox 1831 2061 3419 2139">
     <span class='ocr_line' id='line_1_56' title="bbox 1831 2061 3419 2139; baseline -0.004 -16"><span class='ocrx_word' id='word_1_420' title='bbox 1831 2069 2131 2139; x_wconf 80' lang='lat' dir='ltr'><strong>cognitam,</strong></span> <span class='ocrx_word' id='word_1_421' title='bbox 2169 2065 2317 2139; x_wconf 90' lang='lat' dir='ltr'><strong>quod</strong></span> <span class='ocrx_word' id='word_1_422' title='bbox 2363 2082 2471 2124; x_wconf 94' lang='lat' dir='ltr'><strong>non</strong></span> <span class='ocrx_word' id='word_1_423' title='bbox 2504 2066 2584 2120; x_wconf 93' lang='lat' dir='ltr'><strong>sic</strong></span> <span class='ocrx_word' id='word_1_424' title='bbox 2626 2065 2814 2126; x_wconf 85' lang='lat' dir='ltr'><strong>habet.</strong></span> <span class='ocrx_word' id='word_1_425' title='bbox 2859 2061 3259 2119; x_wconf 84' lang='lat' dir='ltr'><strong>lnconvcniens</strong></span> <span class='ocrx_word' id='word_1_426' title='bbox 3286 2076 3419 2131; x_wconf 80' lang='lat' dir='ltr'><strong>ergo</strong></span> 
     </span>
    </p>
   </div>
   <div class='ocr_carea' id='block_1_57' title="bbox 1829 2153 3418 2231">
    <p class='ocr_par' dir='ltr' id='par_1_57' title="bbox 1829 2153 3418 2231">
     <span class='ocr_line' id='line_1_57' title="bbox 1829 2153 3418 2231; baseline -0.006 -15"><span class='ocrx_word' id='word_1_427' title='bbox 1829 2163 1961 2216; x_wconf 84' lang='lat' dir='ltr'><strong>erit.</strong></span> <span class='ocrx_word' id='word_1_428' title='bbox 1985 2162 2167 2215; x_wconf 90' lang='lat' dir='ltr'><strong>omnis</strong></span> <span class='ocrx_word' id='word_1_429' title='bbox 2197 2159 2477 2231; x_wconf 76' lang='lat' dir='ltr'><strong>synthesis</strong></span> <span class='ocrx_word' id='word_1_430' title='bbox 2523 2158 2859 2231; x_wconf 82' lang='lat' dir='ltr'><strong>integritatis</strong></span> <span class='ocrx_word' id='word_1_431' title='bbox 2912 2170 3150 2227; x_wconf 84' lang='lat' dir='ltr'><strong>persona</strong></span> <span class='ocrx_word' id='word_1_432' title='bbox 3184 2153 3418 2219; x_wconf 86' lang='lat' dir='ltr'><strong>Christi,</strong></span> 
     </span>
    </p>
   </div>
   <div class='ocr_carea' id='block_1_58' title="bbox 1830 2245 3420 2322">
    <p class='ocr_par' dir='ltr' id='par_1_58' title="bbox 1830 2245 3420 2322">
     <span class='ocr_line' id='line_1_58' title="bbox 1830 2245 3420 2322; baseline -0.004 -15"><span class='ocrx_word' id='word_1_433' title='bbox 1830 2260 2085 2322; x_wconf 88' lang='lat' dir='ltr'><strong>separata</strong></span> <span class='ocrx_word' id='word_1_434' title='bbox 2162 2249 2377 2306; x_wconf 90' lang='lat' dir='ltr'><strong>naturis</strong></span> <span class='ocrx_word' id='word_1_435' title='bbox 2422 2258 2480 2305; x_wconf 92' lang='lat' dir='ltr'><strong>et</strong></span> <span class='ocrx_word' id='word_1_436' title='bbox 2538 2248 2816 2320; x_wconf 89' lang='lat' dir='ltr'><strong>personis,</strong></span> <span class='ocrx_word' id='word_1_437' title='bbox 2854 2255 2910 2303; x_wconf 92' lang='lat' dir='ltr'><strong>et</strong></span> <span class='ocrx_word' id='word_1_438' title='bbox 2954 2246 3088 2302; x_wconf 83' lang='lat' dir='ltr'><strong>falsa</strong></span> <span class='ocrx_word' id='word_1_439' title='bbox 3147 2245 3420 2317; x_wconf 79' lang='lat' dir='ltr'><strong>professio</strong></span> 
     </span>
    </p>
   </div>
   <div class='ocr_carea' id='block_1_59' title="bbox 1798 2334 3414 2413">
    <p class='ocr_par' dir='ltr' id='par_1_59' title="bbox 1798 2334 3414 2413">
     <span class='ocr_line' id='line_1_59' title="bbox 1798 2334 3414 2413; baseline -0.005 -15"><span class='ocrx_word' id='word_1_440' title='bbox 1798 2334 1805 2341; x_wconf 75' lang='grc'><strong>’</strong></span> <span class='ocrx_word' id='word_1_441' title='bbox 1832 2344 2053 2399; x_wconf 88' lang='lat' dir='ltr'><strong>unionis</strong></span> <span class='ocrx_word' id='word_1_442' title='bbox 2081 2351 2406 2399; x_wconf 89' lang='lat' dir='ltr'><strong>naturarum</strong></span> <span class='ocrx_word' id='word_1_443' title='bbox 2438 2358 2601 2413; x_wconf 90' lang='lat' dir='ltr'><strong>quam</strong></span> <span class='ocrx_word' id='word_1_444' title='bbox 2631 2342 2718 2412; x_wconf 89' lang='lat' dir='ltr'><strong>pie</strong></span> <span class='ocrx_word' id='word_1_445' title='bbox 2751 2338 3127 2413; x_wconf 81' lang='lat' dir='ltr'><strong>gloriﬁcamus</strong></span> <span class='ocrx_word' id='word_1_446' title='bbox 3165 2339 3219 2392; x_wconf 88' lang='lat' dir='ltr'><strong>in</strong></span> <span class='ocrx_word' id='word_1_447' title='bbox 3242 2336 3414 2392; x_wconf 83' lang='lat' dir='ltr'><strong>Chri-</strong></span> 
     </span>
    </p>
   </div>
   <div class='ocr_carea' id='block_1_60' title="bbox 1830 2430 3418 2507">
    <p class='ocr_par' dir='ltr' id='par_1_60' title="bbox 1830 2430 3418 2507">
     <span class='ocr_line' id='line_1_60' title="bbox 1830 2430 3418 2507; baseline -0.004 -15"><span class='ocrx_word' id='word_1_448' title='bbox 1830 2446 1938 2493; x_wconf 90' lang='lat' dir='ltr'><strong>sto.</strong></span> <span class='ocrx_word' id='word_1_449' title='bbox 1974 2438 2279 2492; x_wconf 87' lang='lat' dir='ltr'><strong>lnnovatur</strong></span> <span class='ocrx_word' id='word_1_450' title='bbox 2324 2452 2456 2507; x_wconf 77' lang='lat' dir='ltr'><strong>ergo</strong></span> <span class='ocrx_word' id='word_1_451' title='bbox 2492 2443 2688 2490; x_wconf 89' lang='lat' dir='ltr'><strong>contra</strong></span> <span class='ocrx_word' id='word_1_452' title='bbox 2723 2433 3017 2503; x_wconf 87' lang='lat' dir='ltr'><strong>antiquum</strong></span> <span class='ocrx_word' id='word_1_453' title='bbox 3054 2432 3321 2485; x_wconf 89' lang='lat' dir='ltr'><strong>honorem</strong></span> <span class='ocrx_word' id='word_1_454' title='bbox 3360 2430 3418 2485; x_wconf 89' lang='lat' dir='ltr'><strong>in</strong></span> 
     </span>
    </p>
   </div>
   <div class='ocr_carea' id='block_1_61' title="bbox 1831 2525 3419 2587">
    <p class='ocr_par' dir='ltr' id='par_1_61' title="bbox 1831 2525 3419 2587">
     <span class='ocr_line' id='line_1_61' title="bbox 1831 2525 3419 2587; baseline -0.005 -1"><span class='ocrx_word' id='word_1_455' title='bbox 1831 2532 2167 2587; x_wconf 82' lang='lat' dir='ltr'><strong>inell‘abilem</strong></span> <span class='ocrx_word' id='word_1_456' title='bbox 2192 2530 2455 2585; x_wconf 89' lang='lat' dir='ltr'><strong>unionem</strong></span> <span class='ocrx_word' id='word_1_457' title='bbox 2490 2529 2584 2584; x_wconf 81' lang='lat' dir='ltr'><strong>Dei</strong></span> <span class='ocrx_word' id='word_1_458' title='bbox 2607 2544 2732 2584; x_wconf 89' lang='lat' dir='ltr'><strong>cum</strong></span> <span class='ocrx_word' id='word_1_459' title='bbox 2781 2527 3040 2582; x_wconf 86' lang='lat' dir='ltr'><strong>omnibus</strong></span> <span class='ocrx_word' id='word_1_460' title='bbox 3095 2525 3419 2580; x_wconf 91' lang='lat' dir='ltr'><strong>hominibus</strong></span> 
     </span>
    </p>
   </div>
   <div class='ocr_carea' id='block_1_62' title="bbox 1829 2618 3420 2695">
    <p class='ocr_par' dir='ltr' id='par_1_62' title="bbox 1829 2618 3420 2695">
     <span class='ocr_line' id='line_1_62' title="bbox 1829 2618 3420 2695; baseline -0.004 -18"><span class='ocrx_word' id='word_1_461' title='bbox 1829 2624 1924 2695; x_wconf 87' lang='lat' dir='ltr'><strong>qui</strong></span> <span class='ocrx_word' id='word_1_462' title='bbox 1960 2625 2015 2678; x_wconf 93' lang='lat' dir='ltr'><strong>in</strong></span> <span class='ocrx_word' id='word_1_463' title='bbox 2044 2624 2266 2679; x_wconf 87' lang='lat' dir='ltr'><strong>Christo</strong></span> <span class='ocrx_word' id='word_1_464' title='bbox 2310 2623 2490 2679; x_wconf 89' lang='lat' dir='ltr'><strong>dictus</strong></span> <span class='ocrx_word' id='word_1_465' title='bbox 2531 2623 2719 2685; x_wconf 86' lang='lat' dir='ltr'><strong>homo,</strong></span> <span class='ocrx_word' id='word_1_466' title='bbox 2754 2621 2900 2675; x_wconf 88' lang='lat' dir='ltr'><strong>inter</strong></span> <span class='ocrx_word' id='word_1_467' title='bbox 2929 2636 3030 2674; x_wconf 87' lang='lat' dir='ltr'><strong>nos</strong></span> <span class='ocrx_word' id='word_1_468' title='bbox 3065 2636 3175 2672; x_wconf 90' lang='lat' dir='ltr'><strong>non</strong></span> <span class='ocrx_word' id='word_1_469' title='bbox 3208 2618 3420 2672; x_wconf 80' lang='lat' dir='ltr'><strong>habens</strong></span> 
     </span>
    </p>
   </div>
   <div class='ocr_carea' id='block_1_63' title="bbox 1829 2708 3420 2784">
    <p class='ocr_par' dir='ltr' id='par_1_63' title="bbox 1829 2708 3420 2784">
     <span class='ocr_line' id='line_1_63' title="bbox 1829 2708 3420 2784; baseline -0.003 -16"><span class='ocrx_word' id='word_1_470' title='bbox 1829 2730 2122 2784; x_wconf 89' lang='lat' dir='ltr'><strong>personam</strong></span> <span class='ocrx_word' id='word_1_471' title='bbox 2150 2714 2448 2768; x_wconf 85' lang='lat' dir='ltr'><strong>humanam</strong></span> <span class='ocrx_word' id='word_1_472' title='bbox 2482 2712 2763 2782; x_wconf 83' lang='lat' dir='ltr'><strong>propriam</strong></span> <span class='ocrx_word' id='word_1_473' title='bbox 2801 2720 2856 2765; x_wconf 90' lang='lat' dir='ltr'><strong>ct</strong></span> <span class='ocrx_word' id='word_1_474' title='bbox 2888 2718 3196 2779; x_wconf 83' lang='lat' dir='ltr'><strong>reparatam</strong></span> <span class='ocrx_word' id='word_1_475' title='bbox 3238 2708 3420 2763; x_wconf 87' lang='lat' dir='ltr'><strong>omnis</strong></span> 
     </span>
    </p>
   </div>
   <div class='ocr_carea' id='block_1_64' title="bbox 1829 2800 3519 2867">
    <p class='ocr_par' dir='ltr' id='par_1_64' title="bbox 1829 2800 3519 2867">
     <span class='ocr_line' id='line_1_64' title="bbox 1829 2800 3519 2867; baseline -0.004 -6"><span class='ocrx_word' id='word_1_476' title='bbox 1829 2807 2031 2862; x_wconf 75' lang='lat' dir='ltr'><strong>similis</strong></span> <span class='ocrx_word' id='word_1_477' title='bbox 2088 2813 2145 2860; x_wconf 89' lang='lat' dir='ltr'><strong>et</strong></span> <span class='ocrx_word' id='word_1_478' title='bbox 2176 2804 2464 2860; x_wconf 85' lang='lat' dir='ltr'><strong>dissimilis</strong></span> <span class='ocrx_word' id='word_1_479' title='bbox 2516 2816 2748 2867; x_wconf 72' lang='lat' dir='ltr'><strong>naturze,</strong></span> <span class='ocrx_word' id='word_1_480' title='bbox 2801 2804 2895 2859; x_wconf 89' lang='lat' dir='ltr'><strong>scd</strong></span> <span class='ocrx_word' id='word_1_481' title='bbox 2954 2818 3302 2858; x_wconf 89' lang='lat' dir='ltr'><strong>communem</strong></span> <span class='ocrx_word' id='word_1_482' title='bbox 3363 2808 3421 2854; x_wconf 88' lang='lat' dir='ltr'><strong>et</strong></span> <span class='ocrx_word' id='word_1_483' title='bbox 3514 2800 3519 2803; x_wconf 68' lang='grc'><em>’</em></span> 
     </span>
    </p>
   </div>
   <div class='ocr_carea' id='block_1_65' title="bbox 1829 2894 3421 2966">
    <p class='ocr_par' dir='ltr' id='par_1_65' title="bbox 1829 2894 3421 2966">
     <span class='ocr_line' id='line_1_65' title="bbox 1829 2894 3421 2966; baseline -0.003 -15"><span class='ocrx_word' id='word_1_484' title='bbox 1829 2896 2232 2951; x_wconf 86' lang='lat' dir='ltr'><strong>indivisibilem</strong></span> <span class='ocrx_word' id='word_1_485' title='bbox 2293 2894 2635 2966; x_wconf 80' lang='lat' dir='ltr'><strong>hypostasim</strong></span> <span class='ocrx_word' id='word_1_486' title='bbox 2689 2896 2853 2950; x_wconf 70' lang='lat' dir='ltr'><strong>Verbi</strong></span> <span class='ocrx_word' id='word_1_487' title='bbox 2899 2912 2928 2949; x_wconf 92' lang='lat' dir='ltr'><strong>a</strong></span> <span class='ocrx_word' id='word_1_488' title='bbox 2975 2905 3175 2949; x_wconf 82' lang='lat' dir='ltr'><strong>natura</strong></span> <span class='ocrx_word' id='word_1_489' title='bbox 3217 2909 3316 2948; x_wconf 89' lang='lat' dir='ltr'><strong>sua</strong></span> <span class='ocrx_word' id='word_1_490' title='bbox 3363 2907 3421 2946; x_wconf 81' lang='lat' dir='ltr'><strong>et</strong></span> 
     </span>
    </p>
   </div>
   <div class='ocr_carea' id='block_1_66' title="bbox 1828 2987 3460 3058">
    <p class='ocr_par' dir='ltr' id='par_1_66' title="bbox 1828 2987 3460 3058">
     <span class='ocr_line' id='line_1_66' title="bbox 1828 2987 3460 3058; baseline -0.002 -15"><span class='ocrx_word' id='word_1_491' title='bbox 1828 2989 1897 3043; x_wconf 89' lang='lat' dir='ltr'><strong>ab</strong></span> <span class='ocrx_word' id='word_1_492' title='bbox 1942 2988 2035 3043; x_wconf 90' lang='lat' dir='ltr'><strong>illa</strong></span> <span class='ocrx_word' id='word_1_493' title='bbox 2073 3003 2181 3057; x_wconf 87' lang='lat' dir='ltr'><strong>qua</strong></span> <span class='ocrx_word' id='word_1_494' title='bbox 2227 3004 2395 3058; x_wconf 90' lang='lat' dir='ltr'><strong>super</strong></span> <span class='ocrx_word' id='word_1_495' title='bbox 2440 2988 2620 3057; x_wconf 89' lang='lat' dir='ltr'><strong>ipsum</strong></span> <span class='ocrx_word' id='word_1_496' title='bbox 2655 2997 2757 3051; x_wconf 90' lang='lat' dir='ltr'><strong>est,</strong></span> <span class='ocrx_word' id='word_1_497' title='bbox 2793 2987 2916 3041; x_wconf 91' lang='lat' dir='ltr'><strong>ideo</strong></span> <span class='ocrx_word' id='word_1_498' title='bbox 2962 2987 3008 3042; x_wconf 80' lang='lat' dir='ltr'><strong>si</strong></span> <span class='ocrx_word' id='word_1_499' title='bbox 3043 2995 3102 3040; x_wconf 88' lang='lat' dir='ltr'><strong>ut</strong></span> <span class='ocrx_word' id='word_1_500' title='bbox 3148 3002 3214 3040; x_wconf 81' lang='lat' dir='ltr'><strong>cx</strong></span> <span class='ocrx_word' id='word_1_501' title='bbox 3263 2991 3420 3054; x_wconf 85' lang='lat' dir='ltr'><strong>parte</strong></span> <span class='ocrx_word' id='word_1_502' title='bbox 3457 2996 3460 3003; x_wconf 84' lang='lat'>‘</span> 
     </span>
    </p>
   </div>
   <div class='ocr_carea' id='block_1_67' title="bbox 1826 3078 3417 3145">
    <p class='ocr_par' dir='ltr' id='par_1_67' title="bbox 1826 3078 3417 3145">
     <span class='ocr_line' id='line_1_67' title="bbox 1826 3078 3417 3145; baseline -0.004 -12"><span class='ocrx_word' id='word_1_503' title='bbox 1826 3079 2089 3145; x_wconf 88' lang='lat' dir='ltr'><strong>naturali,</strong></span> <span class='ocrx_word' id='word_1_504' title='bbox 2151 3078 2450 3133; x_wconf 88' lang='lat' dir='ltr'><strong>humanam</strong></span> <span class='ocrx_word' id='word_1_505' title='bbox 2512 3085 2771 3132; x_wconf 88' lang='lat' dir='ltr'><strong>naturam</strong></span> <span class='ocrx_word' id='word_1_506' title='bbox 2825 3093 2892 3132; x_wconf 82' lang='lat' dir='ltr'><strong>ex</strong></span> <span class='ocrx_word' id='word_1_507' title='bbox 2943 3091 3109 3131; x_wconf 60' lang='lat' dir='ltr'><strong>carne</strong></span> <span class='ocrx_word' id='word_1_508' title='bbox 3166 3084 3417 3141; x_wconf 88' lang='lat' dir='ltr'><strong>vocatur,</strong></span> 
     </span>
    </p>
   </div>
   <div class='ocr_carea' id='block_1_68' title="bbox 1756 3168 3421 3270">
    <p class='ocr_par' dir='ltr' id='par_1_68' title="bbox 1756 3168 3421 3270">
     <span class='ocr_line' id='line_1_68' title="bbox 1756 3168 3421 3270; baseline -0.004 -43"><span class='ocrx_word' id='word_1_509' title='bbox 1756 3208 1800 3270; x_wconf 66' lang='grc' dir='ltr'>Ο</span> <span class='ocrx_word' id='word_1_510' title='bbox 1832 3185 1959 3227; x_wconf 82' lang='lat' dir='ltr'><strong>cum</strong></span> <span class='ocrx_word' id='word_1_511' title='bbox 1997 3170 2142 3226; x_wconf 87' lang='lat' dir='ltr'><strong>nihil</strong></span> <span class='ocrx_word' id='word_1_512' title='bbox 2174 3171 2248 3228; x_wconf 87' lang='lat' dir='ltr'><strong>sit</strong></span> <span class='ocrx_word' id='word_1_513' title='bbox 2290 3182 2608 3243; x_wconf 87' lang='lat' dir='ltr'><strong>suspectum</strong></span> <span class='ocrx_word' id='word_1_514' title='bbox 2644 3172 2806 3226; x_wconf 90' lang='lat' dir='ltr'><strong>nobis</strong></span> <span class='ocrx_word' id='word_1_515' title='bbox 2848 3168 3080 3235; x_wconf 79' lang='lat' dir='ltr'><strong>fraudis,</strong></span> <span class='ocrx_word' id='word_1_516' title='bbox 3122 3177 3421 3237; x_wconf 86' lang='lat' dir='ltr'><strong>utrumque</strong></span> 
     </span>
    </p>
   </div>
   <div class='ocr_carea' id='block_1_69' title="bbox 1835 3260 3420 3337">
    <p class='ocr_par' dir='ltr' id='par_1_69' title="bbox 1835 3260 3420 3337">
     <span class='ocr_line' id='line_1_69' title="bbox 1835 3260 3420 3337; baseline -0.003 -17"><span class='ocrx_word' id='word_1_517' title='bbox 1835 3266 2078 3333; x_wconf 85' lang='lat' dir='ltr'><strong>scimus;</strong></span> <span class='ocrx_word' id='word_1_518' title='bbox 2124 3265 2175 3322; x_wconf 92' lang='lat' dir='ltr'><strong>si</strong></span> <span class='ocrx_word' id='word_1_519' title='bbox 2218 3283 2372 3331; x_wconf 88' lang='lat' dir='ltr'><strong>vero,</strong></span> <span class='ocrx_word' id='word_1_520' title='bbox 2430 3274 2489 3321; x_wconf 89' lang='lat' dir='ltr'><strong>ut</strong></span> <span class='ocrx_word' id='word_1_521' title='bbox 2523 3283 2590 3323; x_wconf 82' lang='lat' dir='ltr'><strong>cx</strong></span> <span class='ocrx_word' id='word_1_522' title='bbox 2628 3281 2738 3322; x_wconf 89' lang='lat' dir='ltr'><strong>una</strong></span> <span class='ocrx_word' id='word_1_523' title='bbox 2792 3265 3160 3337; x_wconf 61' lang='lat' dir='ltr'><strong>hypostaseon</strong></span> <span class='ocrx_word' id='word_1_524' title='bbox 3206 3260 3420 3316; x_wconf 86' lang='lat' dir='ltr'><strong>Christi</strong></span> 
     </span>
    </p>
   </div>
   <div class='ocr_carea' id='block_1_70' title="bbox 1837 3352 3420 3432">
    <p class='ocr_par' dir='ltr' id='par_1_70' title="bbox 1837 3352 3420 3432">
     <span class='ocr_line' id='line_1_70' title="bbox 1837 3352 3420 3432; baseline -0.003 -20"><span class='ocrx_word' id='word_1_525' title='bbox 1837 3366 2037 3425; x_wconf 90' lang='lat' dir='ltr'><strong>totum,</strong></span> <span class='ocrx_word' id='word_1_526' title='bbox 2086 3359 2271 3430; x_wconf 89' lang='lat' dir='ltr'><strong>qualia</strong></span> <span class='ocrx_word' id='word_1_527' title='bbox 2318 3358 2605 3431; x_wconf 83' lang='lat' dir='ltr'><strong>cujusdam</strong></span> <span class='ocrx_word' id='word_1_528' title='bbox 2658 3358 2813 3413; x_wconf 91' lang='lat' dir='ltr'><strong>chori</strong></span> <span class='ocrx_word' id='word_1_529' title='bbox 2865 3365 2927 3410; x_wconf 88' lang='lat' dir='ltr'><strong>ut</strong></span> <span class='ocrx_word' id='word_1_530' title='bbox 2975 3355 3257 3432; x_wconf 15' lang='lat' dir='ltr'><strong>p‘rOprium</strong></span> <span class='ocrx_word' id='word_1_531' title='bbox 3283 3352 3420 3407; x_wconf 46' lang='lat' dir='ltr'><strong>sub;</strong></span> 
     </span>
    </p>
   </div>
   <div class='ocr_carea' id='block_1_71' title="bbox 1836 3442 3422 3516">
    <p class='ocr_par' dir='ltr' id='par_1_71' title="bbox 1836 3442 3422 3516">
     <span class='ocr_line' id='line_1_71' title="bbox 1836 3442 3422 3516; baseline -0.006 -9"><span class='ocrx_word' id='word_1_532' title='bbox 1836 3452 2041 3509; x_wconf 89' lang='lat' dir='ltr'><strong>sidium</strong></span> <span class='ocrx_word' id='word_1_533' title='bbox 2066 3452 2305 3507; x_wconf 86' lang='lat' dir='ltr'><strong>volentis</strong></span> <span class='ocrx_word' id='word_1_534' title='bbox 2338 3451 2698 3506; x_wconf 88' lang='lat' dir='ltr'><strong>introducere</strong></span> <span class='ocrx_word' id='word_1_535' title='bbox 2725 3449 3028 3503; x_wconf 86' lang='lat' dir='ltr'><strong>humanum</strong></span> <span class='ocrx_word' id='word_1_536' title='bbox 3055 3447 3195 3516; x_wconf 82' lang='lat' dir='ltr'><strong>ejus,</strong></span> <span class='ocrx_word' id='word_1_537' title='bbox 3220 3451 3273 3498; x_wconf 89' lang='lat' dir='ltr'><strong>et</strong></span> <span class='ocrx_word' id='word_1_538' title='bbox 3309 3442 3422 3498; x_wconf 81' lang='lat' dir='ltr'><strong>ndn</strong></span> 
     </span>
    </p>
   </div>
   <div class='ocr_carea' id='block_1_72' title="bbox 1838 3533 3418 3614">
    <p class='ocr_par' dir='ltr' id='par_1_72' title="bbox 1838 3533 3418 3614">
     <span class='ocr_line' id='line_1_72' title="bbox 1838 3533 3418 3614; baseline -0.006 -17"><span class='ocrx_word' id='word_1_539' title='bbox 1838 3543 2027 3598; x_wconf 87' lang='lat' dir='ltr'><strong>divina</strong></span> <span class='ocrx_word' id='word_1_540' title='bbox 2077 3552 2277 3597; x_wconf 86' lang='lat' dir='ltr'><strong>natura</strong></span> <span class='ocrx_word' id='word_1_541' title='bbox 2305 3544 2665 3614; x_wconf 88' lang='lat' dir='ltr'><strong>conjunctum</strong></span> <span class='ocrx_word' id='word_1_542' title='bbox 2701 3540 2893 3605; x_wconf 81' lang='lat' dir='ltr'><strong>dicite,</strong></span> <span class='ocrx_word' id='word_1_543' title='bbox 2927 3553 3032 3593; x_wconf 91' lang='lat' dir='ltr'><strong>nec</strong></span> <span class='ocrx_word' id='word_1_544' title='bbox 3062 3535 3209 3591; x_wconf 88' lang='lat' dir='ltr'><strong>nude</strong></span> <span class='ocrx_word' id='word_1_545' title='bbox 3236 3533 3418 3590; x_wconf 86' lang='lat' dir='ltr'><strong>homi-</strong></span> 
     </span>
    </p>
   </div>
   <div class='ocr_carea' id='block_1_73' title="bbox 1832 3623 3423 3696">
    <p class='ocr_par' dir='ltr' id='par_1_73' title="bbox 1832 3623 3423 3696">
     <span class='ocr_line' id='line_1_73' title="bbox 1832 3623 3423 3696; baseline -0.006 -8"><span class='ocrx_word' id='word_1_546' title='bbox 1832 3648 1961 3693; x_wconf 89' lang='lat' dir='ltr'><strong>nem</strong></span> <span class='ocrx_word' id='word_1_547' title='bbox 1999 3632 2233 3696; x_wconf 88' lang='lat' dir='ltr'><strong>dictum,</strong></span> <span class='ocrx_word' id='word_1_548' title='bbox 2285 3646 2390 3687; x_wconf 91' lang='lat' dir='ltr'><strong>nec</strong></span> <span class='ocrx_word' id='word_1_549' title='bbox 2426 3645 2649 3685; x_wconf 89' lang='lat' dir='ltr'><strong>carnem</strong></span> <span class='ocrx_word' id='word_1_550' title='bbox 2686 3629 2742 3682; x_wconf 89' lang='lat' dir='ltr'><strong>in</strong></span> <span class='ocrx_word' id='word_1_551' title='bbox 2793 3630 2913 3683; x_wconf 92' lang='lat' dir='ltr'><strong>loco</strong></span> <span class='ocrx_word' id='word_1_552' title='bbox 2954 3627 3195 3682; x_wconf 87' lang='lat' dir='ltr'><strong>hominis</strong></span> <span class='ocrx_word' id='word_1_553' title='bbox 3242 3623 3423 3679; x_wconf 86' lang='lat' dir='ltr'><strong>ultimi</strong></span> 
     </span>
    </p>
   </div>
   <div class='ocr_carea' id='block_1_74' title="bbox 1838 3721 2563 3792">
    <p class='ocr_par' dir='ltr' id='par_1_74' title="bbox 1838 3721 2563 3792">
     <span class='ocr_line' id='line_1_74' title="bbox 1838 3721 2563 3792; baseline -0.003 -15"><span class='ocrx_word' id='word_1_554' title='bbox 1838 3723 1975 3777; x_wconf 89' lang='lat' dir='ltr'><strong>nudi</strong></span> <span class='ocrx_word' id='word_1_555' title='bbox 2006 3722 2214 3778; x_wconf 91' lang='lat' dir='ltr'><strong>dictam</strong></span> <span class='ocrx_word' id='word_1_556' title='bbox 2256 3721 2563 3792; x_wconf 88' lang='lat' dir='ltr'><strong>accipietis.</strong></span> 
     </span>
    </p>
   </div>
   <div class='ocr_carea' id='block_1_75' title="bbox 150 3811 3419 3888">
    <p class='ocr_par' dir='ltr' id='par_1_75' title="bbox 150 3811 3419 3888">
     <span class='ocr_line' id='line_1_75' title="bbox 150 3811 3419 3888; baseline 0.001 -25"><span class='ocrx_word' id='word_1_557' title='bbox 150 3812 446 3870; x_wconf 78' lang='grc' dir='ltr'>ῠπόστατον</span> <span class='ocrx_word' id='word_1_558' title='bbox 480 3814 790 3885; x_wconf 80' lang='grc' dir='ltr'>βουλόμενοι</span> <span class='ocrx_word' id='word_1_559' title='bbox 819 3817 1059 3886; x_wconf 76' lang='grc' dir='ltr'>εἰσάγειν</span> <span class='ocrx_word' id='word_1_560' title='bbox 1086 3817 1148 3869; x_wconf 76' lang='grc' dir='ltr'>τὸ</span> <span class='ocrx_word' id='word_1_561' title='bbox 1190 3818 1530 3888; x_wconf 80' lang='grc' dir='ltr'>ἀνθρώπινον</span> <span class='ocrx_word' id='word_1_562' title='bbox 1572 3816 1759 3883; x_wconf 80' lang='grc' dir='ltr'>αὑτοῦ,</span> <span class='ocrx_word' id='word_1_563' title='bbox 1801 3818 1894 3872; x_wconf 71' lang='grc' dir='ltr'><strong>καὶ</strong></span> <span class='ocrx_word' id='word_1_564' title='bbox 1918 3817 1977 3870; x_wconf 84' lang='grc' dir='ltr'>οὑ</span> <span class='ocrx_word' id='word_1_565' title='bbox 2010 3815 2131 3887; x_wconf 73' lang='grc' dir='ltr'>θείᾳ</span> <span class='ocrx_word' id='word_1_566' title='bbox 2160 3815 2321 3885; x_wconf 80' lang='grc' dir='ltr'>φύσει</span> <span class='ocrx_word' id='word_1_567' title='bbox 2390 3815 2642 3870; x_wconf 82' lang='grc' dir='ltr'>σύνθετόν</span> <span class='ocrx_word' id='word_1_568' title='bbox 2674 3833 2833 3885; x_wconf 73' lang='grc' dir='ltr'>φατε,</span> <span class='ocrx_word' id='word_1_569' title='bbox 2856 3815 2976 3869; x_wconf 74' lang='grc' dir='ltr'>οὐδὲ</span> <span class='ocrx_word' id='word_1_570' title='bbox 3016 3814 3105 3867; x_wconf 72' lang='grc' dir='ltr'>τὸν</span> <span class='ocrx_word' id='word_1_571' title='bbox 3133 3811 3419 3883; x_wconf 83' lang='grc' dir='ltr'>ἄνθρωπον</span> 
     </span>
    </p>
   </div>
   <div class='ocr_carea' id='block_1_76' title="bbox 148 3907 3091 3981">
    <p class='ocr_par' dir='ltr' id='par_1_76' title="bbox 148 3907 3091 3981">
     <span class='ocr_line' id='line_1_76' title="bbox 148 3907 3091 3981; baseline -0.001 -18"><span class='ocrx_word' id='word_1_572' title='bbox 148 3907 440 3977; x_wconf 79' lang='grc' dir='ltr'>λεγόμενον</span> <span class='ocrx_word' id='word_1_573' title='bbox 470 3908 711 3978; x_wconf 79' lang='grc' dir='ltr'>γυμνῶς,</span> <span class='ocrx_word' id='word_1_574' title='bbox 740 3909 860 3962; x_wconf 78' lang='grc' dir='ltr'>οὐδὲ</span> <span class='ocrx_word' id='word_1_575' title='bbox 891 3912 989 3980; x_wconf 79' lang='grc' dir='ltr'>τὴν</span> <span class='ocrx_word' id='word_1_576' title='bbox 1027 3909 1206 3981; x_wconf 85' lang='grc' dir='ltr'>σάρκα</span> <span class='ocrx_word' id='word_1_577' title='bbox 1236 3911 1356 3963; x_wconf 77' lang='grc' dir='ltr'>ἀντὶ</span> <span class='ocrx_word' id='word_1_578' title='bbox 1389 3909 1483 3962; x_wconf 86' lang='grc' dir='ltr'><strong>τοῦ</strong></span> <span class='ocrx_word' id='word_1_579' title='bbox 1520 3908 1812 3979; x_wconf 81' lang='grc' dir='ltr'>ἀνθρώπου</span> <span class='ocrx_word' id='word_1_580' title='bbox 1843 3907 2051 3962; x_wconf 79' lang='grc' dir='ltr'>τελείου</span> <span class='ocrx_word' id='word_1_581' title='bbox 2085 3908 2296 3979; x_wconf 88' lang='grc' dir='ltr'>γυμνοῦ</span> <span class='ocrx_word' id='word_1_582' title='bbox 2326 3907 2627 3979; x_wconf 77' lang='grc' dir='ltr'>λεγομένην</span> <span class='ocrx_word' id='word_1_583' title='bbox 2658 3907 3091 3977; x_wconf 73' lang='grc' dir='ltr'>καταδεξόμεθαι</span> 
     </span>
    </p>
   </div>
   <div class='ocr_carea' id='block_1_77' title="bbox 740 4044 1114 4102">
    <p class='ocr_par' dir='ltr' id='par_1_77' title="bbox 740 4044 1114 4102">
     <span class='ocr_line' id='line_1_77' title="bbox 740 4044 1114 4102; baseline 0.011 -4"><span class='ocrx_word' id='word_1_584' title='bbox 740 4044 992 4101; x_wconf 81' lang='grc' dir='ltr'><strong>ΚΕΦΑΛ.</strong></span> <span class='ocrx_word' id='word_1_585' title='bbox 1034 4047 1114 4102; x_wconf 86' lang='grc' dir='ltr'><strong>Λ⁹.</strong></span> 
     </span>
    </p>
   </div>
   <div class='ocr_carea' id='block_1_78' title="bbox 223 4158 1728 4236">
    <p class='ocr_par' dir='ltr' id='par_1_78' title="bbox 223 4158 1728 4236">
     <span class='ocr_line' id='line_1_78' title="bbox 223 4158 1728 4236; baseline 0.003 -21"><span class='ocrx_word' id='word_1_586' title='bbox 223 4162 323 4235; x_wconf 61' lang='lat' dir='ltr'><strong>EH;</strong></span> <span class='ocrx_word' id='word_1_587' title='bbox 340 4159 476 4231; x_wconf 79' lang='grc' dir='ltr'>σὰρξ</span> <span class='ocrx_word' id='word_1_588' title='bbox 503 4158 689 4232; x_wconf 82' lang='grc' dir='ltr'><strong>[σάρξ]</strong></span> <span class='ocrx_word' id='word_1_589' title='bbox 721 4161 856 4227; x_wconf 86' lang='grc' dir='ltr'>ἐστι,</span> <span class='ocrx_word' id='word_1_590' title='bbox 879 4162 968 4215; x_wconf 71' lang='grc' dir='ltr'><strong>καὶ</strong></span> <span class='ocrx_word' id='word_1_591' title='bbox 991 4162 1051 4214; x_wconf 86' lang='grc' dir='ltr'><strong>οὑ</strong></span> <span class='ocrx_word' id='word_1_592' title='bbox 1082 4161 1294 4234; x_wconf 86' lang='grc' dir='ltr'>θεότης,</span> <span class='ocrx_word' id='word_1_593' title='bbox 1313 4165 1341 4216; x_wconf 93' lang='lat'><strong>6</strong></span> <span class='ocrx_word' id='word_1_594' title='bbox 1372 4164 1427 4217; x_wconf 74' lang='grc' dir='ltr'>δὲ</span> <span class='ocrx_word' id='word_1_595' title='bbox 1441 4164 1728 4236; x_wconf 81' lang='grc' dir='ltr'>ἄνθρωπος</span> 
     </span>
    </p>
   </div>
   <div class='ocr_carea' id='block_1_79' title="bbox 148 4253 1728 4328">
    <p class='ocr_par' dir='ltr' id='par_1_79' title="bbox 148 4253 1728 4328">
     <span class='ocr_line' id='line_1_79' title="bbox 148 4253 1728 4328; baseline -0.002 -16"><span class='ocrx_word' id='word_1_596' title='bbox 148 4256 332 4312; x_wconf 80' lang='grc' dir='ltr'>οὐκέτι</span> <span class='ocrx_word' id='word_1_597' title='bbox 360 4254 646 4326; x_wconf 79' lang='grc' dir='ltr'>ἄνθρωπός</span> <span class='ocrx_word' id='word_1_598' title='bbox 678 4256 793 4308; x_wconf 76' lang='grc' dir='ltr'>ἐστι</span> <span class='ocrx_word' id='word_1_599' title='bbox 824 4253 916 4308; x_wconf 73' lang='grc' dir='ltr'><strong>καὶ</strong></span> <span class='ocrx_word' id='word_1_600' title='bbox 942 4256 1003 4308; x_wconf 84' lang='grc' dir='ltr'>οὑ</span> <span class='ocrx_word' id='word_1_601' title='bbox 1027 4254 1238 4325; x_wconf 83' lang='grc' dir='ltr'>θεότης,</span> <span class='ocrx_word' id='word_1_602' title='bbox 1263 4258 1383 4310; x_wconf 76' lang='grc' dir='ltr'>εἰπὲ</span> <span class='ocrx_word' id='word_1_603' title='bbox 1413 4256 1465 4309; x_wconf 86' lang='grc' dir='ltr'><strong>τί</strong></span> <span class='ocrx_word' id='word_1_604' title='bbox 1503 4256 1599 4328; x_wconf 81' lang='grc' dir='ltr'>μὲν</span> <span class='ocrx_word' id='word_1_605' title='bbox 1630 4257 1728 4328; x_wconf 78' lang='grc' dir='ltr'>τῆς</span> 
     </span>
    </p>
   </div>
   <div class='ocr_carea' id='block_1_80' title="bbox 152 4346 1721 4420">
    <p class='ocr_par' dir='ltr' id='par_1_80' title="bbox 152 4346 1721 4420">
     <span class='ocr_line' id='line_1_80' title="bbox 152 4346 1721 4420; baseline 0.003 -21"><span class='ocrx_word' id='word_1_606' title='bbox 152 4346 348 4419; x_wconf 78' lang='grc' dir='ltr'>σαρκὸς</span> <span class='ocrx_word' id='word_1_607' title='bbox 381 4348 414 4416; x_wconf 81' lang='grc' dir='ltr'>ἡ</span> <span class='ocrx_word' id='word_1_608' title='bbox 440 4346 654 4418; x_wconf 85' lang='grc' dir='ltr'>θεότης,</span> <span class='ocrx_word' id='word_1_609' title='bbox 683 4346 735 4399; x_wconf 87' lang='grc' dir='ltr'><strong>τί</strong></span> <span class='ocrx_word' id='word_1_610' title='bbox 763 4346 820 4399; x_wconf 84' lang='grc' dir='ltr'>δὲ</span> <span class='ocrx_word' id='word_1_611' title='bbox 855 4346 951 4400; x_wconf 88' lang='grc' dir='ltr'><strong>τοῦ</strong></span> <span class='ocrx_word' id='word_1_612' title='bbox 981 4347 1269 4418; x_wconf 78' lang='grc' dir='ltr'>ἀνθρώπου</span> <span class='ocrx_word' id='word_1_613' title='bbox 1293 4351 1326 4419; x_wconf 81' lang='grc' dir='ltr'><strong>ἡ</strong></span> <span class='ocrx_word' id='word_1_614' title='bbox 1355 4349 1578 4420; x_wconf 76' lang='grc' dir='ltr'>θεότηςς</span> <span class='ocrx_word' id='word_1_615' title='bbox 1607 4350 1721 4420; x_wconf 79' lang='grc' dir='ltr'><strong>Τῆς</strong></span> 
     </span>
    </p>
   </div>
   <div class='ocr_carea' id='block_1_81' title="bbox 48 4424 1719 4511">
    <p class='ocr_par' dir='ltr' id='par_1_81' title="bbox 48 4424 1719 4511">
     <span class='ocr_line' id='line_1_81' title="bbox 48 4424 1719 4511; baseline 0.002 -21"><span class='ocrx_word' id='word_1_616' title='bbox 48 4424 55 4429; x_wconf 57' lang='grc'><em>’</em></span> <span class='ocrx_word' id='word_1_617' title='bbox 155 4441 375 4507; x_wconf 63' lang='grc' dir='ltr'>σαρκὸς,</span> <span class='ocrx_word' id='word_1_618' title='bbox 399 4436 596 4489; x_wconf 82' lang='grc' dir='ltr'>ταυτὸν</span> <span class='ocrx_word' id='word_1_619' title='bbox 625 4436 683 4490; x_wconf 74' lang='grc' dir='ltr'>δέ</span> <span class='ocrx_word' id='word_1_620' title='bbox 711 4439 859 4491; x_wconf 78' lang='grc' dir='ltr'>ἐστιν</span> <span class='ocrx_word' id='word_1_621' title='bbox 906 4438 1083 4492; x_wconf 74' lang='grc' dir='ltr'>εἰπεῖν</span> <span class='ocrx_word' id='word_1_622' title='bbox 1117 4438 1210 4491; x_wconf 79' lang='grc' dir='ltr'><strong>καὶ</strong></span> <span class='ocrx_word' id='word_1_623' title='bbox 1256 4438 1350 4492; x_wconf 86' lang='grc' dir='ltr'><strong>τοῦ</strong></span> <span class='ocrx_word' id='word_1_624' title='bbox 1403 4438 1719 4511; x_wconf 76' lang='grc' dir='ltr'>ἀνθρώπου,</span> 
     </span>
    </p>
   </div>
   <div class='ocr_carea' id='block_1_82' title="bbox 156 4512 1799 4604">
    <p class='ocr_par' dir='ltr' id='par_1_82' title="bbox 156 4512 1799 4604">
     <span class='ocr_line' id='line_1_82' title="bbox 156 4512 1799 4604; baseline 0.004 -24"><span class='ocrx_word' id='word_1_625' title='bbox 156 4529 613 4593; x_wconf 85' lang='grc' dir='ltr'>συνενυπόστατος</span> <span class='ocrx_word' id='word_1_626' title='bbox 643 4529 676 4601; x_wconf 84' lang='grc' dir='ltr'><strong>ἡ</strong></span> <span class='ocrx_word' id='word_1_627' title='bbox 709 4528 901 4600; x_wconf 86' lang='grc' dir='ltr'>θεότης</span> <span class='ocrx_word' id='word_1_628' title='bbox 935 4532 993 4583; x_wconf 87' lang='grc' dir='ltr'>ὲν</span> <span class='ocrx_word' id='word_1_629' title='bbox 1035 4530 1292 4603; x_wconf 85' lang='grc' dir='ltr'>Χριστῷ·</span> <span class='ocrx_word' id='word_1_630' title='bbox 1326 4532 1461 4586; x_wconf 76' lang='grc' dir='ltr'>ἀλλὰ</span> <span class='ocrx_word' id='word_1_631' title='bbox 1494 4533 1592 4603; x_wconf 82' lang='grc' dir='ltr'>τῆς</span> <span class='ocrx_word' id='word_1_632' title='bbox 1626 4533 1724 4604; x_wconf 83' lang='grc' dir='ltr'><strong>μὲν</strong></span> <span class='ocrx_word' id='word_1_633' title='bbox 1759 4512 1799 4566; x_wconf 78' lang='lat' dir='ltr'><strong>D</strong></span> 
     </span>
    </p>
   </div>
   <div class='ocr_carea' id='block_1_83' title="bbox 157 4621 1726 4697">
    <p class='ocr_par' dir='ltr' id='par_1_83' title="bbox 157 4621 1726 4697">
     <span class='ocr_line' id='line_1_83' title="bbox 157 4621 1726 4697; baseline 0.005 -24"><span class='ocrx_word' id='word_1_634' title='bbox 157 4621 372 4690; x_wconf 78' lang='grc' dir='ltr'>σαρκὸς,</span> <span class='ocrx_word' id='word_1_635' title='bbox 403 4621 480 4686; x_wconf 80' lang='grc' dir='ltr'>ὡς</span> <span class='ocrx_word' id='word_1_636' title='bbox 532 4621 772 4695; x_wconf 77' lang='grc' dir='ltr'>εἴρηται,</span> <span class='ocrx_word' id='word_1_637' title='bbox 828 4623 1159 4689; x_wconf 82' lang='grc' dir='ltr'>ἀκαινίστως</span> <span class='ocrx_word' id='word_1_638' title='bbox 1209 4625 1439 4697; x_wconf 70' lang='grc' dir='ltr'>ἐχούσης</span> <span class='ocrx_word' id='word_1_639' title='bbox 1481 4627 1624 4681; x_wconf 76' lang='grc' dir='ltr'>κατά</span> <span class='ocrx_word' id='word_1_640' title='bbox 1668 4645 1726 4681; x_wconf 85' lang='grc' dir='ltr'><strong>τε</strong></span> 
     </span>
    </p>
   </div>
   <div class='ocr_carea' id='block_1_84' title="bbox 156 4711 1726 4790">
    <p class='ocr_par' dir='ltr' id='par_1_84' title="bbox 156 4711 1726 4790">
     <span class='ocr_line' id='line_1_84' title="bbox 156 4711 1726 4790; baseline 0.004 -25"><span class='ocrx_word' id='word_1_641' title='bbox 156 4711 358 4781; x_wconf 80' lang='grc' dir='ltr'>φύσεως</span> <span class='ocrx_word' id='word_1_642' title='bbox 393 4714 484 4767; x_wconf 71' lang='grc' dir='ltr'><strong>καὶ</strong></span> <span class='ocrx_word' id='word_1_643' title='bbox 516 4716 870 4779; x_wconf 85' lang='grc' dir='ltr'>ὑποστάσεως</span> <span class='ocrx_word' id='word_1_644' title='bbox 910 4717 1089 4785; x_wconf 84' lang='grc' dir='ltr'>λόγον,</span> <span class='ocrx_word' id='word_1_645' title='bbox 1120 4718 1213 4771; x_wconf 71' lang='grc' dir='ltr'><strong>καὶ</strong></span> <span class='ocrx_word' id='word_1_646' title='bbox 1249 4719 1306 4770; x_wconf 84' lang='grc' dir='ltr'>ὲν</span> <span class='ocrx_word' id='word_1_647' title='bbox 1338 4719 1487 4790; x_wconf 81' lang='grc' dir='ltr'>αὐτῷ</span> <span class='ocrx_word' id='word_1_648' title='bbox 1515 4719 1590 4782; x_wconf 69' lang='grc' dir='ltr'><strong>ὡς</strong></span> <span class='ocrx_word' id='word_1_649' title='bbox 1634 4720 1726 4772; x_wconf 75' lang='grc' dir='ltr'><strong>καὶ</strong></span> 
     </span>
    </p>
   </div>
   <div class='ocr_carea' id='block_1_85' title="bbox 155 4807 1726 4884">
    <p class='ocr_par' dir='ltr' id='par_1_85' title="bbox 155 4807 1726 4884">
     <span class='ocr_line' id='line_1_85' title="bbox 155 4807 1726 4884; baseline 0.004 -25"><span class='ocrx_word' id='word_1_650' title='bbox 155 4807 212 4859; x_wconf 80' lang='grc' dir='ltr'>ὲν</span> <span class='ocrx_word' id='word_1_651' title='bbox 234 4809 336 4870; x_wconf 83' lang='grc' dir='ltr'>τοῖς</span> <span class='ocrx_word' id='word_1_652' title='bbox 365 4808 593 4873; x_wconf 79' lang='grc' dir='ltr'>λοιποῖς,</span> <span class='ocrx_word' id='word_1_653' title='bbox 622 4810 819 4879; x_wconf 80' lang='grc' dir='ltr'>μέρους</span> <span class='ocrx_word' id='word_1_654' title='bbox 844 4826 903 4863; x_wconf 87' lang='grc' dir='ltr'><strong>τε</strong></span> <span class='ocrx_word' id='word_1_655' title='bbox 935 4812 1030 4864; x_wconf 77' lang='grc' dir='ltr'>καὶ</span> <span class='ocrx_word' id='word_1_656' title='bbox 1054 4810 1314 4884; x_wconf 81' lang='grc' dir='ltr'>διαφόρου</span> <span class='ocrx_word' id='word_1_657' title='bbox 1341 4812 1726 4884; x_wconf 69' lang='grc' dir='ltr'>θεωρουμένης</span> 
     </span>
    </p>
   </div>
   <div class='ocr_carea' id='block_1_86' title="bbox 156 4897 1728 4972">
    <p class='ocr_par' dir='ltr' id='par_1_86' title="bbox 156 4897 1728 4972">
     <span class='ocr_line' id='line_1_86' title="bbox 156 4897 1728 4972; baseline 0.006 -24"><span class='ocrx_word' id='word_1_658' title='bbox 156 4897 285 4967; x_wconf 60' lang='grc' dir='ltr'>πρὶς</span> <span class='ocrx_word' id='word_1_659' title='bbox 321 4897 381 4949; x_wconf 82' lang='grc' dir='ltr'>τὸ</span> <span class='ocrx_word' id='word_1_660' title='bbox 434 4898 586 4952; x_wconf 51' lang='grc' dir='ltr'>ὄλοιθ’</span> <span class='ocrx_word' id='word_1_661' title='bbox 638 4899 733 4953; x_wconf 80' lang='grc' dir='ltr'><strong>τεῦ</strong></span> <span class='ocrx_word' id='word_1_662' title='bbox 788 4900 844 4954; x_wconf 85' lang='grc' dir='ltr'>δὲ</span> <span class='ocrx_word' id='word_1_663' title='bbox 900 4901 1212 4972; x_wconf 78' lang='grc' dir='ltr'>ἀνθρώπου,</span> <span class='ocrx_word' id='word_1_664' title='bbox 1262 4904 1728 4969; x_wconf 84' lang='grc' dir='ltr'>συνενυπόστατός</span> 
     </span>
    </p>
   </div>
   <div class='ocr_carea' id='block_1_87' title="bbox 156 4986 1725 5065">
    <p class='ocr_par' dir='ltr' id='par_1_87' title="bbox 156 4986 1725 5065">
     <span class='ocr_line' id='line_1_87' title="bbox 156 4986 1725 5065; baseline 0.006 -26"><span class='ocrx_word' id='word_1_665' title='bbox 156 4986 294 5040; x_wconf 71' lang='grc' dir='ltr'>ἔστιν</span> <span class='ocrx_word' id='word_1_666' title='bbox 330 4989 363 5058; x_wconf 81' lang='grc' dir='ltr'><strong>ἡ</strong></span> <span class='ocrx_word' id='word_1_667' title='bbox 396 4987 621 5059; x_wconf 71' lang='grc' dir='ltr'>θεότης·</span> <span class='ocrx_word' id='word_1_668' title='bbox 674 4991 1051 5054; x_wconf 81' lang='grc' dir='ltr'>καινισθέντος</span> <span class='ocrx_word' id='word_1_669' title='bbox 1097 4992 1252 5065; x_wconf 73' lang='grc' dir='ltr'>παρὰ</span> <span class='ocrx_word' id='word_1_670' title='bbox 1306 4994 1434 5058; x_wconf 75' lang='grc' dir='ltr'>τοὺς</span> <span class='ocrx_word' id='word_1_671' title='bbox 1492 4994 1725 5058; x_wconf 77' lang='grc' dir='ltr'>πολλοὺς</span> 
     </span>
    </p>
   </div>
   <div class='ocr_carea' id='block_1_88' title="bbox 156 5076 1726 5157">
    <p class='ocr_par' dir='ltr' id='par_1_88' title="bbox 156 5076 1726 5157">
     <span class='ocr_line' id='line_1_88' title="bbox 156 5076 1726 5157; baseline 0.006 -28"><span class='ocrx_word' id='word_1_672' title='bbox 156 5076 273 5130; x_wconf 82' lang='grc' dir='ltr'>καθ’</span> <span class='ocrx_word' id='word_1_673' title='bbox 298 5078 625 5134; x_wconf 84' lang='grc' dir='ltr'>ὑπόστασιν·</span> <span class='ocrx_word' id='word_1_674' title='bbox 659 5083 781 5136; x_wconf 68' lang='grc' dir='ltr'>ἀντὶ</span> <span class='ocrx_word' id='word_1_675' title='bbox 835 5082 945 5153; x_wconf 75' lang='grc' dir='ltr'><strong>γὰρ</strong></span> <span class='ocrx_word' id='word_1_676' title='bbox 990 5083 1189 5152; x_wconf 82' lang='grc' dir='ltr'>ίδικῆς,</span> <span class='ocrx_word' id='word_1_677' title='bbox 1223 5087 1412 5157; x_wconf 84' lang='grc' dir='ltr'>κοινήν</span> <span class='ocrx_word' id='word_1_678' title='bbox 1436 5103 1449 5116; x_wconf 94' lang='grc'><strong>·</strong></span> <span class='ocrx_word' id='word_1_679' title='bbox 1483 5088 1576 5140; x_wconf 75' lang='grc' dir='ltr'><strong>καὶ</strong></span> <span class='ocrx_word' id='word_1_680' title='bbox 1605 5088 1726 5141; x_wconf 83' lang='grc' dir='ltr'>ἀντὶ</span> 
     </span>
    </p>
   </div>
   <div class='ocr_carea' id='block_1_89' title="bbox 158 5165 1725 5243">
    <p class='ocr_par' dir='ltr' id='par_1_89' title="bbox 158 5165 1725 5243">
     <span class='ocr_line' id='line_1_89' title="bbox 158 5165 1725 5243; baseline 0.006 -22"><span class='ocrx_word' id='word_1_681' title='bbox 158 5165 510 5238; x_wconf 82' lang='grc' dir='ltr'>ἀνθρωπείας,</span> <span class='ocrx_word' id='word_1_682' title='bbox 543 5170 693 5225; x_wconf 82' lang='grc' dir='ltr'>θείαν</span> <span class='ocrx_word' id='word_1_683' title='bbox 725 5173 1072 5243; x_wconf 81' lang='grc' dir='ltr'>κτησαμένου</span> <span class='ocrx_word' id='word_1_684' title='bbox 1106 5175 1410 5229; x_wconf 79' lang='grc' dir='ltr'>ὑπόστασιν</span> <span class='ocrx_word' id='word_1_685' title='bbox 1431 5192 1444 5206; x_wconf 92' lang='grc'><strong>·</strong></span> <span class='ocrx_word' id='word_1_686' title='bbox 1480 5179 1575 5231; x_wconf 71' lang='grc' dir='ltr'><strong>καὶ</strong></span> <span class='ocrx_word' id='word_1_687' title='bbox 1602 5179 1725 5232; x_wconf 66' lang='grc' dir='ltr'>ἀντὶ</span> 
     </span>
    </p>
   </div>
   <div class='ocr_carea' id='block_1_90' title="bbox 157 5254 1721 5339">
    <p class='ocr_par' dir='ltr' id='par_1_90' title="bbox 157 5254 1721 5339">
     <span class='ocr_line' id='line_1_90' title="bbox 157 5254 1721 5339; baseline 0.008 -29"><span class='ocrx_word' id='word_1_688' title='bbox 157 5254 271 5310; x_wconf 81' lang='grc' dir='ltr'>δλου</span> <span class='ocrx_word' id='word_1_689' title='bbox 308 5259 692 5328; x_wconf 80' lang='grc' dir='ltr'>ὑποστατικοῧ,</span> <span class='ocrx_word' id='word_1_690' title='bbox 726 5262 800 5326; x_wconf 80' lang='grc' dir='ltr'>ὡς</span> <span class='ocrx_word' id='word_1_691' title='bbox 833 5263 1035 5335; x_wconf 81' lang='grc' dir='ltr'>μέρους</span> <span class='ocrx_word' id='word_1_692' title='bbox 1060 5265 1117 5317; x_wconf 75' lang='grc' dir='ltr'>ἐν</span> <span class='ocrx_word' id='word_1_693' title='bbox 1140 5265 1278 5337; x_wconf 82' lang='grc' dir='ltr'>αὐτῇ</span> <span class='ocrx_word' id='word_1_694' title='bbox 1310 5266 1685 5339; x_wconf 81' lang='grc' dir='ltr'>θεωρουμένου</span> <span class='ocrx_word' id='word_1_695' title='bbox 1707 5286 1721 5301; x_wconf 74' lang='grc' dir='ltr'><strong>ο</strong></span> 
     </span>
    </p>
   </div>
   <div class='ocr_carea' id='block_1_91' title="bbox 160 5343 1725 5432">
    <p class='ocr_par' dir='ltr' id='par_1_91' title="bbox 160 5343 1725 5432">
     <span class='ocr_line' id='line_1_91' title="bbox 160 5343 1725 5432; baseline 0.011 -34"><span class='ocrx_word' id='word_1_696' title='bbox 160 5343 304 5401; x_wconf 82' lang='grc' dir='ltr'>τοῦτο</span> <span class='ocrx_word' id='word_1_697' title='bbox 345 5348 455 5419; x_wconf 85' lang='grc' dir='ltr'><strong>γὰρ</strong></span> <span class='ocrx_word' id='word_1_698' title='bbox 505 5350 654 5423; x_wconf 87' lang='grc' dir='ltr'>αὑτῷ</span> <span class='ocrx_word' id='word_1_699' title='bbox 687 5353 852 5418; x_wconf 78' lang='grc' dir='ltr'>ὅντως</span> <span class='ocrx_word' id='word_1_700' title='bbox 894 5354 1013 5408; x_wconf 76' lang='grc' dir='ltr'>ἐστὶ</span> <span class='ocrx_word' id='word_1_701' title='bbox 1054 5355 1191 5423; x_wconf 84' lang='grc' dir='ltr'>πρὸς</span> <span class='ocrx_word' id='word_1_702' title='bbox 1239 5357 1594 5428; x_wconf 77' lang='grc' dir='ltr'>ἀπαρτισμὸν</span> <span class='ocrx_word' id='word_1_703' title='bbox 1626 5360 1725 5432; x_wconf 80' lang='grc' dir='ltr'>τῆς</span> 
     </span>
    </p>
   </div>
   <div class='ocr_carea' id='block_1_92' title="bbox 156 5436 1722 5519">
    <p class='ocr_par' dir='ltr' id='par_1_92' title="bbox 156 5436 1722 5519">
     <span class='ocr_line' id='line_1_92' title="bbox 156 5436 1722 5519; baseline 0.01 -29"><span class='ocrx_word' id='word_1_704' title='bbox 156 5436 355 5504; x_wconf 82' lang='grc' dir='ltr'>τελείας</span> <span class='ocrx_word' id='word_1_705' title='bbox 409 5445 848 5514; x_wconf 65' lang='grc' dir='ltr'>μακαριότητος*</span> <span class='ocrx_word' id='word_1_706' title='bbox 900 5445 994 5499; x_wconf 75' lang='grc' dir='ltr'>καὶ</span> <span class='ocrx_word' id='word_1_707' title='bbox 1050 5448 1494 5519; x_wconf 81' lang='grc' dir='ltr'>παρατηρητέον,</span> <span class='ocrx_word' id='word_1_708' title='bbox 1534 5450 1616 5503; x_wconf 81' lang='grc' dir='ltr'><strong>ὅτι</strong></span> <span class='ocrx_word' id='word_1_709' title='bbox 1661 5454 1722 5506; x_wconf 80' lang='grc' dir='ltr'><strong>οὐ</strong></span> 
     </span>
    </p>
   </div>
   <div class='ocr_carea' id='block_1_93' title="bbox 159 5530 1725 5612">
    <p class='ocr_par' dir='ltr' id='par_1_93' title="bbox 159 5530 1725 5612">
     <span class='ocr_line' id='line_1_93' title="bbox 159 5530 1725 5612; baseline 0.006 -27"><span class='ocrx_word' id='word_1_710' title='bbox 159 5530 371 5585; x_wconf 81' lang='grc' dir='ltr'>πάντοτε</span> <span class='ocrx_word' id='word_1_711' title='bbox 426 5535 559 5604; x_wconf 79' lang='grc' dir='ltr'>ἡμῖν</span> <span class='ocrx_word' id='word_1_712' title='bbox 600 5534 634 5606; x_wconf 83' lang='grc' dir='ltr'>ἦ</span> <span class='ocrx_word' id='word_1_713' title='bbox 682 5553 739 5589; x_wconf 77' lang='grc' dir='ltr'><strong>τε</strong></span> <span class='ocrx_word' id='word_1_714' title='bbox 793 5535 934 5608; x_wconf 75' lang='grc' dir='ltr'>σὰρξ</span> <span class='ocrx_word' id='word_1_715' title='bbox 980 5537 1074 5591; x_wconf 81' lang='grc' dir='ltr'>τὸν</span> <span class='ocrx_word' id='word_1_716' title='bbox 1108 5538 1395 5609; x_wconf 78' lang='grc' dir='ltr'>ἄνθρωπον</span> <span class='ocrx_word' id='word_1_717' title='bbox 1426 5540 1491 5594; x_wconf 78' lang='grc' dir='ltr'>ὲκ</span> <span class='ocrx_word' id='word_1_718' title='bbox 1522 5540 1725 5612; x_wconf 82' lang='grc' dir='ltr'>μέρους</span> 
     </span>
    </p>
   </div>
   <div class='ocr_carea' id='block_1_94' title="bbox 161 5623 1725 5706">
    <p class='ocr_par' dir='ltr' id='par_1_94' title="bbox 161 5623 1725 5706">
     <span class='ocr_line' id='line_1_94' title="bbox 161 5623 1725 5706; baseline 0.008 -29"><span class='ocrx_word' id='word_1_719' title='bbox 161 5623 418 5695; x_wconf 79' lang='grc' dir='ltr'>σημαίνει,</span> <span class='ocrx_word' id='word_1_720' title='bbox 449 5626 480 5697; x_wconf 85' lang='grc' dir='ltr'>ἢ</span> <span class='ocrx_word' id='word_1_721' title='bbox 510 5628 539 5681; x_wconf 90' lang='grc' dir='ltr'><strong>ό</strong></span> <span class='ocrx_word' id='word_1_722' title='bbox 562 5628 850 5700; x_wconf 80' lang='grc' dir='ltr'>ἄνθρωπος</span> <span class='ocrx_word' id='word_1_723' title='bbox 888 5629 987 5702; x_wconf 78' lang='grc' dir='ltr'>τὴν</span> <span class='ocrx_word' id='word_1_724' title='bbox 1014 5632 1217 5703; x_wconf 85' lang='grc' dir='ltr'>σάρκα,</span> <span class='ocrx_word' id='word_1_725' title='bbox 1245 5630 1362 5686; x_wconf 74' lang='grc' dir='ltr'>ἀλλ’</span> <span class='ocrx_word' id='word_1_726' title='bbox 1396 5633 1558 5704; x_wconf 78' lang='grc' dir='ltr'>ἡνίκα</span> <span class='ocrx_word' id='word_1_727' title='bbox 1596 5638 1725 5706; x_wconf 75' lang='grc' dir='ltr'>περὶ</span> 
     </span>
    </p>
   </div>
   <div class='ocr_carea' id='block_1_95' title="bbox 161 5714 1725 5791">
    <p class='ocr_par' dir='ltr' id='par_1_95' title="bbox 161 5714 1725 5791">
     <span class='ocr_line' id='line_1_95' title="bbox 161 5714 1725 5791; baseline 0.008 -23"><span class='ocrx_word' id='word_1_728' title='bbox 161 5714 357 5785; x_wconf 86' lang='grc' dir='ltr'>φύσεως</span> <span class='ocrx_word' id='word_1_729' title='bbox 391 5718 552 5787; x_wconf 81' lang='grc' dir='ltr'>μόνον</span> <span class='ocrx_word' id='word_1_730' title='bbox 589 5722 675 5790; x_wconf 81' lang='grc' dir='ltr'>εἴη</span> <span class='ocrx_word' id='word_1_731' title='bbox 707 5722 736 5773; x_wconf 90' lang='lat'><strong>6</strong></span> <span class='ocrx_word' id='word_1_732' title='bbox 768 5720 926 5790; x_wconf 76' lang='grc' dir='ltr'>λόγος</span> <span class='ocrx_word' id='word_1_733' title='bbox 948 5739 963 5753; x_wconf 79' lang='lat'>&#39;</span> <span class='ocrx_word' id='word_1_734' title='bbox 991 5722 1086 5777; x_wconf 78' lang='grc' dir='ltr'>καὶ</span> <span class='ocrx_word' id='word_1_735' title='bbox 1114 5724 1163 5777; x_wconf 78' lang='grc' dir='ltr'>εἰ</span> <span class='ocrx_word' id='word_1_736' title='bbox 1205 5723 1386 5791; x_wconf 85' lang='grc' dir='ltr'>τοῦτο,</span> <span class='ocrx_word' id='word_1_737' title='bbox 1437 5726 1497 5780; x_wconf 88' lang='grc' dir='ltr'><strong>οὑ</strong></span> <span class='ocrx_word' id='word_1_738' title='bbox 1537 5726 1627 5780; x_wconf 78' lang='grc' dir='ltr'>διὰ</span> <span class='ocrx_word' id='word_1_739' title='bbox 1664 5728 1725 5781; x_wconf 80' lang='grc' dir='ltr'>τὸ</span> 
     </span>
    </p>
   </div>
   <div class='ocr_carea' id='block_1_96' title="bbox 158 5806 1724 5887">
    <p class='ocr_par' dir='ltr' id='par_1_96' title="bbox 158 5806 1724 5887">
     <span class='ocr_line' id='line_1_96' title="bbox 158 5806 1724 5887; baseline 0.008 -27"><span class='ocrx_word' id='word_1_740' title='bbox 158 5806 318 5861; x_wconf 81' lang='grc' dir='ltr'>πάντα</span> <span class='ocrx_word' id='word_1_741' title='bbox 364 5811 454 5864; x_wconf 66' lang='grc' dir='ltr'><strong>τὸν</strong></span> <span class='ocrx_word' id='word_1_742' title='bbox 507 5813 791 5882; x_wconf 71' lang='grc' dir='ltr'>ἄνθρωπον</span> <span class='ocrx_word' id='word_1_743' title='bbox 826 5812 963 5869; x_wconf 74' lang='grc' dir='ltr'>εἶναι</span> <span class='ocrx_word' id='word_1_744' title='bbox 999 5815 1215 5887; x_wconf 73' lang='grc' dir='ltr'>σάρκα·</span> <span class='ocrx_word' id='word_1_745' title='bbox 1255 5816 1391 5875; x_wconf 71' lang='grc' dir='ltr'>ἀλλὰ</span> <span class='ocrx_word' id='word_1_746' title='bbox 1423 5818 1510 5872; x_wconf 76' lang='grc' dir='ltr'>διὰ</span> <span class='ocrx_word' id='word_1_747' title='bbox 1539 5819 1598 5873; x_wconf 74' lang='grc' dir='ltr'>τὸ</span> <span class='ocrx_word' id='word_1_748' title='bbox 1632 5820 1724 5875; x_wconf 78' lang='grc' dir='ltr'>ἐπὶ</span> 
     </span>
    </p>
   </div>
   <div class='ocr_carea' id='block_1_97' title="bbox 2429 4042 2825 4099">
    <p class='ocr_par' dir='ltr' id='par_1_97' title="bbox 2429 4042 2825 4099">
     <span class='ocr_line' id='line_1_97' title="bbox 2429 4042 2825 4099; baseline -0.003 0"><span class='ocrx_word' id='word_1_749' title='bbox 2429 4043 2583 4099; x_wconf 72' lang='lat' dir='ltr'><strong>CAP.</strong></span> <span class='ocrx_word' id='word_1_750' title='bbox 2642 4042 2786 4097; x_wconf 70' lang='lat' dir='ltr'><strong>XXX</strong></span> <span class='ocrx_word' id='word_1_751' title='bbox 2798 4083 2825 4099; x_wconf 93' lang='lat'><strong>._</strong></span> 
     </span>
    </p>
   </div>
   <div class='ocr_carea' id='block_1_98' title="bbox 1906 4157 3421 4222">
    <p class='ocr_par' dir='ltr' id='par_1_98' title="bbox 1906 4157 3421 4222">
     <span class='ocr_line' id='line_1_98' title="bbox 1906 4157 3421 4222; baseline 0.002 -7"><span class='ocrx_word' id='word_1_752' title='bbox 1906 4159 1967 4215; x_wconf 75' lang='lat' dir='ltr'><strong>Si&quot;</strong></span> <span class='ocrx_word' id='word_1_753' title='bbox 2013 4174 2146 4215; x_wconf 85' lang='lat' dir='ltr'><strong>caro</strong></span> <span class='ocrx_word' id='word_1_754' title='bbox 2189 4166 2275 4213; x_wconf 87' lang='lat' dir='ltr'><strong>est</strong></span> <span class='ocrx_word' id='word_1_755' title='bbox 2324 4167 2380 4213; x_wconf 93' lang='lat' dir='ltr'><strong>et</strong></span> <span class='ocrx_word' id='word_1_756' title='bbox 2414 4173 2524 4213; x_wconf 92' lang='lat' dir='ltr'><strong>non</strong></span> <span class='ocrx_word' id='word_1_757' title='bbox 2589 4157 2872 4222; x_wconf 80' lang='lat' dir='ltr'><strong>divinitas,</strong></span> <span class='ocrx_word' id='word_1_758' title='bbox 2947 4174 3049 4214; x_wconf 87' lang='lat' dir='ltr'><strong>nec</strong></span> <span class='ocrx_word' id='word_1_759' title='bbox 3103 4159 3268 4215; x_wconf 90' lang='lat' dir='ltr'><strong>homo</strong></span> <span class='ocrx_word' id='word_1_760' title='bbox 3333 4170 3421 4218; x_wconf 85' lang='lat' dir='ltr'><strong>est</strong></span> 
     </span>
    </p>
   </div>
   <div class='ocr_carea' id='block_1_99' title="bbox 1831 4250 3418 4325">
    <p class='ocr_par' dir='ltr' id='par_1_99' title="bbox 1831 4250 3418 4325">
     <span class='ocr_line' id='line_1_99' title="bbox 1831 4250 3418 4325; baseline 0.001 -17"><span class='ocrx_word' id='word_1_761' title='bbox 1831 4252 2000 4308; x_wconf 84' lang='lat' dir='ltr'><strong>homo</strong></span> <span class='ocrx_word' id='word_1_762' title='bbox 2030 4268 2137 4308; x_wconf 90' lang='lat' dir='ltr'><strong>nec</strong></span> <span class='ocrx_word' id='word_1_763' title='bbox 2158 4252 2444 4318; x_wconf 82' lang='lat' dir='ltr'><strong>divinitas,</strong></span> <span class='ocrx_word' id='word_1_764' title='bbox 2476 4250 2566 4306; x_wconf 89' lang='lat' dir='ltr'><strong>die</strong></span> <span class='ocrx_word' id='word_1_765' title='bbox 2589 4251 2722 4322; x_wconf 89' lang='lat' dir='ltr'><strong>quid</strong></span> <span class='ocrx_word' id='word_1_766' title='bbox 2761 4251 2946 4308; x_wconf 86' lang='lat' dir='ltr'><strong>carnis</strong></span> <span class='ocrx_word' id='word_1_767' title='bbox 2974 4251 3253 4318; x_wconf 80' lang='lat' dir='ltr'><strong>divinitas,</strong></span> <span class='ocrx_word' id='word_1_768' title='bbox 3281 4254 3418 4325; x_wconf 86' lang='lat' dir='ltr'><strong>quid</strong></span> 
     </span>
    </p>
   </div>
   <div class='ocr_carea' id='block_1_100' title="bbox 1829 4343 3417 4416">
    <p class='ocr_par' dir='ltr' id='par_1_100' title="bbox 1829 4343 3417 4416">
     <span class='ocr_line' id='line_1_100' title="bbox 1829 4343 3417 4416; baseline 0 -16"><span class='ocrx_word' id='word_1_769' title='bbox 1829 4344 2072 4401; x_wconf 88' lang='lat' dir='ltr'><strong>hominis</strong></span> <span class='ocrx_word' id='word_1_770' title='bbox 2098 4344 2400 4399; x_wconf 82' lang='lat' dir='ltr'><strong>divinitas?</strong></span> <span class='ocrx_word' id='word_1_771' title='bbox 2427 4343 2618 4411; x_wconf 86' lang='lat' dir='ltr'><strong>Quoad</strong></span> <span class='ocrx_word' id='word_1_772' title='bbox 2650 4359 2894 4409; x_wconf 87' lang='lat' dir='ltr'><strong>carnem,</strong></span> <span class='ocrx_word' id='word_1_773' title='bbox 2924 4344 3058 4399; x_wconf 81' lang='lat' dir='ltr'><strong>illud</strong></span> <span class='ocrx_word' id='word_1_774' title='bbox 3113 4345 3293 4416; x_wconf 89' lang='lat' dir='ltr'><strong>ipsum</strong></span> <span class='ocrx_word' id='word_1_775' title='bbox 3331 4346 3417 4401; x_wconf 87' lang='lat' dir='ltr'><strong>di-</strong></span> 
     </span>
    </p>
   </div>
   <div class='ocr_carea' id='block_1_101' title="bbox 1829 4436 3417 4508">
    <p class='ocr_par' dir='ltr' id='par_1_101' title="bbox 1829 4436 3417 4508">
     <span class='ocr_line' id='line_1_101' title="bbox 1829 4436 3417 4508; baseline 0 -13"><span class='ocrx_word' id='word_1_776' title='bbox 1829 4438 2067 4497; x_wconf 89' lang='lat' dir='ltr'><strong>cendum</strong></span> <span class='ocrx_word' id='word_1_777' title='bbox 2095 4437 2245 4508; x_wconf 89' lang='lat' dir='ltr'><strong>quod</strong></span> <span class='ocrx_word' id='word_1_778' title='bbox 2270 4437 2339 4493; x_wconf 91' lang='lat' dir='ltr'><strong>de</strong></span> <span class='ocrx_word' id='word_1_779' title='bbox 2374 4436 2602 4493; x_wconf 91' lang='lat' dir='ltr'><strong>homine</strong></span> <span class='ocrx_word' id='word_1_780' title='bbox 2636 4437 3129 4494; x_wconf 87' lang='lat' dir='ltr'><strong>consubstantialis</strong></span> <span class='ocrx_word' id='word_1_781' title='bbox 3154 4438 3417 4495; x_wconf 85' lang='lat' dir='ltr'><strong>divinitas</strong></span> 
     </span>
    </p>
   </div>
   <div class='ocr_carea' id='block_1_102' title="bbox 1831 4529 3417 4596">
    <p class='ocr_par' dir='ltr' id='par_1_102' title="bbox 1831 4529 3417 4596">
     <span class='ocr_line' id='line_1_102' title="bbox 1831 4529 3417 4596; baseline 0.002 -12"><span class='ocrx_word' id='word_1_782' title='bbox 1831 4530 1886 4584; x_wconf 94' lang='lat' dir='ltr'><strong>in</strong></span> <span class='ocrx_word' id='word_1_783' title='bbox 1928 4529 2176 4595; x_wconf 87' lang='lat' dir='ltr'><strong>Christo,</strong></span> <span class='ocrx_word' id='word_1_784' title='bbox 2215 4529 2311 4584; x_wconf 88' lang='lat' dir='ltr'><strong>sed</strong></span> <span class='ocrx_word' id='word_1_785' title='bbox 2336 4544 2487 4595; x_wconf 90' lang='lat' dir='ltr'><strong>caro,</strong></span> <span class='ocrx_word' id='word_1_786' title='bbox 2522 4537 2584 4585; x_wconf 90' lang='lat' dir='ltr'><strong>ut</strong></span> <span class='ocrx_word' id='word_1_787' title='bbox 2610 4529 2838 4596; x_wconf 83' lang='lat' dir='ltr'><strong>dicitur,</strong></span> <span class='ocrx_word' id='word_1_788' title='bbox 2870 4546 2981 4585; x_wconf 82' lang='lat' dir='ltr'><strong>non</strong></span> <span class='ocrx_word' id='word_1_789' title='bbox 3021 4548 3164 4587; x_wconf 88' lang='lat' dir='ltr'><strong>nove</strong></span> <span class='ocrx_word' id='word_1_790' title='bbox 3204 4532 3417 4588; x_wconf 86' lang='lat' dir='ltr'><strong>habens</strong></span> 
     </span>
    </p>
   </div>
   <div class='ocr_carea' id='block_1_103' title="bbox 1828 4619 3467 4698">
    <p class='ocr_par' dir='ltr' id='par_1_103' title="bbox 1828 4619 3467 4698">
     <span class='ocr_line' id='line_1_103' title="bbox 1828 4619 3467 4698; baseline 0.004 -24"><span class='ocrx_word' id='word_1_791' title='bbox 1828 4619 2074 4675; x_wconf 78' lang='lat' dir='ltr'><strong>Verbum</strong></span> <span class='ocrx_word' id='word_1_792' title='bbox 2096 4620 2427 4675; x_wconf 85' lang='lat' dir='ltr'><strong>naturaliter</strong></span> <span class='ocrx_word' id='word_1_793' title='bbox 2445 4628 2503 4675; x_wconf 89' lang='lat' dir='ltr'><strong>et</strong></span> <span class='ocrx_word' id='word_1_794' title='bbox 2531 4621 2901 4693; x_wconf 75' lang='lat' dir='ltr'><strong>hypostatice,</strong></span> <span class='ocrx_word' id='word_1_795' title='bbox 2925 4630 2983 4677; x_wconf 88' lang='lat' dir='ltr'><strong>et</strong></span> <span class='ocrx_word' id='word_1_796' title='bbox 3015 4622 3070 4678; x_wconf 91' lang='lat' dir='ltr'><strong>in</strong></span> <span class='ocrx_word' id='word_1_797' title='bbox 3113 4624 3258 4694; x_wconf 87' lang='lat' dir='ltr'><strong>ipso,</strong></span> <span class='ocrx_word' id='word_1_798' title='bbox 3280 4625 3415 4680; x_wconf 88' lang='lat' dir='ltr'><strong>utin</strong></span> <span class='ocrx_word' id='word_1_799' title='bbox 3454 4682 3467 4698; x_wconf 44' lang='grc' dir='ltr'><strong><em>ο</em></strong></span> 
     </span>
    </p>
   </div>
   <div class='ocr_carea' id='block_1_104' title="bbox 1829 4711 3413 4782">
    <p class='ocr_par' dir='ltr' id='par_1_104' title="bbox 1829 4711 3413 4782">
     <span class='ocr_line' id='line_1_104' title="bbox 1829 4711 3413 4782; baseline 0.005 -18"><span class='ocrx_word' id='word_1_800' title='bbox 1829 4711 2049 4766; x_wconf 76' lang='lat' dir='ltr'><strong>caeteris</strong></span> <span class='ocrx_word' id='word_1_801' title='bbox 2086 4719 2313 4781; x_wconf 79' lang='lat' dir='ltr'><strong>apparet</strong></span> <span class='ocrx_word' id='word_1_802' title='bbox 2363 4712 2540 4782; x_wconf 80' lang='lat' dir='ltr'><strong>partis</strong></span> <span class='ocrx_word' id='word_1_803' title='bbox 2589 4720 2647 4768; x_wconf 89' lang='lat' dir='ltr'><strong>et</strong></span> <span class='ocrx_word' id='word_1_804' title='bbox 2698 4714 3040 4771; x_wconf 88' lang='lat' dir='ltr'><strong>discriminis</strong></span> <span class='ocrx_word' id='word_1_805' title='bbox 3101 4716 3170 4770; x_wconf 90' lang='lat' dir='ltr'><strong>ad</strong></span> <span class='ocrx_word' id='word_1_806' title='bbox 3214 4725 3413 4773; x_wconf 91' lang='lat' dir='ltr'><strong>totum.</strong></span> 
     </span>
    </p>
   </div>
   <div class='ocr_carea' id='block_1_105' title="bbox 1825 4803 3417 4871">
    <p class='ocr_par' dir='ltr' id='par_1_105' title="bbox 1825 4803 3417 4871">
     <span class='ocr_line' id='line_1_105' title="bbox 1825 4803 3417 4871; baseline 0.006 -13"><span class='ocrx_word' id='word_1_807' title='bbox 1825 4803 2018 4870; x_wconf 86' lang='lat' dir='ltr'><strong>Quoad</strong></span> <span class='ocrx_word' id='word_1_808' title='bbox 2049 4805 2862 4871; x_wconf 84' lang='lat' dir='ltr'><strong>hominem,eonsubstantialis</strong></span> <span class='ocrx_word' id='word_1_809' title='bbox 2885 4817 2969 4863; x_wconf 87' lang='lat' dir='ltr'><strong>est</strong></span> <span class='ocrx_word' id='word_1_810' title='bbox 2993 4809 3258 4865; x_wconf 88' lang='lat' dir='ltr'><strong>divinitas</strong></span> <span class='ocrx_word' id='word_1_811' title='bbox 3286 4829 3299 4864; x_wconf 89' lang='lat'>:</span> <span class='ocrx_word' id='word_1_812' title='bbox 3328 4827 3417 4867; x_wconf 88' lang='lat' dir='ltr'><strong>re-</strong></span> 
     </span>
    </p>
   </div>
   <div class='ocr_carea' id='block_1_106' title="bbox 1826 4896 3414 4969">
    <p class='ocr_par' dir='ltr' id='par_1_106' title="bbox 1826 4896 3414 4969">
     <span class='ocr_line' id='line_1_106' title="bbox 1826 4896 3414 4969; baseline 0.004 -19"><span class='ocrx_word' id='word_1_813' title='bbox 1826 4905 2090 4951; x_wconf 86' lang='lat' dir='ltr'><strong>novatum</strong></span> <span class='ocrx_word' id='word_1_814' title='bbox 2126 4900 2178 4950; x_wconf 86' lang='lat' dir='ltr'><strong>in</strong></span> <span class='ocrx_word' id='word_1_815' title='bbox 2212 4896 2467 4966; x_wconf 89' lang='lat' dir='ltr'><strong>pluribus</strong></span> <span class='ocrx_word' id='word_1_816' title='bbox 2492 4898 2801 4951; x_wconf 82' lang='lat' dir='ltr'><strong>secundum</strong></span> <span class='ocrx_word' id='word_1_817' title='bbox 2828 4898 3174 4969; x_wconf 87' lang='lat' dir='ltr'><strong>hypostasin,</strong></span> <span class='ocrx_word' id='word_1_818' title='bbox 3203 4900 3260 4953; x_wconf 92' lang='lat' dir='ltr'><strong>in</strong></span> <span class='ocrx_word' id='word_1_819' title='bbox 3292 4901 3414 4957; x_wconf 90' lang='lat' dir='ltr'><strong>loco</strong></span> 
     </span>
    </p>
   </div>
   <div class='ocr_carea' id='block_1_107' title="bbox 1830 4987 3412 5061">
    <p class='ocr_par' dir='ltr' id='par_1_107' title="bbox 1830 4987 3412 5061">
     <span class='ocr_line' id='line_1_107' title="bbox 1830 4987 3412 5061; baseline 0.004 -21"><span class='ocrx_word' id='word_1_820' title='bbox 1830 4989 2086 5058; x_wconf 58' lang='lat' dir='ltr'><strong>propria,</strong></span> <span class='ocrx_word' id='word_1_821' title='bbox 2114 5001 2486 5052; x_wconf 89' lang='lat' dir='ltr'><strong>communem,</strong></span> <span class='ocrx_word' id='word_1_822' title='bbox 2508 4994 2565 5042; x_wconf 91' lang='lat' dir='ltr'><strong>et</strong></span> <span class='ocrx_word' id='word_1_823' title='bbox 2587 4987 2709 5043; x_wconf 88' lang='lat' dir='ltr'><strong>loco</strong></span> <span class='ocrx_word' id='word_1_824' title='bbox 2734 4987 2990 5045; x_wconf 72' lang='lat' dir='ltr'><strong>humana:</strong></span> <span class='ocrx_word' id='word_1_825' title='bbox 3015 4989 3259 5046; x_wconf 89' lang='lat' dir='ltr'><strong>divinam</strong></span> <span class='ocrx_word' id='word_1_826' title='bbox 3283 5008 3412 5061; x_wconf 87' lang='lat' dir='ltr'><strong>per-</strong></span> 
     </span>
    </p>
   </div>
   <div class='ocr_carea' id='block_1_108' title="bbox 1827 5077 3412 5155">
    <p class='ocr_par' dir='ltr' id='par_1_108' title="bbox 1827 5077 3412 5155">
     <span class='ocr_line' id='line_1_108' title="bbox 1827 5077 3412 5155; baseline 0.003 -21"><span class='ocrx_word' id='word_1_827' title='bbox 1827 5095 2018 5134; x_wconf 91' lang='lat' dir='ltr'><strong>sonam</strong></span> <span class='ocrx_word' id='word_1_828' title='bbox 2062 5077 2339 5147; x_wconf 85' lang='lat' dir='ltr'><strong>acquisiti,</strong></span> <span class='ocrx_word' id='word_1_829' title='bbox 2371 5087 2429 5132; x_wconf 91' lang='lat' dir='ltr'><strong>et</strong></span> <span class='ocrx_word' id='word_1_830' title='bbox 2460 5078 2603 5145; x_wconf 88' lang='lat' dir='ltr'><strong>loco,</strong></span> <span class='ocrx_word' id='word_1_831' title='bbox 2634 5080 2805 5136; x_wconf 89' lang='lat' dir='ltr'><strong>totius</strong></span> <span class='ocrx_word' id='word_1_832' title='bbox 2847 5081 3199 5153; x_wconf 86' lang='lat' dir='ltr'><strong>hypostatici,</strong></span> <span class='ocrx_word' id='word_1_833' title='bbox 3237 5085 3412 5155; x_wconf 85' lang='lat' dir='ltr'><strong>parti-</strong></span> 
     </span>
    </p>
   </div>
   <div class='ocr_carea' id='block_1_109' title="bbox 1827 5169 3409 5245">
    <p class='ocr_par' dir='ltr' id='par_1_109' title="bbox 1827 5169 3409 5245">
     <span class='ocr_line' id='line_1_109' title="bbox 1827 5169 3409 5245; baseline 0.004 -20"><span class='ocrx_word' id='word_1_834' title='bbox 1827 5170 1950 5225; x_wconf 82' lang='lat' dir='ltr'><strong>cula</strong></span> <span class='ocrx_word' id='word_1_835' title='bbox 2001 5176 2247 5239; x_wconf 85' lang='lat' dir='ltr'><strong>apparet,</strong></span> <span class='ocrx_word' id='word_1_836' title='bbox 2300 5169 2408 5224; x_wconf 83' lang='lat' dir='ltr'><strong>hoc</strong></span> <span class='ocrx_word' id='word_1_837' title='bbox 2456 5179 2543 5225; x_wconf 89' lang='lat' dir='ltr'><strong>est</strong></span> <span class='ocrx_word' id='word_1_838' title='bbox 2580 5169 2659 5224; x_wconf 90' lang='lat' dir='ltr'><strong>illi</strong></span> <span class='ocrx_word' id='word_1_839' title='bbox 2711 5187 2843 5227; x_wconf 90' lang='lat' dir='ltr'><strong>vere</strong></span> <span class='ocrx_word' id='word_1_840' title='bbox 2896 5175 2953 5227; x_wconf 93' lang='lat' dir='ltr'><strong>in</strong></span> <span class='ocrx_word' id='word_1_841' title='bbox 3007 5174 3409 5245; x_wconf 79' lang='lat' dir='ltr'><strong>perfectionem</strong></span> 
     </span>
    </p>
   </div>
   <div class='ocr_carea' id='block_1_110' title="bbox 1828 5260 3412 5337">
    <p class='ocr_par' dir='ltr' id='par_1_110' title="bbox 1828 5260 3412 5337">
     <span class='ocr_line' id='line_1_110' title="bbox 1828 5260 3412 5337; baseline 0.006 -23"><span class='ocrx_word' id='word_1_842' title='bbox 1828 5260 2032 5316; x_wconf 66' lang='lat' dir='ltr'><strong>ultimae</strong></span> <span class='ocrx_word' id='word_1_843' title='bbox 2082 5260 2465 5317; x_wconf 86' lang='lat' dir='ltr'><strong>beatitudinis.</strong></span> <span class='ocrx_word' id='word_1_844' title='bbox 2522 5261 2591 5317; x_wconf 86' lang='lat' dir='ltr'><strong>Et</strong></span> <span class='ocrx_word' id='word_1_845' title='bbox 2628 5262 3036 5320; x_wconf 89' lang='lat' dir='ltr'><strong>observandum</strong></span> <span class='ocrx_word' id='word_1_846' title='bbox 3091 5266 3239 5337; x_wconf 84' lang='lat' dir='ltr'><strong>quod</strong></span> <span class='ocrx_word' id='word_1_847' title='bbox 3299 5283 3412 5325; x_wconf 90' lang='lat' dir='ltr'><strong>non</strong></span> 
     </span>
    </p>
   </div>
   <div class='ocr_carea' id='block_1_111' title="bbox 1826 5352 3409 5431">
    <p class='ocr_par' dir='ltr' id='par_1_111' title="bbox 1826 5352 3409 5431">
     <span class='ocr_line' id='line_1_111' title="bbox 1826 5352 3409 5431; baseline 0.003 -22"><span class='ocrx_word' id='word_1_848' title='bbox 1826 5369 2047 5422; x_wconf 85' lang='lat' dir='ltr'><strong>semper</strong></span> <span class='ocrx_word' id='word_1_849' title='bbox 2089 5352 2253 5408; x_wconf 88' lang='lat' dir='ltr'><strong>nobis</strong></span> <span class='ocrx_word' id='word_1_850' title='bbox 2290 5368 2420 5409; x_wconf 80' lang='lat' dir='ltr'><strong>caro</strong></span> <span class='ocrx_word' id='word_1_851' title='bbox 2454 5355 2736 5409; x_wconf 90' lang='lat' dir='ltr'><strong>hominem</strong></span> <span class='ocrx_word' id='word_1_852' title='bbox 2777 5373 2845 5412; x_wconf 80' lang='lat' dir='ltr'><strong>ex</strong></span> <span class='ocrx_word' id='word_1_853' title='bbox 2906 5368 3065 5427; x_wconf 84' lang='lat' dir='ltr'><strong>parte</strong></span> <span class='ocrx_word' id='word_1_854' title='bbox 3113 5358 3409 5431; x_wconf 65' lang='lat' dir='ltr'><strong>signiﬁcat,</strong></span> 
     </span>
    </p>
   </div>
   <div class='ocr_carea' id='block_1_112' title="bbox 1826 5447 3411 5519">
    <p class='ocr_par' dir='ltr' id='par_1_112' title="bbox 1826 5447 3411 5519">
     <span class='ocr_line' id='line_1_112' title="bbox 1826 5447 3411 5519; baseline 0.003 -17"><span class='ocrx_word' id='word_1_855' title='bbox 1826 5448 1914 5503; x_wconf 92' lang='lat' dir='ltr'><strong>vel</strong></span> <span class='ocrx_word' id='word_1_856' title='bbox 1972 5447 2139 5501; x_wconf 88' lang='lat' dir='ltr'><strong>homo</strong></span> <span class='ocrx_word' id='word_1_857' title='bbox 2184 5462 2431 5511; x_wconf 90' lang='lat' dir='ltr'><strong>carnem,</strong></span> <span class='ocrx_word' id='word_1_858' title='bbox 2473 5450 2568 5503; x_wconf 88' lang='lat' dir='ltr'><strong>sed</strong></span> <span class='ocrx_word' id='word_1_859' title='bbox 2616 5450 2842 5519; x_wconf 91' lang='lat' dir='ltr'><strong>quando</strong></span> <span class='ocrx_word' id='word_1_860' title='bbox 2870 5449 2939 5505; x_wconf 89' lang='lat' dir='ltr'><strong>de</strong></span> <span class='ocrx_word' id='word_1_861' title='bbox 2983 5460 3182 5507; x_wconf 84' lang='lat' dir='ltr'><strong>natura</strong></span> <span class='ocrx_word' id='word_1_862' title='bbox 3231 5453 3411 5508; x_wconf 89' lang='lat' dir='ltr'><strong>solum</strong></span> 
     </span>
    </p>
   </div>
   <div class='ocr_carea' id='block_1_113' title="bbox 1825 5539 3411 5612">
    <p class='ocr_par' dir='ltr' id='par_1_113' title="bbox 1825 5539 3411 5612">
     <span class='ocr_line' id='line_1_113' title="bbox 1825 5539 3411 5612; baseline 0.003 -16"><span class='ocrx_word' id='word_1_863' title='bbox 1825 5555 2009 5596; x_wconf 86' lang='lat' dir='ltr'><strong>sermo</strong></span> <span class='ocrx_word' id='word_1_864' title='bbox 2027 5549 2113 5596; x_wconf 89' lang='lat' dir='ltr'><strong>est</strong></span> <span class='ocrx_word' id='word_1_865' title='bbox 2132 5555 2146 5598; x_wconf 88' lang='lat'>:</span> <span class='ocrx_word' id='word_1_866' title='bbox 2173 5539 2289 5595; x_wconf 90' lang='lat' dir='ltr'><strong>etsi</strong></span> <span class='ocrx_word' id='word_1_867' title='bbox 2314 5540 2439 5605; x_wconf 90' lang='lat' dir='ltr'><strong>hoc,</strong></span> <span class='ocrx_word' id='word_1_868' title='bbox 2460 5555 2570 5596; x_wconf 89' lang='lat' dir='ltr'><strong>non</strong></span> <span class='ocrx_word' id='word_1_869' title='bbox 2600 5543 2735 5612; x_wconf 84' lang='lat' dir='ltr'><strong>quia</strong></span> <span class='ocrx_word' id='word_1_870' title='bbox 2756 5557 2856 5612; x_wconf 89' lang='lat' dir='ltr'><strong>per</strong></span> <span class='ocrx_word' id='word_1_871' title='bbox 2869 5543 3055 5598; x_wconf 91' lang='lat' dir='ltr'><strong>omnia</strong></span> <span class='ocrx_word' id='word_1_872' title='bbox 3080 5544 3247 5599; x_wconf 90' lang='lat' dir='ltr'><strong>homo</strong></span> <span class='ocrx_word' id='word_1_873' title='bbox 3263 5554 3411 5601; x_wconf 87' lang='lat' dir='ltr'><strong>esset</strong></span> 
     </span>
    </p>
   </div>
   <div class='ocr_carea' id='block_1_114' title="bbox 1826 5631 3411 5706">
    <p class='ocr_par' dir='ltr' id='par_1_114' title="bbox 1826 5631 3411 5706">
     <span class='ocr_line' id='line_1_114' title="bbox 1826 5631 3411 5706; baseline 0.004 -19"><span class='ocrx_word' id='word_1_874' title='bbox 1826 5647 1976 5694; x_wconf 84' lang='lat' dir='ltr'><strong>caro,</strong></span> <span class='ocrx_word' id='word_1_875' title='bbox 2016 5631 2111 5687; x_wconf 84' lang='lat' dir='ltr'><strong>sed</strong></span> <span class='ocrx_word' id='word_1_876' title='bbox 2157 5633 2287 5703; x_wconf 86' lang='lat' dir='ltr'><strong>quia</strong></span> <span class='ocrx_word' id='word_1_877' title='bbox 2332 5631 2388 5687; x_wconf 90' lang='lat' dir='ltr'><strong>in</strong></span> <span class='ocrx_word' id='word_1_878' title='bbox 2424 5631 2649 5689; x_wconf 83' lang='lat' dir='ltr'><strong>Christo</strong></span> <span class='ocrx_word' id='word_1_879' title='bbox 2701 5643 2762 5688; x_wconf 86' lang='lat' dir='ltr'><strong>ut</strong></span> <span class='ocrx_word' id='word_1_880' title='bbox 2817 5634 3261 5706; x_wconf 76' lang='lat' dir='ltr'><strong>distingueretur</strong></span> <span class='ocrx_word' id='word_1_881' title='bbox 3301 5653 3411 5693; x_wconf 85' lang='lat' dir='ltr'><strong>una</strong></span> 
     </span>
    </p>
   </div>
   <div class='ocr_carea' id='block_1_115' title="bbox 1826 5725 3408 5794">
    <p class='ocr_par' dir='ltr' id='par_1_115' title="bbox 1826 5725 3408 5794">
     <span class='ocr_line' id='line_1_115' title="bbox 1826 5725 3408 5794; baseline 0.003 -14"><span class='ocrx_word' id='word_1_882' title='bbox 1826 5734 2025 5780; x_wconf 86' lang='lat' dir='ltr'><strong>natura</strong></span> <span class='ocrx_word' id='word_1_883' title='bbox 2063 5725 2370 5781; x_wconf 88' lang='lat' dir='ltr'><strong>secundum</strong></span> <span class='ocrx_word' id='word_1_884' title='bbox 2428 5742 2677 5794; x_wconf 84' lang='lat' dir='ltr'><strong>carnem,</strong></span> <span class='ocrx_word' id='word_1_885' title='bbox 2733 5743 2955 5783; x_wconf 85' lang='lat' dir='ltr'><strong>omnem</strong></span> <span class='ocrx_word' id='word_1_886' title='bbox 3008 5729 3408 5786; x_wconf 87' lang='lat' dir='ltr'><strong>humanitatem</strong></span> 
     </span>
    </p>
   </div>
   <div class='ocr_carea' id='block_1_116' title="bbox 1825 5817 3407 5890">
    <p class='ocr_par' dir='ltr' id='par_1_116' title="bbox 1825 5817 3407 5890">
     <span class='ocr_line' id='line_1_116' title="bbox 1825 5817 3407 5890; baseline 0.004 -19"><span class='ocrx_word' id='word_1_887' title='bbox 1825 5817 1893 5872; x_wconf 86' lang='lat' dir='ltr'><strong>ad</strong></span> <span class='ocrx_word' id='word_1_888' title='bbox 1924 5817 2300 5889; x_wconf 81' lang='lat' dir='ltr'><strong>divinitatem,</strong></span> <span class='ocrx_word' id='word_1_889' title='bbox 2345 5825 2403 5872; x_wconf 92' lang='lat' dir='ltr'><strong>ut</strong></span> <span class='ocrx_word' id='word_1_890' title='bbox 2432 5832 2701 5879; x_wconf 85' lang='lat' dir='ltr'><strong>creatura.</strong></span> <span class='ocrx_word' id='word_1_891' title='bbox 2733 5820 2800 5875; x_wconf 88' lang='lat' dir='ltr'><strong>ad</strong></span> <span class='ocrx_word' id='word_1_892' title='bbox 2855 5820 3183 5890; x_wconf 89' lang='lat' dir='ltr'><strong>increatum,</strong></span> <span class='ocrx_word' id='word_1_893' title='bbox 3229 5830 3283 5878; x_wconf 92' lang='lat' dir='ltr'><strong>ct</strong></span> <span class='ocrx_word' id='word_1_894' title='bbox 3346 5830 3407 5878; x_wconf 86' lang='lat' dir='ltr'><strong>ut</strong></span> 
     </span>
    </p>
   </div>
  </div>
