3908 6306
167 337 313 403 Εἵδό

1161 336 1559 401 ADVERSUS
1596 339 2395 407 NESTOBIANOS.—LIB.
2435 344 2535 407 VI.

3295 340 3437 408 ΗΜ

160 464 254 507 σιν
272 450 369 505 τοῦ
391 450 660 504 Δεσπότου
684 448 840 522 ἡμῶν
870 448 1112 522 Χριστοῦ
1142 450 1461 523 διαξεύξητε
1497 452 1565 524 ἢν
1592 454 1752 526 Λόγῳ
1776 505 1786 521 Α

1894 459 2174 528 ypostasin
2197 458 2408 529 aliquid
2457 457 2728 515 discernit
2760 455 2983 513 nonnisi
3014 456 3069 511 in
3102 458 3237 515 solis
3288 476 3435 517 acet-

164 545 318 617 μόνῳ
344 542 741 612 καταδέχεσθαι
767 541 1153 615 προσποιεῖσθε
1171 559 1185 573 ·
1218 545 1247 596 6
1276 544 1385 612 γὰρ
1416 545 1557 599 κατὰ
1580 545 1744 616 φύσιν

1893 548 2112 603 entibus
2145 549 2407 607 unionem
2447 549 2598 606 illius
2627 549 2743 604 ﬁeri
2789 556 2965 619 putat.

161 653 226 693 τε
262 636 357 689 καὶ
383 636 679 690 ὑπόστασιν
711 635 1002 706 διακρίνων
1029 653 1103 702 τι,
1139 635 1262 690 κατ’
1322 637 1475 691 οὐδὲν
1534 638 1614 692 ἔτι
1645 638 1681 711 ἡ
1709 640 1818 711 ἄρα
1855 641 1997 702 κατὰ
2036 642 2382 715 συμϐεϐηκὸς
2422 644 2583 715 μόνον
2614 644 2713 698 τὴν
2756 645 2945 700 τούτου
2997 648 3293 716 συνάφειαν
3321 648 3430 702 ors-

161 742 283 785 ται.

1512 1022 1882 1117 ΛΟΓΟΣ
1956 1022 2100 1125 (ζ’.

175 1184 399 1252 Ἕκτης
430 1184 630 1240 αὐτῶν
663 1186 945 1263 ἀσεϐείας
991 1189 1198 1257 δεῖξις,
1251 1192 1543 1261 θεοφόρον
1586 1193 1903 1261 ἄνθρωπον
1942 1196 2041 1248 καὶ
2095 1198 2167 1250 οὺ
2204 1197 2354 1252 Θεὸν
2388 1196 2945 1267 ἐνανθρωπήσαντα
2990 1198 3289 1268 λεγόντων
3332 1195 3437 1251 τὸν

1294 1285 1516 1353 Κύριον
1549 1285 1719 1356 ἡμῶν
1760 1287 1786 1342 ’λ

1893 1287 2013 1342 ὀὖν
2043 1290 2333 1357 Χριστόν.,
3100 1354 3105 1357 Α
3164 1286 3175 1297 ’

1500 1554 1858 1644 LIBER
1957 1558 2137 1647 VI.

251 1722 424 1785 Sexta
461 1726 745 1794 impietatis
775 1726 1155 1787 demonstratio
1200 1740 1380 1778 eorum
1418 1723 1509 1792 qui
1545 1723 1725 1777 dicunt
1770 1724 2034 1778 hominem
2081 1725 2449 1796 Theophomm-
2476 1744 2583 1785 esse
2616 1729 2909 1789 Dominum
2932 1743 3171 1787 nostrum
3197 1734 3378 1793 leum

1268 1818 1538 1875 Christum
1575 1825 1626 1872 et
1655 1833 1761 1876 non
1796 1818 1966 1876 Deum
1998 1820 2360 1892 incomptum.

603 2098 1001 2155 ΚΕΦΛΛΛΙΟΝ
1034 2094 1333 2152 ΠΡΩΤΟΝ.

258 2195 322 2250 Et
343 2194 537 2265 στολὴν
564 2194 728 2264 εχει-ό
758 2192 932 2262 Λόγος
958 2192 1060 2260 τὴν
1098 2191 1298 2261 σάρκα,
1336 2188 1479 2242 κατὰ
1530 2185 1593 2241 τὸ
1612 2187 1769 2259 εἰρη-

192 2288 351 2358 μένον
376 2287 526 2357 αὐτῷ
545 2287 632 2341 διὰ
648 2286 755 2340 τῶν
784 2286 957 2353 λόγων
982 2283 1147 2338 αὐτοῦ
1178 2282 1304 2353 περὶ
1325 2280 1544 2345 ἑαυτοῦ,
1574 2297 1599 2331 ι
1628 2279 1772 2333 Πλυ-

186 2381 272 2449 νεῖ
291 2380 350 2433 ἐν
369 2378 497 2448 οἴνῳ
514 2379 614 2449 τὴν
637 2377 827 2448 στολὴν
855 2375 1044 2442 αὑτοῦ,
1079 2395 1101 2427 ιΔ
1129 2375 1370 2446 δηλονότι
1392 2376 1419 2428 ό
1436 2373 1773 2443 ἀναθεματί-

190 2472 299 2536 ζων
338 2472 433 2525 τὸν
474 2471 705 2538 λέγοντα
736 2469 995 2539 θεοφόρον
1033 2466 1320 2539 ἄνθρωπον
1366 2467 1455 2520 τὸν
1516 2465 1771 2536 Χριστὸν,

191 2562 300 2630 πρὸ
329 2560 423 2613 τοῦ
449 2559 704 2626 λέγοντος
750 2558 841 2613 τὸν
872 2559 1143 2629 φοροῦντα
1169 2557 1582 2627 ἀναθεματίζει.
1631 2557 1773 2611 Ἀλλ’

190 2654 351 2723 είπερ
381 2654 414 2721 ἡ
451 2652 612 2721 στολὴ
648 2651 741 2705 τοῦ
777 2652 951 2720 Λόγου
999 2653 1148 2705 ἐστὶν
1190 2652 1224 2721 ἡ
1262 2650 1420 2721 σὰρξ,
1447 2651 1475 2704 ό
1517 2649 1573 2703 δὲ
1603 2650 1778 2718 Λόγος

192 2745 348 2809 Θεὸς,
382 2747 416 2817 ἡ
443 2745 501 2798 δὲ
528 2743 666 2815 σάρξ
698 2746 845 2797 ἐστιν
902 2745 931 2797 ό
982 2743 1291 2814 ἄνθρωπος,
1338 2742 1460 2796 θεὸν
1486 2743 1775 2814 ἀνθρωπο-

194 2839 359 2909 φόρον
380 2838 672 2892 ἀκόλουθον
704 2838 906 2907 μᾶλλον
938 2838 1115 2891 εἰπεῖν
1141 2837 1234 2890 ἐπὶ
1258 2835 1495 2907 Χριστοῦ
1518 2851 1530 2864 ·
1563 2836 1689 2891 τοὺς
1720 2834 1779 2887 δὲ

195 2928 526 2991 ἀποστόλους
559 2927 723 2980 αὐτοῦ
756 2925 1153 2996 ὲνδυσαμένους
1203 2924 1432 2993 δύναμιν
1485 2924 1543 2989 ἐξ
1608 2921 1779 2991 ὕψους

197 3023 517 3087 ἐπελθόντος
544 3024 730 3087 αὐτοῖς
768 3021 865 3075 τοῦ
909 3019 1065 3090 ἁγίου
1095 3020 1413 3090 Πνεύματος
1467 3018 1561 3074 τοῦ
1610 3017 1775 3072 θεοῦ·

195 3113 421 3178 τούτους
449 3114 595 3177 είκὸς
644 3115 738 3168 καὶ
764 3112 892 3176 τοὺς
930 3111 1207 3173 τοιούτους
1240 3110 1541 3180 θεοφόρους
1571 3108 1779 3172 καλεῖν,

199 3207 286 3262 ἵνα
322 3209 385 3260 τὸ
420 3208 712 3277 ἐπίκτητον
758 3207 824 3277 τῇ
877 3202 1173 3258 ὑποστάσει
1230 3203 1297 3272 τῇ
1338 3201 1677 3272 ἀνθρωπίνῃ,
1746 3201 1780 3271 ὴ

201 3302 320 3357 θεία
371 3301 534 3371 φύσις
577 3301 777 3372 νοηθῇ·
813 3301 871 3353 ὲν
904 3299 961 3353 δὲ
1010 3299 1090 3370 τῷ
1149 3297 1361 3366 Κυρίῳ,
1407 3295 1679 3349 ἀνάπαλιν
1709 3296 1771 3347 τὸ

202 3398 493 3466 ἐπίκτητον
529 3398 594 3466 τῇ
628 3396 748 3464 θείᾳ
775 3392 1093 3458 ὑποστάσει,
1130 3392 1165 3462 ἡ
1202 3389 1362 3459 φύσις
1396 3390 1433 3459 ἡ
1461 3386 1779 3457 ἀνθρωπίνη

201 3492 433 3563 δοξασθῇ
459 3508 473 3522 ·
506 3491 670 3553 αὐτὸς
703 3490 811 3559 γὰρ
825 3487 1122 3542 ’ἐνεδύσατο
1144 3486 1206 3539 τὸ
1232 3485 1333 3554 τῆς
1372 3481 1647 3553 ἡμετέρας
1683 3478 1785 3548 φύ-

205 3604 361 3651 σεως.
389 3588 417 3639 6
448 3585 675 3647 ὲνδύσας
705 3584 852 3653 ἡμᾶς
869 3582 1099 3644 πάντας.
1124 3581 1186 3634 τὸ
1207 3579 1305 3651 τῆς
1339 3575 1539 3633 ἑαυτοῦ
1566 3573 1783 3645 φύσεως

206 3678 386 3749 σάρκα
405 3677 586 3733 λαϐὼν
617 3677 712 3731 καὶ
732 3676 856 3739 δοὺς
888 3672 1137 3743 Πνεῦμα.

816 3788 1064 3843 ΚΕΦΛΛ.
1095 3786 1169 3841 Β¹ι

279 3886 374 3951 Τὸ,
395 3886 526 3949 Θεὸς
555 3880 623 3957 ἦν
653 3886 712 3937 ὲν
740 3882 821 3953 τῷ
849 3881 985 3953 Υίῷ,
1019 3879 1159 3934 κατὰ
1195 3879 1258 3933 τὸ
1277 3876 1565 3949 εἰρημένον
1595 3879 1669 3950 μὴ
1698 3879 1786 3931 τὸν

207 3982 380 4051 Λόγον
408 3980 589 4048 λέγειν
620 3974 758 4032 εἶναι
796 3976 855 4030 ὲν
885 3972 1179 4044 ἀνθρώπῳ,
1219 3972 1293 4035 ὡς
1339 3972 1369 4024 6
1399 3971 1586 4042 φορῶν
1619 3972 1676 4023 ὲν
1710 3971 1788 4040 τῷ

210 4072 533 4145 φορουμένῳ
552 4088 563 4100 ·
596 4070 705 4123 οὐδ’
736 4067 910 4126 ἄλλως
942 4067 1051 4138 ἄρα
1074 4063 1299 4118 δύναται
1333 4064 1362 4116 6
1397 4062 1531 4128 Θεὸς
1564 4060 1704 4117 εἶναι
1731 4066 1789 4116 ἐν

208 4165 286 4235 τῷ
318 4162 559 4236 Χριστῷ.
590 4163 653 4216 Εἰ
682 4160 775 4214 οὖν
803 4159 976 4223 οὕτως
1000 4158 1308 4230 ἀδιαφόρως
1340 4156 1415 4222 ὡς
1444 4158 1474 4210 6
1528 4155 1711 4228 φορῶν
1732 4158 1789 4209 ὲν

209 4257 289 4327 τῷ
314 4255 656 4327 φορουμένη),
678 4254 736 4305 ὲν
761 4249 983 4322 Χριστῷ
1004 4244 1071 4320 ἦν
1095 4248 1248 4314 Θεὸς,
1268 4248 1409 4303 κατὰ
1434 4247 1794 4318 περιορισμὸν

211 4349 322 4417 ἄρα
354 4347 448 4401 καὶ
501 4344 797 4415 περίληψιν
832 4341 928 4396 καὶ
975 4340 1185 4410 σκέπην
1216 4338 1312 4393 καὶ
1342 4338 1609 4409 κάλυμμά
1644 4339 1792 4391 ἐστιν

214 4442 243 4493 6
264 4437 435 4504 Λόγος
465 4437 523 4489 ὲν
563 4438 632 4505 τῇ
666 4433 829 4504 σαρκί
855 4448 869 4463 ο
898 4434 1097 4502 τοπικῇ
1131 4447 1192 4484 τε
1224 4429 1528 4501 παραθέσει
1558 4429 1793 4500 πέρατος

215 4529 448 4599 θατέρου
492 4526 628 4598 πρὸς
659 4525 886 4596 θάτερον
932 4524 1139 4594 ἥνωται
1177 4521 1453 4594 ἀλλήλοις.
1489 4522 1584 4575 καὶ
1624 4516 1736 4576 οἷον
1766 4522 1794 4575 6

216 4620 397 4692 φλοιὸς
426 4619 453 4689 ῆ
482 4618 543 4671 τὸ
572 4615 795 4687 ἔλυτρόν
849 4617 971 4668 ἔστι
992 4613 1267 4685 περίθεμα
1319 4611 1756 4683 τοῦνάμυγδάλου
1777 4630 1790 4645 ·

216 4714 327 4785 ἄρα
354 4712 444 4767 οὖν
474 4711 567 4766 καὶ
602 4708 1011 4780 περιγράφεται
1029 4708 1095 4777 τῇ
1120 4705 1283 4776 σαρκὶ
1313 4704 1346 4777 ἢ
1382 4706 1492 4768 πᾶς
1511 4704 1545 4776 ἢ
1562 4704 1705 4760 κατὰ
1731 4706 1794 4760 τὸ

1798 2102 1845 2157 Β

2381 2098 2608 2156 CAPUT
2668 2097 2960 2156 PRIMUM.

1942 2192 2000 2250 Si
2043 2193 2238 2248 stolam
2274 2190 2443 2246 habet
2490 2192 2729 2247 Verbum
2779 2206 3028 2257 carnem,
3069 2191 3214 2248 sicut
3241 2193 3451 2250 dictum

1872 2293 1959 2339 est
1998 2284 2050 2338 ei
2090 2283 2144 2338 in
2190 2283 2542 2338 sermonibus
2572 2283 2641 2337 de
2678 2283 2792 2349 illo,
2831 2284 2977 2338 lavat
3008 2283 3063 2339 in
3093 2285 3225 2341 vino
3255 2286 3453 2341 stolam

1873 2391 2053 2441 suam,
2131 2374 2424 2430 evidenter
2467 2415 2482 2440 ,
2543 2374 2635 2445 qui
2702 2375 3131 2433 anathematizat
3177 2376 3452 2433 dicentem

1875 2467 2265 2537 Theophorum
2302 2482 2432 2522 esse
2457 2466 2738 2522 hominem
2764 2467 2888 2521 loco
2918 2468 3157 2523 dicentis
3183 2467 3453 2525 ferentem

1875 2561 2320 2617 anathematizat.
2372 2559 2479 2616 Sed
2508 2560 2553 2614 si
2586 2559 2725 2615 stola
2778 2557 2949 2614 Verbi
3005 2569 3092 2614 est
3122 2575 3273 2623 caro,
3322 2561 3458 2616 Ver-

1877 2651 2010 2708 bum
2057 2659 2240 2707 autem
2289 2652 2456 2716 Deus,
2495 2666 2629 2707 caro
2670 2659 2754 2705 est
2806 2650 2993 2714 homo,
3053 2652 3224 2706 Deum
3274 2653 3459 2722 potius

1879 2741 2178 2798 dicendum
2218 2742 2274 2798 in
2298 2742 2517 2799 Christo
2543 2740 3055 2812 autbropophorum
3107 2753 3455 2813 sequentem,

1878 2834 2161 2904 apostolos
2223 2849 2357 2889 vero
2406 2835 2528 2905 ejus
2593 2834 2852 2891 inductos
2898 2834 3105 2891 virtute
3149 2852 3216 2890 ex
3262 2838 3375 2890 alto
3414 2833 3462 2903 ι,

1880 2925 2307 2994 superveniente
2359 2924 2415 2977 in
2471 2939 2568 2979 eos
2619 2924 2831 2994 Spiritu
2915 2934 3110 2980 sancto
3178 2925 3293 2980 Dei.
3352 2924 3463 2980 Hos

1882 3025 2032 3070 recte
2076 3024 2135 3070 et
2182 3014 2390 3070 similes
2443 3015 2630 3070 vocari
2675 3015 3062 3084 Theophoros,
3109 3024 3169 3070 ut
3214 3016 3459 3071 alienum

1884 3107 2135 3165 humanae
2178 3106 2907 3179 hypostasi,natura-divina
2945 3106 3369 3178 intelligeretur,
3406 3106 3463 3161 in

1883 3200 2120 3255 Domino
2170 3215 2325 3265 vero,
2358 3214 2390 3254 e
2425 3200 2707 3254 contrario
2744 3199 2893 3269 quod
2940 3199 3183 3255 alienum
3214 3206 3300 3253 est
3324 3214 3355 3252 a
3382 3196 3464 3252 di-

1882 3293 2010 3349 vina
2035 3294 2315 3367 hypostasi
2354 3300 2555 3347 natura
2580 3293 2820 3347 humana
2857 3289 3283 3363 gloriﬁcaretur.
3326 3288 3464 3343 Nam

1887 3386 2004 3456 ipse
2042 3386 2225 3441 induit
2266 3395 2515 3441 nostram
2563 3393 2843 3450 naturam,
2873 3384 2968 3455 qui
3007 3382 3190 3440 induit
3218 3397 3318 3437 nos
3343 3396 3467 3436 om-

1866 3492 2007 3559 ‘nes,
2044 3493 2333 3535 assumens
2362 3493 2587 3537 carnem
2636 3493 2751 3535 suae
2803 3485 3017 3534 naturae
3066 3484 3124 3532 et
3165 3478 3304 3534 dans
3342 3472 3468 3543 Spi-

1886 3568 2085 3629 ritum.

2536 3775 2689 3831 CAP.
2743 3775 2813 3831 ll.

1958 3865 2103 3920 Deus
2138 3876 2258 3920 erat
2288 3864 2344 3919 in
2368 3864 2507 3920 Filio
2540 3865 2850 3921 secundum
2902 3867 3111 3927 dictum
3143 3880 3205 3935 ω,
3241 3885 3351 3925 non
3380 3870 3470 3926 di-

1888 3972 2013 4013 cere
2047 3956 2291 4011 Verbum
2323 3971 2446 4012 esse
2479 3956 2536 4011 in
2565 3957 2790 4013 homine
2815 3966 2875 4013 ut
2905 3958 3089 4015 ferens
3118 3959 3174 4015 in
3205 3960 3338 4025 lato,
3368 3976 3474 4017 nec

1889 4047 2050 4102 aliter
2088 4061 2223 4102 vero
2255 4052 2438 4116 potest
2469 4045 2617 4101 Deus
2640 4060 2763 4102 esse
2792 4045 2850 4100 in
2877 4045 3124 4101 Christo.
3150 4044 3207 4103 Si
3232 4061 3367 4103 vero
3395 4048 3472 4103 ita

1891 4141 2010 4196 sine
2037 4139 2353 4196 dill‘erentia
2384 4146 2447 4194 ut
2473 4138 2657 4195 ferens
2682 4138 2737 4194 in
2760 4139 2871 4196 lato
2905 4141 3053 4197 Deus
3078 4149 3199 4197 erat
3230 4140 3289 4196 in
3315 4140 3475 4197 Chri-

1892 4240 2001 4298 sto,
2038 4230 2343 4287 secundum
2360 4229 2566 4287 limites
2584 4244 2718 4301 ergo
2737 4236 2794 4285 et
2819 4230 3374 4300 comprehensionem
3416 4239 3475 4288 et

1896 4330 2272 4396 tegumentum
2302 4330 2359 4378 et
2380 4320 2564 4377 velum
2596 4329 2654 4375 et
2681 4308 2924 4376 Verbum
2965 4320 3021 4375 in
3068 4336 3256 4378 carne.
3287 4322 3473 4378 Locali

1894 4415 2261 4487 appositione,
2292 4420 2541 4471 extrema
2572 4428 2702 4485 pars
2719 4413 2887 4469 unius
2916 4413 3105 4468 unitur
3127 4429 3253 4469 cum
3279 4414 3474 4480 altera,

1896 4508 2062 4579 quale
2090 4505 2276 4579 pellis,
2319 4503 2407 4560 vel
2467 4503 2752 4559 indusium
2787 4510 2872 4559 est
2924 4504 3145 4559 clotura
3178 4492 3478 4577 amygdalae

1896 4606 1953 4654 et
1988 4597 2216 4669 quidem
2266 4594 2512 4652 Verbum
2571 4595 2844 4651 limitator
2889 4610 3170 4666 carneque
3217 4595 3334 4651 sola
3388 4596 3475 4652 vel

1901 4691 2143 4747 maxima
2196 4705 2325 4762 pars
2349 4690 2494 4762 ejus,
2516 4688 2702 4746 adhuc
2730 4694 2915 4746 autem
2944 4688 3027 4744 sic
3064 4704 3198 4768 .non
3235 4688 3305 4744 ad
3360 4702 3480 4744 mao

218 4774 469 4861 πλεῖστον
484 4802 647 4858 αὑτοῦ
730 4774 903 4869 Λόγος
922 4817 936 4833 ο
958 4798 1039 4853 ἔτι
1061 4774 1167 4871 ιξιὴν
1190 4774 1364 4861 οὕτως
1390 4800 1490 4853 οὐκ
1503 4774 1583 4863 είς
1604 4799 1667 4853 τὸ
1690 4815 1786 4868 φα-

1902 4782 2277 4840 nifestandum
2309 4779 2554 4840 Verbum
2577 4781 2807 4847 mundo,
2866 4780 2966 4838 sed
3013 4779 3082 4836 ad
3139 4780 3482 4837 absconden-

218 4897 520 4969 νερωθῆναι
545 4892 622 4964 τῷ
652 4892 847 4963 κόσμῳ,
865 4891 955 4946 τὸν
979 4892 1172 4961 Λόγον,
1196 4892 1311 4947 ἀλλ’
1342 4892 1422 4954 είς
1443 4892 1506 4944 τὸ
1535 4890 1795 4944 ἐπικαλυ-

220 4989 441 5061 φθῆναι,
487 4988 582 5043 καὶ
609 4987 684 5057 μὴ
710 4983 1105 5055 γεγυμνῶσθαι
1149 4984 1287 5055 πρὸς
1332 4981 1665 5053 κατανόησιν
1686 4999 1797 5035 τινι

220 5079 372 5133 ἔσται
421 5077 710 5143 ἐπινοήσας
745 5070 925 5143 ἑαυτῷ
989 5071 1087 5142 τὴν
1140 5072 1452 5144 σάρκωσιν*
1514 5072 1689 5136 ἄλλως
1740 5071 1796 5125 δὲ

221 5168 385 5238 σῶμα
414 5167 508 5222 καὶ
539 5165 646 5236 πρὸ
678 5163 880 5234 σαρκὸς
909 5166 1083 5217 νοοῖτο
1128 5164 1195 5217 ἂν
1224 5166 1252 5218 ό
1302 5164 1493 5232 Λόγος,
1526 5166 1574 5218 εί
1624 5163 1799 5227 οὕτως

222 5256 336 5327 ἔχει
367 5255 691 5325 ἐπιφάνειαν
710 5266 725 5283 ⁸
759 5251 847 5306 (va
897 5251 954 5304 δὲ
1001 5251 1177 5305 πάντα
1206 5249 1332 5321 δοθῇ
1358 5251 1489 5322 ἡμῖν
1511 5249 1694 5318 λέγειν
1731 5249 1802 5302 τὰ

1900 4878 2056 4944 dum,
2092 4888 2149 4933 et
2181 4892 2293 4932 non
2322 4874 2724 4930 denudandum
2760 4873 2893 4928 olim
2919 4872 2988 4927 ad
3037 4871 3479 4942 intelligentiam,

1900 4971 2011 5026 erit
2039 4969 2106 5024 ad
2144 4966 2520 5024 inventionem
2552 4980 2668 5019 suae
2687 4961 3108 5027 incarnationis,
3154 4961 3314 5016 aliter
3350 4975 3480 5017 cor-

1902 5072 2006 5133 pus
2033 5068 2089 5117 et
2120 5060 2242 5115 loco
2269 5057 2453 5113 carnis
2494 5055 2898 5128 intelligeretur
2930 5051 3197 5116 Verbum,
3242 5052 3289 5107 si
3314 5052 3478 5108 talem

1904 5153 2074 5209 habet
2128 5148 2657 5214 manifestationem,
2689 5156 2749 5203 ut
2771 5146 3000 5203 omnino
3035 5145 3265 5203 daretur
3313 5144 3484 5200 nobis

1904 5244 2128 5303 dicendi
2167 5241 2635 5307 inconvenientia,
2662 5248 2719 5297 et
2748 5238 2828 5295 sic
2850 5254 2960 5294 non
2975 5237 3362 5308 Theophorus,
3387 5236 3485 5292 sed

221 5350 421 5412 ἄτοπα,
454 5348 548 5400 καὶ
573 5344 748 5409 οὕτως
797 5344 858 5398 οὐ
891 5343 1172 5414 θεοφόρος,
1218 5342 1333 5397 ἀλλ’
1363 5341 1397 5413 ἢ
1440 5340 1786 5414 ἀνθρωποφό·

1893 5338 2359 5410 ιῐιιιιιυοροριιοιθυε
2400 5342 2486 5391 est
2523 5350 2592 5390 ex
2641 5334 2753 5390 Deo
2779 5333 2945 5390 Deus.
2978 5331 3076 5389 Vel
3131 5332 3177 5388 si
3230 5328 3487 5387 Christus

228 5458 319 5513 ρος
354 5443 383 5494 6
407 5441 475 5493 ἐκ
526 5437 662 5493 Θεοῦ
715 5438 877 5501 Θεός·
915 5436 948 5509 ἢ
1003 5436 1050 5488 εί
1081 5435 1317 5508 Χριστὸς
1359 5435 1523 5499 αὐτὸς
1551 5436 1579 5487 6
1604 5434 1804 5507 φορού-

229 5549 390 5605 μενος
445 5527 515 5603 ἦν
565 5532 684 5585 καθ’
717 5531 861 5601 ὑμᾶς
898 5531 927 5585 6
974 5530 1069 5584 καὶ
1108 5528 1386 5602 θεοφόρος,
1415 5527 1509 5582 δύο
1544 5527 1689 5592 θεοῖς
1714 5544 1806 5597 με-

227 5620 629 5695 σάζειΧριστός
649 5640 662 5654 ·
694 5623 775 5677 ἐνὶ
802 5623 880 5693 τῷ
900 5621 1047 5675 ἔνδον
1076 5620 1241 5676 αὑτοῦ
1278 5619 1632 5693 χωρουμένῳ,
1668 5618 1803 5673 διότι

313 5756 337 5802 ι
364 5761 486 5818 Act.
516 5776 553 5827 ι,
588 5761 642 5816 8.
720 5772 758 5801 ω
783 5760 825 5816 11
856 5759 981 5815 Cor.
1024 5776 1078 5828 ν,
1117 5758 1199 5812 19.
1294 5834 1297 5837 _

1909 5438 2029 5509 ipse
2060 5436 2207 5492 latus
2225 5442 2346 5491 erat
2372 5431 2678 5490 secundum
2702 5443 2800 5485 vos
2829 5427 2926 5499 qui
2977 5436 3034 5483 et
3064 5423 3482 5496 vaeo-phorus,

1911 5528 2135 5585 duobus
2165 5527 2274 5583 diis
2314 5526 2591 5598 particeps
2624 5530 2708 5580 est
2735 5520 2991 5578 Christus
3017 5519 3112 5575 uni
3167 5517 3389 5574 interim
3427 5530 3489 5577 se

1912 5617 2252 5682 extendenti,
2282 5614 2406 5671 ideo
2440 5614 2590 5670 Deus
2612 5623 2731 5670 erat
2754 5612 2809 5668 in
2834 5610 3081 5677 Christo,
3106 5619 3164 5666 et
3208 5606 3369 5666 alteri
3398 5622 3491 5663 ex-
