3908 6306
459 297 603 364 1³159
1729 299 2036 363 LEONTII
2077 300 2482 362 BYZANTIN‘I
3629 304 3764 368 Ῑῖὓθ

454 407 803 464 sanctissima
851 406 1122 464 Trinitate
1145 421 1367 478 passum
1395 421 1516 463 esse
1551 408 1756 464 carne?
1805 407 1863 464 Si
1891 409 1997 464 enin

2230 407 2400 462 .Oévat
2432 407 2628 480 σαρκίς
2664 409 2726 463 Ei
2754 407 2862 481 γὰρ
2887 410 2949 464 οὑ
2976 411 3122 484 τρεῖς
3147 411 3333 480 θεοὺς,
3367 413 3504 470 ἀλλ’
3527 415 3773 473 ὑποστεί-

453 513 564 554 non
589 507 702 553 tres
728 498 882 563 deos,
925 497 1020 553 sed
1077 513 1339 568 personas
1383 497 1590 562 dicitis,
1633 505 1996 568 consequente

2214 515 2255 562 ις
2283 500 2441 568 φατὲ,
2470 501 2766 555 ἀκόλουθον
2794 501 2866 556 ἓν
2889 502 3091 571 λέγειν,
3116 503 3150 574 i‘,
3175 506 3337 574 μίαν
3365 510 3482 577 τῆς
3506 509 3757 580 τριάδοτ,

451 589 750 646 dicendum
803 599 889 645 est
930 605 1098 645 unum
1153 591 1239 644 vel
1272 607 1382 644 una
1433 589 1502 644 de
1541 589 1829 654 Trinitate,
1855 597 1994 644 allen

2220 591 2462 662 ορῶντας
2497 591 2636 663 πρὸς
2667 591 2765 663 τὴν
2792 593 3095 649 ὑπόστασιν
3126 596 3159 665 ἦ
3190 597 3254 650 τὸ
3287 599 3644 668 πρόσωπον,
3675 602 3763 655 καὶ

451 682 634 739 dendo
667 683 736 738 ad
770 697 1057 753 personam
1103 683 1189 736 vel
1223 681 1290 736 ad
1336 682 1700 752 suppositum,
1749 695 1860 736 non
1907 695 1994 735 vel

2242 683 2356 736 ἕνα
2380 700 2394 714 ·
2448 683 2584 754 πρὸς
2617 683 2778 748 θεοὺς
2802 683 2914 755 γὰρ
2947 685 2978 755 ἢ
3012 686 3260 756 πατέρας
3297 688 3336 758 ἢ
3371 690 3572 754 υἱοὺς,
3613 693 3767 745 τοῦτο

453 790 589 828 unus
624 789 643 827 :
676 775 744 828 ad
773 774 906 828 deos
937 775 1118 840 enim,
1152 773 1267 829 sive
1309 782 1519 844 patres,
1559 774 1674 828 sive
1698 771 1842 828 ﬁlios
1869 772 1996 828 refe]

2218 774 2449 829 οδίδοται
2491 775 2800 846 ἀρρενικῶς
2837 777 3128 847 λεγόμενον
3158 795 3175 808 ·
3233 779 3380 834 διότι
3433 783 3576 836 οὐδὲ
3611 783 3761 837 ἇὶὲσν

456 875 548 921 tur
571 867 676 920 hoc
707 879 906 921 nomen
952 866 1258 922 masculine
1287 874 1567 936 sumptum
1605 881 1812 937 :quare
1846 873 1999 922 contr

2218 869 2236 920 i.
2297 867 2456 922 ἄλλον
2512 868 2964 940 ἀπαρατηρήτως
3027 872 3094 942 τῇ
3149 871 3358 942 χρήσει
3418 871 3628 942 λέγειν
3677 877 3761 929 τὶν

454 972 664 1011 morem
724 957 908 1013 dicere
959 973 1070 1013 non
1108 957 1323 1013 audetis
1375 958 1542 1012 alium
1581 964 1638 1013 et
1696 958 1865 1012 alium
1919 971 1997 1013 es:

2213 959 2377 1014 ηρστδν
2428 958 2488 1013 ὃν
2534 959 2883 1028 ὁμολογεῖτε,
2941 960 3072 1014 ἄλλο
3121 963 3212 1015 καὶ
3251 962 3416 1029 ἄλλο,
3464 967 3756 1036 ἀνέχεσθε.

454 1047 756 1114 Christum,
787 1064 949 1118 quem
973 1063 1095 1104 esse
1123 1048 1271 1104 aliud
1295 1058 1352 1104 et
1381 1048 1527 1103 aliud
1548 1049 1913 1108 conﬁtemini.

2212 1050 2468 1122 ιυμαστδν
2495 1051 2644 1115 ὅπως
2673 1052 2734 1104 ὲν
2758 1045 2849 1115 αἷς
2878 1051 3040 1122 ὑμεῖς
3067 1052 3146 1116 ὡς
3169 1055 3416 1120 οἰκείαις
3446 1057 3755 1128 προήλθετε

524 1139 692 1194 Miror
721 1141 1002 1210 quomodo
1042 1142 1096 1196 in
1125 1157 1265 1212 quos
1309 1150 1566 1212 tanquam
1594 1143 1750 1197 vobis
1788 1141 2046 1212 proprios

2212 1140 2318 1205 Ξαις
2369 1139 2458 1194 ὅτε
2505 1141 2572 1196 τὰ
2615 1141 2746 1212 περὶ
2778 1141 3130 1206 ὑποστάσεως
3161 1143 3259 1196 τοῦ
3297 1147 3530 1215 Κυρίου
3563 1148 3755 1216 ἐξητᾶ-

457 1231 729 1288 incidistis
755 1233 970 1286 Domini
994 1233 1328 1304 bypostasim
1361 1233 1680 1300 scrutando,
1704 1235 1758 1288 in
1791 1235 1912 1290 istis
1939 1250 2000 1290 ne

2206 1249 2264 1284 τε
2289 1271 2305 1297 ,
2357 1232 2417 1284 ἐν
2464 1228 2692 1294 ταύταις
2723 1229 2821 1283 νῦν
2853 1231 3001 1300 ἡμᾶς
3033 1229 3224 1302 ὥσπερ
3253 1233 3622 1296 ἀσεϐοῦντας
3649 1235 3749 1288 52t-

457 1319 738 1374 erroribus
772 1319 960 1390 impiis
986 1321 1144 1390 quasi
1172 1337 1320 1376 nunc
1341 1329 1585 1376 versatos
1615 1321 1905 1378 ostendere
1937 1323 2000 1377 im

2216 1321 2325 1377 ύειν
2357 1321 2696 1392 βουλόμενοι,
2727 1322 2830 1376 οὑκ
2855 1322 3228 1394 ἠρυθριάσατε
3248 1341 3266 1354 ι
3326 1323 3523 1388 ibisci;
3551 1343 3618 1380 τε
3649 1327 3759 1398 γὰρ

465 1411 742 1482 pudenter
771 1411 1091 1465 moliamini.
1133 1411 1244 1466 Vos
1287 1412 1435 1466 enim
1489 1421 1602 1466 tres
1653 1411 1943 1468 distinctas
1982 1415 2008 1468 i1

2204 1414 2237 1466 ιὶ
2283 1415 2434 1484 τρεῖς
2473 1413 2574 1476 τὰς
2606 1413 2794 1476 οὐσίας
2825 1413 2926 1483 τῆξ
2952 1414 3121 1482 ἁγίας
3145 1413 3392 1483 Τριάδος
3421 1415 3599 1486 ὑμεῖς
3627 1417 3747 1470 ἑδώ-

457 1503 803 1558 sanctissima
844 1503 1112 1558 Trinitate
1153 1503 1454 1560 admisistis
1513 1505 1868 1572 substantias,
1909 1522 2000 1576 qut

2208 1519 2280 1556 ιτε
2299 1517 2316 1533 ·
2366 1495 2441 1557 ὧν
2477 1503 2609 1572 μίαν
2639 1497 2780 1555 εἶναι
2815 1501 2916 1573 τὴν
2941 1502 3245 1573 λεγομένην
3270 1505 3751 1576 ιιξνιινθριπωτῆσιιι⁸

458 1609 582 1648 rum
607 1609 714 1648 una
745 1609 808 1649 ea
823 1601 908 1649 est
933 1610 1054 1664 qua:
1075 1596 1354 1654 incarnata
1372 1611 1494 1652 esse
1525 1597 1730 1652 dicitur
1765 1617 1779 1652 :
1817 1607 1874 1654 et
1907 1615 2001 1655 con

2210 1594 2238 1648 1
2266 1593 2427 1648 τοῦτο
2455 1591 2594 1647 εἶναι
2623 1594 2923 1648 ὑπόστασιν
2953 1593 3172 1662 ἐλέγετε
3205 1595 3405 1666 μόνον,
3445 1597 3555 1666 τὴν
3585 1597 3753 1667 ἔδεκῇ

459 1685 768 1741 tendebatis
798 1687 1138 1758 hypostasim
1169 1689 1307 1742 nihil
1345 1689 1493 1750 aliud
1539 1705 1660 1746 esse
1692 1705 1854 1759 quam
1898 1691 2002 1746 indi

2213 1685 2362 1740 σίαν*
2401 1685 2542 1759 πλὴν
2571 1687 2632 1739 οὑ
2665 1684 2772 1756 γὰρ
2803 1687 2860 1740 ὲν
2883 1684 3058 1756 τούτῳ
3089 1682 3202 1739 εἷεν
3233 1687 3307 1739 ἂν
3335 1687 3634 1758 aedos-gat
3663 1689 3749 1742 τοῦ

457 1778 680 1834 viduam
709 1779 1096 1836 substantiam.
1123 1781 1394 1836 Prtetcrca
1425 1781 1554 1853 (non
1591 1783 1738 1838 enim
1779 1783 1902 1838 ideo
1921 1785 2000 1840 cri

2211 1778 2491 1848 κλήματος
2511 1817 2526 1838 ,
2575 1779 2624 1831 εί
2656 1777 2787 1841 τοὺς
2814 1777 3262 1848 κατηγοροῦντας
3291 1778 3488 1849 ἔχοιεν
3519 1782 3748 1844 ἑαυτοῖς.

460 1870 630 1924 minis
688 1871 963 1927 immunes
1022 1880 1151 1926 sunt
1205 1875 1447 1929 accusati
1495 1874 1642 1944 quod
1685 1883 2003 1930 accusatore

2208 1869 2648 1940 ιναμαρτήμονας
2676 1870 2727 1922 οἱ
2754 1868 3252 1938 κατηγορούμενον
3282 1871 3460 1924 τοῦτο
3483 1871 3592 1941 μὲν
3611 1873 3751 1942 ἀφεί-

459 1961 700 2018 habeant
735 1963 989 2018 conscios
1023 1981 1042 2017 τ
1067 1963 1172 2019 hoc
1205 1965 1425 2034 quidem
1465 1965 1624 2020 vobis
1672 1966 2002 2020 contionetur

2215 1980 2259 2016 ω
2307 1963 2436 2032 ὑμῖν
2463 1977 2478 1991 ·
2535 1963 2631 2015 καὶ
2684 1962 2815 2032 περὶ
2842 1961 3008 2016 τῶνδε
3037 1961 3106 2032 δὴ
3144 1961 3275 2016 τάδε
3306 1961 3506 2031 λέγειν
3539 1964 3755 2034 ἔχοιμεν

459 2054 528 2110 ad
567 2071 629 2110 ea
662 2071 784 2126 quae
827 2073 926 2112 vos
967 2057 1132 2112 nobis
1159 2059 1504 2127 exprobratis
1527 2059 1862 2130 respondere
1890 2077 2002 2114 nun

2206 2052 2282 2115 πδς
2312 2053 2458 2122 ὑμᾶς
2490 2052 2588 2106 καὶ
2615 2050 2711 2107 νῦν
2735 2068 2748 2082 ·
2801 2051 2878 2116 ὡς
2906 2051 2969 2104 οὑ
2999 2051 3161 2122 μόνον
3188 2054 3380 2126 ταύτῃ
3407 2057 3480 2125 τῇ
3513 2055 3612 2109 τοῦ
3637 2056 3749 2126 ἀμ-

461 2161 750 2215 possemus
781 2163 794 2200 :
822 2148 940 2202 Non
964 2149 1141 2203 solum
1183 2149 1448 2214 Verbum,
1489 2150 1595 2206 hac
1626 2151 1905 2207 locutione
1937 2168 2004 2206 nu

2212 2139 2286 2194 ιοῦ
2307 2143 2615 2213 σημαντικῇ
2635 2141 3177 2213 προσαγορευόμενον
3193 2144 3462 2216 σημασίᾳ
3478 2145 3574 2199 τὸν
3583 2147 3755 2214 Λόγου

460 2251 674 2290 merum
729 2237 1031 2291 masculine
1085 2239 1430 2307 exprimente
1464 2279 1480 2304 ,
1526 2255 1725 2310 nempe
1791 2257 1928 2296 unus
1975 2243 2003 2294 α

2204 2231 2454 2304 δρενικῶς
2507 2231 2603 2286 ἕνα
2643 2232 2948 2302 φάσκοντες
2979 2233 3082 2304 τῆς
3112 2233 3280 2300 ἁγίας
3305 2235 3592 2305 Τριὰδος,
3623 2237 3747 2290 Getis

459 2327 800 2382 sanctissima
841 2328 1102 2384 Trinitate
1133 2329 1504 2400 designatum,
1559 2331 1798 2388 dicimus
1830 2333 2002 2387 Deum

2204 2340 2352 2394 ιμεν,
2378 2322 2516 2377 ἀλλὰ
2542 2325 2638 2378 καὶ
2663 2323 2826 2377 αὑτὸν
2851 2323 3075 2395 Πατέρα
3103 2325 3200 2378 καὶ
3227 2325 3292 2377 τὺ
3317 2325 3490 2394 ἅγιον
3507 2326 3747 2397 Πνεζμα,

462 2416 558 2471 sed
595 2417 763 2472 etiam
819 2419 1034 2475 Patrem
1056 2429 1112 2476 et
1156 2421 1424 2490 Spiritum
1457 2432 1705 2479 sanctum
1737 2425 2004 2480 masculin

2202 2416 2280 2468 εὸν
2327 2415 2638 2487 ἀρρενικῶς
2680 2414 2946 2484 λέγομεν·
3005 2416 3102 2469 καὶ
3149 2418 3216 2469 οὑ
3263 2417 3366 2473 διὰ
3401 2418 3568 2472 τοῦτο
3609 2422 3745 2486 τρεῖς

461 2507 632 2563 Deum
665 2525 924 2566 vocamus
955 2529 968 2564 :
1005 2526 1110 2566 nec
1155 2511 1282 2566 ideo
1309 2528 1406 2569 eos
1439 2522 1552 2566 tres
1575 2529 1697 2568 esse
1723 2515 1859 2570 deos
1889 2515 2004 2570 arbi

2202 2507 2307 2570 εοὺς
2349 2509 2511 2576 ἡμεῖς
2539 2505 2714 2560 ταῦτα
2742 2505 3000 2578 οἰόμεθα.
3029 2507 3164 2561 οὑδὲ
3186 2507 3304 2579 γὰρ
3335 2511 3391 2563 oi
3417 2511 3564 2565 ὅσιοι
3587 2511 3745 2564 Πατέ-

462 2607 694 2653 tramur.
728 2601 944 2654 Etenim
987 2617 1168 2671 neque
1197 2603 1372 2658 sancti
1413 2603 1602 2658 Patres
1629 2604 1831 2670 nostri,
1859 2620 2004 2675 nequ

2198 2615 2242 2662 ες
2270 2598 2429 2668 ἡμῶν
2461 2596 2587 2651 οὕτε
2617 2599 2652 2670 ἠ
2682 2598 2814 2666 ἁγία
2845 2597 3062 2670 Γραφὴ,
3098 2599 3252 2653 ἐστιν
3279 2601 3404 2670 ὅπη
3436 2603 3619 2665 οὓτως
3639 2601 3741 2656 δια-

463 2689 748 2762 Scriptura
780 2707 955 2754 sacra.
999 2695 1077 2748 sic
1110 2693 1262 2764 loqui
1291 2693 1361 2749 de
1385 2708 1712 2764 unaquaque
1754 2695 1930 2752 trium
1951 2695 2006 2752 di

2198 2691 2402 2760 ἑγεσθαι
2431 2691 2562 2763 περὶ
2589 2690 2707 2756 ἑνδς
2737 2691 2972 2748 ἑκάστου
2999 2691 3108 2746 τῶν
3136 2693 3316 2763 τριῶν
3344 2695 3456 2764 τῆς
3481 2695 3636 2758 θείας

460 2783 604 2838 νίηξο
659 2795 869 2840 natura:
911 2799 1277 2854 personarum
1328 2785 1744 2844 abstinuerunt.
1787 2787 2003 2843 lllienit

2198 2801 2286 2847 ιως
2318 2783 2629 2854 προσώπων
2661 2781 3118 2854 παρεφυλὰξατο·
3157 2785 3258 2837 καὶ
3289 2785 3622 2856 ὰῤῥενικῶς
3645 2785 3741 2856 γὰρ

461 2875 766 2930 masculine
809 2877 1029 2931 Patrem
1057 2884 1116 2931 et
1152 2876 1351 2932 Filium
1387 2877 1710 2948 plerumque
1742 2879 2004 2948 appellant

2202 2893 2238 2928 ιν
2268 2875 2486 2944 Πατέρα
2519 2875 2615 2928 καὶ
2641 2872 2731 2927 τὸν
2764 2874 2890 2928 Υίδν
2918 2877 2977 2929 ὲν
3004 2873 3288 2939 πλείστοις
3318 2877 3636 2946 κέκληκαν·
3663 2877 3745 2930 διὰ

461 2967 590 3036 quia
618 2983 887 3022 summam
915 2968 1352 3039 uniuscujusque
1379 2985 1628 3039 personae
1645 2969 2004 3040 perfectione!

2204 2987 2211 3016 ι
2239 2964 2300 3018 τὸ
2325 2965 2642 3020 παντέλειον
2662 2966 2895 3020 ἑκάστου
2926 2967 3179 3032 ἐνουσίως
3198 2985 3263 3022 τε
3287 2969 3449 3024 κατὰ
3467 2973 3536 3024 τδ
3558 2971 3747 3030 κοινῆ.

463 3059 523 3120 tn
549 3075 618 3115 eo
651 3070 926 3132 reponunt
969 3062 1120 3132 quod
1155 3062 1593 3119 substantialiter
1636 3064 1940 3134 respective
1975 3079 2004 3118 a

2202 3059 2246 3111 ιὶ
2273 3059 2654 3124 ἐνυποστάτως
2687 3059 2830 3114 κατὰ
2857 3059 2920 3114 τδ
2947 3059 3114 3115 ἰδικδν
3134 3100 3150 3126 ,
3197 3061 3304 3131 τὴν
3334 3063 3526 3132 αὐτὴν
3560 3065 3620 3116 ὲν
3645 3063 3745 3124 τίς

463 3151 736 3208 attributa-
766 3154 1079 3210 communia
1099 3194 1116 3220 ,
1148 3164 1204 3208 et
1233 3154 1602 3224 personaliter
1630 3155 1936 3225 respective
1974 3172 2003 3210 a

2202 3147 2292 3201 ιισὶ
2340 3147 2630 3220 γνωρίζειν
2679 3149 2852 3204 ἅπασι
2894 3151 3215 3222 τελειότητα
3249 3151 3528 3218 θεότητος
3559 3171 3622 3207 τε
3661 3144 3745 3207 καὶ

464 3243 735 3302 οιιιὶδυιοι
757 3245 1005 3311 relativa,
1032 3245 1224 3300 eadem
1257 3252 1370 3301 tres
1397 3245 1668 3316 gaudeant
1703 3245 2007 3314 plenitudin

2206 3239 2467 3308 ιριότητος
2483 3255 2500 3268 ·
2530 3236 2676 3292 οὕτω
2701 3239 2810 3308 γάρ
2838 3255 2970 3309 φησι
2999 3239 3456 3310 ὴθεοσύλλεκτος
3482 3244 3749 3313 ὁμήγυρις

465 3333 774 3389 divinitatis
805 3343 860 3388 et
881 3334 1211 3404 potestatis;
1231 3335 1313 3390 sic
1337 3336 1486 3390 enim
1515 3350 1574 3390 se
1599 3335 1804 3390 habent
1850 3336 1906 3392 in
1931 3338 2006 3392 De

2204 3333 2248 3400 ξς
2305 3330 2362 3381 ἐν
2411 3327 2616 3399 Νικαία
2677 3329 2937 3396 συνόδου,
2993 3331 3275 3384 πιστεύειν
3329 3334 3422 3396 εἰς
3472 3335 3574 3387 ενα
3623 3334 3747 3386 Θεὸν

465 3433 808 3494 congregatae
838 3423 1031 3494 synodi
1080 3424 1314 3480 Nicaeum
1340 3425 1530 3480 Patres
1561 3443 1574 3478 :
1609 3443 1628 3478 ι
1661 3440 1721 3480 se
1741 3426 2002 3483 crederei

2202 3420 2370 3493 ατέρα
2417 3421 2840 3494 Παντοκράτορα
2859 3463 2876 3486 ,
2921 3423 3016 3476 καὶ
3049 3423 3130 3486 είς
3157 3423 3258 3476 ἕνα
3291 3425 3516 3496 Κύριον
3548 3424 3745 3496 Ἰησοῦν

467 3531 638 3570 unum
667 3516 838 3570 Deum
864 3515 1082 3570 Patrem
1106 3515 1562 3584 omnipotentem,
1588 3526 1644 3571 et
1668 3517 1722 3571 in
1752 3528 1922 3572 ultum
1945 3519 2010 3574 Dc

2205 3513 2414 3585 ριστόν·
2480 3513 2663 3568 καίτοι
2719 3515 2821 3577 τὰς
2881 3514 3211 3578 ὑποστάσεις
3245 3517 3345 3569 καὶ
3379 3517 3458 3571 τα
3488 3517 3748 3587 πρόσωπα

469 3606 679 3660 miuum
702 3604 890 3661 J‘esum
913 3605 1218 3673 Christum,
1247 3625 1265 3658 ›
1299 3608 1552 3677 quamvis
1577 3608 1645 3664 de
1663 3609 2012 3682 hypostasibu

2204 3605 2402 3674 γλυκῶς
2436 3621 2497 3658 τε
2537 3606 2636 3658 καὶ
2665 3605 2966 3678 οὐδετέρως
3015 3606 3270 3675 λέγοντες
3305 3607 3440 3659 ἀεί·
3497 3609 3600 3662 καὶ
3632 3609 3747 3677 περὶ

467 3704 525 3750 et
552 3695 622 3750 de
667 3697 905 3767 prosapia
935 3697 1268 3767 loquentes,
1320 3699 1686 3753 masculinum
1732 3715 1949 3770 semper
1991 3716 2010 3756 ε

2200 3697 2356 3750 ιύτων
2391 3698 2524 3752 αὑτὸ
2551 3699 2616 3768 δὴ
2661 3698 2755 3752 καὶ
2789 3698 2948 3752 τοῦτο
2977 3699 3323 3770 ἐκτιθέμενοι
3355 3699 3427 3752 τὸ
3456 3699 3743 3772 σύμϐολον.

469 3796 725 3843 neutrum
753 3803 928 3859 genus
977 3799 1269 3858 usurpent,
1312 3798 1370 3844 et
1407 3790 1560 3846 circa
1594 3791 1736 3848 hanc
1761 3794 2012 3850 materiai

2204 3791 2356 3842 ινόνα
2391 3791 2514 3843 τινὰ
2567 3790 2662 3844 καὶ
2707 3790 2964 3861 γνώμονα
3009 3791 3111 3861 τῆς
3156 3789 3286 3861 περὶ
3332 3790 3483 3844 Θεοῦ
3529 3795 3632 3845 καὶ
3661 3791 3747 3859 τῆς

471 3877 606 3932 illud
641 3877 819 3948 ipsum
865 3879 1278 3948 composuerint
1321 3877 1663 3948 Symbolum,
1697 3882 1850 3938 velut
1887 3898 2014 3954 regu

2203 3898 2211 3928 ν
2240 3883 2308 3952 τῇ
2335 3879 2456 3952 θείᾳ
2481 3882 2675 3952 Τριάδι
2703 3881 3016 3952 ὀρθοδοξίας
3039 3899 3052 3912 ο
3101 3881 3224 3935 οὔτε
3259 3883 3342 3946 εἰς
3373 3882 3438 3938 ἓν
3475 3883 3746 3937 πιστεύειν

471 3967 577 4022 lam
614 3977 670 4024 et
708 3969 947 4023 indicem
971 3969 1290 4026 orthodoxa
1321 3970 1466 4026 circa
1488 3971 1659 4026 Deum
1699 3979 1758 4026 et
1803 3973 2014 4030 divinat

2209 3973 2493 4043 ρὴκεισαν,
2525 3972 2639 4026 ἀλλ’
2669 3973 2839 4044 ἄμφω
2864 3973 3168 4045 ἀρρενικῶς
3195 3973 3506 4044 ἐκήρυξαν,
3533 3975 3746 4028 κατάτε

472 4060 802 4117 Trinitatem
835 4061 1122 4118 doctrinae.
1149 4063 1342 4133 Neque
1369 4061 1628 4120 dixerunt
1657 4080 1717 4121 se
1737 4065 1964 4122 credere
1993 4067 2009 4121 i

2204 4082 2214 4116 ι
2263 4064 2504 4135 ἀριθμοῦ
2557 4065 2899 4136 σημαντικὸν
2937 4065 3152 4135 ὄνομα,
3207 4067 3381 4136 ἤγουν
3416 4067 3484 4120 τὸ
3510 4069 3576 4121 ἓν
3599 4085 3617 4100 ο
3663 4067 3747 4120 καὶ

470 4165 634 4204 unum
663 4149 890 4220 (neutro
920 4154 1169 4220 genere),
1215 4151 1312 4207 sed
1336 4153 1530 4210 ambos
1569 4155 1871 4212 masculine
1907 4156 2013 4212 desi

2204 4154 2298 4208 κτὰ
2346 4157 2406 4208 τὸ
2450 4157 2853 4226 ἀπολελυμένον
2903 4157 2998 4211 καὶ
3046 4156 3244 4224 ίδικὺν,
3278 4159 3457 4229 ἡγουν
3494 4159 3639 4212 Θεὸν
3665 4159 3747 4211 καὶ

471 4251 783 4312 gnaverunt
803 4283 818 4308 ,
853 4243 1237 4314 exprimendo,
1274 4259 1400 4300 cum
1440 4260 1634 4302 vocem
1659 4263 1949 4304 numerum
1972 4250 2014 4305 si

2209 4244 2360 4315 ὑριον
2381 4261 2394 4278 ο
2453 4245 2522 4299 τὰ
2567 4246 2623 4298 δὲ
2669 4245 2792 4317 ἱερὰ
2823 4247 2993 4315 Λόγια
3012 4287 3032 4312 ,
3063 4247 3157 4300 δύο
3185 4265 3243 4300 τε
3277 4249 3606 4320 ἀρρενικῶς
3629 4265 3747 4319 φησι

471 4333 844 4404 guiflcantem,
875 4337 1087 4392 scilicet
1129 4353 1318 4400 unum,
1363 4347 1479 4392 tum
1506 4354 1707 4394 nomen
1741 4341 2014 4397 absolutut

2202 4335 2418 4399 ολλάκις
2467 4337 2561 4390 καὶ
2608 4339 2737 4406 περὶ
2778 4334 2839 4390 ἓν
2871 4339 3106 4408 πρᾶγμα
3137 4337 3238 4407 τὴν
3267 4337 3570 4407 ἐνέργειαν
3604 4356 3745 4409 μερι-

469 4431 530 4480 et
557 4425 843 4482 relativum
864 4469 880 4493 ,
927 4428 1145 4485 scilicet
1193 4427 1363 4483 Deum
1390 4439 1447 4485 et
1478 4429 1780 4486 Dominum.
1817 4462 1888 4472 —
1916 4432 2012 4488 Iter

2201 4427 2421 4498 ομένους
2441 4445 2454 4459 ο
2498 4427 2592 4482 καὶ
2633 4429 2808 4497 ὅμως,
2845 4429 2946 4482 οὑκ
2977 4430 3293 4497 ἀναγκαίως
3319 4428 3519 4483 τοῦτον
3545 4431 3744 4498 είσάτει

472 4517 758 4588 Scriptura
779 4535 935 4574 sacra
968 4521 1110 4575 duos
1138 4521 1440 4576 masculine
1456 4521 2015 4593 inducitsmpcsaepiu:

2200 4518 2282 4572 10'
2306 4519 2450 4588 ὑμᾶς
2477 4519 2566 4572 τὸν
2592 4521 2794 4574 σκοπὸν
2821 4520 2920 4590 τῆς
2945 4519 3256 4584 πολυθεῖας·
3287 4521 3367 4586 ὡς
3387 4521 3743 4590 τδ,ιἘξρεξε

472 4609 529 4662 in
562 4625 731 4662 unum
753 4625 891 4679 opus
919 4624 1320 4680 cooperantes;
1355 4629 1460 4668 nec
1505 4623 1690 4669 tamen
1715 4617 2015 4670 necessarit

2199 4609 2365 4681 .ὑριο;
2418 4611 2528 4684 πῦρ
2578 4613 2731 4682 παρὰ
2779 4613 3028 4684 Κυρίουι
3055 4633 3074 4664 ι
3116 4615 3243 4675 καὶ,
3285 4631 3306 4665 ι
3344 4609 3520 4667 Εἶπεν
3549 4615 3742 4683 Κύριος

465 4699 624 4771 juxta
675 4715 810 4766 vos,
866 4700 934 4754 ad
973 4702 1425 4772 polytheismum,
1466 4713 1724 4774 tanquam
1771 4707 1836 4760 ad
1890 4723 2008 4762 sum

2202 4701 2235 4772 ᾧ
2283 4703 2472 4774 Κυρίῳ
2525 4720 2661 4772 μου*
2697 4723 2716 4755 ι
2773 4705 2890 4770 καὶ,
2932 4722 2952 4756 ι
2981 4705 3211 4776 Ἔχρισὲ
3237 4722 3298 4759 σε
3329 4708 3357 4760 ὁ
3381 4706 3544 4770 Θεὸς,
3573 4705 3745 4764 ὑθεύ;

471 4791 770 4846 terminum
831 4801 1108 4862 spectant.
1183 4793 1434 4863 Exempli
1502 4797 1718 4866 gratia,
1787 4798 1991 4868 legitur

2204 4813 2303 4850 nm
2343 4798 2436 4849 καὶ
2468 4796 2631 4868 ἕτερα
2658 4797 2912 4864 πλεῖστα,
2942 4789 3019 4852 ὧν
3043 4798 3200 4851 οὐδὲν
3229 4803 3380 4870 τρεῖς
3411 4797 3562 4854 εἶναι
3604 4801 3747 4859 θεοὶις

480 4904 500 4936 ι
534 4885 680 4940 Pluit
733 4883 1000 4940 Dominus
1052 4885 1233 4958 ignem
1287 4902 1319 4942 a
1362 4886 1502 4944 facie
1551 4889 1768 4944 Domini
1793 4901 1841 4944 ι’.
1887 4911 1906 4944 ι
1941 4892 2010 4946 Ει

2203 4886 2386 4952 Ξειξεν.
2440 4887 2512 4940 Ἠ
2559 4889 2740 4942 ἀνεῖλε
2787 4889 2851 4942 τὸ
2897 4889 3028 4960 μίαν
3059 4887 3200 4943 εἶναι
3240 4891 3342 4962 τὴν
3375 4893 3438 4944 ὲν
3466 4895 3590 4958 τοῖς
3615 4891 3746 4962 τρισὶ

477 4997 496 5029 ι
529 4977 674 5032 Dixit
717 4978 981 5034 Dominus
1033 4980 1267 5034 Domino
1313 4995 1437 5036 meo
1455 4990 1504 5038 ς.
1545 5001 1564 5034 ι
1609 4982 1714 5037 Et:
1751 5001 1770 5034 ι
1805 4983 1973 5040 Unxit
2006 4993 2020 5039 t

2200 4979 2394 5048 εότητα
2424 4979 2520 5032 καὶ
2548 4979 2852 5050 κυριότητα
2871 4997 2886 5012 ’
2939 4983 3036 5034 καὶ
3063 4982 3172 5052 γὰρ
3202 4982 3478 5053 ἀλλαχόσε
3507 4984 3743 5056 εἴρηται·

471 5067 638 5130 Deus,
671 5066 817 5122 Deus
848 5076 976 5122 tuus
1011 5076 1056 5122 ι’.
1093 5085 1110 5119 ι
1145 5068 1210 5122 Et
1241 5069 1335 5124 alii
1369 5077 1575 5137 textus,
1601 5087 1837 5142 quorum
1871 5075 2014 5130 nullt

2221 5071 2424 5141 Κύριος
2457 5073 2486 5124 ὁ
2511 5071 2645 5136 Θεὸς
2675 5091 2769 5126 σου
2803 5073 3007 5145 Κύριος
3033 5070 3113 5138 εἷς
3142 5051 3282 5130 ἐστι·
3303 5095 3326 5128 ι
3344 5051 3482 5143 καὶ,
3499 5096 3522 5129 ι
3549 5051 3745 5146 Ἄγιος,

470 5167 586 5214 trcs
599 5173 721 5214 esse
749 5159 882 5214 deos
894 5159 1112 5224 asserit,
1138 5160 1224 5214 vel
1253 5171 1416 5233 negat
1446 5179 1610 5218 unam
1639 5181 1762 5220 esse
1792 5166 1848 5220 in
1879 5167 2013 5222 tribu

2203 5180 2320 5232 γιος
2345 5204 2362 5228 ,
2414 5164 2570 5232 ἅγιος
2617 5165 2822 5238 Κύριος
2871 5167 3101 5220 Σαϐαὼθ
3127 5183 3140 5197 ·
3173 5187 3191 5219 ι
3252 5169 3350 5222 καὶ
3405 5168 3482 5222 τὰ
3532 5169 3745 5224 τοιαῦτα

469 5249 816 5306 divinitatem
851 5259 907 5306 et
945 5252 1273 5321 potentiam.
1319 5253 1466 5308 Alibi
1507 5255 1656 5310 enim
1687 5257 1896 5312 dictum
1917 5266 2012 5316 est,

2201 5275 2220 5311 ι
2249 5257 2346 5310 τοῦ
2394 5257 2549 5327 ἁγίου
2580 5259 2749 5312 αὑτοῦ
2781 5259 3118 5330 Πνεύματος.
3153 5262 3243 5331 Μή
3270 5279 3325 5314 τι
3350 5261 3446 5316 οὖν
3475 5263 3610 5333 μίαν
3629 5261 3744 5334 ἣξει,

469 5341 737 5398 Dominus
801 5343 947 5400 Deus
991 5353 1120 5401 tuus
1167 5345 1434 5403 Dominus
1503 5365 1650 5405 unus
1677 5359 1782 5407 est.
1845 5371 1863 5404 ι
1943 5353 2010 5407 Ει

2229 5349 2414 5416 ἁγίαν,
2453 5349 2486 5420 ἢ
2517 5351 2735 5422 κυρίαν,
2769 5351 2801 5422 ἧ
2837 5351 2992 5406 θείαν
3017 5354 3195 5407 είπείν
3219 5354 3548 5422 ἀναγκαίως
3572 5356 3745 5420 ἐδέησε

469 5431 728 5500 Sanctus,
752 5442 994 5502 sanctus,
1026 5447 1249 5493 sanctus
1274 5439 1540 5496 Dominus
1551 5441 1696 5498 Deus
1717 5443 1956 5500 Sabaoth
1978 5447 2012 5499 ε.

2200 5439 2240 5510 ᾦ
2269 5441 2570 5511 Πνεύματι,
2608 5442 2696 5496 ἵνα
2730 5441 2806 5514 μὴ
2835 5445 2950 5507 τοῖς
2980 5445 3113 5515 παρ’
3141 5445 3295 5514 ὑμῶν
3323 5446 3743 5517 ἐγκαλουμένοις

471 5521 542 5576 Et
569 5524 773 5580 similia
801 5541 832 5580 a
859 5525 1066 5598 Spiritu
1093 5535 1286 5584 sancto
1348 5527 1632 5600 inspirata.
1684 5531 1827 5586 Num
1893 5534 2012 5606 igitr

2202 5533 2466 5603 ὑθὺνηται
2492 5551 2508 5599 ;
2563 5533 2682 5598 πῶς
2727 5534 2784 5588 δὲ
2815 5535 2926 5606 ἄρα
2973 5536 3134 5606 ὑμεῖς
3165 5537 3318 5590 αὑτοὶ
3351 5537 3442 5590 τὸν
3471 5535 3739 5608 lla-ripa!

475 5615 721 5680 Oportuit
761 5615 1030 5686 Spiritum
1059 5628 1312 5675 sanctum
1345 5619 1534 5679 dicere
1617 5639 1786 5679 unum
1827 5625 1912 5680 vel
1953 5643 2018 5681 un

2204 5629 2262 5681 ὸν
2295 5627 2422 5681 Υίὸν
2475 5627 2508 5699 ἢ
2558 5627 2619 5684 τὸ
2648 5627 2873 5700 Πνεῦμα
2903 5628 2965 5684 τὸ
2993 5613 3150 5699 ἅγιον
3182 5631 3657 5704 agona-apstine;
3694 5627 3743 5679 Et

546 5737 578 5782 ι’
603 5729 882 5804 Gemuit,
909 5741 1008 5799 24.
1070 5751 1096 5794 η
1123 5741 1264 5800 Psal.
1296 5759 1398 5811 cu,
1435 5747 1477 5800 l.
1569 5754 1593 5786 π
1629 5747 1774 5802 Psal.
1810 5765 1954 5819 utr,
1980 5749 2034 5806 8.
2115 5751 2134 5790 ι
2169 5747 2274 5806 isa.
2309 5765 2383 5816 ri,
2419 5749 2473 5810 3.
