3908 6306
173 324 315 394 3⁷161

1128 310 1529 375 Α’ῙΝΕΗΞΠΞ
1566 296 2368 368 NESTORIANOS.-5I.IB.
2409 300 2541 364 VII.

3350 293 3453 355 762

181 440 284 512 μὲν
314 430 406 492 οὖν
443 433 582 506 μήτε
610 429 842 501 Κύριον,
879 426 1017 498 μήτε
1051 423 1206 491 Θεὸν,
1238 420 1430 492 (ταῦτα
1459 418 1570 489 γὰρ
1598 418 1757 512 dippe:

1899 421 2082 479 ancta,
2128 412 2352 467 domina
2379 453 2393 477 ,
2440 410 2564 474 dea,
2622 421 2693 461 ne
2731 403 3208 476 objurgationibus
3252 404 3458 459 vestris

177 507 349 594 νικῶς
377 523 638 598 simtu.)
679 521 797 584 πῶς
825 518 926 573 οὑκ
948 515 1100 572 ἄθεοι
1131 512 1409 576 παντελῶς
1434 512 1595 575 sese;
1631 511 1681 561 ει
1709 507 1767 560 δὲ

178 626 373 695 λέγετε
422 621 596 676 ταῦτα
645 616 742 672 atad.
785 615 947 685 ὑμεῖς
993 610 1123 681 περὶ
1148 602 1229 664 ὧν
1276 609 1409 678 ἡμῖν
1445 598 1765 674 ἐγκαλεῖτε,

179 719 302 779 πῶς
334 718 434 770 οὑκ
462 712 808 781 ἀναίσχυντοι
837 707 960 760 λίαν
985 700 1351 775 κριθήσεσθεζ

1872 504 2288 574 corriperetur?
2326 499 2615 569 Quomodo
2648 498 2817 569 igitur
2862 495 3187 564 vosmetipsi
3237 494 3456 550 Patrem

1873 605 1930 651 et
1962 595 2160 651 Filium
2190 601 2247 649 et
2287 592 2557 664 Spiritum
2595 596 2846 645 sanctum
2888 587 3219 658 appellatis?
3267 585 3325 642 Si
3361 599 3461 640 ne-

1875 702 1982 758 que
2015 686 2332 750 Dominum,
2386 700 2568 755 neque
2619 683 2794 738 Deum
2842 680 2983 753 (haec
3037 679 3188 735 enTm
3232 679 3457 733 nomina

182 808 552 867 masculinum
595 773 1046 871 sonant),noune
1067 793 1294 850 omnino
1327 787 1477 845 athei
1507 782 1684 842 estis?
1709 780 1767 837 Si
1807 795 1941 836 vero
1985 779 2175 835 dicitis
2234 785 2292 833 et
2342 792 2441 833 vos
2480 791 2603 848 qua:
2666 774 2826 830 nobis
2867 773 3458 859 exprobratis,-nonne

183 914 414 959 summa
443 894 800 966 impudentis
820 890 1033 946 crimen
1061 883 1396 942 incurretis?

799 976 1053 1038 ΚΕΦᾹΛ-.
1091 980 1168 1031 B'.

257 1084 322 1137 Et
371 1083 405 1152 ἡ
448 1079 582 1148 ἁγία
616 1074 787 1146 Τριὰς
826 1071 1065 1138 ἀπαθὴς,
1102 1070 1130 1122 ὁ
1155 1066 1211 1120 δὲ
1236 1056 1474 1135 Χριστος
1501 1054 1767 1152 παθητὸς,

186 1173 270 1241 εἷς
319 1150 403 1228 δέ’
431 1175 547 1224 ἐστι
600 1172 629 1224 ὁ
674 1166 913 1236 Χριστὸς
962 1165 1064 1232 τῆς
1107 1160 1268 1226 ἁγίας
1300 1155 1561 1235 Τριάδος,
1608 1151 1643 1222 ἢ
1676 1150 1771 1202 και

186 1270 222 1338 ἠ
250 1266 383 1332 ἁγία
410 1262 581 1334 Τριὰς
607 1256 901 1329 παθητὴ,ἢ
932 1258 958 1308 ὁ
978 1253 1211 1324 Χριστὸς
1239 1249 1336 1318 οὑχ
1360 1241 1448 1312 εἷς
1470 1243 1580 1338 τῆς
1596 1242 1771 1338 dir/ar;

196 1332 476 1428 Tptdﬁoc;
544 1354 595 1406 εί
641 1352 698 1405 δὲ
731 1348 1004 1421 προσθῆτε
1062 1344 1147 1405 τδ,
1174 1341 1338 1412 σαρκὶ
1384 1335 1664 1397 πέπονθε,
1708 1332 1774 1384 τὸ

190 1444 415 1503 τοιῶσδε
452 1444 685 1513 πάσχειν
705 1482 719 1505 ,
760 1441 860 1493 οὑκ
889 1436 1169 1503 ἐλευθεροῖ
1195 1432 1403 1494 πάἿους
1422 1445 1435 1458 ·
1484 1427 1673 1494 ὥσπερ
1708 1422 1775 1477 ἂν

192 1540 291 1594 καὶ
321 1538 468 1591 εἴποι
494 1553 577 1598 τις
603 1531 826 1587 τοιῶσδε
854 1527 1150 1597 ’πεπνίχθαι
1177 1522 1330 1585 τινά,
1373 1522 1481 1601 οὑκ
1503 1515 1778 1586 ἐλευθεροῖ

191 1630 291 1684 τοῦ
338 1630 568 1698 πάσχειν
616 1624 650 1696 ἢ
686 1623 778 1678 τοῦ
816 1619 1139 1688 πεπνίχθαι,
1173 1611 1263 1668 τὸν
1295 1611 1423 1681 περὶ
1451 1603 1513 1665 οὗ
1540 1610 1775 1679 εἴρηται.

196 1718 343 1774 Ἀλλ’
371 1720 400 1772 ὁ
424 1697 654 1787 Χριστὸς
685 1715 745 1768 οὑ
773 1713 933 1783 μόνον
966 1706 1047 1772 εἷς
1071 1710 1190 1761 ἐστι
1216 1705 1315 1775 τῆς
1342 1702 1501 1770 ἁγίας
1527 1697 1777 1770 Τριάδος-

2534 971 2688 1028 CAP.
2718 972 2785 1026 ll.

1937 1060 2002 1122 'Si
2039 1064 2386 1123 sanctissima
2426 1058 2674 1119 Trinitas
2697 1063 2770 1118 sit
2798 1059 3175 1131 impassibilis.
3205 1060 3460 1116 Christus

1872 1172 2010 1214 vero
2027 1157 2327 1229 passibilis,
2350 1170 2501 1210 unus
2524 1166 2708 1210 autem
2749 1153 2823 1208 sit
2849 1152 3104 1209 Christus
3128 1151 3197 1206 de
3229 1151 3462 1206 sanctis-

1870 1250 2019 1305 sima
2044 1248 2350 1312 Trinitate;
2387 1247 2478 1301 vel
2521 1243 2867 1300 sanctissima
2892 1241 3136 1297 Trinitas
3162 1250 3246 1296 est
3284 1239 3460 1309 passi-

1878 1340 2029 1403 bilis,
2061 1338 2149 1393 vel
2173 1336 2426 1392 Christus
2462 1350 2573 1390 non
2600 1344 2684 1389 est
2712 1350 2846 1388 unus
2879 1333 2944 1386 de
2967 1333 3302 1387 sanctissima
3341 1330 3384 1385 Τ
3385 1330 3462 1383 ri-

1871 1433 2069 1486 ‘m’tate.
2102 1427 2259 1496 Quod
2285 1428 2328 1481 si
2356 1425 2684 1481 additleritis
2721 1443 2735 1479 :
2777 1426 2976 1480 Passus
3003 1434 3090 1480 est
3129 1438 3330 1488 carne;
3367 1422 3462 1477 tali

1874 1524 1967 1579 Vel
1998 1523 2090 1578 tali
2125 1521 2291 1577 modo
2320 1518 2433 1590 pati
2478 1534 2589 1574 non
2637 1517 2783 1573 tollit
2830 1517 3103 1571 rationem
3149 1513 3462 1585 passionis:

1872 1614 2024 1670 sicut
2054 1612 2101 1667 si
2139 1611 2265 1682 quis
2294 1610 2442 1665 dicat
2462 1609 2705 1679 aliquem
2740 1607 2926 1663 taliter
2960 1605 3290 1661 suﬂ‘ocatum
3314 1618 3461 1668 esse,

1876 1718 1994 1759 non
2049 1703 2175 1758 ideo
2207 1700 2471 1756 immunis
2499 1706 2586 1754 est
2640 1697 2913 1768 passionis
2949 1697 3037 1752 vel
3090 1694 3468 1752 suﬂocationis

196 1808 335 1862 ἀλλὰ
366 1777 581 1867 καὶ-εἶς
612 1777 713 1875 τῆς
744 1777 1162 1872 α’νθρωπότητος
1202 1798 1258 1849 ὲν
1292 1795 1392 1865 μιᾷ
1421 1794 1514 1845 καὶ
1545 1793 1611 1860 τῇ
1639 1789 1775 1857 αὐτῇ

1899 1795 1978 1849 ille
2004 1792 2074 1848 de
2114 1806 2227 1863 quo
2259 1792 2525 1862 loquitur.
2571 1789 2641 1844 At
2684 1788 2939 1844 Christus
2965 1804 3075 1843 non
3108 1787 3287 1843 solum
3325 1800 3468 1841 unus

199 1896 368 1953 αὑτοῦ
393 1896 715 1950 ὑποστάσει·
748 1893 836 1947 διὰ
863 1890 925 1947 τὸ
957 1890 1051 1944 καὶ
1081 1887 1340 1958 περισσόν
1369 1903 1420 1938 τι
1448 1883 1551 1953 τῆς
1574 1880 1786 1950 φύσεως

200 1988 397 2047 ἑαυτοῦ
442 1989 532 2042 τὸν
560 1987 695 2041 Θεὸν
722 1985 897 2053 Λόγον
917 2024 933 2048 ,
967 1983 1135 2053 ἤγουν
1163 1979 1226 2034 τὸ
1254 1978 1313 2045 ἐξ
1343 1975 1509 2031 αὑτοῦ
1538 1973 1782 2041 πλάσμα,

201 2086 284 2144 εἰς
330 2083 391 2135 τὸ
432 2079 627 2135 ἑαυτοῦ
670 2078 964 2150 πρόσωπον
1007 2070 1332 2129 ἀναλαϐεῖν·
1372 2068 1436 2122 τὸ
1464 2066 1520 2122 δὲ
1549 2064 1785 2134 ληφθὲν,

152 2212 159 2217 .
205 2174 303 2242 οὐχ
347 2172 644 2235 ὑπόστασις
699 2170 757 2224 ὃν
810 2167 1057 2240 ἐλήφθη,
1108 2163 1244 2218 ἀλλὰ
1278 2161 1441 2233 φύσις
1470 2200 1488 2225 ,
1534 2161 1601 2228 τῇ
1629 2155 1788 2225 φύσει

204 2265 298 2318 τοῦ
326 2266 496 2333 Λόγου
531 2267 589 2318 ὲν
616 2267 680 2334 τῇ
713 2262 814 2333 ἰδίᾳ
844 2258 1012 2315 αὑτοῦ
1041 2256 1337 2313 ὑποστάσει
1370 2251 1783 2306 συνυποστᾶσιι⁵

209 2356 420 2427 ἐδείχθη
446 2357 555 2427 γάρ
575 2355 785 2417 οἱκείω;
817 2353 957 2408 κατᾶ
979 2352 1142 2405 τόπον
1169 2346 1427 2408 πολλάκις
1450 2343 1523 2407 ὡς
1544 2341 1786 2406 δυνατὸν,

210 2449 305 2500 καὶ
356 2447 572 2510 πλείους
611 2445 830 2514 φύσεις,
864 2446 922 2497 ὲν
950 2442 1048 2511 μιᾷ
1073 2439 1341 2510 ὑπάρχειν
1368 2439 1433 2508 τῇ
1463 2433 1787 2488 ὑποστάσει·

212 2540 414 2610 ἴδωμεν
443 2539 499 2592 δὲ
526 2540 619 2592 καὶ
649 2538 740 2590 ἐπὶ
767 2534 1206 2604 παραδείγματος
1232 2531 1293 2583 τὸ
1314 2530 1454 2595 κατὰ
1476 2528 1566 2580 τὸν
1589 2523 1793 2579 Δεσπό-

210 2647 311 2701 την
342 2630 498 2701 ἡμῶν
526 2622 762 2698 Χριστὸν
791 2626 983 2689 οὕτως’
1022 2626 1072 2677 εἰ
1097 2621 1473 2693 γὰρ’Λὸραὰμ
1495 2617 1793 2671 καὶἸσαὰκ

212 2724 309 2777 καὶ
348 2721 545 2776 Ἰακὼϐ
583 2719 720 2792 μετά
750 2718 848 2787 τὴν
881 2716 1091 2770 ἐνθένδε
1124 2712 1445 2774 ἀποὸίωσιν,
1481 2709 1582 2780 ἤδη
1609 2708 1802 2773 λοιπὸν⁸

213 2813 293 2883 τῷ
331 2813 433 2881 τῆς
462 2812 765 2874 ἀθανασίας
795 2808 1065 2880 ὁρίζονται
1111 2805 1292 2874 λόγῳ,
1329 2801 1467 2875 πρὸς
1498 2800 1560 2853 τὸ
1594 2800 1795 2867 μᾶλλον

216 2905 355 2967 ζῶον
377 2903 593 2971 λογικὸν
615 2903 881 2956 ἀθάνατον
902 2898 1134 2959 ἕκαστος
1154 2894 1329 2964 τούτῳ
1352 2891 1428 2945 ὣν
1443 2890 1551 2944 τῶν
1567 2890 1791 2943 λοιπῶν·

217 2996 415 3067 Ἰωσὴφ
441 2995 498 3049 δὲ
528 2988 609 3058 εἷς
636 2994 816 3055 αὑτοῖς
846 2990 921 3043 ὢν
952 2990 1092 3044 κατά
1124 2988 1221 3057 τὴν
1247 2985 1444 3057 φύσιν,
1477 2984 1571 3038 καὶ
1599 2981 1792 3052 ὁμοσύ-

1885 1895 1970 1941 est
1993 1884 2061 1940 de
2077 1883 2424 1939 sanctissima
2460 1876 2881 1945 Trinitate,sed
2913 1888 2969 1934 et
2992 1894 3138 1933 unus
3164 1878 3230 1932 de
3268 1877 3467 1932 huma-

1886 1979 2084 2042 nitate,
2112 1976 2169 2031 in
2196 1992 2308 2032 una
2347 1980 2404 2030 et
2438 1974 2631 2031 eadem
2664 1987 2921 2044 persona.
2952 1968 3169 2025 Etenim
3222 1967 3466 2025 Verbum

1887 2069 2135 2124 divinum
2166 2065 2375 2138 aliquid
2407 2075 2617 2121 naturae
2646 2080 2761 2120 sua:
2791 2061 3157 2133 superﬂuum,
3191 2061 3406 2117 scilicet
3434 2076 3467 2116 a

1887 2175 1947 2215 se
1994 2166 2241 2214 creatum
2283 2159 2339 2212 in
2370 2166 2528 2212 suam
2569 2156 2742 2227 ipsius
2793 2168 3084 2226 personam
3127 2152 3467 2222 assumpsit;

1888 2251 2037 2322 quod
2063 2258 2245 2306 autem
2275 2258 2617 2319 assumptum
2647 2255 2752 2313 est,
2785 2262 2895 2300 non
2920 2255 3262 2315 assumptum
3298 2254 3382 2300 est
3407 2252 3470 2298 ut

1889 2359 2146 2414 persona,
2180 2343 2275 2399 sed
2318 2351 2378 2397 ut
2408 2350 2623 2407 natura,
2672 2350 2886 2394 naturae
2920 2337 3087 2393 Verbi
3144 2337 3199 2391 in
3244 2336 3470 2406 propria

1890 2433 2068 2504 ipsius
2104 2446 2340 2503 persona
2364 2430 2710 2502 hypostatice
2753 2430 3048 2499 conjuncta
3082 2426 3472 2481 :demonstra-

1890 2536 2010 2582 tum
2037 2526 2186 2581 enim
2214 2534 2300 2581 est
2321 2518 2658 2580 sufﬁcienter
2685 2536 2786 2593 pro
2815 2522 2956 2586 loco,
2986 2534 3149 2589 quam
3172 2518 3474 2588 saepissime

1894 2618 2012 2674 ﬁeri
2069 2604 2274 2688 potuit,
2325 2617 2518 2686 plures
2571 2622 2800 2668 naturas
2853 2613 2908 2666 in
2957 2613 3120 2667 unica
3167 2610 3475 2665 subsistere

1893 2719 2111 2765 natura.
2150 2706 2414 2777 Exemplo
2438 2704 2809 2760 dilucidemus
2830 2702 2977 2773 quod
3013 2710 3227 2771 spectat
3259 2701 3327 2756 ad
3369 2700 3479 2755 Do-

1892 2801 2106 2855 minum
2176 2805 2428 2851 nostrum
2482 2795 2671 2851 Jesum
2719 2792 3028 2849 Christum.
3060 2791 3117 2847 Si
3166 2792 3477 2855 Abraham,

1894 2887 2046 2947 Isaac
2067 2897 2124 2944 et
2149 2888 2352 2953 Jacob,
2388 2895 2680 2956 postquam
2715 2885 2925 2955 egressi
2950 2893 3081 2939 sunt
3116 2898 3181 2937 ex
3215 2882 3319 2938 hac
3346 2883 3478 2949 vita,

1893 2983 2006 3054 jam
2065 2981 2332 3050 deinceps
2392 2978 2614 3033 ratione
2657 2976 3089 3032 immortalitatis
3139 2975 3483 3030 deﬁniuntur

220 3107 336 3153 σιος
381 3087 625 3158 ἀληθῶς,
667 3085 748 3137 ἔτι
777 3084 832 3137 δὲ
863 3084 1047 3155 ἄρχων
1078 3079 1353 3148 Αἰγύπτου
1385 3078 1479 3131 καὶ
1504 3075 1614 3140 ζῶν
1650 3072 1790 3127 κατὰ

1902 3074 2051 3142 (cum
2080 3071 2459 3141 unusquisque
2482 3085 2673 3125 eorum
2698 3067 2805 3122 hoc
2830 3068 3003 3138 magis
3040 3067 3113 3121 sit
3149 3067 3351 3122 animal
3390 3082 3483 3121 ra-

222 3183 422 3251 σάρκα,
466 3181 515 3232 εἰ
547 3178 739 3248 θνητὸς
769 3173 1027 3246 ὁρίζοιτο,
1054 3172 1128 3236 ὡς
1157 3173 1292 3242 πρὸς
1317 3169 1409 3223 τὸν
1435 3167 1529 3221 νῦν
1556 3167 1668 3237 βίον
1694 3167 1792 3237 ζῇν

222 3274 300 3327 ἔτι
338 3272 476 3343 μετὰ
507 3271 709 3341 σαρκδς
741 3266 988 3337 φθαρτῆς
1020 3264 1337 3334 νοούμενος,
1372 3260 1481 3331 ἄρα
1509 3277 1573 3328 γε
1607 3257 1796 3311 κάκεί-

221 3348 353 3429 νους.
395 3363 517 3418 καθ’
565 3363 710 3431 ὑμᾶς
760 3360 988 3428 θνητοὺς
1021 3356 1101 3409 ἔτι
1130 3353 1411 3424 ὁρίζεσθαι
1442 3351 1538 3404 καὶ
1562 3348 1641 3412 δὶς
1670 3348 1795 3419 θνή-

224 3470 375 3510 σκειν
397 3497 411 3521 ,
466 3455 555 3506 ἵνα
607 3452 681 3521 μὴ
709 3448 910 3519 ψευδὴς
936 3448 1019 3515 εἴη
1049 3446 1170 3516 ὅρος
1207 3442 1402 3512 Ἰωσὴφ
1424 3482 1438 3505 ,
1470 3441 1764 3506 ἀναγκαῖον
1784 3453 1798 3467 ο

225 3549 258 3619 ἢ
287 3549 379 3599 καὶ
410 3546 502 3598 τὸν
535 3542 732 3612 Ἰωσὴφ
764 3540 1031 3593 ἀθάνατον
1058 3533 1216 3599 εἶναι,
1248 3534 1342 3587 καὶ
1370 3532 1476 3601 πρὸ
1501 3529 1599 3599 τῆς
1625 3529 1801 3581 ἐνθέν-

166 3632 171 3635 ’
225 3639 282 3692 δε
336 3634 727 3697 άποῦιώσεως,
785 3630 960 3693 οὕτως
1011 3625 1317 3698 ὁρίζεσθαι,
1370 3624 1458 3677 ἵνα
1499 3622 1573 3693 μὴ
1607 3622 1802 3674 ἐκεῖνοι

227 3728 441 3800 ψευδῶς
469 3728 711 3794 λέγοιντο
742 3724 1020 3777 ἀθάνατοι·
1058 3720 1105 3771 εἰ
1135 3719 1190 3771 δὲ
1220 3716 1392 3769 ταῦτα
1416 3714 1617 3772 ἄτοπα,
1646 3712 1804 3783 δῆλον

228 3822 305 3886 ὡς
354 3819 570 3890 ἀληθῶς
619 3819 730 3879 τοῖς
774 3832 836 3868 τε
882 3812 1170 3873 ἀθανάτοις
1203 3810 1345 3862 κατὰ
1372 3807 1431 3859 τὸ
1461 3807 1568 3858 πᾶν
1596 3804 1805 3859 ἑαυτῶν

170 3930 175 3937 ·
229 3914 546 3982 νοουμένοις
592 3907 903 3980 προσώποις
945 3902 1229 3974 ὁμοοὺσιος
1266 3900 1294 3953 ὁ
1332 3900 1531 3970 Ἰωσήφ
1563 3900 1678 3950 ἐστι
1711 3895 1806 3949 καὶ

231 4004 338 4074 πρὸ
397 4003 495 4072 τῆς
544 4000 856 4062 ἀποθέσεως
908 3996 1007 4066 τῆς
1056 3993 1293 4063 σαρκὸς,
1338 3986 1461 4045 κατ’
1491 3990 1667 4042 ἐκεῖνο
1698 3986 1807 4040 τῶν

169 4118 173 4123 δ
234 4095 464 4160 ἑαυτοῦ,
515 4093 637 4147 καθ’
680 4092 708 4146 ὃ
758 4093 819 4145 οὑ
867 4087 1179 4158 τεθνήξεται
1232 4084 1474 4147 πώποτε,
1509 4081 1677 4151 ἤγουν
1709 4077 1806 4148 τὴν

232 4188 431 4258 ψυχήνο
475 4185 668 4253 θνητός
696 4200 755 4235 τε
786 4182 881 4235 καὶ
909 4182 1020 4242 τοῖς
1045 4176 1256 4247 θνητοῖς
1290 4171 1642 4243 συναρίθμιός
1668 4171 1806 4231 ἐστι,

234 4279 370 4333 καθὸ
403 4278 463 4332 τὸ
499 4277 757 4348 περισσὸν
792 4271 955 4327 αὑτοῦ
1003 4269 1140 4330 τέως
1188 4267 1325 4337 πρὸς
1371 4263 1497 4325 τοὺς
1537 4261 1679 4316 κατὰ
1709 4260 1809 4330 τὴν

235 4370 533 4426 ἀθανασίαν
561 4366 879 4438 ὁμοουσίους
906 4361 1074 4432 αὑτῷ,
1102 4360 1270 4431 ἤγουν
1296 4356 1354 4409 τὸ
1378 4354 1536 4424 σῶμα
1559 4351 1587 4405 ὃ
1614 4350 1811 4417 ἐπεφέ-

1901 3167 2106 3223 tionale
2155 3164 2464 3220 immortale
2516 3177 2681 3233 quam
2747 3160 2989 3229 caeteri);
3035 3159 3239 3229 Joseph
3294 3168 3482 3214 autem

1901 3273 2066 3313 unam
2094 3265 2152 3311 et
2205 3254 2455 3310 eamdem
2488 3253 2697 3308 habens
2718 3266 2847 3307 cum
2874 3251 2983 3307 illis
3010 3260 3264 3305 naturam
3291 3249 3483 3319 eisque

1900 3364 2032 3403 vere
2063 3342 2574 3407 consubstantialis,
2596 3341 2780 3395 adhuc
2800 3354 2933 3393 vero
2959 3353 3159 3409 praeses
3191 3336 3398 3408 Egypti
3428 3344 3484 3393 et

1899 3440 2091 3493 vivens
2112 3438 2169 3491 in
2200 3448 2387 3498 carne,
2420 3434 2466 3490 si
2501 3432 2748 3487 mortalis
2773 3430 3122 3496 deﬁniretur,
3165 3440 3220 3484 et
3247 3428 3487 3484 babere-

1902 3539 1994 3585 tur
2019 3536 2079 3583 ut
2102 3529 2297 3582 vivens
2328 3526 2510 3581 adhuc
2543 3524 2709 3579 vitam
2737 3523 2881 3577 hanc
2917 3531 3157 3576 nostram
3184 3536 3200 3573 :
3232 3534 3362 3574 num
3389 3517 3489 3590 igi-

1902 3629 2014 3685 tur,
2056 3620 2213 3689 juxta
2241 3631 2359 3681 vos,
2385 3631 2611 3671 necesse
2642 3622 2748 3677 est,
2779 3613 2862 3666 vel
2900 3612 3025 3666 illos
3059 3609 3242 3664 adhuc
3265 3607 3487 3664 deﬁniri

1903 3709 2160 3765 mortales
2179 3720 2236 3763 et
2268 3707 2353 3761 bis
2405 3705 2566 3770 mori,
2594 3719 2663 3758 ne
2694 3704 2830 3758 falsa
2850 3703 2924 3756 sit
2947 3701 3171 3771 Josephi
3214 3700 3487 3767 deﬁnitio,

1907 3802 1994 3858 vel
2024 3800 2329 3870 Josephum
2358 3812 2479 3851 esse
2527 3793 2894 3849 immortalem
2932 3801 2989 3847 et
3032 3799 3167 3862 ante
3206 3798 3489 3861 egressum

1905 3910 1972 3949 ex
2014 3893 2119 3947 hac
2164 3891 2276 3946 vita
2305 3893 2385 3944 sic
2422 3886 2664 3951 deﬁniri,
2712 3900 2782 3939 ne
2822 3884 2901 3938 illi
2938 3883 3073 3939 falso
3095 3882 3351 3938 dicantur
3383 3883 3491 3937 im-

1906 3983 2210 4043 mortales?
2238 3981 2395 4048 Quod
2421 3980 2467 4035 si
2504 3980 2610 4034 hoc
2637 3986 2725 4033 est
2751 3975 3078 4041 absurdum,
3106 3974 3401 4045 Josephus,
3432 3984 3494 4030 ut

1906 4092 2077 4156 patet,
2112 4080 2369 4153 personis
2398 4079 2508 4133 illis
2550 4092 2673 4148 quae
2707 4075 3013 4131 secundum
3052 4076 3237 4129 omnia
3280 4090 3377 4128 sua
3405 4083 3491 4129 at-

1909 4175 2115 4230 tributa
2172 4180 2503 4241 reputantur
2554 4167 2911 4231 immortales,
2956 4181 3087 4221 vere
3120 4174 3205 4221 est
3248 4166 3493 4221 consub—

1908 4263 2181 4321 stantialis
2210 4262 2516 4331 respective
2542 4259 2610 4313 ad
2640 4259 2781 4312 hanc
2819 4257 2905 4311 sui
2940 4257 3116 4327 ipsius
3140 4267 3353 4326 partem
3381 4272 3490 4328 qua

1908 4370 2189 4426 nunquam
2224 4354 2518 4418 morietur,
2559 4350 2610 4405 id
2636 4360 2740 4415 est,
2763 4349 3073 4417 respective
3098 4349 3164 4403 ad
3187 4363 3342 4403 suam
3374 4349 3494 4402 ani-

241 4474 384 4531 ρετο⁶
419 4459 594 4522 οὕτως
623 4458 716 4511 οὖν
748 4456 842 4510 καὶ
871 4456 1031 4524 ἡμεῖς
1060 4451 1242 4521 σαρκὶ,
1277 4448 1372 4529 και
1396 4446 1455 4497 οὑ
1481 4447 1547 4515 τῇ
1572 4442 1797 4510 θεότητι¹

1914 4465 2090 4515 mam;
2124 4445 2372 4501 mortalis
2403 4459 2535 4499 vero
2567 4450 2651 4496 est
2684 4449 2741 4495 et
2767 4440 3095 4495 mortalibus
3121 4455 3492 4495 annumeran-

241 4524 485 4623 παθητόν
512 4568 689 4621 φαμεν
716 4549 808 4603 τὸν
833 4550 898 4601 ὲκ
923 4544 1123 4615 σαρκδς
1152 4543 1244 4595 καὶ
1268 4524 1523 4606 θεότητος
1549 4533 1806 4607 Χριστόν·

241 4643 427 4715 ἐπειδὴ
457 4642 514 4697 δὲ
546 4641 732 4709 λέγετε
760 4640 819 4694 τὸ
846 4636 1024 4706 σαρκὶ
1050 4635 1207 4705 μόνον
1235 4631 1490 4700 διάφορον
1516 4625 1695 4680 αἰτίαν
1719 4624 1813 4677 καὶ

239 4738 442 4805 τρόπον
476 4734 761 4805 σημαίνειν
795 4730 890 4784 τοῦ
926 4725 1331 4798 συμϐεϐηκότος
1362 4721 1439 4790 τῷ
1468 4716 1814 4788 ὑποκειμένῳ

241 4826 476 4896 Χριστῷ
504 4825 991 4896 κατηγορήματος,
1026 4819 1201 4872 εἴτουν
1233 4813 1327 4868 τοῦ
1357 4810 1680 4882 παθήματος
1702 4824 1715 4838 ο
1751 4807 1813 4860 οὑ

248 4920 431 4990 μέντοι
478 4918 554 4981 ὡς
601 4919 681 4980 εἰς
715 4931 837 4968 τινα
883 4912 994 4965 τῶν
1037 4909 1213 4964 οὑσῶν
1256 4904 1527 4977 διαφόρων
1569 4902 1627 4954 ἐν
1666 4898 1816 4969 αὑτῷ

244 5011 441 5065 οὐσιῶν
475 5007 716 5079 μερικῶς
750 5006 846 5075 τῆς
877 5004 1046 5073 αὑτῆς
1078 4998 1431 5060 ὑποστάσεως
1464 4991 1626 5047 αὑτοῦ
1659 4990 1819 5043 τοῦτο

220 5102 577 5173 ’πεισομένης
602 5096 879 5167 λέγεσθαι,
910 5092 1054 5147 καθά
1076 5092 1238 5162 ἡμεῖς
1266 5087 1591 5158 νομίζομενο
1623 5082 1818 5137 οὐκοῦν

248 5196 544 5262 ἀναγκαῖον
578 5192 723 5262 ἡμᾶς
773 5186 913 5241 κατὰ
949 5184 1044 5237 τὸν
1085 5182 1355 5253 ἡμέτερον
1379 5179 1537 5247 λόγον
1565 5178 1659 5230 καὶ
1685 5175 1819 5237 εἴτις

247 5287 394 5355 λέγει
442 5286 532 5337 τὸν
571 5284 667 5336 ἕνα
696 5279 982 5351 ἄνθρωπον
1028 5272 1304 5346 τμηθῆναι
1340 5271 1533 5341 σαρκὶ,
1570 5269 1686 5340 ἅμα
1722 5267 1820 5338 μὲν

251 5382 315 5448 τῇ
344 5378 489 5447 ψυχῇ
527 5375 706 5428 πάντα
732 5368 1072 5443 διαιρεθῆναι
1105 5364 1294 5418 τοῦτον
1323 5363 1411 5416 ἀεὶ
1439 5364 1582 5415 νοεῖν
1605 5376 1619 5389 ·
1663 5359 1822 5430 μόνον

248 5469 308 5523 δὲ
341 5468 500 5521 τοῦτο
532 5463 901 5535 φαντάζεσθαι
946 5460 1074 5531 περὶ
1105 5457 1200 5511 τοῦ
1235 5454 1518 5525 λεχθέντος
1539 5468 1552 5482 °
1609 5453 1691 5506 ὃτι
1726 5452 1823 5521 οὑχ

253 5562 358 5616 ὑπὸ
401 5561 586 5628 ξίφους
638 5559 799 5627 τυχδν
849 5556 883 5625 ἢ
925 5553 1108 5619 λίθου,
1153 5549 1268 5605 ἀλλ’
1300 5547 1405 5602 ὑπὸ
1439 5544 1640 5615 σαρκὸς
1666 5543 1827 5598 ὁᾶνα

255 5652 471 5722 θρωπος
521 5648 640 5710 ὅλος
687 5648 953 5716 τέτμηται
1000 5643 1144 5712 ψυχῇ
1188 5656 1246 5692 τε
1295 5636 1388 5690 καὶ
1431 5633 1643 5705 σώματι
1682 5632 1823 5686 διαι-

260 5741 434 5810 ρεθεὶς
468 5738 555 5794 διὰ
584 5736 735 5790 τοῦδε
764 5734 857 5789 τοῦ
889 5735 961 5796 ὼς
990 5727 1257 5803 τμητικοῦ
1285 5725 1516 5797 ἑργάνου
1545 5742 1556 5756 ο
1597 5722 1821 5781 άκολοὺ·

1912 4537 2014 4592 dus
2041 4535 2346 4607 respective
2378 4533 2444 4588 ad
2485 4531 2618 4587 illud
2645 4546 2754 4601 quo
2786 4531 3076 4599 superﬂuit
3118 4537 3350 4585 caeteros
3379 4530 3488 4585 sibi

1912 4628 2127 4682 ratione
2180 4624 2610 4680 immortalitatis
2665 4621 3204 4687 consubstantiales,
3262 4621 3317 4676 id
3372 4629 3490 4688 est,

1913 4718 2221 4788 respective
2261 4717 2327 4771 ad
2383 4732 2585 4786 corpus
2625 4714 2725 4785 ipsi
2773 4714 3046 4769 additum.
3091 4714 3182 4769 Sic
3234 4714 3403 4785 igitur
3438 4714 3498 4770 et

1914 4824 2017 4864 nos
2048 4822 2241 4873 carne,
2297 4820 2408 4861 non
2452 4804 2741 4862 divinitate
2770 4803 3161 4874 impassibilem
3206 4819 3327 4858 esse
3354 4803 3496 4858 dici-

1916 4912 2039 4956 m’us
2069 4900 2468 4956 coalescentcm
2496 4914 2563 4951 ex
2592 4896 2883 4949 divinitate
2919 4902 2975 4947 et
2998 4909 3160 4947 carne
3191 4892 3496 4949 Christum.

1917 4991 2112 5046 Dicitis
2149 4989 2333 5042 adhuc
2385 5000 2578 5040 vocem
2627 5000 2788 5038 carne
2820 4983 2956 5036 nihil
2999 4982 3147 5038 aliud
3181 4983 3493 5053 signiﬁcare

1920 5094 2084 5149 quam
2120 5074 2478 5153 principalem
2508 5088 2732 5128 causam
2768 5082 2824 5128 et
2870 5070 3095 5125 modum
3144 5072 3397 5126 attributi
3430 5074 3500 5128 de

1921 5168 2171 5238 subjecto
2200 5164 2437 5221 Christus
2476 5161 2780 5232 praedicati,
2811 5160 3018 5216 scilicet
3062 5160 3348 5230 passionis,
3390 5176 3502 5215 non

1923 5268 2107 5315 autem
2140 5257 2454 5328 exprimere
2481 5254 2717 5323 aliquam
2745 5253 3091 5308 diversarum
3118 5253 3238 5323 ejus
3277 5261 3504 5308 natura-

1923 5370 2045 5410 rum
2099 5352 2522 5424 participantcm
2568 5346 2663 5400 uni
2721 5344 2985 5401 eteidem
3032 5343 3206 5413 ipsius
3251 5356 3506 5412 persona:

1924 5447 2042 5501 haec
2087 5458 2364 5515 passurae,
2403 5436 2868 5510 quemadmodum
2916 5449 3017 5488 nos
3047 5432 3317 5487 sentimus
3354 5448 3367 5484 :
3405 5446 3509 5485 ne-

1926 5552 2080 5593 cesse
2121 5534 2291 5606 igitur
2321 5546 2442 5587 esse
2494 5539 2550 5584 ut
2592 5543 2718 5593 nos,
2758 5527 2915 5598 juxta
2942 5535 3191 5578 nostram
3237 5520 3505 5592 loquendi

1928 5627 2214 5685 rationem,
2245 5625 2291 5679 si
2328 5622 2452 5692 quis
2472 5620 2621 5674 dicat
2651 5626 2821 5673 unum
2852 5615 3132 5671 hominem
3159 5622 3369 5668 sectum
3385 5626 3509 5667 esse

1930 5731 2094 5773 carne
2117 5756 2131 5783 ,
2169 5713 2331 5770 simul
2380 5720 2436 5767 et
2464 5709 2648 5765 anima
2674 5710 2824 5765 hunc
2858 5715 3034 5762 totum
3069 5719 3190 5760 esse
3215 5703 3510 5760 discissum
