3908 6306
182 234 327 309 1765

1148 236 1546 300 ADVERSUS
1586 237 2134 301 NESTORIANOS.
2158 267 2223 275 —
2244 241 2392 302 LIB.
2434 243 2566 305 VII.

3328 243 3340 254 ’
3353 238 3458 308 766

175 354 359 418 τοὶδε,
402 350 496 406 καὶ
527 351 595 405 τὰ
622 349 790 404 λοιπά
820 368 920 404 ουκ
949 349 1055 403 ἴδια
1082 349 1236 403 ἔσται
1262 350 1429 404 αὑτοῦ
1450 368 1463 381 ·
1506 350 1679 405 ταῦτα
1713 350 1771 405 δὲ

1890 353 1946 408 ιιι
1981 369 2177 426 agrum
2216 361 2417 411 caetera
2450 371 2565 412 non
2620 355 2696 411 ita
2734 357 2957 427 propria
3003 358 3251 429 ejusdem
3291 370 3453 428 sunt;

178 445 328 501 οὕτω
353 446 594 516 φρονεῖν,
618 442 736 506 πῶς
762 442 862 496 οὑκ
891 441 958 496 ἂν
979 443 1168 512 σαφῶς
1190 447 1594 515 παραφρονείν;
1625 443 1771 516 Πλὴν

179 538 211 590 ὃ
242 554 302 590 τις
355 535 732 607 προσκυνητὺς
764 537 898 604 ἡμῖν
944 534 1078 598 Θεὸς
1109 536 1351 607 Χριστὸς
1393 535 1770 607 δοξαζόμενος,

180 628 215 681 ὃ
244 645 305 681 τε
341 625 463 681 καθ’
494 612 639 697 ὑμᾶς
671 626 959 698 ἄνθρωπος
988 626 1176 690 ἁπλῶς
1204 627 1497 696 νοούμενος
1518 640 1533 655 ⁸
1591 628 1625 700 ἢ
1676 627 1772 683 καὶ

183 721 241 774 εἴ
281 738 334 773 τι
373 719 568 791 ἕτερον
602 717 786 792 αὑτῷ,
834 719 974 792 πλὴν
1005 718 1163 782 Θεοῦ,
1200 719 1590 791 περισσότερον
1623 719 1774 790 ὅμως

182 809 478 883 ἀνθρώπου
526 810 938 881 φιλοτιμεῖσθε,
1000 810 1110 865 ίδοὺ
1164 810 1299 864 ἰδίαν
1334 810 1529 864 ἑαυτοῦ
1558 810 1775 877 άληθῶς

187 905 372 974 σάρκα
405 903 500 958 καὶ
530 903 692 973 σῶμα
723 898 1046 975 παρίστησι,
1080 900 1179 973 τὴν
1206 903 1334 966 τοὺς
1357 899 1521 973 ἦλους
1553 901 1648 955 καὶ
1675 903 1774 971 τὴν

184 997 391 1067 λόγχην
423 996 763 1049 ὑποστᾶσαν·
796 993 1003 1066 ταύτης
1031 990 1140 1064 γάρ
1166 988 1307 1064 ἦσαν
1338 992 1497 1064 μέλη.
1538 994 1674 1065 Περὶ
1699 985 1775 1047 ὧν

191 1103 348 1159 φησι⁶
382 1086 654 1156 (Ὠρυξαν
687 1086 878 1157 χεῖράς
908 1103 1008 1156 μου
1040 1086 1136 1138 καὶ
1168 1084 1334 1147 πόδας
1363 1098 1518 1156 pou")
1552 1085 1647 1141 xui.
1674 1083 1777 1136 πά-

188 1180 276 1234 λιν
320 1179 421 1251 τὴν
457 1180 727 1249 μυστικὴν
768 1177 863 1231 τοῦ
901 1179 1003 1247 τῆς
1032 1175 1380 1248 εὐχαριστίας
1410 1177 1575 1247 ἄρτου
1606 1171 1777 1246 μετά-

188 1272 389 1344 ληψιν,
429 1272 565 1336 ιδίας
599 1271 803 1343 σαρκὸς
834 1270 1070 1325 διάδοσιν
1101 1265 1240 1323 εἶναι
1266 1268 1538 1323 δείκνυσιν
1569 1264 1739 1323 είπῶν
1759 1284 1773 1299 ⁸

201 1384 219 1417 ι
244 1365 303 1418 '0
329 1364 558 1436 τρώγων
585 1381 686 1435 μου
708 1363 807 1434 τὴν
836 1363 1037 1434 σάρκα,
1065 1362 1160 1416 καὶ
1185 1362 1356 1415 πίνων
1384 1379 1484 1433 μου
1502 1364 1562 1415 τὸ
1579 1357 1771 1432 αἷμα-ι

192 1457 424 1529 ἑτέρωθι
455 1455 534 1523 δὲ,
577 1476 594 1509 ι
625 1454 797 1510 Τοῦτό
833 1474 933 1527 μου
962 1456 1078 1509 ἐστὶ
1104 1454 1165 1509 τὸ
1192 1452 1380 1525 σῶμα·
1413 1474 1432 1505 ι
1489 1453 1568 1508 ἔτι
1596 1454 1653 1508 δὲ
1685 1453 1780 1508 καὶ

191 1552 293 1621 τὴν
323 1547 675 1620 Ἐκκλησίαν,
705 1549 883 1620 σάρκα
907 1544 1074 1602 αὑτοῦ
1104 1547 1240 1601 ἰδίαν
1264 1546 1458 1600 οἴεται·
1492 1543 1651 1598 τοῦτο
1672 1541 1779 1616 γάρ

193 1641 435 1695 διδάσκει
470 1639 695 1708 φάσκων
725 1640 753 1691 ὁ
778 1636 1123 1700 Ἀπὸστολος’
1160 1655 1177 1686 ι
1209 1633 1399 1696 Οὐδεὶς
1427 1633 1535 1704 γάρ
1561 1631 1779 1685 πώποτε

192 1734 293 1806 τὴν
324 1726 519 1787 ἑαυτοῦ
557 1727 734 1801 σᾶρκα
770 1728 1056 1801 ἐμίσησεν,
1093 1726 1207 1781 ἀλλ’
1239 1726 1496 1796 ἐκτρέφει
1527 1724 1622 1779 καὶ
1651 1719 1779 1779 θάλ-

194 1843 290 1879 πει
321 1825 490 1894 αὐτὴν
516 1866 531 1889 ,
568 1822 752 1885 καθὼς
785 1822 880 1874 καὶ
908 1823 937 1875 ὁ
963 1816 1196 1892 Χριστὸς
1221 1820 1324 1889 τὴν
1355 1818 1718 1887 Ἐκκλησίαν
1754 1836 1773 1869 ι

195 1919 256 1973 ὲν
289 1917 462 1989 ἑτέρῳ
489 1915 547 1971 δέ
567 1934 580 1949 ’
624 1936 642 1969 ι
684 1915 875 1986 Ὑμεῖς
911 1918 1032 1968 ἐστε
1063 1913 1221 1983 σῶμα
1246 1910 1487 1983 Χριστοῦ
1517 1911 1610 1965 καὶ
1643 1908 1780 1981 μέλη

194 2011 265 2065 ὲκ
297 2010 519 2081 μέλους’
556 2030 574 2063 ι
631 2009 831 2079 σαρκὸς
872 2006 965 2060 οὖν
1017 2008 1111 2060 καὶ
1160 2004 1415 2077 σώματος
1448 2004 1611 2059 αὑτοῦ
1649 2000 1779 2056 ἰδίου

194 2103 299 2173 ’τῆς
336 2101 664 2173 Ἐκκλησίας
693 2096 1096 2171 τυγχανούσης,
1134 2093 1244 2168 ἆρα
1277 2097 1340 2149 τὸ
1372 2097 1473 2150 οὐκ
1498 2094 1555 2149 ὃν
1588 2096 1620 2164 ἡ
1656 2090 1798 2148 Ἕκ-Δ

198 2193 400 2264 κλησία
436 2191 604 2247 αὑτοῦ
631 2234 645 2255 ,
699 2193 800 2246 οὐκ
838 2190 970 2243 ἴδιον
1000 2190 1165 2242 αὑτοῦ
1199 2186 1322 2242 καθ’
1353 2188 1500 2257 ὑμᾶς
1530 2186 1786 2257 λογισθή-

203 2303 387 2349 σεταιξ
419 2286 529 2339 Καὶ
552 2287 672 2339 ἐπεὶ
702 2285 774 2357 μὴ
806 2283 946 2338 κατὰ
969 2282 1170 2350 ταύτην
1192 2284 1290 2351 τὴν
1316 2275 1493 2350 σάρκα
1514 2275 1790 2349 ἐσταυρώο

197 2376 293 2448 θη,
334 2376 448 2429 ἀλλ’
486 2377 623 2445 ὑπὲρ
650 2372 877 2446 ταῦτης,
912 2374 1230 2443 ἀναγκαίως
1259 2372 1412 2426 ἔσται
1443 2373 1499 2424 ὲν
1529 2361 1789 2441 άὶῗλοτρίᾳ

202 2469 370 2540 σαρκὶ
405 2467 721 2532 πεπονθώς”;
757 2469 804 2520 εί
834 2468 945 2539 γὰρ
972 2467 1031 2521 τὸ
1060 2466 1161 2520 οὐκ
1188 2464 1320 2518 ἴδιόν
1347 2479 1486 2528 πως,
1509 2461 1788 2530 ἀλλότριον

201 2561 365 2623 εὒθὺς
400 2558 520 2612 καθ’
557 2558 733 2628 ὑμᾶς’
773 2560 806 2629 ἡ
836 2558 892 2611 δὲ
922 2555 1243 2625 Ἐκκλησία,
1281 2553 1413 2608 ἰδία·
1448 2554 1508 2607 τὸ
1542 2553 1617 2624 μὴ
1648 2551 1791 2606 κατὰ

201 2651 302 2722 τὴν
335 2648 667 2720 Ἐκκλησίαν
694 2647 832 2703 ’ἴδιον
863 2649 1032 2718 αὐτῷ,
1067 2649 1285 2711 πάντως
1314 2644 1594 2716 ἀλλότριον
1622 2640 1788 2698 αὑτοῦ

204 2742 379 2795 ἔσται·
410 2740 674 2803 ὡσαύτως
703 2741 797 2794 καὶ
824 2742 872 2793 εί
898 2739 997 2810 τὴν
1023 2739 1203 2809 σάρκα
1230 2739 1438 2791 εἴποιτε
1465 2738 1603 2790 ἰδίαν
1624 2736 1789 2791 αὑτοῦ

206 2834 412 2905 κυρίως
445 2830 585 2887 εἶναι
623 2828 721 2905 τὴν
758 2832 1201 2903 καθηλωθεῖσαν,
1240 2833 1272 2901 ἡ
1309 2829 1608 2899 Ἐκκλησία
1638 2827 1790 2881 ἔσται

207 2922 309 2977 οὑκ
340 2923 443 2977 ἰδία
471 2922 658 2987 αὑτοῦ,
698 2923 822 2975 ἐπεὶ
859 2922 933 2991 μὴ
963 2919 1285 2990 καθηλὼθη·
1322 2919 1381 2972 τὸ
1407 2919 1515 2988 γὰρ
1540 2919 1639 2970 οὑκ
1662 2917 1791 2970 ἴδιόν

1875 459 2025 510 eum,
2070 446 2225 515 juxta
2267 461 2388 510 vos,
2419 447 2568 516 quod
2586 463 2698 503 non
2722 455 2808 504 est
2831 449 2925 502 tali
2953 449 3119 504 modo
3148 450 3457 522 proprium,

1876 535 2066 592 statim
2103 537 2163 592 ﬁt
2188 538 2519 608 simpliciter
2551 540 2798 596 alienum
2832 558 2846 594 :
2873 556 3007 612 ergo
3040 542 3252 612 praefati
3276 542 3459 627 homi-

1872 631 1964 686 nis
1997 647 2129 703 ager
2166 631 2394 702 quidem
2443 647 2574 688 vere
2606 635 2867 704 proprius
2895 634 3025 698 erit,
3074 649 3232 690 mens
3269 644 3459 689 autem

1879 722 2001 792 ejus
2040 730 2097 776 et
2130 737 2333 792 corpus
2360 730 2418 778 et
2451 723 2665 794 reliqua
2691 724 2796 795 ipsi
2838 740 2949 780 non
2995 733 3161 780 erunt
3197 725 3462 796 propria?

1873 809 1952 864 lta
1985 808 2201 879 opinari
2240 825 2424 865 nonne
2465 817 2549 866 est
2581 812 2873 867 manifeste
2900 812 3197 882 desipere?
3228 814 3462 869 Prmter-

1871 916 1975 965 ea,
2028 901 2121 957 ille
2165 918 2330 972 quem
2386 919 2489 959 nos
2540 913 2602 959 ut
2648 904 2821 959 Deum
2852 904 3194 959 adorandum
3230 919 3465 961 venera~

1875 1008 2024 1060 mur,
2056 1011 2221 1065 quem
2258 1010 2356 1050 vos
2381 1004 2566 1051 autem
2589 1004 2650 1051 ut
2683 996 2991 1068 simplicem
3033 997 3254 1053 habetis
3278 998 3462 1054 homi-

1875 1100 2003 1140 nem
2030 1082 2158 1157 (nisi
2196 1084 2340 1142 forte
2370 1088 2580 1158 aliquid
2623 1089 2675 1144 ei
2709 1089 2881 1156 aliud,
2932 1089 2979 1144 si
3019 1105 3133 1145 non
3183 1089 3459 1154 divinum,

1873 1172 2120 1233 humano
2156 1188 2336 1234 tamen
2374 1180 2634 1250 superius
2676 1182 3050 1254 largiamini),
3098 1199 3168 1239 en
3208 1184 3464 1240 Christus

1878 1268 2100 1337 propria
2135 1269 2218 1323 sui
2254 1265 2427 1339 ipsius
2476 1286 2607 1327 vere
2648 1287 2769 1328 esse
2800 1273 3142 1329 demonstrat
3168 1289 3370 1344 corpus
3408 1282 3466 1329 et

1876 1374 2104 1416 carnem
2125 1377 2279 1417 suam
2309 1364 2481 1419 clavis
2508 1373 2563 1419 et
2589 1366 2793 1420 lanceae
2818 1367 3066 1422 suﬁixam
3095 1385 3107 1421 :
3130 1367 3296 1438 hujus
3316 1368 3467 1422 enim

1873 1464 2038 1511 erant
2068 1459 2314 1513 membra
2339 1457 2410 1513 de
2437 1460 2641 1529 quibus
2669 1458 2803 1515 dicit
2830 1477 2843 1515 :
2882 1482 2901 1512 ι
2940 1462 3222 1517 Foderunt
3270 1477 3468 1518 manus

1881 1564 2034 1604 meas
2060 1558 2119 1605 et
2160 1550 2330 1620 pedes
2361 1558 2516 1607 meos
2534 1562 2581 1607 τ.
2626 1572 2644 1604 ι
2682 1554 2753 1608 Et
2779 1553 2980 1608 iterum
3004 1555 3287 1625 mysticam
3310 1556 3469 1625 panis

1883 1642 2233 1697 eucharistici
2257 1645 2700 1698 communionem
2734 1646 2969 1715 pr0pria:
3001 1661 3114 1700 sua:
3138 1648 3323 1702 carnis
3349 1661 3470 1701 esse

1888 1732 2239 1789 traditionem
2271 1735 2514 1790 ostendit
2538 1735 2768 1791 dicens:
2807 1754 2824 1786 ι
2864 1735 2966 1802 Qui
2986 1738 3470 1792 comeditcarnem

1885 1840 2064 1880 meam
2103 1834 2168 1881 et
2208 1826 2351 1881 bibit
2383 1843 2566 1883 meum
2599 1826 2920 1898 sanguinem
2947 1837 2993 1883 ι.
3033 1847 3050 1879 ι
3094 1829 3164 1883 Ει
3197 1829 3419 1885 aliunde
3453 1847 3469 1885 :

1880 1912 2003 1973 Hoc
2031 1927 2116 1974 est
2146 1934 2349 1989 corpus
2375 1935 2557 1975 meum
2577 1929 2626 1973 ι.
2668 1940 2684 1971 ι
2718 1922 2892 1991 Ipsam
2916 1937 3138 2003 quoque
3169 1922 3472 1977 Ecelesiam

1885 2024 1984 2079 pro
2005 2025 2102 2064 sua
2135 2011 2356 2080 propria
2379 2025 2548 2064 carne
2576 2011 2778 2076 habet;
2817 2013 2922 2067 hoc
2954 2012 3103 2066 enim
3145 2011 3308 2066 docet.
3330 2010 3474 2081 Apo-

1886 2100 2062 2155 stolus
2092 2101 2279 2156 dicens
2311 2119 2330 2154 ς
2377 2119 2394 2152 ι
2443 2100 2618 2156 Nemo
2651 2104 2797 2157 enim
2849 2118 3004 2158 suam
3043 2119 3265 2158 carnem
3316 2103 3470 2171 odit,

1886 2192 1983 2249 sed
2006 2194 2186 2248 nutrit
2216 2204 2271 2248 et
2297 2194 2448 2248 fovet
2493 2209 2651 2259 eam,
2694 2194 2841 2250 sicut
2887 2206 2944 2249 et
2980 2194 3235 2250 Christus
3284 2194 3476 2251 Eccle-

1889 2284 2024 2340 siam
2046 2295 2089 2339 τ.
2128 2303 2146 2337 ι
2198 2285 2267 2339 Ει
2301 2285 2433 2339 alibi
2464 2304 2479 2340 ς
2530 2304 2548 2337 ι
2583 2284 2692 2343 Vos
2738 2286 2875 2342 estis
2908 2302 3110 2357 corpus
3141 2286 3369 2352 Christi,
3419 2295 3477 2343 et

1889 2376 2136 2431 membra
2158 2392 2222 2431 ex
2246 2377 2495 2432 membro
2517 2390 2566 2431 ε.
2599 2397 2617 2428 ι
2653 2376 2790 2433 Cum
2815 2388 2998 2434 autem
3034 2394 3163 2433 caro
3183 2388 3240 2433 et
3273 2394 3478 2449 corpus

1889 2466 2097 2523 Christi
2131 2469 2418 2539 proprium
2450 2469 2522 2524 sit
2559 2469 2830 2535 Ecclesia,
2874 2486 3007 2542 ergo
3048 2471 3315 2541 quidquid
3364 2488 3476 2526 non

1891 2568 1976 2615 est
2024 2554 2274 2615 Ecclesia
2328 2563 2471 2629 ejus,
2502 2571 2562 2616 ut
2591 2578 2700 2616 non
2732 2562 3021 2632 proprium
3042 2563 3165 2632 ejus
3194 2563 3349 2633 juxta
3379 2578 3479 2618 vos

1886 2644 2232 2707 habebitur?
2273 2646 2342 2706 Et
2384 2651 2515 2721 quia
2559 2668 2671 2706 non
2718 2651 2775 2706 in
2820 2652 2925 2706 hac
2969 2666 3135 2705 carne
3180 2649 3482 2705 cruciﬁxus

1892 2751 1998 2803 est,
2035 2741 2129 2796 sed
2155 2755 2257 2810 pro
2295 2756 2390 2807 ea,
2423 2756 2555 2812 ergo
2586 2739 2899 2796 necessario
2936 2748 3205 2811 sequetur
3238 2741 3391 2795 illum
3424 2740 3482 2794 in

1892 2832 2072 2886 aliena
2113 2846 2277 2886 carne
2310 2848 2533 2901 passum
2564 2832 2728 2887 esse?
2776 2826 2833 2887 Si
2879 2832 3030 2887 enim
3059 2831 3209 2903 quod
3252 2847 3362 2887 non
3398 2840 3484 2886 est

1895 2923 1990 2979 tali
2051 2923 2216 2978 modo
2258 2918 2564 2994 proprium,
2618 2923 2804 2978 statim
2860 2923 2922 2979 ﬁt
2970 2924 3299 2995 simpliciter
3348 2924 3486 2979 alic-

209 3034 327 3080 πως
372 3017 669 3085 λεγόμενον
690 3056 705 3080 ,
753 3013 915 3078 εὐθὺς
950 3014 1080 3083 ὑμῖν
1110 3013 1288 3076 ἔδοξεν
1318 3004 1458 3066 εἶναι
1506 3010 1601 3065 καὶ
1634 3008 1789 3064 ἁλλόιι

1895 3029 2053 3077 num,
2087 3022 2149 3068 ut
2174 3028 2272 3068 vos
2300 3012 2670 3079 contenditis;
2710 3013 2957 3069 Ecclesia
2997 3029 3130 3068 vero
3159 3024 3243 3068 est
3274 3012 3482 3069 Christi

207 3121 380 3180 τριον.
424 3103 643 3168 Ἀλλ’,ὧ
675 3100 821 3161 οὗτοι
842 3147 856 3171 ,
909 3106 1009 3158 οὑκ
1053 3105 1161 3159 ἰδία
1193 3104 1292 3174 μὲν
1319 3109 1421 3175 τῆς
1449 3102 1670 3174 φύσεως
1698 3103 1789 3157 τοῦ

1899 3103 2144 3173 propria,
2170 3096 2319 3173 quod
2361 3101 2529 3173 igitur
2562 3117 2671 3157 non
2693 3110 2779 3157 est
2811 3102 3005 3157 eodem
3029 3102 3193 3158 modo
3220 3118 3283 3157 ac
3301 3103 3489 3158 Eccle-

210 3202 386 3267 Λόγου
420 3203 452 3271 ἡ
491 3198 667 3270 σὰρξ,
724 3201 822 3268 τῆς
864 3198 921 3252 δὲ
971 3199 1326 3262 ὑποστάσεως
1357 3196 1524 3251 αὑτοῦ
1571 3198 1789 3266 γέγονει

1900 3194 2023 3260 sia,
2083 3194 2375 3265 proprium
2437 3193 2636 3264 ipsius,
2672 3194 2750 3249 illi
2809 3202 2894 3249 est
2935 3195 3161 3250 omnino
3215 3195 3481 3250 alienum.

211 3292 300 3346 ἐπ’
347 3292 592 3362 ἐσχάτων
641 3288 857 3361 άληθῶς
898 3289 1009 3343 τῶν
1043 3290 1252 3359 χρόνων
1288 3288 1394 3342 ίδία
1419 3300 1435 3318 ⁵
1474 3288 1710 3358 λέγομεν
1741 3288 1789 3342 δὲ

1892 3280 2058 3352 Item,
2089 3287 2132 3342 si
2158 3286 2357 3341 dixerit
2389 3302 2610 3341 carnem
2632 3285 2835 3342 Christi
2858 3286 3136 3356 propriam
3166 3286 3319 3341 illam
3360 3302 3485 3342 esse

212 3380 309 3435 sui.
358 3376 647 3449 ἀνθρώπου
701 3375 843 3432 εἶναι
898 3374 960 3431 τὸ
1010 3380 1198 3449 σχῆμα
1227 3376 1289 3431 τὸ
1319 3375 1539 3448 δρθιον,
1578 3377 1707 3431 ἴδιον
1741 3376 1789 3432 δι

1902 3378 2223 3457 (ιιιεεοοιεγὶε
2246 3378 2502 3434 transﬁxa
2537 3388 2641 3445 est,
2670 3379 2785 3451 jam
2831 3377 3078 3433 Ecclesia
3107 3392 3221 3433 non
3262 3378 3371 3432 erit
3404 3378 3485 3447 ip-

211 3472 312 3542 τῆς
347 3470 564 3541 φὺσεως
592 3474 691 3542 τῆς
714 3466 919 3542 ψυχῆς,
953 3473 1020 3542 τῇ
1048 3470 1107 3523 δὲ
1138 3471 1195 3524 ὲν
1224 3469 1439 3539 σώματι
1465 3470 1633 3539 αὑτῆς
1664 3470 1800 3523 ὑπο-

217 3567 407 3619 στάσει
443 3558 1116 3636 ὲνθεωροὺμενον.”’οπιιις
1145 3557 1235 3617 οὑν
1263 3560 1423 3616 τοῦτο
1448 3563 1577 3633 περὶ
1598 3561 1803 3633 ταύτης

215 3658 434 3725 λέγεται
489 3658 537 3708 εί
588 3656 847 3724 ἐνοήσατε
869 3696 884 3721 ,
938 3654 1039 3708 οὑκ
1086 3653 1152 3708 ἂν
1187 3656 1319 3724 ἡμῖν
1350 3655 1477 3717 τοὺς
1508 3654 1615 3707 ὑπὸ
1643 3655 1802 3718 σκιᾶς

215 3753 312 3804 καὶ
358 3748 584 3822 ὀνείρων
629 3748 1028 3818 συλλογισμοὺς
1055 3742 1391 3813 άνεπλέξατε
1412 3762 1426 3777 ·
1464 3747 1599 3800 ἀλλὰ
1632 3745 1803 3799 ταῦτα

218 3843 317 3913 μὲν
349 3841 478 3912 περὶ
501 3839 727 3894 τούτων.
746 3840 835 3892 Ἐν
865 3839 921 3892 δὲ
948 3839 1027 3908 τῷ
1052 3838 1196 3892 τέλει
1222 3838 1315 3891 τοῦ
1373 3838 1802 3909 ἐπιχειρήματος

217 3933 372 4004 ὑμῶν
399 3975 413 3999 ,
462 3934 522 3987 τὸ
565 3933 661 3986 τοῦ
700 3930 977 4002 ληθάργου
1014 3929 1185 3994 πάθος
1214 3929 1519 3999 ὑποστῆναι
1550 3930 1802 3996 δόξαντες

216 4024 299 4080 δι”
337 4022 668 4096 ἀπροσεξίαν
696 4064 711 4088 ,
765 4023 905 4093 πρὸς
949 4021 1164 4091 γέλωτα
1197 4021 1263 4075 ἂν
1295 4022 1443 4092 ἡμᾶς
1479 4021 1540 4074 οὑ
1577 4022 1803 4101 μέτριον

220 4119 648 4189 συνεκινήσατε,
704 4116 752 4169 εί
807 4114 881 4186 μὴ
933 4113 1012 4184 τῷ
1058 4114 1277 4185 φρικτῷ
1315 4113 1425 4167 τῶν
1456 4112 1804 4183 ζητουμένων

217 4208 804 4284 προκατεστελλόμεθα
849 4207 985 4277 πρὸς
1019 4206 1334 4260 εὐλάϐειαν.
1377 4207 1440 4259 Εἰ
1472 4206 1581 4276 γὰρ
1612 4204 1709 4258 καὶ
1737 4205 1805 4259 τὰ

222 4305 459 4375 μάλιστα
502 4301 716 4372 ψευδῶς
769 4300 987 4353 ἅπαντα
1039 4296 1170 4363 ὑμῖν
1216 4292 1461 4371 εἴρηται,
1499 4296 1622 4351 ἀλλ’
1655 4297 1806 4367 ὅμως

1902 3470 2020 3525 sius
2041 3470 2289 3541 propria,
2313 3469 2518 3540 quippe
2545 3485 2667 3539 quae
2709 3468 2881 3523 clavis
2915 3482 3026 3522 non
3049 3476 3139 3522 est
3155 3466 3441 3537 perforata
3468 3483 3482 3519 :

1901 3561 2173 3632 quidquid
2221 3561 2370 3614 enim
2421 3577 2533 3615 non
2588 3561 2682 3614 tali
2714 3560 2878 3615 modo
2924 3560 3210 3630 proprium
3258 3558 3484 3624 dicitur,

1896 3654 2009 3725 jam
2039 3660 2102 3706 ut
2129 3652 2370 3706 alienum
2396 3651 2852 3717 ducitis.Verum,
2877 3651 3016 3705 heus
3036 3668 3135 3705 vos
3158 3653 3170 3705 ι
3198 3667 3307 3705 non
3354 3667 3485 3721 pro-

1899 3745 2020 3815 pria
2041 3743 2265 3815 quidem
2298 3750 2510 3798 natura:
2539 3742 2705 3798 Verbi
2754 3751 2840 3796 est
2868 3758 3020 3807 caro,
3065 3758 3318 3812 personas
3356 3757 3488 3798 vero

1903 3838 2025 3908 ejus
2062 3836 2119 3892 in
2170 3835 2492 3891 novissimis
2524 3834 2870 3905 temporibus
2917 3850 3049 3890 vere
3078 3834 3301 3905 propria
3345 3834 3489 3889 facta

1899 3938 2008 3985 est.
2059 3929 2152 3985 Sic
2197 3929 2435 3984 dicimus
2484 3928 2728 3983 hominis
2765 3943 2888 3983 esse
2938 3926 3188 3982 habitum
3239 3936 3483 3991 sectum,

1870 4020 1997 4091 qui
2026 4037 2138 4076 non
2171 4029 2257 4076 at
2299 4020 2559 4090 proprius
2589 4027 2805 4075 natura;
2851 4019 3067 4083 animas,
3103 4019 3199 4074 sed
3236 4035 3486 4089 persona:

1902 4122 2157 4182 respectu
2235 4114 2487 4183 corporis
2548 4119 2812 4182 spectatae
2871 4112 3279 4183 apprOpriatur.
3337 4111 3487 4186 Quo-

1902 4204 2070 4259 modo
2115 4202 2252 4258 illud
2292 4202 2440 4258 circa
2495 4202 2637 4257 hanc
2682 4202 2901 4256 dicatur
2941 4202 2989 4257 si
3049 4201 3484 4268 intellexissetis,

1904 4311 2018 4351 non
2082 4296 2222 4351 istos
2254 4294 2548 4353 nebulosos
2573 4309 3014 4364 somnurnosque
3073 4294 3490 4364 implicuissetis

216 4396 412 4449 ταυτὸν
450 4394 548 4462 μὲν
585 4390 839 4460 συνᾶγειν
870 4391 1015 4461 ὑμᾶς
1048 4388 1410 4461 βουλομένους
1441 4388 1658 4462 ὁρῶμεν
1685 4388 1789 4443 νῦν.

1907 4388 2272 4459 syllogismos.
2318 4387 2446 4443 Hazc
2481 4386 2705 4457 quidem
2748 4387 2895 4442 circa
2926 4386 3048 4441 ista.
3078 4386 3139 4440 lu
3165 4386 3271 4441 ﬁne
3301 4394 3490 4441 autem

217 4487 294 4550 ὡς
326 4486 421 4539 δύο
450 4499 510 4538 τε
554 4484 742 4547 οὑσίας
794 4484 887 4537 καὶ
933 4481 1029 4536 δύο
1058 4481 1329 4552 πρόσωπα
1360 4477 1533 4552 ἤγουν
1561 4480 1799 4535 ὑποστά-

223 4595 339 4641 σεις
388 4577 622 4645 λέγομεν
675 4575 767 4629 ἐπὶ
812 4572 906 4627 τοῦ
946 4574 1121 4642 Λόγου
1166 4573 1260 4625 καὶ
1296 4572 1397 4641 τῆς
1434 4572 1669 4639 σαρκόςο
1707 4574 1802 4624 καὶ

218 4670 377 4725 τοῦτο
410 4669 485 4733 ὡς
517 4669 717 4723 ἄτοπὺν
745 4686 797 4720 τι
828 4667 1203 4737 συμπέρασμα
1239 4665 1333 4718 καὶ
1358 4662 1614 4736 ἀθέμιτον
1643 4664 1801 4729 δόξαν

219 4761 634 4832 διανοουμένους
667 4761 812 4832 ἡμᾶς
841 4759 1089 4829 ἐλέγχειν
1122 4755 1473 4822 σπουδάζετε,
1509 4756 1646 4826 ὅπερ
1673 4755 1802 4827 χθὲς

220 4855 318 4909 καὶ
346 4854 561 4925 τρίτην,
595 4853 680 4920 εἴη
709 4851 766 4904 δὲ
802 4848 877 4923 μὴ
907 4853 988 4916 είς
1018 4846 1231 4922 αὔριον,
1267 4849 1367 4920 τῆς
1401 4849 1669 4919 ὑμετέρας
1701 4849 1800 4917 μό-

223 4966 319 5019 νης
339 4949 457 5000 ἐστὶ
477 4945 777 5016 θρησκείας
798 4941 857 4998 τὸ
878 4936 1437 5011 κεφαλαιωδέστατονο
1470 4940 1568 4998 καὶ
1591 4941 1808 4996 πάντων

226 5041 428 5112 μᾶλλον
468 5039 527 5092 τὸ
559 5038 657 5107 τῆς
683 5035 897 5089 τοιᾶσδε
926 5035 1083 5103 δόξης
1115 5033 1349 5095 ἄτοπον,
1393 5033 1661 5103 ὑμέτερόν
1691 5036 1807 5087 ἐστι

221 5131 653 5202 γνωριστήριον·
696 5130 827 5198 ἡμῖν
861 5123 1031 5189 ὅντως
1068 5127 1162 5179 καὶ
1196 5126 1317 5179 λίαν
1344 5125 1586 5195 ἀπεχθές
1617 5139 1675 5176 τε
1714 5126 1805 5178 καὶ

221 5226 482 5294 πολέμιον
510 5240 523 5253 ο
565 5222 653 5277 διά
686 5237 768 5274 τοι
805 5218 915 5289 γὰρ
948 5218 1108 5271 τοῦτο
1138 5216 1272 5271 αὑτὸ
1305 5216 1401 5270 καὶ
1431 5205 1684 5280 τοσαῦτα
1708 5217 1805 5269 σὺν

220 5317 340 5389 Θεῷ
371 5319 501 5387 ὑμίν
532 5310 1036 5382 ἁνταγωνιξόμεθα.

1907 4481 2080 4539 vestri
2104 4480 2554 4551 epicherematis,
2584 4474 2852 4550 lethargia
2885 4479 2957 4533 ob
2982 4479 3239 4534 inertiam
3265 4488 3488 4550 torpere

1906 4573 2032 4637 visi,
2067 4573 2241 4628 risum
2275 4572 2438 4628 nobis
2474 4573 2831 4628 immodicum
2871 4572 3222 4637 clicuissetis,
3253 4572 3300 4627 si
3330 4588 3485 4627 reve-

1908 4666 2083 4721 rentia
2135 4680 2322 4720 rerum
2367 4664 2435 4719 de
2471 4665 2677 4735 quibus
2704 4665 2883 4736 agitur
2924 4681 3027 4721 nos
3064 4662 3133 4720 ad
3179 4665 3486 4735 religiosam

1906 4774 2021 4814 non
2067 4767 2384 4813 revocasset
2430 4757 2889 4814 moderationem.
2942 4759 3191 4821 Etenim,
3239 4756 3490 4827 quamvis

1904 4850 2133 4906 nonnisi
2164 4851 2451 4905 mendacia
2477 4852 2802 4920 plerumque
2830 4851 3102 4914 dixeritis,
3129 4848 3491 4905 nihilominus

1910 4959 2010 4999 vos
2061 4959 2211 4997 nunc
2257 4942 2508 4996 videmus
2554 4941 2610 4995 id
2654 4943 2860 4996 inferre
2903 4942 3176 5005 volentes,
3232 4940 3494 5015 videlicet

1908 5049 2032 5098 nos,
2066 5033 2212 5086 sicut
2240 5031 2379 5085 duas
2402 5040 2648 5096 naturas,
2688 5032 2761 5086 ita
2785 5032 2897 5086 duo
2918 5033 3203 5102 supposita
3235 5049 3331 5088 seu
3355 5033 3497 5089 duas

1908 5140 2175 5196 personas
2227 5123 2524 5179 admittere
2564 5125 2711 5181 circa
2757 5125 2999 5181 Verbum
3043 5136 3101 5181 et
3141 5141 3397 5192 carnem;
3438 5135 3495 5181 et

1910 5216 2016 5271 hoc
2066 5217 2225 5285 quasi
2269 5216 2567 5272 absurdam
2613 5219 3023 5273 conclusionem
3077 5226 3133 5272 et
3178 5218 3495 5274 haereticam

1907 5308 2229 5380 Opinionem
2271 5309 2328 5363 in
2364 5324 2468 5364 nos
2497 5309 2795 5365 refundere
2830 5309 3128 5375 conamini,
3166 5309 3314 5379 quod
3349 5308 3493 5374 heri,

218 5422 277 5468 ct
323 5413 527 5468 nudius
579 5411 777 5466 tertius
827 5408 845 5480 (
861 5425 927 5464 ac
970 5407 1179 5464 utinam
1220 5418 1324 5458 nec
1367 5418 1545 5472 usque
1594 5418 1719 5458 cras
1753 5403 1803 5474 ι)
1845 5404 2205 5460 summarium
2238 5413 2325 5461 est
2358 5404 2526 5461 totius
2562 5414 2759 5461 vestra:
2821 5406 3105 5478 religionis
3166 5403 3484 5461 fundamen-

221 5515 338 5560 tum
369 5521 383 5560 :
438 5506 549 5560 imo
601 5501 838 5566 absurda
884 5501 985 5556 ista
1042 5500 1297 5556 doctrina
1316 5508 1407 5573 est
1450 5499 1761 5568 praecipuus
1798 5498 2084 5556 character
2149 5516 2259 5570 quo
2290 5516 2390 5557 vos
2423 5500 2846 5572 dignoscimini;
2883 5502 3047 5558 nobis
3083 5516 3213 5559 vero
3247 5511 3332 5558 est
3366 5518 3496 5559 vere

289 5688 316 5724 ν
348 5681 490 5742 Paul.
532 5701 640 5749 xxi,
672 5680 759 5740 Π.
837 5693 864 5722 κ
897 5683 1057 5741 Joan.
1082 5698 1156 5753 vr,
1196 5682 1282 5737 55.
1361 5690 1390 5731 γ
1414 5680 1609 5736 Matth.
1634 5694 1784 5749 xm,
1807 5679 1900 5737 26.
1981 5715 2003 5743 ι
2031 5681 2237 5752 Ephcs.
2270 5680 2436 5751 v,29.
2507 5696 2526 5717 ι
2559 5680 2727 5737 lCor.
2758 5696 2851 5749 xu,
2883 5681 2972 5736 ‘27.
