3908 6306
498 243 635 309 1767

1774 234 2085 305 LEONTII
2125 233 2533 306 ΒΥΖΛΝΤῘΝῘ

3652 248 3772 327 ms

490 376 550 427 et
587 381 814 441 prorsus
856 356 1045 424 odiosa
1086 372 1143 422 et
1179 364 1465 424 contraria
1519 383 1533 422 :
1571 366 1773 438 quippe
1813 368 1958 423 circa
2032 368 2137 424 hoc
2175 369 2354 440 ipsum
2416 379 2526 424 tam
2571 367 2778 424 acriter
2825 365 3122 424 adversum
3173 385 3272 426 vos
3332 385 3472 428 cum
3531 373 3774 446 0colla-

491 475 742 533 gnamus.

1123 545 1286 607 'CAP.
1335 550 1422 607 IV.

562 640 620 696 Si
666 639 814 710 quod
847 640 1052 696 dicitur
1077 657 1212 696 unus
1241 641 1304 695 de
1347 641 1444 698 SS.
1491 641 1768 709 Trinitate,
1809 651 1892 700 est
1917 657 2074 700 com-

493 747 662 786 mune
715 732 1022 788 divinitatis
1062 741 1118 788 et
1163 733 1524 790 humanitatis
1555 733 1798 799 Christi,
1839 737 1927 792 vel
1969 737 2074 793 sub

495 817 691 873 eodem
745 829 1000 889 respectu
1055 829 1139 876 est
1203 831 1493 878 comm’unc
1543 823 1693 880 Patri
1737 835 1796 880 et
1841 825 2072 896 Spiritui

495 921 708 974 sancto,
739 911 828 966 vel
850 912 952 966 sub
976 925 1088 968 uno
1119 920 1176 967 et
1203 913 1378 969 altero
1417 925 1693 984 respectu,
1727 932 1827 988 pro
1856 918 2074 975 duobus

494 1000 699 1068 quibus
717 1010 938 1058 constat
971 1018 1143 1058 unum
1165 1004 1430 1060 Verbum.
1457 1007 1650 1074 Porro,
1677 1007 1722 1063 si
1753 1009 1856 1064 sub
1877 1009 2072 1064 eodem

493 1104 751 1164 respectu
782 1105 868 1150 est
903 1109 1215 1162 commune,
1246 1113 1377 1168 ergo
1412 1099 1591 1169 primo
1624 1106 1752 1156 earo
1783 1108 1866 1156 est
1891 1098 2074 1157 Verbo

497 1185 1026 1244 consubstantialis?
1053 1187 1196 1258 Ergo
1229 1189 1474 1244 secundo
1502 1189 1563 1244 'in
1593 1191 1796 1246 divinis
1824 1198 1909 1247 est
1933 1208 2073 1262 qua-

495 1277 697 1342 ternio,
729 1293 842 1332 non
875 1277 1161 1335 Trinitas?
1186 1279 1242 1334 Si
1269 1289 1454 1334 autem
1487 1295 1598 1336 uno
1622 1281 1794 1336 modo
1823 1269 2071 1336 Verbum

493 1377 552 1424 et
594 1371 772 1426 altero
821 1371 985 1425 modo
1029 1386 1159 1426 caro
1209 1373 1581 1427 communicat
1627 1387 1752 1428 cum
1798 1368 1965 1428 Patre
2015 1383 2074 1431 et

497 1460 704 1531 Spiritu
725 1475 944 1527 sancto,
963 1463 1241 1533 quomodo
1259 1463 1390 1518 hinc
1413 1479 1522 1518 non
1553 1465 1771 1520 infertis
1796 1465 1934 1522 duas
1949 1481 2071 1524 esse

494 1561 722 1607 naturas
751 1553 808 1607 in
845 1553 1189 1608 sanctissima
1212 1543 1527 1610 Trinitate?
1553 1554 1712 1623 Quod
1751 1555 1800 1612 si
1833 1556 2072 1614 dicendo

490 1659 630 1696 unus
655 1643 719 1696 de
745 1643 1002 1698 Trin‘itate
1031 1644 1340 1714 intelligitis
1373 1645 1581 1716 aliquid
1612 1661 1782 1702 unum
1805 1652 1872 1703 e‘x
1897 1649 2072 1720 parti-

493 1736 600 1790 bus
622 1735 958 1801 coalescens,
984 1737 1228 1793 Verbum
1253 1737 1504 1793 divinum
1530 1739 1585 1793 in
1609 1739 1792 1810 seipso
1819 1741 2092 1797 conside-~

493 1835 696 1892 ratum,
714 1828 823 1883 erit
844 1827 1136 1883 dimidium
1160 1831 1317 1884 unius
1338 1831 1402 1884 de
1419 1829 1767 1886 Sanctissima
1783 1821 2072 1899 Trinitate;

2786 545 3044 606 ΚΕΦΑΛ.
3071 550 3154 608 2V.

2239 635 2308 696 Ei
2338 641 2400 695 τὸ
2425 636 2506 708 εἷς
2539 628 2653 711 τῆς
2691 641 2935 710 Τριὰδος
2961 643 3275 714 λεγόμενον,
3310 645 3514 701 κοινὸν
3543 647 3653 718 τῆς
3670 649 3773 704 σία

2170 751 2334 806 τητος
2355 733 2450 786 καὶ
2479 733 2576 804 τῆς
2617 734 3039 806 ἀνθρωπότητος
3067 735 3312 806 Χριστοῦ
3359 739 3546 802 ἐστιν,
3579 741 3616 811 ἢ
3646 745 3774 797 uti

2171 825 2262 880 τὸν
2298 825 2463 879 αὑτὸν
2492 825 2654 894 λόγον
2697 827 2818 879 ἐστὶ
2846 827 3026 880 κοινὸν
3046 827 3126 897 τῷ
3155 829 3337 900 Πατρὶ
3368 833 3476 884 καὶ
3497 832 3584 902 τῷ
3613 835 3771 888 1]νεὺ-

2174 913 2384 985 ματι,ἢ
2416 914 2540 968 καθ’
2555 913 2747 985 ἕτερον
2777 917 2870 969 καὶ
2889 915 3080 988 ἕτερον
3108 934 3224 980 πως
3253 919 3317 982 ἐξ
3339 921 3562 989 ἀμφοῖν
3584 925 3772 976 ams.

2171 1004 2435 1075 λουμένου
2459 1004 2648 1073 »Λόγου
2685 1005 2808 1069 ἑνός
2831 1021 2846 1035 ·
2877 1006 2993 1060 ἀλλ’
3013 1008 3064 1060 εἰ
3092 1007 3194 1077 μὲν
3230 1011 3387 1063 κατά
3410 1011 3516 1064 τὸν
3543 1014 3709 1067 αὑτὸν
3740 1017 3767 1084 ἦ

2173 1097 2446 1162 κοινωνία,
2479 1097 2694 1167 πρῶτον
2719 1097 2819 1167 μὲν
2846 1096 2962 1162 πῶς
2986 1099 3095 1168 οὐχ
3155 1101 3462 1172 όμοούσιος
3483 1105 3520 1174 ἠ
3554 1106 3768 1177 σάρξτῴ

2171 1188 2366 1259 Λόγῳς
2397 1183 2520 1242 εἶτα
2549 1189 2606 1244 δὲ
2629 1191 2726 1244 καὶ
2755 1191 2952 1262 τετρὰς
2993 1193 3055 1244 οὑ
3087 1193 3258 1264 Τριάς
3290 1195 3361 1249 τὺ
3407 1196 3615 1264 Θεῖον;
3653 1203 3700 1252 εἰ
3721 1201 3767 1253 (τε

2173 1277 2296 1331 καθ’
2321 1278 2514 1350 ἕτερον
2538 1281 2793 1332 κοινωνεί
2816 1281 2846 1332 ό
2865 1281 3036 1348 Λόγος
3057 1283 3155 1334 καὶ
3179 1282 3304 1336 καθ’
3331 1282 3546 1354 ἕτερον
3579 1289 3616 1356 ἠ
3648 1288 3768 1357 σὰρξ

2171 1369 2249 1441 τῷ
2277 1371 2456 1442 llath
2491 1374 2589 1426 καὶ
2618 1371 2921 1442 Πνεὺματι,
2945 1373 3060 1436 πῶς
3085 1375 3148 1427 οὐ
3196 1373 3292 1428 δύο
3312 1376 3422 1440 τὰς
3450 1379 3654 1446 φύσεις
3683 1383 3768 1447 τῆς

2171 1463 2577 1535 ἀγίαςΤριάδος
2607 1465 2856 1532 εἰσάγετε
2878 1483 2892 1530 ;
2915 1467 2963 1518 εἰ
2987 1465 3044 1518 δὲ
3058 1465 3135 1530 ὡς
3150 1467 3272 1520 ὅλον
3288 1471 3362 1522 ἐκ
3393 1471 3592 1540 μερῶν
3618 1472 3680 1524 τὸ
3691 1468 3766 1538 εἰς

2171 1553 2284 1624 τῆς
2309 1555 2554 1624 Τριάδος
2575 1556 2786 1625 λέγετε,
2803 1559 2834 1610 ὁ
2854 1557 2984 1624 Θεὸς
3003 1559 3177 1630 Λόγος
3196 1561 3332 1614 καθ’
3353 1563 3590 1628 ἑαυτὸν,
3606 1567 3763 1634 ἧμισιι

2171 1646 2312 1712 ἐνὸς
2341 1644 2452 1714 τῆς
2471 1647 2648 1718 ἁγίας
2681 1648 2922 1717 Τριὰδος
2945 1649 3102 1704 ἔσται
3124 1667 3138 1681 ·
3161 1654 3212 1706 εί
3236 1653 3296 1706 δὲ
3325 1655 3444 1724 ἄρα
3471 1658 3572 1708 καὶ
3587 1657 3763 1727 ipost}-

2175 1754 2290 1791 σιον
2311 1737 2398 1815 δεῖ
2427 1738 2609 1808 λέγειν
2638 1741 2705 1794 ὲκ
2739 1739 2853 1804 δύο,
2887 1743 2986 1796 καὶ
3011 1743 3104 1797 τόν
3127 1744 3360 1816 Πατέρα
3402 1751 3506 1802 καὶ
3521 1747 3588 1800 τὸ
3613 1749 3764 1802 Πνεῧ-

2179 1848 2254 1900 μα
2285 1829 2557 1898 λέγοντες,
2574 1831 2635 1898 ἒξ
2659 1833 2904 1903 μονάδων
2929 1831 3068 1889 εἶναι
3088 1838 3187 1907 τῆς
3217 1838 3395 1907 ἀγῖας
3419 1841 3661 1913 Τριᾶδος
3683 1845 3761 1896 civ

488 1933 558 1973 ac
579 1918 625 1974 si
651 1919 792 1974 forte
814 1919 1108 1974 dicendum
1133 1921 1207 1975 sit
1234 1920 1707 1977 consubstantiale
1737 1937 1804 1978 ex
1829 1921 2065 1992 duobus,

2173 1922 2346 1990 Λόγον
2390 1923 2680 1978 δεδώκατε.
2708 1917 2859 1978 ’Ἀλλ’
2905 1920 2951 1980 ὦ
3001 1927 3100 1998 τὴν
3128 1928 3383 1984 διάνοιαν
3441 1934 3627 2002 ἰσχνοὶ
3675 1936 3761 1991 καὶ

493 2018 629 2064 tunc
663 2011 878 2066 Patrem
921 2021 979 2066 et
1015 2011 1284 2081 Spiritum
1327 2021 1582 2068 sanctum
1618 2028 1744 2068 cum
1777 2028 1846 2068 eo
1878 2029 2072 2069 nume-

495 2106 702 2167 rantes,
738 2115 770 2155 e
805 2115 900 2154 sex
942 2099 1276 2156 monadibus
1304 2100 1715 2157 Sanctissimam
1741 2100 2070 2158 Trinitatem

487 2202 749 2248 constare
779 2191 1053 2248 inferetis.
1089 2193 1420 2264 Respondco
1447 2195 1677 2263 vobis,o
1708 2196 2072 2267 intelligentia

489 2281 823 2348 imbecilles,
851 2293 1122 2340 accurata:
1145 2301 1276 2341 vero
1297 2287 1732 2357 supputationis,
1750 2297 1818 2344 ut
1837 2289 2066 2360 putatis,

485 2374 814 2445 peritissimi
843 2393 856 2429 ε
887 2375 1090 2446 primo,
1117 2391 1227 2431 non
1265 2377 1320 2432 in
1349 2387 1618 2448 quantum
1653 2380 1862 2452 aliquid
1897 2397 2071 2436 unum

483 2483 616 2522 esse
663 2483 732 2522 ex
781 2467 1061 2538 pluribus,
1110 2469 1167 2522 in
1216 2477 1430 2524 tantum
1475 2485 1771 2527 commune
1822 2487 1947 2527 cum
1978 2472 2072 2528 his

485 2559 747 2628 pluribus
794 2559 1114 2615 neceSsario
1161 2567 1278 2626 est,
1320 2562 1415 2617 scd
1451 2563 1512 2616 in
1553 2573 1824 2632 quantum
1863 2564 2072 2620 dicitur

485 2665 664 2705 unum
689 2665 815 2706 cum
835 2651 1094 2721 pluribus
1123 2667 1270 2707 esse.
1299 2652 1356 2708 Si
1379 2668 1514 2724 ergo
1538 2669 1683 2710 unus
1704 2655 1775 2711 de
1795 2655 2070 2714 Trinitate

489 2738 736 2796 Verbum
764 2741 974 2795 dicitur
999 2740 1303 2811 respective
1323 2740 1398 2796 ad
1421 2750 1709 2812 personam
1735 2742 2070 2815 (respective

481 2833 640 2888 enim
667 2831 735 2886 ad
765 2839 1044 2898 naturam,
1077 2848 1189 2887 non
1217 2843 1394 2887 unum
1427 2833 1719 2899 extribus,
1757 2834 1855 2890 sed
1897 2851 2068 2890 unum

491 2940 616 2980 cum
651 2924 872 2980 duobus
901 2925 1208 2980 testimatur
1234 2924 1544 2995 Verbum),
1573 2934 1631 2981 et
1655 2926 1865 2982 nullam
1903 2925 2072 2982 habet

485 3016 596 3074 sub
627 3024 883 3088 respeCtu
940 3017 1184 3088 propriae
1209 3032 1322 3074 suae
1349 3032 1620 3088 personae,
1656 3018 1772 3074 sive
1800 3025 1928 3074 ante
1953 3019 2070 3075 sive

491 3119 615 3179 post
647 3111 1104 3178 incarnationem,
1133 3126 1258 3166 cum
1287 3111 1451 3167 Patre
1487 3121 1545 3168 et
1577 3112 1789 3183 Spiritu
1815 3127 2070 3168 commu-

489 3203 742 3266 nitatem,
784 3201 918 3270 quia
959 3210 1270 3271 neuterque
1301 3197 1546 3256 Verbum
1587 3211 1705 3269 est;
1753 3217 1934 3274 neque
1969 3218 2072 3258 un-
2099 3256 2142 3274 η

483 3307 678 3361 quam,
710 3299 774 3345 ut
815 3289 1146 3360 simpliciter
1185 3306 1463 3361 personat,
1503 3293 1601 3346 ulli
1637 3307 1888 3362 personae
1915 3307 2070 3350 com-

490 3380 834 3435 municabit:
877 3380 1159 3450 quomodo
1201 3381 1372 3435 vultis
1408 3380 1726 3448 Christum,
1773 3384 1901 3453 qui,
1950 3393 2068 3442 tum

487 3479 766 3540 quatenus
797 3469 1130 3536 simpliciter
1157 3469 1421 3535 Verbum,
1444 3478 1562 3524 tum
1593 3481 1868 3542 quatenus
1887 3475 2070 3530 incar«

488 3571 674 3624 natus,
702 3574 847 3614 unus
876 3567 960 3614 est
999 3559 1069 3613 de
1112 3560 1460 3616 sanctissima
1491 3561 1786 3631 Trinitate,
1813 3580 2066 3622 commu-

485 3653 673 3707 nicare
719 3665 845 3706 cum
889 3650 1110 3708 duabus
1149 3652 1274 3708 aliis
1310 3655 1568 3724 personis
1606 3657 1659 3711 in
1700 3655 1806 3714 hoc
1837 3660 2066 3728 pnecise

480 3756 599 3812 quo
638 3749 724 3797 est
765 3756 937 3795 unum
984 3756 1054 3795 ex
1095 3741 1277 3797 tribus
1322 3742 1603 3800 distinctis
1631 3745 1781 3816 (nam
1811 3760 2065 3816 persona:

489 3834 690 3888 divinae
721 3849 828 3888 non
866 3839 996 3888 sunt
1026 3848 1196 3888 unum
1229 3844 1481 3906 respectu
1511 3851 1607 3892 seu
1639 3836 1855 3892 ratione
1887 3838 2064 3909 liypob

489 3933 722 3992 staseos,
755 3925 850 3980 scd
886 3941 1059 3980 unum
1095 3939 1226 3981 vere
1257 3935 1388 3982 sunt
1423 3929 1640 3984 ratione
1674 3943 1772 3984 seu
1805 3935 2063 4000 respectu

484 4025 728 4086 natura,
778 4019 1009 4074 relative
1053 4019 1124 4075 ad
1163 4035 1328 4091 quam
1373 4035 1486 4076 non
1532 4029 1662 4075 sunt
1700 4021 1838 4087 tria,
1885 4023 1960 4076 ita
2003 4030 2065 4078 ut

483 4127 654 4164 unum
697 4127 766 4166 ex
813 4111 990 4166 tribus
1027 4112 1279 4169 dicamus
1319 4127 1442 4168 esse
1479 4111 1831 4183 Christum)?
1867 4113 1926 4168 In
1957 4113 2064 4168 hoc

479 4203 702 4272 quidem
747 4217 914 4258 sensu
948 4202 1228 4259 Christum
1256 4203 1484 4259 relative
1515 4204 1583 4259 ad
1622 4204 1758 4260 alias
1793 4219 2064 4276 personas

482 4291 688 4348 habere
765 4295 1150 4350 tantummodo
1217 4295 1638 4352 similitudinem
1697 4297 2058 4352 arbitramur.

476 4383 780 4442 Evidenter
816 4388 965 4442 enim
995 4403 1276 4458 personae,
1313 4404 1425 4444 non
1459 4389 1770 4460 respective
1797 4388 1865 4444 ad
1906 4405 2061 4444 suam

477 4477 846 4548 bypostasim,
877 4479 972 4534 sed
1002 4480 1308 4550 respective
1331 4479 1400 4534 ad
1428 4481 1576 4535 illam
1612 4497 1736 4552 quae
1765 4481 1900 4552 ipsis
1928 4481 2061 4536 sub-

2173 2015 2303 2083 περὶ
2325 2013 2428 2084 τὴν
2457 2013 2568 2068 τῶν
2589 2015 2809 2070 τιοῶνδε
2838 2017 3224 2088 ἀκριϐολογίαν
3257 2021 3562 2088 δεινοὶίὼς
3575 2027 3759 2090 οἴεσθε,

2175 2104 2392 2172 πρῶτον
2428 2107 2526 2176 μὲν
2549 2107 2608 2160 οὐ
2641 2108 2764 2162 καθ’
2790 2109 2818 2162 ὃ
2841 2109 2901 2163 ἐν
2929 2127 2982 2162 τι
3012 2107 3156 2164 εἶναι
3185 2113 3284 2164 καὶ
3320 2115 3393 2167 ἐκ
3423 2116 3540 2169 τῶν

2166 2193 2391 2263 λέγεταί
2410 2214 2484 2262 τι,
2515 2199 2660 2253 κατὰ
2686 2199 2845 2254 τοῦτο
2883 2202 3103 2265 πάντως
3133 2205 3230 2258 καὶ
3268 2209 3460 2261 κοινὸν
3483 2205 3632 2263 εἶναι
3658 2214 3759 2273 tsi;

2175 2286 2390 2350 πολλοῖς
2416 2289 2634 2362 ἀνάγκη
2651 2307 2668 2324 ο
2699 2291 2836 2346 ἀλλά
2857 2296 2996 2349 καθὸ
3017 2296 3078 2350 ἐν
3105 2293 3250 2352 εἶναι
3275 2299 3536 2368 λέγεται,
3563 2306 3654 2356 καὶ
3679 2306 3758 2358 σεεν

2173 2379 2390 2444 πολλοῖς
2447 2375 2588 2435 εἶναι
2611 2396 2625 2410 ·
2655 2386 2704 2436 εί
2759 2381 2856 2439 οὖν
2901 2383 2984 2450 εἷς
3023 2389 3120 2460 τῆς
3160 2391 3325 2458 ἁγίας
3353 2391 3597 2464 Τριὰδος
3633 2399 3756 2449 κατά

2171 2469 2272 2541 τὴν
2327 2471 2630 2528 ὑπόστασιν
2660 2477 2690 2529 ό
2712 2476 2883 2545 Λόγος
2931 2479 3166 2551 εἴρηται,
3195 2483 3351 2535 κατά
3389 2485 3503 2554 γὰρ
3556 2489 3656 2556 τήν
3682 2489 3756 2539 αὖ.

2175 2556 2298 2610 σίαν
2329 2557 2430 2630 οὑχ
2494 2559 2553 2614 ἓν
2598 2565 2662 2615 ὲκ
2693 2565 2884 2634 τριῶν,
2935 2567 3051 2620 ἀλλ’
3094 2564 3177 2634 εἷς
3210 2572 3335 2641 ἄμα
3369 2577 3479 2629 σὺν
3548 2579 3655 2640 τοῖς
3676 2577 3755 2630 δύο

2172 2643 2452 2712 δοξάζεται
2471 2649 2500 2702 ό
2523 2651 2694 2718 Λόγος
2710 2666 2725 2682 °
2757 2655 2850 2708 καὶ
2875 2655 2975 2708 οὑκ
3005 2656 3120 2728 ἔχει
3148 2661 3276 2713 τινὰ
3301 2667 3612 2720 κοινωνίαν
3631 2666 3752 2720 πατὲ

2172 2737 2272 2808 τὴν
2301 2739 2507 2796 οἰκείαν
2536 2743 2854 2812 ὑπόστασιν,
2875 2746 2997 2802 οὔτε
3011 2751 3118 2822 πρὸ
3147 2753 3359 2825 σαρκὸς
3375 2757 3522 2827 πρὸς
3554 2759 3752 2812 tua»

2171 2829 2309 2901 τέρα
2339 2832 2370 2902 ἢ
2403 2832 2463 2888 τὸ
2497 2835 2877 2907 Πνεῦμα,οὑδὲ
2893 2844 3030 2911 μετά
3046 2843 3143 2913 τὴν
3158 2846 3368 2914 σάρκαο
3392 2851 3530 2904 ἐπεὶ
3547 2851 3625 2922 μὴ
3642 2852 3751 2906 ταξ-

2172 2924 2282 2976 ταὸ
2311 2925 2482 2995 Λόγος
2507 2929 2675 2982 ἐστίν’
2695 2932 2816 2985 οὐδὲ
2843 2933 2950 3004 μὴν
2979 2934 3166 3000 ἁπλῶς
3193 2937 3274 3002 ὡς
3295 2941 3614 3007 ὑπόστασις
3638 2945 3751 2997 ὑποο

2175 3016 2363 3068 στάσει
2395 3021 2718 3090 κοινωνήσει
2763 3020 2985 3077 πώποτε
3007 3039 3022 3056 ⁸
3059 3026 3176 3092 πῶς
3203 3033 3513 3086 κοινωνίαν
3539 3037 3651 3088 εἴτε
3673 3037 3750 3088 καὶ

2171 3103 2250 3166 ὡς
2273 3105 2466 3170 ἅπλῶς
2503 3108 2701 3178 Λόγου,
2745 3113 2859 3166 εἴτε
2889 3114 2984 3168 καὶ
3012 3115 3088 3180 ὡς
3127 3124 3579 3193 σεσαρκωμὲνου
3603 3127 3753 3198 ἦγον

2173 3195 2411 3289 Χριστοῦ
2438 3199 2703 3270 ἐρωτᾶτε,
2737 3202 2833 3256 τοῦ
2854 3204 2972 3272 ἑνὸς
2999 3207 3097 3278 τῆς
3147 3210 3314 3278 ἁγίας
3341 3195 3754 3289 Τριάδοςξπρδς

2171 3287 2244 3340 τά
2266 3289 2432 3361 ἔτερα
2461 3289 2554 3344 δύο
2586 3295 2878 3364 πρόσωπα,
2906 3299 3034 3350 κατ’
3066 3299 3200 3353 αὐτὸ
3230 3301 3406 3358 τοῦτο
3443 3308 3587 3360 καθὸ
3620 3287 3752 3362 ἔνια

2167 3378 2280 3432 τῶν
2317 3381 2487 3452 τριῶν
2517 3384 2789 3454 ἀνομοίων
2814 3389 2962 3442 ἐστίν
2985 3404 2999 3418 ·
3035 3390 3156 3444 οὑδὲ
3181 3393 3295 3464 γάρ
3323 3393 3389 3447 ἓν
3414 3398 3498 3470 τῷ
3529 3401 3688 3468 λόγῳ,
3719 3403 3748 3472 ἦ

2167 3473 2247 3526 τῶ
2263 3476 2482 3548 ἀριθμῷ
2506 3477 2608 3548 τῆς
2628 3480 3130 3548 ὑποστάσεὼςείσιο
3145 3486 3206 3540 τὸ
3221 3487 3335 3557 γὰρ
3363 3490 3432 3545 ἓν
3465 3495 3676 3561 αὐτοῖς,
3694 3499 3751 3566 τῇ

2166 3567 2324 3638 οὐσία
2346 3569 2495 3622 ἐστὶν
2523 3570 2760 3641 ἀληθῶς,
2793 3575 2888 3627 καὶ
2913 3575 2992 3645 τῷ
3005 3578 3106 3647 τῆς
3135 3579 3326 3643 οὐσίαις
3346 3583 3589 3654 ἀριθμῷ
3610 3606 3624 3618 ·
3644 3578 3751 3641 καθ’

2164 3657 2232 3727 ἢν
2243 3659 2498 3714 οὐδέποτε
2519 3663 2638 3716 οὑδὲ
2661 3665 2786 3736 τρία
2797 3667 2958 3731 εἰσιν,
2977 3667 3064 3722 ἵνα
3080 3669 3178 3725 ἕνα
3190 3670 3299 3726 τῶν
3315 3674 3494 3743 τριῶν
3509 3675 3751 3749 λέγοιμεν

2165 3749 2256 3803 τὸν
2283 3752 2520 3822 Χριστόν
2539 3770 2554 3787 ·
2606 3757 2702 3808 καὶ
2735 3756 2874 3828 πρὸς
2908 3758 2978 3812 τὰ
3019 3759 3182 3832 ἕτερα
3209 3761 3392 3828 οὕτως
3418 3765 3576 3836 ἔχειν
3603 3769 3752 3822 aia-via

2167 3844 2372 3897 σκοποῦ
2382 3860 2482 3913 μεν
2506 3846 2604 3915 τὴν
2624 3847 2884 3918 ὁμοίωσιν
2907 3865 2922 3880 ο
2938 3849 3101 3921 δῆλον
3119 3853 3228 3924 γὰρ
3243 3854 3320 3919 ὡς
3333 3857 3394 3909 αἱ
3420 3859 3749 3923 ὑποστάσεις

2164 3934 2224 3986 οὐ
2281 3937 2425 3990 κατὰ
2477 3937 2577 4010 τὴν
2610 3939 2932 4008 ὑπόστασιν,
2963 3943 3102 3997 ἀλλά
3145 3947 3288 4001 κατά
3317 3947 3426 4018 τὴν
3461 3952 3522 4004 ὲν
3565 3954 3752 4017 αὑταῖς

2163 4025 2372 4092 οὐσίαν,
2410 4029 2542 4100 μίαν
2567 4030 2750 4101 ἔχουσι
2765 4033 2866 4104 τὴν
2889 4035 3314 4104 ἀπαράλλακτον
3340 4039 3517 4108 φύσιν
3535 4059 3554 4074 ·
3581 4045 3650 4097 ἐκ
3666 4044 3747 4098 toi

2163 4119 2274 4190 γάρ
2308 4123 2484 4192 πάντη
2515 4124 2741 4188 ταύταις
2766 4122 2908 4180 εἶναι
2933 4128 3064 4198 μίαν
3096 4127 3474 4200 ὕπαρξιν,καὶ
3505 4135 3751 4206 cipitas-

2161 4214 2363 4284 τὸτητά
2395 4232 2579 4288 φαμεν
2599 4235 2611 4247 ·
2643 4219 2904 4288 ὁμοίωσις
2928 4221 3028 4290 μὲν
3057 4222 3166 4292 γὰρ
3187 4222 3279 4276 τοῦ
3315 4223 3457 4278 Υῑοῦ
3499 4230 3645 4300 πρὸς
3669 4231 3748 4283 es?

2163 4308 2418 4380 Harépa‘
2479 4310 2574 4364 καὶ
2625 4309 2793 4365 εἰκὼν
2828 4308 2968 4367 εἶναι
3007 4314 3105 4368 τοῦ
3156 4317 3369 4389 [ἰατρὸς
3393 4320 3428 4372 ό
3458 4319 3596 4386 Υἱδς
3637 4322 3743 4376 τότε

2162 4397 2402 4466 λέγεται,
2421 4401 2508 4454 ὅτε
2543 4403 2642 4455 σὺν
2672 4405 2740 4474 τῇ
2773 4403 2956 4472 φύσει,
2982 4407 3163 4461 καὶτὸ
3187 4407 3387 4479 ἰδίωμα
3417 4411 3586 4467 τοῦδε
3619 4419 3743 4470 vati-

2161 4507 2275 4556 ται,
2317 4493 2483 4563 ἤγουν
2505 4494 2566 4548 τὸ
2589 4493 2651 4559 ἐξ
2690 4497 2867 4549 αἰτίου
2888 4515 2903 4528 ο
2932 4485 3108 4562 οὑτως
3137 4501 3244 4572 γὰρ
3277 4501 3373 4554 καὶ
3402 4507 3508 4575 τῆς
3539 4509 3741 4569 εἰκόνος

473 4575 566 4620 est
596 4568 917 4634 essentiam,
961 4569 1124 4624 unica
1169 4570 1414 4640 gaudent
1454 4571 1778 4627 indivisibili
1815 4571 2054 4628 natura:

2168 4582 2191 4633 ὁ
2219 4579 2378 4650 λόγος
2407 4582 2546 4652 μετά
2583 4583 2680 4637 τοῦ
2723 4585 2906 4640 κοινοῦ
2935 4586 3034 4656 τῆς
3063 4568 3382 4659 ὁμοιώσεως
3419 4568 3535 4663 ζέει
3576 4596 3668 4648 καὶ

477 4670 548 4711 cx
584 4671 651 4712 eo
687 4659 836 4726 quod
884 4667 1071 4714 autem
1115 4659 1281 4716 unica
1309 4661 1391 4716 eis
1422 4662 1556 4718 insit
1587 4663 1915 4731 substantia,
1947 4664 2055 4720 hoc

476 4763 863 4820 nuncupamus
895 4749 1262 4806 identitatem.
1309 4752 1526 4808 Relatio
1553 4754 1674 4808 Filii
1719 4755 1788 4808 ad
1833 4755 2052 4811 Patrem

475 4850 562 4898 est
583 4841 886 4898 similitudo
915 4859 929 4896 :
953 4856 1018 4898 ac
1041 4841 1220 4898 Patris
1243 4843 1420 4915 imago
1443 4842 1614 4900 Filius
1637 4842 1802 4900 toties
1825 4844 2052 4914 dicitur,

470 4933 692 5004 quoties
715 4949 841 4988 cum
883 4942 1080 4990 natura
1123 4933 1288 4990 simul
1315 4936 1600 5006 proprium
1633 4935 1808 5007 ipsius
1835 4947 2054 5008 specta-

469 5030 565 5080 tur
599 5025 948 5092 attributum,
994 5027 1143 5096 quod
1184 5034 1270 5083 est
1307 5043 1416 5082 esse
1450 5043 1482 5083 ο
1539 5028 1831 5100 principio.
1861 5028 2052 5096 Quoad

470 5113 650 5170 ideam
703 5116 983 5188 imaginis,
1031 5125 1231 5188 praeter
1273 5133 1622 5174 communem
1671 5119 2054 5176 similitudinis

471 5207 766 5272 rationem,
799 5208 905 5263 hoc
935 5209 1102 5263 habet
1136 5209 1392 5280 speciale,
1423 5224 1620 5280 nempe
1660 5210 1806 5280 quod
1839 5225 1950 5266 non
1981 5211 2052 5265 sit

469 5307 818 5372 prototypus,
849 5299 944 5355 sed
971 5301 1302 5372 exemplaris
1323 5301 1594 5358 imitatio:
1623 5301 1770 5372 quod
1791 5312 1874 5359 est
1908 5302 2050 5358 ima-

467 5391 611 5462 ginis
654 5393 986 5465 proprietas.
1033 5393 1173 5451 Cum
1221 5409 1356 5451 vero
1398 5395 1588 5451 ambas
1626 5396 1749 5452 illas
1783 5411 2050 5468 personas

469 5483 574 5537 sub
599 5495 856 5556 respectu
882 5501 1073 5542 earum
1103 5494 1313 5543 naturae
1340 5487 1776 5556 consideramus,
1799 5491 1913 5560 jam
1936 5505 2046 5544 non

469 5581 555 5625 cst
585 5573 740 5630 locus
767 5578 986 5634 dicendi
1013 5581 1454 5649 similitudinem,
1478 5584 1605 5656 quia
1629 5601 1741 5640 non
1771 5593 1856 5641 est
1879 5585 2047 5642 altera

471 5659 628 5714 alteri
656 5665 854 5724 collata
883 5689 896 5725 :
929 5673 1083 5730 nulla
1120 5675 1268 5730 enim
1305 5676 1585 5732 videbitur
1615 5677 1918 5748 distinctio,
1953 5679 2048 5736 sed

2163 4671 2240 4742 μὴ
2271 4675 2626 4743 πρωτότυπον
2661 4670 2804 4731 εἶναι
2853 4677 2968 4730 ἀλλ’
2995 4681 3059 4732 ἐκ
3108 4681 3590 4751 παραδείγματος,
3623 4687 3740 4740 ἔδων

2155 4763 2326 4833 αὑτῆς
2347 4763 2476 4816 ὅντα
2497 4765 2654 4834 λόγον
2673 4782 2688 4798 ο
2711 4767 2801 4821 ὅτε
2824 4767 2882 4822 δὲ
2905 4769 3030 4823 καθ’
3046 4771 3218 4842 αὑτὴν
3235 4771 3336 4844 τὴν
3355 4775 3554 4831 οὐσίαν
3585 4779 3740 4849 ἄμφω

2154 4853 2264 4908 τῶν
2287 4857 2639 4912 ὑποστάσεων
2659 4860 2857 4924 αὐτοὺς
2873 4861 3126 4933 νοοῦμεν,
3142 4863 3263 4918 οὑτε
3280 4867 3548 4937 ὁμοίωσιν
3563 4872 3743 4925 leui!

2155 4945 2461 5016 ἐστιλὲγειν
2481 4965 2495 4980 ο
2527 4951 2652 5004 ἐπεὶ
2687 4953 2762 5025 μὴ
2795 4952 3118 5028 ἔστινὲτέρα
3133 4958 3267 5028 πρὸς
3291 4959 3496 5031 ἑτέραν
3525 4979 3743 5033 συγ-ιρι-

2159 5039 2363 5109 νομένη
2383 5055 2397 5068 ο
2428 5041 2660 5113 οὐδεμία
2697 5047 2806 5118 γὰρ
2837 5045 3141 5118 ὀφθήσεται
3167 5051 3452 5122 ἑτερότης,
3485 5052 3631 5109 ἀλλὰ
3653 5056 3741 5126 μό-

2157 5146 2248 5184 νον
2301 5133 2611 5203 ταυτότητα
2638 5137 2811 5208 αὐτῆς
2841 5139 3056 5204 ὲνιαίως
3092 5140 3284 5216 ἔσμεν·
3322 5147 3372 5198 εὶ
3396 5139 3496 5200 οὖν
3535 5149 3634 5200 καὶ
3668 5147 3739 5216 μὴ

2155 5217 2300 5272 κατὰ
2345 5219 2504 5289 λόγον
2549 5223 2648 5296 τήν
2697 5225 2969 5299 ἐρώτησιν
3017 5235 3394 5302 προσαγαγεῖν
3423 5233 3733 5304 δεδύνῃσθε.

2155 5308 2306 5379 ὅμως
2336 5311 2520 5380 μέντοι
2570 5316 2712 5370 κατὰ
2734 5317 2832 5390 τὴν
2865 5319 3004 5374 ἰδίαν
3024 5323 3310 5376 κοινωνίαν
3343 5325 3442 5380 τοῦ
3465 5329 3734 5382 Assa-«Stoa

2155 5402 2314 5473 ἡμῶν
2347 5405 2522 5476 Ἰησοῦ
2545 5407 2786 5479 Χριστοῦ
2802 5413 3200 5485 φανταζόμενοι
3219 5415 3345 5470 τάδε
3373 5419 3731 5479 πυνθάνεσθε.

2155 5493 2362 5568 ταύτην
2390 5495 2628 5568 λήψεσθε
2656 5501 2796 5572 mp"
2819 5504 2977 5574 ἡμῶν
3000 5506 3101 5576 τὴν
3133 5509 3450 5580 ἀπόκρισιν,
3480 5513 3559 5576 ὡς
3581 5515 3614 5567 ό
3634 5513 3732 5567 Λό-

2155 5604 2251 5656 γος
2275 5587 2334 5642 ἒν
2365 5589 2656 5660 πρόσωπον
2704 5594 2826 5648 ὅλον
2852 5595 3134 5668 ὑπάρχων,
3188 5600 3288 5672 μία
3325 5617 3390 5655 τε
3435 5604 3729 5668 ὑπόστασις

2156 5680 2255 5752 τῆς
2278 5682 2442 5752 ἁγίας
2481 5685 2742 5758 Τριάεοςο
2775 5688 2835 5754 ἐξ
2865 5689 3216 5746 ὑποστάσεων
3245 5691 3358 5766 γὰρ
3413 5696 3478 5751 οὗ
3523 5697 3728 5769 φύσεις
