  <div class='ocr_page' id='page_1' title='image "/cluster/home/n/w/nwhite01/storage/ocr_20150623/86 pars.1/pst.000005712878/928.png"; bbox 0 0 3908 6306; ppageno 0'>
   <div class='ocr_carea' id='block_1_1' title="bbox 81 336 286 413">
    <p class='ocr_par' dir='ltr' id='par_1_1' title="bbox 81 336 286 413">
     <span class='ocr_line' id='line_1_1' title="bbox 81 336 286 413; baseline 0.005 -3"><span class='ocrx_word' id='word_1_1' title='bbox 81 336 286 413; x_wconf 66' lang='grc' dir='ltr'><strong>1ἧ68·</strong></span> 
     </span>
    </p>
   </div>
   <div class='ocr_carea' id='block_1_2' title="bbox 1057 345 2452 409">
    <p class='ocr_par' dir='ltr' id='par_1_2' title="bbox 1057 345 2452 409">
     <span class='ocr_line' id='line_1_2' title="bbox 1057 345 2452 409; baseline 0.001 -3"><span class='ocrx_word' id='word_1_2' title='bbox 1057 345 1453 408; x_wconf 78' lang='lat' dir='ltr'><strong>ADVERSUS</strong></span> <span class='ocrx_word' id='word_1_3' title='bbox 1488 345 2033 408; x_wconf 81' lang='lat' dir='ltr'><strong>NESTORIANOS.</strong></span> <span class='ocrx_word' id='word_1_4' title='bbox 2053 349 2282 409; x_wconf 85' lang='lat' dir='ltr'><strong>--LlB.</strong></span> <span class='ocrx_word' id='word_1_5' title='bbox 2322 348 2452 409; x_wconf 75' lang='lat' dir='ltr'><strong>VII.</strong></span> 
     </span>
    </p>
   </div>
   <div class='ocr_carea' id='block_1_3' title="bbox 3193 339 3380 411">
    <p class='ocr_par' dir='ltr' id='par_1_3' title="bbox 3193 339 3380 411">
     <span class='ocr_line' id='line_1_3' title="bbox 3193 339 3380 411; baseline 0 -1"><span class='ocrx_word' id='word_1_6' title='bbox 3193 339 3327 411; x_wconf 75' lang='lat'><strong>1768</strong></span> <span class='ocrx_word' id='word_1_7' title='bbox 3353 353 3380 390; x_wconf 67' lang='grc' dir='ltr'><strong>ι</strong></span> 
     </span>
    </p>
   </div>
   <div class='ocr_carea' id='block_1_4' title="bbox 78 456 1704 531">
    <p class='ocr_par' dir='ltr' id='par_1_4' title="bbox 78 456 1690 531">
     <span class='ocr_line' id='line_1_4' title="bbox 78 456 1690 531; baseline -0.002 -19"><span class='ocrx_word' id='word_1_8' title='bbox 78 461 152 513; x_wconf 82' lang='grc' dir='ltr'><strong>τὸ</strong></span> <span class='ocrx_word' id='word_1_9' title='bbox 197 459 486 531; x_wconf 79' lang='grc' dir='ltr'>τριαδικὸν</span> <span class='ocrx_word' id='word_1_10' title='bbox 522 458 893 511; x_wconf 67' lang='grc' dir='ltr'><strong>συνείλεκται·</strong></span> <span class='ocrx_word' id='word_1_11' title='bbox 924 457 1216 527; x_wconf 84' lang='grc' dir='ltr'>ὲσαρκώοη</span> <span class='ocrx_word' id='word_1_12' title='bbox 1254 459 1281 509; x_wconf 83' lang='grc' dir='ltr'>ὁ</span> <span class='ocrx_word' id='word_1_13' title='bbox 1308 456 1496 527; x_wconf 80' lang='grc' dir='ltr'>πρώην</span> <span class='ocrx_word' id='word_1_14' title='bbox 1517 457 1690 525; x_wconf 79' lang='grc' dir='ltr'>ἄσαρ-</span> 
     </span>
    </p>
   </div>
   <div class='ocr_carea' id='block_1_5' title="bbox 1814 456 3382 531">
    <p class='ocr_par' dir='ltr' id='par_1_5' title="bbox 1814 458 3382 528">
     <span class='ocr_line' id='line_1_5' title="bbox 1814 458 3382 528; baseline 0.003 -17"><span class='ocrx_word' id='word_1_15' title='bbox 1814 472 2002 512; x_wconf 90' lang='lat' dir='ltr'><strong>neram</strong></span> <span class='ocrx_word' id='word_1_16' title='bbox 2032 458 2235 528; x_wconf 92' lang='lat' dir='ltr'><strong>ubique</strong></span> <span class='ocrx_word' id='word_1_17' title='bbox 2266 461 2472 515; x_wconf 87' lang='lat' dir='ltr'><strong>scimus</strong></span> <span class='ocrx_word' id='word_1_18' title='bbox 2498 459 2688 515; x_wconf 81' lang='lat' dir='ltr'><strong>adesse</strong></span> <span class='ocrx_word' id='word_1_19' title='bbox 2721 459 3091 514; x_wconf 88' lang='lat' dir='ltr'><strong>identitatem.</strong></span> <span class='ocrx_word' id='word_1_20' title='bbox 3121 459 3382 525; x_wconf 81' lang='lat' dir='ltr'><strong>Quamvis</strong></span> 
     </span>
    </p>
   </div>
   <div class='ocr_carea' id='block_1_6' title="bbox 81 548 1688 621">
    <p class='ocr_par' dir='ltr' id='par_1_6' title="bbox 81 548 1688 621">
     <span class='ocr_line' id='line_1_6' title="bbox 81 548 1688 621; baseline -0.002 -17"><span class='ocrx_word' id='word_1_21' title='bbox 81 568 193 614; x_wconf 88' lang='grc' dir='ltr'><strong>κος</strong></span> <span class='ocrx_word' id='word_1_22' title='bbox 237 551 332 604; x_wconf 77' lang='grc' dir='ltr'>καὶ</span> <span class='ocrx_word' id='word_1_23' title='bbox 368 551 483 603; x_wconf 81' lang='grc' dir='ltr'>ἐστι</span> <span class='ocrx_word' id='word_1_24' title='bbox 515 550 768 621; x_wconf 84' lang='grc' dir='ltr'>Χριστὸς,</span> <span class='ocrx_word' id='word_1_25' title='bbox 797 549 852 612; x_wconf 78' lang='grc' dir='ltr'>ὃς</span> <span class='ocrx_word' id='word_1_26' title='bbox 880 551 941 602; x_wconf 81' lang='grc' dir='ltr'>ἐκ</span> <span class='ocrx_word' id='word_1_27' title='bbox 980 549 1180 619; x_wconf 79' lang='grc' dir='ltr'><strong>μέρους</strong></span> <span class='ocrx_word' id='word_1_28' title='bbox 1205 548 1370 601; x_wconf 84' lang='grc' dir='ltr'>αὐτοῦ</span> <span class='ocrx_word' id='word_1_29' title='bbox 1394 550 1561 618; x_wconf 77' lang='grc' dir='ltr'>ἧγουν</span> <span class='ocrx_word' id='word_1_30' title='bbox 1593 551 1688 618; x_wconf 81' lang='grc' dir='ltr'><strong>τῆς</strong></span> 
     </span>
    </p>
   </div>
   <div class='ocr_carea' id='block_1_7' title="bbox 85 639 1688 715">
    <p class='ocr_par' dir='ltr' id='par_1_7' title="bbox 85 639 1688 715">
     <span class='ocr_line' id='line_1_7' title="bbox 85 639 1688 715; baseline -0.003 -18"><span class='ocrx_word' id='word_1_31' title='bbox 85 647 234 715; x_wconf 84' lang='grc' dir='ltr'>μιᾶς</span> <span class='ocrx_word' id='word_1_32' title='bbox 265 644 374 698; x_wconf 84' lang='grc' dir='ltr'><strong>τῶν</strong></span> <span class='ocrx_word' id='word_1_33' title='bbox 403 647 456 698; x_wconf 76' lang='grc' dir='ltr'>ὲι</span> <span class='ocrx_word' id='word_1_34' title='bbox 485 643 636 714; x_wconf 81' lang='grc' dir='ltr'>αὐτῷ</span> <span class='ocrx_word' id='word_1_35' title='bbox 657 643 871 712; x_wconf 78' lang='grc' dir='ltr'><strong>φύσεων</strong></span> <span class='ocrx_word' id='word_1_36' title='bbox 895 641 1089 705; x_wconf 84' lang='grc' dir='ltr'>κοινῶς</span> <span class='ocrx_word' id='word_1_37' title='bbox 1127 641 1188 693; x_wconf 83' lang='grc' dir='ltr'><em>τέ</em></span> <span class='ocrx_word' id='word_1_38' title='bbox 1219 643 1335 694; x_wconf 79' lang='grc' dir='ltr'>ἐστι</span> <span class='ocrx_word' id='word_1_39' title='bbox 1367 641 1461 702; x_wconf 73' lang='grc' dir='ltr'><strong>καὶ</strong></span> <span class='ocrx_word' id='word_1_40' title='bbox 1495 639 1688 710; x_wconf 78' lang='grc' dir='ltr'>όμοού-</span> 
     </span>
    </p>
   </div>
   <div class='ocr_carea' id='block_1_8' title="bbox 80 730 1693 803">
    <p class='ocr_par' dir='ltr' id='par_1_8' title="bbox 80 730 1693 803">
     <span class='ocr_line' id='line_1_8' title="bbox 80 730 1693 803; baseline -0.004 -16"><span class='ocrx_word' id='word_1_41' title='bbox 80 752 211 798; x_wconf 88' lang='grc' dir='ltr'>σιος</span> <span class='ocrx_word' id='word_1_42' title='bbox 250 734 344 788; x_wconf 75' lang='grc' dir='ltr'><strong>καὶ</strong></span> <span class='ocrx_word' id='word_1_43' title='bbox 367 732 447 797; x_wconf 74' lang='grc' dir='ltr'>εἷς</span> <span class='ocrx_word' id='word_1_44' title='bbox 474 737 540 803; x_wconf 83' lang='grc' dir='ltr'>τῇ</span> <span class='ocrx_word' id='word_1_45' title='bbox 566 735 748 802; x_wconf 83' lang='grc' dir='ltr'>φύσει,</span> <span class='ocrx_word' id='word_1_46' title='bbox 792 735 888 786; x_wconf 70' lang='grc' dir='ltr'><strong>σὺν</strong></span> <span class='ocrx_word' id='word_1_47' title='bbox 919 733 994 800; x_wconf 87' lang='grc' dir='ltr'>τῷ</span> <span class='ocrx_word' id='word_1_48' title='bbox 1027 731 1201 801; x_wconf 78' lang='grc' dir='ltr'>Πατρὶ</span> <span class='ocrx_word' id='word_1_49' title='bbox 1229 731 1307 783; x_wconf 85' lang='grc' dir='ltr'>τῶ</span> <span class='ocrx_word' id='word_1_50' title='bbox 1345 730 1556 799; x_wconf 81' lang='grc' dir='ltr'>ἀγαθῷ,</span> <span class='ocrx_word' id='word_1_51' title='bbox 1599 730 1693 782; x_wconf 68' lang='grc' dir='ltr'><strong>καὶ</strong></span> 
     </span>
    </p>
   </div>
   <div class='ocr_carea' id='block_1_9' title="bbox 77 820 1688 898">
    <p class='ocr_par' dir='ltr' id='par_1_9' title="bbox 77 820 1688 898">
     <span class='ocr_line' id='line_1_9' title="bbox 77 820 1688 898; baseline -0.004 -17"><span class='ocrx_word' id='word_1_52' title='bbox 77 827 168 898; x_wconf 76' lang='grc' dir='ltr'>τῷ</span> <span class='ocrx_word' id='word_1_53' title='bbox 201 827 348 898; x_wconf 81' lang='grc' dir='ltr'>ἁγιῳ</span> <span class='ocrx_word' id='word_1_54' title='bbox 379 826 542 881; x_wconf 81' lang='grc' dir='ltr'>αὐτοῦ</span> <span class='ocrx_word' id='word_1_55' title='bbox 571 820 850 896; x_wconf 84' lang='grc' dir='ltr'>Πνεύματι</span> <span class='ocrx_word' id='word_1_56' title='bbox 884 825 1008 878; x_wconf 87' lang='grc' dir='ltr'>κατ’</span> <span class='ocrx_word' id='word_1_57' title='bbox 1030 823 1219 877; x_wconf 90' lang='grc' dir='ltr'>οὐσίαν</span> <span class='ocrx_word' id='word_1_58' title='bbox 1255 825 1439 886; x_wconf 84' lang='grc' dir='ltr'>αὐτοῖς</span> <span class='ocrx_word' id='word_1_59' title='bbox 1472 821 1688 892; x_wconf 80' lang='grc' dir='ltr'>ἡνωμέ-</span> 
     </span>
    </p>
   </div>
   <div class='ocr_carea' id='block_1_10' title="bbox 79 911 1684 986">
    <p class='ocr_par' dir='ltr' id='par_1_10' title="bbox 79 911 1684 986">
     <span class='ocr_line' id='line_1_10' title="bbox 79 911 1684 986; baseline -0.003 -16"><span class='ocrx_word' id='word_1_60' title='bbox 79 925 197 981; x_wconf 87' lang='grc' dir='ltr'><strong>νος</strong></span> <span class='ocrx_word' id='word_1_61' title='bbox 226 933 244 950; x_wconf 77' lang='grc' dir='ltr'><strong>ο</strong></span> <span class='ocrx_word' id='word_1_62' title='bbox 279 918 372 970; x_wconf 73' lang='grc' dir='ltr'>καὶ</span> <span class='ocrx_word' id='word_1_63' title='bbox 403 914 526 970; x_wconf 78' lang='grc' dir='ltr'>οὔτε</span> <span class='ocrx_word' id='word_1_64' title='bbox 559 915 900 986; x_wconf 78' lang='grc' dir='ltr'>πλεονασμὸν</span> <span class='ocrx_word' id='word_1_65' title='bbox 952 914 985 983; x_wconf 83' lang='grc' dir='ltr'><strong>ἢ</strong></span> <span class='ocrx_word' id='word_1_66' title='bbox 1020 912 1198 982; x_wconf 77' lang='grc' dir='ltr'>λεῖψιν</span> <span class='ocrx_word' id='word_1_67' title='bbox 1243 911 1594 965; x_wconf 85' lang='grc' dir='ltr'>ὑποστάσεων</span> <span class='ocrx_word' id='word_1_68' title='bbox 1617 913 1684 981; x_wconf 84' lang='grc' dir='ltr'>τῇ</span> 
     </span>
    </p>
   </div>
   <div class='ocr_carea' id='block_1_11' title="bbox 80 997 1694 1082">
    <p class='ocr_par' dir='ltr' id='par_1_11' title="bbox 80 997 1694 1082">
     <span class='ocr_line' id='line_1_11' title="bbox 80 997 1694 1082; baseline -0.006 -19"><span class='ocrx_word' id='word_1_69' title='bbox 80 1010 235 1082; x_wconf 80' lang='grc' dir='ltr'>ἁγίᾳ</span> <span class='ocrx_word' id='word_1_70' title='bbox 269 1008 459 1081; x_wconf 86' lang='grc' dir='ltr'>Τριάδι</span> <span class='ocrx_word' id='word_1_71' title='bbox 493 1008 860 1078; x_wconf 75' lang='grc' dir='ltr'>παρίστησιν·</span> <span class='ocrx_word' id='word_1_72' title='bbox 910 1006 1067 1074; x_wconf 81' lang='grc' dir='ltr'>είπερ</span> <span class='ocrx_word' id='word_1_73' title='bbox 1096 1007 1123 1058; x_wconf 89' lang='grc' dir='ltr'><strong>ό</strong></span> <span class='ocrx_word' id='word_1_74' title='bbox 1144 1004 1318 1070; x_wconf 83' lang='grc' dir='ltr'>Λόγος</span> <span class='ocrx_word' id='word_1_75' title='bbox 1368 1002 1466 1073; x_wconf 92' lang='grc' dir='ltr'><strong>μία</strong></span> <span class='ocrx_word' id='word_1_76' title='bbox 1518 1019 1579 1056; x_wconf 90' lang='grc' dir='ltr'><strong>τε</strong></span> <span class='ocrx_word' id='word_1_77' title='bbox 1625 997 1694 1071; x_wconf 79' lang='grc' dir='ltr'>ἦν</span> 
     </span>
    </p>
   </div>
   <div class='ocr_carea' id='block_1_12' title="bbox 84 1093 1696 1171">
    <p class='ocr_par' dir='ltr' id='par_1_12' title="bbox 84 1093 1696 1171">
     <span class='ocr_line' id='line_1_12' title="bbox 84 1093 1696 1171; baseline -0.006 -15"><span class='ocrx_word' id='word_1_78' title='bbox 84 1103 410 1165; x_wconf 75' lang='grc' dir='ltr'>ὑπόστασις</span> <span class='ocrx_word' id='word_1_79' title='bbox 459 1101 566 1171; x_wconf 81' lang='grc' dir='ltr'><strong>πρὸ</strong></span> <span class='ocrx_word' id='word_1_80' title='bbox 607 1101 810 1171; x_wconf 68' lang='grc' dir='ltr'>σαρκὸς</span> <span class='ocrx_word' id='word_1_81' title='bbox 852 1100 945 1153; x_wconf 74' lang='grc' dir='ltr'><strong>καὶ</strong></span> <span class='ocrx_word' id='word_1_82' title='bbox 997 1098 1136 1170; x_wconf 82' lang='grc' dir='ltr'>μετὰ</span> <span class='ocrx_word' id='word_1_83' title='bbox 1187 1096 1398 1168; x_wconf 70' lang='grc' dir='ltr'>σάρκα*</span> <span class='ocrx_word' id='word_1_84' title='bbox 1424 1093 1538 1150; x_wconf 79' lang='grc' dir='ltr'>ἁλλ’</span> <span class='ocrx_word' id='word_1_85' title='bbox 1571 1094 1696 1148; x_wconf 81' lang='grc' dir='ltr'>οὐτε</span> 
     </span>
    </p>
   </div>
   <div class='ocr_carea' id='block_1_13' title="bbox 80 1183 1695 1263">
    <p class='ocr_par' dir='ltr' id='par_1_13' title="bbox 80 1183 1695 1263">
     <span class='ocr_line' id='line_1_13' title="bbox 80 1183 1695 1263; baseline -0.006 -16"><span class='ocrx_word' id='word_1_86' title='bbox 80 1193 343 1248; x_wconf 77' lang='grc' dir='ltr'>ἐλάττων</span> <span class='ocrx_word' id='word_1_87' title='bbox 369 1193 532 1256; x_wconf 76' lang='grc' dir='ltr'>αὐτὸς</span> <span class='ocrx_word' id='word_1_88' title='bbox 569 1194 699 1263; x_wconf 85' lang='grc' dir='ltr'>μιᾶς</span> <span class='ocrx_word' id='word_1_89' title='bbox 727 1192 1082 1254; x_wconf 82' lang='grc' dir='ltr'>ὑποστάσεως</span> <span class='ocrx_word' id='word_1_90' title='bbox 1113 1183 1252 1242; x_wconf 73' lang='grc' dir='ltr'>εἶναι</span> <span class='ocrx_word' id='word_1_91' title='bbox 1286 1186 1393 1257; x_wconf 76' lang='grc' dir='ltr'><strong>πρὸ</strong></span> <span class='ocrx_word' id='word_1_92' title='bbox 1429 1187 1528 1257; x_wconf 81' lang='grc' dir='ltr'><strong>τῆς</strong></span> <span class='ocrx_word' id='word_1_93' title='bbox 1561 1203 1695 1257; x_wconf 82' lang='grc' dir='ltr'>σαρ-</span> 
     </span>
    </p>
   </div>
   <div class='ocr_carea' id='block_1_14' title="bbox 81 1275 1696 1353">
    <p class='ocr_par' dir='ltr' id='par_1_14' title="bbox 81 1275 1696 1353">
     <span class='ocr_line' id='line_1_14' title="bbox 81 1275 1696 1353; baseline -0.007 -15"><span class='ocrx_word' id='word_1_94' title='bbox 81 1286 190 1348; x_wconf 71' lang='grc' dir='ltr'>κὸς</span> <span class='ocrx_word' id='word_1_95' title='bbox 219 1284 504 1338; x_wconf 82' lang='grc' dir='ltr'>δείκνυται</span> <span class='ocrx_word' id='word_1_96' title='bbox 533 1284 592 1334; x_wconf 84' lang='grc' dir='ltr'>ὲν</span> <span class='ocrx_word' id='word_1_97' title='bbox 629 1283 694 1353; x_wconf 78' lang='grc' dir='ltr'>τῇ</span> <span class='ocrx_word' id='word_1_98' title='bbox 726 1282 860 1352; x_wconf 77' lang='grc' dir='ltr'>ἁγίᾳ</span> <span class='ocrx_word' id='word_1_99' title='bbox 882 1280 1072 1350; x_wconf 86' lang='grc' dir='ltr'>Τριάδι</span> <span class='ocrx_word' id='word_1_100' title='bbox 1105 1277 1348 1348; x_wconf 82' lang='grc' dir='ltr'>δηλονότι</span> <span class='ocrx_word' id='word_1_101' title='bbox 1368 1294 1380 1307; x_wconf 89' lang='grc'><strong>·</strong></span> <span class='ocrx_word' id='word_1_102' title='bbox 1417 1275 1539 1329; x_wconf 84' lang='grc' dir='ltr'>οὐδὲ</span> <span class='ocrx_word' id='word_1_103' title='bbox 1589 1275 1696 1345; x_wconf 88' lang='grc' dir='ltr'>γὰρ</span> 
     </span>
    </p>
   </div>
   <div class='ocr_carea' id='block_1_15' title="bbox 84 1366 1696 1446">
    <p class='ocr_par' dir='ltr' id='par_1_15' title="bbox 84 1366 1696 1446">
     <span class='ocr_line' id='line_1_15' title="bbox 84 1366 1696 1446; baseline -0.007 -17"><span class='ocrx_word' id='word_1_104' title='bbox 84 1374 402 1446; x_wconf 85' lang='grc' dir='ltr'>πρόσθεσιν</span> <span class='ocrx_word' id='word_1_105' title='bbox 448 1373 802 1435; x_wconf 82' lang='grc' dir='ltr'>ὑποστάσεως</span> <span class='ocrx_word' id='word_1_106' title='bbox 857 1369 1245 1440; x_wconf 79' lang='grc' dir='ltr'>ὲπιδεξάμενος</span> <span class='ocrx_word' id='word_1_107' title='bbox 1292 1366 1393 1435; x_wconf 79' lang='grc' dir='ltr'>τὴν</span> <span class='ocrx_word' id='word_1_108' title='bbox 1439 1367 1534 1420; x_wconf 83' lang='grc' dir='ltr'>νῦν</span> <span class='ocrx_word' id='word_1_109' title='bbox 1585 1366 1696 1436; x_wconf 77' lang='grc' dir='ltr'>ἔχει</span> 
     </span>
    </p>
   </div>
   <div class='ocr_carea' id='block_1_16' title="bbox 81 1455 1698 1538">
    <p class='ocr_par' dir='ltr' id='par_1_16' title="bbox 81 1455 1698 1538">
     <span class='ocr_line' id='line_1_16' title="bbox 81 1455 1698 1538; baseline -0.006 -18"><span class='ocrx_word' id='word_1_110' title='bbox 81 1466 417 1538; x_wconf 83' lang='grc' dir='ltr'>τελειότητα</span> <span class='ocrx_word' id='word_1_111' title='bbox 449 1467 549 1536; x_wconf 80' lang='grc' dir='ltr'><strong>τῆς</strong></span> <span class='ocrx_word' id='word_1_112' title='bbox 581 1464 944 1528; x_wconf 85' lang='grc' dir='ltr'>ὑποστάσεως</span> <span class='ocrx_word' id='word_1_113' title='bbox 968 1481 981 1494; x_wconf 91' lang='grc'><strong>·</strong></span> <span class='ocrx_word' id='word_1_114' title='bbox 1011 1461 1127 1516; x_wconf 86' lang='grc' dir='ltr'>ἀλλ’</span> <span class='ocrx_word' id='word_1_115' title='bbox 1159 1462 1226 1532; x_wconf 82' lang='grc' dir='ltr'>ἢν</span> <span class='ocrx_word' id='word_1_116' title='bbox 1254 1455 1367 1530; x_wconf 77' lang='grc' dir='ltr'>εἶχε</span> <span class='ocrx_word' id='word_1_117' title='bbox 1401 1459 1559 1530; x_wconf 85' lang='grc' dir='ltr'>μόνον</span> <span class='ocrx_word' id='word_1_118' title='bbox 1607 1459 1698 1511; x_wconf 78' lang='grc' dir='ltr'><strong>κέ-</strong></span> 
     </span>
    </p>
   </div>
   <div class='ocr_carea' id='block_1_17' title="bbox 83 1545 1698 1626">
    <p class='ocr_par' dir='ltr' id='par_1_17' title="bbox 83 1545 1698 1626">
     <span class='ocr_line' id='line_1_17' title="bbox 83 1545 1698 1626; baseline -0.007 -15"><span class='ocrx_word' id='word_1_119' title='bbox 83 1574 322 1624; x_wconf 87' lang='grc' dir='ltr'>κτηται,</span> <span class='ocrx_word' id='word_1_120' title='bbox 358 1556 454 1610; x_wconf 73' lang='grc' dir='ltr'>καὶ</span> <span class='ocrx_word' id='word_1_121' title='bbox 496 1556 634 1626; x_wconf 72' lang='grc' dir='ltr'>μετὰ</span> <span class='ocrx_word' id='word_1_122' title='bbox 667 1555 766 1626; x_wconf 81' lang='grc' dir='ltr'>τὴν</span> <span class='ocrx_word' id='word_1_123' title='bbox 819 1554 1139 1626; x_wconf 83' lang='grc' dir='ltr'>προσθήκην</span> <span class='ocrx_word' id='word_1_124' title='bbox 1185 1546 1252 1622; x_wconf 80' lang='grc' dir='ltr'>ἦς</span> <span class='ocrx_word' id='word_1_125' title='bbox 1299 1551 1400 1603; x_wconf 91' lang='grc' dir='ltr'><strong>οὐκ</strong></span> <span class='ocrx_word' id='word_1_126' title='bbox 1427 1545 1540 1620; x_wconf 78' lang='grc' dir='ltr'>εἶχε</span> <span class='ocrx_word' id='word_1_127' title='bbox 1597 1549 1698 1617; x_wconf 77' lang='grc' dir='ltr'>φύο</span> 
     </span>
    </p>
   </div>
   <div class='ocr_carea' id='block_1_18' title="bbox 88 1631 1696 1718">
    <p class='ocr_par' dir='ltr' id='par_1_18' title="bbox 88 1631 1696 1718">
     <span class='ocr_line' id='line_1_18' title="bbox 88 1631 1696 1718; baseline -0.007 -14"><span class='ocrx_word' id='word_1_128' title='bbox 88 1667 275 1714; x_wconf 76' lang='grc' dir='ltr'>σεωςο</span> <span class='ocrx_word' id='word_1_129' title='bbox 310 1650 404 1703; x_wconf 76' lang='grc' dir='ltr'>καὶ</span> <span class='ocrx_word' id='word_1_130' title='bbox 458 1648 629 1712; x_wconf 74' lang='grc' dir='ltr'>οὕτως</span> <span class='ocrx_word' id='word_1_131' title='bbox 662 1651 816 1702; x_wconf 82' lang='grc' dir='ltr'>ἔσται</span> <span class='ocrx_word' id='word_1_132' title='bbox 846 1649 976 1718; x_wconf 86' lang='grc' dir='ltr'>ὑμῖν</span> <span class='ocrx_word' id='word_1_133' title='bbox 1025 1631 1122 1710; x_wconf 64' lang='grc' dir='ltr'>εἶς’</span> <span class='ocrx_word' id='word_1_134' title='bbox 1155 1643 1308 1697; x_wconf 83' lang='grc' dir='ltr'>οὐδὲν</span> <span class='ocrx_word' id='word_1_135' title='bbox 1353 1641 1696 1712; x_wconf 81' lang='grc' dir='ltr'>ἀναλυομένη</span> 
     </span>
    </p>
   </div>
   <div class='ocr_carea' id='block_1_19' title="bbox 89 1732 1697 1807">
    <p class='ocr_par' dir='ltr' id='par_1_19' title="bbox 89 1732 1697 1807">
     <span class='ocr_line' id='line_1_19' title="bbox 89 1732 1697 1807; baseline -0.007 -11"><span class='ocrx_word' id='word_1_136' title='bbox 89 1745 261 1796; x_wconf 81' lang='grc' dir='ltr'>πᾶσα</span> <span class='ocrx_word' id='word_1_137' title='bbox 299 1741 408 1794; x_wconf 86' lang='grc' dir='ltr'>τῶν</span> <span class='ocrx_word' id='word_1_138' title='bbox 430 1732 869 1795; x_wconf 22' lang='grc' dir='ltr'>διπλώσεωνλὲπῖ</span> <span class='ocrx_word' id='word_1_139' title='bbox 901 1739 1001 1803; x_wconf 84' lang='grc' dir='ltr'><strong>τὰς</strong></span> <span class='ocrx_word' id='word_1_140' title='bbox 1037 1735 1370 1807; x_wconf 84' lang='grc' dir='ltr'>τριπλώσεις</span> <span class='ocrx_word' id='word_1_141' title='bbox 1395 1738 1427 1806; x_wconf 85' lang='grc' dir='ltr'><strong>ή</strong></span> <span class='ocrx_word' id='word_1_142' title='bbox 1456 1735 1697 1807; x_wconf 77' lang='grc' dir='ltr'>ψηφολο-</span> 
     </span>
    </p>
   </div>
   <div class='ocr_carea' id='block_1_20' title="bbox 1801 548 3382 620">
    <p class='ocr_par' dir='ltr' id='par_1_20' title="bbox 1801 548 3382 620">
     <span class='ocr_line' id='line_1_20' title="bbox 1801 548 3382 620; baseline 0.002 -18"><span class='ocrx_word' id='word_1_143' title='bbox 1801 548 1970 619; x_wconf 79' lang='lat' dir='ltr'><strong>igitur</strong></span> <span class='ocrx_word' id='word_1_144' title='bbox 2005 550 2146 603; x_wconf 89' lang='lat' dir='ltr'><strong>hanc</strong></span> <span class='ocrx_word' id='word_1_145' title='bbox 2195 565 2417 605; x_wconf 88' lang='lat' dir='ltr'><strong>movere</strong></span> <span class='ocrx_word' id='word_1_146' title='bbox 2463 551 2823 620; x_wconf 71' lang='lat' dir='ltr'><strong>quaestionem</strong></span> <span class='ocrx_word' id='word_1_147' title='bbox 2857 551 3205 608; x_wconf 89' lang='lat' dir='ltr'><strong>rationaliter</strong></span> <span class='ocrx_word' id='word_1_148' title='bbox 3235 553 3382 606; x_wconf 85' lang='lat' dir='ltr'><strong>haud</strong></span> 
     </span>
    </p>
   </div>
   <div class='ocr_carea' id='block_1_21' title="bbox 1799 641 3418 711">
    <p class='ocr_par' dir='ltr' id='par_1_21' title="bbox 1799 641 3418 711">
     <span class='ocr_line' id='line_1_21' title="bbox 1799 641 3418 711; baseline 0.001 -17"><span class='ocrx_word' id='word_1_149' title='bbox 1799 641 2118 710; x_wconf 85' lang='lat' dir='ltr'><strong>potueritis,</strong></span> <span class='ocrx_word' id='word_1_150' title='bbox 2167 641 2296 711; x_wconf 88' lang='lat' dir='ltr'><strong>quia</strong></span> <span class='ocrx_word' id='word_1_151' title='bbox 2341 649 2521 696; x_wconf 89' lang='lat' dir='ltr'><strong>tamen</strong></span> <span class='ocrx_word' id='word_1_152' title='bbox 2565 657 2688 711; x_wconf 83' lang='lat' dir='ltr'><strong>quae</strong></span> <span class='ocrx_word' id='word_1_153' title='bbox 2716 641 2790 696; x_wconf 89' lang='lat' dir='ltr'><strong>sit</strong></span> <span class='ocrx_word' id='word_1_154' title='bbox 2820 643 3248 698; x_wconf 85' lang='lat' dir='ltr'><strong>communicatio</strong></span> <span class='ocrx_word' id='word_1_155' title='bbox 3275 644 3418 697; x_wconf 89' lang='lat' dir='ltr'><strong>Do--</strong></span> 
     </span>
    </p>
   </div>
   <div class='ocr_carea' id='block_1_22' title="bbox 1800 733 3386 805">
    <p class='ocr_par' dir='ltr' id='par_1_22' title="bbox 1800 733 3386 805">
     <span class='ocr_line' id='line_1_22' title="bbox 1800 733 3386 805; baseline 0.003 -20"><span class='ocrx_word' id='word_1_156' title='bbox 1800 733 1934 787; x_wconf 91' lang='lat' dir='ltr'><strong>mini</strong></span> <span class='ocrx_word' id='word_1_157' title='bbox 1981 734 2158 788; x_wconf 86' lang='lat' dir='ltr'><strong>nostri</strong></span> <span class='ocrx_word' id='word_1_158' title='bbox 2209 735 2338 790; x_wconf 88' lang='lat' dir='ltr'><strong>Jesu</strong></span> <span class='ocrx_word' id='word_1_159' title='bbox 2398 733 2602 789; x_wconf 89' lang='lat' dir='ltr'><strong>Christi</strong></span> <span class='ocrx_word' id='word_1_160' title='bbox 2653 733 2710 787; x_wconf 89' lang='lat' dir='ltr'><strong>in</strong></span> <span class='ocrx_word' id='word_1_161' title='bbox 2765 743 2948 789; x_wconf 86' lang='lat' dir='ltr'><strong>vestra</strong></span> <span class='ocrx_word' id='word_1_162' title='bbox 2993 735 3386 805; x_wconf 77' lang='lat' dir='ltr'><strong>imaginatione</strong></span> 
     </span>
    </p>
   </div>
   <div class='ocr_carea' id='block_1_23' title="bbox 1801 823 3386 896">
    <p class='ocr_par' dir='ltr' id='par_1_23' title="bbox 1801 823 3386 896">
     <span class='ocr_line' id='line_1_23' title="bbox 1801 823 3386 896; baseline 0.003 -18"><span class='ocrx_word' id='word_1_163' title='bbox 1801 823 2070 894; x_wconf 79' lang='lat' dir='ltr'><strong>quaeritis,</strong></span> <span class='ocrx_word' id='word_1_164' title='bbox 2093 825 2197 880; x_wconf 89' lang='lat' dir='ltr'><strong>hoc</strong></span> <span class='ocrx_word' id='word_1_165' title='bbox 2213 825 2496 894; x_wconf 83' lang='lat' dir='ltr'><strong>accipietis</strong></span> <span class='ocrx_word' id='word_1_166' title='bbox 2516 840 2545 879; x_wconf 90' lang='lat' dir='ltr'><strong>a</strong></span> <span class='ocrx_word' id='word_1_167' title='bbox 2563 826 2723 880; x_wconf 90' lang='lat' dir='ltr'><strong>nobis</strong></span> <span class='ocrx_word' id='word_1_168' title='bbox 2743 841 3094 896; x_wconf 88' lang='lat' dir='ltr'><strong>responsum.</strong></span> <span class='ocrx_word' id='word_1_169' title='bbox 3122 823 3386 891; x_wconf 77' lang='lat' dir='ltr'><strong>Verbum,</strong></span> 
     </span>
    </p>
   </div>
   <div class='ocr_carea' id='block_1_24' title="bbox 1802 915 3388 987">
    <p class='ocr_par' dir='ltr' id='par_1_24' title="bbox 1802 915 3388 987">
     <span class='ocr_line' id='line_1_24' title="bbox 1802 915 3388 987; baseline 0.002 -19"><span class='ocrx_word' id='word_1_170' title='bbox 1802 915 1950 985; x_wconf 93' lang='lat' dir='ltr'><strong>quod</strong></span> <span class='ocrx_word' id='word_1_171' title='bbox 1981 924 2069 970; x_wconf 89' lang='lat' dir='ltr'><strong>est</strong></span> <span class='ocrx_word' id='word_1_172' title='bbox 2103 932 2271 970; x_wconf 91' lang='lat' dir='ltr'><strong>unum</strong></span> <span class='ocrx_word' id='word_1_173' title='bbox 2304 917 2651 985; x_wconf 89' lang='lat' dir='ltr'><strong>suppositum</strong></span> <span class='ocrx_word' id='word_1_174' title='bbox 2677 916 3010 987; x_wconf 90' lang='lat' dir='ltr'><strong>completum</strong></span> <span class='ocrx_word' id='word_1_175' title='bbox 3043 927 3102 971; x_wconf 92' lang='lat' dir='ltr'><strong>et</strong></span> <span class='ocrx_word' id='word_1_176' title='bbox 3130 933 3239 971; x_wconf 90' lang='lat' dir='ltr'><strong>una</strong></span> <span class='ocrx_word' id='word_1_177' title='bbox 3269 933 3388 987; x_wconf 83' lang='lat' dir='ltr'><strong>per-</strong></span> 
     </span>
    </p>
   </div>
   <div class='ocr_carea' id='block_1_25' title="bbox 1803 1001 3392 1077">
    <p class='ocr_par' dir='ltr' id='par_1_25' title="bbox 1803 1001 3392 1077">
     <span class='ocr_line' id='line_1_25' title="bbox 1803 1001 3392 1077; baseline 0.001 -19"><span class='ocrx_word' id='word_1_178' title='bbox 1803 1017 1937 1060; x_wconf 89' lang='lat' dir='ltr'><strong>sona</strong></span> <span class='ocrx_word' id='word_1_179' title='bbox 1964 1005 2324 1060; x_wconf 65' lang='lat' dir='ltr'><strong>sanctissima:</strong></span> <span class='ocrx_word' id='word_1_180' title='bbox 2353 1001 2641 1061; x_wconf 85' lang='lat' dir='ltr'><strong>Trinitatis</strong></span> <span class='ocrx_word' id='word_1_181' title='bbox 2671 1007 2759 1077; x_wconf 77' lang='lat' dir='ltr'><strong>(ex</strong></span> <span class='ocrx_word' id='word_1_182' title='bbox 2787 1007 3040 1077; x_wconf 87' lang='lat' dir='ltr'><strong>personis</strong></span> <span class='ocrx_word' id='word_1_183' title='bbox 3065 1007 3238 1072; x_wconf 88' lang='lat' dir='ltr'><strong>enim,</strong></span> <span class='ocrx_word' id='word_1_184' title='bbox 3279 1023 3392 1061; x_wconf 87' lang='lat' dir='ltr'><strong>non</strong></span> 
     </span>
    </p>
   </div>
   <div class='ocr_carea' id='block_1_26' title="bbox 1803 1097 3392 1169">
    <p class='ocr_par' dir='ltr' id='par_1_26' title="bbox 1803 1097 3392 1169">
     <span class='ocr_line' id='line_1_26' title="bbox 1803 1097 3392 1169; baseline 0.002 -19"><span class='ocrx_word' id='word_1_185' title='bbox 1803 1111 1869 1151; x_wconf 79' lang='lat' dir='ltr'><strong>ex</strong></span> <span class='ocrx_word' id='word_1_186' title='bbox 1897 1097 2113 1152; x_wconf 90' lang='lat' dir='ltr'><strong>naturis</strong></span> <span class='ocrx_word' id='word_1_187' title='bbox 2139 1106 2330 1153; x_wconf 89' lang='lat' dir='ltr'><strong>ternus</strong></span> <span class='ocrx_word' id='word_1_188' title='bbox 2356 1097 2635 1168; x_wconf 80' lang='lat' dir='ltr'><strong>colligitur</strong></span> <span class='ocrx_word' id='word_1_189' title='bbox 2663 1099 2972 1169; x_wconf 90' lang='lat' dir='ltr'><strong>numerus),</strong></span> <span class='ocrx_word' id='word_1_190' title='bbox 3012 1114 3142 1153; x_wconf 90' lang='lat' dir='ltr'><strong>caro</strong></span> <span class='ocrx_word' id='word_1_191' title='bbox 3185 1099 3392 1153; x_wconf 83' lang='lat' dir='ltr'><strong>factum</strong></span> 
     </span>
    </p>
   </div>
   <div class='ocr_carea' id='block_1_27' title="bbox 1804 1188 3394 1254">
    <p class='ocr_par' dir='ltr' id='par_1_27' title="bbox 1804 1188 3394 1254">
     <span class='ocr_line' id='line_1_27' title="bbox 1804 1188 3394 1254; baseline 0.001 -12"><span class='ocrx_word' id='word_1_192' title='bbox 1804 1195 1910 1251; x_wconf 90' lang='lat' dir='ltr'><strong>est,</strong></span> <span class='ocrx_word' id='word_1_193' title='bbox 1942 1201 2067 1241; x_wconf 93' lang='lat' dir='ltr'><strong>cum</strong></span> <span class='ocrx_word' id='word_1_194' title='bbox 2102 1196 2263 1241; x_wconf 91' lang='lat' dir='ltr'><strong>antea</strong></span> <span class='ocrx_word' id='word_1_195' title='bbox 2295 1189 2412 1242; x_wconf 88' lang='lat' dir='ltr'><strong>sine</strong></span> <span class='ocrx_word' id='word_1_196' title='bbox 2460 1203 2625 1242; x_wconf 90' lang='lat' dir='ltr'><strong>carne</strong></span> <span class='ocrx_word' id='word_1_197' title='bbox 2656 1197 2823 1254; x_wconf 87' lang='lat' dir='ltr'><strong>esset,</strong></span> <span class='ocrx_word' id='word_1_198' title='bbox 2852 1196 2908 1243; x_wconf 92' lang='lat' dir='ltr'><strong>et</strong></span> <span class='ocrx_word' id='word_1_199' title='bbox 2955 1204 3103 1244; x_wconf 91' lang='lat' dir='ltr'><strong>nunc</strong></span> <span class='ocrx_word' id='word_1_200' title='bbox 3125 1198 3207 1245; x_wconf 92' lang='lat' dir='ltr'><strong>est</strong></span> <span class='ocrx_word' id='word_1_201' title='bbox 3233 1188 3394 1244; x_wconf 89' lang='lat' dir='ltr'><strong>Chri-</strong></span> 
     </span>
    </p>
   </div>
   <div class='ocr_carea' id='block_1_28' title="bbox 1805 1276 3392 1347">
    <p class='ocr_par' dir='ltr' id='par_1_28' title="bbox 1805 1276 3392 1347">
     <span class='ocr_line' id='line_1_28' title="bbox 1805 1276 3392 1347; baseline 0.002 -17"><span class='ocrx_word' id='word_1_202' title='bbox 1805 1285 1946 1341; x_wconf 87' lang='lat' dir='ltr'><strong>stus,</strong></span> <span class='ocrx_word' id='word_1_203' title='bbox 1983 1277 2077 1346; x_wconf 91' lang='lat' dir='ltr'><strong>qui</strong></span> <span class='ocrx_word' id='word_1_204' title='bbox 2115 1293 2182 1331; x_wconf 75' lang='lat' dir='ltr'><strong>ex</strong></span> <span class='ocrx_word' id='word_1_205' title='bbox 2211 1286 2364 1346; x_wconf 87' lang='lat' dir='ltr'><strong>parte</strong></span> <span class='ocrx_word' id='word_1_206' title='bbox 2410 1278 2494 1332; x_wconf 89' lang='lat' dir='ltr'><strong>sui</strong></span> <span class='ocrx_word' id='word_1_207' title='bbox 2541 1276 2737 1347; x_wconf 90' lang='lat' dir='ltr'><strong>ipsius,</strong></span> <span class='ocrx_word' id='word_1_208' title='bbox 2786 1277 3048 1332; x_wconf 86' lang='lat' dir='ltr'><strong>videlicet</strong></span> <span class='ocrx_word' id='word_1_209' title='bbox 3086 1279 3392 1334; x_wconf 87' lang='lat' dir='ltr'><strong>secundum</strong></span> 
     </span>
    </p>
   </div>
   <div class='ocr_carea' id='block_1_29' title="bbox 1806 1367 3396 1432">
    <p class='ocr_par' dir='ltr' id='par_1_29' title="bbox 1806 1367 3396 1432">
     <span class='ocr_line' id='line_1_29' title="bbox 1806 1367 3396 1432; baseline 0.001 -10"><span class='ocrx_word' id='word_1_210' title='bbox 1806 1381 1972 1422; x_wconf 89' lang='lat' dir='ltr'><strong>unam</strong></span> <span class='ocrx_word' id='word_1_211' title='bbox 2001 1383 2031 1422; x_wconf 89' lang='lat' dir='ltr'><strong>e</strong></span> <span class='ocrx_word' id='word_1_212' title='bbox 2065 1371 2182 1422; x_wconf 89' lang='lat' dir='ltr'><strong>suis</strong></span> <span class='ocrx_word' id='word_1_213' title='bbox 2217 1367 2453 1432; x_wconf 88' lang='lat' dir='ltr'><strong>naturis,</strong></span> <span class='ocrx_word' id='word_1_214' title='bbox 2487 1369 2800 1422; x_wconf 90' lang='lat' dir='ltr'><strong>communis</strong></span> <span class='ocrx_word' id='word_1_215' title='bbox 2836 1378 2921 1422; x_wconf 91' lang='lat' dir='ltr'><strong>est</strong></span> <span class='ocrx_word' id='word_1_216' title='bbox 2951 1369 3396 1424; x_wconf 82' lang='lat' dir='ltr'><strong>consubstantia-</strong></span> 
     </span>
    </p>
   </div>
   <div class='ocr_carea' id='block_1_30' title="bbox 1806 1460 3396 1530">
    <p class='ocr_par' dir='ltr' id='par_1_30' title="bbox 1806 1460 3396 1530">
     <span class='ocr_line' id='line_1_30' title="bbox 1806 1460 3396 1530; baseline -0.001 -16"><span class='ocrx_word' id='word_1_217' title='bbox 1806 1460 1986 1530; x_wconf 88' lang='lat' dir='ltr'><strong>lisque</strong></span> <span class='ocrx_word' id='word_1_218' title='bbox 2011 1466 2067 1515; x_wconf 90' lang='lat' dir='ltr'><strong>et</strong></span> <span class='ocrx_word' id='word_1_219' title='bbox 2099 1476 2242 1515; x_wconf 92' lang='lat' dir='ltr'><strong>unus</strong></span> <span class='ocrx_word' id='word_1_220' title='bbox 2271 1469 2468 1515; x_wconf 88' lang='lat' dir='ltr'><strong>natura</strong></span> <span class='ocrx_word' id='word_1_221' title='bbox 2501 1475 2623 1514; x_wconf 92' lang='lat' dir='ltr'><strong>cum</strong></span> <span class='ocrx_word' id='word_1_222' title='bbox 2672 1461 2834 1514; x_wconf 86' lang='lat' dir='ltr'><strong>Patre</strong></span> <span class='ocrx_word' id='word_1_223' title='bbox 2869 1461 3079 1530; x_wconf 89' lang='lat' dir='ltr'><strong>optimo</strong></span> <span class='ocrx_word' id='word_1_224' title='bbox 3108 1470 3164 1515; x_wconf 91' lang='lat' dir='ltr'><strong>et</strong></span> <span class='ocrx_word' id='word_1_225' title='bbox 3203 1469 3396 1516; x_wconf 90' lang='lat' dir='ltr'><strong>sancto</strong></span> 
     </span>
    </p>
   </div>
   <div class='ocr_carea' id='block_1_31' title="bbox 1807 1551 3397 1624">
    <p class='ocr_par' dir='ltr' id='par_1_31' title="bbox 1807 1551 3397 1624">
     <span class='ocr_line' id='line_1_31' title="bbox 1807 1551 3397 1624; baseline 0 -18"><span class='ocrx_word' id='word_1_226' title='bbox 1807 1554 1926 1624; x_wconf 85' lang='lat' dir='ltr'><strong>ejus</strong></span> <span class='ocrx_word' id='word_1_227' title='bbox 1960 1552 2191 1622; x_wconf 85' lang='lat' dir='ltr'><strong>Spiritu,</strong></span> <span class='ocrx_word' id='word_1_228' title='bbox 2231 1553 2447 1607; x_wconf 88' lang='lat' dir='ltr'><strong>ratione</strong></span> <span class='ocrx_word' id='word_1_229' title='bbox 2493 1552 2746 1607; x_wconf 59' lang='lat' dir='ltr'><strong>essentia:</strong></span> <span class='ocrx_word' id='word_1_230' title='bbox 2781 1551 2914 1621; x_wconf 91' lang='lat' dir='ltr'><strong>ipsis</strong></span> <span class='ocrx_word' id='word_1_231' title='bbox 2951 1553 3160 1607; x_wconf 91' lang='lat' dir='ltr'><strong>unitus.</strong></span> <span class='ocrx_word' id='word_1_232' title='bbox 3207 1554 3397 1622; x_wconf 89' lang='lat' dir='ltr'><strong>Neque</strong></span> 
     </span>
    </p>
   </div>
   <div class='ocr_carea' id='block_1_32' title="bbox 1809 1642 3396 1713">
    <p class='ocr_par' dir='ltr' id='par_1_32' title="bbox 1809 1642 3396 1713">
     <span class='ocr_line' id='line_1_32' title="bbox 1809 1642 3396 1713; baseline 0.001 -18"><span class='ocrx_word' id='word_1_233' title='bbox 1809 1648 2162 1712; x_wconf 81' lang='lat' dir='ltr'><strong>augmentum</strong></span> <span class='ocrx_word' id='word_1_234' title='bbox 2196 1643 2283 1696; x_wconf 91' lang='lat' dir='ltr'><strong>vel</strong></span> <span class='ocrx_word' id='word_1_235' title='bbox 2315 1642 2755 1696; x_wconf 89' lang='lat' dir='ltr'><strong>imminutionem</strong></span> <span class='ocrx_word' id='word_1_236' title='bbox 2803 1643 2962 1697; x_wconf 78' lang='lat' dir='ltr'><strong>alTert</strong></span> <span class='ocrx_word' id='word_1_237' title='bbox 3003 1660 3236 1700; x_wconf 89' lang='lat' dir='ltr'><strong>numero</strong></span> <span class='ocrx_word' id='word_1_238' title='bbox 3269 1660 3396 1713; x_wconf 91' lang='lat' dir='ltr'><strong>per-</strong></span> 
     </span>
    </p>
   </div>
   <div class='ocr_carea' id='block_1_33' title="bbox 1809 1733 3398 1804">
    <p class='ocr_par' dir='ltr' id='par_1_33' title="bbox 1809 1733 3398 1804">
     <span class='ocr_line' id='line_1_33' title="bbox 1809 1733 3398 1804; baseline 0.002 -16"><span class='ocrx_word' id='word_1_239' title='bbox 1809 1745 2064 1788; x_wconf 88' lang='lat' dir='ltr'><strong>sonarum</strong></span> <span class='ocrx_word' id='word_1_240' title='bbox 2105 1733 2468 1788; x_wconf 65' lang='lat' dir='ltr'><strong>sanctissima:</strong></span> <span class='ocrx_word' id='word_1_241' title='bbox 2497 1733 2786 1788; x_wconf 88' lang='lat' dir='ltr'><strong>Trinitatis</strong></span> <span class='ocrx_word' id='word_1_242' title='bbox 2814 1751 2826 1786; x_wconf 92' lang='lat'>:</span> <span class='ocrx_word' id='word_1_243' title='bbox 2853 1734 3128 1804; x_wconf 88' lang='lat' dir='ltr'><strong>siquidem</strong></span> <span class='ocrx_word' id='word_1_244' title='bbox 3159 1737 3398 1792; x_wconf 75' lang='lat' dir='ltr'><strong>Verbum</strong></span> 
     </span>
    </p>
   </div>
   <div class='ocr_carea' id='block_1_34' title="bbox 83 1819 1704 1902">
    <p class='ocr_par' dir='ltr' id='par_1_34' title="bbox 83 1824 1692 1902">
     <span class='ocr_line' id='line_1_34' title="bbox 83 1824 1692 1902; baseline -0.006 -16"><span class='ocrx_word' id='word_1_245' title='bbox 83 1833 220 1902; x_wconf 83' lang='grc' dir='ltr'>γία,</span> <span class='ocrx_word' id='word_1_246' title='bbox 275 1833 370 1886; x_wconf 68' lang='grc' dir='ltr'>καὶ</span> <span class='ocrx_word' id='word_1_247' title='bbox 406 1833 556 1885; x_wconf 79' lang='grc' dir='ltr'>πᾶσα</span> <span class='ocrx_word' id='word_1_248' title='bbox 591 1834 624 1902; x_wconf 82' lang='grc' dir='ltr'><strong>ή</strong></span> <span class='ocrx_word' id='word_1_249' title='bbox 666 1833 807 1902; x_wconf 82' lang='grc' dir='ltr'>ὁμὰς</span> <span class='ocrx_word' id='word_1_250' title='bbox 835 1829 928 1884; x_wconf 82' lang='grc' dir='ltr'>τοῦ</span> <span class='ocrx_word' id='word_1_251' title='bbox 960 1829 1250 1897; x_wconf 81' lang='grc' dir='ltr'>ἀλογίστου</span> <span class='ocrx_word' id='word_1_252' title='bbox 1283 1827 1438 1898; x_wconf 84' lang='grc' dir='ltr'>ὑμῶν</span> <span class='ocrx_word' id='word_1_253' title='bbox 1461 1824 1692 1879; x_wconf 80' lang='grc' dir='ltr'>καταλόο</span> 
     </span>
    </p>
   </div>
   <div class='ocr_carea' id='block_1_35' title="bbox 1814 1819 3397 1902">
    <p class='ocr_par' dir='ltr' id='par_1_35' title="bbox 1814 1821 3397 1892">
     <span class='ocr_line' id='line_1_35' title="bbox 1814 1821 3397 1892; baseline 0.004 -17"><span class='ocrx_word' id='word_1_254' title='bbox 1814 1822 1964 1875; x_wconf 85' lang='lat' dir='ltr'><strong>mica</strong></span> <span class='ocrx_word' id='word_1_255' title='bbox 1994 1831 2120 1875; x_wconf 88' lang='lat' dir='ltr'><strong>ante</strong></span> <span class='ocrx_word' id='word_1_256' title='bbox 2149 1821 2609 1887; x_wconf 83' lang='lat' dir='ltr'><strong>incarnationem,</strong></span> <span class='ocrx_word' id='word_1_257' title='bbox 2635 1823 2798 1877; x_wconf 88' lang='lat' dir='ltr'><strong>unica</strong></span> <span class='ocrx_word' id='word_1_258' title='bbox 2819 1831 2943 1892; x_wconf 89' lang='lat' dir='ltr'><strong>post</strong></span> <span class='ocrx_word' id='word_1_259' title='bbox 2962 1824 3397 1882; x_wconf 86' lang='lat' dir='ltr'><strong>incarnationem</strong></span> 
     </span>
    </p>
   </div>
   <div class='ocr_carea' id='block_1_36' title="bbox 87 1913 1701 1994">
    <p class='ocr_par' dir='ltr' id='par_1_36' title="bbox 87 1913 1701 1994">
     <span class='ocr_line' id='line_1_36' title="bbox 87 1913 1701 1994; baseline -0.005 -16"><span class='ocrx_word' id='word_1_260' title='bbox 87 1943 198 1993; x_wconf 89' lang='grc' dir='ltr'><strong>γου</strong></span> <span class='ocrx_word' id='word_1_261' title='bbox 239 1925 478 1993; x_wconf 79' lang='grc' dir='ltr'>εὐλόγως</span> <span class='ocrx_word' id='word_1_262' title='bbox 527 1925 660 1994; x_wconf 83' lang='grc' dir='ltr'><strong>ήμίν</strong></span> <span class='ocrx_word' id='word_1_263' title='bbox 704 1920 1201 1994; x_wconf 83' lang='grc' dir='ltr'>παραλογισθεῖσα·</span> <span class='ocrx_word' id='word_1_264' title='bbox 1235 1913 1315 1982; x_wconf 77' lang='grc' dir='ltr'>εἷς</span> <span class='ocrx_word' id='word_1_265' title='bbox 1349 1919 1454 1990; x_wconf 84' lang='grc' dir='ltr'>γὰρ</span> <span class='ocrx_word' id='word_1_266' title='bbox 1481 1917 1615 1979; x_wconf 79' lang='grc' dir='ltr'>ὅλως</span> <span class='ocrx_word' id='word_1_267' title='bbox 1640 1918 1701 1970; x_wconf 78' lang='grc' dir='ltr'>ἐκ</span> 
     </span>
    </p>
   </div>
   <div class='ocr_carea' id='block_1_37' title="bbox 88 2009 1703 2087">
    <p class='ocr_par' dir='ltr' id='par_1_37' title="bbox 88 2009 1703 2087">
     <span class='ocr_line' id='line_1_37' title="bbox 88 2009 1703 2087; baseline -0.006 -18"><span class='ocrx_word' id='word_1_268' title='bbox 88 2017 300 2086; x_wconf 81' lang='grc' dir='ltr'>τριῶν;</span> <span class='ocrx_word' id='word_1_269' title='bbox 324 2010 369 2069; x_wconf 81' lang='grc' dir='ltr'><strong>ὦ</strong></span> <span class='ocrx_word' id='word_1_270' title='bbox 403 2016 625 2087; x_wconf 85' lang='grc' dir='ltr'>δοκήσει</span> <span class='ocrx_word' id='word_1_271' title='bbox 663 2016 841 2084; x_wconf 75' lang='grc' dir='ltr'>σοφοὶ,</span> <span class='ocrx_word' id='word_1_272' title='bbox 899 2014 958 2067; x_wconf 91' lang='grc' dir='ltr'><strong>οὐ</strong></span> <span class='ocrx_word' id='word_1_273' title='bbox 1011 2013 1153 2066; x_wconf 84' lang='grc' dir='ltr'><strong>κατὰ</strong></span> <span class='ocrx_word' id='word_1_274' title='bbox 1186 2009 1477 2064; x_wconf 84' lang='grc' dir='ltr'>κοινωνίαν</span> <span class='ocrx_word' id='word_1_275' title='bbox 1513 2010 1542 2062; x_wconf 86' lang='grc' dir='ltr'><strong>ό</strong></span> <span class='ocrx_word' id='word_1_276' title='bbox 1577 2011 1703 2078; x_wconf 87' lang='grc' dir='ltr'>Χρι-</span> 
     </span>
    </p>
   </div>
   <div class='ocr_carea' id='block_1_38' title="bbox 91 2097 1700 2174">
    <p class='ocr_par' dir='ltr' id='par_1_38' title="bbox 91 2097 1700 2174">
     <span class='ocr_line' id='line_1_38' title="bbox 91 2097 1700 2174; baseline -0.004 -17"><span class='ocrx_word' id='word_1_277' title='bbox 91 2105 262 2168; x_wconf 77' lang='grc' dir='ltr'>στός·</span> <span class='ocrx_word' id='word_1_278' title='bbox 293 2101 374 2167; x_wconf 76' lang='grc' dir='ltr'>εἷς</span> <span class='ocrx_word' id='word_1_279' title='bbox 404 2104 468 2174; x_wconf 82' lang='grc' dir='ltr'><strong>δή</strong></span> <span class='ocrx_word' id='word_1_280' title='bbox 528 2105 624 2157; x_wconf 76' lang='grc' dir='ltr'><strong>σὺν</strong></span> <span class='ocrx_word' id='word_1_281' title='bbox 655 2106 769 2165; x_wconf 85' lang='grc' dir='ltr'>τοῖς</span> <span class='ocrx_word' id='word_1_282' title='bbox 813 2104 1022 2165; x_wconf 83' lang='grc' dir='ltr'>λοιποῖς</span> <span class='ocrx_word' id='word_1_283' title='bbox 1072 2100 1166 2155; x_wconf 84' lang='grc' dir='ltr'>δύο</span> <span class='ocrx_word' id='word_1_284' title='bbox 1205 2099 1520 2170; x_wconf 84' lang='grc' dir='ltr'>προσώποις</span> <span class='ocrx_word' id='word_1_285' title='bbox 1560 2097 1700 2150; x_wconf 83' lang='grc' dir='ltr'><strong>κατὰ</strong></span> 
     </span>
    </p>
   </div>
   <div class='ocr_carea' id='block_1_39' title="bbox 89 2187 1701 2267">
    <p class='ocr_par' dir='ltr' id='par_1_39' title="bbox 89 2187 1701 2267">
     <span class='ocr_line' id='line_1_39' title="bbox 89 2187 1701 2267; baseline -0.006 -18"><span class='ocrx_word' id='word_1_286' title='bbox 89 2198 200 2267; x_wconf 82' lang='grc' dir='ltr'>τὴν</span> <span class='ocrx_word' id='word_1_287' title='bbox 231 2195 520 2249; x_wconf 88' lang='grc' dir='ltr'>κοινωνίαν</span> <span class='ocrx_word' id='word_1_288' title='bbox 547 2197 644 2265; x_wconf 79' lang='grc' dir='ltr'>τῆς</span> <span class='ocrx_word' id='word_1_289' title='bbox 675 2195 806 2264; x_wconf 78' lang='grc' dir='ltr'>μιᾶς</span> <span class='ocrx_word' id='word_1_290' title='bbox 827 2193 934 2246; x_wconf 83' lang='grc' dir='ltr'><strong>τῶν</strong></span> <span class='ocrx_word' id='word_1_291' title='bbox 975 2194 1031 2245; x_wconf 77' lang='grc' dir='ltr'>ἐν</span> <span class='ocrx_word' id='word_1_292' title='bbox 1058 2191 1206 2260; x_wconf 79' lang='grc' dir='ltr'><strong>αὐτῴ</strong></span> <span class='ocrx_word' id='word_1_293' title='bbox 1243 2190 1482 2260; x_wconf 77' lang='grc' dir='ltr'>φύσεως,</span> <span class='ocrx_word' id='word_1_294' title='bbox 1503 2190 1561 2242; x_wconf 91' lang='grc' dir='ltr'><strong>οὐ</strong></span> <span class='ocrx_word' id='word_1_295' title='bbox 1593 2187 1701 2258; x_wconf 80' lang='grc' dir='ltr'>μὴν</span> 
     </span>
    </p>
   </div>
   <div class='ocr_carea' id='block_1_40' title="bbox 90 2281 1703 2357">
    <p class='ocr_par' dir='ltr' id='par_1_40' title="bbox 90 2281 1703 2357">
     <span class='ocr_line' id='line_1_40' title="bbox 90 2281 1703 2357; baseline -0.007 -16"><span class='ocrx_word' id='word_1_296' title='bbox 90 2289 210 2341; x_wconf 76' lang='grc' dir='ltr'>τῶν</span> <span class='ocrx_word' id='word_1_297' title='bbox 241 2289 300 2340; x_wconf 85' lang='grc' dir='ltr'>ὲν</span> <span class='ocrx_word' id='word_1_298' title='bbox 330 2286 478 2357; x_wconf 87' lang='grc' dir='ltr'>αὐτῷ</span> <span class='ocrx_word' id='word_1_299' title='bbox 503 2287 596 2340; x_wconf 80' lang='grc' dir='ltr'><strong>δύο</strong></span> <span class='ocrx_word' id='word_1_300' title='bbox 631 2287 848 2356; x_wconf 78' lang='grc' dir='ltr'>φύσεων</span> <span class='ocrx_word' id='word_1_301' title='bbox 876 2303 888 2315; x_wconf 92' lang='grc'><strong>·</strong></span> <span class='ocrx_word' id='word_1_302' title='bbox 929 2286 1027 2339; x_wconf 91' lang='grc' dir='ltr'><strong>οὐκ</strong></span> <span class='ocrx_word' id='word_1_303' title='bbox 1055 2285 1106 2337; x_wconf 76' lang='grc' dir='ltr'><strong>εἴ</strong></span> <span class='ocrx_word' id='word_1_304' title='bbox 1127 2283 1249 2336; x_wconf 83' lang='grc' dir='ltr'>τιδὲ</span> <span class='ocrx_word' id='word_1_305' title='bbox 1279 2283 1353 2352; x_wconf 84' lang='grc' dir='ltr'>μὴ</span> <span class='ocrx_word' id='word_1_306' title='bbox 1392 2283 1455 2334; x_wconf 79' lang='grc' dir='ltr'>ἐκ</span> <span class='ocrx_word' id='word_1_307' title='bbox 1481 2281 1703 2332; x_wconf 77' lang='grc' dir='ltr'>πάντων</span> 
     </span>
    </p>
   </div>
   <div class='ocr_carea' id='block_1_41' title="bbox 91 2371 1694 2444">
    <p class='ocr_par' dir='ltr' id='par_1_41' title="bbox 91 2371 1694 2444">
     <span class='ocr_line' id='line_1_41' title="bbox 91 2371 1694 2444; baseline -0.007 -11"><span class='ocrx_word' id='word_1_308' title='bbox 91 2380 209 2433; x_wconf 84' lang='grc' dir='ltr'>τῶν</span> <span class='ocrx_word' id='word_1_309' title='bbox 237 2379 435 2433; x_wconf 79' lang='grc' dir='ltr'>ἑαυτοῦ</span> <span class='ocrx_word' id='word_1_310' title='bbox 461 2381 707 2434; x_wconf 88' lang='grc' dir='ltr'>κοινωνεί</span> <span class='ocrx_word' id='word_1_311' title='bbox 725 2397 852 2444; x_wconf 88' lang='grc' dir='ltr'>τινι,</span> <span class='ocrx_word' id='word_1_312' title='bbox 877 2377 996 2431; x_wconf 81' lang='grc' dir='ltr'>οὐδὲ</span> <span class='ocrx_word' id='word_1_313' title='bbox 1020 2376 1198 2430; x_wconf 82' lang='grc' dir='ltr'>κοινὸν</span> <span class='ocrx_word' id='word_1_314' title='bbox 1229 2375 1380 2427; x_wconf 80' lang='grc' dir='ltr'>ἔσται</span> <span class='ocrx_word' id='word_1_315' title='bbox 1396 2372 1532 2442; x_wconf 76' lang='grc' dir='ltr'>πρὸς</span> <span class='ocrx_word' id='word_1_316' title='bbox 1554 2371 1694 2432; x_wconf 81' lang='grc' dir='ltr'>αὐτό,</span> 
     </span>
    </p>
   </div>
   <div class='ocr_carea' id='block_1_42' title="bbox 1811 1913 3398 1986">
    <p class='ocr_par' dir='ltr' id='par_1_42' title="bbox 1811 1913 3398 1986">
     <span class='ocr_line' id='line_1_42' title="bbox 1811 1913 3398 1986; baseline 0.004 -20"><span class='ocrx_word' id='word_1_317' title='bbox 1811 1913 1916 1967; x_wconf 81' lang='lat' dir='ltr'><strong>fuit</strong></span> <span class='ocrx_word' id='word_1_318' title='bbox 1948 1928 2204 1982; x_wconf 86' lang='lat' dir='ltr'><strong>persona,</strong></span> <span class='ocrx_word' id='word_1_319' title='bbox 2235 1923 2290 1968; x_wconf 91' lang='lat' dir='ltr'><strong>ct</strong></span> <span class='ocrx_word' id='word_1_320' title='bbox 2321 1913 2496 1982; x_wconf 89' lang='lat' dir='ltr'><strong>ipsum</strong></span> <span class='ocrx_word' id='word_1_321' title='bbox 2529 1929 2638 1968; x_wconf 91' lang='lat' dir='ltr'><strong>non</strong></span> <span class='ocrx_word' id='word_1_322' title='bbox 2671 1914 2913 1969; x_wconf 90' lang='lat' dir='ltr'><strong>caruisse</strong></span> <span class='ocrx_word' id='word_1_323' title='bbox 2947 1916 3224 1986; x_wconf 77' lang='lat' dir='ltr'><strong>hypostasi</strong></span> <span class='ocrx_word' id='word_1_324' title='bbox 3270 1929 3398 1973; x_wconf 88' lang='lat' dir='ltr'><strong>ante</strong></span> 
     </span>
    </p>
   </div>
   <div class='ocr_carea' id='block_1_43' title="bbox 1813 2003 3398 2062">
    <p class='ocr_par' dir='ltr' id='par_1_43' title="bbox 1813 2003 3398 2062">
     <span class='ocr_line' id='line_1_43' title="bbox 1813 2003 3398 2062; baseline 0.003 -5"><span class='ocrx_word' id='word_1_325' title='bbox 1813 2004 2251 2058; x_wconf 85' lang='lat' dir='ltr'><strong>incarnationem</strong></span> <span class='ocrx_word' id='word_1_326' title='bbox 2297 2003 2586 2058; x_wconf 74' lang='lat' dir='ltr'><strong>evidenter</strong></span> <span class='ocrx_word' id='word_1_327' title='bbox 2619 2004 3032 2060; x_wconf 88' lang='lat' dir='ltr'><strong>demonstratur</strong></span> <span class='ocrx_word' id='word_1_328' title='bbox 3068 2007 3124 2060; x_wconf 91' lang='lat' dir='ltr'><strong>in</strong></span> <span class='ocrx_word' id='word_1_329' title='bbox 3168 2007 3398 2062; x_wconf 88' lang='lat' dir='ltr'><strong>sanctis-</strong></span> 
     </span>
    </p>
   </div>
   <div class='ocr_carea' id='block_1_44' title="bbox 1811 2095 3400 2166">
    <p class='ocr_par' dir='ltr' id='par_1_44' title="bbox 1811 2095 3400 2166">
     <span class='ocr_line' id='line_1_44' title="bbox 1811 2095 3400 2166; baseline 0.003 -16"><span class='ocrx_word' id='word_1_330' title='bbox 1811 2096 1948 2150; x_wconf 90' lang='lat' dir='ltr'><strong>sima</strong></span> <span class='ocrx_word' id='word_1_331' title='bbox 2005 2095 2326 2165; x_wconf 71' lang='lat' dir='ltr'><strong>Trinitate:</strong></span> <span class='ocrx_word' id='word_1_332' title='bbox 2383 2096 2428 2150; x_wconf 88' lang='lat' dir='ltr'><strong>si</strong></span> <span class='ocrx_word' id='word_1_333' title='bbox 2477 2097 2622 2149; x_wconf 88' lang='lat' dir='ltr'><strong>enim</strong></span> <span class='ocrx_word' id='word_1_334' title='bbox 2672 2097 2969 2166; x_wconf 86' lang='lat' dir='ltr'><strong>perfectam</strong></span> <span class='ocrx_word' id='word_1_335' title='bbox 3029 2115 3176 2153; x_wconf 90' lang='lat' dir='ltr'><strong>nunc</strong></span> <span class='ocrx_word' id='word_1_336' title='bbox 3229 2100 3400 2155; x_wconf 79' lang='lat' dir='ltr'><strong>habet</strong></span> 
     </span>
    </p>
   </div>
   <div class='ocr_carea' id='block_1_45' title="bbox 1811 2187 3397 2261">
    <p class='ocr_par' dir='ltr' id='par_1_45' title="bbox 1811 2187 3397 2261">
     <span class='ocr_line' id='line_1_45' title="bbox 1811 2187 3397 2261; baseline 0.003 -21"><span class='ocrx_word' id='word_1_337' title='bbox 1811 2187 2184 2257; x_wconf 85' lang='lat' dir='ltr'><strong>hypostasim,</strong></span> <span class='ocrx_word' id='word_1_338' title='bbox 2239 2202 2353 2240; x_wconf 89' lang='lat' dir='ltr'><strong>non</strong></span> <span class='ocrx_word' id='word_1_339' title='bbox 2413 2187 2560 2256; x_wconf 90' lang='lat' dir='ltr'><strong>quod</strong></span> <span class='ocrx_word' id='word_1_340' title='bbox 2617 2187 2982 2258; x_wconf 82' lang='lat' dir='ltr'><strong>hypostaseos</strong></span> <span class='ocrx_word' id='word_1_341' title='bbox 3039 2201 3397 2261; x_wconf 87' lang='lat' dir='ltr'><strong>augmentum</strong></span> 
     </span>
    </p>
   </div>
   <div class='ocr_carea' id='block_1_46' title="bbox 1814 2279 3399 2354">
    <p class='ocr_par' dir='ltr' id='par_1_46' title="bbox 1814 2279 3399 2354">
     <span class='ocr_line' id='line_1_46' title="bbox 1814 2279 3399 2354; baseline 0.003 -21"><span class='ocrx_word' id='word_1_342' title='bbox 1814 2279 2140 2348; x_wconf 89' lang='lat' dir='ltr'><strong>susceperit,</strong></span> <span class='ocrx_word' id='word_1_343' title='bbox 2173 2279 2266 2334; x_wconf 92' lang='lat' dir='ltr'><strong>sed</strong></span> <span class='ocrx_word' id='word_1_344' title='bbox 2301 2295 2464 2349; x_wconf 89' lang='lat' dir='ltr'><strong>quam</strong></span> <span class='ocrx_word' id='word_1_345' title='bbox 2507 2281 2664 2350; x_wconf 89' lang='lat' dir='ltr'><strong>prius</strong></span> <span class='ocrx_word' id='word_1_346' title='bbox 2689 2281 2945 2348; x_wconf 83' lang='lat' dir='ltr'><strong>habebat,</strong></span> <span class='ocrx_word' id='word_1_347' title='bbox 2989 2283 3093 2338; x_wconf 89' lang='lat' dir='ltr'><strong>hac</strong></span> <span class='ocrx_word' id='word_1_348' title='bbox 3119 2284 3235 2337; x_wconf 88' lang='lat' dir='ltr'><strong>sola</strong></span> <span class='ocrx_word' id='word_1_349' title='bbox 3264 2300 3399 2354; x_wconf 83' lang='lat' dir='ltr'><strong>gau-</strong></span> 
     </span>
    </p>
   </div>
   <div class='ocr_carea' id='block_1_47' title="bbox 1817 2371 3397 2444">
    <p class='ocr_par' dir='ltr' id='par_1_47' title="bbox 1817 2371 3397 2444">
     <span class='ocr_line' id='line_1_47' title="bbox 1817 2371 3397 2444; baseline 0.004 -20"><span class='ocrx_word' id='word_1_350' title='bbox 1817 2371 1930 2436; x_wconf 91' lang='lat' dir='ltr'><strong>det,</strong></span> <span class='ocrx_word' id='word_1_351' title='bbox 1963 2371 2130 2425; x_wconf 88' lang='lat' dir='ltr'><strong>ctiam</strong></span> <span class='ocrx_word' id='word_1_352' title='bbox 2157 2379 2282 2440; x_wconf 88' lang='lat' dir='ltr'><strong>post</strong></span> <span class='ocrx_word' id='word_1_353' title='bbox 2307 2371 2604 2427; x_wconf 91' lang='lat' dir='ltr'><strong>additionis</strong></span> <span class='ocrx_word' id='word_1_354' title='bbox 2632 2373 2777 2428; x_wconf 92' lang='lat' dir='ltr'><strong>illius</strong></span> <span class='ocrx_word' id='word_1_355' title='bbox 2804 2389 2966 2444; x_wconf 89' lang='lat' dir='ltr'><strong>quam</strong></span> <span class='ocrx_word' id='word_1_356' title='bbox 2995 2389 3107 2430; x_wconf 88' lang='lat' dir='ltr'><strong>non</strong></span> <span class='ocrx_word' id='word_1_357' title='bbox 3135 2376 3397 2443; x_wconf 88' lang='lat' dir='ltr'><strong>habebat,</strong></span> 
     </span>
    </p>
   </div>
   <div class='ocr_carea' id='block_1_48' title="bbox 93 2465 3398 2542">
    <p class='ocr_par' dir='ltr' id='par_1_48' title="bbox 93 2465 3398 2542">
     <span class='ocr_line' id='line_1_48' title="bbox 93 2465 3398 2542; baseline -0.002 -10"><span class='ocrx_word' id='word_1_358' title='bbox 93 2486 341 2532; x_wconf 67' lang='lat' dir='ltr'><strong>naturae.</strong></span> <span class='ocrx_word' id='word_1_359' title='bbox 371 2474 439 2530; x_wconf 86' lang='lat' dir='ltr'><strong>Et</strong></span> <span class='ocrx_word' id='word_1_360' title='bbox 472 2475 553 2530; x_wconf 83' lang='lat' dir='ltr'><strong>sic</strong></span> <span class='ocrx_word' id='word_1_361' title='bbox 574 2475 734 2530; x_wconf 80' lang='lat' dir='ltr'><strong>vobis</strong></span> <span class='ocrx_word' id='word_1_362' title='bbox 761 2477 816 2528; x_wconf 87' lang='lat' dir='ltr'><strong>in</strong></span> <span class='ocrx_word' id='word_1_363' title='bbox 841 2474 1074 2528; x_wconf 84' lang='lat' dir='ltr'><strong>nihilum</strong></span> <span class='ocrx_word' id='word_1_364' title='bbox 1129 2470 1351 2524; x_wconf 90' lang='lat' dir='ltr'><strong>redacta</strong></span> <span class='ocrx_word' id='word_1_365' title='bbox 1385 2467 1496 2522; x_wconf 90' lang='lat' dir='ltr'><strong>ruit</strong></span> <span class='ocrx_word' id='word_1_366' title='bbox 1527 2465 1710 2519; x_wconf 89' lang='lat' dir='ltr'><strong>omnis</strong></span> <span class='ocrx_word' id='word_1_367' title='bbox 1732 2465 2176 2534; x_wconf 87' lang='lat' dir='ltr'><strong>‘duplicationum</strong></span> <span class='ocrx_word' id='word_1_368' title='bbox 2209 2480 2376 2536; x_wconf 90' lang='lat' dir='ltr'><strong>supra</strong></span> <span class='ocrx_word' id='word_1_369' title='bbox 2404 2468 2805 2537; x_wconf 88' lang='lat' dir='ltr'><strong>triplicationes</strong></span> <span class='ocrx_word' id='word_1_370' title='bbox 2834 2479 3220 2540; x_wconf 86' lang='lat' dir='ltr'><strong>congestarum</strong></span> <span class='ocrx_word' id='word_1_371' title='bbox 3262 2487 3398 2542; x_wconf 88' lang='lat' dir='ltr'><strong>sup-</strong></span> 
     </span>
    </p>
   </div>
   <div class='ocr_carea' id='block_1_49' title="bbox 95 2551 3397 2643">
    <p class='ocr_par' dir='ltr' id='par_1_49' title="bbox 95 2551 3397 2643">
     <span class='ocr_line' id='line_1_49' title="bbox 95 2551 3397 2643; baseline -0.001 -19"><span class='ocrx_word' id='word_1_372' title='bbox 95 2570 362 2643; x_wconf 87' lang='lat' dir='ltr'><strong>putatio,</strong></span> <span class='ocrx_word' id='word_1_373' title='bbox 415 2579 471 2624; x_wconf 88' lang='lat' dir='ltr'><strong>et</strong></span> <span class='ocrx_word' id='word_1_374' title='bbox 521 2576 635 2624; x_wconf 89' lang='lat' dir='ltr'><strong>tota</strong></span> <span class='ocrx_word' id='word_1_375' title='bbox 681 2569 776 2624; x_wconf 90' lang='lat' dir='ltr'><strong>illa</strong></span> <span class='ocrx_word' id='word_1_376' title='bbox 819 2566 1310 2623; x_wconf 82' lang='lat' dir='ltr'><strong>innumerabilium</strong></span> <span class='ocrx_word' id='word_1_377' title='bbox 1368 2551 1705 2618; x_wconf 71' lang='lat' dir='ltr'><strong>calculorum</strong></span> <span class='ocrx_word' id='word_1_378' title='bbox 1747 2576 1982 2624; x_wconf 90' lang='lat' dir='ltr'><strong>summa,</strong></span> <span class='ocrx_word' id='word_1_379' title='bbox 2058 2562 2265 2616; x_wconf 86' lang='lat' dir='ltr'><strong>erroris</strong></span> <span class='ocrx_word' id='word_1_380' title='bbox 2299 2563 2497 2618; x_wconf 91' lang='lat' dir='ltr'><strong>merito</strong></span> <span class='ocrx_word' id='word_1_381' title='bbox 2540 2581 2570 2618; x_wconf 91' lang='lat' dir='ltr'><strong>a</strong></span> <span class='ocrx_word' id='word_1_382' title='bbox 2635 2567 2798 2622; x_wconf 91' lang='lat' dir='ltr'><strong>nobis</strong></span> <span class='ocrx_word' id='word_1_383' title='bbox 2841 2569 3116 2624; x_wconf 90' lang='lat' dir='ltr'><strong>convicta.</strong></span> <span class='ocrx_word' id='word_1_384' title='bbox 3155 2569 3397 2636; x_wconf 90' lang='lat' dir='ltr'><strong>Etenim,</strong></span> 
     </span>
    </p>
   </div>
   <div class='ocr_carea' id='block_1_50' title="bbox 95 2657 3397 2734">
    <p class='ocr_par' dir='ltr' id='par_1_50' title="bbox 95 2657 3397 2734">
     <span class='ocr_line' id='line_1_50' title="bbox 95 2657 3397 2734; baseline -0.001 -14"><span class='ocrx_word' id='word_1_385' title='bbox 95 2682 130 2719; x_wconf 94' lang='grc' dir='ltr'><strong>ο</strong></span> <span class='ocrx_word' id='word_1_386' title='bbox 167 2681 273 2720; x_wconf 89' lang='lat' dir='ltr'><strong>vos</strong></span> <span class='ocrx_word' id='word_1_387' title='bbox 312 2666 368 2719; x_wconf 90' lang='lat' dir='ltr'><strong>in</strong></span> <span class='ocrx_word' id='word_1_388' title='bbox 399 2673 582 2719; x_wconf 91' lang='lat' dir='ltr'><strong>vestra</strong></span> <span class='ocrx_word' id='word_1_389' title='bbox 626 2665 888 2734; x_wconf 90' lang='lat' dir='ltr'><strong>opinione</strong></span> <span class='ocrx_word' id='word_1_390' title='bbox 931 2664 1229 2733; x_wconf 88' lang='lat' dir='ltr'><strong>sapientes,</strong></span> <span class='ocrx_word' id='word_1_391' title='bbox 1305 2658 1559 2714; x_wconf 86' lang='lat' dir='ltr'><strong>Christus</strong></span> <span class='ocrx_word' id='word_1_392' title='bbox 1599 2673 1742 2711; x_wconf 89' lang='lat' dir='ltr'><strong>unus</strong></span> <span class='ocrx_word' id='word_1_393' title='bbox 1787 2667 1872 2712; x_wconf 77' lang='lat' dir='ltr'><strong>est</strong></span> <span class='ocrx_word' id='word_1_394' title='bbox 1913 2671 1983 2710; x_wconf 78' lang='lat' dir='ltr'><strong>ex</strong></span> <span class='ocrx_word' id='word_1_395' title='bbox 2037 2657 2237 2723; x_wconf 90' lang='lat' dir='ltr'><strong>tribus,</strong></span> <span class='ocrx_word' id='word_1_396' title='bbox 2290 2660 2408 2714; x_wconf 86' lang='lat' dir='ltr'><strong>sine</strong></span> <span class='ocrx_word' id='word_1_397' title='bbox 2457 2664 2980 2731; x_wconf 89' lang='lat' dir='ltr'><strong>communicatione,</strong></span> <span class='ocrx_word' id='word_1_398' title='bbox 3026 2681 3170 2721; x_wconf 90' lang='lat' dir='ltr'><strong>unus</strong></span> <span class='ocrx_word' id='word_1_399' title='bbox 3213 2675 3397 2721; x_wconf 89' lang='lat' dir='ltr'><strong>autem</strong></span> 
     </span>
    </p>
   </div>
   <div class='ocr_carea' id='block_1_51' title="bbox 94 2753 3390 2834">
    <p class='ocr_par' dir='ltr' id='par_1_51' title="bbox 94 2753 3390 2834">
     <span class='ocr_line' id='line_1_51' title="bbox 94 2753 3390 2834; baseline 0.001 -20"><span class='ocrx_word' id='word_1_400' title='bbox 94 2767 185 2814; x_wconf 91' lang='lat' dir='ltr'><strong>est</strong></span> <span class='ocrx_word' id='word_1_401' title='bbox 258 2773 385 2813; x_wconf 91' lang='lat' dir='ltr'><strong>cum</strong></span> <span class='ocrx_word' id='word_1_402' title='bbox 450 2758 666 2812; x_wconf 86' lang='lat' dir='ltr'><strong>duabus</strong></span> <span class='ocrx_word' id='word_1_403' title='bbox 703 2758 829 2812; x_wconf 88' lang='lat' dir='ltr'><strong>aliis</strong></span> <span class='ocrx_word' id='word_1_404' title='bbox 869 2757 1123 2827; x_wconf 82' lang='lat' dir='ltr'><strong>personis</strong></span> <span class='ocrx_word' id='word_1_405' title='bbox 1164 2771 1262 2824; x_wconf 89' lang='lat' dir='ltr'><strong>per</strong></span> <span class='ocrx_word' id='word_1_406' title='bbox 1300 2753 1855 2809; x_wconf 89' lang='lat' dir='ltr'><strong>communicationem</strong></span> <span class='ocrx_word' id='word_1_407' title='bbox 1888 2753 2073 2816; x_wconf 90' lang='lat' dir='ltr'><strong>unius,</strong></span> <span class='ocrx_word' id='word_1_408' title='bbox 2125 2768 2233 2807; x_wconf 90' lang='lat' dir='ltr'><strong>non</strong></span> <span class='ocrx_word' id='word_1_409' title='bbox 2285 2770 2418 2810; x_wconf 84' lang='lat' dir='ltr'><strong>vero</strong></span> <span class='ocrx_word' id='word_1_410' title='bbox 2448 2757 2734 2827; x_wconf 88' lang='lat' dir='ltr'><strong>utriusque</strong></span> <span class='ocrx_word' id='word_1_411' title='bbox 2781 2773 3005 2814; x_wconf 87' lang='lat' dir='ltr'><strong>suarum</strong></span> <span class='ocrx_word' id='word_1_412' title='bbox 3040 2769 3390 2834; x_wconf 84' lang='lat' dir='ltr'><strong>naturarum;</strong></span> 
     </span>
    </p>
   </div>
   <div class='ocr_carea' id='block_1_52' title="bbox 97 2842 3401 2925">
    <p class='ocr_par' dir='ltr' id='par_1_52' title="bbox 97 2842 3401 2925">
     <span class='ocr_line' id='line_1_52' title="bbox 97 2842 3401 2925; baseline 0.002 -20"><span class='ocrx_word' id='word_1_413' title='bbox 97 2851 360 2925; x_wconf 86' lang='lat' dir='ltr'><strong>quamvis</strong></span> <span class='ocrx_word' id='word_1_414' title='bbox 411 2860 594 2905; x_wconf 91' lang='lat' dir='ltr'><strong>autem</strong></span> <span class='ocrx_word' id='word_1_415' title='bbox 651 2851 860 2920; x_wconf 89' lang='lat' dir='ltr'><strong>aliquid</strong></span> <span class='ocrx_word' id='word_1_416' title='bbox 905 2851 1064 2909; x_wconf 78' lang='lat' dir='ltr'><strong>alteri</strong></span> <span class='ocrx_word' id='word_1_417' title='bbox 1102 2865 1211 2903; x_wconf 89' lang='lat' dir='ltr'><strong>non</strong></span> <span class='ocrx_word' id='word_1_418' title='bbox 1252 2845 1624 2900; x_wconf 89' lang='lat' dir='ltr'><strong>communicet</strong></span> <span class='ocrx_word' id='word_1_419' title='bbox 1688 2860 1754 2897; x_wconf 80' lang='lat' dir='ltr'><strong>ex</strong></span> <span class='ocrx_word' id='word_1_420' title='bbox 1831 2842 2087 2895; x_wconf 83' lang='lat' dir='ltr'><strong>omnibus</strong></span> <span class='ocrx_word' id='word_1_421' title='bbox 2134 2844 2269 2907; x_wconf 88' lang='lat' dir='ltr'><strong>suis,</strong></span> <span class='ocrx_word' id='word_1_422' title='bbox 2323 2846 2430 2896; x_wconf 71' lang='lat' dir='ltr'><strong>non</strong></span> <span class='ocrx_word' id='word_1_423' title='bbox 2470 2846 2593 2899; x_wconf 91' lang='lat' dir='ltr'><strong>ideo</strong></span> <span class='ocrx_word' id='word_1_424' title='bbox 2626 2862 2918 2904; x_wconf 89' lang='lat' dir='ltr'><strong>commune</strong></span> <span class='ocrx_word' id='word_1_425' title='bbox 2961 2865 3085 2905; x_wconf 88' lang='lat' dir='ltr'><strong>cum</strong></span> <span class='ocrx_word' id='word_1_426' title='bbox 3134 2853 3230 2908; x_wconf 91' lang='lat' dir='ltr'><strong>illo</strong></span> <span class='ocrx_word' id='word_1_427' title='bbox 3290 2872 3401 2910; x_wconf 85' lang='lat' dir='ltr'><strong>non</strong></span> 
     </span>
    </p>
   </div>
   <div class='ocr_carea' id='block_1_53' title="bbox 93 2945 230 3002">
    <p class='ocr_par' dir='ltr' id='par_1_53' title="bbox 93 2945 230 3002">
     <span class='ocr_line' id='line_1_53' title="bbox 93 2945 230 3002; baseline -0.022 -1"><span class='ocrx_word' id='word_1_428' title='bbox 93 2945 230 3002; x_wconf 88' lang='lat' dir='ltr'><strong>erit.</strong></span> 
     </span>
    </p>
   </div>
   <div class='ocr_carea' id='block_1_54' title="bbox 738 3028 1663 3115">
    <p class='ocr_par' dir='ltr' id='par_1_54' title="bbox 738 3028 1663 3115">
     <span class='ocr_line' id='line_1_54' title="bbox 738 3028 1663 3115; baseline -0.002 -24"><span class='ocrx_word' id='word_1_429' title='bbox 738 3028 1112 3092; x_wconf 54' lang='lat' dir='ltr'><strong>KeeAA.Eﬁ</strong></span> <span class='ocrx_word' id='word_1_430' title='bbox 1660 3111 1663 3115; x_wconf 5' lang='grc' dir='ltr'><strong>γ</strong></span> 
     </span>
    </p>
   </div>
   <div class='ocr_carea' id='block_1_55' title="bbox 174 3121 1706 3204">
    <p class='ocr_par' dir='ltr' id='par_1_55' title="bbox 174 3121 1706 3204">
     <span class='ocr_line' id='line_1_55' title="bbox 174 3121 1706 3204; baseline -0.012 -10"><span class='ocrx_word' id='word_1_431' title='bbox 174 3141 242 3193; x_wconf 71' lang='lat' dir='ltr'><strong>Ei</strong></span> <span class='ocrx_word' id='word_1_432' title='bbox 282 3137 340 3192; x_wconf 78' lang='grc' dir='ltr'><strong>τὸ</strong></span> <span class='ocrx_word' id='word_1_433' title='bbox 371 3132 458 3203; x_wconf 75' lang='grc' dir='ltr'>εἷς</span> <span class='ocrx_word' id='word_1_434' title='bbox 488 3134 597 3204; x_wconf 81' lang='grc' dir='ltr'>τῆς</span> <span class='ocrx_word' id='word_1_435' title='bbox 632 3129 872 3202; x_wconf 79' lang='grc' dir='ltr'>Τριάδος</span> <span class='ocrx_word' id='word_1_436' title='bbox 929 3130 993 3181; x_wconf 83' lang='grc' dir='ltr'>ὲκ</span> <span class='ocrx_word' id='word_1_437' title='bbox 1048 3127 1303 3195; x_wconf 83' lang='grc' dir='ltr'>θεότητος</span> <span class='ocrx_word' id='word_1_438' title='bbox 1359 3127 1452 3179; x_wconf 74' lang='grc' dir='ltr'><strong>καὶ</strong></span> <span class='ocrx_word' id='word_1_439' title='bbox 1506 3121 1706 3194; x_wconf 76' lang='grc' dir='ltr'>σαρκὸς</span> 
     </span>
    </p>
   </div>
   <div class='ocr_carea' id='block_1_56' title="bbox 104 3215 1702 3302">
    <p class='ocr_par' dir='ltr' id='par_1_56' title="bbox 104 3215 1702 3302">
     <span class='ocr_line' id='line_1_56' title="bbox 104 3215 1702 3302; baseline -0.012 -16"><span class='ocrx_word' id='word_1_440' title='bbox 104 3230 462 3302; x_wconf 70' lang='grc' dir='ltr'>σημαίνεται,</span> <span class='ocrx_word' id='word_1_441' title='bbox 507 3226 624 3288; x_wconf 84' lang='grc' dir='ltr'><strong>πῶς</strong></span> <span class='ocrx_word' id='word_1_442' title='bbox 654 3225 753 3278; x_wconf 90' lang='grc' dir='ltr'><strong>οὐκ</strong></span> <span class='ocrx_word' id='word_1_443' title='bbox 789 3222 942 3275; x_wconf 74' lang='grc' dir='ltr'>ἔσται</span> <span class='ocrx_word' id='word_1_444' title='bbox 971 3220 1068 3288; x_wconf 82' lang='grc' dir='ltr'>τῆς</span> <span class='ocrx_word' id='word_1_445' title='bbox 1093 3217 1320 3288; x_wconf 83' lang='grc' dir='ltr'>Τριάδος</span> <span class='ocrx_word' id='word_1_446' title='bbox 1347 3219 1492 3286; x_wconf 73' lang='grc' dir='ltr'>καὶή</span> <span class='ocrx_word' id='word_1_447' title='bbox 1532 3215 1702 3284; x_wconf 61' lang='lat' dir='ltr'><strong>adipi;</strong></span> 
     </span>
    </p>
   </div>
   <div class='ocr_carea' id='block_1_57' title="bbox 103 3310 1707 3394">
    <p class='ocr_par' dir='ltr' id='par_1_57' title="bbox 103 3310 1707 3394">
     <span class='ocr_line' id='line_1_57' title="bbox 103 3310 1707 3394; baseline -0.012 -15"><span class='ocrx_word' id='word_1_448' title='bbox 103 3328 152 3379; x_wconf 84' lang='grc' dir='ltr'><strong>εί</strong></span> <span class='ocrx_word' id='word_1_449' title='bbox 180 3325 242 3378; x_wconf 80' lang='grc' dir='ltr'><strong>δὲ</strong></span> <span class='ocrx_word' id='word_1_450' title='bbox 281 3325 314 3394; x_wconf 86' lang='grc' dir='ltr'>ἡ</span> <span class='ocrx_word' id='word_1_451' title='bbox 342 3321 474 3390; x_wconf 81' lang='grc' dir='ltr'>ἁγία</span> <span class='ocrx_word' id='word_1_452' title='bbox 506 3317 677 3388; x_wconf 80' lang='grc' dir='ltr'>Τριὰς</span> <span class='ocrx_word' id='word_1_453' title='bbox 699 3317 840 3371; x_wconf 87' lang='grc' dir='ltr'>κατά</span> <span class='ocrx_word' id='word_1_454' title='bbox 868 3333 920 3367; x_wconf 87' lang='grc' dir='ltr'><strong>τι</strong></span> <span class='ocrx_word' id='word_1_455' title='bbox 950 3314 1114 3384; x_wconf 86' lang='grc' dir='ltr'>μονάς</span> <span class='ocrx_word' id='word_1_456' title='bbox 1149 3313 1286 3375; x_wconf 75' lang='grc' dir='ltr'>ἐστι,</span> <span class='ocrx_word' id='word_1_457' title='bbox 1310 3312 1411 3363; x_wconf 92' lang='grc' dir='ltr'><strong>οὐκ</strong></span> <span class='ocrx_word' id='word_1_458' title='bbox 1441 3311 1591 3361; x_wconf 78' lang='grc' dir='ltr'>ἔσται</span> <span class='ocrx_word' id='word_1_459' title='bbox 1616 3310 1707 3360; x_wconf 75' lang='grc' dir='ltr'><strong>καὶ</strong></span> 
     </span>
    </p>
   </div>
   <div class='ocr_carea' id='block_1_58' title="bbox 101 3397 1708 3488">
    <p class='ocr_par' dir='ltr' id='par_1_58' title="bbox 101 3397 1708 3488">
     <span class='ocr_line' id='line_1_58' title="bbox 101 3397 1708 3488; baseline -0.013 -18"><span class='ocrx_word' id='word_1_460' title='bbox 101 3418 208 3488; x_wconf 83' lang='grc' dir='ltr'>τῆς</span> <span class='ocrx_word' id='word_1_461' title='bbox 244 3413 478 3484; x_wconf 81' lang='grc' dir='ltr'>μονάδος</span> <span class='ocrx_word' id='word_1_462' title='bbox 513 3412 547 3481; x_wconf 86' lang='grc' dir='ltr'><strong>ή</strong></span> <span class='ocrx_word' id='word_1_463' title='bbox 585 3408 763 3479; x_wconf 79' lang='grc' dir='ltr'>σάρξ·</span> <span class='ocrx_word' id='word_1_464' title='bbox 794 3407 840 3458; x_wconf 88' lang='grc' dir='ltr'>εἰ</span> <span class='ocrx_word' id='word_1_465' title='bbox 875 3405 932 3458; x_wconf 83' lang='grc' dir='ltr'><strong>δὲ</strong></span> <span class='ocrx_word' id='word_1_466' title='bbox 961 3404 1060 3474; x_wconf 79' lang='grc' dir='ltr'><strong>τῆς</strong></span> <span class='ocrx_word' id='word_1_467' title='bbox 1095 3401 1322 3472; x_wconf 86' lang='grc' dir='ltr'>μονάδος</span> <span class='ocrx_word' id='word_1_468' title='bbox 1349 3403 1384 3471; x_wconf 85' lang='grc' dir='ltr'><strong>ή</strong></span> <span class='ocrx_word' id='word_1_469' title='bbox 1419 3397 1574 3470; x_wconf 79' lang='grc' dir='ltr'>σὰρξ,</span> <span class='ocrx_word' id='word_1_470' title='bbox 1595 3415 1708 3450; x_wconf 65' lang='lat' dir='ltr'><strong>xti-</strong></span> 
     </span>
    </p>
   </div>
   <div class='ocr_carea' id='block_1_59' title="bbox 107 3489 1707 3578">
    <p class='ocr_par' dir='ltr' id='par_1_59' title="bbox 107 3489 1707 3578">
     <span class='ocr_line' id='line_1_59' title="bbox 107 3489 1707 3578; baseline -0.013 -17"><span class='ocrx_word' id='word_1_471' title='bbox 107 3508 211 3578; x_wconf 83' lang='grc' dir='ltr'>στὴ</span> <span class='ocrx_word' id='word_1_472' title='bbox 241 3507 300 3559; x_wconf 83' lang='grc' dir='ltr'>δὲ</span> <span class='ocrx_word' id='word_1_473' title='bbox 334 3504 494 3572; x_wconf 78' lang='grc' dir='ltr'>αὕτη,</span> <span class='ocrx_word' id='word_1_474' title='bbox 532 3502 648 3564; x_wconf 83' lang='grc' dir='ltr'>πῶς</span> <span class='ocrx_word' id='word_1_475' title='bbox 681 3501 937 3560; x_wconf 86' lang='grc' dir='ltr'>ἄκτιστος</span> <span class='ocrx_word' id='word_1_476' title='bbox 985 3499 1016 3567; x_wconf 88' lang='grc' dir='ltr'><strong>ή</strong></span> <span class='ocrx_word' id='word_1_477' title='bbox 1054 3496 1256 3566; x_wconf 83' lang='grc' dir='ltr'>μονάς;</span> <span class='ocrx_word' id='word_1_478' title='bbox 1301 3493 1462 3546; x_wconf 74' lang='grc' dir='ltr'>Ἀλλὰ</span> <span class='ocrx_word' id='word_1_479' title='bbox 1507 3493 1590 3550; x_wconf 82' lang='grc' dir='ltr'><strong>τίς</strong></span> <span class='ocrx_word' id='word_1_480' title='bbox 1643 3489 1707 3542; x_wconf 86' lang='grc' dir='ltr'><strong>ἂν</strong></span> 
     </span>
    </p>
   </div>
   <div class='ocr_carea' id='block_1_60' title="bbox 106 3583 1703 3671">
    <p class='ocr_par' dir='ltr' id='par_1_60' title="bbox 106 3583 1703 3671">
     <span class='ocr_line' id='line_1_60' title="bbox 106 3583 1703 3671; baseline -0.016 -17"><span class='ocrx_word' id='word_1_481' title='bbox 106 3602 194 3671; x_wconf 71' lang='grc' dir='ltr'><strong>εἴη</strong></span> <span class='ocrx_word' id='word_1_482' title='bbox 228 3597 389 3664; x_wconf 71' lang='grc' dir='ltr'>λόγος</span> <span class='ocrx_word' id='word_1_483' title='bbox 430 3596 557 3666; x_wconf 85' lang='grc' dir='ltr'>ὑμῖν</span> <span class='ocrx_word' id='word_1_484' title='bbox 590 3595 619 3646; x_wconf 82' lang='grc' dir='ltr'>ὁ</span> <span class='ocrx_word' id='word_1_485' title='bbox 661 3590 946 3661; x_wconf 84' lang='grc' dir='ltr'>παριστῶν</span> <span class='ocrx_word' id='word_1_486' title='bbox 1001 3588 1062 3640; x_wconf 81' lang='grc' dir='ltr'><strong>τὸ</strong></span> <span class='ocrx_word' id='word_1_487' title='bbox 1113 3585 1252 3640; x_wconf 86' lang='grc' dir='ltr'>κατά</span> <span class='ocrx_word' id='word_1_488' title='bbox 1296 3603 1348 3638; x_wconf 92' lang='grc' dir='ltr'><strong>τι</strong></span> <span class='ocrx_word' id='word_1_489' title='bbox 1391 3583 1703 3643; x_wconf 75' lang='grc' dir='ltr'>κοινωνοῦν,</span> 
     </span>
    </p>
   </div>
   <div class='ocr_carea' id='block_1_61' title="bbox 107 3670 1706 3753">
    <p class='ocr_par' dir='ltr' id='par_1_61' title="bbox 107 3670 1706 3753">
     <span class='ocr_line' id='line_1_61' title="bbox 107 3670 1706 3753; baseline -0.013 -6"><span class='ocrx_word' id='word_1_490' title='bbox 107 3670 336 3753; x_wconf 82' lang='grc' dir='ltr'>πάντως</span> <span class='ocrx_word' id='word_1_491' title='bbox 363 3685 618 3743; x_wconf 72' lang='grc' dir='ltr'>καὶκατὰ</span> <span class='ocrx_word' id='word_1_492' title='bbox 644 3684 820 3738; x_wconf 88' lang='grc' dir='ltr'>πάντα</span> <span class='ocrx_word' id='word_1_493' title='bbox 852 3682 1128 3735; x_wconf 85' lang='grc' dir='ltr'>κοινωνεῖν</span> <span class='ocrx_word' id='word_1_494' title='bbox 1158 3678 1507 3746; x_wconf 80' lang='grc' dir='ltr'>ἀναγκαίως;</span> <span class='ocrx_word' id='word_1_495' title='bbox 1542 3676 1588 3728; x_wconf 84' lang='grc' dir='ltr'><strong>εί</strong></span> <span class='ocrx_word' id='word_1_496' title='bbox 1612 3670 1706 3726; x_wconf 69' lang='grc' dir='ltr'><strong>οὖν</strong></span> 
     </span>
    </p>
   </div>
   <div class='ocr_carea' id='block_1_62' title="bbox 106 3767 1707 3853">
    <p class='ocr_par' dir='ltr' id='par_1_62' title="bbox 106 3767 1707 3853">
     <span class='ocr_line' id='line_1_62' title="bbox 106 3767 1707 3853; baseline -0.011 -18"><span class='ocrx_word' id='word_1_497' title='bbox 106 3785 142 3853; x_wconf 83' lang='grc' dir='ltr'><strong>ή</strong></span> <span class='ocrx_word' id='word_1_498' title='bbox 178 3779 322 3852; x_wconf 75' lang='grc' dir='ltr'>σὰρξ</span> <span class='ocrx_word' id='word_1_499' title='bbox 354 3775 724 3845; x_wconf 84' lang='grc' dir='ltr'>κεκοινώνηκε</span> <span class='ocrx_word' id='word_1_500' title='bbox 756 3776 823 3843; x_wconf 81' lang='grc' dir='ltr'>τῇ</span> <span class='ocrx_word' id='word_1_501' title='bbox 847 3772 1066 3842; x_wconf 83' lang='grc' dir='ltr'>θεότητι</span> <span class='ocrx_word' id='word_1_502' title='bbox 1099 3770 1242 3822; x_wconf 83' lang='grc' dir='ltr'>κατὰ</span> <span class='ocrx_word' id='word_1_503' title='bbox 1274 3769 1373 3838; x_wconf 83' lang='grc' dir='ltr'>τὴν</span> <span class='ocrx_word' id='word_1_504' title='bbox 1409 3767 1707 3820; x_wconf 76' lang='grc' dir='ltr'>ὑπόστασιν</span> 
     </span>
    </p>
   </div>
   <div class='ocr_carea' id='block_1_63' title="bbox 109 3853 1707 3938">
    <p class='ocr_par' dir='ltr' id='par_1_63' title="bbox 109 3853 1707 3938">
     <span class='ocr_line' id='line_1_63' title="bbox 109 3853 1707 3938; baseline -0.01 -14"><span class='ocrx_word' id='word_1_505' title='bbox 109 3873 206 3926; x_wconf 79' lang='grc' dir='ltr'><strong>τοὺ</strong></span> <span class='ocrx_word' id='word_1_506' title='bbox 245 3871 449 3938; x_wconf 80' lang='grc' dir='ltr'>Λόγου,</span> <span class='ocrx_word' id='word_1_507' title='bbox 483 3868 558 3930; x_wconf 83' lang='grc' dir='ltr'>ὡς</span> <span class='ocrx_word' id='word_1_508' title='bbox 581 3866 673 3919; x_wconf 83' lang='grc' dir='ltr'>διὰ</span> <span class='ocrx_word' id='word_1_509' title='bbox 695 3865 856 3918; x_wconf 81' lang='grc' dir='ltr'>τοῦτο</span> <span class='ocrx_word' id='word_1_510' title='bbox 890 3864 986 3917; x_wconf 76' lang='grc' dir='ltr'><strong>καὶ</strong></span> <span class='ocrx_word' id='word_1_511' title='bbox 1019 3860 1238 3931; x_wconf 81' lang='grc' dir='ltr'>ἀληθῶς</span> <span class='ocrx_word' id='word_1_512' title='bbox 1269 3861 1367 3913; x_wconf 76' lang='grc' dir='ltr'><strong>σὺν</strong></span> <span class='ocrx_word' id='word_1_513' title='bbox 1400 3857 1548 3927; x_wconf 81' lang='grc' dir='ltr'>αὐτῷ</span> <span class='ocrx_word' id='word_1_514' title='bbox 1572 3853 1707 3910; x_wconf 84' lang='grc' dir='ltr'>εἶναι</span> 
     </span>
    </p>
   </div>
   <div class='ocr_carea' id='block_1_64' title="bbox 115 3947 1708 4032">
    <p class='ocr_par' dir='ltr' id='par_1_64' title="bbox 115 3947 1708 4032">
     <span class='ocr_line' id='line_1_64' title="bbox 115 3947 1708 4032; baseline -0.011 -17"><span class='ocrx_word' id='word_1_515' title='bbox 115 3963 251 4032; x_wconf 81' lang='grc' dir='ltr'>μιᾶς</span> <span class='ocrx_word' id='word_1_516' title='bbox 309 3960 415 4012; x_wconf 84' lang='grc' dir='ltr'><strong>τῶν</strong></span> <span class='ocrx_word' id='word_1_517' title='bbox 469 3955 717 4025; x_wconf 85' lang='grc' dir='ltr'>μονάδων</span> <span class='ocrx_word' id='word_1_518' title='bbox 770 3956 870 4025; x_wconf 84' lang='grc' dir='ltr'>τῆς</span> <span class='ocrx_word' id='word_1_519' title='bbox 910 3952 1073 4020; x_wconf 82' lang='grc' dir='ltr'>ἁγίας</span> <span class='ocrx_word' id='word_1_520' title='bbox 1122 3949 1372 4022; x_wconf 85' lang='grc' dir='ltr'>Τριάδος,</span> <span class='ocrx_word' id='word_1_521' title='bbox 1407 3949 1573 4016; x_wconf 73' lang='grc' dir='ltr'>ἤγουν</span> <span class='ocrx_word' id='word_1_522' title='bbox 1608 3947 1708 4016; x_wconf 86' lang='grc' dir='ltr'>τῆς</span> 
     </span>
    </p>
   </div>
   <div class='ocr_carea' id='block_1_65' title="bbox 115 4039 1710 4120">
    <p class='ocr_par' dir='ltr' id='par_1_65' title="bbox 115 4039 1710 4120">
     <span class='ocr_line' id='line_1_65' title="bbox 115 4039 1710 4120; baseline -0.013 -12"><span class='ocrx_word' id='word_1_523' title='bbox 115 4053 491 4120; x_wconf 81' lang='grc' dir='ltr'>ὑποστατικῆς</span> <span class='ocrx_word' id='word_1_524' title='bbox 515 4047 888 4120; x_wconf 80' lang='grc' dir='ltr'>ἀριθμήσεως,</span> <span class='ocrx_word' id='word_1_525' title='bbox 915 4046 999 4106; x_wconf 87' lang='grc' dir='ltr'><strong>τίς</strong></span> <span class='ocrx_word' id='word_1_526' title='bbox 1019 4045 1048 4096; x_wconf 85' lang='grc' dir='ltr'><strong>ό</strong></span> <span class='ocrx_word' id='word_1_527' title='bbox 1085 4041 1402 4113; x_wconf 76' lang='grc' dir='ltr'>βιαζόμενος</span> <span class='ocrx_word' id='word_1_528' title='bbox 1425 4039 1579 4106; x_wconf 79' lang='grc' dir='ltr'>λόγος</span> <span class='ocrx_word' id='word_1_529' title='bbox 1597 4055 1710 4090; x_wconf 67' lang='grc' dir='ltr'>κοιη</span> 
     </span>
    </p>
   </div>
   <div class='ocr_carea' id='block_1_66' title="bbox 115 4132 1705 4217">
    <p class='ocr_par' dir='ltr' id='par_1_66' title="bbox 115 4132 1705 4217">
     <span class='ocr_line' id='line_1_66' title="bbox 115 4132 1705 4217; baseline -0.013 -17"><span class='ocrx_word' id='word_1_530' title='bbox 115 4139 363 4217; x_wconf 62' lang='grc' dir='ltr'>κωνῆσαι</span> <span class='ocrx_word' id='word_1_531' title='bbox 405 4143 574 4213; x_wconf 85' lang='grc' dir='ltr'>αὐτὴν</span> <span class='ocrx_word' id='word_1_532' title='bbox 606 4141 699 4195; x_wconf 75' lang='grc' dir='ltr'><strong>καὶ</strong></span> <span class='ocrx_word' id='word_1_533' title='bbox 737 4137 815 4208; x_wconf 86' lang='grc' dir='ltr'>τῷ</span> <span class='ocrx_word' id='word_1_534' title='bbox 848 4136 1095 4190; x_wconf 82' lang='grc' dir='ltr'>οὐσιῶδει</span> <span class='ocrx_word' id='word_1_535' title='bbox 1129 4135 1286 4204; x_wconf 86' lang='grc' dir='ltr'>Λόγῳ</span> <span class='ocrx_word' id='word_1_536' title='bbox 1306 4134 1403 4202; x_wconf 80' lang='grc' dir='ltr'><strong>τῆς</strong></span> <span class='ocrx_word' id='word_1_537' title='bbox 1433 4132 1705 4202; x_wconf 78' lang='grc' dir='ltr'>θεότητος,</span> 
     </span>
    </p>
   </div>
   <div class='ocr_carea' id='block_1_67' title="bbox 114 4222 1709 4309">
    <p class='ocr_par' dir='ltr' id='par_1_67' title="bbox 114 4222 1709 4309">
     <span class='ocr_line' id='line_1_67' title="bbox 114 4222 1709 4309; baseline -0.011 -18"><span class='ocrx_word' id='word_1_538' title='bbox 114 4229 289 4309; x_wconf 80' lang='grc' dir='ltr'>’ήγουν</span> <span class='ocrx_word' id='word_1_539' title='bbox 333 4235 412 4304; x_wconf 80' lang='grc' dir='ltr'>τῷ</span> <span class='ocrx_word' id='word_1_540' title='bbox 456 4235 556 4304; x_wconf 81' lang='grc' dir='ltr'><strong>τῆς</strong></span> <span class='ocrx_word' id='word_1_541' title='bbox 583 4232 799 4302; x_wconf 88' lang='grc' dir='ltr'>φύσεως</span> <span class='ocrx_word' id='word_1_542' title='bbox 827 4231 972 4298; x_wconf 83' lang='grc' dir='ltr'>λόγῳ</span> <span class='ocrx_word' id='word_1_543' title='bbox 1001 4227 1145 4280; x_wconf 81' lang='grc' dir='ltr'>κατὰ</span> <span class='ocrx_word' id='word_1_544' title='bbox 1177 4225 1237 4280; x_wconf 77' lang='grc' dir='ltr'><strong>τὸ</strong></span> <span class='ocrx_word' id='word_1_545' title='bbox 1269 4223 1558 4295; x_wconf 78' lang='grc' dir='ltr'>μοναδικὸν</span> <span class='ocrx_word' id='word_1_546' title='bbox 1609 4222 1709 4292; x_wconf 80' lang='grc' dir='ltr'>τῆς</span> 
     </span>
    </p>
   </div>
   <div class='ocr_carea' id='block_1_68' title="bbox 118 4316 1703 4400">
    <p class='ocr_par' dir='ltr' id='par_1_68' title="bbox 118 4316 1703 4400">
     <span class='ocr_line' id='line_1_68' title="bbox 118 4316 1703 4400; baseline -0.01 -17"><span class='ocrx_word' id='word_1_547' title='bbox 118 4328 411 4400; x_wconf 77' lang='grc' dir='ltr'>ὑπάρξεως</span> <span class='ocrx_word' id='word_1_548' title='bbox 448 4327 548 4394; x_wconf 82' lang='grc' dir='ltr'>τῆς</span> <span class='ocrx_word' id='word_1_549' title='bbox 577 4325 728 4388; x_wconf 85' lang='grc' dir='ltr'>θείας</span> <span class='ocrx_word' id='word_1_550' title='bbox 764 4317 1428 4392; x_wconf 79' lang='grc' dir='ltr'>συμπεριλαμϐανομένην</span> <span class='ocrx_word' id='word_1_551' title='bbox 1485 4319 1579 4371; x_wconf 81' lang='grc' dir='ltr'><strong>σὺν</strong></span> <span class='ocrx_word' id='word_1_552' title='bbox 1617 4316 1703 4368; x_wconf 83' lang='grc' dir='ltr'><strong>αὐ⁹</strong></span> 
     </span>
    </p>
   </div>
   <div class='ocr_carea' id='block_1_69' title="bbox 115 4409 1709 4492">
    <p class='ocr_par' dir='ltr' id='par_1_69' title="bbox 115 4409 1709 4492">
     <span class='ocr_line' id='line_1_69' title="bbox 115 4409 1709 4492; baseline -0.01 -17"><span class='ocrx_word' id='word_1_553' title='bbox 115 4425 220 4492; x_wconf 78' lang='grc' dir='ltr'>τῇ;</span> <span class='ocrx_word' id='word_1_554' title='bbox 263 4422 330 4474; x_wconf 83' lang='grc' dir='ltr'><strong>δι’</strong></span> <span class='ocrx_word' id='word_1_555' title='bbox 363 4419 495 4474; x_wconf 80' lang='grc' dir='ltr'>αὐτὸ</span> <span class='ocrx_word' id='word_1_556' title='bbox 529 4418 642 4487; x_wconf 82' lang='grc' dir='ltr'><strong>γὰρ</strong></span> <span class='ocrx_word' id='word_1_557' title='bbox 686 4417 751 4486; x_wconf 84' lang='grc' dir='ltr'>δὴ</span> <span class='ocrx_word' id='word_1_558' title='bbox 796 4413 956 4467; x_wconf 79' lang='grc' dir='ltr'>τοῦτο</span> <span class='ocrx_word' id='word_1_559' title='bbox 984 4411 1294 4465; x_wconf 82' lang='grc' dir='ltr'>τούναντίον</span> <span class='ocrx_word' id='word_1_560' title='bbox 1337 4409 1516 4480; x_wconf 81' lang='grc' dir='ltr'>φαμὲν</span> <span class='ocrx_word' id='word_1_561' title='bbox 1550 4410 1709 4478; x_wconf 76' lang='grc' dir='ltr'>ἡμεῖς</span> 
     </span>
    </p>
   </div>
   <div class='ocr_carea' id='block_1_70' title="bbox 114 4500 1711 4582">
    <p class='ocr_par' dir='ltr' id='par_1_70' title="bbox 114 4500 1711 4582">
     <span class='ocr_line' id='line_1_70' title="bbox 114 4500 1711 4582; baseline -0.009 -16"><span class='ocrx_word' id='word_1_562' title='bbox 114 4514 232 4576; x_wconf 87' lang='grc' dir='ltr'>τοῖς</span> <span class='ocrx_word' id='word_1_563' title='bbox 257 4511 544 4582; x_wconf 82' lang='grc' dir='ltr'>ὑμετέροις</span> <span class='ocrx_word' id='word_1_564' title='bbox 565 4527 580 4542; x_wconf 77' lang='grc' dir='ltr'><strong><em>ο</em></strong></span> <span class='ocrx_word' id='word_1_565' title='bbox 607 4509 693 4562; x_wconf 84' lang='grc' dir='ltr'>ὃτι</span> <span class='ocrx_word' id='word_1_566' title='bbox 746 4507 872 4559; x_wconf 72' lang='grc' dir='ltr'>ἐπεὶ</span> <span class='ocrx_word' id='word_1_567' title='bbox 895 4504 1091 4573; x_wconf 73' lang='grc' dir='ltr'>ἐκείνῳ</span> <span class='ocrx_word' id='word_1_568' title='bbox 1112 4503 1188 4573; x_wconf 83' lang='grc' dir='ltr'>τῷ</span> <span class='ocrx_word' id='word_1_569' title='bbox 1205 4503 1363 4571; x_wconf 83' lang='grc' dir='ltr'>Λόγῳ</span> <span class='ocrx_word' id='word_1_570' title='bbox 1398 4500 1536 4570; x_wconf 80' lang='grc' dir='ltr'>ἔφθη</span> <span class='ocrx_word' id='word_1_571' title='bbox 1571 4500 1711 4554; x_wconf 76' lang='grc' dir='ltr'>κατὰ</span> 
     </span>
    </p>
   </div>
   <div class='ocr_carea' id='block_1_71' title="bbox 121 4593 1711 4676">
    <p class='ocr_par' dir='ltr' id='par_1_71' title="bbox 121 4593 1711 4676">
     <span class='ocr_line' id='line_1_71' title="bbox 121 4593 1711 4676; baseline -0.008 -19"><span class='ocrx_word' id='word_1_572' title='bbox 121 4604 222 4676; x_wconf 83' lang='grc' dir='ltr'>τὴν</span> <span class='ocrx_word' id='word_1_573' title='bbox 264 4603 512 4656; x_wconf 80' lang='grc' dir='ltr'>εὐδοκίαν</span> <span class='ocrx_word' id='word_1_574' title='bbox 554 4602 654 4669; x_wconf 83' lang='grc' dir='ltr'>τῆς</span> <span class='ocrx_word' id='word_1_575' title='bbox 703 4598 1016 4668; x_wconf 78' lang='grc' dir='ltr'>οἰκονομίας</span> <span class='ocrx_word' id='word_1_576' title='bbox 1049 4595 1316 4664; x_wconf 79' lang='grc' dir='ltr'>ὲνωθῆναι</span> <span class='ocrx_word' id='word_1_577' title='bbox 1363 4597 1429 4664; x_wconf 82' lang='grc' dir='ltr'>τῇ</span> <span class='ocrx_word' id='word_1_578' title='bbox 1483 4593 1645 4664; x_wconf 76' lang='grc' dir='ltr'>σαρκὶ</span> <span class='ocrx_word' id='word_1_579' title='bbox 1679 4595 1711 4661; x_wconf 85' lang='grc' dir='ltr'><strong>ή</strong></span> 
     </span>
    </p>
   </div>
   <div class='ocr_carea' id='block_1_72' title="bbox 123 4682 1716 4766">
    <p class='ocr_par' dir='ltr' id='par_1_72' title="bbox 123 4682 1716 4766">
     <span class='ocr_line' id='line_1_72' title="bbox 123 4682 1716 4766; baseline -0.009 -18"><span class='ocrx_word' id='word_1_580' title='bbox 123 4695 344 4766; x_wconf 85' lang='grc' dir='ltr'>θεότης,</span> <span class='ocrx_word' id='word_1_581' title='bbox 404 4693 528 4746; x_wconf 79' lang='grc' dir='ltr'>καθ’</span> <span class='ocrx_word' id='word_1_582' title='bbox 577 4692 606 4745; x_wconf 86' lang='grc' dir='ltr'>ὃ</span> <span class='ocrx_word' id='word_1_583' title='bbox 652 4691 749 4746; x_wconf 78' lang='grc' dir='ltr'>καὶ</span> <span class='ocrx_word' id='word_1_584' title='bbox 793 4689 929 4760; x_wconf 83' lang='grc' dir='ltr'>πρὸς</span> <span class='ocrx_word' id='word_1_585' title='bbox 981 4688 1180 4756; x_wconf 74' lang='grc' dir='ltr'>ἑαυτήν</span> <span class='ocrx_word' id='word_1_586' title='bbox 1232 4702 1349 4748; x_wconf 86' lang='grc' dir='ltr'><strong>πως</strong></span> <span class='ocrx_word' id='word_1_587' title='bbox 1396 4682 1716 4753; x_wconf 84' lang='grc' dir='ltr'>διαφέρεται</span> 
     </span>
    </p>
   </div>
   <div class='ocr_carea' id='block_1_73' title="bbox 126 4773 1716 4854">
    <p class='ocr_par' dir='ltr' id='par_1_73' title="bbox 126 4773 1716 4854">
     <span class='ocr_line' id='line_1_73' title="bbox 126 4773 1716 4854; baseline -0.011 -13"><span class='ocrx_word' id='word_1_588' title='bbox 126 4787 300 4854; x_wconf 76' lang='grc' dir='ltr'>ἧγουν</span> <span class='ocrx_word' id='word_1_589' title='bbox 327 4784 470 4839; x_wconf 85' lang='grc' dir='ltr'>κατὰ</span> <span class='ocrx_word' id='word_1_590' title='bbox 494 4783 594 4854; x_wconf 82' lang='grc' dir='ltr'><strong>τὴν</strong></span> <span class='ocrx_word' id='word_1_591' title='bbox 627 4783 947 4847; x_wconf 87' lang='grc' dir='ltr'>ὑπόστασιν,</span> <span class='ocrx_word' id='word_1_592' title='bbox 970 4777 1404 4849; x_wconf 77' lang='grc' dir='ltr'>ὠμολογημένως</span> <span class='ocrx_word' id='word_1_593' title='bbox 1436 4775 1535 4828; x_wconf 87' lang='grc' dir='ltr'><strong>οὐκ</strong></span> <span class='ocrx_word' id='word_1_594' title='bbox 1564 4773 1716 4826; x_wconf 79' lang='grc' dir='ltr'>ἔσται</span> 
     </span>
    </p>
   </div>
   <div class='ocr_carea' id='block_1_74' title="bbox 125 4864 1716 4950">
    <p class='ocr_par' dir='ltr' id='par_1_74' title="bbox 125 4864 1716 4950">
     <span class='ocr_line' id='line_1_74' title="bbox 125 4864 1716 4950; baseline -0.01 -18"><span class='ocrx_word' id='word_1_595' title='bbox 125 4878 267 4950; x_wconf 82' lang='grc' dir='ltr'>πρὸς</span> <span class='ocrx_word' id='word_1_596' title='bbox 290 4876 462 4947; x_wconf 79' lang='grc' dir='ltr'>αὐτὴν</span> <span class='ocrx_word' id='word_1_597' title='bbox 501 4874 642 4928; x_wconf 83' lang='grc' dir='ltr'>κατὰ</span> <span class='ocrx_word' id='word_1_598' title='bbox 701 4872 858 4941; x_wconf 86' lang='grc' dir='ltr'>λόγον</span> <span class='ocrx_word' id='word_1_599' title='bbox 881 4868 1069 4933; x_wconf 89' lang='grc' dir='ltr'>οὐσίας</span> <span class='ocrx_word' id='word_1_600' title='bbox 1117 4866 1448 4922; x_wconf 80' lang='grc' dir='ltr'>κοινωνοῦσα</span> <span class='ocrx_word' id='word_1_601' title='bbox 1488 4865 1611 4918; x_wconf 89' lang='grc' dir='ltr'>καθ’</span> <span class='ocrx_word' id='word_1_602' title='bbox 1658 4864 1716 4916; x_wconf 82' lang='grc' dir='ltr'>ὃν</span> 
     </span>
    </p>
   </div>
   <div class='ocr_carea' id='block_1_75' title="bbox 127 4952 1717 5039">
    <p class='ocr_par' dir='ltr' id='par_1_75' title="bbox 127 4952 1717 5039">
     <span class='ocr_line' id='line_1_75' title="bbox 127 4952 1717 5039; baseline -0.011 -17"><span class='ocrx_word' id='word_1_603' title='bbox 127 4970 271 5039; x_wconf 71' lang='grc' dir='ltr'>πρὸς</span> <span class='ocrx_word' id='word_1_604' title='bbox 295 4965 494 5036; x_wconf 76' lang='grc' dir='ltr'>ἑαυτὴν</span> <span class='ocrx_word' id='word_1_605' title='bbox 523 4963 598 5034; x_wconf 85' lang='grc' dir='ltr'><strong>μὴ</strong></span> <span class='ocrx_word' id='word_1_606' title='bbox 620 4957 973 5032; x_wconf 83' lang='grc' dir='ltr'>διαφέρεται·</span> <span class='ocrx_word' id='word_1_607' title='bbox 1011 4961 1060 5011; x_wconf 78' lang='grc' dir='ltr'>εἰ</span> <span class='ocrx_word' id='word_1_608' title='bbox 1085 4957 1192 5028; x_wconf 82' lang='grc' dir='ltr'><strong>γὰρ</strong></span> <span class='ocrx_word' id='word_1_609' title='bbox 1224 4955 1343 5009; x_wconf 81' lang='grc' dir='ltr'>οὐδὲ</span> <span class='ocrx_word' id='word_1_610' title='bbox 1368 4953 1487 5008; x_wconf 83' lang='grc' dir='ltr'>καθ’</span> <span class='ocrx_word' id='word_1_611' title='bbox 1521 4952 1717 5022; x_wconf 76' lang='grc' dir='ltr'>ἑαυτὴν</span> 
     </span>
    </p>
   </div>
   <div class='ocr_carea' id='block_1_76' title="bbox 126 5045 1716 5131">
    <p class='ocr_par' dir='ltr' id='par_1_76' title="bbox 126 5045 1716 5131">
     <span class='ocr_line' id='line_1_76' title="bbox 126 5045 1716 5131; baseline -0.011 -18"><span class='ocrx_word' id='word_1_612' title='bbox 126 5053 482 5131; x_wconf 85' lang='grc' dir='ltr'>θεωρουμένη</span> <span class='ocrx_word' id='word_1_613' title='bbox 506 5058 540 5125; x_wconf 82' lang='grc' dir='ltr'><strong>ή</strong></span> <span class='ocrx_word' id='word_1_614' title='bbox 573 5049 765 5124; x_wconf 85' lang='grc' dir='ltr'>θεότης</span> <span class='ocrx_word' id='word_1_615' title='bbox 801 5054 860 5106; x_wconf 75' lang='grc' dir='ltr'>ἐν</span> <span class='ocrx_word' id='word_1_616' title='bbox 895 5050 1230 5121; x_wconf 77' lang='grc' dir='ltr'>ἀμφοτέροις</span> <span class='ocrx_word' id='word_1_617' title='bbox 1274 5051 1386 5110; x_wconf 89' lang='grc' dir='ltr'>τοῖς</span> <span class='ocrx_word' id='word_1_618' title='bbox 1415 5047 1593 5114; x_wconf 84' lang='grc' dir='ltr'>λόγοις</span> <span class='ocrx_word' id='word_1_619' title='bbox 1621 5045 1716 5097; x_wconf 89' lang='grc' dir='ltr'>αὐ-</span> 
     </span>
    </p>
   </div>
   <div class='ocr_carea' id='block_1_77' title="bbox 125 5139 1716 5222">
    <p class='ocr_par' dir='ltr' id='par_1_77' title="bbox 125 5139 1716 5222">
     <span class='ocr_line' id='line_1_77' title="bbox 125 5139 1716 5222; baseline -0.01 -18"><span class='ocrx_word' id='word_1_620' title='bbox 125 5153 250 5222; x_wconf 83' lang='grc' dir='ltr'>τῆς,</span> <span class='ocrx_word' id='word_1_621' title='bbox 282 5150 455 5221; x_wconf 74' lang='grc' dir='ltr'>ἧγουν</span> <span class='ocrx_word' id='word_1_622' title='bbox 481 5148 596 5210; x_wconf 89' lang='grc' dir='ltr'>τοῖς</span> <span class='ocrx_word' id='word_1_623' title='bbox 621 5145 722 5214; x_wconf 77' lang='grc' dir='ltr'>τῆς</span> <span class='ocrx_word' id='word_1_624' title='bbox 744 5144 935 5206; x_wconf 82' lang='grc' dir='ltr'>οὐσίας</span> <span class='ocrx_word' id='word_1_625' title='bbox 959 5142 1052 5194; x_wconf 78' lang='grc' dir='ltr'><strong>καὶ</strong></span> <span class='ocrx_word' id='word_1_626' title='bbox 1068 5140 1416 5202; x_wconf 84' lang='grc' dir='ltr'>ὑποστάσεως</span> <span class='ocrx_word' id='word_1_627' title='bbox 1440 5139 1716 5192; x_wconf 86' lang='grc' dir='ltr'>δείκνυται</span> 
     </span>
    </p>
   </div>
   <div class='ocr_carea' id='block_1_78' title="bbox 129 5226 1719 5310">
    <p class='ocr_par' dir='ltr' id='par_1_78' title="bbox 129 5226 1719 5310">
     <span class='ocr_line' id='line_1_78' title="bbox 129 5226 1719 5310; baseline -0.009 -15"><span class='ocrx_word' id='word_1_628' title='bbox 129 5239 472 5296; x_wconf 83' lang='grc' dir='ltr'>κοινωνοῦσα</span> <span class='ocrx_word' id='word_1_629' title='bbox 493 5238 574 5310; x_wconf 79' lang='grc' dir='ltr'><strong>(ἓν</strong></span> <span class='ocrx_word' id='word_1_630' title='bbox 594 5236 702 5308; x_wconf 82' lang='grc' dir='ltr'>γὰρ</span> <span class='ocrx_word' id='word_1_631' title='bbox 726 5237 846 5291; x_wconf 82' lang='grc' dir='ltr'>κατ’</span> <span class='ocrx_word' id='word_1_632' title='bbox 877 5226 1006 5290; x_wconf 80' lang='grc' dir='ltr'>ἄλλο</span> <span class='ocrx_word' id='word_1_633' title='bbox 1033 5233 1170 5296; x_wconf 71' lang='grc' dir='ltr'>ἐστὶ,</span> <span class='ocrx_word' id='word_1_634' title='bbox 1197 5233 1292 5285; x_wconf 72' lang='grc' dir='ltr'><strong>καὶ</strong></span> <span class='ocrx_word' id='word_1_635' title='bbox 1308 5231 1435 5301; x_wconf 87' lang='grc' dir='ltr'>τρία</span> <span class='ocrx_word' id='word_1_636' title='bbox 1452 5231 1572 5284; x_wconf 85' lang='grc' dir='ltr'>καθ’</span> <span class='ocrx_word' id='word_1_637' title='bbox 1600 5230 1719 5282; x_wconf 83' lang='grc' dir='ltr'>ἓτε-</span> 
     </span>
    </p>
   </div>
   <div class='ocr_carea' id='block_1_79' title="bbox 82 5321 1716 5399">
    <p class='ocr_par' dir='ltr' id='par_1_79' title="bbox 82 5321 1716 5399">
     <span class='ocr_line' id='line_1_79' title="bbox 82 5321 1716 5399; baseline -0.007 -17"><span class='ocrx_word' id='word_1_638' title='bbox 82 5363 86 5367; x_wconf 97' lang='grc'><strong><em>-</em></strong></span> <span class='ocrx_word' id='word_1_639' title='bbox 134 5329 225 5399; x_wconf 84' lang='grc' dir='ltr'><strong>ρόν</strong></span> <span class='ocrx_word' id='word_1_640' title='bbox 247 5328 410 5398; x_wconf 79' lang='grc' dir='ltr'>ὲστι)·</span> <span class='ocrx_word' id='word_1_641' title='bbox 446 5327 564 5391; x_wconf 86' lang='grc' dir='ltr'>πῶς</span> <span class='ocrx_word' id='word_1_642' title='bbox 585 5325 664 5397; x_wconf 83' lang='grc' dir='ltr'>τῷ</span> <span class='ocrx_word' id='word_1_643' title='bbox 698 5326 828 5396; x_wconf 85' lang='grc' dir='ltr'>παρ’</span> <span class='ocrx_word' id='word_1_644' title='bbox 851 5323 1022 5394; x_wconf 81' lang='grc' dir='ltr'>αὐτὴν</span> <span class='ocrx_word' id='word_1_645' title='bbox 1048 5322 1162 5375; x_wconf 74' lang='grc' dir='ltr'>ὄντι</span> <span class='ocrx_word' id='word_1_646' title='bbox 1187 5323 1283 5375; x_wconf 82' lang='grc' dir='ltr'><strong>σὺν</strong></span> <span class='ocrx_word' id='word_1_647' title='bbox 1306 5325 1372 5392; x_wconf 83' lang='grc' dir='ltr'>τῇ</span> <span class='ocrx_word' id='word_1_648' title='bbox 1394 5323 1560 5392; x_wconf 72' lang='grc' dir='ltr'>σαρκὶ</span> <span class='ocrx_word' id='word_1_649' title='bbox 1597 5321 1716 5373; x_wconf 82' lang='grc' dir='ltr'>κατ’</span> 
     </span>
    </p>
   </div>
   <div class='ocr_carea' id='block_1_80' title="bbox 131 5412 1719 5493">
    <p class='ocr_par' dir='ltr' id='par_1_80' title="bbox 131 5412 1719 5493">
     <span class='ocr_line' id='line_1_80' title="bbox 131 5412 1719 5493; baseline -0.007 -17"><span class='ocrx_word' id='word_1_650' title='bbox 131 5422 420 5493; x_wconf 70' lang='grc' dir='ltr'>ἀμφότερα</span> <span class='ocrx_word' id='word_1_651' title='bbox 473 5419 832 5490; x_wconf 66' lang='grc' dir='ltr'>κοινωνήσας</span> <span class='ocrx_word' id='word_1_652' title='bbox 861 5417 909 5469; x_wconf 85' lang='grc' dir='ltr'><strong>εί</strong></span> <span class='ocrx_word' id='word_1_653' title='bbox 955 5415 1064 5485; x_wconf 84' lang='grc' dir='ltr'><strong>γὰρ</strong></span> <span class='ocrx_word' id='word_1_654' title='bbox 1094 5413 1253 5468; x_wconf 80' lang='grc' dir='ltr'>τοῦτο</span> <span class='ocrx_word' id='word_1_655' title='bbox 1301 5412 1407 5482; x_wconf 77' lang='grc' dir='ltr'>εἴη,</span> <span class='ocrx_word' id='word_1_656' title='bbox 1449 5413 1616 5474; x_wconf 76' lang='grc' dir='ltr'>ὅντως</span> <span class='ocrx_word' id='word_1_657' title='bbox 1653 5412 1719 5465; x_wconf 82' lang='grc' dir='ltr'>ἂν</span> 
     </span>
    </p>
   </div>
   <div class='ocr_carea' id='block_1_81' title="bbox 135 5503 1720 5584">
    <p class='ocr_par' dir='ltr' id='par_1_81' title="bbox 135 5503 1720 5584">
     <span class='ocr_line' id='line_1_81' title="bbox 135 5503 1720 5584; baseline -0.009 -17"><span class='ocrx_word' id='word_1_658' title='bbox 135 5516 201 5584; x_wconf 78' lang='grc' dir='ltr'>τῇ</span> <span class='ocrx_word' id='word_1_659' title='bbox 243 5515 407 5584; x_wconf 70' lang='grc' dir='ltr'>σαρκὶ</span> <span class='ocrx_word' id='word_1_660' title='bbox 434 5513 572 5583; x_wconf 80' lang='grc' dir='ltr'>μόνῃ</span> <span class='ocrx_word' id='word_1_661' title='bbox 597 5509 656 5563; x_wconf 83' lang='grc' dir='ltr'><strong>τό</strong></span> <span class='ocrx_word' id='word_1_662' title='bbox 679 5526 739 5562; x_wconf 91' lang='grc' dir='ltr'><strong>τε</strong></span> <span class='ocrx_word' id='word_1_663' title='bbox 769 5507 911 5580; x_wconf 81' lang='grc' dir='ltr'>ὑπὲρ</span> <span class='ocrx_word' id='word_1_664' title='bbox 941 5507 1073 5560; x_wconf 86' lang='grc' dir='ltr'>Θεόν</span> <span class='ocrx_word' id='word_1_665' title='bbox 1097 5523 1216 5569; x_wconf 86' lang='grc' dir='ltr'><strong>πως</strong></span> <span class='ocrx_word' id='word_1_666' title='bbox 1251 5505 1344 5558; x_wconf 77' lang='grc' dir='ltr'><strong>καὶ</strong></span> <span class='ocrx_word' id='word_1_667' title='bbox 1377 5503 1720 5572; x_wconf 86' lang='grc' dir='ltr'>ἀσυγκρίτως</span> 
     </span>
    </p>
   </div>
   <div class='ocr_carea' id='block_1_82' title="bbox 136 5594 1719 5674">
    <p class='ocr_par' dir='ltr' id='par_1_82' title="bbox 136 5594 1719 5674">
     <span class='ocr_line' id='line_1_82' title="bbox 136 5594 1719 5674; baseline -0.009 -15"><span class='ocrx_word' id='word_1_668' title='bbox 136 5604 591 5674; x_wconf 76' lang='grc' dir='ltr'>ἁπλώτερον,καὶ</span> <span class='ocrx_word' id='word_1_669' title='bbox 641 5604 844 5671; x_wconf 79' lang='grc' dir='ltr'>ἑαυτῆς</span> <span class='ocrx_word' id='word_1_670' title='bbox 889 5598 1286 5668; x_wconf 86' lang='grc' dir='ltr'>ὑπερκείμενον</span> <span class='ocrx_word' id='word_1_671' title='bbox 1335 5594 1719 5666; x_wconf 74' lang='grc' dir='ltr'>ἐμαρτύρησεν</span> 
     </span>
    </p>
   </div>
   <div class='ocr_carea' id='block_1_83' title="bbox 135 5686 1718 5767">
    <p class='ocr_par' dir='ltr' id='par_1_83' title="bbox 135 5686 1718 5767">
     <span class='ocr_line' id='line_1_83' title="bbox 135 5686 1718 5767; baseline -0.006 -19"><span class='ocrx_word' id='word_1_672' title='bbox 135 5695 205 5748; x_wconf 83' lang='grc' dir='ltr'><strong>ἂν</strong></span> <span class='ocrx_word' id='word_1_673' title='bbox 300 5695 490 5767; x_wconf 84' lang='grc' dir='ltr'>θεότης</span> <span class='ocrx_word' id='word_1_674' title='bbox 511 5712 523 5724; x_wconf 90' lang='grc'><strong>·</strong></span> <span class='ocrx_word' id='word_1_675' title='bbox 560 5695 652 5748; x_wconf 63' lang='grc' dir='ltr'><strong>κοιλ⁹</strong></span> <span class='ocrx_word' id='word_1_676' title='bbox 703 5695 827 5746; x_wconf 85' lang='grc' dir='ltr'>τάδε</span> <span class='ocrx_word' id='word_1_677' title='bbox 868 5693 964 5761; x_wconf 79' lang='grc' dir='ltr'>μὲν</span> <span class='ocrx_word' id='word_1_678' title='bbox 994 5690 1166 5753; x_wconf 80' lang='grc' dir='ltr'>οὑτως</span> <span class='ocrx_word' id='word_1_679' title='bbox 1189 5707 1201 5721; x_wconf 89' lang='grc'><strong>·</strong></span> <span class='ocrx_word' id='word_1_680' title='bbox 1252 5692 1298 5741; x_wconf 87' lang='grc' dir='ltr'><strong>εί</strong></span> <span class='ocrx_word' id='word_1_681' title='bbox 1331 5689 1385 5740; x_wconf 83' lang='grc' dir='ltr'>δὲ</span> <span class='ocrx_word' id='word_1_682' title='bbox 1427 5686 1503 5755; x_wconf 82' lang='grc' dir='ltr'>τῷ</span> <span class='ocrx_word' id='word_1_683' title='bbox 1536 5686 1718 5756; x_wconf 86' lang='grc' dir='ltr'>λεπτῷ</span> 
     </span>
    </p>
   </div>
   <div class='ocr_carea' id='block_1_84' title="bbox 135 5776 1717 5857">
    <p class='ocr_par' dir='ltr' id='par_1_84' title="bbox 135 5776 1717 5857">
     <span class='ocr_line' id='line_1_84' title="bbox 135 5776 1717 5857; baseline -0.028 6"><span class='ocrx_word' id='word_1_684' title='bbox 135 5784 230 5838; x_wconf 66' lang='grc' dir='ltr'><strong>τοῦ</strong></span> <span class='ocrx_word' id='word_1_685' title='bbox 264 5786 620 5857; x_wconf 66' lang='grc' dir='ltr'><strong>θεωρήματθς</strong></span> <span class='ocrx_word' id='word_1_686' title='bbox 656 5783 784 5844; x_wconf 73' lang='grc' dir='ltr'>ἴσως</span> <span class='ocrx_word' id='word_1_687' title='bbox 834 5782 933 5834; x_wconf 76' lang='grc' dir='ltr'><strong>οὐκ</strong></span> <span class='ocrx_word' id='word_1_688' title='bbox 967 5779 1274 5846; x_wconf 67' lang='grc' dir='ltr'>εὔγνωστον</span> <span class='ocrx_word' id='word_1_689' title='bbox 1302 5780 1430 5848; x_wconf 80' lang='grc' dir='ltr'>ὑμῖν</span> <span class='ocrx_word' id='word_1_690' title='bbox 1470 5777 1528 5827; x_wconf 59' lang='grc' dir='ltr'>τὺ</span> <span class='ocrx_word' id='word_1_691' title='bbox 1562 5776 1717 5842; x_wconf 73' lang='grc' dir='ltr'>λεγό-</span> 
     </span>
    </p>
   </div>
   <div class='ocr_carea' id='block_1_85' title="bbox 423 5871 1260 5940">
    <p class='ocr_par' dir='ltr' id='par_1_85' title="bbox 423 5871 1260 5940">
     <span class='ocr_line' id='line_1_85' title="bbox 423 5871 1260 5940; baseline -0.007 -1"><span class='ocrx_word' id='word_1_692' title='bbox 423 5879 686 5940; x_wconf 59' lang='lat' dir='ltr'><strong>Parnm,</strong></span> <span class='ocrx_word' id='word_1_693' title='bbox 749 5875 864 5935; x_wconf 73' lang='lat' dir='ltr'><strong>Gtt.</strong></span> <span class='ocrx_word' id='word_1_694' title='bbox 914 5873 1144 5932; x_wconf 72' lang='lat' dir='ltr'><strong>LXXX</strong></span> <span class='ocrx_word' id='word_1_695' title='bbox 1159 5871 1232 5928; x_wconf 78' lang='lat' dir='ltr'><strong>Vl</strong></span> <span class='ocrx_word' id='word_1_696' title='bbox 1247 5913 1260 5933; x_wconf 91' lang='lat'><em>.</em></span> 
     </span>
    </p>
   </div>
   <div class='ocr_carea' id='block_1_86' title="bbox 2472 3025 2832 3109">
    <p class='ocr_par' dir='ltr' id='par_1_86' title="bbox 2472 3025 2832 3109">
     <span class='ocr_line' id='line_1_86' title="bbox 2472 3025 2832 3109; baseline 0.003 -21"><span class='ocrx_word' id='word_1_697' title='bbox 2472 3025 2736 3091; x_wconf 81' lang='lat' dir='ltr'><strong>CAP.V.</strong></span> <span class='ocrx_word' id='word_1_698' title='bbox 2823 3099 2832 3109; x_wconf 39' lang='grc' dir='ltr'><strong>ο</strong></span> 
     </span>
    </p>
   </div>
   <div class='ocr_carea' id='block_1_87' title="bbox 1887 3123 3400 3206">
    <p class='ocr_par' dir='ltr' id='par_1_87' title="bbox 1887 3123 3400 3206">
     <span class='ocr_line' id='line_1_87' title="bbox 1887 3123 3400 3206; baseline 0.01 -28"><span class='ocrx_word' id='word_1_699' title='bbox 1887 3123 1942 3178; x_wconf 94' lang='lat' dir='ltr'><strong>Si</strong></span> <span class='ocrx_word' id='word_1_700' title='bbox 1974 3124 2090 3180; x_wconf 84' lang='lat' dir='ltr'><strong>haec</strong></span> <span class='ocrx_word' id='word_1_701' title='bbox 2118 3125 2308 3192; x_wconf 89' lang='lat' dir='ltr'><strong>verba,</strong></span> <span class='ocrx_word' id='word_1_702' title='bbox 2344 3144 2479 3180; x_wconf 80' lang='lat' dir='ltr'><strong>unus</strong></span> <span class='ocrx_word' id='word_1_703' title='bbox 2520 3129 2582 3181; x_wconf 85' lang='lat' dir='ltr'><strong>de</strong></span> <span class='ocrx_word' id='word_1_704' title='bbox 2632 3130 2907 3199; x_wconf 79' lang='lat' dir='ltr'><strong>Trinitate,</strong></span> <span class='ocrx_word' id='word_1_705' title='bbox 2959 3125 3290 3206; x_wconf 80' lang='lat' dir='ltr'><strong>signiﬁcant,</strong></span> <span class='ocrx_word' id='word_1_706' title='bbox 3333 3155 3400 3193; x_wconf 82' lang='lat' dir='ltr'><strong>ex</strong></span> 
     </span>
    </p>
   </div>
   <div class='ocr_carea' id='block_1_88' title="bbox 1811 3214 3397 3290">
    <p class='ocr_par' dir='ltr' id='par_1_88' title="bbox 1811 3214 3397 3290">
     <span class='ocr_line' id='line_1_88' title="bbox 1811 3214 3397 3290; baseline 0.009 -23"><span class='ocrx_word' id='word_1_707' title='bbox 1811 3214 2105 3271; x_wconf 85' lang='lat' dir='ltr'><strong>divinitate</strong></span> <span class='ocrx_word' id='word_1_708' title='bbox 2133 3226 2188 3271; x_wconf 92' lang='lat' dir='ltr'><strong>et</strong></span> <span class='ocrx_word' id='word_1_709' title='bbox 2215 3232 2402 3282; x_wconf 88' lang='lat' dir='ltr'><strong>carne,</strong></span> <span class='ocrx_word' id='word_1_710' title='bbox 2448 3235 2655 3290; x_wconf 90' lang='lat' dir='ltr'><strong>ergone</strong></span> <span class='ocrx_word' id='word_1_711' title='bbox 2688 3221 2975 3279; x_wconf 90' lang='lat' dir='ltr'><strong>Trinitatis</strong></span> <span class='ocrx_word' id='word_1_712' title='bbox 2999 3226 3108 3280; x_wconf 89' lang='lat' dir='ltr'><strong>erit</strong></span> <span class='ocrx_word' id='word_1_713' title='bbox 3144 3229 3311 3282; x_wconf 88' lang='lat' dir='ltr'><strong>caro?</strong></span> <span class='ocrx_word' id='word_1_714' title='bbox 3342 3229 3397 3282; x_wconf 93' lang='lat' dir='ltr'><strong>Si</strong></span> 
     </span>
    </p>
   </div>
   <div class='ocr_carea' id='block_1_89' title="bbox 1811 3309 3399 3392">
    <p class='ocr_par' dir='ltr' id='par_1_89' title="bbox 1811 3309 3399 3392">
     <span class='ocr_line' id='line_1_89' title="bbox 1811 3309 3399 3392; baseline 0.01 -33"><span class='ocrx_word' id='word_1_715' title='bbox 1811 3321 1942 3360; x_wconf 90' lang='lat' dir='ltr'><strong>vero</strong></span> <span class='ocrx_word' id='word_1_716' title='bbox 1985 3309 2227 3363; x_wconf 88' lang='lat' dir='ltr'><strong>Trinitas</strong></span> <span class='ocrx_word' id='word_1_717' title='bbox 2269 3311 2372 3365; x_wconf 89' lang='lat' dir='ltr'><strong>sub</strong></span> <span class='ocrx_word' id='word_1_718' title='bbox 2407 3312 2595 3383; x_wconf 93' lang='lat' dir='ltr'><strong>aliquo</strong></span> <span class='ocrx_word' id='word_1_719' title='bbox 2629 3326 2884 3384; x_wconf 89' lang='lat' dir='ltr'><strong>respectu</strong></span> <span class='ocrx_word' id='word_1_720' title='bbox 2919 3317 2992 3372; x_wconf 89' lang='lat' dir='ltr'><strong>sit</strong></span> <span class='ocrx_word' id='word_1_721' title='bbox 3021 3333 3234 3386; x_wconf 90' lang='lat' dir='ltr'><strong>monas,</strong></span> <span class='ocrx_word' id='word_1_722' title='bbox 3266 3337 3399 3392; x_wconf 89' lang='lat' dir='ltr'><strong>ergo</strong></span> 
     </span>
    </p>
   </div>
   <div class='ocr_carea' id='block_1_90' title="bbox 1812 3399 3397 3476">
    <p class='ocr_par' dir='ltr' id='par_1_90' title="bbox 1812 3399 3397 3476">
     <span class='ocr_line' id='line_1_90' title="bbox 1812 3399 3397 3476; baseline 0.011 -27"><span class='ocrx_word' id='word_1_723' title='bbox 1812 3399 2064 3454; x_wconf 90' lang='lat' dir='ltr'><strong>monadis</strong></span> <span class='ocrx_word' id='word_1_724' title='bbox 2112 3416 2241 3456; x_wconf 92' lang='lat' dir='ltr'><strong>caro</strong></span> <span class='ocrx_word' id='word_1_725' title='bbox 2293 3403 2444 3456; x_wconf 88' lang='lat' dir='ltr'><strong>erit?</strong></span> <span class='ocrx_word' id='word_1_726' title='bbox 2482 3403 2539 3458; x_wconf 90' lang='lat' dir='ltr'><strong>Si</strong></span> <span class='ocrx_word' id='word_1_727' title='bbox 2585 3414 2769 3460; x_wconf 91' lang='lat' dir='ltr'><strong>autem</strong></span> <span class='ocrx_word' id='word_1_728' title='bbox 2814 3408 3065 3463; x_wconf 89' lang='lat' dir='ltr'><strong>monadis</strong></span> <span class='ocrx_word' id='word_1_729' title='bbox 3121 3409 3194 3464; x_wconf 84' lang='lat' dir='ltr'><strong>sit</strong></span> <span class='ocrx_word' id='word_1_730' title='bbox 3245 3427 3397 3476; x_wconf 90' lang='lat' dir='ltr'><strong>caro,</strong></span> 
     </span>
    </p>
   </div>
   <div class='ocr_carea' id='block_1_91' title="bbox 1811 3494 3402 3566">
    <p class='ocr_par' dir='ltr' id='par_1_91' title="bbox 1811 3494 3402 3566">
     <span class='ocr_line' id='line_1_91' title="bbox 1811 3494 3402 3566; baseline 0.011 -27"><span class='ocrx_word' id='word_1_731' title='bbox 1811 3505 1935 3542; x_wconf 91' lang='lat' dir='ltr'><strong>cum</strong></span> <span class='ocrx_word' id='word_1_732' title='bbox 1963 3506 2093 3546; x_wconf 88' lang='lat' dir='ltr'><strong>caro</strong></span> <span class='ocrx_word' id='word_1_733' title='bbox 2126 3494 2198 3546; x_wconf 91' lang='lat' dir='ltr'><strong>sit</strong></span> <span class='ocrx_word' id='word_1_734' title='bbox 2220 3503 2427 3560; x_wconf 88' lang='lat' dir='ltr'><strong>creata,</strong></span> <span class='ocrx_word' id='word_1_735' title='bbox 2455 3497 2738 3566; x_wconf 89' lang='lat' dir='ltr'><strong>quomodo</strong></span> <span class='ocrx_word' id='word_1_736' title='bbox 2771 3499 3013 3556; x_wconf 88' lang='lat' dir='ltr'><strong>increata</strong></span> <span class='ocrx_word' id='word_1_737' title='bbox 3039 3503 3146 3559; x_wconf 92' lang='lat' dir='ltr'><strong>erit</strong></span> <span class='ocrx_word' id='word_1_738' title='bbox 3170 3506 3402 3560; x_wconf 85' lang='lat' dir='ltr'><strong>monas?</strong></span> 
     </span>
    </p>
   </div>
   <div class='ocr_carea' id='block_1_92' title="bbox 1811 3584 3397 3665">
    <p class='ocr_par' dir='ltr' id='par_1_92' title="bbox 1811 3584 3397 3665">
     <span class='ocr_line' id='line_1_92' title="bbox 1811 3584 3397 3665; baseline 0.011 -32"><span class='ocrx_word' id='word_1_739' title='bbox 1811 3584 1879 3634; x_wconf 80' lang='lat' dir='ltr'><strong>At</strong></span> <span class='ocrx_word' id='word_1_740' title='bbox 1906 3599 2017 3652; x_wconf 91' lang='lat' dir='ltr'><strong>quo</strong></span> <span class='ocrx_word' id='word_1_741' title='bbox 2044 3595 2368 3653; x_wconf 88' lang='lat' dir='ltr'><strong>argumento</strong></span> <span class='ocrx_word' id='word_1_742' title='bbox 2404 3589 2716 3655; x_wconf 81' lang='lat' dir='ltr'><strong>probabitis</strong></span> <span class='ocrx_word' id='word_1_743' title='bbox 2771 3592 2917 3661; x_wconf 91' lang='lat' dir='ltr'><strong>quod</strong></span> <span class='ocrx_word' id='word_1_744' title='bbox 2947 3594 3050 3648; x_wconf 90' lang='lat' dir='ltr'><strong>sub</strong></span> <span class='ocrx_word' id='word_1_745' title='bbox 3080 3592 3268 3665; x_wconf 88' lang='lat' dir='ltr'><strong>aliquo</strong></span> <span class='ocrx_word' id='word_1_746' title='bbox 3312 3613 3397 3651; x_wconf 78' lang='lat' dir='ltr'><strong>re-</strong></span> 
     </span>
    </p>
   </div>
   <div class='ocr_carea' id='block_1_93' title="bbox 1811 3680 3402 3756">
    <p class='ocr_par' dir='ltr' id='par_1_93' title="bbox 1811 3680 3402 3756">
     <span class='ocr_line' id='line_1_93' title="bbox 1811 3680 3402 3756; baseline 0.01 -29"><span class='ocrx_word' id='word_1_747' title='bbox 1811 3683 2004 3743; x_wconf 90' lang='lat' dir='ltr'><strong>spectu</strong></span> <span class='ocrx_word' id='word_1_748' title='bbox 2023 3691 2314 3732; x_wconf 90' lang='lat' dir='ltr'><strong>commune</strong></span> <span class='ocrx_word' id='word_1_749' title='bbox 2336 3689 2438 3743; x_wconf 92' lang='lat' dir='ltr'><strong>cst,</strong></span> <span class='ocrx_word' id='word_1_750' title='bbox 2459 3680 2594 3734; x_wconf 89' lang='lat' dir='ltr'><strong>illud</strong></span> <span class='ocrx_word' id='word_1_751' title='bbox 2613 3683 2717 3736; x_wconf 89' lang='lat' dir='ltr'><strong>sub</strong></span> <span class='ocrx_word' id='word_1_752' title='bbox 2736 3683 2886 3736; x_wconf 90' lang='lat' dir='ltr'><strong>omni</strong></span> <span class='ocrx_word' id='word_1_753' title='bbox 2905 3701 3134 3753; x_wconf 91' lang='lat' dir='ltr'><strong>prorsus</strong></span> <span class='ocrx_word' id='word_1_754' title='bbox 3149 3695 3402 3756; x_wconf 89' lang='lat' dir='ltr'><strong>respectu</strong></span> 
     </span>
    </p>
   </div>
   <div class='ocr_carea' id='block_1_94' title="bbox 1813 3771 3401 3844">
    <p class='ocr_par' dir='ltr' id='par_1_94' title="bbox 1813 3771 3401 3844">
     <span class='ocr_line' id='line_1_94' title="bbox 1813 3771 3401 3844; baseline 0.007 -22"><span class='ocrx_word' id='word_1_755' title='bbox 1813 3784 2104 3824; x_wconf 88' lang='lat' dir='ltr'><strong>commune</strong></span> <span class='ocrx_word' id='word_1_756' title='bbox 2133 3771 2450 3826; x_wconf 88' lang='lat' dir='ltr'><strong>necessario</strong></span> <span class='ocrx_word' id='word_1_757' title='bbox 2478 3773 2639 3827; x_wconf 89' lang='lat' dir='ltr'><strong>esse?</strong></span> <span class='ocrx_word' id='word_1_758' title='bbox 2678 3772 2733 3827; x_wconf 93' lang='lat' dir='ltr'><strong>Si</strong></span> <span class='ocrx_word' id='word_1_759' title='bbox 2765 3789 2899 3844; x_wconf 89' lang='lat' dir='ltr'><strong>ergo</strong></span> <span class='ocrx_word' id='word_1_760' title='bbox 2933 3790 3060 3829; x_wconf 90' lang='lat' dir='ltr'><strong>caro</strong></span> <span class='ocrx_word' id='word_1_761' title='bbox 3091 3779 3401 3832; x_wconf 91' lang='lat' dir='ltr'><strong>communi-</strong></span> 
     </span>
    </p>
   </div>
   <div class='ocr_carea' id='block_1_95' title="bbox 1811 3860 3403 3930">
    <p class='ocr_par' dir='ltr' id='par_1_95' title="bbox 1811 3860 3403 3930">
     <span class='ocr_line' id='line_1_95' title="bbox 1811 3860 3403 3930; baseline 0.006 -16"><span class='ocrx_word' id='word_1_762' title='bbox 1811 3860 1958 3915; x_wconf 84' lang='lat' dir='ltr'><strong>cavit</strong></span> <span class='ocrx_word' id='word_1_763' title='bbox 1990 3860 2191 3915; x_wconf 83' lang='lat' dir='ltr'><strong>Deitati</strong></span> <span class='ocrx_word' id='word_1_764' title='bbox 2231 3861 2285 3915; x_wconf 91' lang='lat' dir='ltr'><strong>in</strong></span> <span class='ocrx_word' id='word_1_765' title='bbox 2322 3876 2558 3930; x_wconf 89' lang='lat' dir='ltr'><strong>persona</strong></span> <span class='ocrx_word' id='word_1_766' title='bbox 2587 3863 2771 3928; x_wconf 82' lang='lat' dir='ltr'><strong>Verbi,</strong></span> <span class='ocrx_word' id='word_1_767' title='bbox 2805 3864 2878 3918; x_wconf 91' lang='lat' dir='ltr'><strong>ita</strong></span> <span class='ocrx_word' id='word_1_768' title='bbox 2910 3874 2973 3920; x_wconf 91' lang='lat' dir='ltr'><strong>ut</strong></span> <span class='ocrx_word' id='word_1_769' title='bbox 3003 3881 3132 3922; x_wconf 90' lang='lat' dir='ltr'><strong>vere</strong></span> <span class='ocrx_word' id='word_1_770' title='bbox 3171 3883 3296 3922; x_wconf 92' lang='lat' dir='ltr'><strong>cum</strong></span> <span class='ocrx_word' id='word_1_771' title='bbox 3334 3885 3403 3924; x_wconf 90' lang='lat' dir='ltr'><strong>eo</strong></span> 
     </span>
    </p>
   </div>
   <div class='ocr_carea' id='block_1_96' title="bbox 1811 3951 3399 4026">
    <p class='ocr_par' dir='ltr' id='par_1_96' title="bbox 1811 3951 3399 4026">
     <span class='ocr_line' id='line_1_96' title="bbox 1811 3951 3399 4026; baseline 0.008 -22"><span class='ocrx_word' id='word_1_772' title='bbox 1811 3951 1884 4004; x_wconf 90' lang='lat' dir='ltr'><strong>sit</strong></span> <span class='ocrx_word' id='word_1_773' title='bbox 1913 3966 2020 4006; x_wconf 91' lang='lat' dir='ltr'><strong>una</strong></span> <span class='ocrx_word' id='word_1_774' title='bbox 2045 3967 2112 4005; x_wconf 84' lang='lat' dir='ltr'><strong>ex</strong></span> <span class='ocrx_word' id='word_1_775' title='bbox 2133 3952 2465 4008; x_wconf 90' lang='lat' dir='ltr'><strong>monadibus</strong></span> <span class='ocrx_word' id='word_1_776' title='bbox 2489 3954 2853 4010; x_wconf 85' lang='lat' dir='ltr'><strong>sanctissimae</strong></span> <span class='ocrx_word' id='word_1_777' title='bbox 2881 3955 3196 4024; x_wconf 89' lang='lat' dir='ltr'><strong>Trinitatis,</strong></span> <span class='ocrx_word' id='word_1_778' title='bbox 3219 3960 3269 4015; x_wconf 90' lang='lat' dir='ltr'><strong>id</strong></span> <span class='ocrx_word' id='word_1_779' title='bbox 3292 3970 3399 4026; x_wconf 85' lang='lat' dir='ltr'><strong>est,</strong></span> 
     </span>
    </p>
   </div>
   <div class='ocr_carea' id='block_1_97' title="bbox 1811 4047 3400 4114">
    <p class='ocr_par' dir='ltr' id='par_1_97' title="bbox 1811 4047 3400 4114">
     <span class='ocr_line' id='line_1_97' title="bbox 1811 4047 3400 4114; baseline 0.006 -17"><span class='ocrx_word' id='word_1_780' title='bbox 1811 4059 1876 4097; x_wconf 79' lang='lat' dir='ltr'><strong>ex</strong></span> <span class='ocrx_word' id='word_1_781' title='bbox 1909 4059 2271 4114; x_wconf 91' lang='lat' dir='ltr'><strong>personarum</strong></span> <span class='ocrx_word' id='word_1_782' title='bbox 2309 4061 2576 4100; x_wconf 89' lang='lat' dir='ltr'><strong>numero:</strong></span> <span class='ocrx_word' id='word_1_783' title='bbox 2605 4063 2736 4100; x_wconf 93' lang='lat' dir='ltr'><strong>num</strong></span> <span class='ocrx_word' id='word_1_784' title='bbox 2768 4047 2894 4102; x_wconf 90' lang='lat' dir='ltr'><strong>ideo</strong></span> <span class='ocrx_word' id='word_1_785' title='bbox 2920 4064 3147 4105; x_wconf 89' lang='lat' dir='ltr'><strong>necesse</strong></span> <span class='ocrx_word' id='word_1_786' title='bbox 3185 4061 3271 4106; x_wconf 90' lang='lat' dir='ltr'><strong>est</strong></span> <span class='ocrx_word' id='word_1_787' title='bbox 3314 4053 3400 4107; x_wconf 87' lang='lat' dir='ltr'><strong>di-</strong></span> 
     </span>
    </p>
   </div>
   <div class='ocr_carea' id='block_1_98' title="bbox 1812 4133 3402 4196">
    <p class='ocr_par' dir='ltr' id='par_1_98' title="bbox 1812 4133 3402 4196">
     <span class='ocr_line' id='line_1_98' title="bbox 1812 4133 3402 4196; baseline 0.005 -8"><span class='ocrx_word' id='word_1_788' title='bbox 1812 4144 1970 4189; x_wconf 89' lang='lat' dir='ltr'><strong>catur</strong></span> <span class='ocrx_word' id='word_1_789' title='bbox 1995 4133 2191 4190; x_wconf 90' lang='lat' dir='ltr'><strong>eadem</strong></span> <span class='ocrx_word' id='word_1_790' title='bbox 2221 4151 2351 4190; x_wconf 89' lang='lat' dir='ltr'><strong>caro</strong></span> <span class='ocrx_word' id='word_1_791' title='bbox 2393 4136 2833 4193; x_wconf 89' lang='lat' dir='ltr'><strong>communicasse</strong></span> <span class='ocrx_word' id='word_1_792' title='bbox 2867 4139 3145 4195; x_wconf 82' lang='lat' dir='ltr'><strong>divinitati</strong></span> <span class='ocrx_word' id='word_1_793' title='bbox 3189 4141 3402 4196; x_wconf 89' lang='lat' dir='ltr'><strong>ratione</strong></span> 
     </span>
    </p>
   </div>
   <div class='ocr_carea' id='block_1_99' title="bbox 1811 4227 3404 4295">
    <p class='ocr_par' dir='ltr' id='par_1_99' title="bbox 1811 4227 3404 4295">
     <span class='ocr_line' id='line_1_99' title="bbox 1811 4227 3404 4295; baseline 0.002 -12"><span class='ocrx_word' id='word_1_794' title='bbox 1811 4227 2088 4292; x_wconf 72' lang='lat' dir='ltr'><strong>essentize,</strong></span> <span class='ocrx_word' id='word_1_795' title='bbox 2118 4227 2171 4281; x_wconf 91' lang='lat' dir='ltr'><strong>id</strong></span> <span class='ocrx_word' id='word_1_796' title='bbox 2200 4236 2304 4293; x_wconf 89' lang='lat' dir='ltr'><strong>est,</strong></span> <span class='ocrx_word' id='word_1_797' title='bbox 2330 4227 2541 4284; x_wconf 90' lang='lat' dir='ltr'><strong>ratione</strong></span> <span class='ocrx_word' id='word_1_798' title='bbox 2569 4239 2800 4295; x_wconf 64' lang='lat' dir='ltr'><strong>naturae,</strong></span> <span class='ocrx_word' id='word_1_799' title='bbox 2831 4229 2886 4283; x_wconf 89' lang='lat' dir='ltr'><strong>in</strong></span> <span class='ocrx_word' id='word_1_800' title='bbox 2913 4230 3120 4285; x_wconf 87' lang='lat' dir='ltr'><strong>unitate</strong></span> <span class='ocrx_word' id='word_1_801' title='bbox 3145 4231 3404 4286; x_wconf 87' lang='lat' dir='ltr'><strong>substan-</strong></span> 
     </span>
    </p>
   </div>
   <div class='ocr_carea' id='block_1_100' title="bbox 1818 4317 3404 4389">
    <p class='ocr_par' dir='ltr' id='par_1_100' title="bbox 1818 4317 3404 4389">
     <span class='ocr_line' id='line_1_100' title="bbox 1818 4317 3404 4389; baseline 0.003 -17"><span class='ocrx_word' id='word_1_802' title='bbox 1818 4319 1906 4373; x_wconf 66' lang='lat' dir='ltr'><strong>tia</strong></span> <span class='ocrx_word' id='word_1_803' title='bbox 1960 4318 2162 4374; x_wconf 67' lang='lat' dir='ltr'><strong>divinae</strong></span> <span class='ocrx_word' id='word_1_804' title='bbox 2216 4317 2383 4373; x_wconf 91' lang='lat' dir='ltr'><strong>simul</strong></span> <span class='ocrx_word' id='word_1_805' title='bbox 2434 4334 2558 4373; x_wconf 90' lang='lat' dir='ltr'><strong>cum</strong></span> <span class='ocrx_word' id='word_1_806' title='bbox 2618 4320 2710 4373; x_wconf 92' lang='lat' dir='ltr'><strong>illa</strong></span> <span class='ocrx_word' id='word_1_807' title='bbox 2757 4321 3200 4389; x_wconf 89' lang='lat' dir='ltr'><strong>comprehensa?</strong></span> <span class='ocrx_word' id='word_1_808' title='bbox 3250 4323 3404 4377; x_wconf 83' lang='lat' dir='ltr'><strong>Hanc</strong></span> 
     </span>
    </p>
   </div>
   <div class='ocr_carea' id='block_1_101' title="bbox 1819 4411 3399 4481">
    <p class='ocr_par' dir='ltr' id='par_1_101' title="bbox 1819 4411 3399 4481">
     <span class='ocr_line' id='line_1_101' title="bbox 1819 4411 3399 4481; baseline 0.003 -17"><span class='ocrx_word' id='word_1_809' title='bbox 1819 4411 1968 4464; x_wconf 89' lang='lat' dir='ltr'><strong>enim</strong></span> <span class='ocrx_word' id='word_1_810' title='bbox 2012 4411 2184 4481; x_wconf 86' lang='lat' dir='ltr'><strong>ipsam</strong></span> <span class='ocrx_word' id='word_1_811' title='bbox 2231 4411 2301 4465; x_wconf 91' lang='lat' dir='ltr'><strong>ob</strong></span> <span class='ocrx_word' id='word_1_812' title='bbox 2350 4427 2568 4465; x_wconf 88' lang='lat' dir='ltr'><strong>causam</strong></span> <span class='ocrx_word' id='word_1_813' title='bbox 2618 4427 2719 4466; x_wconf 93' lang='lat' dir='ltr'><strong>nos</strong></span> <span class='ocrx_word' id='word_1_814' title='bbox 2767 4419 2960 4467; x_wconf 88' lang='lat' dir='ltr'><strong>contra</strong></span> <span class='ocrx_word' id='word_1_815' title='bbox 2992 4428 3091 4468; x_wconf 89' lang='lat' dir='ltr'><strong>vos</strong></span> <span class='ocrx_word' id='word_1_816' title='bbox 3122 4414 3399 4470; x_wconf 89' lang='lat' dir='ltr'><strong>dicimus:</strong></span> 
     </span>
    </p>
   </div>
   <div class='ocr_carea' id='block_1_102' title="bbox 1817 4501 3399 4571">
    <p class='ocr_par' dir='ltr' id='par_1_102' title="bbox 1817 4501 3399 4571">
     <span class='ocr_line' id='line_1_102' title="bbox 1817 4501 3399 4571; baseline 0.003 -16"><span class='ocrx_word' id='word_1_817' title='bbox 1817 4519 1943 4556; x_wconf 88' lang='lat' dir='ltr'><strong>cum</strong></span> <span class='ocrx_word' id='word_1_818' title='bbox 1979 4520 2076 4571; x_wconf 90' lang='lat' dir='ltr'><strong>per</strong></span> <span class='ocrx_word' id='word_1_819' title='bbox 2107 4503 2325 4558; x_wconf 87' lang='lat' dir='ltr'><strong>obviam</strong></span> <span class='ocrx_word' id='word_1_820' title='bbox 2362 4504 2732 4559; x_wconf 62' lang='lat' dir='ltr'><strong>Providentiae</strong></span> <span class='ocrx_word' id='word_1_821' title='bbox 2762 4505 3105 4560; x_wconf 85' lang='lat' dir='ltr'><strong>voluntatem</strong></span> <span class='ocrx_word' id='word_1_822' title='bbox 3140 4507 3293 4562; x_wconf 90' lang='lat' dir='ltr'><strong>unita</strong></span> <span class='ocrx_word' id='word_1_823' title='bbox 3325 4501 3399 4562; x_wconf 89' lang='lat' dir='ltr'><strong>sit</strong></span> 
     </span>
    </p>
   </div>
   <div class='ocr_carea' id='block_1_103' title="bbox 1819 4591 3402 4667">
    <p class='ocr_par' dir='ltr' id='par_1_103' title="bbox 1819 4591 3402 4667">
     <span class='ocr_line' id='line_1_103' title="bbox 1819 4591 3402 4667; baseline 0.004 -21"><span class='ocrx_word' id='word_1_824' title='bbox 1819 4593 1970 4646; x_wconf 90' lang='lat' dir='ltr'><strong>carni</strong></span> <span class='ocrx_word' id='word_1_825' title='bbox 2017 4591 2279 4647; x_wconf 87' lang='lat' dir='ltr'><strong>divinitas</strong></span> <span class='ocrx_word' id='word_1_826' title='bbox 2329 4593 2432 4648; x_wconf 91' lang='lat' dir='ltr'><strong>sub</strong></span> <span class='ocrx_word' id='word_1_827' title='bbox 2479 4593 2571 4648; x_wconf 91' lang='lat' dir='ltr'><strong>iHo</strong></span> <span class='ocrx_word' id='word_1_828' title='bbox 2623 4604 2876 4664; x_wconf 90' lang='lat' dir='ltr'><strong>respectu</strong></span> <span class='ocrx_word' id='word_1_829' title='bbox 2927 4611 3038 4665; x_wconf 88' lang='lat' dir='ltr'><strong>quo</strong></span> <span class='ocrx_word' id='word_1_830' title='bbox 3076 4597 3312 4667; x_wconf 88' lang='lat' dir='ltr'><strong>aliquam</strong></span> <span class='ocrx_word' id='word_1_831' title='bbox 3349 4591 3402 4652; x_wconf 88' lang='lat' dir='ltr'><strong>in</strong></span> 
     </span>
    </p>
   </div>
   <div class='ocr_carea' id='block_1_104' title="bbox 1819 4682 3406 4758">
    <p class='ocr_par' dir='ltr' id='par_1_104' title="bbox 1819 4682 3406 4758">
     <span class='ocr_line' id='line_1_104' title="bbox 1819 4682 3406 4758; baseline 0.005 -23"><span class='ocrx_word' id='word_1_832' title='bbox 1819 4682 1998 4752; x_wconf 85' lang='lat' dir='ltr'><strong>seipsa</strong></span> <span class='ocrx_word' id='word_1_833' title='bbox 2025 4683 2437 4739; x_wconf 90' lang='lat' dir='ltr'><strong>distinctionem</strong></span> <span class='ocrx_word' id='word_1_834' title='bbox 2469 4685 2731 4750; x_wconf 89' lang='lat' dir='ltr'><strong>admittit,</strong></span> <span class='ocrx_word' id='word_1_835' title='bbox 2769 4687 2980 4742; x_wconf 85' lang='lat' dir='ltr'><strong>scilicet</strong></span> <span class='ocrx_word' id='word_1_836' title='bbox 3005 4688 3310 4758; x_wconf 88' lang='lat' dir='ltr'><strong>respective</strong></span> <span class='ocrx_word' id='word_1_837' title='bbox 3336 4689 3406 4743; x_wconf 89' lang='lat' dir='ltr'><strong>ad</strong></span> 
     </span>
    </p>
   </div>
   <div class='ocr_carea' id='block_1_105' title="bbox 1819 4773 3404 4845">
    <p class='ocr_par' dir='ltr' id='par_1_105' title="bbox 1819 4773 3404 4845">
     <span class='ocr_line' id='line_1_105' title="bbox 1819 4773 3404 4845; baseline 0.005 -18"><span class='ocrx_word' id='word_1_838' title='bbox 1819 4773 2161 4845; x_wconf 80' lang='lat' dir='ltr'><strong>hypostasim</strong></span> <span class='ocrx_word' id='word_1_839' title='bbox 2187 4793 2200 4830; x_wconf 90' lang='lat'>:</span> <span class='ocrx_word' id='word_1_840' title='bbox 2231 4776 2550 4832; x_wconf 82' lang='lat' dir='ltr'><strong>fatebuntur</strong></span> <span class='ocrx_word' id='word_1_841' title='bbox 2579 4794 2771 4834; x_wconf 86' lang='lat' dir='ltr'><strong>omnes</strong></span> <span class='ocrx_word' id='word_1_842' title='bbox 2805 4794 2926 4834; x_wconf 90' lang='lat' dir='ltr'><strong>eam</strong></span> <span class='ocrx_word' id='word_1_843' title='bbox 2961 4797 3085 4834; x_wconf 92' lang='lat' dir='ltr'><strong>cum</strong></span> <span class='ocrx_word' id='word_1_844' title='bbox 3108 4795 3272 4834; x_wconf 91' lang='lat' dir='ltr'><strong>carne</strong></span> <span class='ocrx_word' id='word_1_845' title='bbox 3293 4796 3404 4836; x_wconf 87' lang='lat' dir='ltr'><strong>non</strong></span> 
     </span>
    </p>
   </div>
   <div class='ocr_carea' id='block_1_106' title="bbox 1819 4867 3404 4940">
    <p class='ocr_par' dir='ltr' id='par_1_106' title="bbox 1819 4867 3404 4940">
     <span class='ocr_line' id='line_1_106' title="bbox 1819 4867 3404 4940; baseline 0.004 -21"><span class='ocrx_word' id='word_1_846' title='bbox 1819 4867 2259 4922; x_wconf 90' lang='lat' dir='ltr'><strong>communicasse</strong></span> <span class='ocrx_word' id='word_1_847' title='bbox 2301 4870 2607 4938; x_wconf 84' lang='lat' dir='ltr'><strong>respective</strong></span> <span class='ocrx_word' id='word_1_848' title='bbox 2633 4869 2700 4922; x_wconf 89' lang='lat' dir='ltr'><strong>ad</strong></span> <span class='ocrx_word' id='word_1_849' title='bbox 2739 4885 2894 4922; x_wconf 91' lang='lat' dir='ltr'><strong>suam</strong></span> <span class='ocrx_word' id='word_1_850' title='bbox 2939 4871 3215 4934; x_wconf 85' lang='lat' dir='ltr'><strong>naturam,</strong></span> <span class='ocrx_word' id='word_1_851' title='bbox 3247 4873 3404 4940; x_wconf 88' lang='lat' dir='ltr'><strong>cujus</strong></span> 
     </span>
    </p>
   </div>
   <div class='ocr_carea' id='block_1_107' title="bbox 1821 4955 3400 5028">
    <p class='ocr_par' dir='ltr' id='par_1_107' title="bbox 1821 4955 3400 5028">
     <span class='ocr_line' id='line_1_107' title="bbox 1821 4955 3400 5028; baseline 0.003 -18"><span class='ocrx_word' id='word_1_852' title='bbox 1821 4959 2037 5013; x_wconf 89' lang='lat' dir='ltr'><strong>ratione</strong></span> <span class='ocrx_word' id='word_1_853' title='bbox 2087 4959 2296 5012; x_wconf 88' lang='lat' dir='ltr'><strong>nullam</strong></span> <span class='ocrx_word' id='word_1_854' title='bbox 2351 4958 2592 5012; x_wconf 87' lang='lat' dir='ltr'><strong>admittit</strong></span> <span class='ocrx_word' id='word_1_855' title='bbox 2625 4957 2680 5010; x_wconf 90' lang='lat' dir='ltr'><strong>in</strong></span> <span class='ocrx_word' id='word_1_856' title='bbox 2733 4955 2913 5028; x_wconf 90' lang='lat' dir='ltr'><strong>seipsa</strong></span> <span class='ocrx_word' id='word_1_857' title='bbox 2963 4958 3400 5014; x_wconf 89' lang='lat' dir='ltr'><strong>distinctionem.</strong></span> 
     </span>
    </p>
   </div>
   <div class='ocr_carea' id='block_1_108' title="bbox 1819 5047 3402 5118">
    <p class='ocr_par' dir='ltr' id='par_1_108' title="bbox 1819 5047 3402 5118">
     <span class='ocr_line' id='line_1_108' title="bbox 1819 5047 3402 5118; baseline 0.002 -16"><span class='ocrx_word' id='word_1_858' title='bbox 1819 5047 1976 5114; x_wconf 86' lang='lat' dir='ltr'><strong>Quod</strong></span> <span class='ocrx_word' id='word_1_859' title='bbox 2024 5049 2070 5102; x_wconf 89' lang='lat' dir='ltr'><strong>si</strong></span> <span class='ocrx_word' id='word_1_860' title='bbox 2114 5048 2462 5102; x_wconf 89' lang='lat' dir='ltr'><strong>divinitatem</strong></span> <span class='ocrx_word' id='word_1_861' title='bbox 2508 5049 2562 5102; x_wconf 90' lang='lat' dir='ltr'><strong>in</strong></span> <span class='ocrx_word' id='word_1_862' title='bbox 2616 5047 2798 5118; x_wconf 91' lang='lat' dir='ltr'><strong>seipsa</strong></span> <span class='ocrx_word' id='word_1_863' title='bbox 2841 5048 3243 5103; x_wconf 87' lang='lat' dir='ltr'><strong>consideratam</strong></span> <span class='ocrx_word' id='word_1_864' title='bbox 3288 5065 3402 5106; x_wconf 89' lang='lat' dir='ltr'><strong>non</strong></span> 
     </span>
    </p>
   </div>
   <div class='ocr_carea' id='block_1_109' title="bbox 1822 5138 3406 5200">
    <p class='ocr_par' dir='ltr' id='par_1_109' title="bbox 1822 5138 3406 5200">
     <span class='ocr_line' id='line_1_109' title="bbox 1822 5138 3406 5200; baseline 0.001 -6"><span class='ocrx_word' id='word_1_865' title='bbox 1822 5140 2234 5195; x_wconf 89' lang='lat' dir='ltr'><strong>demonstratur</strong></span> <span class='ocrx_word' id='word_1_866' title='bbox 2275 5138 2688 5193; x_wconf 90' lang='lat' dir='ltr'><strong>communicare</strong></span> <span class='ocrx_word' id='word_1_867' title='bbox 2737 5139 2840 5193; x_wconf 91' lang='lat' dir='ltr'><strong>sub</strong></span> <span class='ocrx_word' id='word_1_868' title='bbox 2882 5139 3101 5200; x_wconf 86' lang='lat' dir='ltr'><strong>duobus</strong></span> <span class='ocrx_word' id='word_1_869' title='bbox 3146 5145 3262 5195; x_wconf 91' lang='lat' dir='ltr'><strong>suis</strong></span> <span class='ocrx_word' id='word_1_870' title='bbox 3317 5158 3406 5196; x_wconf 64' lang='lat' dir='ltr'><strong>re«</strong></span> 
     </span>
    </p>
   </div>
   <div class='ocr_carea' id='block_1_110' title="bbox 1821 5232 3402 5304">
    <p class='ocr_par' dir='ltr' id='par_1_110' title="bbox 1821 5232 3402 5304">
     <span class='ocr_line' id='line_1_110' title="bbox 1821 5232 3402 5304; baseline 0 -17"><span class='ocrx_word' id='word_1_871' title='bbox 1821 5234 2122 5304; x_wconf 86' lang='lat' dir='ltr'><strong>spectibus,</strong></span> <span class='ocrx_word' id='word_1_872' title='bbox 2161 5232 2213 5287; x_wconf 92' lang='lat' dir='ltr'><strong>id</strong></span> <span class='ocrx_word' id='word_1_873' title='bbox 2247 5241 2352 5297; x_wconf 87' lang='lat' dir='ltr'><strong>est,</strong></span> <span class='ocrx_word' id='word_1_874' title='bbox 2405 5232 2508 5287; x_wconf 90' lang='lat' dir='ltr'><strong>sub</strong></span> <span class='ocrx_word' id='word_1_875' title='bbox 2557 5242 2813 5302; x_wconf 87' lang='lat' dir='ltr'><strong>respectu</strong></span> <span class='ocrx_word' id='word_1_876' title='bbox 2857 5232 2974 5288; x_wconf 81' lang='lat' dir='ltr'><strong>tum</strong></span> <span class='ocrx_word' id='word_1_877' title='bbox 3022 5243 3254 5298; x_wconf 62' lang='lat' dir='ltr'><strong>naturae,</strong></span> <span class='ocrx_word' id='word_1_878' title='bbox 3288 5243 3402 5288; x_wconf 91' lang='lat' dir='ltr'><strong>tum</strong></span> 
     </span>
    </p>
   </div>
   <div class='ocr_carea' id='block_1_111' title="bbox 1821 5323 3407 5396">
    <p class='ocr_par' dir='ltr' id='par_1_111' title="bbox 1821 5323 3407 5396">
     <span class='ocr_line' id='line_1_111' title="bbox 1821 5323 3407 5396; baseline -0.001 -18"><span class='ocrx_word' id='word_1_879' title='bbox 1821 5325 2182 5396; x_wconf 81' lang='lat' dir='ltr'><strong>hypostaseos</strong></span> <span class='ocrx_word' id='word_1_880' title='bbox 2228 5324 2415 5392; x_wconf 85' lang='lat' dir='ltr'><strong>(unum</strong></span> <span class='ocrx_word' id='word_1_881' title='bbox 2445 5323 2592 5377; x_wconf 84' lang='lat' dir='ltr'><strong>enim</strong></span> <span class='ocrx_word' id='word_1_882' title='bbox 2634 5333 2718 5378; x_wconf 88' lang='lat' dir='ltr'><strong>est</strong></span> <span class='ocrx_word' id='word_1_883' title='bbox 2759 5323 2861 5378; x_wconf 90' lang='lat' dir='ltr'><strong>sub</strong></span> <span class='ocrx_word' id='word_1_884' title='bbox 2906 5325 3102 5394; x_wconf 89' lang='lat' dir='ltr'><strong>priori,</strong></span> <span class='ocrx_word' id='word_1_885' title='bbox 3136 5327 3240 5378; x_wconf 74' lang='lat' dir='ltr'><strong>tria</strong></span> <span class='ocrx_word' id='word_1_886' title='bbox 3271 5340 3407 5378; x_wconf 84' lang='lat' dir='ltr'><strong>vero</strong></span> 
     </span>
    </p>
   </div>
   <div class='ocr_carea' id='block_1_112' title="bbox 1823 5411 3403 5484">
    <p class='ocr_par' dir='ltr' id='par_1_112' title="bbox 1823 5411 3403 5484">
     <span class='ocr_line' id='line_1_112' title="bbox 1823 5411 3403 5484; baseline -0.001 -16"><span class='ocrx_word' id='word_1_887' title='bbox 1823 5415 1925 5468; x_wconf 90' lang='lat' dir='ltr'><strong>sub</strong></span> <span class='ocrx_word' id='word_1_888' title='bbox 1960 5411 2276 5484; x_wconf 87' lang='lat' dir='ltr'><strong>posteriori)</strong></span> <span class='ocrx_word' id='word_1_889' title='bbox 2306 5431 2318 5465; x_wconf 91' lang='lat'><strong>:</strong></span> <span class='ocrx_word' id='word_1_890' title='bbox 2351 5412 2630 5482; x_wconf 88' lang='lat' dir='ltr'><strong>quomodo</strong></span> <span class='ocrx_word' id='word_1_891' title='bbox 2666 5413 2742 5467; x_wconf 90' lang='lat' dir='ltr'><strong>illi</strong></span> <span class='ocrx_word' id='word_1_892' title='bbox 2777 5414 2870 5482; x_wconf 90' lang='lat' dir='ltr'><strong>qui</strong></span> <span class='ocrx_word' id='word_1_893' title='bbox 2902 5414 2956 5471; x_wconf 87' lang='lat' dir='ltr'><strong>in</strong></span> <span class='ocrx_word' id='word_1_894' title='bbox 2988 5430 3053 5470; x_wconf 91' lang='lat' dir='ltr'><strong>ea</strong></span> <span class='ocrx_word' id='word_1_895' title='bbox 3083 5429 3209 5468; x_wconf 91' lang='lat' dir='ltr'><strong>cum</strong></span> <span class='ocrx_word' id='word_1_896' title='bbox 3234 5430 3403 5469; x_wconf 84' lang='lat' dir='ltr'><strong>carne</strong></span> 
     </span>
    </p>
   </div>
   <div class='ocr_carea' id='block_1_113' title="bbox 1824 5500 3405 5570">
    <p class='ocr_par' dir='ltr' id='par_1_113' title="bbox 1824 5500 3405 5570">
     <span class='ocr_line' id='line_1_113' title="bbox 1824 5500 3405 5570; baseline 0.003 -14"><span class='ocrx_word' id='word_1_897' title='bbox 1824 5502 1990 5564; x_wconf 86' lang='lat' dir='ltr'><strong>inest,</strong></span> <span class='ocrx_word' id='word_1_898' title='bbox 2037 5500 2141 5556; x_wconf 89' lang='lat' dir='ltr'><strong>sub</strong></span> <span class='ocrx_word' id='word_1_899' title='bbox 2171 5500 2374 5569; x_wconf 90' lang='lat' dir='ltr'><strong>duplici</strong></span> <span class='ocrx_word' id='word_1_900' title='bbox 2417 5509 2670 5570; x_wconf 87' lang='lat' dir='ltr'><strong>respectu</strong></span> <span class='ocrx_word' id='word_1_901' title='bbox 2719 5503 3193 5558; x_wconf 88' lang='lat' dir='ltr'><strong>communicabit?</strong></span> <span class='ocrx_word' id='word_1_902' title='bbox 3217 5504 3332 5559; x_wconf 83' lang='lat' dir='ltr'><strong>Hoc</strong></span> <span class='ocrx_word' id='word_1_903' title='bbox 3359 5507 3405 5561; x_wconf 81' lang='lat' dir='ltr'><strong>si</strong></span> 
     </span>
    </p>
   </div>
   <div class='ocr_carea' id='block_1_114' title="bbox 1823 5593 3406 5665">
    <p class='ocr_par' dir='ltr' id='par_1_114' title="bbox 1823 5593 3406 5665">
     <span class='ocr_line' id='line_1_114' title="bbox 1823 5593 3406 5665; baseline 0.003 -18"><span class='ocrx_word' id='word_1_904' title='bbox 1823 5602 1989 5656; x_wconf 86' lang='lat' dir='ltr'><strong>esset,</strong></span> <span class='ocrx_word' id='word_1_905' title='bbox 2027 5593 2144 5646; x_wconf 80' lang='lat' dir='ltr'><strong>sola</strong></span> <span class='ocrx_word' id='word_1_906' title='bbox 2183 5608 2348 5646; x_wconf 89' lang='lat' dir='ltr'><strong>carne</strong></span> <span class='ocrx_word' id='word_1_907' title='bbox 2398 5593 2606 5661; x_wconf 91' lang='lat' dir='ltr'><strong>aliquid</strong></span> <span class='ocrx_word' id='word_1_908' title='bbox 2641 5593 3050 5662; x_wconf 88' lang='lat' dir='ltr'><strong>quodammodo</strong></span> <span class='ocrx_word' id='word_1_909' title='bbox 3081 5611 3138 5650; x_wconf 92' lang='lat' dir='ltr'><strong>se</strong></span> <span class='ocrx_word' id='word_1_910' title='bbox 3167 5596 3284 5665; x_wconf 90' lang='lat' dir='ltr'><strong>ipsa</strong></span> <span class='ocrx_word' id='word_1_911' title='bbox 3322 5597 3406 5652; x_wconf 74' lang='lat' dir='ltr'><strong>di-</strong></span> 
     </span>
    </p>
   </div>
   <div class='ocr_carea' id='block_1_115' title="bbox 1823 5684 3409 5754">
    <p class='ocr_par' dir='ltr' id='par_1_115' title="bbox 1823 5684 3409 5754">
     <span class='ocr_line' id='line_1_115' title="bbox 1823 5684 3409 5754; baseline 0.003 -16"><span class='ocrx_word' id='word_1_912' title='bbox 1823 5685 2032 5747; x_wconf 86' lang='lat' dir='ltr'><strong>vinius,</strong></span> <span class='ocrx_word' id='word_1_913' title='bbox 2082 5693 2139 5737; x_wconf 90' lang='lat' dir='ltr'><strong>et</strong></span> <span class='ocrx_word' id='word_1_914' title='bbox 2191 5684 2517 5754; x_wconf 83' lang='lat' dir='ltr'><strong>simplicius,</strong></span> <span class='ocrx_word' id='word_1_915' title='bbox 2570 5694 2626 5738; x_wconf 90' lang='lat' dir='ltr'><strong>et</strong></span> <span class='ocrx_word' id='word_1_916' title='bbox 2675 5686 3037 5742; x_wconf 78' lang='lat' dir='ltr'><strong>excellentius</strong></span> <span class='ocrx_word' id='word_1_917' title='bbox 3073 5690 3409 5748; x_wconf 69' lang='lat' dir='ltr'><strong>ostendisset</strong></span> 
     </span>
    </p>
   </div>
   <div class='ocr_carea' id='block_1_116' title="bbox 1825 5775 3402 5849">
    <p class='ocr_par' dir='ltr' id='par_1_116' title="bbox 1825 5775 3402 5849">
     <span class='ocr_line' id='line_1_116' title="bbox 1825 5775 3402 5849; baseline -0.001 -17"><span class='ocrx_word' id='word_1_918' title='bbox 1825 5777 2106 5833; x_wconf 83' lang='lat' dir='ltr'><strong>divinitas.</strong></span> <span class='ocrx_word' id='word_1_919' title='bbox 2159 5778 2227 5830; x_wconf 82' lang='lat' dir='ltr'><strong>Et</strong></span> <span class='ocrx_word' id='word_1_920' title='bbox 2269 5777 2340 5830; x_wconf 87' lang='lat' dir='ltr'><strong>ita</strong></span> <span class='ocrx_word' id='word_1_921' title='bbox 2387 5775 2612 5846; x_wconf 86' lang='lat' dir='ltr'><strong>quidem</strong></span> <span class='ocrx_word' id='word_1_922' title='bbox 2644 5793 2700 5832; x_wconf 94' lang='lat' dir='ltr'><strong>se</strong></span> <span class='ocrx_word' id='word_1_923' title='bbox 2735 5793 2823 5832; x_wconf 92' lang='lat' dir='ltr'><strong>res</strong></span> <span class='ocrx_word' id='word_1_924' title='bbox 2866 5779 3096 5834; x_wconf 85' lang='lat' dir='ltr'><strong>habent.</strong></span> <span class='ocrx_word' id='word_1_925' title='bbox 3138 5779 3402 5849; x_wconf 82' lang='lat' dir='ltr'><strong>Quoniam</strong></span> 
     </span>
    </p>
   </div>
   <div class='ocr_carea' id='block_1_117' title="bbox 2961 5872 3068 5930">
    <p class='ocr_par' dir='ltr' id='par_1_117' title="bbox 2961 5872 3068 5930">
     <span class='ocr_line' id='line_1_117' title="bbox 2961 5872 3068 5930; baseline -0.019 0"><span class='ocrx_word' id='word_1_926' title='bbox 2961 5872 3068 5930; x_wconf 63' lang='grc' dir='ltr'>σε*</span> 
     </span>
    </p>
   </div>
  </div>
