3908 6306
553 291 685 358 1768
711 301 736 330 °

1785 296 2094 356 LEUNTH
2141 295 2543 356 ΒΪΖΑΝΤΙΝΙ

3695 302 3836 364 iiii’

556 423 707 472 vero,
739 407 810 462 ob
839 417 1289 478 argumentorum
1312 408 1697 474 subtilitatem,
1731 409 1888 462 vobis
1911 409 2137 462 fortasse

2253 425 2437 477 μενον,
2464 411 2935 482 παχυμερεστέρῳ
2965 413 3112 482 ὑμᾶς
3147 413 3454 482 ἐλεγκτέον
3491 414 3578 484 τῷ
3617 418 3836 484 παραὲῇ

555 515 663 554 non
691 507 824 555 sun-t
849 499 990 554 bene
1027 508 1156 554 nota
1185 517 1307 570 quze
1339 501 1476 566 dixi,
1517 517 1606 557 res
1627 503 1783 557 vobis
1814 500 2143 558 elucidanda

555 601 641 648 est
673 591 926 661 exemplo
958 591 1062 646 sub
1098 607 1296 647 sensus
1330 593 1507 664 magis
1534 595 1786 648 cadente.
1831 593 1974 664 Ignis
1997 593 2142 664 parti

555 699 684 754 pars
730 683 864 737 ferri
917 684 1294 753 conglutinata
1348 685 1756 754 quodammodo
1801 701 1968 739 unam
2013 701 2140 740 cum

553 777 648 832 illa
680 773 847 831 efﬁcit
893 775 1256 848 hypostasim,
1306 793 1430 848 quae
1477 778 1533 832 in
1584 793 1686 832 suo
1724 793 1844 833 esse
1879 779 2042 833 simul
2074 793 2170 834 ex’

553 869 680 938 igne
715 875 774 922 et
813 865 962 922 ferro
990 869 1332 939 completur:
1361 877 1437 936 et,
1467 882 1591 924 cum
1622 870 1764 940 ignis
1796 877 1944 924 totus
1979 870 2034 924 in
2074 885 2138 924 ea

557 946 692 1016 insit
747 963 960 1017 ratione
1012 977 1125 1016 sua:
1175 969 1406 1028 naturae,
1457 978 1660 1033 ergone
1701 965 1856 1034 juxta
1897 978 1996 1016 vos
2029 962 2138 1018 dici

563 1055 768 1124 poterit
791 1054 902 1124 igni
939 1053 1145 1108 ferrum
1173 1070 1294 1108 esse
1323 1055 1836 1110 consubstantialc?
1867 1055 1922 1109 Si
1955 1062 2140 1109 autem

559 1144 696 1200 illud
757 1145 1112 1200 evidentibus
1164 1144 1600 1200 demonstratum
1656 1152 1741 1201 est
1789 1145 2135 1211 rationibus,

551 1235 808 1306 proinde,
843 1252 909 1290 ex
942 1235 1192 1290 omnium
1222 1234 1496 1299 confesso,
1523 1235 1674 1290 aliud
1714 1243 1797 1290 est
1827 1235 2138 1290 communi-

552 1331 697 1384 catio
745 1345 852 1399 qua
881 1329 1032 1383 varia
1059 1328 1194 1382 ferri
1228 1327 1385 1398 igniti
1411 1342 1640 1397 corpora
1679 1342 1867 1381 secum
1900 1327 2136 1381 invicem

551 1436 723 1475 unum
787 1419 1033 1474 efﬁciunt
1078 1419 1134 1472 in
1182 1417 1492 1489 hypostasi,
1547 1425 1604 1472 ct
1649 1417 1798 1472 aliud
1845 1417 1978 1473 unio
2027 1427 2139 1488 qua

551 1526 724 1566 unum
754 1516 1053 1564 censentur
1083 1523 1208 1562 cum
1240 1507 1322 1561 eis
1347 1506 1552 1575 quibus
1581 1507 2017 1578 unumquodque
2045 1513 2132 1562 est

549 1600 1045 1658 consubstantialis
1093 1599 1148 1652 in
1191 1599 1471 1654 communi
1520 1607 1739 1654 natura.
1794 1599 1933 1670 Ergo
1983 1607 2133 1656 recte

551 1693 768 1748 dixistis
798 1691 1106 1746 .Trinitatis
1137 1707 1260 1745 esse
1296 1705 1544 1754 carnem,
1587 1690 1704 1745 hare
1733 1691 1881 1745 enim
1915 1708 2021 1747 una
2051 1701 2136 1748 est

2251 518 2380 570 ματι
2402 517 2415 530 ·
2448 501 2572 554 ἐπεὶ
2588 503 2698 572 γὰρ
2727 503 2886 574 μέρει
2908 505 3081 575 πυρὸς
3110 504 3276 575 μέρος
3302 505 3558 576 σιδήρου
3585 509 3730 561 κατᾶ
3749 525 3836 558 ':-..:

2246 593 2546 646 ὑπόστασιν
2576 592 2731 648 τοῦδὲ
2756 611 2904 660 τινος
2952 597 3047 650 τοῦ
3098 597 3306 667 μύδρου
3343 600 3679 670 συνῆπται·
3703 601 3760 651 τὶ
3799 602 3839 652 Et

2245 677 2387 736 εἶναι
2416 682 2588 755 ταύτῃ
2617 685 2682 738 ὲκ
2709 687 2882 758 πυρός
2912 704 2970 740 τε
2997 687 3094 740 τοῦ
3117 688 3305 742 κοινοῦ
3341 689 3451 742 καὶ
3473 690 3706 760 σιδήρου

2245 773 2438 846 ροῦται
2469 793 2483 806 ·
2516 777 2640 829 ἐπεὶ
2685 777 2748 830 τὸ
2787 777 2900 850 πῦρ
2932 778 3053 831 ὅλον
3102 779 3284 832 ἔνεστι
3333 781 3498 834 κατὰ
3538 783 3646 852 τὴν
3687 782 3837 850 ein,

2242 867 2508 932 πῶςόὑκ
2567 869 2724 923 ἔσται
2763 869 2944 939 λέγειν
2987 872 3085 925 καὶ
3135 872 3216 943 τῷ
3271 874 3426 944 πυρὶ
3492 875 3590 928 τὸν
3657 878 3836 947 ςῑετρςε.

2240 959 2528 1030 ὁμοούσιον
2567 962 2690 1018 καθ’
2715 965 2893 1034 ὑμᾶς;
2917 967 2981 1019 Εἰ
3014 967 3074 1020 δὲ
3115 967 3276 1020 τοῦτο
3313 969 3610 1040 maenae.
3648 973 3836 1041 ἔχειτζτ

2241 1055 2485 1124 ἔλεγχον,
2510 1055 2954 1128 ὡμολογημένως
2975 1059 3102 1112 καθ’
3134 1061 3343 1133 ἑτέραν
3375 1066 3689 1116 κοινωνίαν
3711 1067 3768 1118 τέ
3792 1085 3833 1118 τε

2243 1143 2300 1194 ἐν
2321 1142 2399 1210 τῷ
2468 1143 2656 1214 μύδρῳ
2700 1145 2936 1212 σώματα
2982 1146 3221 1218 διάφορα
3259 1148 3331 1202 τὸ
3379 1150 3446 1203 ἓν
3495 1149 3642 1204 εἶναι
3689 1155 3836 1220 Ege-.7.

2243 1231 2339 1284 σὺν
2369 1230 2619 1303 ἀλλήλοις
2645 1233 2702 1284 ἐν
2720 1236 2786 1304 τῇ
2817 1234 3112 1290 ὑποστάσει
3136 1253 3150 1267 ’
3177 1239 3273 1302 καὶ
3294 1240 3439 1293 καθ’
3484 1241 3687 1308 ἑτέραν

2243 1340 2329 1377 σιν
2352 1325 2515 1378 πάλιν
2537 1323 2594 1377 ἓν
2645 1328 2850 1379 νοεῖται
2877 1326 3000 1380 τάδε
3030 1329 3128 1382 σὺν
3163 1332 3282 1393 τοῖς
3319 1333 3557 1385 ἑαυτῶν
3611 1335 3835 1386 ἐκέκ-ιε

2241 1416 2548 1486 ὁμοουσίοις
2579 1417 2636 1470 ἐν
2671 1419 2824 1488 κοινῇ
2867 1421 2933 1490 τῇ
2965 1418 3158 1488 φύσει·
3192 1422 3298 1491 τῆς
3330 1419 3437 1476 οὖν
3468 1425 3708 1494 Τριὲὼς
3731 1428 3834 1494 ἀίξε-

2242 1507 2351 1571 θῶς
2373 1506 2540 1578 ἔφητε
2561 1509 2640 1560 ὅτι
2667 1507 2782 1562 ἔστι
2811 1509 2902 1562 καὶ
2937 1511 2970 1580 ἡ
3002 1511 3166 1582 σάρξ·
3225 1515 3371 1582 μιᾶς
3403 1515 3527 1586 γᾶρ
3563 1517 3674 1569 τῶν
3703 1518 3834 1586 τρεῖν

2243 1601 2634 1654 ὑποστάσεων·
2681 1600 2796 1654 ἀλλ’
2848 1603 2970 1673 οὐχὶ
3005 1603 3100 1657 καὶ
3145 1607 3251 1675 τῆς
3298 1609 3580 1676 μονάδος,
3629 1602 3674 1661 ὦ
3700 1605 3832 1662 σὶτῖς..

2241 1691 2474 1764 πρώτως
2501 1693 2669 1764 ἥγουν
2696 1693 2882 1764 οἰκείῳ
2908 1695 3052 1766 λόγῳ
3073 1737 3087 1749 .
3134 1697 3282 1750 Ἀλλ’
3313 1699 3352 1768 ἡ
3409 1701 3596 1770 Τριᾶς
3632 1704 3760 1754 κατὲ
3797 1718 3832 1752 τ.

550 1784 724 1840 trium
769 1797 1156 1854 personarum.
1201 1781 1307 1836 Sed
1343 1781 1497 1854 (pace
1540 1791 1725 1836 vestra
1767 1781 1970 1852 dicam)
2003 1799 2132 1839 caro

2246 1755 2338 1840 καὶ
2375 1755 2562 1856 μονάς,
2599 1787 2773 1850 ἐστιν,
2837 1755 3352 1856 ἴσως’‹ρατὲ.Ἀλλέ
3389 1755 3524 1844 κᾶτ’
3558 1755 3730 1846 έκεῖνο
3754 1795 3830 1845 clx

547 1893 661 1934 non
699 1884 784 1932 est
809 1873 1064 1929 monadis
1091 1873 1354 1943 primario
1389 1889 1485 1928 seu
1517 1873 1570 1926 in
1593 1873 1816 1942 prOprio
1851 1889 2037 1930 sensu.
2069 1907 2136 1918 —-

547 1971 640 2038 At,
681 1969 868 2026 forsan
899 1967 1168 2038 inquitis-z
1199 1965 1441 2020 Trinitas
1472 1965 1574 2020 sub
1607 1965 1847 2034 quodam
1879 1975 2134 2037 respectu

2244 1877 2390 1932 ἔστιν
2418 1877 2621 1946 ὁμοίως
2643 1879 2708 1948 τῇ
2737 1877 2927 1948 Τριὰδι
2954 1879 3050 1932 καὶ
3071 1879 3245 1951 μονὰς
3265 1883 3304 1952 ἡ
3343 1882 3496 1954 σὰρξ
3530 1886 3634 1938 σὺν
3661 1887 3828 1948 αὖτίς,

2244 1970 2350 2024 ἀπε
2359 1967 2664 2039 ρίσκεπτοι.

544 2074 634 2121 est
670 2078 886 2120 monas.
909 2093 979 2102 —
1001 2061 1206 2115 Verum
1253 2059 1357 2114 sub
1399 2059 1493 2114 illo
1519 2070 1774 2127 respectu
1807 2075 2000 2116 monas
2029 2077 2139 2116 non
2173 2072 2261 2122 est
2331 2075 2461 2118 caro
2500 2061 2700 2117 eodem
2739 2061 2904 2117 modo
2930 2077 2994 2118 ac
3054 2062 3322 2134 Trinitas,
3367 2065 3525 2122 heus
3557 2083 3662 2124 vos
3695 2064 3833 2121 medi-

554 2157 653 2210 tari
683 2154 972 2217 vobiscum
1003 2152 1339 2206 nescientes.

1195 2265 1348 2322 CAP.
1403 2265 1492 2320 VI.

609 2357 682 2416 ἐἰ
735 2359 828 2414 ille
876 2374 1013 2412 unus
1051 2357 1114 2410 de
1155 2356 1412 2410 Trinitate
1451 2371 1518 2410 ex
1547 2355 1839 2412 divinitate
1876 2365 1932 2412 et
1969 2368 2137 2410 carne

549 2453 920 2524 compleatur,
939 2449 1314 2520 impassibilis
1337 2463 1469 2503 vero
1493 2448 1738 2504 Trinitas
1785 2455 2135 2520 agnoscatur,

549 2543 830 2616 quomodo
857 2557 970 2597 non
997 2541 1104 2596 erit
1137 2539 1515 2609 impassibilis,
1555 2555 1681 2594 cum
1713 2538 1996 2604 divinitas,
2023 2546 2139 2592 tum

498 2653 502 2658 ·
551 2635 728 2691 caro?
758 2634 814 2690 Si
847 2641 1035 2688 autem
1070 2629 1429 2700 impassibilis
1469 2637 1700 2698 utraque
1733 2629 1982 2699 sit,-quis
2011 2643 2140 2700 pas-

549 2742 647 2783 sus
697 2735 784 2782 est
823 2739 925 2794 pro
968 2723 1177 2778 nobis?
1215 2720 1349 2791 quid
1383 2720 1673 2775 dicebatur
1711 2720 1972 2791 passibile
2012 2729 2141 2776 ante

551 2815 1066 2875 resurrectionem?
1117 2815 1293 2869 Nemo
1345 2813 1504 2869 vobis
1555 2813 1794 2868 asseruit
1845 2827 2020 2867 unum
2051 2811 2143 2868 'de

552 2906 826 2963 Trinitate
877 2920 944 2960 ex
993 2903 1286 2958 divinitate
1333 2911 1390 2958 et
1437 2918 1604 2957 carne
1669 2902 1938 2972 compleri
1985 2903 2145 2973 juxta

2849 2261 3104 2315 ΚΕΦΑΛ.
3139 2265 3234 2330 ς’.

2317 2353 2382 2408 Ei
2432 2353 2497 2407 τὸ
2532 2349 2620 2419 εἷς
2661 2352 2774 2422 τῆς
2813 2351 3053 2422 Τριάδος
3103 2355 3169 2407 ἐκ
3215 2353 3498 2427 θεότητος
3543 2362 3644 2415 καὶ
3674 2364 3831 2430 caput;

2247 2443 2690 2515 ἀναπληροῦται·
2728 2442 2948 2513 ἀπαθὴς
2975 2444 3034 2497 δὲ
3061 2446 3095 2516 ἡ
3123 2445 3302 2516 Τριὰς
3336 2447 3726 2519 ὡμολόγηται,
3746 2452 3834 2512 ιεὼς

2247 2535 2348 2589 οὐκ
2379 2534 2534 2588 ἔσται
2587 2533 2806 2606 ἀπαθὴς
2847 2535 2880 2604 ἡ
2915 2535 3109 2604 θεότης
3140 2536 3242 2589 καὶ
3274 2539 3310 2608 ἠ
3335 2539 3531 2610 σάρξ;
3563 2545 3615 2594 εξ
3641 2545 3694 2596 δὲ
3722 2545 3830 2596 an-

2245 2627 2362 2700 θὴς,
2415 2627 2502 2692 τίς
2539 2629 2568 2682 6
2598 2627 2787 2682 παθὼν
2817 2627 2958 2698 ὑπὲρ
2991 2627 3190 2698 ήμῶν;
3225 2631 3326 2682 καὶ
3366 2633 3426 2684 τί
3457 2633 3528 2686 τὸ
3582 2635 3830 2706 Leriam:

2243 2719 2489 2789 παθητὸν
2536 2720 2643 2790 πρὸ
2691 2720 2794 2789 τῆς
2859 2720 3252 2787 ἀναστάσεως;
3287 2723 3450 2775 Ἀλλ’
3509 2727 3689 2790 οὐδεὶς
3733 2728 3830 2796 ἐμὶν

2245 2809 2691 2881 ἀναπληροῦσθαι
2709 2812 2774 2864 ὲκ
2803 2809 3058 2879 θεότητος
3079 2811 3174 2863 καὶ
3199 2814 3427 2882 σαρκδς
3451 2819 3608 2870 κατὰ
3619 2820 3708 2886 τὴν
3729 2819 3829 2886 ἐμ·

2242 2904 2408 2974 τέραν
2437 2901 2665 2972 ἐκληψιν
2692 2901 2892 2955 δέδωκε
2917 2901 3009 2954 τὸν
3040 2900 3137 2954 ἕνα
3173 2903 3278 2972 τῆς
3303 2905 3566 2976 Τριάδος
3585 2925 3600 2939 ·
3624 2909 3734 2961 οὺΞὲ
3749 2907 3826 2975 γᾶς

552 3007 793 3054 vestram
828 2995 1366 3067 interpretationem.
1414 2995 1608 3065 Neque
1651 2995 1801 3050 enim
1853 2994 2137 3050 divinitate

2247 2995 2320 3057 ὡς
2354 2991 2606 3056 ἐλλιπῶς
2639 2992 2795 3056 ὖντος
2837 2991 2932 3045 τοῦ
2980 2993 3161 3060 Λόγου
3206 2995 3313 3064 τῆς
3389 2997 3666 3070 θεότητος
3704 3003 3752 3052 ἐτι
3774 2998 3830 3067 τᾷ

551 3089 776 3146 carebat
805 3087 1051 3144 Verbum
1077 3086 1136 3142 in
1159 3086 1322 3152 Filio,
1357 3086 1590 3151 ratione,
1620 3095 1735 3140 tum
1761 3093 1993 3151 naturae,
2021 3093 2138 3141 tum

554 3181 932 3251 hypostaseos,
966 3191 1149 3246 neque
1184 3175 1492 3245 reSpective
1533 3174 1601 3229 ad
1643 3173 1969 3228 Trinitatem
2011 3191 2138 3244 per-

553 3285 817 3326 sonarum
872 3267 959 3322 vel
1011 3267 1079 3322 ad
1142 3267 1410 3323 unitatem
1472 3275 1686 3320 natura:
1743 3265 2137 3336 iucomplctum

553 3371 674 3419 erat
727 3361 970 3418 Verbum
1016 3359 1074 3414 in
1107 3360 1292 3430 seipso
1330 3359 1450 3413 sine
1486 3373 1653 3412 carne
1701 3357 2135 3424 consideratum,

552 3463 850 3522 antequam
895 3465 1025 3504 caro
1065 3450 1134 3503 ab
1163 3449 1282 3518 ipso
1317 3455 1713 3512 assumeretur,
1761 3445 1977 3516 ipsique
2013 3462 2140 3516 pas-

554 3543 734 3598 sibilis
771 3538 1098 3610 impassibili
1137 3536 1486 3610 .hypostatice
1533 3535 1812 3590 uniretur.
1845 3535 1967 3590 Non
1989 3535 2138 3591 enim

553 3635 623 3690 ad
670 3632 1068 3705 perfectionem
1111 3631 1203 3686 vel
1241 3628 1708 3700 complementum
1760 3627 2138 3698 assumptione

553 3723 830 3798 passionis
875 3733 933 3778 et
979 3721 1258 3794 passibilis
1303 3720 1418 3776 Deo
1465 3729 1605 3790 Opus
1634 3728 1772 3776 crat.
1805 3723 1903 3786 Ac,
1934 3719 2048 3774 sive
2081 3719 2138 3772 in

557 3816 1003 3888 impassibilitate
1048 3829 1160 3884 qua
1204 3812 1478 3885 gaudebat
1519 3820 1577 3868 et
1617 3819 1746 3866 ante
1793 3820 1851 3866 et
1885 3821 2009 3882 post
2049 3811 2140 3866 in-

555 3905 955 3968 carnationem,
987 3902 1106 3957 sive
1137 3902 1193 3956 in
1225 3900 1410 3957 carnis
1441 3901 1793 3972 passionibns
1819 3899 2140 3955 considere-

557 4005 646 4053 tur
677 3995 945 4061 Verbum,
981 3991 1128 4048 idem
1157 4009 1287 4048 vere
1317 3991 1646 4048 ostenditur.
1676 3991 1746 4046 At
1778 3990 2006 4047 minime
2033 4006 2138 4047 nos

553 4104 624 4144 ex
667 4085 758 4142 his
801 4100 926 4155 quae
969 4091 1088 4138 tum
1135 4090 1264 4138 ante
1307 4081 1744 4138 incarnationem
1781 4081 1974 4148 Verbi,
2021 4089 2137 4135 tum

555 4188 679 4253 post
707 4178 892 4233 carnis
939 4177 1061 4248 ejus
1102 4175 1571 4231 resurrectionem
1602 4174 1950 4241 admisimus,
1977 4189 2137 4229 revo-

553 4273 694 4328 catis
722 4269 962 4326 dicendo
1008 4267 1336 4338 simpliciter
1375 4267 1772 4338 impassibilem
1801 4281 1921 4322 esse
1949 4265 2133 4320 Trini-

2245 3085 2358 3154 Υἱῴ
2383 3084 2524 3139 κατὰ
2550 3083 2714 3154 φύσιν
2758 3083 2791 3154 ἢ
2836 3084 3155 3150 ὑπόστασιν,
3197 3088 3297 3138 καὶ
3330 3090 3424 3152 εἰς
3449 3091 3556 3142 τὸν
3577 3093 3675 3160 τῆς
3701 3108 3829 3162 πρεπ-

2246 3177 2464 3247 ωπικῆς
2488 3176 2718 3248 Τριάδος
2739 3175 2997 3246 ἀριθμὸν,
3017 3176 3052 3246 ἢ
3079 3176 3182 3246 τῆς
3214 3181 3474 3251 φυσικῆς
3507 3184 3749 3253 μονάδος,
3776 3184 3830 3250 p9,

2247 3268 2628 3332 συντελοῦντος
2655 3267 2748 3321 τοῦ
2775 3267 2954 3336 Λόγου
3001 3268 3164 3336 μόνον
3195 3269 3324 3324 καθ’
3366 3274 3550 3326 αὑτὸν
3583 3277 3827 3346 ὰσάρ-ιευς.

2245 3362 2278 3430 ἡ
2311 3361 2606 3428 πρόσθεσις
2623 3359 2722 3428 τῆς
2763 3360 2972 3430 σαρκὸς
2997 3361 3151 3430 αὖτῷ
3183 3363 3638 3434 προσείληπται,
3669 3369 3830 3418 ἐκπετ-

2247 3448 2418 3500 στᾶσα
2453 3447 2742 3518 τῷὰπαθεί
2773 3448 2922 3519 αὑτῷ
2942 3451 2976 3519 ή
3007 3449 3226 3520 παθητὴ
3246 3467 3260 3482 ·
3289 3453 3355 3504 οὐ
3384 3455 3502 3524 γὰρ
3536 3457 3620 3517 εἰς
3645 3455 3829 3507 taleis)-

2247 3555 2330 3591 σιν
2357 3539 2454 3592 καὶ
2476 3539 2758 3610 πλήρωσιν
2789 3541 2908 3612 Θεῷ
2925 3541 3132 3604 πάθους
3153 3544 3250 3595 καὶ
3280 3545 3398 3598 παθ
3409 3545 3548 3615 ῃτοῦ
3571 3547 3827 3615 ἐπίκτητα

2243 3629 2435 3698 χρεία·
2472 3629 2566 3682 καὶ
2593 3629 2662 3681 τὰ
2691 3628 2822 3698 γοῦν
2837 3629 2936 3700 τῆς
2966 3629 3074 3700 πρὸ
3105 3629 3312 3700 σαρκὸς
3347 3632 3454 3684 καὶ
3488 3633 3643 3700 μετὰ
3678 3635 3824 3701 sign

2246 3718 2518 3782 ἀπαθείας
2549 3719 2712 3773 αὑτοῦ
2749 3723 2777 3774 6
2798 3721 2992 3788 Λόγος,
3018 3721 3115 3774 καὶ
3140 3721 3209 3774 τὰ
3237 3720 3341 3792 τῆς
3359 3723 3579 3794 σαρκὸς
3605 3725 3663 3776 δὲ
3687 3719 3824 3777 αὗτοξ

2247 3811 2418 3880 πάθη,
2451 3815 2479 3865 6
2508 3812 2670 3876 αὐτὸς
2698 3812 2916 3883 ἀληθῶς
2947 3812 3350 3867 ἐπιδείκνυται·
3388 3815 3536 3868 am
3585 3815 3822 3886 μηδαμὰ

2245 3903 2389 3973 ἡμᾶς
2411 3903 2476 3955 ἐκ
2500 3901 2610 3956 τῶν
2641 3901 2747 3972 πρὸ
2793 3902 2894 3973 τῆς
2925 3901 3259 3974 σαρκώσεως
3303 3903 3407 3957 τοῦ
3451 3905 3658 3974 Λόγου,
3682 3908 3716 3976 ἦ
3739 3903 3822 3956 τέω

2250 3993 2388 4064 μετὰ
2415 3992 2514 4065 τὴν
2538 3994 2838 4046 ἀνάστασιν
2854 3993 2953 4064 τῆς
2983 3993 3186 4064 σαρκὸς
3207 3993 3379 4046 αὑτοῦ
3400 3995 3822 4067 ὡμολογηβ-ωυ

2247 4083 2630 4154 συναρπάζετε
2674 4084 2927 4152 λέγοντες
2979 4083 3166 4146 ἁπλῶς
3213 4085 3298 4136 ὅτι
3348 4085 3586 4156 ἀπαθὴς
3632 4090 3668 4157 ἡ
3715 4087 3822 4152 ἀξία

2245 4173 2416 4246 Τριάς
2433 4191 2447 4206 ·
2475 4173 2723 4246 φανερῶς
2740 4173 2851 4245 γὰρ
2873 4175 3003 4244 ὑμῖν
3024 4174 3142 4228 τόδε
3159 4173 3572 4245 ὁμολογοῦμεν,
3603 4179 3686 4230 ὅτι
3706 4176 3818 4228 uti

2244 4266 2336 4319 τὸν
2366 4263 2559 4336 καιρὸν
2601 4263 2699 4336 τὴς
2739 4265 3010 4334 ὲνσάρκου
3057 4264 3357 4334 ἐπιδημίας
3407 4267 3506 4316 τοῦ
3536 4266 3713 4333 Λόγου
3747 4266 3816 4315 ἐξ

555 4369 724 4416 tatem
754 4378 767 4414 :
805 4359 954 4415 clare
1001 4357 1151 4413 enim
1184 4355 1513 4428 profitemur
1537 4365 1592 4412 ct
1619 4373 1742 4422 nos,
1769 4371 1836 4411 ex
1863 4371 1974 4426 quo
2003 4355 2137 4410 Ver-

2246 4356 2346 4426 γῆς
2369 4353 2561 4425 ὥσπερ
2591 4354 2692 4407 οὐκ
2739 4355 2982 4425 ἄσαρκος
3010 4350 3079 4426 ἦν
3108 4356 3259 4408 πᾶσα
3295 4355 3328 4423 ή
3364 4355 3504 4423 ἁγία
3539 4357 3713 4428 Τριὰς
3733 4355 3792 4407 τέ

553 4450 683 4504 bum
733 4463 862 4502 caro
909 4447 1116 4503 factum
1166 4445 1436 4502 habitavit
1482 4447 1540 4501 in
1597 4447 1786 4512 terris,
1836 4445 1981 4500 sicut
2029 4459 2141 4498 non

552 4538 670 4593 sine
718 4552 884 4592 carne
933 4537 1039 4592 fuit
1081 4537 1346 4592 universa
1381 4551 1743 4607 personarum
1773 4533 2039 4599 Trinitas,
2067 4533 2142 4586 ita

551 4644 655 4683 nec
688 4627 1088 4696 impassibilem
1135 4627 1306 4690 fuisse
1351 4643 1570 4682 omnem
1617 4627 1784 4700 hujus
1824 4641 2140 4696 personam,

551 4720 680 4792 quia
713 4719 996 4790 passibilis
1035 4728 1120 4774 est
1148 4718 1378 4782 Christi,
1422 4720 1579 4788 juxta
1607 4717 1744 4772 illud
1792 4717 1968 4772 sancti
2010 4731 2143 4787 apo-

549 4813 678 4869 stoli
721 4809 1000 4866 dicentis:
1039 4829 1057 4862 ι
1096 4809 1166 4864 Ει
1192 4807 1408 4880 primus
1447 4825 1516 4864 ex
1545 4809 1958 4863 resurrectione
1983 4823 2133 4863 mor-

551 4916 772 4962 tuorum
791 4905 839 4958 b.
882 4923 900 4958 ι
938 4903 1040 4960 Hic
1065 4902 1214 4959 enim
1245 4909 1330 4958 est
1353 4902 1535 4974 ipsum
1561 4901 1808 4958 Verbum
1833 4901 1980 4972 quod
2012 4909 2136 4957 erat

549 4997 604 5051 in
633 4995 930 5068 principio.
961 4993 1328 5065 Impassibilis
1347 5009 1480 5048 vero
1502 5001 1586 5048 est
1611 4991 1818 5058 divina,
1849 5003 1967 5046 tum
1989 4993 2130 5064 ejus,

550 5099 666 5144 tum
706 5087 908 5152 Patris,
946 5095 1060 5140 tum
1091 5085 1334 5156 Spiritus
1373 5085 1549 5141 sancti
1589 5095 1808 5150 natura,
1855 5099 1977 5154 quae
2014 5083 2131 5140 sive

2241 4447 2615 4512 ὑποστάσεων,
2639 4445 2812 4509 οὕτως
2847 4447 2971 4500 οὐδὲ
2992 4447 3207 4518 ἀπαθὴς
3227 4441 3298 4518 ἦν
3327 4449 3486 4501 πᾶσα
3513 4449 3690 4517 αὐτῆς
3708 4449 3819 4500 ὑπέ-

2244 4557 2452 4605 στασις,
2487 4541 2535 4592 εί
2589 4538 2832 4608 παθητὸς
2888 4539 2917 4592 6
2966 4539 3201 4610 Χριστὸς
3254 4539 3406 4593 κατὰ
3440 4539 3537 4593 τὸν
3595 4545 3816 4610 ginis-3

2242 4630 2418 4698 ἅγιον,
2461 4647 2482 4680 ι
2511 4629 2606 4684 καὶ
2630 4630 2846 4701 πρῶτος
2870 4628 2930 4694 ἐξ
2955 4630 3303 4693 ἀναστάσεως
3327 4632 3552 4702 νεκρῶν
3569 4647 3588 4662 ο
3613 4650 3636 4682 ι
3685 4627 3816 4690 οὗτος

2241 4723 2350 4793 γάρ
2373 4722 2490 4775 ἐστι
2521 4722 2616 4776 καὶ
2643 4723 2672 4775 6
2703 4722 2874 4790 Λόγος
2900 4721 3061 4786 αὐτὸς
3088 4721 3117 4773 6
3144 4721 3202 4774 ὲν
3231 4722 3381 4794 ἁρχῆ
3401 4739 3416 4753 ·
3454 4724 3678 4794 ἀπαθὴς
3697 4724 3814 4777 εὲὶι

2241 4815 2276 4884 ἡ
2299 4812 2419 4865 θεία
2466 4813 2630 4882 φύσις
2685 4815 2804 4867 ἐστὶ
2837 4811 3002 4866 αὐτοῦ
3038 4829 3100 4866 τε
3128 4814 3345 4866 καὶτοῦ
3378 4815 3596 4883 ἀγαθοῦ
3627 4816 3816 4884 Πατρὶς

2241 4902 2451 4958 καὶτοῦ
2482 4903 2642 4973 ἁγίου
2675 4904 2996 4973 Πνεύματος
3029 4904 3220 4971 αὐτοῦ,
3263 4905 3391 4975 ἣτις
3423 4909 3484 4960 ὲν
3515 4909 3745 4980 dri-ipa?
3767 4921 3812 4956 τε

2241 4993 2336 5046 καὶ
2367 4994 2768 5066 σεσαρκωμένῃ
2790 4998 2856 5065 τῇ
2889 4995 3027 5066 αὐτῇ
3052 4994 3350 5049 ὑποστάσει
3381 4997 3486 5051 τοῦ
3522 4999 3706 5068 Λόγος
3736 4997 3812 5066 τῆς

2241 5084 2496 5154 ἀληθείας
2533 5085 2683 5138 ἐστιν
2705 5087 2811 5140 ἀεί.

548 5189 674 5236 ante
695 5180 810 5236 sive
858 5185 982 5250 post
1029 5177 1491 5244 incarnationem,
1538 5177 1591 5231 in
1639 5175 1834 5232 eadem
1865 5191 2100 5246 persona
2132 5177 2296 5232 Verbi
2323 5178 2571 5232 veritatis
2595 5193 2770 5248 usque
2797 5187 3001 5234 manet.

1182 5289 1334 5347 CAP.
1373 5291 1486 5347 VII.

619 5411 678 5467 Si
707 5409 803 5465 ille
834 5425 974 5464 unus
1007 5407 1070 5461 de
1105 5405 1363 5461 Trinitate
1387 5420 1454 5459 ex
1485 5403 1690 5459 deitate
1713 5412 1769 5458 et
1794 5419 1958 5459 carne
1979 5419 2128 5459 com-

546 5503 788 5572 pleatur,
811 5498 1091 5571 quomodo
1124 5513 1235 5553 non
1281 5497 1391 5552 erit
1432 5495 1524 5550 ille
1557 5509 1702 5549 unus
1731 5494 1800 5550 de
1831 5495 2122 5560 Trinitate,

547 5593 692 5650 sicut
735 5593 902 5658 Deus,
950 5592 1026 5646 ita
1068 5599 1126 5646 et
1171 5588 1382 5645 homo?
1417 5595 1473 5644 et
1509 5587 1555 5642 si
1587 5587 1690 5642 hoc
1711 5595 1816 5653 est,
1846 5587 2124 5658 quomodo

619 5730 652 5772 δ
681 5729 892 5788 Coloss.
920 5748 958 5800 ι,
997 5732 1080 5788 18.

2843 5291 3090 5348 ΚΕΦΑΛ.
3145 5296 3220 5348 Ζ’.

2309 5404 2372 5456 Εἰ
2401 5404 2460 5458 τὸ
2491 5397 2578 5468 εἷς
2607 5401 2720 5472 τῆς
2760 5403 3006 5472 Τριόδος
3055 5406 3120 5460 ὲκ
3175 5407 3435 5480 θεότητος
3476 5414 3577 5468 καὶ
3637 5413 3813 5488 σιμὴ

2235 5496 2672 5570 ἀναπληροῦται,
2726 5495 2846 5560 πῶς
2873 5498 2976 5552 οὐκ
3025 5499 3182 5554 ἔσται
3231 5499 3371 5567 ὑεῖς
3422 5508 3529 5577 τῆς
3583 5507 3806 5578 τρύῦς.

2233 5586 2422 5658 ὥσπερ
2449 5587 2582 5651 Θεὸς
2605 5585 2780 5651 οὕτως
2809 5589 2906 5643 καὶ
2949 5590 3265 5662 ἄνθρωπος,
3292 5595 3396 5650 καὶ
3419 5597 3719 5669 ὀμωύσιος
3737 5601 3810 5650 ui
