  <div class='ocr_page' id='page_1' title='image "/cluster/home/n/w/nwhite01/storage/ocr_20150623/86 pars.1/pst.000005712878/930.png"; bbox 0 0 3908 6306; ppageno 0'>
   <div class='ocr_carea' id='block_1_1' title="bbox 110 323 320 396">
    <p class='ocr_par' dir='ltr' id='par_1_1' title="bbox 110 323 320 396">
     <span class='ocr_line' id='line_1_1' title="bbox 110 323 320 396; baseline 0.019 -4"><span class='ocrx_word' id='word_1_1' title='bbox 110 323 273 396; x_wconf 80' lang='grc'><strong>1763</strong></span> <span class='ocrx_word' id='word_1_2' title='bbox 297 339 320 370; x_wconf 84' lang='lat'><strong><em>°</em></strong></span> 
     </span>
    </p>
   </div>
   <div class='ocr_carea' id='block_1_2' title="bbox 1056 345 2480 414">
    <p class='ocr_par' dir='ltr' id='par_1_2' title="bbox 1056 345 2480 414">
     <span class='ocr_line' id='line_1_2' title="bbox 1056 345 2480 414; baseline 0.006 -10"><span class='ocrx_word' id='word_1_3' title='bbox 1056 345 1450 408; x_wconf 73' lang='lat' dir='ltr'><strong>A&#39;DVEIiSUS</strong></span> <span class='ocrx_word' id='word_1_4' title='bbox 1492 345 2037 410; x_wconf 77' lang='lat' dir='ltr'><strong>NESTORIANOS.</strong></span> <span class='ocrx_word' id='word_1_5' title='bbox 2067 376 2135 385; x_wconf 84' lang='lat'>-</span> <span class='ocrx_word' id='word_1_6' title='bbox 2164 349 2308 413; x_wconf 83' lang='lat' dir='ltr'><strong>LIB.</strong></span> <span class='ocrx_word' id='word_1_7' title='bbox 2351 354 2480 414; x_wconf 74' lang='lat' dir='ltr'><strong>VII.</strong></span> 
     </span>
    </p>
   </div>
   <div class='ocr_carea' id='block_1_3' title="bbox 3197 343 3398 412">
    <p class='ocr_par' dir='ltr' id='par_1_3' title="bbox 3197 343 3398 412">
     <span class='ocr_line' id='line_1_3' title="bbox 3197 343 3398 412; baseline -0.005 -2"><span class='ocrx_word' id='word_1_8' title='bbox 3197 345 3335 412; x_wconf 80' lang='lat'><strong>1763</strong></span> <span class='ocrx_word' id='word_1_9' title='bbox 3374 343 3398 383; x_wconf 60' lang='grc'><strong><em>⁵</em></strong></span> 
     </span>
    </p>
   </div>
   <div class='ocr_carea' id='block_1_4' title="bbox 103 452 1701 548">
    <p class='ocr_par' dir='ltr' id='par_1_4' title="bbox 103 463 1701 548">
     <span class='ocr_line' id='line_1_4' title="bbox 103 463 1701 548; baseline 0.008 -30"><span class='ocrx_word' id='word_1_10' title='bbox 103 465 189 533; x_wconf 80' lang='grc' dir='ltr'><strong>τῇ</strong></span> <span class='ocrx_word' id='word_1_11' title='bbox 221 463 434 534; x_wconf 60' lang='grc' dir='ltr'>Μητρίς</span> <span class='ocrx_word' id='word_1_12' title='bbox 489 467 584 521; x_wconf 72' lang='grc' dir='ltr'><strong>καὶ</strong></span> <span class='ocrx_word' id='word_1_13' title='bbox 623 470 674 522; x_wconf 80' lang='grc' dir='ltr'>εἰ</span> <span class='ocrx_word' id='word_1_14' title='bbox 732 471 908 537; x_wconf 76' lang='grc' dir='ltr'>τοῦτο,</span> <span class='ocrx_word' id='word_1_15' title='bbox 965 473 1084 537; x_wconf 83' lang='grc' dir='ltr'><strong>πῶς</strong></span> <span class='ocrx_word' id='word_1_16' title='bbox 1135 479 1234 530; x_wconf 74' lang='grc' dir='ltr'><strong>οὑκ</strong></span> <span class='ocrx_word' id='word_1_17' title='bbox 1260 479 1412 532; x_wconf 76' lang='grc' dir='ltr'>ἔσται</span> <span class='ocrx_word' id='word_1_18' title='bbox 1440 480 1468 532; x_wconf 81' lang='grc' dir='ltr'>ὁ</span> <span class='ocrx_word' id='word_1_19' title='bbox 1497 473 1578 541; x_wconf 76' lang='grc' dir='ltr'>εἷς</span> <span class='ocrx_word' id='word_1_20' title='bbox 1613 477 1701 548; x_wconf 73' lang='grc' dir='ltr'>τῆς</span> 
     </span>
    </p>
   </div>
   <div class='ocr_carea' id='block_1_5' title="bbox 1806 452 3400 548">
    <p class='ocr_par' dir='ltr' id='par_1_5' title="bbox 1816 454 3400 523">
     <span class='ocr_line' id='line_1_5' title="bbox 1816 454 3400 523; baseline -0.003 -11"><span class='ocrx_word' id='word_1_21' title='bbox 1816 473 1929 513; x_wconf 90' lang='lat' dir='ltr'><strong>non</strong></span> <span class='ocrx_word' id='word_1_22' title='bbox 1958 458 2068 514; x_wconf 89' lang='lat' dir='ltr'><strong>erit</strong></span> <span class='ocrx_word' id='word_1_23' title='bbox 2100 459 2190 513; x_wconf 87' lang='lat' dir='ltr'><strong>ille</strong></span> <span class='ocrx_word' id='word_1_24' title='bbox 2227 475 2371 514; x_wconf 92' lang='lat' dir='ltr'><strong>unus</strong></span> <span class='ocrx_word' id='word_1_25' title='bbox 2401 459 2472 514; x_wconf 88' lang='lat' dir='ltr'><strong>de</strong></span> <span class='ocrx_word' id='word_1_26' title='bbox 2501 457 2790 523; x_wconf 87' lang='lat' dir='ltr'><strong>Trinitate,</strong></span> <span class='ocrx_word' id='word_1_27' title='bbox 2823 455 2969 512; x_wconf 99' lang='lat' dir='ltr'><strong>sicut</strong></span> <span class='ocrx_word' id='word_1_28' title='bbox 3004 469 3150 510; x_wconf 90' lang='lat' dir='ltr'><strong>unus</strong></span> <span class='ocrx_word' id='word_1_29' title='bbox 3175 454 3242 509; x_wconf 90' lang='lat' dir='ltr'><strong>de</strong></span> <span class='ocrx_word' id='word_1_30' title='bbox 3273 454 3400 510; x_wconf 83' lang='lat' dir='ltr'><strong>Tri-</strong></span> 
     </span>
    </p>
   </div>
   <div class='ocr_carea' id='block_1_6' title="bbox 105 555 1716 642">
    <p class='ocr_par' dir='ltr' id='par_1_6' title="bbox 105 555 1716 642">
     <span class='ocr_line' id='line_1_6' title="bbox 105 555 1716 642; baseline 0.012 -35"><span class='ocrx_word' id='word_1_31' title='bbox 105 555 359 626; x_wconf 84' lang='grc' dir='ltr'>Τριάδος</span> <span class='ocrx_word' id='word_1_32' title='bbox 401 556 592 630; x_wconf 84' lang='grc' dir='ltr'>ὥσπερ</span> <span class='ocrx_word' id='word_1_33' title='bbox 619 556 700 624; x_wconf 75' lang='grc' dir='ltr'><strong>εἷς</strong></span> <span class='ocrx_word' id='word_1_34' title='bbox 755 563 854 634; x_wconf 78' lang='grc' dir='ltr'><strong>τῆς</strong></span> <span class='ocrx_word' id='word_1_35' title='bbox 885 557 1136 635; x_wconf 69' lang='grc' dir='ltr'>Τριάδος,</span> <span class='ocrx_word' id='word_1_36' title='bbox 1175 570 1347 635; x_wconf 81' lang='grc' dir='ltr'>οὕτως</span> <span class='ocrx_word' id='word_1_37' title='bbox 1379 572 1476 624; x_wconf 79' lang='grc' dir='ltr'><strong>καὶ</strong></span> <span class='ocrx_word' id='word_1_38' title='bbox 1505 566 1586 634; x_wconf 69' lang='grc' dir='ltr'>εἷς</span> <span class='ocrx_word' id='word_1_39' title='bbox 1618 573 1716 642; x_wconf 83' lang='grc' dir='ltr'>τῆς</span> 
     </span>
    </p>
   </div>
   <div class='ocr_carea' id='block_1_7' title="bbox 107 645 1716 729">
    <p class='ocr_par' dir='ltr' id='par_1_7' title="bbox 107 645 1716 729">
     <span class='ocr_line' id='line_1_7' title="bbox 107 645 1716 729; baseline 0.011 -32"><span class='ocrx_word' id='word_1_40' title='bbox 107 645 478 716; x_wconf 78' lang='grc' dir='ltr'><strong>ἀνθρωπείας</strong></span> <span class='ocrx_word' id='word_1_41' title='bbox 527 651 764 720; x_wconf 77' lang='grc' dir='ltr'>φύσεως,</span> <span class='ocrx_word' id='word_1_42' title='bbox 799 653 880 708; x_wconf 78' lang='grc' dir='ltr'><strong>ἔτι</strong></span> <span class='ocrx_word' id='word_1_43' title='bbox 917 655 973 708; x_wconf 81' lang='grc' dir='ltr'><strong>δὲ</strong></span> <span class='ocrx_word' id='word_1_44' title='bbox 1009 657 1108 728; x_wconf 85' lang='grc' dir='ltr'>τῆς</span> <span class='ocrx_word' id='word_1_45' title='bbox 1141 660 1394 729; x_wconf 86' lang='grc' dir='ltr'>Τριάδος,</span> <span class='ocrx_word' id='word_1_46' title='bbox 1429 662 1527 714; x_wconf 72' lang='grc' dir='ltr'>καὶ</span> <span class='ocrx_word' id='word_1_47' title='bbox 1573 663 1716 715; x_wconf 80' lang='grc' dir='ltr'>κατὰ</span> 
     </span>
    </p>
   </div>
   <div class='ocr_carea' id='block_1_8' title="bbox 107 739 1715 824">
    <p class='ocr_par' dir='ltr' id='par_1_8' title="bbox 107 739 1715 824">
     <span class='ocr_line' id='line_1_8' title="bbox 107 739 1715 824; baseline 0.011 -32"><span class='ocrx_word' id='word_1_48' title='bbox 107 739 380 809; x_wconf 72' lang='grc' dir='ltr'>θεότητα,</span> <span class='ocrx_word' id='word_1_49' title='bbox 428 745 522 798; x_wconf 76' lang='grc' dir='ltr'><strong>καὶ</strong></span> <span class='ocrx_word' id='word_1_50' title='bbox 559 747 700 800; x_wconf 85' lang='grc' dir='ltr'>κατὰ</span> <span class='ocrx_word' id='word_1_51' title='bbox 752 749 850 820; x_wconf 80' lang='grc' dir='ltr'>τὴν</span> <span class='ocrx_word' id='word_1_52' title='bbox 904 751 1116 824; x_wconf 85' lang='grc' dir='ltr'>σάρκα;</span> <span class='ocrx_word' id='word_1_53' title='bbox 1157 756 1275 821; x_wconf 86' lang='grc' dir='ltr'>πῶς</span> <span class='ocrx_word' id='word_1_54' title='bbox 1299 757 1392 811; x_wconf 79' lang='grc' dir='ltr'>οὖν</span> <span class='ocrx_word' id='word_1_55' title='bbox 1419 760 1518 812; x_wconf 84' lang='grc' dir='ltr'><strong>οὑκ</strong></span> <span class='ocrx_word' id='word_1_56' title='bbox 1561 758 1715 810; x_wconf 74' lang='grc' dir='ltr'>ἔσται</span> 
     </span>
    </p>
   </div>
   <div class='ocr_carea' id='block_1_9' title="bbox 107 830 1715 922">
    <p class='ocr_par' dir='ltr' id='par_1_9' title="bbox 107 830 1715 922">
     <span class='ocr_line' id='line_1_9' title="bbox 107 830 1715 922; baseline 0.014 -42"><span class='ocrx_word' id='word_1_57' title='bbox 107 830 222 882; x_wconf 70' lang='grc' dir='ltr'><strong>καὶ</strong></span> <span class='ocrx_word' id='word_1_58' title='bbox 273 830 370 899; x_wconf 82' lang='grc' dir='ltr'><strong>τῆς</strong></span> <span class='ocrx_word' id='word_1_59' title='bbox 415 832 758 902; x_wconf 82' lang='grc' dir='ltr'>ανθρωπείας</span> <span class='ocrx_word' id='word_1_60' title='bbox 819 837 1053 906; x_wconf 79' lang='grc' dir='ltr'>φύσεως,</span> <span class='ocrx_word' id='word_1_61' title='bbox 1109 844 1204 896; x_wconf 73' lang='grc' dir='ltr'>καὶ</span> <span class='ocrx_word' id='word_1_62' title='bbox 1277 847 1421 900; x_wconf 74' lang='grc' dir='ltr'>κατὰ</span> <span class='ocrx_word' id='word_1_63' title='bbox 1483 846 1715 922; x_wconf 77' lang='grc' dir='ltr'>θεότητα</span> 
     </span>
    </p>
   </div>
   <div class='ocr_carea' id='block_1_10' title="bbox 107 924 1714 1012">
    <p class='ocr_par' dir='ltr' id='par_1_10' title="bbox 107 924 1714 1012">
     <span class='ocr_line' id='line_1_10' title="bbox 107 924 1714 1012; baseline 0.018 -39"><span class='ocrx_word' id='word_1_64' title='bbox 107 924 222 975; x_wconf 67' lang='lat' dir='ltr'><strong>acati.</strong></span> <span class='ocrx_word' id='word_1_65' title='bbox 279 924 419 976; x_wconf 65' lang='grc' dir='ltr'>κατὰ</span> <span class='ocrx_word' id='word_1_66' title='bbox 476 925 693 996; x_wconf 77' lang='grc' dir='ltr'><strong>σάρκας</strong></span> <span class='ocrx_word' id='word_1_67' title='bbox 749 928 894 984; x_wconf 81' lang='grc' dir='ltr'><strong>Ἀλλ’</strong></span> <span class='ocrx_word' id='word_1_68' title='bbox 937 933 1037 1005; x_wconf 77' lang='grc' dir='ltr'><strong>ἤδη</strong></span> <span class='ocrx_word' id='word_1_69' title='bbox 1067 936 1304 1010; x_wconf 63' lang='grc' dir='ltr'>εἴρηται</span> <span class='ocrx_word' id='word_1_70' title='bbox 1367 943 1470 1012; x_wconf 84' lang='grc' dir='ltr'>μὲν</span> <span class='ocrx_word' id='word_1_71' title='bbox 1497 943 1573 1007; x_wconf 89' lang='grc' dir='ltr'><strong>ὡς</strong></span> <span class='ocrx_word' id='word_1_72' title='bbox 1613 949 1714 1004; x_wconf 83' lang='grc' dir='ltr'><strong>οὑκ</strong></span> 
     </span>
    </p>
   </div>
   <div class='ocr_carea' id='block_1_11' title="bbox 106 1015 1712 1116">
    <p class='ocr_par' dir='ltr' id='par_1_11' title="bbox 106 1015 1712 1116">
     <span class='ocr_line' id='line_1_11' title="bbox 106 1015 1712 1116; baseline 0.022 -52"><span class='ocrx_word' id='word_1_73' title='bbox 106 1015 210 1077; x_wconf 87' lang='grc' dir='ltr'>εἰς</span> <span class='ocrx_word' id='word_1_74' title='bbox 259 1015 319 1068; x_wconf 83' lang='grc' dir='ltr'><strong>τὸ</strong></span> <span class='ocrx_word' id='word_1_75' title='bbox 385 1016 587 1072; x_wconf 82' lang='grc' dir='ltr'>τέλειον</span> <span class='ocrx_word' id='word_1_76' title='bbox 641 1020 932 1088; x_wconf 60' lang='grc' dir='ltr'>ἐλλιπῶς·</span> <span class='ocrx_word' id='word_1_77' title='bbox 984 1028 1015 1098; x_wconf 83' lang='grc' dir='ltr'><strong>ἢ</strong></span> <span class='ocrx_word' id='word_1_78' title='bbox 1070 1033 1151 1095; x_wconf 88' lang='grc' dir='ltr'>εἰς</span> <span class='ocrx_word' id='word_1_79' title='bbox 1223 1034 1285 1087; x_wconf 79' lang='grc' dir='ltr'>τὸ</span> <span class='ocrx_word' id='word_1_80' title='bbox 1344 1033 1485 1092; x_wconf 72' lang='grc' dir='ltr'>εἶναι</span> <span class='ocrx_word' id='word_1_81' title='bbox 1553 1041 1581 1094; x_wconf 81' lang='grc' dir='ltr'><strong>ὃ</strong></span> <span class='ocrx_word' id='word_1_82' title='bbox 1645 1041 1712 1116; x_wconf 79' lang='grc' dir='ltr'>ἦν</span> 
     </span>
    </p>
   </div>
   <div class='ocr_carea' id='block_1_12' title="bbox 105 1106 1712 1206">
    <p class='ocr_par' dir='ltr' id='par_1_12' title="bbox 105 1106 1712 1206">
     <span class='ocr_line' id='line_1_12' title="bbox 105 1106 1712 1206; baseline 0.02 -50"><span class='ocrx_word' id='word_1_83' title='bbox 105 1106 140 1157; x_wconf 88' lang='grc' dir='ltr'>ὁ</span> <span class='ocrx_word' id='word_1_84' title='bbox 199 1107 394 1206; x_wconf 34' lang='grc' dir='ltr'>’Λόγρς</span> <span class='ocrx_word' id='word_1_85' title='bbox 459 1113 524 1162; x_wconf 82' lang='grc' dir='ltr'>ἐκ</span> <span class='ocrx_word' id='word_1_86' title='bbox 560 1111 690 1206; x_wconf 73' lang='grc' dir='ltr'><strong>Δτῆς</strong></span> <span class='ocrx_word' id='word_1_87' title='bbox 719 1118 952 1206; x_wconf 28' lang='grc' dir='ltr'>μσαρκος</span> <span class='ocrx_word' id='word_1_88' title='bbox 985 1121 1444 1206; x_wconf 10' lang='grc' dir='ltr'>Ανὰναπληροῦται·</span> <span class='ocrx_word' id='word_1_89' title='bbox 1497 1129 1564 1202; x_wconf 81' lang='grc' dir='ltr'>ἦν</span> <span class='ocrx_word' id='word_1_90' title='bbox 1603 1106 1712 1206; x_wconf 61' lang='grc' dir='ltr'><strong>γάρ</strong></span> 
     </span>
    </p>
   </div>
   <div class='ocr_carea' id='block_1_13' title="bbox 106 1196 1708 1293">
    <p class='ocr_par' dir='ltr' id='par_1_13' title="bbox 106 1196 1708 1293">
     <span class='ocr_line' id='line_1_13' title="bbox 106 1196 1708 1293; baseline 0.023 -51"><span class='ocrx_word' id='word_1_91' title='bbox 106 1196 372 1293; x_wconf 24' lang='lat' dir='ltr'><strong>aceti-apag</strong></span> <span class='ocrx_word' id='word_1_92' title='bbox 413 1199 616 1293; x_wconf 73' lang='grc' dir='ltr'>σαρκὸς</span> <span class='ocrx_word' id='word_1_93' title='bbox 669 1203 896 1293; x_wconf 77' lang='grc' dir='ltr'>τέλειος,</span> <span class='ocrx_word' id='word_1_94' title='bbox 955 1203 1034 1272; x_wconf 73' lang='grc' dir='ltr'>εἷς</span> <span class='ocrx_word' id='word_1_95' title='bbox 1063 1213 1160 1282; x_wconf 80' lang='grc' dir='ltr'>τῆς</span> <span class='ocrx_word' id='word_1_96' title='bbox 1222 1217 1382 1284; x_wconf 80' lang='grc' dir='ltr'>ἁγίας</span> <span class='ocrx_word' id='word_1_97' title='bbox 1434 1196 1708 1293; x_wconf 42' lang='grc' dir='ltr'>ΤριάδοςΙ·</span> 
     </span>
    </p>
   </div>
   <div class='ocr_carea' id='block_1_14' title="bbox 103 1286 1708 1381">
    <p class='ocr_par' dir='ltr' id='par_1_14' title="bbox 103 1286 1708 1381">
     <span class='ocr_line' id='line_1_14' title="bbox 103 1286 1708 1381; baseline 0.022 -44"><span class='ocrx_word' id='word_1_98' title='bbox 103 1286 261 1381; x_wconf 58' lang='grc' dir='ltr'>οι).λὰ</span> <span class='ocrx_word' id='word_1_99' title='bbox 288 1286 626 1381; x_wconf 78' lang='grc' dir='ltr'>τοὺναντίον·</span> <span class='ocrx_word' id='word_1_100' title='bbox 659 1291 740 1360; x_wconf 72' lang='grc' dir='ltr'>εἷς</span> <span class='ocrx_word' id='word_1_101' title='bbox 770 1299 830 1352; x_wconf 82' lang='grc' dir='ltr'>τὸ</span> <span class='ocrx_word' id='word_1_102' title='bbox 855 1302 954 1356; x_wconf 77' lang='grc' dir='ltr'>καὶ</span> <span class='ocrx_word' id='word_1_103' title='bbox 1000 1306 1098 1376; x_wconf 83' lang='grc' dir='ltr'><strong>τὴν</strong></span> <span class='ocrx_word' id='word_1_104' title='bbox 1131 1307 1204 1372; x_wconf 86' lang='grc' dir='ltr'><strong>ὡς</strong></span> <span class='ocrx_word' id='word_1_105' title='bbox 1237 1313 1378 1381; x_wconf 77' lang='grc' dir='ltr'>πρὸς</span> <span class='ocrx_word' id='word_1_106' title='bbox 1411 1286 1547 1368; x_wconf 76' lang='grc' dir='ltr'>Θεὸν</span> <span class='ocrx_word' id='word_1_107' title='bbox 1581 1286 1708 1372; x_wconf 68' lang='grc' dir='ltr'>ἀτε-</span> 
     </span>
    </p>
   </div>
   <div class='ocr_carea' id='block_1_15' title="bbox 103 1377 1710 1479">
    <p class='ocr_par' dir='ltr' id='par_1_15' title="bbox 103 1377 1710 1479">
     <span class='ocr_line' id='line_1_15' title="bbox 103 1377 1710 1479; baseline 0.023 -52"><span class='ocrx_word' id='word_1_108' title='bbox 103 1377 172 1428; x_wconf 84' lang='grc' dir='ltr'>λε</span> <span class='ocrx_word' id='word_1_109' title='bbox 187 1395 268 1431; x_wconf 87' lang='grc' dir='ltr'><strong>ιον</strong></span> <span class='ocrx_word' id='word_1_110' title='bbox 299 1380 482 1451; x_wconf 86' lang='grc' dir='ltr'>σάρκα</span> <span class='ocrx_word' id='word_1_111' title='bbox 520 1387 746 1458; x_wconf 82' lang='grc' dir='ltr'>ποιῆσαι</span> <span class='ocrx_word' id='word_1_112' title='bbox 790 1391 886 1446; x_wconf 79' lang='grc' dir='ltr'>τοῦ</span> <span class='ocrx_word' id='word_1_113' title='bbox 918 1395 1038 1460; x_wconf 82' lang='grc' dir='ltr'>ἑνὸς</span> <span class='ocrx_word' id='word_1_114' title='bbox 1058 1395 1328 1456; x_wconf 76' lang='grc' dir='ltr'>εἶναιτῶν</span> <span class='ocrx_word' id='word_1_115' title='bbox 1359 1404 1583 1460; x_wconf 80' lang='grc' dir='ltr'><strong>τελείων</strong></span> <span class='ocrx_word' id='word_1_116' title='bbox 1609 1410 1710 1479; x_wconf 85' lang='grc' dir='ltr'><strong>τῆς</strong></span> 
     </span>
    </p>
   </div>
   <div class='ocr_carea' id='block_1_16' title="bbox 104 1471 1706 1572">
    <p class='ocr_par' dir='ltr' id='par_1_16' title="bbox 104 1471 1706 1572">
     <span class='ocr_line' id='line_1_16' title="bbox 104 1471 1706 1572; baseline 0.023 -52"><span class='ocrx_word' id='word_1_117' title='bbox 104 1471 286 1572; x_wconf 56' lang='grc' dir='ltr'>ριγίας</span> <span class='ocrx_word' id='word_1_118' title='bbox 314 1473 544 1572; x_wconf 67' lang='grc' dir='ltr'>Τριάδος</span> <span class='ocrx_word' id='word_1_119' title='bbox 573 1479 744 1549; x_wconf 75' lang='grc' dir='ltr'>ἤγουν</span> <span class='ocrx_word' id='word_1_120' title='bbox 780 1483 1002 1551; x_wconf 78' lang='grc' dir='ltr'>ἑαυτοῦ,</span> <span class='ocrx_word' id='word_1_121' title='bbox 1043 1491 1134 1544; x_wconf 69' lang='grc' dir='ltr'><strong>καὶ</strong></span> <span class='ocrx_word' id='word_1_122' title='bbox 1163 1497 1262 1562; x_wconf 84' lang='grc' dir='ltr'><strong>τῆς</strong></span> <span class='ocrx_word' id='word_1_123' title='bbox 1297 1497 1504 1564; x_wconf 76' lang='grc' dir='ltr'><strong>οἰκείας</strong></span> <span class='ocrx_word' id='word_1_124' title='bbox 1537 1471 1706 1572; x_wconf 58' lang='grc' dir='ltr'><strong>μετά-ἰ</strong></span> 
     </span>
    </p>
   </div>
   <div class='ocr_carea' id='block_1_17' title="bbox 101 1561 1710 1664">
    <p class='ocr_par' dir='ltr' id='par_1_17' title="bbox 101 1561 1710 1664">
     <span class='ocr_line' id='line_1_17' title="bbox 101 1561 1710 1664; baseline 0.024 -53"><span class='ocrx_word' id='word_1_125' title='bbox 101 1561 326 1664; x_wconf 46' lang='grc' dir='ltr'><strong>ξοιθεῖν⁸</strong></span> <span class='ocrx_word' id='word_1_126' title='bbox 368 1565 743 1638; x_wconf 77' lang='grc' dir='ltr'><strong>τελειότητος·</strong></span> <span class='ocrx_word' id='word_1_127' title='bbox 769 1575 864 1628; x_wconf 70' lang='grc' dir='ltr'>καὶ</span> <span class='ocrx_word' id='word_1_128' title='bbox 901 1579 1039 1648; x_wconf 78' lang='grc' dir='ltr'>μετὰ</span> <span class='ocrx_word' id='word_1_129' title='bbox 1071 1577 1164 1636; x_wconf 80' lang='grc' dir='ltr'><strong>οὖν</strong></span> <span class='ocrx_word' id='word_1_130' title='bbox 1209 1561 1312 1648; x_wconf 83' lang='grc' dir='ltr'><strong>τὴν</strong></span> <span class='ocrx_word' id='word_1_131' title='bbox 1360 1589 1462 1660; x_wconf 82' lang='grc' dir='ltr'><strong>τῆς</strong></span> <span class='ocrx_word' id='word_1_132' title='bbox 1485 1561 1710 1664; x_wconf 32' lang='grc' dir='ltr'>’σαρκὸς</span> 
     </span>
    </p>
   </div>
   <div class='ocr_carea' id='block_1_18' title="bbox 102 1655 1707 1748">
    <p class='ocr_par' dir='ltr' id='par_1_18' title="bbox 102 1655 1707 1748">
     <span class='ocr_line' id='line_1_18' title="bbox 102 1655 1707 1748; baseline 0.021 -40"><span class='ocrx_word' id='word_1_133' title='bbox 102 1655 392 1748; x_wconf 65' lang='grc' dir='ltr'>ἀνάληψιν</span> <span class='ocrx_word' id='word_1_134' title='bbox 437 1661 640 1730; x_wconf 85' lang='grc' dir='ltr'>ὁμοίως</span> <span class='ocrx_word' id='word_1_135' title='bbox 677 1665 844 1720; x_wconf 86' lang='grc' dir='ltr'>πάλιν</span> <span class='ocrx_word' id='word_1_136' title='bbox 870 1671 968 1723; x_wconf 79' lang='grc' dir='ltr'><strong>σὺν</strong></span> <span class='ocrx_word' id='word_1_137' title='bbox 1003 1674 1139 1745; x_wconf 81' lang='grc' dir='ltr'>αὐτῇ</span> <span class='ocrx_word' id='word_1_138' title='bbox 1167 1678 1196 1730; x_wconf 82' lang='grc' dir='ltr'><strong>ὁ</strong></span> <span class='ocrx_word' id='word_1_139' title='bbox 1243 1655 1439 1748; x_wconf 69' lang='grc' dir='ltr'>Λόγος,</span> <span class='ocrx_word' id='word_1_140' title='bbox 1470 1678 1552 1748; x_wconf 78' lang='grc' dir='ltr'>εἷς</span> <span class='ocrx_word' id='word_1_141' title='bbox 1583 1655 1707 1740; x_wconf 60' lang='grc' dir='ltr'><strong>ἐστὶ</strong></span> 
     </span>
    </p>
   </div>
   <div class='ocr_carea' id='block_1_19' title="bbox 102 1747 1706 1851">
    <p class='ocr_par' dir='ltr' id='par_1_19' title="bbox 102 1747 1706 1851">
     <span class='ocr_line' id='line_1_19' title="bbox 102 1747 1706 1851; baseline 0.025 -57"><span class='ocrx_word' id='word_1_142' title='bbox 102 1749 222 1851; x_wconf 92' lang='grc' dir='ltr'><strong>ς</strong></span> <span class='ocrx_word' id='word_1_143' title='bbox 257 1747 690 1851; x_wconf 67' lang='grc' dir='ltr'>ἁγίαςτριάδος,</span> <span class='ocrx_word' id='word_1_144' title='bbox 723 1761 771 1812; x_wconf 82' lang='grc' dir='ltr'><strong>εί</strong></span> <span class='ocrx_word' id='word_1_145' title='bbox 797 1760 888 1814; x_wconf 80' lang='grc' dir='ltr'><strong>καὶ</strong></span> <span class='ocrx_word' id='word_1_146' title='bbox 917 1762 1104 1836; x_wconf 84' lang='grc' dir='ltr'>ὥσπερ</span> <span class='ocrx_word' id='word_1_147' title='bbox 1132 1767 1264 1833; x_wconf 87' lang='grc' dir='ltr'>Θεὸς</span> <span class='ocrx_word' id='word_1_148' title='bbox 1292 1767 1374 1836; x_wconf 74' lang='grc' dir='ltr'><strong>εἷς</strong></span> <span class='ocrx_word' id='word_1_149' title='bbox 1395 1747 1545 1830; x_wconf 79' lang='grc' dir='ltr'>ἐστιν</span> <span class='ocrx_word' id='word_1_150' title='bbox 1570 1779 1706 1851; x_wconf 84' lang='grc' dir='ltr'><strong>άλη-</strong></span> 
     </span>
    </p>
   </div>
   <div class='ocr_carea' id='block_1_20' title="bbox 104 1837 1702 1944">
    <p class='ocr_par' dir='ltr' id='par_1_20' title="bbox 104 1837 1702 1944">
     <span class='ocr_line' id='line_1_20' title="bbox 104 1837 1702 1944; baseline 0.02 -54"><span class='ocrx_word' id='word_1_151' title='bbox 104 1837 253 1902; x_wconf 81' lang='grc' dir='ltr'>θῶς,</span> <span class='ocrx_word' id='word_1_152' title='bbox 285 1843 378 1893; x_wconf 71' lang='grc' dir='ltr'><strong>καὶ</strong></span> <span class='ocrx_word' id='word_1_153' title='bbox 401 1843 476 1906; x_wconf 85' lang='grc' dir='ltr'>ὡς</span> <span class='ocrx_word' id='word_1_154' title='bbox 509 1847 798 1916; x_wconf 82' lang='grc' dir='ltr'>ὁμοούσιος</span> <span class='ocrx_word' id='word_1_155' title='bbox 843 1854 924 1926; x_wconf 82' lang='grc' dir='ltr'><strong>τῷ</strong></span> <span class='ocrx_word' id='word_1_156' title='bbox 961 1859 1158 1930; x_wconf 74' lang='grc' dir='ltr'>Πατρὶ,</span> <span class='ocrx_word' id='word_1_157' title='bbox 1187 1863 1475 1934; x_wconf 81' lang='grc' dir='ltr'>ὁμοούσιος</span> <span class='ocrx_word' id='word_1_158' title='bbox 1496 1873 1560 1942; x_wconf 84' lang='grc' dir='ltr'><strong>τῇ</strong></span> <span class='ocrx_word' id='word_1_159' title='bbox 1596 1837 1702 1944; x_wconf 63' lang='grc' dir='ltr'>μτί-</span> 
     </span>
    </p>
   </div>
   <div class='ocr_carea' id='block_1_21' title="bbox 109 1931 1704 2026">
    <p class='ocr_par' dir='ltr' id='par_1_21' title="bbox 109 1931 1704 2026">
     <span class='ocr_line' id='line_1_21' title="bbox 109 1931 1704 2026; baseline 0.026 -46"><span class='ocrx_word' id='word_1_160' title='bbox 109 1931 236 2026; x_wconf 34' lang='grc' dir='ltr'>τρὶ,</span> <span class='ocrx_word' id='word_1_161' title='bbox 274 1935 416 1988; x_wconf 79' lang='grc' dir='ltr'>κατά</span> <span class='ocrx_word' id='word_1_162' title='bbox 450 1936 510 1989; x_wconf 77' lang='grc' dir='ltr'><strong>τὸ</strong></span> <span class='ocrx_word' id='word_1_163' title='bbox 563 1939 844 2012; x_wconf 76' lang='grc' dir='ltr'><strong>ἑκατέροις</strong></span> <span class='ocrx_word' id='word_1_164' title='bbox 888 1947 1184 2018; x_wconf 73' lang='grc' dir='ltr'>ἀναλογοῦν</span> <span class='ocrx_word' id='word_1_165' title='bbox 1223 1931 1560 2026; x_wconf 34' lang='grc' dir='ltr'><strong>’ὑμοούσιονιΖ</strong></span> <span class='ocrx_word' id='word_1_166' title='bbox 1596 1931 1704 2019; x_wconf 50' lang='grc' dir='ltr'>’καὶ</span> 
     </span>
    </p>
   </div>
   <div class='ocr_carea' id='block_1_22' title="bbox 98 2023 1704 2124">
    <p class='ocr_par' dir='ltr' id='par_1_22' title="bbox 98 2023 1704 2120">
     <span class='ocr_line' id='line_1_22' title="bbox 98 2023 1704 2120; baseline 0.026 -46"><span class='ocrx_word' id='word_1_167' title='bbox 98 2023 297 2088; x_wconf 78' lang='grc' dir='ltr'>τοῦτο,</span> <span class='ocrx_word' id='word_1_168' title='bbox 332 2027 392 2080; x_wconf 91' lang='grc' dir='ltr'><strong>οὑ</strong></span> <span class='ocrx_word' id='word_1_169' title='bbox 429 2030 572 2084; x_wconf 83' lang='grc' dir='ltr'>κατά</span> <span class='ocrx_word' id='word_1_170' title='bbox 599 2033 697 2104; x_wconf 82' lang='grc' dir='ltr'>τὴν</span> <span class='ocrx_word' id='word_1_171' title='bbox 719 2037 886 2108; x_wconf 83' lang='grc' dir='ltr'>αὑτὴν</span> <span class='ocrx_word' id='word_1_172' title='bbox 913 2041 1026 2095; x_wconf 82' lang='grc' dir='ltr'>τῶν</span> <span class='ocrx_word' id='word_1_173' title='bbox 1058 2045 1116 2098; x_wconf 80' lang='grc' dir='ltr'>ὲν</span> <span class='ocrx_word' id='word_1_174' title='bbox 1141 2023 1291 2119; x_wconf 80' lang='grc' dir='ltr'><strong>αὑτῷ</strong></span> <span class='ocrx_word' id='word_1_175' title='bbox 1323 2051 1565 2120; x_wconf 80' lang='grc' dir='ltr'><strong>φύσεων·</strong></span> <span class='ocrx_word' id='word_1_176' title='bbox 1609 2063 1704 2114; x_wconf 77' lang='grc' dir='ltr'>καὶ</span> 
     </span>
    </p>
   </div>
   <div class='ocr_carea' id='block_1_23' title="bbox 100 2119 1703 2218">
    <p class='ocr_par' dir='ltr' id='par_1_23' title="bbox 100 2119 1703 2218">
     <span class='ocr_line' id='line_1_23' title="bbox 100 2119 1703 2218; baseline 0.024 -53"><span class='ocrx_word' id='word_1_177' title='bbox 100 2129 293 2168; x_wconf 85' lang='grc' dir='ltr'>ταυτα</span> <span class='ocrx_word' id='word_1_178' title='bbox 349 2119 446 2188; x_wconf 81' lang='grc' dir='ltr'><strong>μὲν</strong></span> <span class='ocrx_word' id='word_1_179' title='bbox 491 2121 696 2188; x_wconf 73' lang='grc' dir='ltr'>οὕτως·</span> <span class='ocrx_word' id='word_1_180' title='bbox 746 2127 812 2180; x_wconf 75' lang='grc' dir='ltr'><strong>τά</strong></span> <span class='ocrx_word' id='word_1_181' title='bbox 832 2129 887 2181; x_wconf 83' lang='grc' dir='ltr'><strong>δὲ</strong></span> <span class='ocrx_word' id='word_1_182' title='bbox 921 2132 1276 2204; x_wconf 82' lang='grc' dir='ltr'>ἁπεντεῦθεν,</span> <span class='ocrx_word' id='word_1_183' title='bbox 1323 2119 1528 2210; x_wconf 83' lang='grc' dir='ltr'>σκαιῶς</span> <span class='ocrx_word' id='word_1_184' title='bbox 1574 2148 1703 2218; x_wconf 85' lang='grc' dir='ltr'>ὑμῖν</span> 
     </span>
    </p>
   </div>
   <div class='ocr_carea' id='block_1_24' title="bbox 100 2207 1704 2306">
    <p class='ocr_par' dir='ltr' id='par_1_24' title="bbox 100 2207 1704 2306">
     <span class='ocr_line' id='line_1_24' title="bbox 100 2207 1704 2306; baseline 0.022 -47"><span class='ocrx_word' id='word_1_185' title='bbox 100 2207 240 2259; x_wconf 71' lang='grc' dir='ltr'>ἀντὶ</span> <span class='ocrx_word' id='word_1_186' title='bbox 279 2207 634 2278; x_wconf 75' lang='grc' dir='ltr'>ὑποστάσεως</span> <span class='ocrx_word' id='word_1_187' title='bbox 672 2219 770 2272; x_wconf 57' lang='grc' dir='ltr'><strong>τὶν</strong></span> <span class='ocrx_word' id='word_1_188' title='bbox 810 2221 974 2289; x_wconf 80' lang='grc' dir='ltr'>φύσιν</span> <span class='ocrx_word' id='word_1_189' title='bbox 1019 2231 1346 2300; x_wconf 80' lang='grc' dir='ltr'>παρεισάγει</span> <span class='ocrx_word' id='word_1_190' title='bbox 1387 2207 1548 2306; x_wconf 75' lang='grc' dir='ltr'>ἡμῖν·</span> <span class='ocrx_word' id='word_1_191' title='bbox 1584 2207 1704 2295; x_wconf 64' lang='grc' dir='ltr'>δεον</span> 
     </span>
    </p>
   </div>
   <div class='ocr_carea' id='block_1_25' title="bbox 100 2296 1702 2395">
    <p class='ocr_par' dir='ltr' id='par_1_25' title="bbox 100 2296 1702 2395">
     <span class='ocr_line' id='line_1_25' title="bbox 100 2296 1702 2395; baseline 0.025 -48"><span class='ocrx_word' id='word_1_192' title='bbox 100 2296 224 2368; x_wconf 77' lang='grc' dir='ltr'>γὰρ</span> <span class='ocrx_word' id='word_1_193' title='bbox 265 2301 407 2370; x_wconf 75' lang='grc' dir='ltr'>ὑμᾶς</span> <span class='ocrx_word' id='word_1_194' title='bbox 438 2305 747 2374; x_wconf 74' lang='grc' dir='ltr'>ἀκολούθως</span> <span class='ocrx_word' id='word_1_195' title='bbox 794 2296 1120 2385; x_wconf 35' lang='grc' dir='ltr'>ὲπαγαγεῖνζ</span> <span class='ocrx_word' id='word_1_196' title='bbox 1163 2296 1460 2395; x_wconf 25' lang='grc' dir='ltr'>ἵνανμηδεν</span> <span class='ocrx_word' id='word_1_197' title='bbox 1502 2329 1702 2386; x_wconf 84' lang='grc' dir='ltr'>ἄτοπον</span> 
     </span>
    </p>
   </div>
   <div class='ocr_carea' id='block_1_26' title="bbox 102 2397 1704 2490">
    <p class='ocr_par' dir='ltr' id='par_1_26' title="bbox 102 2397 1704 2490">
     <span class='ocr_line' id='line_1_26' title="bbox 102 2397 1704 2490; baseline 0.025 -49"><span class='ocrx_word' id='word_1_198' title='bbox 102 2397 420 2464; x_wconf 79' lang='grc' dir='ltr'>φανήσεται</span> <span class='ocrx_word' id='word_1_199' title='bbox 459 2397 664 2464; x_wconf 74' lang='grc' dir='ltr'>οὕτως·</span> <span class='ocrx_word' id='word_1_200' title='bbox 701 2405 795 2458; x_wconf 78' lang='grc' dir='ltr'><strong>καὶ</strong></span> <span class='ocrx_word' id='word_1_201' title='bbox 835 2409 884 2460; x_wconf 84' lang='grc' dir='ltr'><strong>εί</strong></span> <span class='ocrx_word' id='word_1_202' title='bbox 915 2408 1105 2483; x_wconf 84' lang='grc' dir='ltr'>ὥσπερ</span> <span class='ocrx_word' id='word_1_203' title='bbox 1135 2410 1216 2481; x_wconf 71' lang='grc' dir='ltr'>εἷς</span> <span class='ocrx_word' id='word_1_204' title='bbox 1245 2418 1412 2490; x_wconf 76' lang='grc' dir='ltr'>ἤγουν</span> <span class='ocrx_word' id='word_1_205' title='bbox 1449 2423 1547 2490; x_wconf 86' lang='grc' dir='ltr'><strong>μία</strong></span> <span class='ocrx_word' id='word_1_206' title='bbox 1574 2426 1704 2480; x_wconf 76' lang='grc' dir='ltr'><strong>ὑπό-</strong></span> 
     </span>
    </p>
   </div>
   <div class='ocr_carea' id='block_1_27' title="bbox 101 2487 1702 2584">
    <p class='ocr_par' dir='ltr' id='par_1_27' title="bbox 101 2487 1702 2584">
     <span class='ocr_line' id='line_1_27' title="bbox 101 2487 1702 2584; baseline 0.024 -51"><span class='ocrx_word' id='word_1_207' title='bbox 101 2500 308 2584; x_wconf 63' lang='grc' dir='ltr'>στασις</span> <span class='ocrx_word' id='word_1_208' title='bbox 355 2487 464 2541; x_wconf 80' lang='grc' dir='ltr'><strong>τῶν</strong></span> <span class='ocrx_word' id='word_1_209' title='bbox 502 2493 670 2562; x_wconf 85' lang='grc' dir='ltr'>τριῶν</span> <span class='ocrx_word' id='word_1_210' title='bbox 722 2496 1074 2558; x_wconf 88' lang='grc' dir='ltr'>ὑποστάσεων</span> <span class='ocrx_word' id='word_1_211' title='bbox 1119 2506 1221 2576; x_wconf 81' lang='grc' dir='ltr'>τῆς</span> <span class='ocrx_word' id='word_1_212' title='bbox 1267 2487 1462 2576; x_wconf 35' lang='grc' dir='ltr'>’θείας-</span> <span class='ocrx_word' id='word_1_213' title='bbox 1487 2514 1702 2584; x_wconf 74' lang='grc' dir='ltr'>φύσεώς</span> 
     </span>
    </p>
   </div>
   <div class='ocr_carea' id='block_1_28' title="bbox 100 2574 1703 2664">
    <p class='ocr_par' dir='ltr' id='par_1_28' title="bbox 100 2574 1703 2664">
     <span class='ocr_line' id='line_1_28' title="bbox 100 2574 1703 2664; baseline 0.024 -41"><span class='ocrx_word' id='word_1_214' title='bbox 100 2574 254 2636; x_wconf 77' lang='grc' dir='ltr'>ἐστι,</span> <span class='ocrx_word' id='word_1_215' title='bbox 292 2575 468 2640; x_wconf 78' lang='grc' dir='ltr'>οὑτως</span> <span class='ocrx_word' id='word_1_216' title='bbox 505 2581 600 2634; x_wconf 72' lang='grc' dir='ltr'>καὶ</span> <span class='ocrx_word' id='word_1_217' title='bbox 639 2578 720 2648; x_wconf 71' lang='grc' dir='ltr'>εἷς</span> <span class='ocrx_word' id='word_1_218' title='bbox 773 2587 941 2658; x_wconf 74' lang='grc' dir='ltr'>ἤγουν</span> <span class='ocrx_word' id='word_1_219' title='bbox 974 2592 1072 2661; x_wconf 87' lang='grc' dir='ltr'><strong>μία</strong></span> <span class='ocrx_word' id='word_1_220' title='bbox 1109 2595 1407 2664; x_wconf 78' lang='grc' dir='ltr'>ὑπόστασις</span> <span class='ocrx_word' id='word_1_221' title='bbox 1439 2605 1548 2658; x_wconf 85' lang='grc' dir='ltr'>τῶν</span> <span class='ocrx_word' id='word_1_222' title='bbox 1575 2574 1703 2662; x_wconf 50' lang='grc' dir='ltr'>πολί</span> 
     </span>
    </p>
   </div>
   <div class='ocr_carea' id='block_1_29' title="bbox 99 2664 1702 2773">
    <p class='ocr_par' dir='ltr' id='par_1_29' title="bbox 99 2664 1702 2773">
     <span class='ocr_line' id='line_1_29' title="bbox 99 2664 1702 2773; baseline 0.024 -58"><span class='ocrx_word' id='word_1_223' title='bbox 99 2664 362 2773; x_wconf 47' lang='lat'><strong>1:33-1:71;</strong></span> <span class='ocrx_word' id='word_1_224' title='bbox 413 2671 762 2746; x_wconf 80' lang='grc' dir='ltr'>ἀνθρωπίνης</span> <span class='ocrx_word' id='word_1_225' title='bbox 808 2680 1024 2748; x_wconf 80' lang='grc' dir='ltr'>φύσεώς</span> <span class='ocrx_word' id='word_1_226' title='bbox 1051 2687 1186 2748; x_wconf 75' lang='grc' dir='ltr'>ἐστι·</span> <span class='ocrx_word' id='word_1_227' title='bbox 1230 2689 1430 2746; x_wconf 81' lang='grc' dir='ltr'>ἔστιδὲ</span> <span class='ocrx_word' id='word_1_228' title='bbox 1469 2699 1568 2768; x_wconf 86' lang='grc' dir='ltr'><strong>μία</strong></span> <span class='ocrx_word' id='word_1_229' title='bbox 1604 2703 1702 2773; x_wconf 77' lang='grc' dir='ltr'>τῆς</span> 
     </span>
    </p>
   </div>
   <div class='ocr_carea' id='block_1_30' title="bbox 103 2759 1700 2858">
    <p class='ocr_par' dir='ltr' id='par_1_30' title="bbox 103 2759 1700 2858">
     <span class='ocr_line' id='line_1_30' title="bbox 103 2759 1700 2858; baseline 0.025 -51"><span class='ocrx_word' id='word_1_230' title='bbox 103 2759 345 2830; x_wconf 78' lang='grc' dir='ltr'>Τριάδος</span> <span class='ocrx_word' id='word_1_231' title='bbox 399 2763 508 2816; x_wconf 83' lang='grc' dir='ltr'>τῶν</span> <span class='ocrx_word' id='word_1_232' title='bbox 557 2767 911 2827; x_wconf 76' lang='grc' dir='ltr'>ὑποστάσεων</span> <span class='ocrx_word' id='word_1_233' title='bbox 945 2777 1066 2830; x_wconf 69' lang='grc' dir='ltr'>καθ’</span> <span class='ocrx_word' id='word_1_234' title='bbox 1102 2781 1398 2838; x_wconf 82' lang='grc' dir='ltr'>ὑπόστασιν</span> <span class='ocrx_word' id='word_1_235' title='bbox 1426 2759 1523 2858; x_wconf 53' lang='grc' dir='ltr'>τήν</span> <span class='ocrx_word' id='word_1_236' title='bbox 1561 2759 1700 2848; x_wconf 61' lang='grc' dir='ltr'>κατά</span> 
     </span>
    </p>
   </div>
   <div class='ocr_carea' id='block_1_31' title="bbox 102 2847 1701 2945">
    <p class='ocr_par' dir='ltr' id='par_1_31' title="bbox 102 2847 1701 2945">
     <span class='ocr_line' id='line_1_31' title="bbox 102 2847 1701 2945; baseline 0.021 -47"><span class='ocrx_word' id='word_1_237' title='bbox 102 2847 215 2945; x_wconf 54' lang='grc' dir='ltr'><strong>τὴν</strong></span> <span class='ocrx_word' id='word_1_238' title='bbox 253 2849 488 2945; x_wconf 55' lang='grc' dir='ltr'>θεοῖ-ητὰ</span> <span class='ocrx_word' id='word_1_239' title='bbox 539 2872 596 2908; x_wconf 88' lang='grc' dir='ltr'>τε</span> <span class='ocrx_word' id='word_1_240' title='bbox 656 2860 748 2912; x_wconf 78' lang='grc' dir='ltr'><strong>καὶ</strong></span> <span class='ocrx_word' id='word_1_241' title='bbox 803 2862 1220 2940; x_wconf 81' lang='grc' dir='ltr'>ἀνθρωπότητα,</span> <span class='ocrx_word' id='word_1_242' title='bbox 1278 2871 1430 2926; x_wconf 81' lang='grc' dir='ltr'>ἔσται</span> <span class='ocrx_word' id='word_1_243' title='bbox 1461 2847 1568 2945; x_wconf 77' lang='grc' dir='ltr'><strong>άρα</strong></span> <span class='ocrx_word' id='word_1_244' title='bbox 1608 2847 1701 2932; x_wconf 65' lang='grc' dir='ltr'><strong>και</strong></span> 
     </span>
    </p>
   </div>
   <div class='ocr_carea' id='block_1_32' title="bbox 107 2938 1700 3032">
    <p class='ocr_par' dir='ltr' id='par_1_32' title="bbox 107 2938 1700 3032">
     <span class='ocr_line' id='line_1_32' title="bbox 107 2938 1700 3032; baseline 0.023 -44"><span class='ocrx_word' id='word_1_245' title='bbox 107 2938 220 3010; x_wconf 81' lang='grc' dir='ltr'><strong>μία</strong></span> <span class='ocrx_word' id='word_1_246' title='bbox 269 2941 375 2995; x_wconf 85' lang='grc' dir='ltr'>τῶν</span> <span class='ocrx_word' id='word_1_247' title='bbox 433 2945 788 3002; x_wconf 87' lang='grc' dir='ltr'>ὑποστάσεων</span> <span class='ocrx_word' id='word_1_248' title='bbox 822 2953 921 3022; x_wconf 80' lang='grc' dir='ltr'><strong>τῆς</strong></span> <span class='ocrx_word' id='word_1_249' title='bbox 953 2955 1374 3032; x_wconf 81' lang='grc' dir='ltr'>ἀνθρωπότητος</span> <span class='ocrx_word' id='word_1_250' title='bbox 1401 2967 1524 3019; x_wconf 88' lang='grc' dir='ltr'>καθ’</span> <span class='ocrx_word' id='word_1_251' title='bbox 1569 2970 1700 3022; x_wconf 77' lang='grc' dir='ltr'>υπό-</span> 
     </span>
    </p>
   </div>
   <div class='ocr_carea' id='block_1_33' title="bbox 106 3035 1699 3130">
    <p class='ocr_par' dir='ltr' id='par_1_33' title="bbox 106 3035 1699 3130">
     <span class='ocr_line' id='line_1_33' title="bbox 106 3035 1699 3130; baseline 0.023 -48"><span class='ocrx_word' id='word_1_252' title='bbox 106 3048 310 3085; x_wconf 85' lang='grc' dir='ltr'>στασιν</span> <span class='ocrx_word' id='word_1_253' title='bbox 352 3035 450 3106; x_wconf 80' lang='grc' dir='ltr'><strong>τὴν</strong></span> <span class='ocrx_word' id='word_1_254' title='bbox 490 3039 633 3092; x_wconf 73' lang='grc' dir='ltr'>κατὰ</span> <span class='ocrx_word' id='word_1_255' title='bbox 679 3041 910 3112; x_wconf 79' lang='grc' dir='ltr'>θεότητά</span> <span class='ocrx_word' id='word_1_256' title='bbox 939 3064 996 3098; x_wconf 87' lang='grc' dir='ltr'>τε</span> <span class='ocrx_word' id='word_1_257' title='bbox 1037 3051 1130 3102; x_wconf 74' lang='grc' dir='ltr'><strong>καὶ</strong></span> <span class='ocrx_word' id='word_1_258' title='bbox 1171 3053 1567 3130; x_wconf 75' lang='grc' dir='ltr'>ἀνθρωττὸτητα</span> <span class='ocrx_word' id='word_1_259' title='bbox 1597 3079 1608 3091; x_wconf 90' lang='grc'><strong>·</strong></span> <span class='ocrx_word' id='word_1_260' title='bbox 1642 3065 1699 3117; x_wconf 81' lang='grc' dir='ltr'>ὲν</span> 
     </span>
    </p>
   </div>
   <div class='ocr_carea' id='block_1_34' title="bbox 108 3127 1701 3221">
    <p class='ocr_par' dir='ltr' id='par_1_34' title="bbox 108 3127 1700 3221">
     <span class='ocr_line' id='line_1_34' title="bbox 108 3127 1700 3221; baseline 0.021 -42"><span class='ocrx_word' id='word_1_261' title='bbox 108 3127 221 3197; x_wconf 76' lang='grc' dir='ltr'><strong>μὲν</strong></span> <span class='ocrx_word' id='word_1_262' title='bbox 243 3132 362 3194; x_wconf 79' lang='grc' dir='ltr'>ταῖς</span> <span class='ocrx_word' id='word_1_263' title='bbox 391 3132 584 3198; x_wconf 82' lang='grc' dir='ltr'>θείαις,</span> <span class='ocrx_word' id='word_1_264' title='bbox 609 3135 696 3189; x_wconf 70' lang='grc' dir='ltr'><strong>διὰ</strong></span> <span class='ocrx_word' id='word_1_265' title='bbox 715 3137 823 3192; x_wconf 79' lang='grc' dir='ltr'><strong>τῶν</strong></span> <span class='ocrx_word' id='word_1_266' title='bbox 845 3141 1201 3211; x_wconf 82' lang='grc' dir='ltr'>ἀνθρωπίνων</span> <span class='ocrx_word' id='word_1_267' title='bbox 1229 3127 1534 3221; x_wconf 74' lang='grc' dir='ltr'>ἰδιωμάτων</span> <span class='ocrx_word' id='word_1_268' title='bbox 1562 3159 1700 3212; x_wconf 81' lang='grc' dir='ltr'>κατά</span> 
     </span>
    </p>
   </div>
   <div class='ocr_carea' id='block_1_35' title="bbox 1806 3127 2481 3221">
    <p class='ocr_par' dir='ltr' id='par_1_35' title="bbox 1806 3127 2481 3198">
     <span class='ocr_line' id='line_1_35' title="bbox 1806 3127 2481 3198; baseline -0.004 -14"><span class='ocrx_word' id='word_1_269' title='bbox 1806 3144 2080 3198; x_wconf 89' lang='lat' dir='ltr'><strong>cameque</strong></span> <span class='ocrx_word' id='word_1_270' title='bbox 2121 3127 2427 3183; x_wconf 86' lang='lat' dir='ltr'><strong>constantis</strong></span> <span class='ocrx_word' id='word_1_271' title='bbox 2471 3147 2481 3181; x_wconf 95' lang='lat'><strong>:</strong></span> 
     </span>
    </p>
   </div>
   <div class='ocr_carea' id='block_1_36' title="bbox 106 3221 1697 3320">
    <p class='ocr_par' dir='ltr' id='par_1_36' title="bbox 106 3221 1697 3320">
     <span class='ocr_line' id='line_1_36' title="bbox 106 3221 1697 3320; baseline 0.021 -49"><span class='ocrx_word' id='word_1_272' title='bbox 106 3221 283 3287; x_wconf 79' lang='grc' dir='ltr'>φύσιν</span> <span class='ocrx_word' id='word_1_273' title='bbox 326 3223 719 3290; x_wconf 80' lang='grc' dir='ltr'>πλεονάζουσα,</span> <span class='ocrx_word' id='word_1_274' title='bbox 781 3232 876 3284; x_wconf 75' lang='grc' dir='ltr'>καὶ</span> <span class='ocrx_word' id='word_1_275' title='bbox 927 3235 984 3286; x_wconf 84' lang='grc' dir='ltr'>ὲν</span> <span class='ocrx_word' id='word_1_276' title='bbox 1035 3240 1152 3300; x_wconf 84' lang='grc' dir='ltr'>ταῖς</span> <span class='ocrx_word' id='word_1_277' title='bbox 1193 3241 1588 3314; x_wconf 82' lang='grc' dir='ltr'>ἀνθρωπίναις,</span> <span class='ocrx_word' id='word_1_278' title='bbox 1621 3250 1697 3320; x_wconf 81' lang='grc' dir='ltr'><strong>τῷ</strong></span> 
     </span>
    </p>
   </div>
   <div class='ocr_carea' id='block_1_37' title="bbox 106 3312 1694 3410">
    <p class='ocr_par' dir='ltr' id='par_1_37' title="bbox 106 3312 1694 3410">
     <span class='ocr_line' id='line_1_37' title="bbox 106 3312 1694 3410; baseline 0.018 -46"><span class='ocrx_word' id='word_1_279' title='bbox 106 3312 249 3382; x_wconf 78' lang='grc' dir='ltr'>θείῳ</span> <span class='ocrx_word' id='word_1_280' title='bbox 285 3315 536 3386; x_wconf 80' lang='grc' dir='ltr'>ἰδιώματι</span> <span class='ocrx_word' id='word_1_281' title='bbox 563 3320 906 3393; x_wconf 74' lang='grc' dir='ltr'>ὑπερέχουσα</span> <span class='ocrx_word' id='word_1_282' title='bbox 933 3344 944 3357; x_wconf 96' lang='grc'><strong>·</strong></span> <span class='ocrx_word' id='word_1_283' title='bbox 983 3327 1098 3382; x_wconf 80' lang='grc' dir='ltr'><strong>ἀλλ’</strong></span> <span class='ocrx_word' id='word_1_284' title='bbox 1147 3312 1304 3400; x_wconf 83' lang='grc' dir='ltr'>ὑμεῖς</span> <span class='ocrx_word' id='word_1_285' title='bbox 1356 3335 1416 3392; x_wconf 76' lang='grc' dir='ltr'><strong>τὸ</strong></span> <span class='ocrx_word' id='word_1_286' title='bbox 1467 3312 1694 3410; x_wconf 14' lang='grc' dir='ltr'>μὲνήτῆς</span> 
     </span>
    </p>
   </div>
   <div class='ocr_carea' id='block_1_38' title="bbox 109 3403 1696 3502">
    <p class='ocr_par' dir='ltr' id='par_1_38' title="bbox 109 3403 1696 3502">
     <span class='ocr_line' id='line_1_38' title="bbox 109 3403 1696 3502; baseline 0.02 -49"><span class='ocrx_word' id='word_1_287' title='bbox 109 3403 472 3470; x_wconf 72' lang='grc' dir='ltr'>ὑποστάσεως</span> <span class='ocrx_word' id='word_1_288' title='bbox 497 3410 828 3481; x_wconf 77' lang='grc' dir='ltr'>ἐσιγήσατε·</span> <span class='ocrx_word' id='word_1_289' title='bbox 859 3457 871 3470; x_wconf 94' lang='grc'><strong>.</strong></span> <span class='ocrx_word' id='word_1_290' title='bbox 914 3455 928 3471; x_wconf 92' lang='grc'><strong>.</strong></span> <span class='ocrx_word' id='word_1_291' title='bbox 973 3459 987 3475; x_wconf 92' lang='grc'><strong>.</strong></span> <span class='ocrx_word' id='word_1_292' title='bbox 1023 3418 1214 3490; x_wconf 79' lang='grc' dir='ltr'>ὄνομα.</span> <span class='ocrx_word' id='word_1_293' title='bbox 1268 3463 1280 3476; x_wconf 96' lang='grc'><strong>.</strong></span> <span class='ocrx_word' id='word_1_294' title='bbox 1327 3462 1342 3478; x_wconf 94' lang='grc'><strong>.</strong></span> <span class='ocrx_word' id='word_1_295' title='bbox 1372 3403 1696 3502; x_wconf 38' lang='grc' dir='ltr'>ἵνα-τροπήν</span> 
     </span>
    </p>
   </div>
   <div class='ocr_carea' id='block_1_39' title="bbox 107 3499 1696 3591">
    <p class='ocr_par' dir='ltr' id='par_1_39' title="bbox 107 3499 1696 3591">
     <span class='ocr_line' id='line_1_39' title="bbox 107 3499 1696 3591; baseline 0.015 -44"><span class='ocrx_word' id='word_1_296' title='bbox 107 3499 214 3548; x_wconf 71' lang='grc' dir='ltr'><strong>καὶ</strong></span> <span class='ocrx_word' id='word_1_297' title='bbox 263 3503 646 3573; x_wconf 77' lang='grc' dir='ltr'>καταστροφὴν</span> <span class='ocrx_word' id='word_1_298' title='bbox 697 3508 930 3578; x_wconf 78' lang='grc' dir='ltr'>φυσικὴν</span> <span class='ocrx_word' id='word_1_299' title='bbox 992 3512 1084 3564; x_wconf 77' lang='grc' dir='ltr'><strong>καὶ</strong></span> <span class='ocrx_word' id='word_1_300' title='bbox 1131 3517 1245 3577; x_wconf 82' lang='grc' dir='ltr'>τοῖς</span> <span class='ocrx_word' id='word_1_301' title='bbox 1274 3499 1536 3584; x_wconf 78' lang='grc' dir='ltr'>λέγουσιν</span> <span class='ocrx_word' id='word_1_302' title='bbox 1565 3499 1696 3591; x_wconf 70' lang='grc' dir='ltr'>ἡμίν</span> 
     </span>
    </p>
   </div>
   <div class='ocr_carea' id='block_1_40' title="bbox 107 3589 1696 3682">
    <p class='ocr_par' dir='ltr' id='par_1_40' title="bbox 107 3589 1696 3682">
     <span class='ocr_line' id='line_1_40' title="bbox 107 3589 1696 3682; baseline 0.018 -44"><span class='ocrx_word' id='word_1_303' title='bbox 107 3589 486 3661; x_wconf 82' lang='grc' dir='ltr'>ὑποστατικὴν</span> <span class='ocrx_word' id='word_1_304' title='bbox 509 3591 645 3648; x_wconf 72' lang='grc' dir='ltr'>εἷναι</span> <span class='ocrx_word' id='word_1_305' title='bbox 670 3596 764 3666; x_wconf 82' lang='grc' dir='ltr'>τὴν</span> <span class='ocrx_word' id='word_1_306' title='bbox 795 3598 1096 3672; x_wconf 79' lang='grc' dir='ltr'>άσὺγχυτον</span> <span class='ocrx_word' id='word_1_307' title='bbox 1131 3604 1326 3660; x_wconf 76' lang='grc' dir='ltr'>ἕνωσιν</span> <span class='ocrx_word' id='word_1_308' title='bbox 1347 3609 1456 3662; x_wconf 84' lang='grc' dir='ltr'>τῶν</span> <span class='ocrx_word' id='word_1_309' title='bbox 1479 3589 1696 3682; x_wconf 68' lang='grc' dir='ltr'>φύσεων</span> 
     </span>
    </p>
   </div>
   <div class='ocr_carea' id='block_1_41' title="bbox 110 3681 1690 3774">
    <p class='ocr_par' dir='ltr' id='par_1_41' title="bbox 110 3681 1690 3774">
     <span class='ocr_line' id='line_1_41' title="bbox 110 3681 1690 3774; baseline 0.02 -44"><span class='ocrx_word' id='word_1_310' title='bbox 110 3681 480 3754; x_wconf 78' lang='grc' dir='ltr'>ἐγκαλέσητε,</span> <span class='ocrx_word' id='word_1_311' title='bbox 519 3687 707 3760; x_wconf 81' lang='grc' dir='ltr'>ὥσπερ</span> <span class='ocrx_word' id='word_1_312' title='bbox 746 3694 860 3757; x_wconf 87' lang='grc' dir='ltr'>τοῖς</span> <span class='ocrx_word' id='word_1_313' title='bbox 914 3698 1053 3750; x_wconf 77' lang='grc' dir='ltr'>κατὰ</span> <span class='ocrx_word' id='word_1_314' title='bbox 1100 3699 1230 3770; x_wconf 78' lang='grc' dir='ltr'>μίαν</span> <span class='ocrx_word' id='word_1_315' title='bbox 1259 3701 1418 3769; x_wconf 69' lang='grc' dir='ltr'>φύσιν</span> <span class='ocrx_word' id='word_1_316' title='bbox 1441 3707 1690 3774; x_wconf 84' lang='grc' dir='ltr'>γενέσθαι</span> 
     </span>
    </p>
   </div>
   <div class='ocr_carea' id='block_1_42' title="bbox 104 3772 768 3847">
    <p class='ocr_par' dir='ltr' id='par_1_42' title="bbox 104 3772 768 3847">
     <span class='ocr_line' id='line_1_42' title="bbox 104 3772 768 3847; baseline 0.02 -21"><span class='ocrx_word' id='word_1_317' title='bbox 104 3772 214 3846; x_wconf 82' lang='grc' dir='ltr'><strong>τὴν</strong></span> <span class='ocrx_word' id='word_1_318' title='bbox 255 3773 446 3830; x_wconf 75' lang='grc' dir='ltr'>ἕνωσιν</span> <span class='ocrx_word' id='word_1_319' title='bbox 480 3779 768 3847; x_wconf 66' lang='grc' dir='ltr'>φάσκουσι.</span> 
     </span>
    </p>
   </div>
   <div class='ocr_carea' id='block_1_43' title="bbox 716 4029 1090 4086">
    <p class='ocr_par' dir='ltr' id='par_1_43' title="bbox 716 4029 1090 4086">
     <span class='ocr_line' id='line_1_43' title="bbox 716 4029 1090 4086; baseline 0.016 -7"><span class='ocrx_word' id='word_1_320' title='bbox 716 4029 968 4083; x_wconf 76' lang='grc' dir='ltr'><strong>ΚΕΦΑΛ.</strong></span> <span class='ocrx_word' id='word_1_321' title='bbox 1017 4033 1090 4086; x_wconf 67' lang='grc' dir='ltr'>ιιι.</span> 
     </span>
    </p>
   </div>
   <div class='ocr_carea' id='block_1_44' title="bbox 185 4134 1694 4214">
    <p class='ocr_par' dir='ltr' id='par_1_44' title="bbox 185 4134 1694 4214">
     <span class='ocr_line' id='line_1_44' title="bbox 185 4134 1694 4214; baseline 0.011 -28"><span class='ocrx_word' id='word_1_322' title='bbox 185 4134 346 4188; x_wconf 74' lang='grc' dir='ltr'><strong>Κατὰ</strong></span> <span class='ocrx_word' id='word_1_323' title='bbox 375 4135 581 4208; x_wconf 83' lang='grc' dir='ltr'>ταύτην</span> <span class='ocrx_word' id='word_1_324' title='bbox 632 4139 728 4200; x_wconf 75' lang='grc' dir='ltr'>τὴν</span> <span class='ocrx_word' id='word_1_325' title='bbox 775 4141 1094 4196; x_wconf 73' lang='grc' dir='ltr'>ἀκολουθίαν</span> <span class='ocrx_word' id='word_1_326' title='bbox 1151 4145 1246 4198; x_wconf 72' lang='grc' dir='ltr'>καὶ</span> <span class='ocrx_word' id='word_1_327' title='bbox 1295 4146 1381 4209; x_wconf 81' lang='grc' dir='ltr'><strong>τὸ,</strong></span> <span class='ocrx_word' id='word_1_328' title='bbox 1415 4149 1546 4214; x_wconf 73' lang='grc' dir='ltr'>Θεδς</span> <span class='ocrx_word' id='word_1_329' title='bbox 1599 4151 1694 4202; x_wconf 81' lang='grc' dir='ltr'><strong>πέ-</strong></span> 
     </span>
    </p>
   </div>
   <div class='ocr_carea' id='block_1_45' title="bbox 109 4226 1696 4308">
    <p class='ocr_par' dir='ltr' id='par_1_45' title="bbox 109 4226 1696 4308">
     <span class='ocr_line' id='line_1_45' title="bbox 109 4226 1696 4308; baseline 0.009 -30"><span class='ocrx_word' id='word_1_330' title='bbox 109 4226 280 4279; x_wconf 79' lang='grc' dir='ltr'>πονθε</span> <span class='ocrx_word' id='word_1_331' title='bbox 317 4229 502 4296; x_wconf 73' lang='grc' dir='ltr'>σαρκὶ,</span> <span class='ocrx_word' id='word_1_332' title='bbox 543 4229 637 4282; x_wconf 74' lang='grc' dir='ltr'><strong>καὶ</strong></span> <span class='ocrx_word' id='word_1_333' title='bbox 687 4233 716 4284; x_wconf 86' lang='grc' dir='ltr'>ὁ</span> <span class='ocrx_word' id='word_1_334' title='bbox 763 4231 954 4300; x_wconf 78' lang='grc' dir='ltr'>Λόγος,</span> <span class='ocrx_word' id='word_1_335' title='bbox 1014 4235 1110 4288; x_wconf 74' lang='grc' dir='ltr'><strong>καὶ</strong></span> <span class='ocrx_word' id='word_1_336' title='bbox 1155 4238 1183 4290; x_wconf 86' lang='grc' dir='ltr'>ὁ</span> <span class='ocrx_word' id='word_1_337' title='bbox 1219 4237 1476 4308; x_wconf 82' lang='grc' dir='ltr'>Χριστὸς,</span> <span class='ocrx_word' id='word_1_338' title='bbox 1526 4239 1619 4292; x_wconf 78' lang='grc' dir='ltr'>καὶ</span> <span class='ocrx_word' id='word_1_339' title='bbox 1667 4242 1696 4293; x_wconf 89' lang='grc' dir='ltr'>ὁ</span> 
     </span>
    </p>
   </div>
   <div class='ocr_carea' id='block_1_46' title="bbox 108 4317 1696 4403">
    <p class='ocr_par' dir='ltr' id='par_1_46' title="bbox 108 4317 1696 4403">
     <span class='ocr_line' id='line_1_46' title="bbox 108 4317 1696 4403; baseline 0.011 -35"><span class='ocrx_word' id='word_1_340' title='bbox 108 4317 245 4380; x_wconf 73' lang='grc' dir='ltr'>Υἱὸς</span> <span class='ocrx_word' id='word_1_341' title='bbox 284 4319 631 4382; x_wconf 80' lang='grc' dir='ltr'>ἐξεταστέον·</span> <span class='ocrx_word' id='word_1_342' title='bbox 689 4322 722 4392; x_wconf 83' lang='grc' dir='ltr'>ἦ</span> <span class='ocrx_word' id='word_1_343' title='bbox 760 4325 870 4394; x_wconf 75' lang='grc' dir='ltr'><strong>γὰρ</strong></span> <span class='ocrx_word' id='word_1_344' title='bbox 907 4325 1305 4397; x_wconf 76' lang='grc' dir='ltr'>περιλαμϐάνει</span> <span class='ocrx_word' id='word_1_345' title='bbox 1352 4329 1420 4384; x_wconf 75' lang='grc' dir='ltr'><strong>τὰ</strong></span> <span class='ocrx_word' id='word_1_346' title='bbox 1455 4331 1696 4403; x_wconf 83' lang='grc' dir='ltr'>ὀνόματα</span> 
     </span>
    </p>
   </div>
   <div class='ocr_carea' id='block_1_47' title="bbox 107 4411 1696 4496">
    <p class='ocr_par' dir='ltr' id='par_1_47' title="bbox 107 4411 1696 4496">
     <span class='ocr_line' id='line_1_47' title="bbox 107 4411 1696 4496; baseline 0.011 -35"><span class='ocrx_word' id='word_1_347' title='bbox 107 4411 286 4462; x_wconf 73' lang='grc' dir='ltr'>ταῦτα</span> <span class='ocrx_word' id='word_1_348' title='bbox 308 4414 374 4481; x_wconf 83' lang='grc' dir='ltr'>τῇ</span> <span class='ocrx_word' id='word_1_349' title='bbox 405 4413 652 4484; x_wconf 71' lang='grc' dir='ltr'>σημασία</span> <span class='ocrx_word' id='word_1_350' title='bbox 677 4413 744 4466; x_wconf 71' lang='grc' dir='ltr'><strong>τὰ</strong></span> <span class='ocrx_word' id='word_1_351' title='bbox 766 4414 879 4479; x_wconf 80' lang='grc' dir='ltr'>δύο,</span> <span class='ocrx_word' id='word_1_352' title='bbox 913 4416 944 4487; x_wconf 81' lang='grc' dir='ltr'><strong>ἢ</strong></span> <span class='ocrx_word' id='word_1_353' title='bbox 977 4416 1037 4470; x_wconf 81' lang='grc' dir='ltr'>οὔ</span> <span class='ocrx_word' id='word_1_354' title='bbox 1057 4434 1071 4447; x_wconf 89' lang='grc'><strong>·</strong></span> <span class='ocrx_word' id='word_1_355' title='bbox 1102 4421 1150 4471; x_wconf 83' lang='grc' dir='ltr'><strong>εί</strong></span> <span class='ocrx_word' id='word_1_356' title='bbox 1183 4419 1283 4489; x_wconf 76' lang='grc' dir='ltr'><strong>μὲν</strong></span> <span class='ocrx_word' id='word_1_357' title='bbox 1317 4416 1410 4474; x_wconf 71' lang='grc' dir='ltr'>οὖν</span> <span class='ocrx_word' id='word_1_358' title='bbox 1457 4423 1518 4475; x_wconf 88' lang='grc' dir='ltr'><strong>οὑ</strong></span> <span class='ocrx_word' id='word_1_359' title='bbox 1546 4441 1696 4496; x_wconf 88' lang='grc' dir='ltr'>περι-</span> 
     </span>
    </p>
   </div>
   <div class='ocr_carea' id='block_1_48' title="bbox 1818 546 3400 620">
    <p class='ocr_par' dir='ltr' id='par_1_48' title="bbox 1818 546 3400 620">
     <span class='ocr_line' id='line_1_48' title="bbox 1818 546 3400 620; baseline -0.004 -12"><span class='ocrx_word' id='word_1_360' title='bbox 1818 555 2019 620; x_wconf 88' lang='lat' dir='ltr'><strong>nitate,</strong></span> <span class='ocrx_word' id='word_1_361' title='bbox 2061 554 2136 609; x_wconf 89' lang='lat' dir='ltr'><strong>ita</strong></span> <span class='ocrx_word' id='word_1_362' title='bbox 2178 563 2233 608; x_wconf 87' lang='lat' dir='ltr'><strong>et</strong></span> <span class='ocrx_word' id='word_1_363' title='bbox 2271 570 2414 609; x_wconf 88' lang='lat' dir='ltr'><strong>unus</strong></span> <span class='ocrx_word' id='word_1_364' title='bbox 2444 553 2514 608; x_wconf 89' lang='lat' dir='ltr'><strong>de</strong></span> <span class='ocrx_word' id='word_1_365' title='bbox 2550 563 2748 608; x_wconf 87' lang='lat' dir='ltr'><strong>natura</strong></span> <span class='ocrx_word' id='word_1_366' title='bbox 2782 549 3064 606; x_wconf 85' lang='lat' dir='ltr'><strong>humana?</strong></span> <span class='ocrx_word' id='word_1_367' title='bbox 3093 549 3323 614; x_wconf 88' lang='lat' dir='ltr'><strong>Iterum,</strong></span> <span class='ocrx_word' id='word_1_368' title='bbox 3353 546 3400 602; x_wconf 92' lang='lat' dir='ltr'><strong>si</strong></span> 
     </span>
    </p>
   </div>
   <div class='ocr_carea' id='block_1_49' title="bbox 1817 640 3402 702">
    <p class='ocr_par' dir='ltr' id='par_1_49' title="bbox 1817 640 3402 702">
     <span class='ocr_line' id='line_1_49' title="bbox 1817 640 3402 702; baseline -0.004 0"><span class='ocrx_word' id='word_1_369' title='bbox 1817 647 1891 702; x_wconf 91' lang='lat' dir='ltr'><strong>sit</strong></span> <span class='ocrx_word' id='word_1_370' title='bbox 1944 647 2012 700; x_wconf 91' lang='lat' dir='ltr'><strong>de</strong></span> <span class='ocrx_word' id='word_1_371' title='bbox 2049 647 2318 702; x_wconf 87' lang='lat' dir='ltr'><strong>Trinitate</strong></span> <span class='ocrx_word' id='word_1_372' title='bbox 2364 654 2420 700; x_wconf 91' lang='lat' dir='ltr'><strong>et</strong></span> <span class='ocrx_word' id='word_1_373' title='bbox 2467 645 2676 700; x_wconf 94' lang='lat' dir='ltr'><strong>ratione</strong></span> <span class='ocrx_word' id='word_1_374' title='bbox 2723 641 3033 698; x_wconf 72' lang='lat' dir='ltr'><strong>divinitatis</strong></span> <span class='ocrx_word' id='word_1_375' title='bbox 3078 648 3136 696; x_wconf 88' lang='lat' dir='ltr'><strong>et</strong></span> <span class='ocrx_word' id='word_1_376' title='bbox 3182 640 3402 696; x_wconf 83' lang='lat' dir='ltr'><strong>ratione</strong></span> 
     </span>
    </p>
   </div>
   <div class='ocr_carea' id='block_1_50' title="bbox 1816 734 3397 807">
    <p class='ocr_par' dir='ltr' id='par_1_50' title="bbox 1816 734 3397 807">
     <span class='ocr_line' id='line_1_50' title="bbox 1816 734 3397 807; baseline -0.004 -15"><span class='ocrx_word' id='word_1_377' title='bbox 1816 738 2020 802; x_wconf 85' lang='lat' dir='ltr'><strong>carnis,</strong></span> <span class='ocrx_word' id='word_1_378' title='bbox 2054 738 2334 807; x_wconf 89' lang='lat' dir='ltr'><strong>quomodo</strong></span> <span class='ocrx_word' id='word_1_379' title='bbox 2361 753 2470 792; x_wconf 89' lang='lat' dir='ltr'><strong>non</strong></span> <span class='ocrx_word' id='word_1_380' title='bbox 2499 735 2607 790; x_wconf 90' lang='lat' dir='ltr'><strong>erit</strong></span> <span class='ocrx_word' id='word_1_381' title='bbox 2635 736 2704 791; x_wconf 90' lang='lat' dir='ltr'><strong>dc</strong></span> <span class='ocrx_word' id='word_1_382' title='bbox 2733 744 2932 790; x_wconf 88' lang='lat' dir='ltr'><strong>natura</strong></span> <span class='ocrx_word' id='word_1_383' title='bbox 2959 734 3201 788; x_wconf 89' lang='lat' dir='ltr'><strong>humana</strong></span> <span class='ocrx_word' id='word_1_384' title='bbox 3226 741 3282 788; x_wconf 90' lang='lat' dir='ltr'><strong>et</strong></span> <span class='ocrx_word' id='word_1_385' title='bbox 3305 747 3397 786; x_wconf 87' lang='lat' dir='ltr'><strong>ra-</strong></span> 
     </span>
    </p>
   </div>
   <div class='ocr_carea' id='block_1_51' title="bbox 1816 826 3395 896">
    <p class='ocr_par' dir='ltr' id='par_1_51' title="bbox 1816 826 3395 896">
     <span class='ocr_line' id='line_1_51' title="bbox 1816 826 3395 896; baseline -0.006 -10"><span class='ocrx_word' id='word_1_386' title='bbox 1816 831 1966 886; x_wconf 77' lang='lat' dir='ltr'><strong>tione</strong></span> <span class='ocrx_word' id='word_1_387' title='bbox 1995 829 2303 886; x_wconf 84' lang='lat' dir='ltr'><strong>divinitatis</strong></span> <span class='ocrx_word' id='word_1_388' title='bbox 2332 838 2387 885; x_wconf 89' lang='lat' dir='ltr'><strong>et</strong></span> <span class='ocrx_word' id='word_1_389' title='bbox 2412 831 2622 885; x_wconf 82' lang='lat' dir='ltr'><strong>ratione</strong></span> <span class='ocrx_word' id='word_1_390' title='bbox 2651 827 2874 884; x_wconf 84' lang='lat' dir='ltr'><strong>carnis?</strong></span> <span class='ocrx_word' id='word_1_391' title='bbox 2900 827 2968 882; x_wconf 87' lang='lat' dir='ltr'><strong>Ut</strong></span> <span class='ocrx_word' id='word_1_392' title='bbox 2994 841 3158 896; x_wconf 87' lang='lat' dir='ltr'><strong>supra</strong></span> <span class='ocrx_word' id='word_1_393' title='bbox 3185 826 3395 880; x_wconf 89' lang='lat' dir='ltr'><strong>dictum</strong></span> 
     </span>
    </p>
   </div>
   <div class='ocr_carea' id='block_1_52' title="bbox 1815 917 3394 991">
    <p class='ocr_par' dir='ltr' id='par_1_52' title="bbox 1815 917 3394 991">
     <span class='ocr_line' id='line_1_52' title="bbox 1815 917 3394 991; baseline -0.006 -11"><span class='ocrx_word' id='word_1_394' title='bbox 1815 933 1920 991; x_wconf 91' lang='lat' dir='ltr'><strong>est,</strong></span> <span class='ocrx_word' id='word_1_395' title='bbox 1964 939 2074 978; x_wconf 91' lang='lat' dir='ltr'><strong>non</strong></span> <span class='ocrx_word' id='word_1_396' title='bbox 2122 940 2190 979; x_wconf 89' lang='lat' dir='ltr'><strong>eo</strong></span> <span class='ocrx_word' id='word_1_397' title='bbox 2242 939 2408 978; x_wconf 86' lang='lat' dir='ltr'><strong>sensu</strong></span> <span class='ocrx_word' id='word_1_398' title='bbox 2457 922 2695 978; x_wconf 84' lang='lat' dir='ltr'><strong>Verbum</strong></span> <span class='ocrx_word' id='word_1_399' title='bbox 2741 936 2809 976; x_wconf 82' lang='lat' dir='ltr'><strong>ex</strong></span> <span class='ocrx_word' id='word_1_400' title='bbox 2851 934 3017 974; x_wconf 89' lang='lat' dir='ltr'><strong>carne</strong></span> <span class='ocrx_word' id='word_1_401' title='bbox 3059 917 3394 988; x_wconf 88' lang='lat' dir='ltr'><strong>completum</strong></span> 
     </span>
    </p>
   </div>
   <div class='ocr_carea' id='block_1_53' title="bbox 1813 1007 3394 1086">
    <p class='ocr_par' dir='ltr' id='par_1_53' title="bbox 1813 1007 3394 1086">
     <span class='ocr_line' id='line_1_53' title="bbox 1813 1007 3394 1086; baseline -0.005 -16"><span class='ocrx_word' id='word_1_402' title='bbox 1813 1025 1918 1082; x_wconf 89' lang='lat' dir='ltr'><strong>est,</strong></span> <span class='ocrx_word' id='word_1_403' title='bbox 1945 1015 2092 1086; x_wconf 85' lang='lat' dir='ltr'><strong>quod</strong></span> <span class='ocrx_word' id='word_1_404' title='bbox 2120 1015 2517 1086; x_wconf 78' lang='lat' dir='ltr'><strong>perfectionem</strong></span> <span class='ocrx_word' id='word_1_405' title='bbox 2543 1029 2652 1084; x_wconf 88' lang='lat' dir='ltr'><strong>qua</strong></span> <span class='ocrx_word' id='word_1_406' title='bbox 2682 1013 2909 1068; x_wconf 80' lang='lat' dir='ltr'><strong>carebat</strong></span> <span class='ocrx_word' id='word_1_407' title='bbox 2939 1009 3280 1080; x_wconf 84' lang='lat' dir='ltr'><strong>acquisierit,</strong></span> <span class='ocrx_word' id='word_1_408' title='bbox 3305 1007 3394 1062; x_wconf 90' lang='lat' dir='ltr'><strong>vel</strong></span> 
     </span>
    </p>
   </div>
   <div class='ocr_carea' id='block_1_54' title="bbox 1813 1103 3396 1177">
    <p class='ocr_par' dir='ltr' id='par_1_54' title="bbox 1813 1103 3396 1177">
     <span class='ocr_line' id='line_1_54' title="bbox 1813 1103 3396 1177; baseline -0.003 -18"><span class='ocrx_word' id='word_1_409' title='bbox 1813 1105 2020 1161; x_wconf 83' lang='lat' dir='ltr'><strong>factum</strong></span> <span class='ocrx_word' id='word_1_410' title='bbox 2061 1106 2134 1161; x_wconf 89' lang='lat' dir='ltr'><strong>sit</strong></span> <span class='ocrx_word' id='word_1_411' title='bbox 2167 1107 2316 1177; x_wconf 87' lang='lat' dir='ltr'><strong>q‘uod</strong></span> <span class='ocrx_word' id='word_1_412' title='bbox 2339 1123 2448 1160; x_wconf 90' lang='lat' dir='ltr'><strong>non</strong></span> <span class='ocrx_word' id='word_1_413' title='bbox 2477 1116 2596 1162; x_wconf 86' lang='lat' dir='ltr'><strong>erat</strong></span> <span class='ocrx_word' id='word_1_414' title='bbox 2623 1106 2762 1174; x_wconf 85' lang='lat' dir='ltr'><strong>(erat</strong></span> <span class='ocrx_word' id='word_1_415' title='bbox 2787 1105 2938 1160; x_wconf 89' lang='lat' dir='ltr'><strong>enim</strong></span> <span class='ocrx_word' id='word_1_416' title='bbox 2967 1105 3134 1160; x_wconf 88' lang='lat' dir='ltr'><strong>etiam</strong></span> <span class='ocrx_word' id='word_1_417' title='bbox 3158 1111 3284 1158; x_wconf 88' lang='lat' dir='ltr'><strong>ante</strong></span> <span class='ocrx_word' id='word_1_418' title='bbox 3311 1103 3396 1157; x_wconf 84' lang='lat' dir='ltr'><strong>in-</strong></span> 
     </span>
    </p>
   </div>
   <div class='ocr_carea' id='block_1_55' title="bbox 1813 1193 3391 1265">
    <p class='ocr_par' dir='ltr' id='par_1_55' title="bbox 1813 1193 3391 1265">
     <span class='ocr_line' id='line_1_55' title="bbox 1813 1193 3391 1265; baseline 0 -17"><span class='ocrx_word' id='word_1_419' title='bbox 1813 1193 2193 1250; x_wconf 89' lang='lat' dir='ltr'><strong>carnationem</strong></span> <span class='ocrx_word' id='word_1_420' title='bbox 2255 1194 2535 1265; x_wconf 79' lang='lat' dir='ltr'><strong>perfectus</strong></span> <span class='ocrx_word' id='word_1_421' title='bbox 2590 1195 2680 1250; x_wconf 90' lang='lat' dir='ltr'><strong>ille</strong></span> <span class='ocrx_word' id='word_1_422' title='bbox 2734 1211 2878 1250; x_wconf 87' lang='lat' dir='ltr'><strong>unus</strong></span> <span class='ocrx_word' id='word_1_423' title='bbox 2924 1194 2993 1249; x_wconf 90' lang='lat' dir='ltr'><strong>de</strong></span> <span class='ocrx_word' id='word_1_424' title='bbox 3049 1194 3391 1248; x_wconf 87' lang='lat' dir='ltr'><strong>sanctissima</strong></span> 
     </span>
    </p>
   </div>
   <div class='ocr_carea' id='block_1_56' title="bbox 1813 1284 3391 1354">
    <p class='ocr_par' dir='ltr' id='par_1_56' title="bbox 1813 1284 3391 1354">
     <span class='ocr_line' id='line_1_56' title="bbox 1813 1284 3391 1354; baseline -0.001 -14"><span class='ocrx_word' id='word_1_425' title='bbox 1813 1284 2142 1354; x_wconf 89' lang='lat' dir='ltr'><strong>Trinitate);</strong></span> <span class='ocrx_word' id='word_1_426' title='bbox 2174 1302 2368 1341; x_wconf 90' lang='lat' dir='ltr'><strong>verum</strong></span> <span class='ocrx_word' id='word_1_427' title='bbox 2395 1303 2426 1342; x_wconf 92' lang='lat' dir='ltr'><strong>e</strong></span> <span class='ocrx_word' id='word_1_428' title='bbox 2457 1295 2673 1354; x_wconf 77' lang='lat' dir='ltr'><strong>contra,</strong></span> <span class='ocrx_word' id='word_1_429' title='bbox 2707 1296 2768 1341; x_wconf 90' lang='lat' dir='ltr'><strong>ut</strong></span> <span class='ocrx_word' id='word_1_430' title='bbox 2798 1303 3042 1354; x_wconf 86' lang='lat' dir='ltr'><strong>carnem,</strong></span> <span class='ocrx_word' id='word_1_431' title='bbox 3074 1287 3298 1342; x_wconf 83' lang='lat' dir='ltr'><strong>relative</strong></span> <span class='ocrx_word' id='word_1_432' title='bbox 3323 1285 3391 1339; x_wconf 79' lang='lat' dir='ltr'><strong>ad</strong></span> 
     </span>
    </p>
   </div>
   <div class='ocr_carea' id='block_1_57' title="bbox 1811 1379 3389 1450">
    <p class='ocr_par' dir='ltr' id='par_1_57' title="bbox 1811 1379 3389 1450">
     <span class='ocr_line' id='line_1_57' title="bbox 1811 1379 3389 1450; baseline 0.001 -17"><span class='ocrx_word' id='word_1_433' title='bbox 1811 1379 1986 1435; x_wconf 88' lang='lat' dir='ltr'><strong>Deum</strong></span> <span class='ocrx_word' id='word_1_434' title='bbox 2025 1379 2424 1450; x_wconf 74' lang='lat' dir='ltr'><strong>imperfectam,</strong></span> <span class='ocrx_word' id='word_1_435' title='bbox 2456 1391 2770 1436; x_wconf 87' lang='lat' dir='ltr'><strong>consortem</strong></span> <span class='ocrx_word' id='word_1_436' title='bbox 2811 1381 3012 1438; x_wconf 84' lang='lat' dir='ltr'><strong>faceret</strong></span> <span class='ocrx_word' id='word_1_437' title='bbox 3042 1381 3209 1437; x_wconf 89' lang='lat' dir='ltr'><strong>unius</strong></span> <span class='ocrx_word' id='word_1_438' title='bbox 3237 1397 3389 1436; x_wconf 81' lang='lat' dir='ltr'><strong>com-</strong></span> 
     </span>
    </p>
   </div>
   <div class='ocr_carea' id='block_1_58' title="bbox 1810 1469 3389 1542">
    <p class='ocr_par' dir='ltr' id='par_1_58' title="bbox 1810 1469 3389 1542">
     <span class='ocr_line' id='line_1_58' title="bbox 1810 1469 3389 1542; baseline 0.001 -18"><span class='ocrx_word' id='word_1_439' title='bbox 1810 1470 2085 1540; x_wconf 88' lang='lat' dir='ltr'><strong>pletorum</strong></span> <span class='ocrx_word' id='word_1_440' title='bbox 2123 1469 2222 1526; x_wconf 90' lang='lat' dir='ltr'><strong>SS.</strong></span> <span class='ocrx_word' id='word_1_441' title='bbox 2257 1471 2546 1528; x_wconf 82' lang='lat' dir='ltr'><strong>Trinitatis</strong></span> <span class='ocrx_word' id='word_1_442' title='bbox 2577 1473 3018 1542; x_wconf 89' lang='lat' dir='ltr'><strong>suppositorum,</strong></span> <span class='ocrx_word' id='word_1_443' title='bbox 3059 1473 3274 1529; x_wconf 81' lang='lat' dir='ltr'><strong>scilicet</strong></span> <span class='ocrx_word' id='word_1_444' title='bbox 3302 1473 3389 1527; x_wconf 90' lang='lat' dir='ltr'><strong>sui</strong></span> 
     </span>
    </p>
   </div>
   <div class='ocr_carea' id='block_1_59' title="bbox 1811 1565 3390 1638">
    <p class='ocr_par' dir='ltr' id='par_1_59' title="bbox 1811 1565 3390 1638">
     <span class='ocr_line' id='line_1_59' title="bbox 1811 1565 3390 1638; baseline 0.001 -19"><span class='ocrx_word' id='word_1_445' title='bbox 1811 1565 2005 1636; x_wconf 89' lang='lat' dir='ltr'><strong>ipsius,</strong></span> <span class='ocrx_word' id='word_1_446' title='bbox 2035 1575 2093 1620; x_wconf 91' lang='lat' dir='ltr'><strong>et</strong></span> <span class='ocrx_word' id='word_1_447' title='bbox 2121 1581 2234 1621; x_wconf 69' lang='lat' dir='ltr'><strong>suae</strong></span> <span class='ocrx_word' id='word_1_448' title='bbox 2258 1565 2496 1636; x_wconf 69' lang='lat' dir='ltr'><strong>propriae</strong></span> <span class='ocrx_word' id='word_1_449' title='bbox 2523 1566 2848 1636; x_wconf 88' lang='lat' dir='ltr'><strong>participem</strong></span> <span class='ocrx_word' id='word_1_450' title='bbox 2877 1566 3254 1638; x_wconf 82' lang='lat' dir='ltr'><strong>perfectionis.</strong></span> <span class='ocrx_word' id='word_1_451' title='bbox 3280 1566 3390 1620; x_wconf 86' lang='lat' dir='ltr'><strong>Ita-</strong></span> 
     </span>
    </p>
   </div>
   <div class='ocr_carea' id='block_1_60' title="bbox 1809 1657 3390 1728">
    <p class='ocr_par' dir='ltr' id='par_1_60' title="bbox 1809 1657 3390 1728">
     <span class='ocr_line' id='line_1_60' title="bbox 1809 1657 3390 1728; baseline -0.001 -17"><span class='ocrx_word' id='word_1_452' title='bbox 1809 1671 1940 1728; x_wconf 87' lang='lat' dir='ltr'><strong>que,</strong></span> <span class='ocrx_word' id='word_1_453' title='bbox 1974 1657 2140 1712; x_wconf 91' lang='lat' dir='ltr'><strong>etiam</strong></span> <span class='ocrx_word' id='word_1_454' title='bbox 2171 1664 2297 1728; x_wconf 88' lang='lat' dir='ltr'><strong>post</strong></span> <span class='ocrx_word' id='word_1_455' title='bbox 2335 1657 2519 1712; x_wconf 90' lang='lat' dir='ltr'><strong>carnis</strong></span> <span class='ocrx_word' id='word_1_456' title='bbox 2561 1659 3021 1728; x_wconf 85' lang='lat' dir='ltr'><strong>assumptionem,</strong></span> <span class='ocrx_word' id='word_1_457' title='bbox 3052 1657 3236 1713; x_wconf 85' lang='lat' dir='ltr'><strong>adhuc</strong></span> <span class='ocrx_word' id='word_1_458' title='bbox 3265 1672 3390 1710; x_wconf 88' lang='lat' dir='ltr'><strong>cum</strong></span> 
     </span>
    </p>
   </div>
   <div class='ocr_carea' id='block_1_61' title="bbox 1809 1747 3388 1817">
    <p class='ocr_par' dir='ltr' id='par_1_61' title="bbox 1809 1747 3388 1817">
     <span class='ocr_line' id='line_1_61' title="bbox 1809 1747 3388 1817; baseline 0 -15"><span class='ocrx_word' id='word_1_459' title='bbox 1809 1764 1875 1804; x_wconf 89' lang='lat' dir='ltr'><strong>ea</strong></span> <span class='ocrx_word' id='word_1_460' title='bbox 1907 1748 2151 1804; x_wconf 89' lang='lat' dir='ltr'><strong>Verbum</strong></span> <span class='ocrx_word' id='word_1_461' title='bbox 2180 1763 2326 1804; x_wconf 89' lang='lat' dir='ltr'><strong>unus</strong></span> <span class='ocrx_word' id='word_1_462' title='bbox 2351 1756 2437 1804; x_wconf 89' lang='lat' dir='ltr'><strong>est</strong></span> <span class='ocrx_word' id='word_1_463' title='bbox 2457 1747 2525 1803; x_wconf 91' lang='lat' dir='ltr'><strong>de</strong></span> <span class='ocrx_word' id='word_1_464' title='bbox 2547 1747 2892 1803; x_wconf 89' lang='lat' dir='ltr'><strong>sanctissima</strong></span> <span class='ocrx_word' id='word_1_465' title='bbox 2917 1747 3211 1814; x_wconf 84' lang='lat' dir='ltr'><strong>Trinitate,</strong></span> <span class='ocrx_word' id='word_1_466' title='bbox 3235 1747 3388 1817; x_wconf 82' lang='lat' dir='ltr'><strong>quia,</strong></span> 
     </span>
    </p>
   </div>
   <div class='ocr_carea' id='block_1_62' title="bbox 1741 1809 3388 1912">
    <p class='ocr_par' dir='ltr' id='par_1_62' title="bbox 1741 1809 3388 1912">
     <span class='ocr_line' id='line_1_62' title="bbox 1741 1809 3388 1912; baseline -0.001 -16"><span class='ocrx_word' id='word_1_467' title='bbox 1741 1809 1782 1867; x_wconf 72' lang='grc' dir='ltr'><strong>Β</strong></span> <span class='ocrx_word' id='word_1_468' title='bbox 1813 1848 2072 1912; x_wconf 89' lang='lat' dir='ltr'><strong>tanquam</strong></span> <span class='ocrx_word' id='word_1_469' title='bbox 2113 1841 2278 1906; x_wconf 88' lang='lat' dir='ltr'><strong>Deus,</strong></span> <span class='ocrx_word' id='word_1_470' title='bbox 2313 1855 2442 1895; x_wconf 76' lang='lat' dir='ltr'><strong>vere</strong></span> <span class='ocrx_word' id='word_1_471' title='bbox 2481 1855 2630 1896; x_wconf 90' lang='lat' dir='ltr'><strong>unus</strong></span> <span class='ocrx_word' id='word_1_472' title='bbox 2666 1847 2778 1906; x_wconf 88' lang='lat' dir='ltr'><strong>est;</strong></span> <span class='ocrx_word' id='word_1_473' title='bbox 2827 1855 2912 1907; x_wconf 91' lang='lat' dir='ltr'><strong>ac,</strong></span> <span class='ocrx_word' id='word_1_474' title='bbox 2960 1841 3108 1896; x_wconf 86' lang='lat' dir='ltr'><strong>sicut</strong></span> <span class='ocrx_word' id='word_1_475' title='bbox 3147 1841 3388 1897; x_wconf 84' lang='lat' dir='ltr'><strong>consub-</strong></span> 
     </span>
    </p>
   </div>
   <div class='ocr_carea' id='block_1_63' title="bbox 1805 1932 3384 2000">
    <p class='ocr_par' dir='ltr' id='par_1_63' title="bbox 1805 1932 3384 2000">
     <span class='ocr_line' id='line_1_63' title="bbox 1805 1932 3384 2000; baseline -0.003 -10"><span class='ocrx_word' id='word_1_476' title='bbox 1805 1933 2080 1990; x_wconf 86' lang='lat' dir='ltr'><strong>stantialis</strong></span> <span class='ocrx_word' id='word_1_477' title='bbox 2126 1940 2214 1988; x_wconf 91' lang='lat' dir='ltr'><strong>est</strong></span> <span class='ocrx_word' id='word_1_478' title='bbox 2252 1933 2424 2000; x_wconf 86' lang='lat' dir='ltr'><strong>Patri,</strong></span> <span class='ocrx_word' id='word_1_479' title='bbox 2466 1932 2546 1988; x_wconf 87' lang='lat' dir='ltr'><strong>ita</strong></span> <span class='ocrx_word' id='word_1_480' title='bbox 2572 1932 3066 1990; x_wconf 84' lang='lat' dir='ltr'><strong>consubstantialis</strong></span> <span class='ocrx_word' id='word_1_481' title='bbox 3106 1941 3163 1989; x_wconf 91' lang='lat' dir='ltr'><strong>et</strong></span> <span class='ocrx_word' id='word_1_482' title='bbox 3197 1932 3384 1996; x_wconf 87' lang='lat' dir='ltr'><strong>matri,</strong></span> 
     </span>
    </p>
   </div>
   <div class='ocr_carea' id='block_1_64' title="bbox 1805 2026 3387 2098">
    <p class='ocr_par' dir='ltr' id='par_1_64' title="bbox 1805 2026 3387 2098">
     <span class='ocr_line' id='line_1_64' title="bbox 1805 2026 3387 2098; baseline -0.001 -16"><span class='ocrx_word' id='word_1_483' title='bbox 1805 2027 2378 2084; x_wconf 87' lang='lat' dir='ltr'><strong>consubstantialitate</strong></span> <span class='ocrx_word' id='word_1_484' title='bbox 2430 2026 2654 2098; x_wconf 87' lang='lat' dir='ltr'><strong>utrique</strong></span> <span class='ocrx_word' id='word_1_485' title='bbox 2703 2041 2983 2098; x_wconf 76' lang='lat' dir='ltr'><strong>congrua,</strong></span> <span class='ocrx_word' id='word_1_486' title='bbox 3034 2041 3146 2084; x_wconf 86' lang='lat' dir='ltr'><strong>non</strong></span> <span class='ocrx_word' id='word_1_487' title='bbox 3201 2035 3387 2081; x_wconf 88' lang='lat' dir='ltr'><strong>tamen</strong></span> 
     </span>
    </p>
   </div>
   <div class='ocr_carea' id='block_1_65' title="bbox 1805 2117 3384 2188">
    <p class='ocr_par' dir='ltr' id='par_1_65' title="bbox 1805 2117 3384 2188">
     <span class='ocr_line' id='line_1_65' title="bbox 1805 2117 3384 2188; baseline -0.001 -16"><span class='ocrx_word' id='word_1_488' title='bbox 1805 2119 2110 2188; x_wconf 89' lang='lat' dir='ltr'><strong>respective</strong></span> <span class='ocrx_word' id='word_1_489' title='bbox 2137 2117 2206 2174; x_wconf 89' lang='lat' dir='ltr'><strong>ad</strong></span> <span class='ocrx_word' id='word_1_490' title='bbox 2235 2133 2399 2173; x_wconf 88' lang='lat' dir='ltr'><strong>unam</strong></span> <span class='ocrx_word' id='word_1_491' title='bbox 2422 2125 2480 2174; x_wconf 92' lang='lat' dir='ltr'><strong>et</strong></span> <span class='ocrx_word' id='word_1_492' title='bbox 2505 2118 2756 2174; x_wconf 85' lang='lat' dir='ltr'><strong>eamdem</strong></span> <span class='ocrx_word' id='word_1_493' title='bbox 2784 2134 3009 2173; x_wconf 89' lang='lat' dir='ltr'><strong>suarum</strong></span> <span class='ocrx_word' id='word_1_494' title='bbox 3037 2127 3384 2174; x_wconf 86' lang='lat' dir='ltr'><strong>naturarum.</strong></span> 
     </span>
    </p>
   </div>
   <div class='ocr_carea' id='block_1_66' title="bbox 1804 2209 3388 2282">
    <p class='ocr_par' dir='ltr' id='par_1_66' title="bbox 1804 2209 3388 2282">
     <span class='ocr_line' id='line_1_66' title="bbox 1804 2209 3388 2282; baseline -0.002 -15"><span class='ocrx_word' id='word_1_495' title='bbox 1804 2213 1873 2268; x_wconf 89' lang='lat' dir='ltr'><strong>Et</strong></span> <span class='ocrx_word' id='word_1_496' title='bbox 1905 2212 2128 2282; x_wconf 89' lang='lat' dir='ltr'><strong>quidem</strong></span> <span class='ocrx_word' id='word_1_497' title='bbox 2155 2211 2230 2268; x_wconf 88' lang='lat' dir='ltr'><strong>ita</strong></span> <span class='ocrx_word' id='word_1_498' title='bbox 2254 2227 2312 2266; x_wconf 90' lang='lat' dir='ltr'><strong>se</strong></span> <span class='ocrx_word' id='word_1_499' title='bbox 2345 2226 2437 2266; x_wconf 87' lang='lat' dir='ltr'><strong>res</strong></span> <span class='ocrx_word' id='word_1_500' title='bbox 2464 2210 2694 2265; x_wconf 89' lang='lat' dir='ltr'><strong>habent.</strong></span> <span class='ocrx_word' id='word_1_501' title='bbox 2721 2209 2802 2265; x_wconf 81' lang='lat' dir='ltr'><strong>Ex</strong></span> <span class='ocrx_word' id='word_1_502' title='bbox 2830 2210 2898 2265; x_wconf 90' lang='lat' dir='ltr'><strong>iis</strong></span> <span class='ocrx_word' id='word_1_503' title='bbox 2921 2221 3105 2266; x_wconf 88' lang='lat' dir='ltr'><strong>autem</strong></span> <span class='ocrx_word' id='word_1_504' title='bbox 3131 2211 3270 2265; x_wconf 90' lang='lat' dir='ltr'><strong>male</strong></span> <span class='ocrx_word' id='word_1_505' title='bbox 3301 2209 3388 2265; x_wconf 87' lang='lat' dir='ltr'><strong>in-</strong></span> 
     </span>
    </p>
   </div>
   <div class='ocr_carea' id='block_1_67' title="bbox 1805 2303 3383 2374">
    <p class='ocr_par' dir='ltr' id='par_1_67' title="bbox 1805 2303 3383 2374">
     <span class='ocr_line' id='line_1_67' title="bbox 1805 2303 3383 2374; baseline -0.002 -14"><span class='ocrx_word' id='word_1_506' title='bbox 1805 2305 2072 2360; x_wconf 88' lang='lat' dir='ltr'><strong>ducimini</strong></span> <span class='ocrx_word' id='word_1_507' title='bbox 2099 2304 2168 2360; x_wconf 88' lang='lat' dir='ltr'><strong>ad</strong></span> <span class='ocrx_word' id='word_1_508' title='bbox 2201 2303 2646 2360; x_wconf 86' lang='lat' dir='ltr'><strong>substituendam</strong></span> <span class='ocrx_word' id='word_1_509' title='bbox 2679 2303 2882 2372; x_wconf 87' lang='lat' dir='ltr'><strong>ubique</strong></span> <span class='ocrx_word' id='word_1_510' title='bbox 2913 2303 3192 2374; x_wconf 90' lang='lat' dir='ltr'><strong>hypostasi</strong></span> <span class='ocrx_word' id='word_1_511' title='bbox 3219 2311 3383 2358; x_wconf 84' lang='lat' dir='ltr'><strong>natu-</strong></span> 
     </span>
    </p>
   </div>
   <div class='ocr_carea' id='block_1_68' title="bbox 1803 2392 3384 2466">
    <p class='ocr_par' dir='ltr' id='par_1_68' title="bbox 1803 2392 3384 2466">
     <span class='ocr_line' id='line_1_68' title="bbox 1803 2392 3384 2466; baseline -0.001 -16"><span class='ocrx_word' id='word_1_512' title='bbox 1803 2411 1940 2450; x_wconf 87' lang='lat' dir='ltr'><strong>ram.</strong></span> <span class='ocrx_word' id='word_1_513' title='bbox 1973 2395 2204 2466; x_wconf 84' lang='lat' dir='ltr'><strong>Oportet</strong></span> <span class='ocrx_word' id='word_1_514' title='bbox 2224 2395 2374 2450; x_wconf 90' lang='lat' dir='ltr'><strong>enim</strong></span> <span class='ocrx_word' id='word_1_515' title='bbox 2397 2409 2496 2449; x_wconf 89' lang='lat' dir='ltr'><strong>vos</strong></span> <span class='ocrx_word' id='word_1_516' title='bbox 2516 2392 2605 2465; x_wconf 90' lang='lat' dir='ltr'><strong>(ne</strong></span> <span class='ocrx_word' id='word_1_517' title='bbox 2627 2394 2759 2464; x_wconf 85' lang='lat' dir='ltr'><strong>quid</strong></span> <span class='ocrx_word' id='word_1_518' title='bbox 2783 2393 3087 2449; x_wconf 88' lang='lat' dir='ltr'><strong>absurdum</strong></span> <span class='ocrx_word' id='word_1_519' title='bbox 3108 2393 3384 2464; x_wconf 82' lang='lat' dir='ltr'><strong>videatur)</strong></span> 
     </span>
    </p>
   </div>
   <div class='ocr_carea' id='block_1_69' title="bbox 1803 2487 3386 2549">
    <p class='ocr_par' dir='ltr' id='par_1_69' title="bbox 1803 2487 3386 2549">
     <span class='ocr_line' id='line_1_69' title="bbox 1803 2487 3386 2549; baseline 0.001 -8"><span class='ocrx_word' id='word_1_520' title='bbox 1803 2487 1948 2542; x_wconf 88' lang='lat' dir='ltr'><strong>hanc</strong></span> <span class='ocrx_word' id='word_1_521' title='bbox 1991 2487 2196 2542; x_wconf 80' lang='lat' dir='ltr'><strong>inferre</strong></span> <span class='ocrx_word' id='word_1_522' title='bbox 2242 2487 2693 2543; x_wconf 86' lang='lat' dir='ltr'><strong>conclusionem:</strong></span> <span class='ocrx_word' id='word_1_523' title='bbox 2737 2503 2864 2542; x_wconf 92' lang='lat' dir='ltr'><strong>cum</strong></span> <span class='ocrx_word' id='word_1_524' title='bbox 2919 2487 3064 2544; x_wconf 88' lang='lat' dir='ltr'><strong>sicut</strong></span> <span class='ocrx_word' id='word_1_525' title='bbox 3111 2503 3276 2549; x_wconf 87' lang='lat' dir='ltr'><strong>unus,</strong></span> <span class='ocrx_word' id='word_1_526' title='bbox 3328 2487 3386 2542; x_wconf 87' lang='lat' dir='ltr'><strong>id</strong></span> 
     </span>
    </p>
   </div>
   <div class='ocr_carea' id='block_1_70' title="bbox 1803 2579 3387 2651">
    <p class='ocr_par' dir='ltr' id='par_1_70' title="bbox 1803 2579 3387 2651">
     <span class='ocr_line' id='line_1_70' title="bbox 1803 2579 3387 2651; baseline 0.001 -17"><span class='ocrx_word' id='word_1_527' title='bbox 1803 2588 1908 2646; x_wconf 86' lang='lat' dir='ltr'><strong>est,</strong></span> <span class='ocrx_word' id='word_1_528' title='bbox 1946 2595 2054 2634; x_wconf 89' lang='lat' dir='ltr'><strong>una</strong></span> <span class='ocrx_word' id='word_1_529' title='bbox 2079 2594 2318 2649; x_wconf 88' lang='lat' dir='ltr'><strong>persona</strong></span> <span class='ocrx_word' id='word_1_530' title='bbox 2347 2579 2516 2634; x_wconf 88' lang='lat' dir='ltr'><strong>trium</strong></span> <span class='ocrx_word' id='word_1_531' title='bbox 2550 2595 2910 2651; x_wconf 89' lang='lat' dir='ltr'><strong>personarum</strong></span> <span class='ocrx_word' id='word_1_532' title='bbox 2951 2579 3152 2634; x_wconf 68' lang='lat' dir='ltr'><strong>divina:</strong></span> <span class='ocrx_word' id='word_1_533' title='bbox 3174 2587 3387 2635; x_wconf 59' lang='lat' dir='ltr'><strong>natura:</strong></span> 
     </span>
    </p>
   </div>
   <div class='ocr_carea' id='block_1_71' title="bbox 1803 2669 3387 2741">
    <p class='ocr_par' dir='ltr' id='par_1_71' title="bbox 1803 2669 3387 2741">
     <span class='ocr_line' id='line_1_71' title="bbox 1803 2669 3387 2741; baseline 0.001 -18"><span class='ocrx_word' id='word_1_534' title='bbox 1803 2679 1907 2736; x_wconf 84' lang='lat' dir='ltr'><strong>est,</strong></span> <span class='ocrx_word' id='word_1_535' title='bbox 1945 2671 2022 2725; x_wconf 89' lang='lat' dir='ltr'><strong>ita</strong></span> <span class='ocrx_word' id='word_1_536' title='bbox 2067 2685 2230 2731; x_wconf 90' lang='lat' dir='ltr'><strong>unus,</strong></span> <span class='ocrx_word' id='word_1_537' title='bbox 2281 2669 2337 2724; x_wconf 89' lang='lat' dir='ltr'><strong>id</strong></span> <span class='ocrx_word' id='word_1_538' title='bbox 2379 2678 2484 2735; x_wconf 87' lang='lat' dir='ltr'><strong>est,</strong></span> <span class='ocrx_word' id='word_1_539' title='bbox 2523 2687 2631 2726; x_wconf 86' lang='lat' dir='ltr'><strong>una</strong></span> <span class='ocrx_word' id='word_1_540' title='bbox 2676 2686 2912 2741; x_wconf 85' lang='lat' dir='ltr'><strong>persona</strong></span> <span class='ocrx_word' id='word_1_541' title='bbox 2943 2671 3242 2726; x_wconf 89' lang='lat' dir='ltr'><strong>multarum</strong></span> <span class='ocrx_word' id='word_1_542' title='bbox 3289 2685 3387 2725; x_wconf 87' lang='lat' dir='ltr'><strong>na-</strong></span> 
     </span>
    </p>
   </div>
   <div class='ocr_carea' id='block_1_72' title="bbox 1804 2762 3386 2834">
    <p class='ocr_par' dir='ltr' id='par_1_72' title="bbox 1804 2762 3386 2834">
     <span class='ocr_line' id='line_1_72' title="bbox 1804 2762 3386 2834; baseline 0.003 -20"><span class='ocrx_word' id='word_1_543' title='bbox 1804 2770 1940 2816; x_wconf 55' lang='lat' dir='ltr'><strong>tura</strong></span> <span class='ocrx_word' id='word_1_544' title='bbox 1975 2762 2230 2816; x_wconf 85' lang='lat' dir='ltr'><strong>humanae</strong></span> <span class='ocrx_word' id='word_1_545' title='bbox 2259 2779 2623 2834; x_wconf 88' lang='lat' dir='ltr'><strong>personarum</strong></span> <span class='ocrx_word' id='word_1_546' title='bbox 2651 2764 2756 2831; x_wconf 90' lang='lat' dir='ltr'><strong>sit;</strong></span> <span class='ocrx_word' id='word_1_547' title='bbox 2799 2765 2871 2821; x_wconf 87' lang='lat' dir='ltr'><strong>sit</strong></span> <span class='ocrx_word' id='word_1_548' title='bbox 2911 2773 3097 2820; x_wconf 86' lang='lat' dir='ltr'><strong>autem</strong></span> <span class='ocrx_word' id='word_1_549' title='bbox 3121 2780 3229 2819; x_wconf 89' lang='lat' dir='ltr'><strong>una</strong></span> <span class='ocrx_word' id='word_1_550' title='bbox 3254 2779 3386 2834; x_wconf 86' lang='lat' dir='ltr'><strong>per-</strong></span> 
     </span>
    </p>
   </div>
   <div class='ocr_carea' id='block_1_73' title="bbox 1804 2855 3384 2927">
    <p class='ocr_par' dir='ltr' id='par_1_73' title="bbox 1804 2855 3384 2927">
     <span class='ocr_line' id='line_1_73' title="bbox 1804 2855 3384 2927; baseline 0.001 -18"><span class='ocrx_word' id='word_1_551' title='bbox 1804 2869 2061 2909; x_wconf 87' lang='lat' dir='ltr'><strong>sonarum</strong></span> <span class='ocrx_word' id='word_1_552' title='bbox 2105 2855 2320 2910; x_wconf 88' lang='lat' dir='ltr'><strong>ratione</strong></span> <span class='ocrx_word' id='word_1_553' title='bbox 2368 2857 2730 2927; x_wconf 84' lang='lat' dir='ltr'><strong>hypostaseos</strong></span> <span class='ocrx_word' id='word_1_554' title='bbox 2778 2873 2844 2912; x_wconf 79' lang='lat' dir='ltr'><strong>ex</strong></span> <span class='ocrx_word' id='word_1_555' title='bbox 2887 2857 3094 2912; x_wconf 86' lang='lat' dir='ltr'><strong>deitate</strong></span> <span class='ocrx_word' id='word_1_556' title='bbox 3128 2864 3186 2912; x_wconf 91' lang='lat' dir='ltr'><strong>et</strong></span> <span class='ocrx_word' id='word_1_557' title='bbox 3217 2871 3384 2912; x_wconf 89' lang='lat' dir='ltr'><strong>carne</strong></span> 
     </span>
    </p>
   </div>
   <div class='ocr_carea' id='block_1_74' title="bbox 1804 2943 3386 3014">
    <p class='ocr_par' dir='ltr' id='par_1_74' title="bbox 1804 2943 3386 3014">
     <span class='ocr_line' id='line_1_74' title="bbox 1804 2943 3386 3014; baseline 0.001 -17"><span class='ocrx_word' id='word_1_558' title='bbox 1804 2943 2187 3010; x_wconf 88' lang='lat' dir='ltr'><strong>coalescentis,</strong></span> <span class='ocrx_word' id='word_1_559' title='bbox 2232 2943 2340 2998; x_wconf 90' lang='lat' dir='ltr'><strong>erit</strong></span> <span class='ocrx_word' id='word_1_560' title='bbox 2386 2945 2556 3014; x_wconf 83' lang='lat' dir='ltr'><strong>igitur</strong></span> <span class='ocrx_word' id='word_1_561' title='bbox 2603 2945 2811 3014; x_wconf 90' lang='lat' dir='ltr'><strong>pariter</strong></span> <span class='ocrx_word' id='word_1_562' title='bbox 2857 2960 2968 3000; x_wconf 88' lang='lat' dir='ltr'><strong>una</strong></span> <span class='ocrx_word' id='word_1_563' title='bbox 3016 2959 3386 3014; x_wconf 83' lang='lat' dir='ltr'><strong>personarum</strong></span> 
     </span>
    </p>
   </div>
   <div class='ocr_carea' id='block_1_75' title="bbox 1804 3034 3388 3106">
    <p class='ocr_par' dir='ltr' id='par_1_75' title="bbox 1804 3034 3388 3106">
     <span class='ocr_line' id='line_1_75' title="bbox 1804 3034 3388 3106; baseline 0.001 -17"><span class='ocrx_word' id='word_1_564' title='bbox 1804 3043 2017 3091; x_wconf 74' lang='lat' dir='ltr'><strong>naturae</strong></span> <span class='ocrx_word' id='word_1_565' title='bbox 2075 3037 2330 3091; x_wconf 75' lang='lat' dir='ltr'><strong>humanae</strong></span> <span class='ocrx_word' id='word_1_566' title='bbox 2398 3036 2613 3091; x_wconf 86' lang='lat' dir='ltr'><strong>ratione</strong></span> <span class='ocrx_word' id='word_1_567' title='bbox 2653 3034 3013 3106; x_wconf 84' lang='lat' dir='ltr'><strong>hypostaseos</strong></span> <span class='ocrx_word' id='word_1_568' title='bbox 3060 3051 3126 3091; x_wconf 81' lang='lat' dir='ltr'><strong>ex</strong></span> <span class='ocrx_word' id='word_1_569' title='bbox 3176 3035 3388 3090; x_wconf 84' lang='lat' dir='ltr'><strong>deitate</strong></span> 
     </span>
    </p>
   </div>
   <div class='ocr_carea' id='block_1_76' title="bbox 2527 3126 3384 3198">
    <p class='ocr_par' dir='ltr' id='par_1_76' title="bbox 2527 3126 3384 3198">
     <span class='ocr_line' id='line_1_76' title="bbox 2527 3126 3384 3198; baseline 0 -16"><span class='ocrx_word' id='word_1_570' title='bbox 2527 3129 2583 3182; x_wconf 91' lang='lat' dir='ltr'><strong>in</strong></span> <span class='ocrx_word' id='word_1_571' title='bbox 2629 3127 2832 3182; x_wconf 90' lang='lat' dir='ltr'><strong>divinis</strong></span> <span class='ocrx_word' id='word_1_572' title='bbox 2868 3128 3092 3198; x_wconf 88' lang='lat' dir='ltr'><strong>quidem</strong></span> <span class='ocrx_word' id='word_1_573' title='bbox 3127 3126 3384 3197; x_wconf 82' lang='lat' dir='ltr'><strong>personis</strong></span> 
     </span>
    </p>
   </div>
   <div class='ocr_carea' id='block_1_77' title="bbox 1807 3217 3378 3292">
    <p class='ocr_par' dir='ltr' id='par_1_77' title="bbox 1807 3217 3378 3292">
     <span class='ocr_line' id='line_1_77' title="bbox 1807 3217 3378 3292; baseline -0.003 -14"><span class='ocrx_word' id='word_1_574' title='bbox 1807 3237 1906 3292; x_wconf 89' lang='lat' dir='ltr'><strong>per</strong></span> <span class='ocrx_word' id='word_1_575' title='bbox 1943 3221 2211 3276; x_wconf 84' lang='lat' dir='ltr'><strong>attributa</strong></span> <span class='ocrx_word' id='word_1_576' title='bbox 2257 3221 2499 3275; x_wconf 90' lang='lat' dir='ltr'><strong>humana</strong></span> <span class='ocrx_word' id='word_1_577' title='bbox 2535 3221 2746 3275; x_wconf 83' lang='lat' dir='ltr'><strong>ratione</strong></span> <span class='ocrx_word' id='word_1_578' title='bbox 2781 3227 2994 3275; x_wconf 56' lang='lat' dir='ltr'><strong>natura;</strong></span> <span class='ocrx_word' id='word_1_579' title='bbox 3039 3217 3378 3282; x_wconf 85' lang='lat' dir='ltr'><strong>redundans,</strong></span> 
     </span>
    </p>
   </div>
   <div class='ocr_carea' id='block_1_78' title="bbox 1805 3311 3380 3382">
    <p class='ocr_par' dir='ltr' id='par_1_78' title="bbox 1805 3311 3380 3382">
     <span class='ocr_line' id='line_1_78' title="bbox 1805 3311 3380 3382; baseline -0.002 -14"><span class='ocrx_word' id='word_1_580' title='bbox 1805 3314 1864 3368; x_wconf 91' lang='lat' dir='ltr'><strong>in</strong></span> <span class='ocrx_word' id='word_1_581' title='bbox 1909 3312 2166 3368; x_wconf 83' lang='lat' dir='ltr'><strong>humanis</strong></span> <span class='ocrx_word' id='word_1_582' title='bbox 2209 3327 2340 3366; x_wconf 85' lang='lat' dir='ltr'><strong>vero</strong></span> <span class='ocrx_word' id='word_1_583' title='bbox 2386 3327 2486 3382; x_wconf 85' lang='lat' dir='ltr'><strong>per</strong></span> <span class='ocrx_word' id='word_1_584' title='bbox 2527 3311 2791 3366; x_wconf 87' lang='lat' dir='ltr'><strong>attributa</strong></span> <span class='ocrx_word' id='word_1_585' title='bbox 2824 3311 3006 3366; x_wconf 89' lang='lat' dir='ltr'><strong>divina</strong></span> <span class='ocrx_word' id='word_1_586' title='bbox 3031 3311 3380 3381; x_wconf 80' lang='lat' dir='ltr'><strong>superexcel-</strong></span> 
     </span>
    </p>
   </div>
   <div class='ocr_carea' id='block_1_79' title="bbox 1803 3402 3384 3476">
    <p class='ocr_par' dir='ltr' id='par_1_79' title="bbox 1803 3402 3384 3476">
     <span class='ocr_line' id='line_1_79' title="bbox 1803 3402 3384 3476; baseline -0.002 -17"><span class='ocrx_word' id='word_1_587' title='bbox 1803 3406 1942 3460; x_wconf 85' lang='lat' dir='ltr'><strong>lens.</strong></span> <span class='ocrx_word' id='word_1_588' title='bbox 1994 3405 2104 3472; x_wconf 85' lang='lat' dir='ltr'><strong>Vos</strong></span> <span class='ocrx_word' id='word_1_589' title='bbox 2141 3412 2326 3459; x_wconf 88' lang='lat' dir='ltr'><strong>autem</strong></span> <span class='ocrx_word' id='word_1_590' title='bbox 2357 3402 2506 3474; x_wconf 90' lang='lat' dir='ltr'><strong>quod</strong></span> <span class='ocrx_word' id='word_1_591' title='bbox 2541 3403 2609 3458; x_wconf 90' lang='lat' dir='ltr'><strong>ad</strong></span> <span class='ocrx_word' id='word_1_592' title='bbox 2643 3403 2982 3476; x_wconf 85' lang='lat' dir='ltr'><strong>hypostasim</strong></span> <span class='ocrx_word' id='word_1_593' title='bbox 3030 3410 3260 3472; x_wconf 88' lang='lat' dir='ltr'><strong>spectat,</strong></span> <span class='ocrx_word' id='word_1_594' title='bbox 3302 3409 3384 3456; x_wconf 88' lang='lat' dir='ltr'><strong>ta-</strong></span> 
     </span>
    </p>
   </div>
   <div class='ocr_carea' id='block_1_80' title="bbox 1804 3491 3385 3552">
    <p class='ocr_par' dir='ltr' id='par_1_80' title="bbox 1804 3491 3385 3552">
     <span class='ocr_line' id='line_1_80' title="bbox 1804 3491 3385 3552; baseline -0.002 -2"><span class='ocrx_word' id='word_1_595' title='bbox 1804 3495 2136 3550; x_wconf 90' lang='lat' dir='ltr'><strong>cuistis......</strong></span> <span class='ocrx_word' id='word_1_596' title='bbox 2177 3495 2528 3552; x_wconf 82' lang='lat' dir='ltr'><strong>Nomen......</strong></span> <span class='ocrx_word' id='word_1_597' title='bbox 2571 3495 2643 3551; x_wconf 92' lang='lat' dir='ltr'><strong>Ut</strong></span> <span class='ocrx_word' id='word_1_598' title='bbox 2672 3494 3146 3549; x_wconf 73' lang='lat' dir='ltr'><strong>conversationem</strong></span> <span class='ocrx_word' id='word_1_599' title='bbox 3197 3500 3254 3547; x_wconf 90' lang='lat' dir='ltr'><strong>et</strong></span> <span class='ocrx_word' id='word_1_600' title='bbox 3288 3491 3385 3548; x_wconf 85' lang='lat' dir='ltr'><strong>de-</strong></span> 
     </span>
    </p>
   </div>
   <div class='ocr_carea' id='block_1_81' title="bbox 1803 3584 3382 3656">
    <p class='ocr_par' dir='ltr' id='par_1_81' title="bbox 1803 3584 3382 3656">
     <span class='ocr_line' id='line_1_81' title="bbox 1803 3584 3382 3656; baseline -0.003 -14"><span class='ocrx_word' id='word_1_601' title='bbox 1803 3587 2166 3642; x_wconf 77' lang='lat' dir='ltr'><strong>structionem</strong></span> <span class='ocrx_word' id='word_1_602' title='bbox 2197 3596 2408 3640; x_wconf 70' lang='lat' dir='ltr'><strong>naturae</strong></span> <span class='ocrx_word' id='word_1_603' title='bbox 2440 3586 2601 3640; x_wconf 90' lang='lat' dir='ltr'><strong>nobis</strong></span> <span class='ocrx_word' id='word_1_604' title='bbox 2637 3585 2953 3640; x_wconf 89' lang='lat' dir='ltr'><strong>dicentibus</strong></span> <span class='ocrx_word' id='word_1_605' title='bbox 2983 3584 3382 3656; x_wconf 79' lang='lat' dir='ltr'><strong>hypostaticam</strong></span> 
     </span>
    </p>
   </div>
   <div class='ocr_carea' id='block_1_82' title="bbox 1803 3675 3382 3732">
    <p class='ocr_par' dir='ltr' id='par_1_82' title="bbox 1803 3675 3382 3732">
     <span class='ocr_line' id='line_1_82' title="bbox 1803 3675 3382 3732; baseline -0.001 -1"><span class='ocrx_word' id='word_1_606' title='bbox 1803 3693 1926 3732; x_wconf 90' lang='lat' dir='ltr'><strong>esse</strong></span> <span class='ocrx_word' id='word_1_607' title='bbox 1956 3675 2302 3730; x_wconf 79' lang='lat' dir='ltr'><strong>inconfusam</strong></span> <span class='ocrx_word' id='word_1_608' title='bbox 2338 3685 2664 3730; x_wconf 87' lang='lat' dir='ltr'><strong>naturarum</strong></span> <span class='ocrx_word' id='word_1_609' title='bbox 2697 3678 2960 3730; x_wconf 87' lang='lat' dir='ltr'><strong>unionem</strong></span> <span class='ocrx_word' id='word_1_610' title='bbox 2994 3676 3189 3730; x_wconf 80' lang='lat' dir='ltr'><strong>eodem</strong></span> <span class='ocrx_word' id='word_1_611' title='bbox 3218 3676 3382 3731; x_wconf 86' lang='lat' dir='ltr'><strong>modo</strong></span> 
     </span>
    </p>
   </div>
   <div class='ocr_carea' id='block_1_83' title="bbox 1803 3765 3382 3837">
    <p class='ocr_par' dir='ltr' id='par_1_83' title="bbox 1803 3765 3382 3837">
     <span class='ocr_line' id='line_1_83' title="bbox 1803 3765 3382 3837; baseline -0.001 -14"><span class='ocrx_word' id='word_1_612' title='bbox 1803 3766 2168 3823; x_wconf 89' lang='lat' dir='ltr'><strong>criminemini</strong></span> <span class='ocrx_word' id='word_1_613' title='bbox 2203 3781 2368 3837; x_wconf 90' lang='lat' dir='ltr'><strong>quam</strong></span> <span class='ocrx_word' id='word_1_614' title='bbox 2393 3767 2502 3822; x_wconf 90' lang='lat' dir='ltr'><strong>illis</strong></span> <span class='ocrx_word' id='word_1_615' title='bbox 2532 3767 2625 3837; x_wconf 92' lang='lat' dir='ltr'><strong>qui</strong></span> <span class='ocrx_word' id='word_1_616' title='bbox 2667 3769 2931 3821; x_wconf 84' lang='lat' dir='ltr'><strong>unionem</strong></span> <span class='ocrx_word' id='word_1_617' title='bbox 3000 3765 3054 3818; x_wconf 92' lang='lat' dir='ltr'><strong>in</strong></span> <span class='ocrx_word' id='word_1_618' title='bbox 3097 3767 3260 3820; x_wconf 89' lang='lat' dir='ltr'><strong>unica</strong></span> <span class='ocrx_word' id='word_1_619' title='bbox 3300 3766 3382 3821; x_wconf 84' lang='lat' dir='ltr'><strong>fa-</strong></span> 
     </span>
    </p>
   </div>
   <div class='ocr_carea' id='block_1_84' title="bbox 1804 3857 2734 3920">
    <p class='ocr_par' dir='ltr' id='par_1_84' title="bbox 1804 3857 2734 3920">
     <span class='ocr_line' id='line_1_84' title="bbox 1804 3857 2734 3920; baseline -0.004 -6"><span class='ocrx_word' id='word_1_620' title='bbox 1804 3869 1948 3920; x_wconf 85' lang='lat' dir='ltr'><strong>ctam</strong></span> <span class='ocrx_word' id='word_1_621' title='bbox 1987 3872 2108 3913; x_wconf 87' lang='lat' dir='ltr'><strong>esse</strong></span> <span class='ocrx_word' id='word_1_622' title='bbox 2146 3865 2345 3912; x_wconf 81' lang='lat' dir='ltr'><strong>natura</strong></span> <span class='ocrx_word' id='word_1_623' title='bbox 2371 3857 2734 3912; x_wconf 83' lang='lat' dir='ltr'><strong>contendunt.</strong></span> 
     </span>
    </p>
   </div>
   <div class='ocr_carea' id='block_1_85' title="bbox 2409 4032 2743 4089">
    <p class='ocr_par' dir='ltr' id='par_1_85' title="bbox 2409 4032 2743 4089">
     <span class='ocr_line' id='line_1_85' title="bbox 2409 4032 2743 4089; baseline -0.012 0"><span class='ocrx_word' id='word_1_624' title='bbox 2409 4033 2556 4089; x_wconf 65' lang='lat' dir='ltr'><strong>CAP.</strong></span> <span class='ocrx_word' id='word_1_625' title='bbox 2607 4032 2743 4088; x_wconf 83' lang='lat' dir='ltr'><strong>VIII.</strong></span> 
     </span>
    </p>
   </div>
   <div class='ocr_carea' id='block_1_86' title="bbox 1863 4141 3382 4206">
    <p class='ocr_par' dir='ltr' id='par_1_86' title="bbox 1863 4141 3382 4206">
     <span class='ocr_line' id='line_1_86' title="bbox 1863 4141 3382 4206; baseline -0.008 0"><span class='ocrx_word' id='word_1_626' title='bbox 1863 4151 2018 4206; x_wconf 84' lang='lat' dir='ltr'><strong>Circa</strong></span> <span class='ocrx_word' id='word_1_627' title='bbox 2058 4151 2200 4204; x_wconf 85' lang='lat' dir='ltr'><strong>hanc</strong></span> <span class='ocrx_word' id='word_1_628' title='bbox 2229 4147 2641 4204; x_wconf 87' lang='lat' dir='ltr'><strong>conclusionem</strong></span> <span class='ocrx_word' id='word_1_629' title='bbox 2665 4155 2720 4200; x_wconf 91' lang='lat' dir='ltr'><strong>et</strong></span> <span class='ocrx_word' id='word_1_630' title='bbox 2749 4145 2865 4199; x_wconf 71' lang='lat' dir='ltr'><strong>hazc</strong></span> <span class='ocrx_word' id='word_1_631' title='bbox 2889 4143 3054 4198; x_wconf 84' lang='lat' dir='ltr'><strong>verba</strong></span> <span class='ocrx_word' id='word_1_632' title='bbox 3085 4159 3099 4196; x_wconf 90' lang='lat'><strong>:</strong></span> <span class='ocrx_word' id='word_1_633' title='bbox 3133 4161 3151 4193; x_wconf 73' lang='grc' dir='ltr'><strong>ι</strong></span> <span class='ocrx_word' id='word_1_634' title='bbox 3179 4141 3382 4196; x_wconf 83' lang='lat' dir='ltr'><strong>Passus</strong></span> 
     </span>
    </p>
   </div>
   <div class='ocr_carea' id='block_1_87' title="bbox 1792 4231 3381 4308">
    <p class='ocr_par' dir='ltr' id='par_1_87' title="bbox 1792 4231 3381 4308">
     <span class='ocr_line' id='line_1_87' title="bbox 1792 4231 3381 4308; baseline -0.009 -10"><span class='ocrx_word' id='word_1_635' title='bbox 1792 4253 1876 4300; x_wconf 91' lang='lat' dir='ltr'><strong>est</strong></span> <span class='ocrx_word' id='word_1_636' title='bbox 1896 4244 2061 4308; x_wconf 87' lang='lat' dir='ltr'><strong>Deus,</strong></span> <span class='ocrx_word' id='word_1_637' title='bbox 2095 4241 2360 4304; x_wconf 80' lang='lat' dir='ltr'><strong>Verbum,</strong></span> <span class='ocrx_word' id='word_1_638' title='bbox 2394 4238 2672 4303; x_wconf 78' lang='lat' dir='ltr'><strong>Christtts,</strong></span> <span class='ocrx_word' id='word_1_639' title='bbox 2707 4237 2900 4301; x_wconf 90' lang='lat' dir='ltr'><strong>Filius,</strong></span> <span class='ocrx_word' id='word_1_640' title='bbox 2923 4255 2941 4286; x_wconf 71' lang='grc' dir='ltr'><strong>ι</strong></span> <span class='ocrx_word' id='word_1_641' title='bbox 2983 4231 3381 4288; x_wconf 76' lang='lat' dir='ltr'><strong>examinandas</strong></span> 
     </span>
    </p>
   </div>
   <div class='ocr_carea' id='block_1_88' title="bbox 1794 4323 3378 4397">
    <p class='ocr_par' dir='ltr' id='par_1_88' title="bbox 1794 4323 3378 4397">
     <span class='ocr_line' id='line_1_88' title="bbox 1794 4323 3378 4397; baseline -0.008 -7"><span class='ocrx_word' id='word_1_642' title='bbox 1794 4344 1878 4390; x_wconf 88' lang='lat' dir='ltr'><strong>est</strong></span> <span class='ocrx_word' id='word_1_643' title='bbox 1910 4335 2085 4388; x_wconf 90' lang='lat' dir='ltr'><strong>locus.</strong></span> <span class='ocrx_word' id='word_1_644' title='bbox 2129 4332 2225 4388; x_wconf 84' lang='lat' dir='ltr'><strong>Vel</strong></span> <span class='ocrx_word' id='word_1_645' title='bbox 2272 4331 2421 4386; x_wconf 92' lang='lat' dir='ltr'><strong>enim</strong></span> <span class='ocrx_word' id='word_1_646' title='bbox 2470 4331 2590 4386; x_wconf 64' lang='lat' dir='ltr'><strong>haec</strong></span> <span class='ocrx_word' id='word_1_647' title='bbox 2632 4329 2856 4384; x_wconf 90' lang='lat' dir='ltr'><strong>nomina</strong></span> <span class='ocrx_word' id='word_1_648' title='bbox 2901 4325 3217 4397; x_wconf 80' lang='lat' dir='ltr'><strong>signiﬁcant</strong></span> <span class='ocrx_word' id='word_1_649' title='bbox 3245 4323 3378 4388; x_wconf 89' lang='lat' dir='ltr'><strong>duo,</strong></span> 
     </span>
    </p>
   </div>
   <div class='ocr_carea' id='block_1_89' title="bbox 1794 4417 3380 4493">
    <p class='ocr_par' dir='ltr' id='par_1_89' title="bbox 1794 4417 3380 4493">
     <span class='ocr_line' id='line_1_89' title="bbox 1794 4417 3380 4493; baseline -0.006 -12"><span class='ocrx_word' id='word_1_650' title='bbox 1794 4428 1882 4481; x_wconf 87' lang='lat' dir='ltr'><strong>vel</strong></span> <span class='ocrx_word' id='word_1_651' title='bbox 1935 4441 2066 4480; x_wconf 90' lang='lat' dir='ltr'><strong>non.</strong></span> <span class='ocrx_word' id='word_1_652' title='bbox 2109 4424 2166 4480; x_wconf 89' lang='lat' dir='ltr'><strong>Si</strong></span> <span class='ocrx_word' id='word_1_653' title='bbox 2228 4439 2339 4479; x_wconf 91' lang='lat' dir='ltr'><strong>non</strong></span> <span class='ocrx_word' id='word_1_654' title='bbox 2391 4422 2724 4493; x_wconf 79' lang='lat' dir='ltr'><strong>signiﬁcant,</strong></span> <span class='ocrx_word' id='word_1_655' title='bbox 2768 4421 2856 4476; x_wconf 89' lang='lat' dir='ltr'><strong>vel</strong></span> <span class='ocrx_word' id='word_1_656' title='bbox 2902 4418 3022 4476; x_wconf 89' lang='lat' dir='ltr'><strong>sine</strong></span> <span class='ocrx_word' id='word_1_657' title='bbox 3071 4417 3380 4474; x_wconf 88' lang='lat' dir='ltr'><strong>substantia</strong></span> 
     </span>
    </p>
   </div>
   <div class='ocr_carea' id='block_1_90' title="bbox 61 4502 1701 4586">
    <p class='ocr_par' dir='ltr' id='par_1_90' title="bbox 61 4502 1694 4586">
     <span class='ocr_line' id='line_1_90' title="bbox 61 4502 1694 4586; baseline 0.01 -35"><span class='ocrx_word' id='word_1_658' title='bbox 61 4502 404 4570; x_wconf 57' lang='grc' dir='ltr'>πλαμϐάνει,</span> <span class='ocrx_word' id='word_1_659' title='bbox 457 4505 492 4574; x_wconf 77' lang='grc' dir='ltr'>ἦ</span> <span class='ocrx_word' id='word_1_660' title='bbox 551 4506 801 4560; x_wconf 81' lang='grc' dir='ltr'>άνούσιον</span> <span class='ocrx_word' id='word_1_661' title='bbox 853 4507 1082 4563; x_wconf 80' lang='grc' dir='ltr'>δώσουσι</span> <span class='ocrx_word' id='word_1_662' title='bbox 1129 4510 1229 4582; x_wconf 81' lang='grc' dir='ltr'><strong>τὴν</strong></span> <span class='ocrx_word' id='word_1_663' title='bbox 1265 4513 1464 4585; x_wconf 81' lang='grc' dir='ltr'>σάρκα,</span> <span class='ocrx_word' id='word_1_664' title='bbox 1509 4515 1542 4586; x_wconf 86' lang='grc' dir='ltr'>ἢ</span> <span class='ocrx_word' id='word_1_665' title='bbox 1605 4519 1694 4570; x_wconf 74' lang='grc' dir='ltr'>τὸν</span> 
     </span>
    </p>
   </div>
   <div class='ocr_carea' id='block_1_91' title="bbox 1806 4502 3380 4586">
    <p class='ocr_par' dir='ltr' id='par_1_91' title="bbox 1806 4509 3380 4580">
     <span class='ocr_line' id='line_1_91' title="bbox 1806 4509 3380 4580; baseline -0.006 -8"><span class='ocrx_word' id='word_1_666' title='bbox 1806 4529 1885 4573; x_wconf 83' lang='lat' dir='ltr'><strong>est</strong></span> <span class='ocrx_word' id='word_1_667' title='bbox 1922 4519 2037 4574; x_wconf 84' lang='lat' dir='ltr'><strong>sive</strong></span> <span class='ocrx_word' id='word_1_668' title='bbox 2068 4531 2196 4572; x_wconf 87' lang='lat' dir='ltr'><strong>caro</strong></span> <span class='ocrx_word' id='word_1_669' title='bbox 2218 4517 2332 4571; x_wconf 87' lang='lat' dir='ltr'><strong>sive</strong></span> <span class='ocrx_word' id='word_1_670' title='bbox 2363 4515 2630 4580; x_wconf 85' lang='lat' dir='ltr'><strong>Verbum,</strong></span> <span class='ocrx_word' id='word_1_671' title='bbox 2666 4514 2750 4568; x_wconf 85' lang='lat' dir='ltr'><strong>vel</strong></span> <span class='ocrx_word' id='word_1_672' title='bbox 2782 4513 3116 4568; x_wconf 89' lang='lat' dir='ltr'><strong>alterutrum</strong></span> <span class='ocrx_word' id='word_1_673' title='bbox 3153 4517 3236 4565; x_wconf 87' lang='lat' dir='ltr'><strong>est</strong></span> <span class='ocrx_word' id='word_1_674' title='bbox 3263 4509 3380 4564; x_wconf 84' lang='lat' dir='ltr'><strong>sive</strong></span> 
     </span>
    </p>
   </div>
   <div class='ocr_carea' id='block_1_92' title="bbox 87 4589 1690 4677">
    <p class='ocr_par' dir='ltr' id='par_1_92' title="bbox 87 4589 1690 4677">
     <span class='ocr_line' id='line_1_92' title="bbox 87 4589 1690 4677; baseline 0.01 -33"><span class='ocrx_word' id='word_1_675' title='bbox 87 4589 310 4661; x_wconf 60' lang='lat' dir='ltr'><strong>&#39;Adyov,</strong></span> <span class='ocrx_word' id='word_1_676' title='bbox 335 4595 366 4665; x_wconf 83' lang='grc' dir='ltr'><strong>ἦ</strong></span> <span class='ocrx_word' id='word_1_677' title='bbox 392 4594 642 4665; x_wconf 78' lang='grc' dir='ltr'>ὄργανον,</span> <span class='ocrx_word' id='word_1_678' title='bbox 671 4599 703 4668; x_wconf 74' lang='grc' dir='ltr'>ἦ</span> <span class='ocrx_word' id='word_1_679' title='bbox 729 4599 968 4670; x_wconf 77' lang='grc' dir='ltr'>ἐργάτην</span> <span class='ocrx_word' id='word_1_680' title='bbox 995 4601 1222 4673; x_wconf 83' lang='grc' dir='ltr'>θάτερον</span> <span class='ocrx_word' id='word_1_681' title='bbox 1239 4620 1250 4633; x_wconf 95' lang='grc'><strong>·</strong></span> <span class='ocrx_word' id='word_1_682' title='bbox 1270 4605 1318 4656; x_wconf 89' lang='grc' dir='ltr'><strong>εί</strong></span> <span class='ocrx_word' id='word_1_683' title='bbox 1345 4604 1402 4658; x_wconf 82' lang='grc' dir='ltr'>δὲ</span> <span class='ocrx_word' id='word_1_684' title='bbox 1425 4605 1690 4677; x_wconf 83' lang='grc' dir='ltr'>περιλαμ-</span> 
     </span>
    </p>
   </div>
   <div class='ocr_carea' id='block_1_93' title="bbox 113 4685 1696 4764">
    <p class='ocr_par' dir='ltr' id='par_1_93' title="bbox 113 4685 1696 4764">
     <span class='ocr_line' id='line_1_93' title="bbox 113 4685 1696 4764; baseline 0.008 -28"><span class='ocrx_word' id='word_1_685' title='bbox 113 4685 357 4739; x_wconf 69' lang='grc' dir='ltr'>ϐάνειτᾶι</span> <span class='ocrx_word' id='word_1_686' title='bbox 391 4687 484 4739; x_wconf 80' lang='grc' dir='ltr'>δύο</span> <span class='ocrx_word' id='word_1_687' title='bbox 523 4687 756 4742; x_wconf 82' lang='grc' dir='ltr'>’ἑκαστον</span> <span class='ocrx_word' id='word_1_688' title='bbox 785 4691 894 4744; x_wconf 82' lang='grc' dir='ltr'>τῶν</span> <span class='ocrx_word' id='word_1_689' title='bbox 943 4691 1246 4761; x_wconf 83' lang='grc' dir='ltr'>ὀνομάτων,</span> <span class='ocrx_word' id='word_1_690' title='bbox 1305 4693 1374 4746; x_wconf 76' lang='grc' dir='ltr'><strong>τὰ</strong></span> <span class='ocrx_word' id='word_1_691' title='bbox 1430 4695 1696 4764; x_wconf 78' lang='grc' dir='ltr'>εἰρημένα</span> 
     </span>
    </p>
   </div>
   <div class='ocr_carea' id='block_1_94' title="bbox 112 4778 1696 4858">
    <p class='ocr_par' dir='ltr' id='par_1_94' title="bbox 112 4778 1696 4858">
     <span class='ocr_line' id='line_1_94' title="bbox 112 4778 1696 4858; baseline 0.006 -27"><span class='ocrx_word' id='word_1_692' title='bbox 112 4778 292 4831; x_wconf 83' lang='grc' dir='ltr'>ἄτοπα</span> <span class='ocrx_word' id='word_1_693' title='bbox 331 4781 515 4842; x_wconf 78' lang='grc' dir='ltr'>αὐτοῖς</span> <span class='ocrx_word' id='word_1_694' title='bbox 564 4781 985 4852; x_wconf 77' lang='grc' dir='ltr'>ἐπαχθήσονται.</span> <span class='ocrx_word' id='word_1_695' title='bbox 1036 4783 1196 4850; x_wconf 83' lang='grc' dir='ltr'><strong>Ἀλλ’,</strong></span> <span class='ocrx_word' id='word_1_696' title='bbox 1232 4778 1277 4838; x_wconf 79' lang='grc' dir='ltr'><strong>ὧ</strong></span> <span class='ocrx_word' id='word_1_697' title='bbox 1311 4779 1479 4851; x_wconf 76' lang='grc' dir='ltr'>οὗτοι,</span> <span class='ocrx_word' id='word_1_698' title='bbox 1536 4803 1696 4858; x_wconf 86' lang='grc' dir='ltr'>περι-</span> 
     </span>
    </p>
   </div>
   <div class='ocr_carea' id='block_1_95' title="bbox 113 4871 1697 4946">
    <p class='ocr_par' dir='ltr' id='par_1_95' title="bbox 113 4871 1697 4946">
     <span class='ocr_line' id='line_1_95' title="bbox 113 4871 1697 4946; baseline 0.006 -24"><span class='ocrx_word' id='word_1_699' title='bbox 113 4871 383 4938; x_wconf 65' lang='grc' dir='ltr'>λαμϐάνει</span> <span class='ocrx_word' id='word_1_700' title='bbox 411 4871 509 4939; x_wconf 81' lang='grc' dir='ltr'><strong>μὲν</strong></span> <span class='ocrx_word' id='word_1_701' title='bbox 537 4871 982 4928; x_wconf 80' lang='grc' dir='ltr'>καθ’ὑπόστασιν</span> <span class='ocrx_word' id='word_1_702' title='bbox 1025 4877 1153 4946; x_wconf 80' lang='grc' dir='ltr'>μίαν</span> <span class='ocrx_word' id='word_1_703' title='bbox 1190 4876 1259 4930; x_wconf 68' lang='grc' dir='ltr'><strong>τὰ</strong></span> <span class='ocrx_word' id='word_1_704' title='bbox 1305 4876 1419 4941; x_wconf 80' lang='grc' dir='ltr'>δύο,</span> <span class='ocrx_word' id='word_1_705' title='bbox 1465 4877 1697 4932; x_wconf 72' lang='grc' dir='ltr'>ἕκαστον</span> 
     </span>
    </p>
   </div>
   <div class='ocr_carea' id='block_1_96' title="bbox 113 4959 1694 5037">
    <p class='ocr_par' dir='ltr' id='par_1_96' title="bbox 113 4959 1694 5037">
     <span class='ocr_line' id='line_1_96' title="bbox 113 4959 1694 5037; baseline 0.009 -28"><span class='ocrx_word' id='word_1_706' title='bbox 113 4959 225 5010; x_wconf 74' lang='grc' dir='ltr'><strong>τῶν</strong></span> <span class='ocrx_word' id='word_1_707' title='bbox 245 4961 552 5030; x_wconf 79' lang='grc' dir='ltr'>εἰρημένων</span> <span class='ocrx_word' id='word_1_708' title='bbox 586 4961 898 5030; x_wconf 83' lang='grc' dir='ltr'>ὀνομάτων·</span> <span class='ocrx_word' id='word_1_709' title='bbox 940 4965 1000 5017; x_wconf 88' lang='grc' dir='ltr'><strong>οὑ</strong></span> <span class='ocrx_word' id='word_1_710' title='bbox 1035 4966 1438 5037; x_wconf 79' lang='grc' dir='ltr'>περιλαμόάνει</span> <span class='ocrx_word' id='word_1_711' title='bbox 1463 4969 1520 5020; x_wconf 82' lang='grc' dir='ltr'><strong>δὲ</strong></span> <span class='ocrx_word' id='word_1_712' title='bbox 1554 4971 1694 5023; x_wconf 81' lang='grc' dir='ltr'>κατὰ</span> 
     </span>
    </p>
   </div>
   <div class='ocr_carea' id='block_1_97' title="bbox 118 5049 1689 5125">
    <p class='ocr_par' dir='ltr' id='par_1_97' title="bbox 118 5049 1689 5125">
     <span class='ocr_line' id='line_1_97' title="bbox 118 5049 1689 5125; baseline 0.008 -26"><span class='ocrx_word' id='word_1_713' title='bbox 118 5049 249 5114; x_wconf 81' lang='grc' dir='ltr'>μίαν</span> <span class='ocrx_word' id='word_1_714' title='bbox 278 5055 458 5118; x_wconf 71' lang='grc' dir='ltr'>φύσιν,</span> <span class='ocrx_word' id='word_1_715' title='bbox 483 5049 621 5103; x_wconf 75' lang='grc' dir='ltr'><strong>ἀλλὰ</strong></span> <span class='ocrx_word' id='word_1_716' title='bbox 649 5050 788 5103; x_wconf 77' lang='grc' dir='ltr'>κατὰ</span> <span class='ocrx_word' id='word_1_717' title='bbox 813 5053 926 5117; x_wconf 70' lang='grc' dir='ltr'><strong>δύο,</strong></span> <span class='ocrx_word' id='word_1_718' title='bbox 950 5053 1011 5106; x_wconf 88' lang='grc' dir='ltr'><strong>τό</strong></span> <span class='ocrx_word' id='word_1_719' title='bbox 1037 5071 1096 5112; x_wconf 78' lang='grc' dir='ltr'>τε</span> <span class='ocrx_word' id='word_1_720' title='bbox 1119 5055 1373 5123; x_wconf 82' lang='grc' dir='ltr'>Χριστὸς</span> <span class='ocrx_word' id='word_1_721' title='bbox 1402 5057 1494 5110; x_wconf 75' lang='grc' dir='ltr'><strong>καὶ</strong></span> <span class='ocrx_word' id='word_1_722' title='bbox 1524 5057 1689 5125; x_wconf 76' lang='grc' dir='ltr'>Θεὸς,</span> 
     </span>
    </p>
   </div>
   <div class='ocr_carea' id='block_1_98' title="bbox 116 5144 1701 5218">
    <p class='ocr_par' dir='ltr' id='par_1_98' title="bbox 116 5144 1701 5218">
     <span class='ocr_line' id='line_1_98' title="bbox 116 5144 1701 5218; baseline 0.005 -22"><span class='ocrx_word' id='word_1_723' title='bbox 116 5145 212 5197; x_wconf 75' lang='grc' dir='ltr'><strong>καὶ</strong></span> <span class='ocrx_word' id='word_1_724' title='bbox 253 5146 384 5210; x_wconf 66' lang='grc' dir='ltr'><strong>ΥΙίῖς</strong></span> <span class='ocrx_word' id='word_1_725' title='bbox 414 5146 618 5215; x_wconf 80' lang='grc' dir='ltr'>ὄνομα·</span> <span class='ocrx_word' id='word_1_726' title='bbox 645 5144 706 5198; x_wconf 74' lang='grc' dir='ltr'><strong>τὸ</strong></span> <span class='ocrx_word' id='word_1_727' title='bbox 739 5145 927 5216; x_wconf 76' lang='grc' dir='ltr'>μέντοι</span> <span class='ocrx_word' id='word_1_728' title='bbox 985 5151 1176 5218; x_wconf 81' lang='grc' dir='ltr'>Λόγος</span> <span class='ocrx_word' id='word_1_729' title='bbox 1218 5150 1309 5204; x_wconf 74' lang='grc' dir='ltr'><strong>καὶ</strong></span> <span class='ocrx_word' id='word_1_730' title='bbox 1335 5153 1481 5217; x_wconf 81' lang='grc' dir='ltr'>Θεός</span> <span class='ocrx_word' id='word_1_731' title='bbox 1508 5195 1520 5218; x_wconf 88' lang='grc'>,</span> <span class='ocrx_word' id='word_1_732' title='bbox 1573 5154 1701 5205; x_wconf 75' lang='grc' dir='ltr'>ἐπεὶ</span> 
     </span>
    </p>
   </div>
   <div class='ocr_carea' id='block_1_99' title="bbox 116 5236 1698 5312">
    <p class='ocr_par' dir='ltr' id='par_1_99' title="bbox 116 5236 1698 5312">
     <span class='ocr_line' id='line_1_99' title="bbox 116 5236 1698 5312; baseline 0.004 -25"><span class='ocrx_word' id='word_1_733' title='bbox 116 5236 383 5290; x_wconf 73' lang='grc' dir='ltr'>καὶκατὰ</span> <span class='ocrx_word' id='word_1_734' title='bbox 431 5237 530 5308; x_wconf 75' lang='grc' dir='ltr'>τὴν</span> <span class='ocrx_word' id='word_1_735' title='bbox 575 5237 703 5306; x_wconf 83' lang='grc' dir='ltr'>μίαν</span> <span class='ocrx_word' id='word_1_736' title='bbox 751 5237 909 5308; x_wconf 79' lang='grc' dir='ltr'>μόνον</span> <span class='ocrx_word' id='word_1_737' title='bbox 967 5239 1128 5308; x_wconf 76' lang='grc' dir='ltr'>φύσιν</span> <span class='ocrx_word' id='word_1_738' title='bbox 1176 5241 1398 5296; x_wconf 81' lang='grc' dir='ltr'>δύναται</span> <span class='ocrx_word' id='word_1_739' title='bbox 1440 5243 1698 5312; x_wconf 78' lang='grc' dir='ltr'>λέγεσθαι</span> 
     </span>
    </p>
   </div>
   <div class='ocr_carea' id='block_1_100' title="bbox 117 5329 1695 5408">
    <p class='ocr_par' dir='ltr' id='par_1_100' title="bbox 117 5329 1695 5408">
     <span class='ocr_line' id='line_1_100' title="bbox 117 5329 1695 5408; baseline 0.005 -28"><span class='ocrx_word' id='word_1_740' title='bbox 117 5329 217 5396; x_wconf 78' lang='grc' dir='ltr'>τὴν</span> <span class='ocrx_word' id='word_1_741' title='bbox 273 5329 380 5402; x_wconf 75' lang='grc' dir='ltr'><strong>πρὸ</strong></span> <span class='ocrx_word' id='word_1_742' title='bbox 453 5330 675 5401; x_wconf 72' lang='grc' dir='ltr'>σαρκὸς,</span> <span class='ocrx_word' id='word_1_743' title='bbox 737 5331 851 5403; x_wconf 75' lang='grc' dir='ltr'>ἔχει</span> <span class='ocrx_word' id='word_1_744' title='bbox 925 5335 1358 5404; x_wconf 79' lang='grc' dir='ltr'>προσειρημένον</span> <span class='ocrx_word' id='word_1_745' title='bbox 1409 5335 1468 5390; x_wconf 74' lang='grc' dir='ltr'><strong>τὸ</strong></span> <span class='ocrx_word' id='word_1_746' title='bbox 1511 5339 1695 5408; x_wconf 71' lang='grc' dir='ltr'>σαρκὶ,</span> 
     </span>
    </p>
   </div>
   <div class='ocr_carea' id='block_1_101' title="bbox 118 5420 1692 5501">
    <p class='ocr_par' dir='ltr' id='par_1_101' title="bbox 118 5420 1692 5501">
     <span class='ocr_line' id='line_1_101' title="bbox 118 5420 1692 5501; baseline 0.005 -27"><span class='ocrx_word' id='word_1_747' title='bbox 118 5420 288 5490; x_wconf 76' lang='grc' dir='ltr'>ἤγουν</span> <span class='ocrx_word' id='word_1_748' title='bbox 319 5425 382 5494; x_wconf 83' lang='grc' dir='ltr'><strong>τῇ</strong></span> <span class='ocrx_word' id='word_1_749' title='bbox 421 5424 584 5494; x_wconf 71' lang='grc' dir='ltr'>ἑτέρᾳ</span> <span class='ocrx_word' id='word_1_750' title='bbox 627 5423 788 5494; x_wconf 81' lang='grc' dir='ltr'>φύσει</span> <span class='ocrx_word' id='word_1_751' title='bbox 827 5427 893 5496; x_wconf 84' lang='grc' dir='ltr'><strong>τῇ</strong></span> <span class='ocrx_word' id='word_1_752' title='bbox 925 5427 984 5479; x_wconf 80' lang='grc' dir='ltr'>ὲν</span> <span class='ocrx_word' id='word_1_753' title='bbox 1035 5425 1112 5496; x_wconf 83' lang='grc' dir='ltr'><strong>τῷ</strong></span> <span class='ocrx_word' id='word_1_754' title='bbox 1153 5427 1392 5496; x_wconf 81' lang='grc' dir='ltr'>συνθέτῳ</span> <span class='ocrx_word' id='word_1_755' title='bbox 1441 5429 1692 5501; x_wconf 79' lang='grc' dir='ltr'>Χριστῷ·</span> 
     </span>
    </p>
   </div>
   <div class='ocr_carea' id='block_1_102' title="bbox 117 5512 1697 5591">
    <p class='ocr_par' dir='ltr' id='par_1_102' title="bbox 117 5512 1697 5591">
     <span class='ocr_line' id='line_1_102' title="bbox 117 5512 1697 5591; baseline 0.007 -26"><span class='ocrx_word' id='word_1_756' title='bbox 117 5512 213 5565; x_wconf 75' lang='grc' dir='ltr'>καὶ</span> <span class='ocrx_word' id='word_1_757' title='bbox 231 5513 320 5566; x_wconf 79' lang='grc' dir='ltr'>διὰ</span> <span class='ocrx_word' id='word_1_758' title='bbox 346 5515 501 5568; x_wconf 83' lang='grc' dir='ltr'>τοῦτο</span> <span class='ocrx_word' id='word_1_759' title='bbox 529 5517 692 5586; x_wconf 77' lang='grc' dir='ltr'>ἡνίκα</span> <span class='ocrx_word' id='word_1_760' title='bbox 731 5517 792 5570; x_wconf 83' lang='grc' dir='ltr'>τὸ</span> <span class='ocrx_word' id='word_1_761' title='bbox 834 5518 1005 5581; x_wconf 83' lang='grc' dir='ltr'>πάθος</span> <span class='ocrx_word' id='word_1_762' title='bbox 1039 5519 1132 5573; x_wconf 84' lang='grc' dir='ltr'><strong>τοὺ</strong></span> <span class='ocrx_word' id='word_1_763' title='bbox 1157 5519 1382 5591; x_wconf 76' lang='grc' dir='ltr'>Λόγοιιῆ</span> <span class='ocrx_word' id='word_1_764' title='bbox 1407 5520 1541 5574; x_wconf 83' lang='grc' dir='ltr'><strong>Θεοῦ</strong></span> <span class='ocrx_word' id='word_1_765' title='bbox 1567 5539 1697 5576; x_wconf 80' lang='grc' dir='ltr'>κατ-</span> 
     </span>
    </p>
   </div>
   <div class='ocr_carea' id='block_1_103' title="bbox 118 5605 1696 5683">
    <p class='ocr_par' dir='ltr' id='par_1_103' title="bbox 118 5605 1696 5683">
     <span class='ocr_line' id='line_1_103' title="bbox 118 5605 1696 5683; baseline 0.007 -28"><span class='ocrx_word' id='word_1_766' title='bbox 118 5605 447 5674; x_wconf 81' lang='grc' dir='ltr'>ηγοροῦμεν,</span> <span class='ocrx_word' id='word_1_767' title='bbox 499 5607 576 5671; x_wconf 84' lang='grc' dir='ltr'>ὡς</span> <span class='ocrx_word' id='word_1_768' title='bbox 629 5608 722 5662; x_wconf 74' lang='grc' dir='ltr'>τοῦ</span> <span class='ocrx_word' id='word_1_769' title='bbox 788 5609 908 5664; x_wconf 83' lang='grc' dir='ltr'>ὅλου</span> <span class='ocrx_word' id='word_1_770' title='bbox 938 5609 1232 5681; x_wconf 83' lang='grc' dir='ltr'>προσώπου</span> <span class='ocrx_word' id='word_1_771' title='bbox 1277 5611 1538 5683; x_wconf 82' lang='grc' dir='ltr'>Χριστοῦ,</span> <span class='ocrx_word' id='word_1_772' title='bbox 1588 5615 1696 5666; x_wconf 64' lang='grc' dir='ltr'>ἀπο</span> 
     </span>
    </p>
   </div>
   <div class='ocr_carea' id='block_1_104' title="bbox 123 5691 1694 5772">
    <p class='ocr_par' dir='ltr' id='par_1_104' title="bbox 123 5691 1694 5772">
     <span class='ocr_line' id='line_1_104' title="bbox 123 5691 1694 5772; baseline 0.017 -29"><span class='ocrx_word' id='word_1_773' title='bbox 123 5691 322 5762; x_wconf 74' lang='grc' dir='ltr'>μέρους</span> <span class='ocrx_word' id='word_1_774' title='bbox 351 5697 458 5748; x_wconf 83' lang='grc' dir='ltr'><strong>τῶν</strong></span> <span class='ocrx_word' id='word_1_775' title='bbox 501 5698 558 5751; x_wconf 80' lang='grc' dir='ltr'>ἐν</span> <span class='ocrx_word' id='word_1_776' title='bbox 593 5700 742 5770; x_wconf 77' lang='grc' dir='ltr'>αὐτῷ</span> <span class='ocrx_word' id='word_1_777' title='bbox 801 5703 1098 5772; x_wconf 69' lang='grc' dir='ltr'>ἐπάγοειεν,</span> <span class='ocrx_word' id='word_1_778' title='bbox 1135 5705 1223 5756; x_wconf 77' lang='grc' dir='ltr'><strong>καὶ</strong></span> <span class='ocrx_word' id='word_1_779' title='bbox 1274 5704 1363 5757; x_wconf 80' lang='grc' dir='ltr'><strong>διὰ</strong></span> <span class='ocrx_word' id='word_1_780' title='bbox 1399 5704 1556 5767; x_wconf 76' lang='grc' dir='ltr'>ποίας</span> <span class='ocrx_word' id='word_1_781' title='bbox 1591 5705 1694 5756; x_wconf 57' lang='grc' dir='ltr'><strong>τῶν</strong></span> 
     </span>
    </p>
   </div>
   <div class='ocr_carea' id='block_1_105' title="bbox 119 5781 612 5856">
    <p class='ocr_par' dir='ltr' id='par_1_105' title="bbox 119 5781 612 5856">
     <span class='ocr_line' id='line_1_105' title="bbox 119 5781 612 5856; baseline 0.018 -23"><span class='ocrx_word' id='word_1_782' title='bbox 119 5781 178 5834; x_wconf 76' lang='grc' dir='ltr'>ἐν</span> <span class='ocrx_word' id='word_1_783' title='bbox 204 5784 350 5856; x_wconf 80' lang='grc' dir='ltr'>αὑτῴ</span> <span class='ocrx_word' id='word_1_784' title='bbox 378 5785 612 5856; x_wconf 81' lang='grc' dir='ltr'>φύσεων.</span> 
     </span>
    </p>
   </div>
   <div class='ocr_carea' id='block_1_106' title="bbox 1802 4601 3381 4678">
    <p class='ocr_par' dir='ltr' id='par_1_106' title="bbox 1802 4601 3381 4678">
     <span class='ocr_line' id='line_1_106' title="bbox 1802 4601 3381 4678; baseline -0.007 -12"><span class='ocrx_word' id='word_1_785' title='bbox 1802 4613 2230 4666; x_wconf 81' lang='lat' dir='ltr'><strong>instrumentum</strong></span> <span class='ocrx_word' id='word_1_786' title='bbox 2253 4607 2368 4662; x_wconf 89' lang='lat' dir='ltr'><strong>sive</strong></span> <span class='ocrx_word' id='word_1_787' title='bbox 2390 4607 2664 4678; x_wconf 87' lang='lat' dir='ltr'><strong>operans?</strong></span> <span class='ocrx_word' id='word_1_788' title='bbox 2691 4606 2745 4661; x_wconf 93' lang='lat' dir='ltr'><strong>Si</strong></span> <span class='ocrx_word' id='word_1_789' title='bbox 2779 4620 2912 4661; x_wconf 87' lang='lat' dir='ltr'><strong>vero</strong></span> <span class='ocrx_word' id='word_1_790' title='bbox 2944 4601 3381 4673; x_wconf 87' lang='lat' dir='ltr'><strong>unumquodque</strong></span> 
     </span>
    </p>
   </div>
   <div class='ocr_carea' id='block_1_107' title="bbox 1800 4691 3384 4767">
    <p class='ocr_par' dir='ltr' id='par_1_107' title="bbox 1800 4691 3384 4767">
     <span class='ocr_line' id='line_1_107' title="bbox 1800 4691 3384 4767; baseline -0.001 -19"><span class='ocrx_word' id='word_1_791' title='bbox 1800 4697 2151 4767; x_wconf 77' lang='lat' dir='ltr'><strong>praefatorum</strong></span> <span class='ocrx_word' id='word_1_792' title='bbox 2213 4695 2502 4766; x_wconf 79' lang='lat' dir='ltr'><strong>nominum</strong></span> <span class='ocrx_word' id='word_1_793' title='bbox 2555 4695 2666 4750; x_wconf 89' lang='lat' dir='ltr'><strong>duo</strong></span> <span class='ocrx_word' id='word_1_794' title='bbox 2711 4693 2992 4765; x_wconf 78' lang='lat' dir='ltr'><strong>exprimit,</strong></span> <span class='ocrx_word' id='word_1_795' title='bbox 3053 4693 3200 4765; x_wconf 92' lang='lat' dir='ltr'><strong>quod</strong></span> <span class='ocrx_word' id='word_1_796' title='bbox 3249 4691 3384 4762; x_wconf 82' lang='lat' dir='ltr'><strong>ipsis</strong></span> 
     </span>
    </p>
   </div>
   <div class='ocr_carea' id='block_1_108' title="bbox 1800 4784 3382 4859">
    <p class='ocr_par' dir='ltr' id='par_1_108' title="bbox 1800 4784 3382 4859">
     <span class='ocr_line' id='line_1_108' title="bbox 1800 4784 3382 4859; baseline -0.004 -17"><span class='ocrx_word' id='word_1_797' title='bbox 1800 4789 2059 4859; x_wconf 84' lang='lat' dir='ltr'><strong>adjicitur</strong></span> <span class='ocrx_word' id='word_1_798' title='bbox 2100 4787 2340 4844; x_wconf 85' lang='lat' dir='ltr'><strong>absurde</strong></span> <span class='ocrx_word' id='word_1_799' title='bbox 2370 4795 2454 4844; x_wconf 88' lang='lat' dir='ltr'><strong>est</strong></span> <span class='ocrx_word' id='word_1_800' title='bbox 2490 4789 2761 4844; x_wconf 87' lang='lat' dir='ltr'><strong>addit—um.</strong></span> <span class='ocrx_word' id='word_1_801' title='bbox 2795 4787 2926 4852; x_wconf 91' lang='lat' dir='ltr'><strong>Sed,</strong></span> <span class='ocrx_word' id='word_1_802' title='bbox 2959 4787 3100 4842; x_wconf 91' lang='lat' dir='ltr'><strong>heus</strong></span> <span class='ocrx_word' id='word_1_803' title='bbox 3139 4785 3272 4840; x_wconf 85' lang='lat' dir='ltr'><strong>vos!</strong></span> <span class='ocrx_word' id='word_1_804' title='bbox 3307 4784 3382 4837; x_wconf 92' lang='lat' dir='ltr'><strong>si-</strong></span> 
     </span>
    </p>
   </div>
   <div class='ocr_carea' id='block_1_109' title="bbox 1799 4871 3379 4951">
    <p class='ocr_par' dir='ltr' id='par_1_109' title="bbox 1799 4871 3379 4951">
     <span class='ocr_line' id='line_1_109' title="bbox 1799 4871 3379 4951; baseline -0.005 -19"><span class='ocrx_word' id='word_1_805' title='bbox 1799 4879 2268 4951; x_wconf 80' lang='lat' dir='ltr'><strong>gniﬁcatquidem</strong></span> <span class='ocrx_word' id='word_1_806' title='bbox 2294 4879 2405 4934; x_wconf 90' lang='lat' dir='ltr'><strong>duo</strong></span> <span class='ocrx_word' id='word_1_807' title='bbox 2440 4880 2494 4932; x_wconf 92' lang='lat' dir='ltr'><strong>in</strong></span> <span class='ocrx_word' id='word_1_808' title='bbox 2527 4879 2688 4934; x_wconf 90' lang='lat' dir='ltr'><strong>unica</strong></span> <span class='ocrx_word' id='word_1_809' title='bbox 2712 4875 2992 4946; x_wconf 82' lang='lat' dir='ltr'><strong>hypostasi</strong></span> <span class='ocrx_word' id='word_1_810' title='bbox 3024 4871 3379 4941; x_wconf 88' lang='lat' dir='ltr'><strong>unumquod—</strong></span> 
     </span>
    </p>
   </div>
   <div class='ocr_carea' id='block_1_110' title="bbox 1801 4965 3379 5042">
    <p class='ocr_par' dir='ltr' id='par_1_110' title="bbox 1801 4965 3379 5042">
     <span class='ocr_line' id='line_1_110' title="bbox 1801 4965 3379 5042; baseline -0.004 -17"><span class='ocrx_word' id='word_1_811' title='bbox 1801 4988 1907 5042; x_wconf 83' lang='lat' dir='ltr'><strong>que</strong></span> <span class='ocrx_word' id='word_1_812' title='bbox 1938 4973 2288 5042; x_wconf 64' lang='lat' dir='ltr'><strong>prmfatorum</strong></span> <span class='ocrx_word' id='word_1_813' title='bbox 2316 4970 2638 5033; x_wconf 88' lang='lat' dir='ltr'><strong>nominum;</strong></span> <span class='ocrx_word' id='word_1_814' title='bbox 2685 4983 2796 5022; x_wconf 88' lang='lat' dir='ltr'><strong>non</strong></span> <span class='ocrx_word' id='word_1_815' title='bbox 2838 4966 3092 5021; x_wconf 88' lang='lat' dir='ltr'><strong>alludunt</strong></span> <span class='ocrx_word' id='word_1_816' title='bbox 3139 4979 3273 5019; x_wconf 87' lang='lat' dir='ltr'><strong>vero</strong></span> <span class='ocrx_word' id='word_1_817' title='bbox 3310 4965 3379 5018; x_wconf 88' lang='lat' dir='ltr'><strong>ad</strong></span> 
     </span>
    </p>
   </div>
   <div class='ocr_carea' id='block_1_111' title="bbox 1801 5055 3380 5120">
    <p class='ocr_par' dir='ltr' id='par_1_111' title="bbox 1801 5055 3380 5120">
     <span class='ocr_line' id='line_1_111' title="bbox 1801 5055 3380 5120; baseline -0.005 -3"><span class='ocrx_word' id='word_1_818' title='bbox 1801 5064 2023 5118; x_wconf 81' lang='lat' dir='ltr'><strong>unicam</strong></span> <span class='ocrx_word' id='word_1_819' title='bbox 2045 5072 2322 5120; x_wconf 88' lang='lat' dir='ltr'><strong>naturam.</strong></span> <span class='ocrx_word' id='word_1_820' title='bbox 2365 5061 2462 5115; x_wconf 88' lang='lat' dir='ltr'><strong>sed</strong></span> <span class='ocrx_word' id='word_1_821' title='bbox 2514 5061 2580 5116; x_wconf 89' lang='lat' dir='ltr'><strong>ad</strong></span> <span class='ocrx_word' id='word_1_822' title='bbox 2607 5061 2745 5115; x_wconf 90' lang='lat' dir='ltr'><strong>duas</strong></span> <span class='ocrx_word' id='word_1_823' title='bbox 2776 5066 3004 5115; x_wconf 87' lang='lat' dir='ltr'><strong>naturas</strong></span> <span class='ocrx_word' id='word_1_824' title='bbox 3033 5072 3198 5114; x_wconf 86' lang='lat' dir='ltr'><strong>voces</strong></span> <span class='ocrx_word' id='word_1_825' title='bbox 3217 5055 3380 5112; x_wconf 85' lang='lat' dir='ltr'><strong>Chri—</strong></span> 
     </span>
    </p>
   </div>
   <div class='ocr_carea' id='block_1_112' title="bbox 1800 5148 3380 5217">
    <p class='ocr_par' dir='ltr' id='par_1_112' title="bbox 1800 5148 3380 5217">
     <span class='ocr_line' id='line_1_112' title="bbox 1800 5148 3380 5217; baseline -0.006 -9"><span class='ocrx_word' id='word_1_826' title='bbox 1800 5162 1940 5217; x_wconf 91' lang='lat' dir='ltr'><strong>stus,</strong></span> <span class='ocrx_word' id='word_1_827' title='bbox 1997 5154 2160 5216; x_wconf 89' lang='lat' dir='ltr'><strong>Dcus,</strong></span> <span class='ocrx_word' id='word_1_828' title='bbox 2230 5162 2286 5206; x_wconf 91' lang='lat' dir='ltr'><strong>et</strong></span> <span class='ocrx_word' id='word_1_829' title='bbox 2321 5151 2583 5206; x_wconf 88' lang='lat' dir='ltr'><strong>Verbum.</strong></span> <span class='ocrx_word' id='word_1_830' title='bbox 2619 5150 2852 5206; x_wconf 83' lang='lat' dir='ltr'><strong>Nomina</strong></span> <span class='ocrx_word' id='word_1_831' title='bbox 2904 5158 3086 5204; x_wconf 80' lang='lat' dir='ltr'><strong>tamen</strong></span> <span class='ocrx_word' id='word_1_832' title='bbox 3138 5148 3286 5202; x_wconf 89' lang='lat' dir='ltr'><strong>Deus</strong></span> <span class='ocrx_word' id='word_1_833' title='bbox 3324 5155 3380 5200; x_wconf 90' lang='lat' dir='ltr'><strong>et</strong></span> 
     </span>
    </p>
   </div>
   <div class='ocr_carea' id='block_1_113' title="bbox 1803 5241 3378 5312">
    <p class='ocr_par' dir='ltr' id='par_1_113' title="bbox 1803 5241 3378 5312">
     <span class='ocr_line' id='line_1_113' title="bbox 1803 5241 3378 5312; baseline -0.005 -13"><span class='ocrx_word' id='word_1_834' title='bbox 1803 5245 2048 5306; x_wconf 83' lang='lat' dir='ltr'><strong>Verbum,</strong></span> <span class='ocrx_word' id='word_1_835' title='bbox 2111 5259 2236 5298; x_wconf 89' lang='lat' dir='ltr'><strong>cum</strong></span> <span class='ocrx_word' id='word_1_836' title='bbox 2287 5243 2394 5298; x_wconf 86' lang='lat' dir='ltr'><strong>dici</strong></span> <span class='ocrx_word' id='word_1_837' title='bbox 2450 5241 2665 5312; x_wconf 91' lang='lat' dir='ltr'><strong>possint</strong></span> <span class='ocrx_word' id='word_1_838' title='bbox 2699 5241 2766 5296; x_wconf 92' lang='lat' dir='ltr'><strong>dc</strong></span> <span class='ocrx_word' id='word_1_839' title='bbox 2811 5242 2974 5297; x_wconf 87' lang='lat' dir='ltr'><strong>unica</strong></span> <span class='ocrx_word' id='word_1_840' title='bbox 3024 5249 3222 5295; x_wconf 86' lang='lat' dir='ltr'><strong>natura</strong></span> <span class='ocrx_word' id='word_1_841' title='bbox 3251 5247 3378 5293; x_wconf 89' lang='lat' dir='ltr'><strong>ante</strong></span> 
     </span>
    </p>
   </div>
   <div class='ocr_carea' id='block_1_114' title="bbox 1802 5332 3376 5404">
    <p class='ocr_par' dir='ltr' id='par_1_114' title="bbox 1802 5332 3376 5404">
     <span class='ocr_line' id='line_1_114' title="bbox 1802 5332 3376 5404; baseline -0.005 -13"><span class='ocrx_word' id='word_1_842' title='bbox 1802 5336 2238 5391; x_wconf 81' lang='lat' dir='ltr'><strong>incarnationem</strong></span> <span class='ocrx_word' id='word_1_843' title='bbox 2295 5342 2572 5404; x_wconf 88' lang='lat' dir='ltr'><strong>spectata,</strong></span> <span class='ocrx_word' id='word_1_844' title='bbox 2628 5334 2870 5388; x_wconf 88' lang='lat' dir='ltr'><strong>additam</strong></span> <span class='ocrx_word' id='word_1_845' title='bbox 2926 5332 3133 5392; x_wconf 86' lang='lat' dir='ltr'><strong>habent</strong></span> <span class='ocrx_word' id='word_1_846' title='bbox 3183 5345 3376 5384; x_wconf 87' lang='lat' dir='ltr'><strong>vocem</strong></span> 
     </span>
    </p>
   </div>
   <div class='ocr_carea' id='block_1_115' title="bbox 1801 5421 3378 5496">
    <p class='ocr_par' dir='ltr' id='par_1_115' title="bbox 1801 5421 3378 5496">
     <span class='ocr_line' id='line_1_115' title="bbox 1801 5421 3378 5496; baseline -0.004 -14"><span class='ocrx_word' id='word_1_847' title='bbox 1801 5445 1980 5492; x_wconf 84' lang='lat' dir='ltr'><strong>carne,</strong></span> <span class='ocrx_word' id='word_1_848' title='bbox 2021 5427 2077 5482; x_wconf 88' lang='lat' dir='ltr'><strong>id</strong></span> <span class='ocrx_word' id='word_1_849' title='bbox 2123 5436 2226 5492; x_wconf 88' lang='lat' dir='ltr'><strong>est,</strong></span> <span class='ocrx_word' id='word_1_850' title='bbox 2261 5429 2436 5483; x_wconf 89' lang='lat' dir='ltr'><strong>altera</strong></span> <span class='ocrx_word' id='word_1_851' title='bbox 2467 5435 2664 5481; x_wconf 86' lang='lat' dir='ltr'><strong>natura</strong></span> <span class='ocrx_word' id='word_1_852' title='bbox 2709 5426 2762 5480; x_wconf 90' lang='lat' dir='ltr'><strong>in</strong></span> <span class='ocrx_word' id='word_1_853' title='bbox 2808 5427 3119 5496; x_wconf 86' lang='lat' dir='ltr'><strong>composito</strong></span> <span class='ocrx_word' id='word_1_854' title='bbox 3155 5421 3378 5478; x_wconf 85' lang='lat' dir='ltr'><strong>Christo</strong></span> 
     </span>
    </p>
   </div>
   <div class='ocr_carea' id='block_1_116' title="bbox 1800 5513 3376 5586">
    <p class='ocr_par' dir='ltr' id='par_1_116' title="bbox 1800 5513 3376 5586">
     <span class='ocr_line' id='line_1_116' title="bbox 1800 5513 3376 5586; baseline -0.006 -11"><span class='ocrx_word' id='word_1_855' title='bbox 1800 5521 2119 5576; x_wconf 79' lang='lat' dir='ltr'><strong>exsistente.</strong></span> <span class='ocrx_word' id='word_1_856' title='bbox 2150 5520 2217 5574; x_wconf 85' lang='lat' dir='ltr'><strong>Et</strong></span> <span class='ocrx_word' id='word_1_857' title='bbox 2255 5519 2400 5574; x_wconf 87' lang='lat' dir='ltr'><strong>hanc</strong></span> <span class='ocrx_word' id='word_1_858' title='bbox 2432 5518 2504 5572; x_wconf 87' lang='lat' dir='ltr'><strong>ob</strong></span> <span class='ocrx_word' id='word_1_859' title='bbox 2537 5533 2757 5572; x_wconf 88' lang='lat' dir='ltr'><strong>causam</strong></span> <span class='ocrx_word' id='word_1_860' title='bbox 2800 5518 3023 5586; x_wconf 85' lang='lat' dir='ltr'><strong>quando</strong></span> <span class='ocrx_word' id='word_1_861' title='bbox 3065 5513 3376 5584; x_wconf 89' lang='lat' dir='ltr'><strong>passionem</strong></span> 
     </span>
    </p>
   </div>
   <div class='ocr_carea' id='block_1_117' title="bbox 1804 5607 3376 5678">
    <p class='ocr_par' dir='ltr' id='par_1_117' title="bbox 1804 5607 3376 5678">
     <span class='ocr_line' id='line_1_117' title="bbox 1804 5607 3376 5678; baseline -0.004 -10"><span class='ocrx_word' id='word_1_862' title='bbox 1804 5617 1912 5669; x_wconf 81' lang='lat' dir='ltr'><strong>Deo</strong></span> <span class='ocrx_word' id='word_1_863' title='bbox 1964 5625 2058 5667; x_wconf 89' lang='lat' dir='ltr'><strong>aut</strong></span> <span class='ocrx_word' id='word_1_864' title='bbox 2087 5613 2267 5668; x_wconf 86' lang='lat' dir='ltr'><strong>Verbo</strong></span> <span class='ocrx_word' id='word_1_865' title='bbox 2307 5611 2659 5668; x_wconf 78' lang='lat' dir='ltr'><strong>attribuimus</strong></span> <span class='ocrx_word' id='word_1_866' title='bbox 2698 5610 2919 5665; x_wconf 83' lang='lat' dir='ltr'><strong>Christo</strong></span> <span class='ocrx_word' id='word_1_867' title='bbox 2963 5626 3062 5678; x_wconf 84' lang='lat' dir='ltr'><strong>pro</strong></span> <span class='ocrx_word' id='word_1_868' title='bbox 3101 5607 3376 5677; x_wconf 79' lang='lat' dir='ltr'><strong>completa</strong></span> 
     </span>
    </p>
   </div>
   <div class='ocr_carea' id='block_1_118' title="bbox 1802 5701 3373 5773">
    <p class='ocr_par' dir='ltr' id='par_1_118' title="bbox 1802 5701 3373 5773">
     <span class='ocr_line' id='line_1_118' title="bbox 1802 5701 3373 5773; baseline -0.003 -15"><span class='ocrx_word' id='word_1_869' title='bbox 1802 5721 2035 5773; x_wconf 84' lang='lat' dir='ltr'><strong>persona</strong></span> <span class='ocrx_word' id='word_1_870' title='bbox 2088 5705 2294 5767; x_wconf 84' lang='lat' dir='ltr'><strong>habito,</strong></span> <span class='ocrx_word' id='word_1_871' title='bbox 2345 5721 2412 5758; x_wconf 78' lang='lat' dir='ltr'><strong>ex</strong></span> <span class='ocrx_word' id='word_1_872' title='bbox 2451 5711 2607 5773; x_wconf 87' lang='lat' dir='ltr'><strong>parte</strong></span> <span class='ocrx_word' id='word_1_873' title='bbox 2651 5718 2842 5757; x_wconf 82' lang='lat' dir='ltr'><strong>eorum</strong></span> <span class='ocrx_word' id='word_1_874' title='bbox 2893 5701 3099 5772; x_wconf 83' lang='lat' dir='ltr'><strong>quibus</strong></span> <span class='ocrx_word' id='word_1_875' title='bbox 3133 5711 3373 5768; x_wconf 87' lang='lat' dir='ltr'><strong>constat,</strong></span> 
     </span>
    </p>
   </div>
   <div class='ocr_carea' id='block_1_119' title="bbox 1805 5789 3268 5864">
    <p class='ocr_par' dir='ltr' id='par_1_119' title="bbox 1805 5789 3268 5864">
     <span class='ocr_line' id='line_1_119' title="bbox 1805 5789 3268 5864; baseline -0.002 -18"><span class='ocrx_word' id='word_1_876' title='bbox 1805 5793 2094 5864; x_wconf 70' lang='lat' dir='ltr'><strong>adjieinms</strong></span> <span class='ocrx_word' id='word_1_877' title='bbox 2144 5809 2377 5860; x_wconf 80' lang='lat' dir='ltr'><strong>quanam</strong></span> <span class='ocrx_word' id='word_1_878' title='bbox 2428 5809 2494 5846; x_wconf 77' lang='lat' dir='ltr'><strong>ex</strong></span> <span class='ocrx_word' id='word_1_879' title='bbox 2547 5790 2758 5845; x_wconf 86' lang='lat' dir='ltr'><strong>naturis</strong></span> <span class='ocrx_word' id='word_1_880' title='bbox 2791 5789 2904 5844; x_wconf 82' lang='lat' dir='ltr'><strong>suis</strong></span> <span class='ocrx_word' id='word_1_881' title='bbox 2947 5804 3142 5860; x_wconf 85' lang='lat' dir='ltr'><strong>passus</strong></span> <span class='ocrx_word' id='word_1_882' title='bbox 3174 5789 3268 5844; x_wconf 88' lang='lat' dir='ltr'><strong>sit.</strong></span> 
     </span>
    </p>
   </div>
  </div>
