3908 6306
529 298 540 313 ε
592 221 775 284 1768⁸

1229 340 1378 397 CAP.
1443 345 1534 398 IX.

662 427 864 483 llicunt
902 430 1068 486 etiam
1118 449 1130 484 :
1177 431 1233 486 Si
1281 434 1587 490 secundum
1637 437 2001 500 substantiam
2049 452 2162 492 non

595 532 817 586 passum
852 527 938 574 est
953 521 1220 590 Verbum,
1247 525 1595 580 manifestum
1631 536 1715 582 est
1739 527 1871 582 illud
1897 543 2006 582 non
2035 528 2163 582 sub?

590 609 924 667 stantialiter
967 629 1088 670 esse
1121 632 1376 686 passum;
1422 619 1468 673 si
1506 635 1636 676 vero
1670 637 1780 676 non
1831 621 2163 679 substantia-

589 697 740 764 liter,
762 701 988 758 minime
1019 718 1237 772 passum
1261 714 1344 762 est
1376 724 1390 760 :
1421 709 1744 764 substantiae
1772 709 1919 773 enim
1945 710 2162 782 proprie

589 797 718 842 sunt
765 791 1069 859 passiones.
1105 793 1175 849 At
1207 811 1442 866 persona
1479 799 1647 854 etiam
1679 801 1920 856 Verbum
1961 799 2162 855 dicitur

587 896 709 936 esse
743 899 1001 952 passum:
1034 889 1334 960 assumpsit
1361 891 1510 945 enim
1555 893 1875 963 passibilem
1903 901 2162 948 naturam

586 973 646 1028 in
690 989 846 1034 suam
880 978 1056 1048 ipsius
1077 981 1415 1052 bypostasim
1438 999 1562 1038 cum
1594 985 1818 1054 propria
1843 1000 1942 1040 sua
1968 993 2162 1041 natura

588 1065 914 1136 impassibili
944 1079 1035 1132 :et
1066 1082 1280 1136 natura:
1321 1075 1586 1132 attributa
1621 1077 1688 1132 de
1734 1092 1968 1146 persona
2015 1087 2163 1143 recte

587 1157 697 1214 dici
741 1161 944 1221 solent.

1245 1280 1396 1335 CAP.
1449 1282 1516 1336 Χ.
1594 1339 1596 1341 .

659 1379 823 1446 Ecce,
845 1381 1123 1451 inquiunt,
1155 1385 1320 1440 Pater
1341 1397 1526 1441 vester
1551 1385 1808 1458 Cyrillus,
1827 1389 1999 1442 Deum
2027 1388 2163 1444 Ver-

585 1467 718 1521 bum
760 1484 980 1538 passum
1022 1485 1145 1526 esse
1192 1473 1405 1538 dicens,
1453 1483 1511 1529 et
1541 1477 1819 1546 quomodo
1845 1477 1981 1533 illud
2017 1479 2166 1534 dicat

585 1573 710 1614 esse
766 1561 1035 1630 possibile
1097 1564 1493 1636 interrogatus,
1551 1582 1610 1622 se
1664 1567 1914 1624 defendit
1960 1560 2165 1640 passim

584 1651 976 1722 respondendo
1022 1655 1261 1710 Verbum
1315 1673 1536 1712 carnem
1569 1665 1769 1713 natura
1813 1675 2027 1728 passam
2057 1661 2164 1716 sibi

586 1744 997 1814 appropriasse.
1045 1746 1102 1802 Si
1147 1762 1280 1818 ergo
1317 1763 1417 1818 per
1463 1749 1967 1818 appr0priationem
2015 1750 2164 1806 illius

585 1836 682 1906 qui
731 1851 762 1891 a
801 1836 1007 1893 Judaais
1037 1853 1234 1908 passus
1262 1847 1366 1902 est,
1401 1839 1681 1908 passibilis
1710 1849 1794 1896 est
1829 1843 1974 1897 Deus
2009 1841 2065 1896 in
2097 1858 2164 1898 eo

588 1941 723 1983 vere
775 1929 1105 1995 immanens,
1156 1945 1288 2001 ergo
1321 1939 1377 1985 et
1409 1945 1512 2001 per
1560 1930 1732 1985 solam
1764 1933 2166 2004 appropriatio-

586 2035 714 2073 nem
759 2019 910 2075 illius
947 2021 1038 2090 qui
1073 2037 1138 2076 ex
1185 2021 1417 2076 muliere
1453 2029 1618 2076 natus
1651 2030 1756 2088 est,
1801 2028 1970 2076 natus
1987 2031 2071 2078 est
2096 2039 2162 2078 ex

587 2111 820 2166 muliere
852 2126 1082 2168 manens
1129 2113 1182 2166 in
1223 2113 1344 2183 ipso
1383 2113 1549 2168 Deus.
1582 2111 1706 2168 Non
1734 2112 1900 2184 igitur
1929 2122 2077 2170 recte
2103 2125 2164 2170 ut

585 2201 817 2257 deicida:
837 2201 1114 2257 habentur
1135 2201 1331 2268 Judaei,
1371 2202 1626 2273 quamvis
1653 2202 1942 2271 dicantur;
1981 2219 2163 2275 neque

583 2299 671 2346 est
712 2289 947 2361 Deipara
1001 2290 1190 2362 Virgo,
1244 2292 1501 2362 quamvis
1543 2291 1763 2348 dicatur
1813 2311 1827 2346 :
1877 2308 2005 2348 nam
2055 2294 2161 2350 sibi

583 2381 945 2451 appropriare
986 2397 1211 2452 passum
1270 2391 1326 2438 et
1375 2394 1718 2454 generatum,
1764 2399 1875 2439 non
1913 2393 1998 2442 est
2047 2387 2160 2455 pati

581 2472 672 2526 vel
719 2473 997 2542 generari.
1049 2474 1120 2528 At
1167 2489 1270 2530 nos
1319 2475 1566 2543 realiter,
1615 2491 1728 2530 non
1775 2490 1929 2531 mera
1979 2477 2162 2532 carnis

583 2564 1039 2633 appropriatione
1099 2581 1319 2635 passum
1371 2581 1494 2622 esse
1546 2567 1633 2622 vel
1683 2574 1875 2621 natum
1927 2566 2162 2624 dicimus

581 2651 849 2709 Verbum.
883 2653 1022 2710 Cum
1053 2656 1216 2726 plura
1245 2657 1302 2711 in
1344 2658 1565 2712 unicam
1601 2657 1872 2730 integram
1901 2659 2162 2731 hyposta-

582 2741 689 2796 sim
721 2741 1014 2808 uniuntur,
1054 2745 1322 2800 attributa
1351 2745 1786 2818 uniuscujusque
1817 2747 1886 2802 de
1918 2755 2030 2803 tota
2057 2748 2162 2804 hac

583 2829 870 2902 bypostasi
921 2832 1219 2902 praedicari
1269 2843 1522 2905 possunt,
1567 2837 2030 2907 quemadmodum
2091 2838 2160 2912 de

583 2919 906 2977 hominibus
950 2922 1196 2978 dicitur:
1233 2944 1252 2978 ι
1284 2925 1508 2982 Videbit
1545 2927 1728 2982 omnis
1757 2942 1886 2984 caro
1915 2929 2160 2985 salutare

1439 231 1746 294 LEONTII
1787 237 2188 298 BYZANTJNI
2229 238 2396 298 ADV.
2435 237 2751 301 NESTOR.
2790 241 2934 301 Lm.
2970 239 3106 302 νιι.
3344 226 3368 255 ⁶

2193 345 2244 412 Α

3586 232 3693 300 ΙἸΒδ

2881 350 3133 404 ΚΕΦΑΛ.
3154 347 3230 404 6’.

2336 445 2503 499 Φασὶν
2530 442 2610 507 ἔτι
2629 460 2641 472 ο
2677 442 2726 494 εί
2749 443 2871 504 κατ’
2902 441 3094 494 οὐσίαν
3127 441 3224 494 οὐκ
3250 440 3462 510 ἔπασχεν
3485 439 3696 510 ὁΑόγοςτῆ

2271 538 2456 608 σαρκὶ,
2481 535 2637 606 δῆλον
2663 531 2744 587 ὅτι
2775 533 3039 594 ἅνουσίως
3064 532 3320 602 ἔπασχεν·
3361 532 3407 583 εί
3439 530 3488 584 δὲ
3515 529 3696 590 dvo-asas,

2269 625 2388 680 οὐδὲ
2435 622 2668 676 ἔπαθενο
2727 619 2915 684 οὐσίας
2960 619 3070 691 γὰρ
3127 619 3196 672 τὰ
3247 617 3384 692 πάθη
3420 615 3594 687 κυρίως.
3619 615 3698 668 om.

2270 715 2566 769 ὑποστάσει
2585 713 2678 766 καὶ
2713 712 2742 764 ὁ
2774 711 2944 780 Λόγος
2967 711 3187 779 λέγεται
3213 709 3391 763 παθεῖν
3412 725 3424 738 ·
3453 706 3698 778 προσελάϐετο

2269 806 2378 878 γὰρ
2405 802 2652 876 παθητὴν
2693 802 2885 857 οὐσίαν
2932 803 3012 864 εἰς
3060 801 3160 872 τὴν
3190 799 3374 854 ἑαυτοῦ
3405 799 3627 852 ὑπόστασιν
3645 798 3697 849 σιτ

2268 899 2335 969 τῇ
2383 897 2560 967 οἰκείᾳ
2581 897 2647 966 τῇ
2695 894 2897 950 ἀπαθεῖ
2921 909 2934 922 ·
2967 893 3062 947 καὶ
3097 892 3168 946 τὰ
3191 892 3286 960 τῆς
3311 890 3478 952 οὐσίας
3501 888 3698 956 κατηγορῇ

2273 1006 2416 1058 ματα
2451 987 2750 1058 εξώθειτῆς
2781 984 3133 1047 ὑποστάσεως
3185 979 3557 1060 κατηγορεῖσθαι
3579 978 3695 1049 ἐρθὲς.

2901 1269 3157 1326 ΚΕΦΑΛ.
3189 1269 3253 1327 1'.

2353 1372 2506 1438 Ἰδοὺ,
2543 1373 2731 1443 φασὶν,
2787 1374 2816 1428 ὁ
2871 1374 3143 1447 ὑμέτερος
3196 1372 3372 1444 πατὴρ
3416 1371 3618 1444 trapeto;
3649 1369 3698 1420 τὶι

2270 1463 2403 1518 Θεὸν
2432 1463 2605 1534 Λόγον
2627 1463 2954 1519 πεπονθέναι
2991 1464 3164 1536 σαρκὶ
3193 1462 3380 1532 λέγων,
3404 1459 3616 1516 καὶτοῦτο
3636 1459 3700 1517 n3;

2273 1572 2405 1626 φησι
2430 1554 2655 1620 δυνατὸν
2682 1550 2822 1610 εἶναι
2857 1553 3212 1624 ἀπαιτηθεὶς,
3253 1555 3371 1608 κατ’
3417 1550 3621 1607 attalum
3645 1549 3698 1614 τῆς

2273 1647 2604 1711 πεπονθυίας
2645 1646 2812 1716 φύσει
2833 1645 3036 1718 σαρκὸς
3061 1645 3232 1699 αὑτοῦ
3265 1645 3369 1702 ἄνω
3393 1645 3473 1698 καὶ
3493 1642 3601 1694 κάτω
3623 1641 3698 1690 ἀτι-

2268 1738 2504 1808 λογεῖται
2530 1753 2544 1768 ·
2596 1741 2646 1805 εί
2702 1733 2798 1799 οὖν
2841 1739 2907 1808 τῇ
2968 1734 3248 1790 οἰκειώσει
3290 1733 3378 1788 τοῦ
3417 1731 3613 1792 παθόντος
3641 1727 3700 1780 id

2267 1828 2536 1884 Ἰουδαίων
2571 1829 2815 1900 παθητὸς
2839 1829 2868 1882 ὁ
2895 1827 3028 1892 Θεὸς
3058 1826 3089 1888 ὸ
3113 1830 3176 1880 ὲν
3209 1825 3352 1896 αὑτῷ
3380 1826 3526 1895 μένων

2265 1921 2376 1992 ἄρα
2401 1937 2464 1990 γε
2487 1921 2584 1974 καὶ
2614 1921 2680 1992 τῇ
2711 1917 2986 1974 οἰκειώσει
3029 1917 3130 1978 τοῦ
3171 1916 3492 1989 γεννηθέντος
3515 1916 3563 1970 in
3583 1928 3698 1981 mur

2267 2013 2382 2077 κὸς.
2413 2013 2674 2082 γεννητὸς
2711 2011 2772 2078 ἐξ
2799 2008 2971 2083 αὐτῆς
2997 2013 3027 2064 ὁ
3068 2013 3133 2064 ὲν
3164 2008 3312 2080 αὐτῷ
3339 2008 3458 2072 Θεὸς
3487 2007 3622 2078 μόνον·
3642 2002 3700 2056 oh

2269 2105 2378 2175 ἄρα
2429 2099 2524 2158 οὖν
2590 2101 2808 2173 ἀληθῶς
2863 2101 3110 2164 νοοῦνται
3167 2099 3425 2155 θεοκτόνοι
3451 2097 3640 2159 Ἰουδαῖοι,
3671 2093 3700 2146 tl

2267 2195 2362 2248 καὶ
2411 2193 2692 2262 λέγονταιο
2749 2191 2872 2246 οὐδὲ
2921 2191 3192 2254 Θεοτόκος
3228 2193 3263 2262 ἠ
3305 2189 3556 2259 Παρθένος,
3589 2187 3620 2238 ci
3647 2181 3700 2239 ιειὶ

2263 2285 2480 2354 λέγεται
2499 2301 2514 2316 ο
2543 2285 2602 2339 οὑ
2649 2283 2757 2354 γὰρ
2781 2281 2844 2336 τὸ
2881 2282 3222 2347 οἰκειοῦσθαι
3247 2282 3307 2334 τὸ
3331 2279 3549 2351 πάσχονῆ
3571 2275 3700 2342 circv-

2263 2373 2524 2445 νώμενον,
2555 2373 2659 2444 ήδη
2697 2367 2944 2441 παθεῖνῆ
2982 2368 3318 2440 γεννηθῆναί
3345 2370 3466 2422 ἐστι.
3493 2359 3700 2430 mea;

2261 2463 2454 2527 ὅντως.
2501 2464 2602 2535 οὐχ
2633 2463 2823 2527 ἁπλῶς
2863 2460 3140 2516 οἰκειώσει
3196 2462 3296 2532 τῆς
3338 2458 3511 2532 σαρκὸς
3541 2447 3699 2516 ﬂat“

2262 2555 2588 2628 γεννηθῆναι
2639 2554 2730 2609 τὸν
2759 2553 2940 2623 Λόγον
2982 2553 3172 2622 φαμέν
3195 2571 3208 2582 ε
3266 2550 3376 2606 ἀλλ’
3414 2546 3561 2618 ἐπειδὴ
3590 2541 3699 2606 ltiti

2263 2648 2455 2704 ὲνὼσει
2493 2649 2656 2702 τινῶν
2687 2651 2754 2719 τῇ
2783 2649 2864 2711 είς
2907 2647 3036 2716 μίαν
3088 2643 3452 2714 ὑποστατικην
3477 2641 3638 2730 ὸλότηῖι
3660 2630 3700 2730 εξ

2261 2740 2502 2812 ὀνόματα
2548 2740 2780 2794 ἑκάστου
2828 2738 2938 2792 τῶν
2983 2741 3039 2791 ὲν
3078 2739 3222 2809 αὐτῇ
3279 2737 3480 2790 δύναται
3522 2727 3620 2784 κστᾶ
3645 2727 3698 2775 τῦ]

2262 2832 2389 2886 ὅλου
2423 2831 2705 2904 φέρεσθαι,
2725 2831 2916 2903 ὥσπερ
2944 2831 3004 2884 τὸ
3026 2833 3160 2899 περὶ
3185 2829 3466 2899 ἀνθρώπων
3488 2821 3699 2889 λεγῦμενον·

2261 2925 2360 2989 καὶ
2380 2922 2574 2992 ὄψεται
2604 2924 2754 2976 πᾶσα
2787 2922 2924 2994 σὰρξ
2973 2923 3034 2974 τὸ
3073 2924 3339 2993 σωτήριον
3369 2918 3564 2990 Κυρίουσ
3595 2904 3702 2994 uiti

583 3013 805 3069 Domini
835 3026 894 3082 ες
936 3033 955 3071 ι
991 3023 1047 3070 et
1079 3015 1182 3070 Lot
1215 3015 1424 3072 dicitur
1457 3035 1471 3070 :
1517 3035 1536 3068 ι
1570 3016 1802 3073 Salvans
1856 3019 2005 3074 salva
2050 3035 2119 3074 an

2156 3025 2239 3084 -C
2269 3013 2561 3087 εἰρημένον
2613 3011 2694 3085 τῷ
2745 2992 2904 3066 Λώτ·
2932 3031 2952 3064 ‹
3011 2992 3238 3076 rem
3287 3011 3416 3074 σῶζε
3455 3009 3536 3077 τὴν
3563 2992 3699 3056 πω]

584 3119 732 3160 mam
767 3114 916 3162 tuam
957 3105 1006 3160 ά.
1036 3125 1054 3158 ι
1095 3107 1408 3177 Aliquando
1452 3115 1637 3163 autem
1681 3109 1946 3164 attributa
1991 3111 2160 3166 totius

584 3197 962 3267 praedicantur
1019 3199 1087 3254 de
1110 3201 1361 3268 partibus
1397 3218 1410 3253 :
1457 3200 1602 3254 sicut
1645 3199 1884 3254 dicimus
1929 3199 2166 3256 fractum

584 3287 758 3344 fuisse
802 3289 952 3344 hunc
992 3289 1196 3355 virum,
1239 3291 1490 3361 quamvis
1521 3291 1589 3346 de
1629 3292 1882 3346 membro
1915 3295 2168 3364 corporis

585 3380 754 3450 hujus
789 3388 1002 3434 tantum
1027 3381 1193 3434 modo
1215 3389 1438 3451 agatur;
1465 3391 1523 3436 et
1542 3382 1844 3452 superbum
1874 3399 1994 3446 esse
2019 3385 2169 3442 hunc

583 3469 674 3523 vel
707 3469 864 3523 illum
911 3468 1214 3535 hominem,
1263 3471 1518 3540 quamvis
1545 3471 1599 3526 id
1627 3472 1800 3528 solius
1837 3473 1910 3528 sit
1945 3475 2162 3531 animae.

585 3557 872 3615 Interdum
899 3574 1038 3614 vero
1077 3559 1226 3630 quod
1257 3568 1342 3620 est
1371 3562 1655 3631 proprium
1677 3565 1772 3618 uni
1799 3565 1970 3621 totius
1998 3567 2164 3636 parti,

583 3649 745 3707 alteri
765 3650 936 3706 etiam
959 3651 1100 3720 parti
1137 3651 1523 3720 attribuimus;
1543 3653 1686 3711 sicut
1705 3653 1944 3712 dicimus
1975 3673 1988 3710 :
2023 3655 2168 3724 Quot

587 3741 786 3797 anima:
841 3741 1040 3798 occisae
1090 3749 1222 3796 sunt
1260 3743 1318 3797 in
1366 3745 1776 3815 expugnatione
1821 3746 2162 3804 Jerusalem!

585 3830 851 3897 Quamvis
895 3832 953 3887 id
997 3833 1324 3903 corporibus
1372 3841 1588 3890 tantum
1640 3845 1933 3906 competat.
1975 3836 2111 3892 Item
2149 3853 2163 3892 :

583 3918 705 3974 Non
726 3918 834 3974 fert
867 3919 1124 3992 injuriam
1151 3935 1356 3991 corpus
1383 3921 1660 3991 liberum;
1689 3923 1820 3980 licet.
1844 3925 1959 3980 sola
1983 3925 2166 3982 anima

585 4007 821 4080 pudoris
836 4009 912 4065 sit
934 4024 1124 4080 capax.
1146 4010 1226 4065 Ex
1247 4011 1335 4066 his
1376 4013 1637 4068 omnibus
1661 4021 1814 4084 patet
1837 4013 1945 4070 dici
1981 4031 2163 4084 posse,

583 4115 753 4164 carne
801 4099 1008 4166 Christi
1053 4115 1232 4171 passa,
1267 4101 1446 4172 ipsum
1483 4103 1722 4164 Verbum
1765 4119 1888 4168 esse
1919 4120 2162 4175 passum,

583 4204 686 4265 per
721 4189 1005 4257 unionem,
1065 4207 1176 4246 non
1211 4208 1312 4262 per
1357 4210 1566 4262 meram
1613 4195 2165 4273 appropriationem;

583 4291 909 4353 generatum
939 4299 1074 4346 vero
1101 4299 1222 4348 esse
1241 4285 1436 4340 eodem
1461 4301 1650 4352 sensu,
1679 4303 1742 4342 ac
1769 4287 1996 4358 insuper
2025 4305 2162 4358 qua-

2269 3105 2477 3176 ψυχήν
2515 3127 2536 3157 ι
2565 3103 2698 3158 ποτὲ
2724 3104 2782 3175 δὲ
2811 3105 2904 3158 καὶ
2934 3104 3001 3158 τὰ
3033 3104 3129 3157 τοῦ
3163 3101 3438 3168 ὃλουακατὰ
3458 3099 3547 3152 τῶν

2269 3174 2459 3265 ὥσπερ
2491 3193 2674 3266 φαμὲν
2710 3194 2792 3256 ὅτι
2821 3192 3064 3264 ἐκλάσθη
3095 3194 3126 3246 ὁ
3167 3193 3457 3265 ἄνθρωπος,
3488 3185 3618 3238 καίτοι
3650 3174 3704 3246 μί·

2268 3302 2358 3339 νον
2375 3284 2450 3339 τιὸ
2482 3284 2794 3356 σωματικὸν
2827 3285 2988 3362 μέλος
3013 3282 3180 3337 τοῦδε
3201 3299 3216 3314 ο
3268 3283 3446 3336 καὶὸτι
3493 3271 3705 3362 ﬁt“???

2270 3354 2614 3448 ﬁvOpmﬂocé
2641 3375 2812 3447 δεῖναη
2832 3354 2838 3362 ἶ
2859 3375 3040 3448 καίτοι
3089 3375 3230 3452 μόνη
3280 3376 3344 3443 τῇ
3376 3371 3532 3462 ψυκῇί

2270 3467 2368 3522 καὶ
2395 3467 2464 3521 τὰ
2493 3466 2588 3520 τοῦ
2613 3467 2804 3543 ἑτέρου
2840 3465 2951 3521 τῶν
2982 3467 3044 3521 ὲν
3076 3465 3162 3538 τῷ
3193 3465 3273 3519 ἐνὶ
3306 3464 3406 3534 ὅλῳ
3428 3456 3544 3514 κατὰ
3561 3456 3627 3508 τοῦ

2267 3555 2417 3628 αὐτῷ
2443 3556 2654 3628 ἑτέρου,
2683 3535 2873 3628 ὥσπερ
2894 3535 3159 3627 λέγομενί
3192 3556 3354 3610 Πόσαι
3396 3547 3536 3622 ψυχαὶ
3566 3535 3707 3628 κατειέ

2271 3625 2453 3719 πησὸιν
2511 3625 2572 3701 {ll
2629 3650 2695 3720 τῇ
2749 3625 2951 3702 ἀλῶσει
3029 3625 3437 3726 ἓῙεροσολὺξιωνί
3497 3625 3708 3731 ait“?

2271 3737 2501 3808 σώματα
2525 3737 2689 3808 μόνον
2707 3753 2722 3767 '
2753 3738 2850 3792 καὶ
2880 3739 3046 3792 ὅτιού
3077 3740 3241 3810 φέρει
3271 3738 3365 3807 τὴν
3384 3733 3518 3802 ὓϐριν
3549 3727 3594 3780 τὸ

2268 3828 2330 3881 τὸ
2391 3828 2699 3900 ἐλεύθερον,
2731 3829 2964 3900 καίτοιὴ
3017 3829 3170 3901 ψυχὴ
3216 3827 3557 3898 ἐπαισχύνεται
3596 3817 3706 3886 μόνω·

2276 3919 2436 3990 δῆλον
2465 3918 2543 3984 ὡς
2574 3919 2712 3986 ἐστι,
2749 3921 2844 3974 καὶ
2871 3921 2968 3992 τῆς
3013 3923 3226 3994 σαρκὸς
3257 3915 3475 3990 Χριστοῦ
3511 3905 3706 3968 πσθῡῦπξςο

2268 4009 2449 4078 λέγειν
2475 4011 2569 4064 τὸν
2601 4011 2788 4082 ἅπαθῆ
2827 4011 2990 4066 αὐτὸν
3023 4013 3205 4082 Λόγον
3235 4011 3418 4079 παθεῖν
3449 4005 3525 4075 δὲἀ
3544 3995 3708 4082 τινε*

2269 4117 2380 4154 σινο
2409 4101 2470 4154 οὐ
2495 4101 2560 4155 δι’
2579 4102 2854 4156 οἱκείωσιν
2890 4103 3052 4174 μόνον
3075 4118 3090 4131 ·
3117 4103 3437 4173 γεννηθῆναι
3481 4097 3530 4150 δὲ
3573 4081 3709 4145 1115"

2265 4192 2406 4254 τάδε,
2431 4192 2526 4246 καὶ
2573 4191 2650 4258 ὡς
2691 4191 2829 4248 ἰδίαν
2861 4190 2964 4247 ’καὶ
3015 4193 3190 4248 αὐτὸν
3236 4192 3520 4248 ὑποστάντα
3550 4183 3707 4252 γένιτη

2270 4285 2367 4337 σὺν
2389 4283 2526 4356 αὐτῇ
2548 4301 2563 4316 ·
2590 4285 2692 4338 οὐκ
2710 4287 2793 4348 εἰς
2822 4284 2882 4338 τὸ
2912 4279 3052 4345 εἶναι
3072 4281 3270 4357 ὥσπερ
3303 4283 3454 4350 αὕτη,
3488 4273 3580 4344 ἀλλέ
3600 4271 3655 4340 δεῖ
3675 4261 3707 4312 ’³⁸

583 4383 748 4432 tenus
769 4363 1049 4444 propriam
1069 4391 1222 4430 suam
1244 4378 1654 4448 generationem
1678 4357 2014 4450 hypostatice
2035 4357 2126 4435 cur

2194 4364 2238 4421 ι)
2266 4374 2549 4445 ὲνσάρκως
2567 4369 2708 4428 εἶναι
2729 4389 2742 4404 '
2800 4375 2896 4429 καὶ
2943 4375 3309 4446 μορφωθῆναι
3359 4373 3451 4442 τὴν
3482 4366 3585 4422 ἰδίαν
3615 4357 3707 4423 ἀόρι-

582 4475 750 4516 carne
801 4464 1099 4533 copulavit,
1134 4480 1246 4519 non
1301 4475 1362 4520 ut
1392 4467 1544 4522 carni
1593 4467 1790 4524 similis
1833 4467 2010 4534 ﬁeret,
2065 4469 2160 4524 sed

583 4559 647 4613 ut
690 4551 850 4607 ﬁeret
893 4553 952 4608 in
1007 4569 1213 4624 carne;
1256 4567 1314 4610 et
1364 4557 1596 4612 formam
1641 4557 1920 4630 accepisse
1968 4559 2160 4615 invisi-

581 4639 752 4709 bilem
789 4640 962 4712 ipsius
1003 4643 1365 4714 hypostasim,
1405 4645 1627 4716 quando
1668 4663 1800 4716 caro
1833 4665 1994 4706 suum
2039 4666 2160 4706 esse

580 4732 637 4798 in
675 4747 740 4788 ea
793 4732 1047 4804 sumpsit.

1216 4847 1371 4906 CAP.
1427 4848 1524 4904 XI.

653 4937 760 4994 Per
809 4939 961 4996 aliud
1003 4940 1222 5010 patiens
1263 4941 1378 5009 pati
1431 4941 1568 4997 nihil
1620 4956 1688 4996 ex
1729 4941 1796 4997 iis
1834 4942 2003 4997 etiam
2038 4959 2161 5013 quae

580 5036 778 5084 natura
812 5039 944 5085 sunt
986 5031 1290 5100 passibilia,
1331 5041 1514 5102 potest
1548 5050 1560 5085 :
1601 5033 1784 5102 passio
1824 5033 1970 5088 enim
2007 5034 2062 5091 iu
2093 5050 2161 5089 eo

581 5129 795 5178 tantum
820 5120 1038 5176 videtur
1073 5123 1128 5176 in
1163 5138 1274 5192 quo
1296 5123 1648 5193 supervenit;
1690 5141 1801 5180 non
1831 5135 2016 5180 autem
2050 5126 2160 5181 ullo

581 5213 746 5272 modo
780 5213 862 5268 illi
907 5214 1052 5270 inest
1100 5230 1199 5285 per
1242 5230 1404 5285 quem
1451 5215 1672 5271 accidit.
1722 5216 1939 5284 Quanto
1987 5217 2161 5287 magis

582 5303 925 5377 impassibile
971 5306 1212 5362 Verbum
1271 5321 1436 5371 carne
1475 5323 1596 5362 esse
1638 5323 1858 5377 passum
1895 5307 2013 5362 sine
2054 5307 2158 5362 im-

579 5397 789 5467 pietate
827 5397 934 5452 dici
980 5397 1190 5468 nequit.
1237 5397 1426 5453 Sciant
1471 5397 1774 5454 adversarii
1807 5399 1980 5470 magis
2037 5414 2158 5455 esse

582 5486 737 5567 pium
793 5495 850 5544 et
897 5490 1011 5546 Deo
1044 5477 1266 5560 dig’nius
1322 5489 1432 5544 dici
1479 5489 1718 5546 Verbum
1772 5505 1992 5560 passum
2033 5505 2156 5554 esse

657 5633 679 5673 ε
724 5623 858 5693 Luc.
889 5641 970 5702 tu,
1022 5627 1075 5682 6.
1152 5628 1177 5668 «1
1229 5629 1365 5684 Gen.
1423 5645 1531 5696 xix,
1577 5630 1658 5696 17.

2267 4481 2360 4520 τον
2386 4467 2683 4525 ὑπόστασιν
2725 4467 2814 4521 ὅτε
2849 4469 2884 4542 ἡ
2919 4467 3058 4539 σὰρξ
3089 4467 3153 4521 τὸ
3191 4466 3329 4528 εἶναι
3381 4469 3434 4518 ὲν
3469 4461 3577 4533 αὐτῇ

2267 4557 2418 4614 σανε.

2650 4897 2659 4905 ,
2846 4847 3100 4904 usam.
3143 4851 3247 4905 ιΑσ.
3675 4917 3688 4930 ⁸

2331 4937 2408 4992 Δι’
2446 4937 2633 5010 ἐτέρου
2661 4939 2914 5012 πάσχειν,
2940 4944 3095 5016 φησὶ,
3139 4941 3457 5003 πεπονθότος
3471 4933 3624 5024 οὖθέςι

2262 5030 2420 5097 φύσει
2460 5032 2721 5104 παθητῶν
2753 5034 3007 5089 δυνατόν·
3037 5037 3176 5091 αὐτὸ
3217 5037 3326 5108 γὰρ
3357 5036 3416 5104 δὴ
3443 5033 3494 5084 τδ

2260 5116 2304 5190 ᾧ
2333 5123 2574 5191 γέγονεν,
2599 5125 2796 5195 ὁρᾶται
2820 5127 3003 5198 μόνον,
3021 5126 3149 5182 οὔτε
3165 5129 3223 5182 δὲ
3241 5128 3308 5181 δι’
3331 5120 3389 5180 οὗ
3429 5123 3607 5191 γέγονεν
3625 5116 3708 5166 δὲτεξ

2266 5215 2389 5268 οὔτε
2417 5217 2490 5282 ὡς
2525 5216 2764 5272 ἔνεστινο
2794 5220 2944 5290 πόσῳ
2985 5216 3076 5277 οὖν
3117 5221 3319 5292 μᾶλλον
3342 5222 3370 5272 ὀ
3401 5204 3709 5302 ἀπαθὴς)ξῆ

2266 5309 2364 5362 οὐκ
2389 5309 2567 5379 ὀρθῶς
2617 5311 2778 5382 σαρκὶ
2807 5309 3018 5380 λέγοιτο
3073 5315 3272 5367 παθεῖν
3312 5312 3418 5374 τοῖς
3473 5296 3708 5396 εὖσεθωνπιξ

2269 5400 2533 5454 Ἱστωσαν
2589 5396 2682 5454 οὖν
2733 5401 2809 5461 ὡς
2851 5402 3053 5472 μᾶλλον
3087 5405 3206 5467 τοῖς
3251 5419 3315 5470 γε
3358 5387 3708 5470 θεοπρεπεσιέῇ

2263 5490 2550 5554 εὐσεϐοῦσι
2577 5492 2668 5546 τὸν
2697 5492 2869 5572 Λόγον
2895 5493 3086 5547 παθεῖν
3118 5495 3330 5564 λέγοιτο
3361 5488 3502 5570 σαρκὶ
3521 5487 3565 5538 ἐν
3580 5477 3703 5546 Χρξπττς
