3996 6540
304 425 415 492 573

1450 481 1457 486 .
1505 423 2086 485 I-lOMEi-il'l‘AliUM
2129 427 2394 486 LEGES.

3489 415 3593 482 574
3647 379 3650 384 ’

299 540 542 610 φεύγων,
574 537 756 592 λαθεῖν
782 536 947 590 αὑτὸν
976 535 1076 589 οὐκ
1101 534 1351 604 ἠδύνατο.
1385 536 1499 605 68
1525 535 1878 597 Στενωθέντος

1998 537 2370 599 ιιυι.ριιι,ε1ιὶιιυ
2390 546 2446 589 et
2479 530 2636 588 illinc
2660 533 2903 603 fugiens,
2929 549 3055 587 cum
3085 532 3273 588 fallere
3303 531 3592 601 nequibat.

295 631 587 702 Geminei},
627 632 722 685 καὶ
760 632 835 702 μὴ
863 630 1004 699 ἔχων
1041 630 1070 681 ὅ
1109 645 1162 680 τι
1205 629 1299 681 καὶ
1336 627 1588 696 δράσειεν
1617 629 1883 698 (συνεῖχεν

296 701 411 796 γὸῖρ
449 724 613 778 αὑτὸν
650 701 1164 792 τοῦκαταφαγεῐν).
1202 723 1281 785 εἰς
1313 719 1524 774 ἔννοιαν
1551 719 1722 772 ἐλθὼν
1755 720 1883 789 περὶ

292 817 390 870 τὸν
426 817 698 888 μακάριον
739 816 1062 882 Ἐλεσΰαάν,
1091 814 1452 885 ἐπιστραφεὶς
1483 813 1589 882 ἔφη
1622 812 1700 882 τῷ
1721 813 1879 880 ὄφει·

302 929 322 959 ι
360 909 476 980 Τὴν
516 909 685 979 εὐχήν
737 907 848 978 (‘25)
896 925 980 961 σοι
1032 907 1124 960 τοῦ
1176 907 1487 974 ἀγιωτάτου
1531 907 1625 958 καὶ
1667 904 1880 958 δικαίου

257 1065 262 1069 ι
306 1001 582 1054 Ἑλεσϐαᾶ
598 1000 692 1053 τοῦ
712 1000 1000 1070 βασιλέως,
1021 999 1294 1069 άπόστηθι
1322 1000 1417 1051 ἀπ’
1450 997 1587 1067 ἐμοῦ
1617 997 1711 1049 καὶ
1740 1013 1882 1066 μηκ-

295 1094 382 1146 έτι
421 1093 531 1164 (26)
589 1111 656 1164 με
703 1092 922 1165 διώξῃς.
959 1113 978 1145 ι
1027 1092 1085 1146 '0
1117 1092 1173 1145 δὲ
1218 1092 1374 1161 ὄφις,
1408 1089 1730 1160 αἰσχυνθεὶς
1789 1089 1882 1142 τὸν

293 1183 456 1248 λόγον
489 1185 548 1236 ὃν
586 1183 845 1254 ὥρκωσεν
872 1183 1036 1237 αὑτὸν
1065 1185 1093 1237 ὁ
1123 1182 1376 1251 ἁδελφὸς,
1404 1181 1558 1253 ἔστη.
1601 1182 1710 1235 Καὶ
1741 1181 1883 1234 ἀπο-

294 1276 508 1347 κριθεὶς
537 1275 566 1328 ὁ
593 1276 741 1345 ὄφις,
777 1277 1094 1351 ἀνθρωπίνῃ
1131 1277 1285 1346 φωνῇ
1328 1274 1478 1341 λέγει
1516 1273 1651 1344 πρὸς
1679 1272 1844 1326 αὐτόν
1864 1289 1878 1303 ο

302 1389 320 1418 ι
359 1370 506 1440 Ποίῳ
536 1370 724 1441 τρόπῳ
757 1371 864 1441 ἄρα
912 1369 1008 1422 καὶ
1067 1368 1330 1439 φείσομαι
1379 1385 1474 1421 σου
1521 1368 1603 1420 ὅτι
1648 1367 1883 1435 ἄγγελος

292 1463 505 1535 Κυρίου
534 1465 598 1518 ἐκ
626 1463 722 1517 τοῦ
773 1461 1009 1535 ούρανοῦ
1051 1461 1316 1533 λελάληκε
1361 1461 1500 1532 πρός
1547 1478 1613 1530 με
1653 1460 1746 1514 τοῦ
1780 1479 1884 1528 φα-

293 1559 419 1625 γεῖν
446 1573 526 1617 σε,
558 1556 648 1609 διὰ
687 1555 788 1626 τὴν
819 1555 1170 1626 ἀκαθαρσίαν
1216 1554 1312 1607 καὶ
1349 1554 1606 1624 πορνείαν
1637 1571 1754 1615 σου,
1789 1554 1883 1606 καὶ

291 1652 404 1711 ὅτι,
433 1648 759 1718 συνθέμενος
810 1646 999 1716 Κυρίῳ
1051 1646 1328 1700 δουλεύειν
1375 1646 1548 1716 αὐτῷ,
1590 1645 1882 1714 περιάγεις

298 1737 546 1809 μολύνων
575 1739 636 1791 τὸ
685 1737 847 1808 σῶμά
894 1755 989 1790 σου
1026 1738 1120 1790 καὶ
1161 1735 1522 1809 παροργίζεις
1567 1736 1630 1790 τὸ
1658 1736 1884 1805 Πνεῦμα

292 1831 389 1885 τοῦ
419 1830 556 1884 Θεοῦ
593 1830 656 1883 τὸ
689 1830 886 1899 ἆγιον;
927 1849 944 1882 ι
977 1830 1084 1883 Τοῦ
1123 1830 1180 1882 δὲ
1219 1829 1300 1882 ἔτι
1346 1828 1582 1892 ἑστῶτος
1641 1829 1738 1897 μὲν
1786 1827 1884 1880 καὶ

1990 627 2221 695 Jamque
2250 625 2460 682 arctius
2493 618 2820 695 urgebatur,
2855 639 3035 692 neque
3065 623 3200 691 quid
3241 622 3454 677 faceret
3493 623 3594 676 ba-

1992 717 2180 782 bebat,
2221 726 2480 785 serpente
2509 717 2575 771 ad
2611 716 2920 771 vorandum
2959 731 3087 770 eum
3113 715 3431 784 ingruente,
3468 729 3594 768 cum

1992 808 2166 878 ipsius
2214 809 2390 864 subiit
2413 808 2601 863 animo
2638 808 2787 863 beati
2810 807 3062 862 Elesbaae
3097 805 3386 876 cogitatio,
3422 806 3601 873 respi-

1991 901 2254 970 ciensque
2297 900 2438 954 dixit
2483 900 2738 970 serpenti
2777 918 2790 953 :
2832 918 2850 950 ‹
2883 898 3096 968 Adjuro
3126 907 3203 963 te,
3229 913 3332 966 per
3363 895 3600 950 sanctis-

1992 993 2193 1047 simum
2211 1003 2268 1048 et
2292 996 2502 1064 justum
2528 993 2816 1047 Elcsbaam
2842 1008 3054 1063 regem,
3077 991 3275 1046 recede
3294 1006 3323 1043 a
3348 1004 3462 1054 me,
3496 1003 3598 1041 nec

1985 1082 2098 1152 jam
2118 1099 2205 1138 me
2222 1097 2583 1153 persequere.
2611 1101 2629 1132 ›
2657 1081 2900 1152 Serpens
2916 1097 3071 1147 vero,
3094 1082 3371 1136 reveritus
3391 1095 3595 1134 nomen

1990 1189 2090 1243 per
2118 1174 2267 1244 quod
2303 1173 2635 1242 deprecatus
2667 1184 2788 1228 erat
2816 1173 3011 1239 frater,
3045 1174 3218 1228 stetit.
3252 1174 3325 1229 Et
3363 1187 3598 1240 respon-

1990 1265 2649 1335 densserpcns,humana
2668 1281 2803 1320 voce
2825 1265 3058 1319 dixitei:
3084 1284 3100 1314 ι
3123 1263 3595 1333 Quomodoigitur

1992 1357 2092 1412 tibi
2133 1373 2385 1427 parcam,
2423 1372 2551 1412 cum
2581 1357 2814 1427 angelus
2853 1357 3074 1411 Domini
3104 1372 3135 1410 e
3163 1357 3305 1412 ccelo
3340 1355 3499 1420 mihi,
3533 1363 3594 1409 ut

1989 1460 2044 1504 te
2076 1449 2450 1512 comederem,
2487 1450 2868 1520 imperaverit,
2920 1457 3149 1519 propter
3186 1447 3590 1518 impudicitiam

1989 1551 2045 1596 et
2089 1543 2517 1596 fornicationem
2572 1551 2748 1607 tuam,
2801 1552 2858 1597 et
2911 1544 3042 1612 quia
3083 1542 3303 1597 Domini
3360 1541 3591 1596 servitio

1989 1633 2270 1699 addictus,
2301 1650 2506 1705 corpus
2538 1642 2699 1689 tuum
2725 1635 3016 1704 inquinare
3057 1649 3168 1688 non
3196 1634 3427 1700 desinis,
3463 1633 3583 1704 Spi‘

1989 1726 2271 1795 ritumque
2299 1728 2394 1781 Dei
2427 1737 2684 1781 sanctum
2709 1725 3044 1781 cxacerbas?
3073 1745 3089 1777 ι
3119 1726 3223 1791 Qui
3255 1741 3388 1779 vero
3412 1736 3586 1788 stans,

1990 1825 2046 1871 et
2073 1818 2327 1882 audiens,
2359 1827 2415 1872 et
2463 1819 2737 1872 attonitus
2782 1817 2912 1887 quia
2959 1825 3218 1888 tanquam
3265 1816 3432 1870 homo
3485 1816 3587 1885 ipsi

292 1918 610 1983 ἀκούοντος,
669 1919 766 1972 καὶ
825 1919 1274 1990 ἐκπληττομένου
1329 1920 1413 1973 ὅτι
1467 1919 1544 1981 ὡς
1594 1919 1878 1989 ἄνθρωπος

1988 1908 2345 1976 loquebatur,
2397 1907 2838 1962 contreiniscens
2877 1914 2938 1961 ut
2973 1907 3129 1976 prius
3177 1922 3397 1961 rursum
3425 1906 3587 1975 adju-

292 2011 474 2066 ἐλάλει
499 2011 670 2082 αὐτῷ,
691 2013 855 2077 αὐτὸς
881 2013 938 2068 δὲ
961 2013 1271 2085 ὑπότρομος
1297 2011 1396 2080 ὢν,
1426 2013 1502 2076 ὡς
1521 2012 1584 2066 τὸ
1613 2013 1882 2083 πρότερον

289 2101 460 2157 πάλιν
487 2102 723 2168 ὥρκιζεν
757 2103 920 2158 αὐτὸν
952 2102 1050 2157 καὶ
1085 2102 1207 2173 μεθ’
1231 2103 1396 2173 ὅρκου
1425 2102 1729 2173 παρεκάλει
1761 2101 1882 2170 φεί-

289 2195 496 2249 σασθαι
533 2195 860 2267 αὑτόν(27).
908 2196 1258 2268 Ἀποκριθεὶς
1313 2195 1374 2248 δέ
1424 2195 1625 2259 πάλιν,
1680 2197 1707 2248 ὁ
1759 2194 1884 2263 ὄφις

289 2289 398 2358 ἔφη
426 2288 566 2359 πρὸς
596 2288 788 2342 αὐτόν·
826 2307 843 2339 ι
862 2287 1120 2358 Ὀμωσόν
1152 2307 1244 2360 μοι
1274 2289 1478 2342 ὅτιούκ
1506 2288 1587 2341 ἔτι
1621 2287 1883 2357 πράττεις

286 2382 390 2451 τὴν
421 2381 676 2452 ῥυπαράν
716 2381 1037 2452 ἐπιθυμίαν,
1075 2381 1144 2434 δι’
1175 2383 1248 2452 ἢν
1277 2384 1310 2452 ἡ
1341 2380 1534 2452 πρώτη
1568 2381 1773 2443 πτῶσις
1803 2378 1881 2449 τῷ

288 2475 481 2547 κόσμῳ
541 2476 768 2545 γέγονεν
795 2516 810 2540 ,
872 2477 968 2530 καὶ
1017 2475 1440 2545 ἀπαλλάσσομαι
1499 2491 1614 2528 σου.
1656 2494 1674 2527 ι
1736 2474 1795 2526 '0
1824 2459 1881 2527 δὲ

287 2569 518 2638 ἁδελφὸς
546 2568 761 2639 ὤμοσεν
781 2612 796 2636 ,
829 2566 1003 2622 εἰπών
1029 2584 1043 2600 ο
1086 2587 1104 2620 ι
1128 2567 1221 2622 Μὰ
1255 2567 1346 2620 τὸν
1377 2569 1434 2620 ἐν
1468 2567 1722 2638 οὐρανοῖς
1742 2583 1881 2618 κατ-

287 2661 545 2716 οικοῦντα
609 2661 765 2728 Θεὸν,
796 2662 892 2715 καὶ
926 2660 1030 2730 τὴν
1065 2660 1234 2730 εὐχὴν
1261 2659 1355 2712 τοῦ
1385 2659 1568 2730 τιμίου
1594 2660 1688 2712 καὶ
1721 2660 1878 2726 ἁγίου

291 2752 560 2825 βασιλέως
603 2753 895 2819 Ἐλεσϐαᾶ,
925 2753 1026 2806 οὐκ
1065 2752 1147 2805 ἔτι
1176 2751 1494 2822 παροργίζω
1525 2769 1627 2820 μου
1652 2753 1745 2804 τὸν
1769 2752 1880 2806 Κύ-

293 2864 426 2918 ριον,
449 2847 508 2900 ὃν
537 2846 700 2917 μέχρι
736 2845 831 2899 τοῦ
863 2845 959 2898 νῦν
987 2845 1176 2908 κακῶς
1211 2844 1569 2917 ἐπαρώργισα
1591 2845 1703 2916 69
1741 2863 1878 2917 πορο

287 2939 460 2994 νεύων
491 2939 586 2991 καὶ
631 2938 949 2993 άσωτεύων.
992 2957 1010 2990 ›
1061 2936 1316 3006 Ἐγένετο
1350 2937 1406 2991 δὲ
1446 2938 1610 3009 ἡνίκα
1651 2939 1744 2992 τὸν
1793 2939 1878 2993 λό-

287 3050 386 3099 γον
412 3030 507 3085 τοῦ
554 3030 789 3102 μοναχοῦ
827 3031 1062 3103 ήκουσεν
1106 3032 1135 3083 ό
1183 3031 1324 3102 ὄφις,
1380 3030 1566 3103 θαῦμά
1603 3050 1655 3086 τι
1684 3033 1877 3101 γέγονε

293 3121 434 3191 μέγα
463 3120 560 3174 καὶ
583 3120 904 3191 παράδοξοψ
945 3120 1057 3192 πῦρ
1092 3122 1200 3193 γὰρ
1227 3125 1394 3176 πεσὸν
1427 3125 1492 3175 ἐκ
1519 3123 1614 3176 τοῦ
1644 3124 1876 3194 ούρανοῦ

289 3212 570 3282 κατέφαγε
599 3212 690 3265 τὸν
718 3212 843 3280 ὅφιν
869 3210 1105 3274 ἐνώπιον
1133 3212 1228 3266 τοῦ
1253 3213 1510 3283 ἀδελφοῦ.
1556 3216 1614 3268 '0
1639 3216 1698 3270 δὲ
1723 3217 1875 3287 φόϐῳ

288 3303 384 3356 καὶ
399 3305 588 3375 τρόμῳ
617 3303 866 3374 ληφθεὶς,
888 3305 1107 3376 τρέμων
1129 3305 1483 3376 ἀνεχώρησεν
1513 3307 1594 3370 είς
1623 3308 1683 3360 τὸ
1717 3326 1882 3379 μονα-

293 3396 513 3466 στήριον
549 3395 739 3460 αὑτοῦ,
811 3397 907 3449 καὶ
961 3397 1187 3451 οὐκέτι
1247 3399 1549 3470 προσέθετο
1615 3401 1709 3454 τοῦ
1769 3401 1881 3474 (Ξ8)

288 3490 625 3560 ἁμαρτάνειν
678 3489 913 3547 ἐνώπιον
960 3491 1190 3562 Κυρίου,
1267 3493 1385 3548 ἀλλ’
1431 3495 1788 3567 ἐτελεύτησεν
1826 3499 1884 3550 ἐν

294 3581 575 3653 μετανοίᾳ.

360 3674 484 3728 Καὶ.
511 3674 688 3728 ταῦτα
725 3674 827 3746 μὲν
871 3676 1000 3747 περὶ
1033 3675 1224 3731 τούτου
1244 3695 1260 3712 ο
1293 3679 1322 3731 ὁ
1352 3679 1410 3732 δὲ
1458 3678 1882 3750 μακαριώτατος

289 3765 642 3837 Γρηγέντιος,
683 3765 823 3837 μετὰ
863 3768 926 3821 τιὸ
953 3769 1310 3841 ἀναχωρῆσαι
1360 3771 1450 3824 τὸν
1484 3771 1875 3826 εὐσεϐέστατον

291 3858 517 3927 βασιλέα
556 3859 875 3927 Ἐλεσσαὰν,
917 3847 1422 3934 μεταπεμψάμενος
1466 3866 1594 3928 τοὺς
1634 3866 1874 3938 πρεσϐυ-

286 3947 484 4020 τέρους
519 3949 734 4012 ,πάντας
773 3951 965 4004 πασῶν
993 3950 1102 4003 τῶν
1145 3953 1450 4024 ἐκκλησιῶν
1484 3956 1580 4008 καὶ
1629 3957 1757 4019 τοὺς
1789 3955 1879 4009 λο-

287 4038 627 4108 γικωτέρους
682 4037 742 4106 ἐξ
800 4040 989 4093 αὐτῶν
1028 4040 1422 4110 ἐπιλεξάμενος
1451 4082 1465 4105 ,
1528 4043 1672 4095 κατὰ
1721 4043 1879 4096 πόλιν

287 4129 588 4184 ἐπίσκοπον
622 4131 1065 4203 κεχειροτόνηκε,
1092 4132 1378 4199 κελεύσας,
1409 4133 1526 4202 ἅμα
1567 4133 1645 4204 τῷ
1676 4142 1875 4203 τιμιω-

285 4224 436 4294 τάτῳ
463 4223 678 4294 βασιλεῖ
710 4224 985 4296 Ἀϐραάμ,
1021 4226 1236 4289 πάντας
1273 4227 1402 4289 τοὺς
1444 4227 1550 4280 ὑπὸ
1591 4227 1690 4298 τὴν
1724 4230 1876 4293 ἐξου-

289 4315 412 4369 σίαν
463 4315 644 4370 αὐτῶν
697 4317 1170 4388 χρηματίζοντας,
1203 4317 1232 4386 ἢ
1260 4357 1275 4381 ,
1329 4318 1737 4384 καταλιπόντας
1776 4324 1874 4391 τὴν

1984 2001 2130 2054 ravit
2153 2017 2303 2065 eum,
2324 2011 2380 2056 et
2405 2017 2530 2054 cum
2551 2002 2869 2065 iuramento
2895 2007 2955 2052 ut
2977 1999 3081 2053 sibi
3105 2007 3358 2068 parceret.
3388 2013 3584 2068 preca-

1983 2093 2171 2148 batur.
2207 2095 2422 2148 Rursus
2453 2102 2638 2147 autem
2677 2091 3042 2162 respondens,
3076 2090 3214 2145 dixit
3239 2090 3288 2145 ei
3315 2105 3583 2159 serpens:

1991 2204 2008 2235 ι
2063 2185 2170 2238 Fac
2217 2184 2351 2238 mibi
2381 2185 2776 2255 jusjurandum
2826 2183 2975 2253 quod
3029 2183 3293 2253 deinceps
3335 2199 3446 2238 non
3481 2183 3586 2236 im-

1982 2275 2202 2329 munda:
2250 2275 2547 2345 cupiditati
2598 2274 2935 2346 indulgebis,
2969 2290 3076 2344 qua
3124 2273 3342 2343 primus
3374 2273 3585 2328 mundo

1984 2383 2146 2421 casus
2178 2365 2306 2430 fuit,
2339 2375 2394 2421 et
2430 2377 2482 2422 te
2519 2367 2857 2422 incolumem
2884 2366 3215 2436 relinquam.
3249 2387 3266 2417 ι
3308 2367 3377 2420 Ει
3413 2366 3586 2421 frater

1975 2461 2184 2531 juravit
2217 2460 2409 2515 dicens
2443 2479 2456 2513 :
2493 2479 2509 2511 ι
2541 2461 2646 2514 Per
2675 2460 3018 2514 habitantem
3070 2459 3125 2512 in
3191 2459 3346 2516 cmlis
3385 2459 3580 2524 Deum,

1979 2566 2043 2606 ae
2077 2567 2178 2622 per
2209 2552 2512 2606 venerandi
2537 2553 2835 2622 sanctique
2872 2552 3017 2622 regis
3073 2551 3321 2606 Elesbaae
3355 2567 3580 2616 nomen,

1980 2641 2234 2697 obtestor
2280 2658 2369 2696 me
2432 2658 2544 2696 non
2587 2643 2702 2713 jam
2745 2641 3040 2696 Dominum
3097 2642 3578 2708 exacerbaturum,

1978 2735 2126 2790 sicut
2171 2752 2323 2791 nunc
2367 2751 2542 2805 usque
2591 2736 2736 2790 male
2777 2750 2903 2789 eum
2936 2735 3264 2790 exacerbavi
3297 2735 3582 2790 fornicans

1978 2837 2035 2882 et
2083 2828 2368 2882 luxuriose
2413 2828 2626 2883 vivens.
2664 2847 2683 2879 ›
2725 2827 2953 2882 Factum
3003 2836 3088 2882 est
3115 2837 3299 2882 autem
3338 2836 3420 2893 ut,
3451 2843 3579 2882 cum

1979 2921 2238 2976 monachi
2293 2935 2607 2976 sermonem
2643 2918 2822 2974 audiit
2858 2933 3109 2988 serpens,
3147 2919 3458 2988 prodigium
3497 2919 3581 2971 in-

1978 3028 2116 3082 gens
2160 3021 2326 3082 atque
2379 3011 2680 3066 mirificum
2728 3009 2910 3064 visum
2956 3010 3148 3064 fuerit.
3183 3010 3331 3080 Ignis
3367 3010 3514 3066 enim
3547 3027 3578 3065 e

1979 3104 2122 3157 coelo
2171 3102 2392 3168 cecidit,
2432 3111 2863 3172 scrpentemque
2914 3118 3100 3157 coram
3135 3102 3304 3157 fratre
3347 3103 3580 3157 devora—

1981 3195 2080 3249 vit.
2114 3195 2260 3249 Metu
2293 3203 2478 3250 autem
2515 3210 2580 3250 ac
2607 3202 2850 3249 tremore
2890 3196 3203 3264 perculsus,
3237 3195 3487 3264 pavitans
3519 3195 3575 3250 in

1909 3273 1948 3327 (ἶ
1985 3287 2384 3341 monasterium
2421 3302 2581 3341 suum
2621 3301 2879 3342 reversus
2907 3296 3012 3351 est,
3044 3303 3149 3342 nec
3177 3289 3286 3358 jam
3316 3304 3576 3358 perseve-

1984 3380 2126 3434 ravit
2161 3395 2392 3449 peccare
2451 3379 2506 3434 in
2542 3388 2842 3450 conspectu
2865 3381 3107 3448 Domini,
3133 3381 3229 3436 sed
3262 3382 3430 3437 vitam
3458 3382 3579 3437 fini-

1981 3473 2062 3529 vit
2097 3473 2149 3526 in
2193 3473 2545 3542 poenitentia.

2051 3678 2120 3733 Et
2150 3678 2270 3732 haec
2299 3676 2525 3746 quidem
2563 3676 2630 3731 de
2674 3691 2762 3731 eo.
2796 3676 3159 3732 Bcatissimus
3202 3689 3386 3731 autem
3434 3676 3573 3731 Gre-

1981 3769 2222 3838 gcntius,
2275 3769 2527 3838 profecto
2583 3769 2834 3838 piissimo
2898 3769 3131 3824 Elesbaa
3179 3785 3328 3840 rege,
3381 3785 3575 3824 oumes

1979 3863 2225 3915 omnium
2253 3863 2614 3917 ecclesiarum
2641 3862 2992 3933 presbyteros
3017 3862 3323 3927 arcessivit,
3353 3861 3575 3931 sapien-

1982 3954 2335 4024 tioribusque
2365 3970 2432 4008 ex
2461 3955 2530 4008 iis
2565 3955 2782 4017 electis,
2825 3955 3149 4024 episcopum
3176 3971 3344 4024 super
3379 3953 3572 4008 urbem

1977 4047 2275 4112 ordinavit,
2324 4047 2529 4116 jubcns
2564 4047 2729 4101 simul
2788 4063 2914 4100 cum
2963 4047 3386 4116 praeclarissimo
3445 4062 3572 4116 rege

1975 4138 2260 4203 Abramio,
2294 4154 2488 4193 omnes
2523 4137 2616 4208 qui
2647 4138 2750 4192 sub
2779 4154 2974 4192 eorum
3011 4138 3224 4193 ditione
3255 4146 3437 4202 erant,
3477 4148 3573 4194 aut

1973 4243 2171 4282 vanam
2215 4229 2461 4298 ipsorum
2499 4228 2826 4299 religionem
2871 4229 3236 4299 reliquerant,
3278 4229 3568 4299 baptizari,

1974 4322 2082 4387 vel,
2117 4321 2165 4376 si
2206 4322 2710 4392 perseveraverint,
2740 4331 2920 4376 morte
2948 4322 3139 4392 plecti.

292 4407 530 4479 ματαίαν
561 4409 743 4463 αὐτῶν
787 4409 1111 4480 θρησκείαν,
1158 4409 1543 4479 βαπτίζεσθαι,
1567 4411 1642 4484 -ῆ,
1695 4414 2059 4483 ἐμμένοντας,
2093 4415 2366 4485 κεφαλικῇ
2401 4414 2648 4485 τιμωρία
2692 4415 3019 4467 ὑποπεσεῖν.

361 4500 566 4554 Τούτου
615 4501 910 4573 τοιγαροῦν
968 4501 1063 4556 τοῦ
1118 4504 1544 4574 προστάγματος
1580 4504 1692 4576 (29)
1723 4505 1872 4571 ἐξελ-

2053 4507 2410 4577 Promulgato
2448 4507 2616 4577 igitur
2639 4507 2744 4561 hoc
2780 4506 2987 4569 edicto,
3021 4504 3214 4560 videre
3236 4513 3356 4559 erat
3379 4519 3572 4560 omnes

291 4593 514 4658 θόντος,
550 4588 620 4665 ἦν
657 4594 788 4647 ἰδεῖν
840 4594 1051 4657 πάντας
1093 4595 1189 4648 σὺν
1241 4595 1488 4664 γυναιξὶν
1540 4598 1722 4650 αὐτῶν
1779 4599 1875 4652 καὶ

289 4687 502 4753 τέκνοις
531 4686 961 4750 ἐπισπεύδοντας
985 4689 1078 4741 ἐπὶ
1107 4689 1170 4742 τὸ
1199 4688 1342 4742 θεῖον
1371 4689 1598 4761 λουτρὸν
1629 4691 1729 4760 τῆς
1767 4710 1874 4746 πα-

289 4774 658 4845 λιγγενεσίας,
689 4776 785 4829 καὶ
819 4775 888 4828 δι’
924 4774 1090 4830 αὐτοῦ
1127 4779 1604 4850 προσερχομένους
1635 4780 1712 4851 τῷ
1735 4784 1873 4852 Χρι-

291 4865 424 4936 στῷ.
471 4865 798 4930 Ἐϐάπτιζον
839 4866 952 4938 γὰρ
1001 4867 1206 4933 πάντες
1244 4871 1292 4922 oi
1326 4870 1622 4924 ἐπίσκοποι
1657 4873 1873 4938 πάντας

289 4960 420 5023 τοὺς
450 4960 930 5032 προσερχομένους
953 4962 1139 5025 αὐτοῖς
1170 4963 1311 5016 κατὰ
1335 4965 1517 5018 πᾶσαν
1549 4965 1703 5018 πόλιν
1735 4967 1875 5036 μετὰ

291 5052 542 5124 καθαρᾶς
573 5054 969 5125 προαιρέσεως*
1007 5055 1100 5109 καὶ
1132 5055 1459 5125 ἐφωτίζοντο
1504 5057 1614 5126 (5U)
1661 5059 1690 5110 ὁ
1721 5057 1871 5126 λαὸς,

291 5145 388 5198 καὶ
416 5144 614 5198 πολλαὶ
656 5145 852 5214 ζημίαι
895 5145 1140 5213 ἐγίνοντο
1176 5146 1252 5218 τῷ
1281 5147 1532 5217 διαϐόλῳ.

1975 4615 2100 4653 cum
2148 4599 2418 4654 uxoribus
2456 4599 2762 4669 liberisque
2796 4598 2912 4653 suis
2947 4599 3016 4652 ad
3055 4598 3306 4652 divinum
3337 4614 3570 4668 regene-

1976 4691 2210 4746 rationis
2267 4692 2549 4746 lavacrum
2598 4699 2997 4761 properantes,
3049 4700 3106 4745 et
3158 4706 3258 4760 per
3308 4690 3443 4744 illud
3500 4690 3568 4744 ad

1975 4783 2258 4838 Christum
2318 4784 2704 4853 procedentes.
2751 4782 3117 4852 Baptizabant
3171 4783 3321 4837 enim
3377 4797 3570 4836 omnes

1974 4875 2220 4945 episc0pi
2258 4892 2449 4930 omnes
2479 4876 2547 4935 ad
2591 4890 2686 4929 cos
2719 4875 3048 4930 accedentes
3084 4890 3181 4944 per
3227 4889 3446 4928 omnem
3479 4889 3568 4926 ur-

1977 4967 2101 5021 bem
2135 4983 2260 5021 cum
2290 4984 2426 5038 pura
2461 4967 2830 5037 dispositione
2868 4976 2963 5020 :et
2999 4965 3419 5019 illuminabatur
3462 4980 3560 5034 po—

1975 5061 2160 5130 pulus,
2189 5071 2246 5119 et
2275 5061 2451 5115 multa
2481 5068 2640 5114 erant
2671 5060 2894 5115 diabolo
2925 5059 3282 5114 detrimenta.

1800 5245 2036 5307 NOTAE.

293 5330 695 5456 f0(l‘?].’flil'l‘3llipsi
724 5332 937 5389 vocula:
965 5333 1059 5404 μά,
1091 5333 1232 5390 infra
1272 5336 1518 5408 legenda
1567 5339 1624 5393 in
1671 5339 1867 5396 eadem

351 5420 377 5456 r
500 5440 514 5456 .
538 5443 550 5455 .

673 5475 746 5553 μέ]
783 5474 920 5528 κέτι.
959 5475 1140 5553 Et_s_ie
1184 5477 1407 5553 saepius.
1442 5480 1751 5553 Elinsleyus
1799 5483 1866 5536 ad

293 5541 437 5596 Med.
471 5543 614 5597 406:
650 5541 970 5600 (Praestare
1002 5546 1226 5601 videtur
1263 5541 1468 5613 οὐκέτι,
1520 5552 1628 5605 nisi
1652 5541 1870 5606 scriba-

295 5627 419 5690 mus
445 5613 765 5690 ειίιιιῃιμήκ
795 5614 894 5667 ἔτι.
937 5637 955 5668 ›
991 5616 1112 5671 Non
1161 5620 1419 5685 multum,
1450 5631 1605 5690 puto,
1640 5623 1871 5678 tribuis-

296 5692 381 5734 set
402 5682 493 5735 isti
533 5682 789 5738 librario.

369 5752 482 5833 (2η
513 5752 814 5833 ίιτιηιίοάρχε
839 5755 974 5833 βίαια
997 5756 1151 5833 abuti
1187 5760 1531 5833 recentiores
1556 5764 1873 5819 accusativo

1988 5752 2244 5833 κγμάηη

299 5823 484 5874 monui
513 5831 550 5899 th.
587 5823 677 5899 lll_,
712 5841 767 5893 p.
797 5826 918 5899 ῌϐ,
951 5844 1003 5880 n.
1035 5829 1088 5880 ὖ.
1123 5829 1403 5899 Apophth.
1432 5832 1650 5886 Patrum
1681 5835 1734 5888 in
1762 5835 1876 5888 Mo-

303 5906 458 5948 num.
507 5891 682 5948 Cotcl.
712 5891 768 5948 't.
828 5895 868 5961 1,
915 5913 964 5966 p.
1013 5899 1108 5952 561
1159 5891 1184 5952 ξ’
1225 5891 1456 5972 πρόσεχε
1493 5904 1727 5959 πάντοτε
1775 5905 1874 5970 τάς

1977 5341 2256 5412 ἁμαρτίας
2292 5359 2407 5394 σου.
2434 5339 2593 5412 Quod
2625 5353 2739 5412 non
2775 5338 3002 5393 tentabo
3035 5336 3225 5412 in__tali
3256 5336 3419 5412 libro.
3455 5337 3567 5412 No:

1979 5407 2206 5466 tandum
2241 5419 2423 5466 tamen
2448 5410 2762 5466 soloecismo
2793 5424 2982 5464 carere
3001 5407 3250 5464 codicem
3271 5407 3432 5472 2408,
3473 5409 3566 5462 ubi

1977 5485 2095 5552 ταῖς
2120 5482 2437 5552 ἁμαρτίαις.

2043 5548 2173 5622 (28)”
2193 5548 2270 5606 lta
2295 5551 2490 5607 codex.
2525 5551 2679 5620 Saepe
2704 5549 2951 5618 genitivo
2985 5549 3205 5604 articuli
3256 5548 3339 5605 sic
3367 5556 3566 5603 auctor

1972 5624 2239 5679 abutitur.

2047 5694 2157 5764 (29)
2193 5692 2411 5764 Codex.
2456 5692 2805 5764 πράγματος.
2840 5693 2986 5758 Mox,
3038 5689 3238 5753 Καθὼς
3278 5687 3474 5758 ἐξῆλθε
3499 5688 3561 5742 τὸ

2287 5763 2429 5816 κατὰ
2467 5763 2528 5816 τὸ
2554 5763 2911 5834 πρόσταγμα.

2046 5828 2157 5904 (30)
2199 5828 2933 5908 Yerbumuest'proplfium,
2993 5847 3122 5887 cum
3189 5843 3335 5902 saepe
3367 5828 3574 5908 baptir‘

1975 5903 2418 5978 ειιιιιεφώτισμα
2447 5904 2635 5959 dictus
2658 5903 2850 5963 fuerit.
