4016 6534
495 447 599 510 575
1478 445 1537 502 S.
1581 444 2005 506 GREGENTII
2045 445 2278 506 EPISC.
2317 438 2849 503 TAPI-IARENSIS
3659 430 3766 494 576

561 554 694 620 Quae
727 567 852 606 cum
891 550 1108 611 fierent,
1145 548 1670 618 baptizarenturque
1719 549 1874 602 multi
1905 558 2043 618 atqui

2246 547 2354 617 7o
2401 545 2625 598 Τούτων
2661 541 2808 595 οὕτω
2841 539 3180 610 γινομένων,
3234 538 3331 593 καὶ
3373 537 3772 609 φωτιζομένων

492 644 560 699 ad
599 639 852 696 veritatis
897 637 1270 708 cognitionem
1320 637 1466 689 ultro
1516 637 1789 700 venirent,
1847 639 2043 691 excitat

2176 638 2390 698 πολλῶν
2440 635 2536 690 καὶ
2597 635 2679 698 είς
2730 634 3034 701 ἐπίγνωσιν
3076 630 3341 702 ἀληθείας
3396 629 3760 723 αὐτομολούνο

488 729 661 784 Judazi
697 743 765 782 ex
805 726 957 780 omni
1017 725 1169 795 regni
1215 725 1380 795 hujus
1431 725 1685 799 civitate,
1713 735 1879 796 atque
1929 726 2039 781 inte

2171 747 2279 783 των
2313 729 2425 801 (51)
2449 769 2466 794 ,
2497 725 2858 797 συναχθέντες
2879 724 2936 777 δὲ
2960 723 3012 776 οί
3061 722 3314 776 Ἰουδαῖοι
3348 721 3413 775 ὲκ
3447 721 3633 792 πάσης
3654 721 3760 775 πό-

486 839 544 878 se
573 820 879 890 congressi,
915 817 1154 873 concilio
1202 817 1473 880 adhibito,
1505 817 1609 872 sibi
1639 817 1876 871 invicem
1914 818 2038 872 dixe

2171 818 2308 882 λεως
2338 818 2436 887 τῆς
2463 817 2568 871 ὑπὸ
2589 816 2688 888 τὴν
2719 813 3002 886 βασιλείαν
3023 813 3260 884 ἐκείνην,
3300 813 3417 877 καὶ,
3454 812 3590 883 πρὸς
3624 813 3757 865 ἑαυ-

488 919 619 965 runt
647 927 661 962 :
695 929 712 960 ι
748 907 889 975 Quid
923 907 1189 962 faciemus
1238 922 1340 961 nos
1370 906 1731 976 superstites?
1775 905 2043 972 Quoniam

2169 911 2299 974 τοὺς
2339 907 2842 980 συναθροισθέντες,
2881 905 3211 977 συμϐούλιον
3255 905 3587 974 ποιήσαντες
3614 903 3752 973 (52),

486 1001 594 1056 nisi
630 1001 978 1072 baptizemur
1009 1008 1070 1053 ut
1101 999 1207 1053 lert
1233 998 1379 1069 regis
1419 997 1686 1062 edictum,
1732 998 2043 1054 interficien

2171 1001 2409 1072 ἔφασκον
2439 1000 2576 1072 πρὸς
2625 1000 2926 1071 ἀλλήλους·
2976 1017 2996 1051 ι
3038 999 3105 1051 Τί
3144 999 3451 1068 ποιήσομεν
3487 998 3647 1066 ἡμεῖς
3699 997 3750 1049 οί

486 1115 590 1153 nos
619 1097 862 1168 pnnlecti
891 1099 1032 1168 ejus,
1065 1096 1371 1152 secundum
1400 1095 1690 1166 imperium
1724 1097 1871 1166 quod
1899 1097 1970 1152 ab
2000 1112 2043 1151 ei

2173 1095 2614 1168 περιλειφθέντες
2642 1092 2913 1164 (35);61:t,
2945 1091 3040 1146 ἐὰν
3074 1091 3150 1162 μὴ
3192 1089 3582 1162 βαπτισθῶμεν
3612 1089 3750 1144 καθ-

485 1190 800 1247 edixerunt.
829 1209 848 1242 ι
903 1191 970 1244 Et
1000 1205 1125 1245 cum
1157 1189 1374 1244 consilii
1410 1189 1676 1258 ancipites
1717 1197 1936 1255 essent,
1974 1191 2043 1244 ali

2169 1186 2244 1251 ὼς
2288 1186 2481 1257 ἐξῆλθε
2541 1185 2603 1238 τὸ
2645 1185 2824 1255 δόγμα
2880 1183 2975 1238 τοῦ
3029 1183 3316 1254 βασιλέως,
3352 1181 3752 1236 ἀποκτενοῦσιν

487 1281 710 1350 quidem
757 1281 1060 1336 dicebant:
1117 1299 1136 1332 ι
1168 1279 1458 1334 Faciamus
1499 1280 1842 1334 voluntatem
1898 1279 2043 1350 regis

2169 1279 2316 1348 ἡμᾶς
2353 1278 2402 1329 oi
2463 1276 2742 1346 σατράπαι
2803 1273 2966 1328 αὐτοῦ
2995 1317 3009 1342 ,
3062 1273 3204 1328 κατά
3255 1273 3314 1327 τὸ
3357 1274 3689 1346 πρόσταγμα
3719 1273 3750 1326 ὃ

485 1390 557 1431 ne
614 1375 906 1430 immature
951 1375 1275 1438 moriamur,
1311 1382 1477 1444 atque
1510 1374 1565 1428 in
1592 1373 1916 1429 abscondito
1942 1391 2043 1429 rura

2169 1367 2302 1437 παρ’
2357 1364 2521 1419 αὑτοῦ
2581 1364 2892 1436 εἰλήφασιν.
2945 1383 2965 1417 ι
3014 1363 3394 1436 Ἀπορούντων
3447 1362 3506 1417 δὲ
3565 1363 3748 1417 αὐτῶν

487 1483 582 1522 sus
609 1467 774 1523 (idem
807 1476 1053 1522 nostram
1078 1467 1344 1520 colamus.
1375 1485 1392 1517 ι
1427 1465 1533 1520 Alii
1559 1474 1742 1519 autem
1773 1465 2034 1520 dicebant

2165 1459 2297 1530 περὶ
2333 1458 2564 1521 τούτων,
2595 1459 2645 1510 oi
2682 1456 2784 1526 μὲν
2814 1455 3091 1527 ἔφασκον,
3134 1457 3217 1510 ὅτι
3255 1473 3274 1507 ι
3322 1457 3649 1527 Ποιήσωμεν
3684 1455 3748 1508 τὸ

495 1560 755 1625 «Verum,
779 1559 822 1614 si
850 1560 952 1612 hoc
980 1559 1296 1621 fecerimus,
1322 1573 1504 1612 nonne
1539 1557 1690 1612 videt
1719 1558 1863 1612 Deus
1889 1557 2043 1627 legen

2168 1550 2379 1620 θέλημα
2407 1549 2504 1604 τοῦ
2546 1547 2835 1620 βασιλέως,
2880 1549 2969 1603 ἵνα
3002 1549 3077 1620 μὴ
3117 1548 3480 1619 ἀποθάνωμεν
3525 1547 3747 1619 ἀώρως,

486 1667 640 1707 suam
674 1668 706 1705 a
750 1651 912 1705 nobis
942 1649 1180 1705 violari?
1209 1650 1277 1704 Et
1308 1649 1425 1719 ipse
1455 1665 1581 1704 cum
1612 1650 1757 1704 Deus
1803 1649 1876 1704 sit
1903 1649 2043 1703 ultio

2168 1645 2261 1696 καὶ
2285 1645 2343 1696 ὲν
2359 1642 2436 1714 τῷ
2454 1642 2682 1715 κρυπτῷ
2706 1643 2871 1697 πάλιν
2889 1643 3184 1714 κρατῶμεν
3206 1644 3306 1713 τὴν
3323 1643 3508 1696 πίστιν
3527 1640 3706 1713 ἡμῶν
3721 1661 3740 1692 ο

486 1760 641 1804 num,
674 1742 1101 1798 retributionem
1137 1741 1301 1796 nobis
1326 1741 1542 1806 reddet,
1587 1751 1644 1795 et
1672 1757 1865 1796 omnes
1892 1741 2043 1811 magi:

2165 1739 2213 1788 οἱ
2242 1737 2300 1788 δὲ
2332 1735 2538 1804 ἔλεγον⁹
2572 1755 2592 1787 ι
2644 1735 2785 1789 Ἀλλ’
2813 1735 2930 1800 οὖν,
2961 1736 3065 1790 κᾶν
3107 1735 3266 1789 τοῦτο
3305 1735 3596 1805 δράσωμεν
3620 1772 3636 1796 ,
3664 1733 3725 1786 οὐ

485 1832 810 1902 peribimus.
839 1851 855 1882 ι
895 1832 1003 1886 Alii
1043 1830 1306 1886 dicebant
1338 1847 1351 1883 :
1384 1849 1403 1882 ι
1437 1831 1594 1885 Nunc
1617 1832 1729 1902 jam
1765 1847 1872 1886 non
1902 1831 2043 1886 nobi:

2169 1825 2354 1895 βλέπει
2398 1827 2427 1879 ό
2473 1826 2606 1889 Θεὸς
2633 1826 2746 1898 (54)
2793 1827 2878 1880 ὃτι
2907 1824 3186 1897 πατοῦμεν
3217 1827 3306 1880 τὸν
3334 1826 3498 1896 νόμον
3539 1821 3744 1888 αὐτοῦς

485 1925 597 1980 Deo
637 1940 775 1995 opus
808 1933 913 1989 est,
945 1923 1205 1994 quoniam
1241 1923 1394 1992 pium
1426 1939 1609 1993 regem
1659 1931 1908 1978 nostrum
1953 1923 2043 1977 Du-

2163 1893 2259 1971 καὶ
2310 1917 2474 1980 αὐτὸς
2527 1893 2865 1990 ἐκδικήσεων
2919 1893 3182 1988 ὑπάρχων
3231 1919 3346 1989 (35)
3395 1893 3746 1987 ἀνταπόδομα

485 2031 719 2069 naanum
755 2015 1001 2069 Elesbam
1051 2012 1307 2066 manibus
1339 2012 1567 2066 tradidit
1617 2011 2043 2066 interliciendun

2163 2010 2534 2064 ἀνταποδώσει
2567 2009 2680 2082 (56)
2712 2013 2865 2081 ἡμῖν,
2918 2012 3015 2065 καὶ
3064 2011 3266 2073 πάντες
3302 2009 3565 2082 μειζόνως
3602 2009 3743 2063 ἀπο·

483 2120 608 2159 eum
643 2106 892 2160 exercitu
922 2105 1062 2174 ejus.
1105 2102 1349 2172 Propere
1379 2103 1567 2173 igitur,
1603 2102 1647 2157 si
1677 2102 1832 2157 vobis
1861 2103 2037 2173 placet

2161 2102 2405 2174 λὼμεθα.
2463 2122 2481 2155 ι
2517 2103 2705 2157 Ἀλλοι
2755 2103 2976 2174 ἔλεγον⁸
3013 2123 3032 2157 ›
3080 2105 3170 2168 Ὠς
3201 2103 3411 2169 ἔοικεν,
3443 2104 3505 2157 οὺ
3552 2102 3747 2174 χρείαν

483 2205 682 2251 cmicta
727 2206 915 2252 nostra
966 2195 1159 2250 furtim
1211 2195 1548 2262 auferentes,
1599 2195 1747 2251 illico
1798 2196 1939 2251 hanc
1976 2213 2043 2252 re

2162 2196 2243 2249 ἔτι
2274 2195 2430 2267 ήμῶν
2464 2197 2492 2248 ὁ
2524 2197 2657 2259 Θεὸς
2697 2195 2813 2268 ἔχει
2841 2196 3070 2268 ἀπάρτι,
3118 2197 3201 2251 ὅτι
3236 2195 3331 2250 τὸν
3360 2195 3560 2264 εὐσεϐῆ
3590 2195 3747 2265 βασι-

479 2287 698 2355 gionem
739 2269 1136 2356 digrediamur,
1192 2301 1262 2340 ne
1319 2301 1445 2340 cum
1479 2287 1805 2356 corporibus
1845 2287 2043 2342 anima:

2161 2287 2258 2341 λέα
2287 2287 2446 2357 ήμῶν
2479 2287 2722 2343 Δουναὰν
2766 2291 2889 2353 ταῖς
2923 2290 3083 2361 χερσὶ
3113 2288 3207 2343 τοῦ
3252 2275 3518 2343 Ἐλεσϐαᾶ
3559 2302 3742 2357 παρα-

479 2395 700 2448 quoquc
732 2379 1048 2449 perdamus.
1080 2397 1098 2429 ι
1135 2378 1405 2433 Dixerunt
1454 2385 1510 2433 et
1554 2378 1646 2432 alii
1693 2396 1706 2431 :
1747 2398 1764 2429 ι
1801 2377 1958 2445 Quod
2010 2395 2043 2434 s

2163 2379 2397 2432 δέδωκεν
2419 2379 2828 2451 ἀποκτανθῆναι
2861 2379 3000 2450 μετά
3023 2380 3118 2434 τοῦ
3154 2379 3518 2451 στρατοπέδου
3549 2375 3740 2432 αὐτοῦ.

478 2470 716 2539 migrare
747 2470 914 2524 vultis
938 2470 1045 2525 hoc
1077 2469 1242 2524 modo
1270 2485 1434 2539 quem
1461 2469 1696 2535 dixistis;
1726 2480 1782 2524 et
1811 2470 1926 2526 haec
1952 2487 2043 2526 no-

2163 2471 2266 2541 71
2304 2471 2470 2524 Δεῦτε
2519 2469 2657 2536 οὖν,
2718 2474 2766 2526 εί
2824 2472 3101 2542 βούλεσθε,
3153 2472 3330 2544 λάθρα
3389 2470 3644 2532 λαϐόντες
3671 2468 3742 2522 τὰ

475 2562 656 2616 verint
683 2562 1001 2627 Christiani,
1029 2578 1151 2632 quae
1185 2561 1241 2616 in
1272 2577 1373 2616 nos
1416 2561 1530 2617 sint
1568 2563 1866 2618 exercituri
1913 2564 2043 2619 mala

2159 2563 2355 2635 ἡμῶν,
2438 2558 2520 2627 εἷς
2587 2565 2821 2636 καθεξῆς
2879 2565 3189 2636 ἐξέλθωμεν
3266 2566 3332 2618 ὲκ
3381 2563 3493 2618 τῶν
3545 2561 3736 2633 χώρων

474 2651 634 2722 plane
667 2651 826 2707 vobis
873 2660 1214 2722 compertum
1246 2661 1351 2707 est.
1387 2671 1406 2704 ι

2157 2655 2398 2714 τούτων.
2431 2655 2520 2711 ἵνα
2569 2658 2645 2728 μὴ
2700 2659 2799 2712 σὺν
2841 2659 2957 2720 τοῖς
3005 2658 3221 2728 σώμασι
3265 2659 3361 2712 καί⁹
3407 2656 3507 2720 τὰς
3559 2655 3738 2725 ψυχὰς

473 2745 850 2814 ἀπολέσωμεν.
899 2763 919 2798 ι
957 2746 1176 2820 ’Έτεροι
1218 2742 1409 2800 εἷπονο
1454 2763 1474 2796 ι
1539 2745 1666 2799 Ἐάν
1726 2745 2082 2817 βουληθῶμεν
2122 2749 2484 2819 ἀναχωρῆσαι
2531 2750 2590 2802 ὃν
2641 2750 2844 2820 τρόπον
2900 2753 3204 2823 εἰρήκατε,
3265 2750 3360 2804 καὶ
3419 2747 3719 2817 γνώσωντα

469 2836 645 2891 ταῦτα
677 2837 726 2890 οἱ
758 2838 1108 2909 Χριστιανοὶ,
1146 2837 1182 2891 ἃ
1216 2837 1487 2906 μέλλωσιν
1520 2839 1598 2901 είς
1629 2839 1781 2908 ἡμᾶς
1821 2838 2167 2906 ἐνδείξασθαι
2206 2842 2356 2894 κακὰ
2395 2842 2614 2906 πάντως
2656 2843 2956 2898 ἐπίστασθε
2983 2845 3117 2914 (57).
3158 2864 3176 2896 ι

541 2929 693 2986 Unus
734 2945 867 2985 vero
912 2945 979 2985 ex
1020 2930 1126 2996 eis,
1162 2931 1455 2986 Herbanus
1501 2929 1747 2994 nomine,
1788 2930 1873 2984 vir
1916 2931 2043 3002 legis

2231 2930 2323 2998 Εἷς
2357 2934 2413 2987 δέ
2454 2951 2539 2998 τις
2563 2936 2658 2988 ἀπ’
2690 2935 2872 2990 αὐτῶν
2911 2935 3151 3005 τοῦνομα
3185 2935 3388 3006 Ἐρόἀν
3433 2933 3570 3004 (58),
3596 2934 3740 3006 ἀνὴρ

468 3019 698 3086 doctor,
759 3020 1004 3076 disertus
1047 3030 1214 3091 atque
1277 3020 1670 3085 astutissimus,
1731 3020 2043 3091 Veterisque

2156 3025 2630 3095 νομοδιδάσκαλος,
2660 3027 2840 3096 λόγιος
2861 3029 2955 3082 καὶ
2985 3029 3290 3100 πανοῦργος
3320 3029 3480 3094 πάνυ,
3508 3027 3733 3081 ἐπιστά-

469 3111 806 3168 Testamenti
836 3112 1227 3184 peritissimus,
1257 3123 1578 3183 ceteraeque
1608 3113 1913 3182 disciplinae
1942 3129 2043 3168 non

2159 3134 2319 3188 μενος
2340 3118 2576 3184 εἰσάπαξ
2599 3119 2698 3192 τὴν
2719 3121 2963 3176 Παλαιὰν
2986 3121 3214 3192 σφόδρα,
3249 3120 3495 3191 μετέχων
3524 3119 3585 3173 τέ
3609 3136 3732 3174 τινα

469 3202 644 3268 rudis,
696 3204 1040 3272 reSpondens
1083 3203 1222 3258 dixit
1273 3203 1355 3258 eis
1405 3221 1466 3258 τι
1512 3203 1622 3259 Vos
1676 3219 1867 3258 omnes
1913 3220 2043 3258 vana

2156 3209 2249 3262 καὶ
2278 3208 2387 3262 ἀπὸ
2417 3210 2527 3280 ,τῆς
2571 3210 2678 3276 ἔξω
2732 3211 3018 3276 παιδείας,
3065 3210 3389 3284 ἀποκριθεὶς
3439 3211 3545 3280 ἔφη
3597 3210 3734 3282 πρὸς

467 3293 718 3362 quaedam
758 3295 1185 3365 excogitavistis,
1231 3294 1482 3364 nihilque
1515 3294 1662 3364 quod
1696 3296 1854 3350 vobis
1884 3311 2043 3365 expe-

2156 3301 2383 3364 αὐτούς’
2435 3319 2456 3354 ι
2504 3303 2696 3373 Ὑμεῖς
2735 3305 2977 3369 ἅπαντες
3029 3306 3193 3360 καινὰ
3238 3305 3614 3376 ὲμελετήσατε
3668 3303 3737 3357 τά

468 3385 586 3440 diat
631 3385 687 3438 in
735 3385 978 3440 medium
1029 3386 1363 3455 protulistis.
1407 3387 1564 3453 Quod
1609 3387 1653 3442 si
1704 3386 1873 3458 igitur
1911 3388 2043 3442 mihi

2156 3396 2323 3465 μηδὲν
2355 3395 2694 3465 ὠφελοῦντα,
2745 3399 2841 3452 καὶ
2865 3401 2944 3462 είς
2995 3399 3161 3471 μέσον
3197 3398 3568 3468 παραθέμενοι
3596 3397 3730 3466 ('59).

468 3475 637 3530 vultis
681 3476 960 3540 assentiri,
1020 3478 1274 3546 protinus
1310 3494 1338 3531 a
1371 3493 1497 3547 rege
1523 3487 1579 3532 et
1607 3478 1905 3549 Gregentio
1931 3479 2043 3549 epi-

2156 3487 2214 3539 El
2240 3488 2420 3540 τοίνυν
2450 3488 2747 3559 προσέχετέ
2782 3509 2893 3559 μοι,
2935 3491 3091 3546 δεῦτε
3127 3493 3220 3546 καὶ
3263 3492 3499 3564 ἐροῦμεν
3527 3490 3604 3559 τῷ
3634 3490 3734 3560 βα-

467 3584 636 3640 scopo
659 3571 1062 3642 postulabimus
1086 3572 1382 3626 nonnullos
1403 3571 1568 3642 eligat
1589 3571 1738 3626 viros
1758 3571 2048 3626 nobiscum

468 3663 750 3734 disputare
772 3663 1042 3728 volentes,
1074 3671 1157 3729 ut,
1191 3663 1234 3719 si
1259 3662 1480 3733 quidem
1513 3679 1616 3718 nos
1646 3663 1698 3718 vi
1730 3679 2047 3718 sermonum

465 3757 862 3826 persuaserint,
883 3770 950 3810 ex
981 3755 1150 3810 animi
1184 3755 1456 3810 sententia
1487 3754 1787 3810 Christiani
1819 3755 2046 3817 ﬁamus;

465 3849 514 3905 si
541 3863 672 3904 vero
701 3864 810 3903 non
847 3849 1237 3919 persuadeant,
1273 3849 1626 3905 manifestum
1653 3849 1726 3904 sit
1754 3865 1850 3904 eos
1882 3850 2047 3906 nobis

465 3940 575 3994 vim
603 3940 828 4005 inferre,
879 3950 941 3995 ut
987 3958 1018 3995 a
1069 3941 1175 3996 [ide
1237 3951 1428 3997 nostra
1477 3941 1825 3998 deliciamus.
1863 3943 2045 4009 Quare

466 4032 783 4086 noverimus
829 4041 885 4086 et
921 4047 1021 4086 nos
1050 4031 1230 4102 qualis
1264 4033 1337 4087 sit
1361 4047 1554 4088 eorum
1599 4032 1755 4088 ﬁdes.
1802 4032 1856 4088 Si
1895 4034 2044 4088 enim

464 4137 595 4177 vera
620 4132 723 4186 est,
744 4124 1037 4178 credemus
1065 4123 1366 4194 (scimusne
1411 4139 1596 4178 annon
1639 4124 1782 4179 forte
1815 4126 1927 4196 jam
1956 4141 2047 4179 vc-

466 4211 613 4266 nerit
634 4212 880 4278 Messias,
903 4221 1088 4268 etnon
1113 4213 1575 4285 ignoraverimus)
1595 4231 1609 4282 ;
1633 4214 1680 4270 si
1705 4225 1889 4270 autem
1911 4215 2044 4271 falsa

469 4305 692 4361 inventa
723 4315 828 4372 est,
850 4307 1089 4363 sciemus
1110 4322 1212 4362 nos
1244 4316 1472 4378 propter
1494 4308 1667 4364 Deum
1694 4310 1860 4376 mori,
1897 4326 2044 4366 mor-

467 4401 686 4467 temque
717 4399 918 4455 acriter
959 4399 1410 4470 complectemur.
1450 4420 1470 4454 ι

2152 3578 2291 3632 σιλεῖ
2320 3581 2411 3632 καὶ
2439 3579 2758 3651 Γρηγεντίω
2779 3582 2855 3652 τῷ
2875 3585 3161 3655 ὲπισκόπῳ
3191 3584 3571 3655 παρασχέσθαι
3597 3585 3732 3653 ἡμῖν

2149 3668 2272 3731 τοὺς
2323 3670 2683 3741 βουλομένους
2721 3673 2838 3742 ἅμα
2874 3677 3008 3745 ἡμῖν
3062 3675 3446 3746 διαλεχθῆναι,
3479 3677 3647 3739 ὅπως,
3681 3678 3731 3728 εἰ

2153 3759 2254 3829 μὲν
2285 3759 2550 3814 πείσωσιν
2593 3764 2744 3834 ἡμᾶς
2780 3766 3054 3844 εὐλόγως,
3101 3767 3380 3837 γινώμεθα
3409 3765 3558 3832 ἅπαξ
3591 3767 3731 3821 κατὰ

2149 3853 2348 3920 πεῖραν
2394 3854 2739 3922 Χριστιανοὶ,
2795 3859 2844 3910 εί
2899 3857 2954 3911 δὲ
3003 3859 3066 3912 οὐ
3103 3860 3364 3924 πείσωσι,
3411 3859 3730 3928 γνώσωνται

2149 3943 2395 3998 κάκεῖνοι
2446 3946 2529 4000 ὃτι
2583 3948 2720 4013 τέως
2770 3951 2913 4006 κατά
2945 3953 3237 4021 τυραννίδα
3275 3953 3551 4023 βιάζονται
3583 3954 3731 4022 ἡμᾶς

2147 4033 2456 4103 ἀποστῆναι
2510 4037 2614 4107 τῆς
2654 4039 2894 4105 πίστεως
2935 4043 3097 4111 ἡμῶν
3129 4044 3239 4115 (40)
3261 4061 3276 4074 ο
3307 4047 3401 4098 καὶ
3432 4044 3730 4112 γνώσωμεν

2148 4123 2240 4175 καὶ
2273 4126 2433 4195 ἡμεῖς
2464 4128 2628 4182 ὁποία
2661 4131 2812 4186 ἐστὶν
2849 4134 2882 4204 ή
2917 4135 3099 4200 πίστις
3141 4137 3319 4190 αὐτῶν
3343 4155 3355 4167 ο
3387 4138 3499 4199 καὶ,
3545 4139 3592 4189 εί
3631 4137 3735 4206 μὲν-

2145 4214 2356 4284 ἀληθής
2389 4218 2525 4282 ἐστι,
2569 4222 2954 4295 πιστεύσωμεν
2991 4227 3063 4296 (τί
3101 4228 3210 4296 γάρ
3233 4227 3457 4298 οἴδαμεν
3490 4231 3564 4299 μή
3596 4246 3729 4282 ποτε

2146 4305 2413 4372 πολλάκις
2457 4310 2570 4382 (Μ)
2600 4309 2764 4385 ἦλθεν
2812 4319 2840 4370 ό
2887 4320 3136 4387 θῐεσιάς,
3188 4321 3282 4374 καὶ
3324 4322 3424 4374 οὐκ
3482 4321 3730 4392 ἔγνωμεν

2146 4401 2306 4470 ἡμεῖς
2326 4400 2394 4471 ;)·
2433 4405 2483 4458 εί
2522 4406 2579 4459 δέ
2619 4425 2684 4476 γε
2717 4409 2974 4482 πρόσεστι
3001 4414 3232 4484 ψευδής,
3265 4415 3371 4486 72
3413 4415 3553 4478 τέως
3582 4431 3727 4483 γνω-

2148 4489 2371 4560 σώμεθα
2414 4495 2497 4549 ὄτι
2536 4498 2624 4554 διὰ
2672 4501 2766 4556 τὸν
2808 4503 2942 4560 Θεὸν
2970 4507 3392 4578 ἀποθνήσκομεν
3439 4510 3534 4562 καὶ
3583 4507 3728 4578 μετά

2146 4583 2456 4656 προθυμίας
2480 4589 2842 4666 ἀσπαζόμεθα
2875 4598 2970 4653 τὸν
3001 4601 3255 4656 θάνατον.
3292 4621 3311 4654 ι

1987 4722 2222 4780 NOTAE.

530 4836 646 4960 351')
692 4837 866 4907 Epist.
899 4839 920 4894 Ι
965 4838 1033 4894 ad
1081 4839 1228 4922 :I'im.
1256 4855 1315 4902 It,
1346 4840 1382 4896 4
1429 4843 1578 4928 :"O;
1611 4841 1785 4911 (Θεὸς)
1820 4842 2027 4906 πάντας
2062 4845 2104 4900 D

462 4909 526 4960 ἀν
568 4924 780 4960 οωπους
802 4909 945 4960 θέλει
965 4908 1202 4960 σωθηναι
1227 4912 1320 4960 κοιλ¹
1350 4911 1430 4960 είς
1451 4911 1747 4960 επίγνωσιν
1769 4913 2028 4960 ἀληθείας

503 4928 526 4959 ⁸)

460 4905 780 5030 promo;
802 4909 945 4962 θέλει
965 4908 1202 4981 σωθῆναι
1227 4912 1320 4964 καὶ
1350 4911 1430 4976 είς
1451 4905 1747 4980 ἐπίγνωσιν
1768 4905 2028 4984 ἀληθείας

556 4995 580 5030 ε
609 4995 656 5030 ν.

533 4995 656 5110 ξέἓῖ
676 5046 906 5102 Locutio
931 5049 1153 5105 biblica.

527 5116 645 5198 ςόλῦ)
670 5116 875 5198 ςῖρόεκ,
898 5122 1280 5198 ποιήσωμεν...
1312 5121 1650 5198 περιληφθ...
1679 5122 1915 5198 Synteon
1940 5125 2036 5180 Se-

462 5186 880 5276 tlti_[_)elclt‘nel.
909 5186 1044 5276 pag.
1068 5186 1133 5244 8E
1171 5186 1860 5276 lSatelﬂchrjfspgtiéeor
1890 5212 2036 5276 _1tpo-

459 5259 661 5326 χωρεῖν
713 5257 790 5344 μή
817 5257 1134 5342 δυνάμενος.
1195 5260 1324 5330 ch.
1379 5257 1732 5334 κατελείφθη.
1779 5257 2030 5334 Ἰὺὶά.ἰ).

460 5326 565 5403 ξῶϐ
613 5343 641 5403 τι
668 5327 944 5403 Ἑπιλεξαι
975 5346 1105 5403 -των
1135 5331 1229 5403 δύο
1264 5331 1292 5384 ὂ
1333 5335 1686 5403 προαιρῇ....
1737 5333 1812 5395 ὡς
1843 5334 1907 5387 ἂν
1943 5337 2037 5388 καὶ

461 5349 565 5381 ῡῡο
613 5349 627 5380 :
685 5349 944 5395 nrttltegat
996 5349 1105 5382 των
1135 5349 1228 5384 ouo
1264 5349 1292 5384 ο
1340 5349 1686 5403 προαιρῃ,...
1737 5349 1812 5395 ως
1843 5349 1907 5387 αν
1943 5349 2032 5388 και

461 5395 658 5484 NW“
697 5399 944 5484 Urit?
973 5400 1137 5484 λδξβῖι.
1163 5401 1274 5454 τῶν
1297 5401 1510 5484 fere?
1552 5404 1621 5484 τὸ.
1649 5404 2032 5484 ἳίαὶαλϊῖφθέν

459 5469 572 5545 into
603 5469 982 5545 καταλειφθέν.
1020 5469 1240 5545 lbi_d._p.
1285 5469 1427 5527 486‘:
1460 5473 1784 5545 κατελήφθη
1827 5469 2040 5545 ἠπορη-

463 5537 626 5618 μένος
649 5547 756 5618 -_et
773 5537 1219 5618 ιεξοκατελείιξθη
1244 5543 1624 5618 geponendum
1645 5537 2033 5618 esse'videt'ur.

463 5607 755 5695 Pjonysius
790 5607 1217 5695 Halicarn.._l).e'
1248 5607 1557 5695 Thucydjd.
1588 5613 1614 5683 ξ
1720 5631 1756 5695 :_
1789 5616 2036 5695 Προσεπ-

460 5677 640 5764 έδωκε
661 5684 760 5744 τὰς
784 5681 1262 5764 θπαραληιρθείσας
1291 5677 1666 5764 mystae»
1697 5677 1862 5764 αὐτοῦ
1901 5703 2033 5764 συγ-

461 5749 721 5832 γραφέων
773 5749 1022 5814 ἀρετάς(
1054 5751 1152 5807 Vel
1199 5768 1327 5807 cum
1365 5749 1624 5836 Dudithio
1687 5749 2030 5826 παραλειφθ·

461 5819 712 5889 legerim,
747 5801 835 5876 vei
864 5821 1316 5889 παραληφθείσας
1347 5823 1455 5879 ἀπὸ
1487 5840 1659 5879 των...
1722 5845 1740 5878 ς
1779 5842 1916 5889 quas
1940 5843 2033 5883 ac-

463 5840 712 5889 tegertm,
747 5840 835 5876 vet
864 5840 1316 5892 παραληφυεισας
1347 5840 1455 5879 απο
1487 5840 1659 5879 των...
1722 5845 1740 5878 ι
1779 5842 1813 5896 q

462 5900 686 5960 ceperat
714 5891 781 5947 ab
817 5892 1219 5964 superioribus.
1259 5911 1277 5944 ι

2145 4843 2494 4982 “39,9331.
2522 4868 2668 4920 XCIII,
2702 4858 2734 4911 7
2768 4875 2781 4911 :
2817 4858 2930 4913 Καὶ
2957 4856 3118 4913 εἶπαν
3145 4875 3160 4889 .
3192 4879 3210 4909 ε
3254 4859 3370 4914 Οὐκ
3402 4859 3590 4930 ὄψεται
3613 4860 3724 4914 Κύ-

2212 4985 2323 5053 (δὲἢ
2363 4989 2570 5066 [forsan
2595 4993 2749 5051 deest
2777 4997 2926 5061 Θεός.
2959 5000 3101 5055 Psai.
3140 5016 3288 5066 xcm,
3326 5000 3348 5053 1
3380 5017 3392 5053 :
3422 4999 3556 5063 Θεὸς
3580 5002 3725 5054 ἐκδι-

2138 5053 2613 5131 unger-nvngme

2211 5125 2320 5213 (Ξϐ)
2358 5125 2501 5213 ξ’διιϊ.
2529 5148 2676 5213 x9",
2701 5139 2734 5192 5
2764 5153 2777 5190 :
2809 5137 3168 5213 frenoque
3193 5139 3394 5210 κρίνων
3431 5139 3531 5209 τὴν
3578 5144 3682 5213 γῆν
3710 5159 3724 5176 ’

2135 5192 2333 5279 dtu/@333;
2351 5192 2720 5279 ’ἀνταπόδοσιν
2743 5209 2856 5279 τοῖς
2877 5192 3275 5279 ὑπερηφάνοις.

2207 5263 2484 5354 (ilicem.
2525 5274 2729 5354 πάντος
2760 5263 3104 5354 ἐπίστασθαί.
3158 5263 3312 5354 Mox,
3372 5279 3722 5350 προσέχεται.

2221 5336 2331 5409 (58)
2383 5337 2654 5399 Gulonius
2706 5336 2904 5402 Latine
2960 5349 3108 5405 hunc
3165 5336 3446 5404 hominem
3505 5336 3726 5409 vacavit

2147 5401 2488 5488 Herbanum,
2517 5414 2676 5488 cujus
2701 5401 2904 5488 nomen
2935 5401 3423 5488 sine—aspiratione
3442 5401 3499 5472 in
3517 5401 3724 5479 ’έόᾱ

2147 5485 2416 5556 ςὲξνιριυηι
2444 5484 2657 5556 reperi.
2687 5487 2780 5540 Est
2817 5488 2983 5543 etiam
3023 5484 3225 5556 Ἐρϐὰν
3255 5489 3309 5542 in
3366 5489 3558 5544 codice
3595 5492 3725 5549 Lei-

2138 5542 2295 5636 degsi
2327 5549 2472 5617 apud
2503 5542 2814 5611 Fabricium
2878 5542 3141 5614 Biblioth.
3179 5557 3353 5615 Graec.
3410 5566 3451 5613 t.
3501 5542 3569 5626 Χ,

2140 5611 2322 5770 ἶιῗέθ)
2360 5691 2591 5770 Yidetur
2623 5693 2815 5752 deesse
2841 5698 3118 5770 nonnihil.
3153 5702 3232 5756 Ae
3277 5716 3374 5770 pro
3405 5700 3570 5754 καινᾶ
3607 5719 3722 5758 ma-

2138 5752 2233 5842 lint
2417 5777 2431 5793 -
2446 5778 2601 5842 _qua:_
2615 5769 2949 5842 permutatio
2978 5752 3066 5824 est
3082 5752 3374 5842 frequens.

2215 5827 2324 5904 (40)
2347 5827 2554 5904 βοειέκν
2580 5827 2757 5904 timv-

2208 5901 2320 5973 (41)
2352 5903 2449 5959 Est
2480 5901 2741 5971 πολλάκις
2768 5923 2868 5978 pro
2893 5907 3042 5976 ἴσως,
3067 5911 3223 5985 forte.
