3996 6580
201 465 314 532 5¹Π

1402 454 1983 519 HOMERITARUM
2024 453 2286 515 LEGES.

3383 459 3496 525 578

279 572 463 629 Ταῦτα
484 570 654 626 αὑτοῦ
680 567 986 642 εἰρηκότος,
1019 564 1363 638 ἐθροήθησαν
1400 566 1664 628 ἅπαντες,
1705 563 1799 616 καὶ

1974 558 2106 626 Quae
2137 576 2263 615 cum
2294 559 2384 614 ille
2408 559 2662 625 dixisset,
2689 561 3099 616 tumultuantur
3123 578 3338 625 omnes,
3358 564 3497 620 lter——

204 667 462 741 λὲγουσιν
509 663 590 737 τῷ
631 662 861 736 Ἐρὸὰν,
904 663 982 725 ὡς
1027 680 1046 713 ι
1093 659 1345 732 Ὀρῶμεν
1391 659 1473 711 ὅτι
1518 656 1629 711 τῶν
1663 658 1799 727 Χρι-

204 755 445 812 στιανῶν
476 756 573 810 καὶ
602 754 767 817 αὐτὸς
800 754 1157 825 προϊστασαι.
1194 754 1310 805 Uine
1345 748 1492 815 οἶδας
1524 751 1607 805 ὃτι
1635 752 1669 821 ἡ
1707 751 1799 803 πί-

205 867 329 914 στις
365 849 524 921 ήμῶν
555 848 767 919 ἀληθής
794 849 942 912 eam;
974 846 1070 899 καὶ
1103 845 1221 908 πῶς
1264 843 1438 915 αὐτὴν
1470 842 1801 911 καταλείψο·

205 961 356 1015 μεν;
395 962 415 996 ι
460 942 661 1014 Ἐρόὰν
693 941 798 1013 ἔφη
826 957 839 971 ο
882 960 899 992 ι
942 940 1130 1004 Οὐδὲν,
1168 939 1410 1007 ἀδελφοὶ,
1444 938 1682 1009 πονηρὸν
1714 937 1801 989 λε-

202 1037 463 1106 λάληκαο
500 1036 665 1107 ὁρᾶτε
715 1034 826 1103 γὰρ
874 1035 958 1087 ὅτι
991 1034 1096 1087 κᾶν
1149 1032 1348 1097 οὕτως,
1407 1032 1507 1087 κᾶν
1556 1033 1798 1103 ἐτέρως,

202 1128 603 1196 ἀναγκάζωσιν
650 1127 800 1196 ἡμᾶς
845 1125 940 1178 τοῦ
998 1125 1392 1199 βαπτισθῆναι.
1446 1125 1511 1178 El
1568 1121 1660 1179 οὖν
1700 1125 1802 1178 οὐκ

203 1219 441 1275 ἀκούετέ
486 1236 611 1289 μου,
648 1216 824 1279 άθῶός
857 1219 974 1287 εἰμι
1010 1216 1122 1270 άπὸ
1164 1217 1399 1271 ἑκάστου
1436 1215 1614 1285 ὑμῶν.
1646 1216 1798 1268 Πάν-

205 1332 319 1377 τως
361 1313 497 1384 γάρ,
531 1310 637 1365 κᾶν
665 1312 727 1363 οὐ
767 1311 1069 1381 πειράσητε
1109 1309 1207 1379 τὴν
1244 1311 1424 1362 πίστιν
1457 1307 1659 1373 αὐτῶν,
1706 1309 1801 1360 καὶ

206 1406 370 1468 ἐκτὸς
416 1402 728 1476 πειρασμοῦ
770 1388 1124 1472 πιστεύσητε,
1153 1401 1452 1472 ἐποιήσατε
1481 1401 1557 1462 ώς
1601 1402 1801 1453 ἐκεῖνοι

207 1497 530 1552 ἐκέλευσαν
566 1496 678 1549 εἴτε
727 1497 787 1549 ού
823 1495 1169 1559 πιστεύσετε,
1205 1491 1502 1563 γινώσκετε
1540 1493 1621 1547 ὅτι
1667 1494 1798 1544 ἀπο·

209 1588 498 1643 κτενοῦσιν
546 1590 695 1659 ἡμᾶς
739 1590 833 1642 καὶ
887 1588 1336 1657 ἀποθνήσκομεν.
1401 1604 1420 1636 ι
1469 1584 1801 1641 Καὶ,ταῦτα

209 1685 461 1746 εἰπόντος
488 1686 584 1736 τοῦ
624 1681 825 1753 Ἐρὸὰν
854 1681 1194 1749 ὑπήκουσαν.

285 1770 592 1843 Τοιγαροῦν
632 1772 871 1835 ἅπαντες
904 1773 998 1823 καὶ
1030 1770 1211 1824 πάντα
1249 1769 1320 1822 τά
1356 1769 1580 1840 ῥήματα
1621 1767 1801 1822 αὐτῶν

210 1868 273 1920 ἐν
306 1866 579 1936 πιττακίῳ
609 1864 954 1934 ἀναθέμενοι,
1014 1861 1297 1917 ἐπέδωκαν
1343 1861 1421 1932 τῷ
1466 1861 1696 1932 βασιλεῖ.
1742 1862 1802 1914 Ὀ

1904 652 2159 721 banoque
2193 652 2387 706 dicunt
2422 671 2434 705 :
2473 671 2491 703 ι
2534 652 2792 708 Videmus
2826 662 2879 707 te
2911 668 3133 724 quoque
3164 654 3497 712 Christianis

1905 745 2110 799 favere.
2171 744 2447 800 Veramne
2478 744 2639 799 ﬁdem
2687 755 2934 801 nostram
3000 762 3122 803 esse
3173 750 3390 804 nescis?
3440 759 3497 806 et

1904 838 2187 908 quomodo
2242 854 2362 892 eam
2415 838 2835 909 relinquemus?
2880 859 2897 891 ι
2956 841 3103 895 Dixit
3162 840 3492 896 Herbanus:

1911 950 1927 980 ι
1971 931 2142 995 Nihil,
2167 931 2387 996 fratres,
2408 932 2615 984 malum
2654 931 2793 984 dixi.
2829 931 3035 987 Scitote
3060 933 3209 987 enim
3241 949 3343 987 nos
3369 950 3500 1003 qua-

1904 1023 2042 1077 libet
2072 1023 2285 1077 ratione
2317 1023 2588 1093 baptizari
2626 1033 2878 1077 coactum
2912 1024 3001 1078 iri.
3059 1024 3115 1079 Si
3146 1026 3315 1095 igitur
3360 1026 3497 1079 mihi

1902 1126 2013 1165 non
2039 1112 2287 1176 creditis,
2312 1111 2449 1164 nulli
2478 1120 2729 1168 vestrum
2757 1114 2899 1167 male
2930 1114 3206 1168 consului.
3226 1115 3496 1184 Denique,

1903 1204 1950 1258 si
1987 1204 2152 1257 ﬁdem
2196 1217 2392 1257 eorum
2425 1220 2537 1258 non
2577 1206 2788 1274 experti
2819 1206 2998 1271 eritis,
3034 1215 3092 1260 et
3120 1209 3239 1261 sine
3276 1209 3498 1277 experic

1904 1301 2093 1347 mento
2134 1293 2511 1359 credideritis,
2558 1296 2704 1350 sicut
2746 1296 2834 1350 isti
2878 1297 3168 1367 jusserunt
3212 1297 3496 1363 feceritis;

1904 1386 1949 1440 si
1995 1396 2177 1441 autem
2214 1403 2323 1440 non
2355 1388 2728 1452 credideritis.
2762 1391 3039 1444 neminem
3069 1401 3315 1446 vestrum
3362 1392 3500 1462 fugit

1905 1491 2006 1530 nos
2050 1475 2118 1529 ab
2165 1476 2233 1530 iis
2266 1476 2615 1531 interfectum
2645 1479 2737 1541 iri,
2779 1488 2835 1532 et
2864 1480 3193 1534 moriemur.
3234 1501 3252 1531 ι
3292 1481 3360 1534 Et
3413 1482 3500 1536 his

1906 1568 2150 1624 llerbani
2201 1569 2367 1623 dictis
2400 1585 2609 1625 assensn
2638 1580 2789 1625 sunt.

1979 1765 2184 1821 Omnes
2233 1766 2400 1835 igitur
2444 1766 2500 1821 in
2543 1766 2731 1822 libello
2788 1769 2973 1823 omnia
3023 1779 3347 1841 argumenta
3402 1787 3502 1828 sua

1907 1858 2380 1928 conscripserunt,
2400 1858 2784 1930 dederuntque
2800 1863 2935 1932 regi.
2956 1863 3069 1918 Rex
3086 1875 3294 1929 autem,
3310 1876 3503 1935 aperto

208 1959 271 2012 δὲ
305 1930 580 2028 βασιλεὺς,
610 1930 901 2019 λύσας’καὶ
936 1955 1206 2022 ἀναγνοὺς
1229 1954 1290 2007 τὸ
1318 1930 1476 2007 δοθὲν.
1504 1954 1654 2025 αὐτῷ
1687 1972 1808 2007 πιτ-

1919 1952 2165 2020 lectoque
2199 1967 2364 2020 quem
2397 1964 2759 2020 perrexerant
2798 1930 3007 2021 libello,
3042 1957 3181 2011 adeo
3212 1930 3388 2013 iratus
3418 1966 3503 2013 est

216 2053 429 2117 τάκιον,
474 2048 736 2118 ἐθυμώθη
789 2047 910 2100 κατ’
963 2048 1145 2101 αὐτῶν
1183 2047 1280 2101 τοῦ
1332 2047 1544 2101 ἀνελεῖν
1584 2049 1806 2111 αύτούς.

219 2145 415 2212 Ὅμως
469 2142 654 2211 μέντοι
702 2139 853 2202 ἀνεὶς
886 2138 1092 2205 ὀλίγον,
1145 2138 1669 2209 προσκαλεσάμενος
1718 2139 1811 2193 τὸν

216 2234 671 2306 ἀρχιεπὶσκοπον,
700 2230 979 2283 ἐπέδωκεν
1014 2229 1164 2300 αὐτῷ
1194 2230 1254 2283 τὸ
1285 2230 1598 2287 πιττάκιον.
1645 2230 1805 2287 Ἀνα-

215 2329 377 2395 γνοὺς
415 2327 473 2379 δὲ
518 2325 651 2378 αὐτὸ
683 2326 713 2378 ὁ
758 2328 1029 2396 μακάριος
1075 2325 1282 2395 ἄριστα
1322 2323 1471 2395 ἔχειν
1502 2318 1664 2378 τοῦτο
1709 2326 1813 2378 ὑπ-

218 2418 406 2481 έλαϐε,
454 2417 548 2471 καὶ
590 2416 742 2486 λέγει
781 2415 859 2487 τῷ
904 2416 1156 2487 βασιλεῖ’
1202 2433 1221 2468 ι
1265 2416 1465 2480 Καλῶς
1504 2416 1805 2485 φάσκουσιν

214 2512 268 2564 οἱ
312 2510 559 2564 Ἰουδαῖοι
586 2510 669 2563 ὃτι
699 2508 759 2562 τὸ
792 2511 858 2562 ἐκ
892 2510 1272 2579 προαιρέσεως
1299 2508 1582 2562 πιστεύειν
1619 2509 1807 2580 μεῖζόν

217 2609 368 2657 ἐστιν
397 2602 493 2656 τοῦ
529 2602 672 2657 κατὰ
713 2601 857 2672 βίαν.
899 2602 1099 2655 Ἔασον
1130 2601 1330 2664 αὐτοὺς
1367 2599 1507 2672 πρὸς
1535 2600 1597 2654 τὸ
1632 2600 1807 2671 παρὸν

214 2696 571 2767 διαλεχθῆναι
624 2694 701 2758 ώς
758 2694 1080 2765 ὀρέγονται,
1134 2694 1230 2747 καὶ
1276 2695 1477 2748 ὁπόταν
1528 2694 1810 2764 πείσωμεν

219 2790 419 2853 αὐτοὺς
479 2789 567 2842 καὶ
600 2788 700 2841 οὐκ
741 2787 1045 2856 ἀνέχωνται
1080 2783 1175 2838 τοῦ
1213 2784 1579 2857 βαπτισθῆναι
1602 2825 1617 2848 ,
1666 2804 1810 2855 τηνι⁶

221 2880 397 2935 καῦτα
442 2878 703 2944 ἐπέξελθε
747 2877 978 2941 αὐτοὺς,
1029 2875 1105 2939 ὡς
1159 2875 1442 2946 κελεύειὴ
1490 2878 1548 2928 ἐν
1589 2877 1812 2946 Χριστῷ

223 2972 475 3041 βασιλεία
517 2988 633 3025 σου.
677 2989 696 3022 ι
737 2968 930 3023 Ταῦτα
956 2967 1199 3031 ἀκούσας
1226 2969 1254 3020 ὁ
1279 2967 1538 3038 βασιλεὺς
1568 2968 1803 3021 δέδωκεν

1910 2053 1971 2099 ut
2006 2060 2102 2099 eos
2146 2044 2312 2100 vellet
2363 2044 2701 2100 interficere.
2741 2046 2999 2102 Attamen
3049 2050 3276 2119 paulum
3336 2051 3501 2105 mite-

1909 2153 2092 2203 scens,
2133 2137 2423 2191 arcessivit
2476 2138 2981 2207 archiepiscopum,
3027 2140 3389 2212 libellumque
3448 2143 3502 2197 ei

1910 2230 2161 2285 tradidit.
2198 2229 2318 2295 Quo
2357 2229 2523 2294 lecto,
2574 2245 2689 2284 rem
2719 2232 2927 2300 optime
2963 2249 3021 2287 se
3053 2234 3265 2289 habere
3289 2236 3506 2290 censuit

1912 2322 2111 2376 beatus
2158 2321 2263 2387 vir,
2303 2321 2530 2389 regique
2562 2320 2702 2374 dixit
2734 2339 2747 2375 :
2786 2341 2802 2373 ι
2832 2323 3003 2377 Recte
3037 2324 3193 2378 aiunt
3228 2324 3399 2379 Judaei
3436 2342 3504 2381 ex

1913 2414 2088 2469 animi
2110 2414 2385 2468 sententia
2406 2429 2568 2482 quam
2581 2415 2635 2468 vi
2656 2415 2885 2471 credere
2900 2417 3085 2486 potius
3102 2433 3240 2473 esse.
3260 2420 3389 2474 Sine
3407 2434 3505 2474 eos

1913 2523 2068 2562 nunc
2090 2506 2375 2575 disputare
2412 2514 2473 2560 ut
2513 2518 2799 2577 expetunt,
2835 2519 3036 2565 etcum
3070 2514 3507 2582 persuaserimus
3568 2564 3571 2565 ν

1913 2616 2029 2661 eos,
2080 2600 2125 2653 si
2163 2598 2433 2668 baptizari
2472 2611 2755 2663 recusant,
2797 2610 2931 2657 tunc
2969 2605 3148 2672 plecte
3192 2621 3309 2669 eos,
3361 2606 3507 2661 sicut

1908 2694 2069 2764 jubet
2117 2701 2273 2745 tuum
2311 2692 2364 2745 in
2412 2692 2636 2747 Christo
2686 2709 2938 2765 regnum.
2972 2716 2989 2746 ι
3032 2696 3245 2763 Quibus
3275 2699 3501 2765 auditis,

1916 2801 2007 2838 rex
2034 2783 2187 2839 dedit
2219 2784 2301 2838 eis
2329 2785 2691 2854 quadraginta
2729 2786 2943 2841 dierum
2976 2788 3320 2854 dilationem,
3352 2800 3409 2845 ut
3437 2807 3507 2846 eo

1917 2889 2163 2948 tempore
2186 2878 2582 2944 deliberarent,
2612 2891 2668 2934 et
2710 2897 2850 2950 quos
2880 2883 3085 2937 vellent
3118 2884 3403 2955 eligentes,
3439 2885 3505 2940 ad

1917 2970 2163 3039 seipsum'
2193 2970 2260 3025 ad
2291 2971 2689 3040 disputandum
2726 2974 3031 3028 mitterent.

221 3062 406 3124 αὐτοῖς
453 3059 683 3130 διωρίαν
730 3057 870 3129 (42),
908 3056 1073 3128 μέχρι
1100 3058 1519 3128 τεσσαράκοντα
1561 3059 1806 3129 ἡμερῶν,
1840 3060 1950 3128 ἵνα,
1991 3062 2097 3131 73
2169 3061 2406 3116 ἐνταῦθα
2482 3062 2931 3135 διασκεψάμενοι,
2974 3065 3181 3137 οὕσπερ
3232 3066 3507 3136 βούλοιντο

220 3154 632 3225 ἐπιλεξάμενοι,
672 3155 754 3217 είς
797 3151 1037 3217 διάλεξιν
1078 3152 1443 3223 ἐκπέμψωσιν
1470 3153 1608 3225 πρὸς
1635 3155 1822 3210 αὐτόν.

294 3247 511 3301 Τούτων
560 3245 856 3317 τοιγαροῦν
905 3244 1301 3316 πορευθέντων,
1355 3246 1452 3299 καὶ
1498 3248 1556 3299 ἐν
1608 3249 1809 3313 πάσαις

1990 3249 2094 3317 Qui
2121 3250 2289 3321 igitur
2320 3253 2553 3323 profecti
2592 3264 2742 3317 sunt,
2762 3263 2925 3324 atque
2955 3256 3008 3310 in
3037 3258 3294 3312 omnibus
3311 3274 3507 3313 eorum

222 3341 344 3401 ταῖς
385 3338 646 3407 πατριαῖς
676 3334 789 3405 (ιὸ)
821 3333 1003 3386 αὐτῶν
1033 3332 1387 3404 ἐρευνώντων
1417 3336 1544 3399 τοὺς
1574 3336 1817 3404 ὀφείλον-

223 3444 323 3490 τας
346 3423 726 3495 ἀθροισθῆναι,
754 3424 850 3477 καὶ
880 3422 951 3475 τά
988 3422 1126 3486 πρὸς
1160 3423 1261 3494 τὴν
1290 3422 1525 3487 διάλεξιν
1548 3424 1628 3494 τῷ
1661 3424 1811 3494 βασι-

225 3521 310 3574 λεῖ
368 3518 703 3587 συναντῆσαι
751 3516 864 3586 (ﬂ)
894 3531 908 3544 '
978 3516 1366 3588 πληρουμένης
1407 3513 1501 3570 οὖν
1555 3518 1667 3587 (45)
1716 3518 1817 3589 τῆς

224 3610 542 3682 ὁρισθείσης
572 3607 937 3680 προθεσμίας,
968 3606 997 3659 ὀ
1026 3608 1446 3679 μακαριώτατος
1485 3610 1525 3661 Γ
1530 3608 1817 3681 ρηγέντὶος

202 3704 485 3769 οτοιαύτας
528 3702 871 3774 συμϐουλίας
914 3701 1089 3755 ἐδίδου
1144 3701 1223 3772 τῷ
1271 3703 1467 3775 δικαίῳ
1510 3704 1605 3757 καὶ
1659 3706 1816 3758 εὐσε-

227 3796 477 3865 ϐεστάτῳ
507 3793 722 3864 βασιλεῖ
743 3795 801 3847 ἐν
830 3793 909 3864 τῷ
939 3793 1036 3846 τοῦ
1069 3792 1253 3848 κοινοῦ
1286 3794 1669 3866 ἐπιμελεῖσθαι
1699 3796 1811 3867 (46)

225 3888 321 3941 καὶ
351 3884 594 3947 εὐσεϐῶς
628 3884 727 3948 τὰς
755 3883 1033 3950 διατάξεις
1058 3885 1511 3955 εἰσπράττεσθαι.
1541 3906 1558 3939 ι
1604 3888 1813 3941 Κέλευ-

229 3994 346 4041 σον,
389 3995 409 4029 ι
450 3975 640 4046 φησὶν,
696 3994 714 4027 ι
761 3974 807 4028 ὦ
856 3974 1129 4039 δέσποτα,
1179 3978 1301 4029 κατ’
1347 3977 1579 4049 ἐκλογὴν
1629 3980 1817 4051 τιμίαν

224 4069 446 4139 ἑκάστῳ
482 4066 689 4140 ρεγεῶν
717 4068 941 4138 ἄρχοντι
965 4065 1079 4139 (47)
1111 4068 1457 4138 ἐπιδοθῆναι,
1490 4070 1548 4124 ἐν
1580 4070 1818 4141 πρώτοις

225 4162 402 4234 ταύτῃ
447 4163 512 4232 τῇ
562 4159 921 4231 βασιλευούσῃ
970 4159 1123 4213 πόλει
1173 4160 1282 4214 τῶν
1330 4161 1684 4233 Ὀμηριτῶν,
1724 4166 1819 4219 καὶ

226 4252 535 4319 εἶθόὖτως
574 4252 671 4309 κα)⁸
724 4255 844 4317 ταῖς
905 4252 1120 4323 ἐτέραις
1172 4253 1417 4317 άπάσαις
1461 4254 1651 4309 πόλεσι
1707 4255 1817 4309 τῶν

1925 3340 2249 3412 regionibus
2299 3345 2642 3413 quaesierunt
2676 3344 2934 3401 homines
2981 3348 3077 3417 qui
3114 3350 3504 3413 convenirent.

1922 3448 1986 3488 ac
2008 3433 2210 3488 deinde
2242 3450 2431 3489 coram
2481 3451 2609 3506 rege
2654 3436 2799 3492 irent
2839 3437 2905 3492 ad
2936 3438 3353 3508 diSputandum.
3405 3442 3511 3495 Ex-

1922 3522 2071 3592 pleto
2098 3522 2267 3593 igitur
2293 3523 2521 3594 ρι’ωῆχο
2568 3533 2819 3595 tempore
2842 3567 2856 3591 ,
2889 3527 3244 3585 beatissimus
3267 3529 3510 3601 Gregen-

1925 3612 2037 3666 tius
2066 3613 2185 3668 hare
2225 3614 2457 3669 consilia
2498 3614 2653 3669 dedit
2696 3615 2846 3687 justo
2895 3626 2951 3671 et
2992 3617 3243 3687 piissimo
3275 3620 3413 3690 regi,
3448 3629 3510 3675 ut

1923 3703 2209 3758 communi
2234 3704 2383 3758 bono
2405 3705 2745 3770 consuleret,
2769 3707 3064 3764 etordines
3085 3708 3173 3778 pie
3195 3710 3506 3765 ordinaret.

1927 3816 1946 3849 ι
1978 3797 2143 3863 Juhe,
2176 3797 2379 3868 inquit,
2417 3814 2450 3852 o
2477 3815 2595 3862 rex,
2625 3800 2930 3856 secundum
2963 3801 3249 3857 honestam
3275 3804 3508 3859 electio-

1921 3905 2048 3944 nem
2073 3890 2275 3960 cuique
2306 3891 2521 3960 regioni
2550 3890 2748 3947 ducem
2782 3893 3046 3949 constitui
3090 3894 3145 3948 in
3189 3895 3384 3964 primis
3418 3912 3507 3950 re-

1921 3980 2021 4051 giae
2040 3979 2451 4035 Homeritarum
2483 3983 2716 4047 civitati,
2739 3993 2796 4038 et
2818 3983 2897 4038 sic
2917 3984 3118 4039 deinde
3153 3985 3369 4041 caeteris
3391 4002 3509 4040 om-

1924 4071 2090 4126 nibus
2133 4071 2213 4126 tui
2265 4074 2423 4144 regni
2454 4073 2776 4129 civitatibus
2814 4090 2881 4128 ex
2930 4076 3256 4146 proceribus
3288 4093 3507 4133 eorum.

1922 4164 2173 4235 Curaque
2228 4165 2346 4220 haec
2397 4167 2700 4222 constituta
2733 4175 2950 4233 erunt,
3009 4175 3140 4224 tunc
3200 4185 3325 4239 qum
3374 4172 3509 4241 ipsis

1926 4256 2041 4311 sint
2075 4256 2319 4311 cavenda
2340 4258 2617 4325 scriptura
2647 4263 2979 4313 statuamus.
3018 4278 3036 4311 ι

225 4347 408 4402 οὐσῶν
451 4347 558 4401 ὑπὸ
590 4346 689 4419 τὴν
737 4345 1021 4417 βασιλείαν
1064 4363 1159 4398 σου
1209 4346 1300 4401 διὰ
1350 4346 1460 4400 τῶν
1508 4349 1823 4419 προσόντων
1861 4349 2047 4412 αὐτοῖς
2090 4349 2470 4418 μεγιστάνων·
2541 4350 2635 4403 καὶ
2679 4350 2884 4403 ὁπόταν
2924 4352 3100 4406 ταῦτα
3134 4353 3386 4423 γένηται,
3445 4354 3509 4406 τὸ

225 4441 536 4513 τηνικαῦτα
588 4440 885 4512 ἐκθώμεθα
932 4440 1047 4512 (48)
1089 4440 1275 4505 αὐτοῖς
1325 4443 1621 4514 ἐγγράφως
1663 4447 1821 4498 ὁποῖα
1857 4444 2119 4514 ὀφείλωσι
2146 4444 2688 4515 παραφυλάττεσθαι.
2731 4464 2751 4497 ι

300 4537 410 4591 Τοῦ
453 4532 546 4591 οὖν
601 4535 868 4607 βασιλέως
899 4534 1308 4606 άριθμήσαντος
1346 4537 1404 4591 ἐν
1444 4538 1689 4609 πρώτοις
1720 4539 1809 4613 τὴι

1998 4541 2116 4595 Rex
2152 4540 2340 4611 igitur,
2372 4540 2751 4596 adnumeratis
2779 4556 2886 4596 una
2918 4550 2973 4596 et
3003 4539 3225 4612 triginta
3261 4541 3506 4612 regioni-

232 4630 631 4704 βασιλεύουσαν
657 4629 813 4683 πόλιν
848 4627 1067 4700 Νεγρὰν
1105 4629 1187 4693 εἰς
1223 4632 1578 4701 τριακονταὲξ
1612 4635 1816 4706 ρεγεῶο

231 4744 350 4791 νας,
390 4724 649 4797 παραυτά
686 4722 1024 4793 κατέστησεν
1054 4719 1161 4775 ἀνά
1185 4722 1403 4793 ἑκάστῳ
1432 4723 1662 4795 ρεγεῶνι
1690 4726 1818 4789 τοὺς

228 4818 561 4887 λεγομένους
586 4814 975 4891 γειξονιάρχας
1012 4812 1125 4884 (49)
1162 4813 1253 4867 τὸν
1289 4814 1526 4887 ἀριθμὸν
1566 4834 1818 4889 τριακον-

229 4909 361 4975 ταὲξ
386 4949 402 4974 ,
455 4907 553 4961 καὶ
587 4904 929 4978 προσέταξεν
960 4904 1057 4958 ἕνα
1094 4905 1328 4960 ἕκαστον
1373 4906 1553 4962 αὐτῶν
1583 4907 1727 4978 ἔχειν
1756 4910 1817 4962 τὸ

229 4999 361 5054 ἴδιον
389 4997 499 5070 74
521 4998 780 5067 σέκρετον
812 4994 923 5065 (50)
946 4996 1003 5048 ἐν
1033 4998 1099 5067 τῇ
1116 4996 1359 5071 λαχούσῃ
1382 4998 1531 5068 αὑτῷ
1551 5000 1814 5072 γειτονίᾳ,

232 5088 396 5158 μέσον
425 5088 524 5159 τῆς
557 5088 785 5159 ἀγορᾶς,
822 5086 1212 5157 ἀναγράπτους
1241 5087 1343 5152 τὰς
1384 5089 1561 5154 οἰκίας
1597 5091 1817 5155 ἁπάσας

1920 4632 2048 4699 bus,
2085 4641 2251 4702 atque
2282 4631 2338 4686 in
2368 4632 2565 4702 primis
2596 4633 2747 4704 regia
2778 4633 2915 4688 urbe
2935 4633 3136 4702 Negra,
3160 4634 3347 4688 statim
3384 4636 3506 4688 cui-

1919 4740 2027 4795 que
2057 4724 2270 4795 regioni
2299 4724 2591 4794 praefectos
2624 4725 2909 4795 imposuit,
2938 4740 3188 4791 numero,
3217 4725 3505 4780 utdictum

1919 4824 2027 4882 est,
2059 4832 2228 4870 unum
2264 4824 2321 4871 et
2368 4815 2612 4887 triginta,
2642 4816 2919 4888 jussitque
2957 4833 3409 4887 unumquemque
3436 4835 3505 4872 ex

1919 4908 1989 4963 iis
2017 4909 2305 4978 proprium
2347 4908 2552 4963 habere
2603 4918 2920 4981 suggestum
2956 4911 3012 4965 in
3060 4911 3285 4981 regione
3336 4927 3504 4981 quam

1920 5002 2153 5057 sortitus
2177 5012 2316 5067 erat,
2349 5003 2403 5057 in
2436 5003 2622 5058 medio
2651 5003 2806 5071 foro;
2854 5004 3261 5075 inscriptasque
3309 5004 3507 5060 domos

1924 5109 2141 5159 omnes,
2174 5094 2231 5149 in
2266 5095 2472 5165 quibus
2504 5096 2800 5167 imperium
2833 5104 3118 5164 exercent,
3172 5096 3376 5153 habere
3408 5111 3508 5153 eos

1751 5182 1985 5242 NOTAE.

324 5271 415 5350 43)
559 5271 757 5350 codex.
780 5273 978 5330 Melius
1005 5276 1175 5350 fuerit
1201 5276 1435 5350 διορίαν.

448 5343 757 5418 Resychius
797 5349 1088 5418 artaverat,
1124 5343 1309 5418 φυλαίξ

301 5413 413 5489 (434)
437 5413 574 5489 Cod.
607 5413 1256 5489 συναντίσαιζΜοάοριό
1280 5420 1374 5474 καὶ
1406 5419 1495 5486 τά,
1525 5420 1710 5478 forsan
1743 5421 1822 5476 le-

227 5482 468 5552 gendum
499 5485 666 5539 fuerit
689 5486 784 5539 καὶ
808 5482 949 5540 εἶτα.

301 5555 413 5624 (45)
441 5555 530 5609 Sic
556 5558 751 5611 codex.

300 5627 414 5705 (έϐ)
444 5624 636 5705 Codex
666 5627 883 5693 vitiose,
914 5628 1094 5683 κεινοῦ
1122 5631 1449 5688 ἐπιλεῖσθαι.
1478 5634 1586 5689 Pro
1618 5634 1676 5687 ἐν
1706 5634 1814 5705 legi

227 5694 417 5749 malim
442 5697 556 5750 ἐπί.

301 5766 415 5843 (47:)
489 5766 696 5843 Codex,
736 5770 1220 5843 pex§&v._Forsan
1282 5776 1670 5843 reponendum
1726 5778 1810 5829 ἐκ.

223 5836 460 5914 ρεγεῶνι
498 5836 757 5914 άρχονταζ
814 5836 1167 5914 Herodianus
1204 5836 1463 5914 Epini.p.
1513 5848 1653 5902 “8:
1698 5845 1812 5900 Ῥε-

226 5905 395 5978 γεὼν,
444 5905 609 5978 μέρος
650 5910 751 5978 τῆς
794 5911 1026 5979 πόλεως,
1076 5914 1172 5968 καὶ
1224 5905 1466 5970 κλίνεται
1522 5918 1809 5988 ρεγεῶνος.

1920 5277 2017 5357 Est
2030 5282 2305 5357 Latinum
2341 5287 2505 5357 regio.

1993 5350 2104 5424 (48)
2142 5356 2351 5420 Codex,
2375 5350 2673 5424 ὲῖιθέμεθα.

1998 5424 2113 5496 (49)
2165 5426 2406 5499 Cangius
2464 5424 2646 5482 Gloss.
2704 5444 2719 5481 :
2768 5424 3161 5499 ρεγεῳνάριος,
3196 5427 3503 5499 γειτονιάρ-

1920 5511 2025 5566 χης
2045 5512 2058 5525 ’
2092 5505 2149 5549 et
2177 5496 2507 5567 llesychium
2543 5496 2832 5553 auctorem
2855 5496 3048 5562 all‘ert';
3076 5498 3169 5552 sed
3198 5498 3367 5552 habet
3396 5496 3503 5553 He-

1917 5566 2140 5640 sychius
2173 5566 2562 5640 γειτονίαρχος.
2588 5569 2687 5623 Est
2706 5584 2839 5638 ergo
2875 5569 3103 5639 ρεγεώνι
3137 5584 3501 5640 synonymum

1916 5637 2177 5709 γειτονία,
2200 5652 2309 5706 qua
2348 5637 2483 5693 voce
2497 5655 2622 5694 mox
2643 5637 2885 5709 scriptor
2910 5648 3118 5694 utetur.
3144 5637 3280 5697 Vide
3308 5637 3503 5695 Reisk.

1914 5708 1983 5762 ad
2020 5706 2311 5779 Constant.
2343 5709 2418 5764 De
2447 5726 2668 5765 (δίει-ειη.
2696 5706 2887 5779 ρ.”157
2906 5709 2967 5764 C.

1986 5779 2098 5852 (50)
2120 5778 2328 5852 Glossae
2347 5780 2491 5852 juris
2523 5798 2575 5852 p.
2603 5778 2709 5835 1(‘8
2739 5780 2948 5835 Labbei
2977 5798 2989 5833 :
3028 5780 3309 5852 σέκρετον,
3338 5786 3497 5836 δικα-

1915 5851 2154 5921 στήριον.
2180 5850 2317 5906 Vide
2352 5850 2537 5907 Cotcl.‘
2562 5853 2807 5907 Monum.
2833 5862 2872 5908 t.
2906 5852 2947 5918 Ι,
2974 5866 3028 5921 p,
3069 5851 3191 5906 752.
