3996 6580
448 477 553 541 570

1365 465 1429 525 S.
1469 461 1900 525 GREGENTII
1938 460 2177 527 EPISC.
2213 458 2748 523 TAPHARENSIS

3609 451 3714 517 580

441 587 628 663 jussit,
661 590 724 641 ut
748 583 978 639 ditionis
1003 597 1117 639 sua:
1145 580 1355 636 limites
1387 586 1811 650 cognoscerent,
1852 565 2027 647 neque

2138 575 2320 647 ἇσπερ
2368 573 2732 646 ἐπικρατοῦσι
2780 568 3044 632 κελεύσας
3095 564 3428 638 κεκτῆσθαι,
3464 564 3552 618 ῐνα
3593 563 3715 618 ἐπί-

424 683 659 734 erraret
679 675 822 729 alius
846 673 902 727 in
933 672 1094 726 aliam
1125 669 1395 725 ditionem
1419 668 1722 738 inspiciens
1737 676 1903 736 atque
1933 682 2025 721 or-

447 770 666 826 dinans.
699 767 879 835 Atque
909 765 999 819 his
1046 763 1122 818 ita
1154 761 1499 823 constitutis.
1538 768 1787 814 statuens
1818 758 2025 813 ollieia-

446 862 547 925 les,
577 859 772 915 tribuit
820 858 904 912 eis
939 855 1237 926 imperium
1269 868 1440 924 super
1472 851 1748 906 sexdecim
1797 850 2045 905 milites»

444 956 515 1010 Et
556 968 681 1009 cum
713 954 831 1008 haec
862 956 1262 1020 comparasset,
1305 947 1468 1019 jussit
1500 962 1599 1001 rex
1627 946 1879 1015 accipere
1916 946 2019 999 sti-

446 1046 671 1117 pendia,
730 1054 789 1101 et
844 1042 1118 1115 largitias,
1155 1051 1212 1096 et
1261 1056 1533 1104 annonas,
1570 1046 1628 1094 et
1674 1054 1837 1109 agere
1877 1045 2027 1094 recte

445 1154 571 1193 cum
636 1135 930 1207 prudentia
990 1150 1055 1190 ac
1099 1134 1197 1189 Dei
1247 1133 1468 1187 timore.
1522 1132 1822 1201 Imperavit
1858 1131 2024 1184 etiam

446 1228 769 1283 beatissimo
800 1225 1101 1296 Gregentio
1130 1233 1193 1278 ut
1217 1221 1584 1293 perscriptam
1616 1220 2023 1274 ordinationem

447 1318 654 1374 faceret
682 1317 872 1387 eisque
898 1314 1191 1386 praeberet,
1219 1328 1327 1383 qua
1353 1312 1649 1382 diligenter
1676 1309 1884 1365 scirent
1901 1326 2026 1380 quae

447 1405 552 1460 sibi
583 1412 769 1460 essent
794 1402 1059 1458 cavenda.

2137 685 2362 723 στανται
2397 666 2505 731 ἕως
2541 666 2691 729 τίνος
2735 663 2967 725 ἕκαστος
3006 658 3187 715 αὐτῶν
3235 655 3544 725 ἐξουσιάζει
3573 656 3714 727 (51),

2134 762 2229 815 xal.
2275 761 2352 832 μὴ
2385 757 2832 831 περιπλανῶνται
2865 756 3055 827 ἕτερος
3087 754 3168 816 είς
3200 751 3393 823 ἐτέρου
3439 750 3716 819 γειτονίαν

2132 852 2523 923 παρακύπτειν
2567 850 2664 905 καὶ
2696 846 3101 902 διατάττεσθαι.
3147 843 3283 907 Kal,
3324 842 3519 897 τούτου
3555 858 3717 910 γεγο-

2131 944 2305 1010 νότος,
2332 942 2671 1015 στρατεύσας
2712 938 2991 1005 ταξεῶτας
3022 936 3160 1008 (52),
3198 935 3304 990 άνά
3340 934 3402 1000 ἐξ
3448 934 3548 988 καὶ
3582 934 3717 989 δέκα

2133 1035 2486 1105 στρατιωτῶν
2529 1033 3014 1105 παρεκατέστησεν
3056 1029 3205 1100 ἔχειν
3250 1029 3332 1091 είς
3382 1027 3714 1097 ὑπηρεσίαν.

2131 1126 2263 1190 Καὶ,
2299 1125 2505 1179 τούτων
2539 1125 2998 1196 ἐτοιμασθέντων,
3030 1121 3367 1193 προσέταξεν
3396 1123 3425 1175 ὀ
3458 1121 3718 1189 βασιλεὺς

2128 1217 2222 1271 τοῦ
2255 1218 2560 1288 λαμϐάνειν
2593 1218 2707 1287 (55)
2737 1217 2906 1289 ῥόγας
2938 1214 3051 1287 (54)
3073 1232 3132 1268 τε
3162 1215 3257 1268 καὶ
3280 1212 3596 1284 φιλοτιμίας
3623 1212 3717 1266 καὶ

2128 1312 2346 1377 άνόνας,
2375 1312 2471 1365 καὶ
2493 1313 2759 1384 πράττειν
2781 1309 2962 1374 καλῶς
2996 1309 3115 1380 μετ’
3138 1308 3425 1370 εὐλαϐείας
3446 1305 3542 1359 καὶ
3562 1304 3714 1374 φόϐῳ

2127 1403 2287 1456 Θεοῦ·
2322 1403 2636 1474 προστάξας
2674 1402 2753 1473 τῷ
2788 1401 3199 1473 μακαριωτάτῳ
3230 1399 3549 1470 Γρηγεντῖω
3578 1396 3713 1451 ἀνά-

445 1517 689 1572 γραπτον
712 1496 957 1561 διάταξιν
975 1494 1303 1566 ποιήσασθαι
1318 1494 1410 1548 καὶ
1427 1495 1728 1565 παρασχεῖν
1746 1493 1949 1558 αὐτοῖς,
1966 1493 2048 1557 εἰς
2063 1495 2122 1547 τὸ
2138 1496 2383 1566 ἀκριϐῶς
2397 1496 2722 1551 ἐπίστασθαι
2737 1497 2859 1549 τίνα
2876 1494 3167 1565 ὀφείλωσιν
3196 1490 3709 1566 παραφυλάξασθαι.

514 1596 640 1651 Haec
675 1594 974 1649 meditatus
1022 1589 1213 1644 sedato
1255 1588 1441 1644 animo
1488 1589 1704 1654 beatus,
1758 1603 1882 1659 quae
1919 1588 2025 1643 sibi

446 1688 714 1756 imperata
736 1689 898 1738 erant
929 1677 1158 1748 exsequi
1191 1679 1379 1748 cmpit.

2208 1592 2509 1658 Καθεσθεὶς
2546 1593 2603 1646 δὲ
2651 1593 2680 1645 ὁ
2728 1595 2997 1663 μακάριος
3043 1592 3104 1645 ἐν
3148 1589 3374 1664 ἠσυχίᾳ,
3429 1572 3714 1660 ἀπήρξατο

2136 1686 2450 1739 συντάττειν
2479 1685 2548 1739 τά
2587 1683 3003 1757 προσταχθέντα
3038 1682 3210 1755 αὐτῷ.

516 1778 632 1831 Rex
649 1784 833 1829 autem
863 1790 1082 1839 senum,
1105 1782 1160 1830 et
1184 1772 1593 1845 aegrotantium,
1625 1779 1682 1826 et
1700 1785 2026 1842 egenorum,

2213 1779 2270 1831 Ὀ
2309 1778 2366 1831 δὲ
2408 1777 2662 1848 βασιλεὺς
2696 1778 3043 1847 γηροκομεῖα
3096 1776 3193 1829 καὶ
3238 1776 3564 1845 νοσοκομεῖα
3616 1773 3712 1828 καὶ

442 1879 500 1922 et
526 1866 949 1937 peregrinorum
989 1867 1233 1937 hospitia
1258 1864 1547 1920 celerrime
1574 1863 1726 1929 fecit,
1763 1865 1938 1919 multa
1970 1864 2025 1919 in

443 1960 529 2014 eis
565 1958 964 2015 thesaurizans.
999 1958 1251 2029 Namque
1279 1967 1347 2013 ex
1372 1956 1686 2012 redditibus
1701 1971 2026 2027 magnorum

444 2052 645 2104 horum
698 2049 1096 2105 suburbiorum
1126 2090 1141 2113 ,
1179 2065 1302 2118 quae
1352 2048 1684 2104 condiderat
1728 2048 2028 2104 Dunaanus

444 2144 810 2200 Hebraeorum
868 2159 966 2200 rex
993 2152 1051 2199 et
1081 2157 1345 2215 proceres
1380 2143 1524 2214 ejus,
1571 2156 1766 2197 omnes
1798 2157 2025 2212 egenos,

445 2247 611 2308 atque
644 2237 701 2291 in
740 2236 928 2308 inopia
976 2251 1141 2293 senes
1177 2245 1235 2292 et
1264 2234 1540 2300 inﬁrmos,
1589 2234 1930 2305 clandosque
1973 2244 2028 2290 et

445 2343 642 2395 cmcos,
665 2327 1214 2400 magniﬁcentissime
1236 2327 1451 2381 curavit
1474 2333 1530 2381 et
1568 2326 1784 2391 refecit,
1815 2327 2026 2396 stipen-

444 2418 536 2472 dia
562 2432 661 2488 per
691 2426 867 2472 totum
912 2433 1118 2473 annum
1146 2417 1406 2488 praebens
1437 2416 1541 2481 eis,
1588 2426 1646 2472 et
1674 2418 2024 2485 vestimenta,

443 2518 501 2565 et
529 2509 739 2575 cibum,
779 2518 837 2565 et
863 2509 1076 2575 vinum,
1104 2518 1161 2564 et
1190 2509 1396 2575 oleum,
1426 2517 1483 2564 et
1509 2508 1745 2575 fruetus,
1777 2519 1833 2565 et
1863 2526 2026 2567 omne

444 2618 618 2674 genus
646 2603 940 2669 bonorum,
974 2605 1047 2659 ita
1077 2611 1137 2658 ut
1171 2603 1372 2658 famam
1410 2611 1467 2659 et
1495 2604 1711 2659 laudem
1746 2605 1852 2660 sibi
1879 2622 2028 2661 com-

443 2707 683 2768 pararet.
728 2697 1108 2753 Patriarcham
1165 2696 1317 2752 enim
1360 2697 1740 2753 Abrahamum
1791 2700 2027 2754 alterum

441 2791 735 2857 vocabant,
767 2805 1067 2862 regemque
1104 2789 1210 2846 Job
1239 2790 1500 2857 alterum,
1527 2799 1756 2861 propter
1780 2791 2027 2862 hospita-

442 2884 551 2939 lem
579 2885 700 2954 ejus
718 2883 987 2947 animum,
1011 2882 1397 2953 inﬁnitamque
1422 2883 2026 2941 beneﬁcentiam.'Nam

441 2985 758 3033 sanctorum
793 2977 1090 3033 memorias
1113 2993 1240 3032 cum
1278 2977 1609 3041 celebraret,
1643 2978 1782 3032 duas
1811 2994 2029 3035 mensas

442 3066 645 3136 apponi
676 3067 928 3138 jubebat,
980 3082 1284 3138 egenorum
1331 3082 1522 3130 unam,
1562 3068 1793 3122 alteram
1851 3068 2024 3138 ipsius

2130 1876 2572 1943 πτωχοτροφεῖα,
2627 1871 2720 1926 καὶ
2766 1870 3002 1935 ξενῶνας
3043 1870 3131 1924 διὰ
3160 1869 3359 1940 τάχους
3401 1867 3708 1939 πεποίηκε,
3818 1880 3829 1889 '

2131 1963 2300 2016 πολλὰ
2317 1965 2373 2015 ἐν
2391 1965 2574 2027 αὐτοῖς
2595 1950 2950 2034 θησαυρίσαςξ
2984 1962 3096 2026 Τάς
3113 1978 3172 2013 τε
3204 1960 3314 2031 γάρ
3339 1959 3580 2023 εἰσόδους
3600 1957 3712 2012 τῶν

2133 2056 2388 2126 μεγάλων
2423 2055 2648 2109 ἐκείνων
2679 2053 3045 2126 προαστείων,
3078 2054 3223 2124 ἅπερ
3248 2049 3317 2124 ἦν
3361 2052 3713 2122 συστησάμεαέ

2130 2163 2220 2209 νος
2251 2145 2492 2208 Δουναάς
2525 2148 2553 2199 ὁ
2593 2146 2702 2199 τῶν
2743 2145 3014 2216 Ἐϐραίων
3047 2145 3303 2215 βασιλεὺς
3329 2145 3426 2198 καὶ
3459 2145 3511 2198 οί
3552 2160 3705 2215 μεγι-

2131 2238 2323 2299 στᾶνες
2345 2236 2534 2301 αὐτοῦ,
2565 2237 2710 2309 λόγῳ
2738 2237 2921 2290 αὐτῶν
2952 2236 3065 2309 (55)
3089 2236 3297 2298 πάντας
3318 2237 3444 2300 τοὺς
3467 2237 3710 2308 πένητας

2130 2329 2369 2392 καὶτοὺς
2398 2328 2507 2399 75
2538 2332 2594 2383 έν
2613 2313 2880 2398 ἀνάγκαις
2911 2329 3179 2399 γηραιούς
3199 2345 3257 2381 τε
3277 2329 3372 2381 καὶ
3394 2328 3707 2391 ἀδυνάτους,

2128 2422 2334 2491 χωλούς
2363 2439 2423 2475 τε
2448 2423 2544 2476 καὶ
2571 2422 2807 2491 τυφλοὺς
2858 2421 3370 2493 ,πλουσιοπαρόχως
3414 2423 3475 2475 ἐν
3525 2422 3711 2484 αὐτοῖς

2130 2515 2437 2586 ἐθεράπευε
2463 2533 2523 2569 τε
2538 2517 2634 2570 καὶ
2654 2515 2968 2569 ἐπανέπαυε
2986 2514 3120 2585 (56),
3149 2514 3315 2587 ῥόγας
3336 2512 3442 2568 ἀνά
3465 2515 3574 2567 πᾶν
3592 2512 3712 2577 έτος

2131 2606 2393 2678 παρέχων
2421 2606 2536 2679 (57)
2567 2606 2756 2669 αὐτοῖς
2776 2606 2870 2659 καὶ
2886 2604 3164 2675 ἐνδύματα
3176 2603 3272 2655 καὶ
3296 2601 3442 2655 σῖτον
3458 2602 3555 2654 κα)⁵
3567 2595 3712 2654 οἶνον

2130 2701 2225 2754 καὶ
2256 2699 2434 2754 ἔλαιον
2468 2700 2565 2754 καὶ
2602 2699 2847 2769 ὀπώραν,
2875 2698 2969 2752 καὶ
3012 2698 3121 2751 πᾶν
3152 2694 3291 2759 εἶδος
3318 2694 3543 2763 ἀγαθῶν
3571 2693 3709 2762 (58),

2128 2791 2272 2846 ὥστε
2314 2791 2458 2846 κατά
2503 2792 2563 2845 τὸ
2606 2791 2781 2862 ὄνομα
2830 2791 2987 2861 καὶὴ
3038 2790 3269 2853 αἴνεσις.
3322 2789 3428 2842 Τὸν
3465 2788 3577 2858 γὰρ
3602 2805 3711 2841 πα-

2128 2885 2398 2956 τριάρχην
2435 2883 2688 2955 δεύτερον
2733 2881 2987 2953 Ἀϐραὰμ
3035 2881 3263 2934 ἐκάλουν
3308 2879 3443 2951 (59),
3488 2879 3587 2932 καὶ
3617 2878 3713 2932 τὸν

2132 2976 2357 3047 βασιλέα
2381 2975 2634 3047 δεύτερον
2668 2974 2808 3038 Ἰὼϐ,
2839 2974 2927 3027 διὰ
2956 2972 3056 3046 τὴν
3087 2972 3394 3042 φιλοξενίαν
3416 2970 3588 3025 αὐτοῦ
3617 2972 3713 3025 καὶ

2129 3068 2227 3139 τὴν
2270 3068 2522 3122 εὐποιίαν
2577 3067 2677 3139 τὴν
2724 3068 3069 3138 ἀπλήρωτον.
3105 3064 3404 3119 Ἐπιτελῶν
3451 3064 3565 3135 γάρ
3611 3065 3714 3128 τὰς

441 3160 790 3231 proceribus.
818 3141 1005 3216 Crenas
1047 3169 1235 3216 autem
1281 3160 1448 3224 liora,
1487 3175 1791 3231 egenorum
1819 3177 2022 3216 mensa:

2135 3131 2322 3231 μνείας
2344 3160 2452 3213 τῶν
2471 3131 2665 3229 ἁγίων,
2699 3159 2792 3213 δύο
2809 3131 2921 3230 (6-D)
2953 3157 3236 3230 τραπέζας
3262 3131 3510 3211 τίθεσθαι
3536 3131 3713 3227 προσ-

441 3265 664 3319 semper
677 3248 1011 3304 accumbens
1031 3247 1377 3314 comedebat,
1405 3255 1464 3303 et
1486 3249 1787 3319 unicuique
1811 3250 2026 3321 magni-

442 3338 802 3395 ﬁcentissima
831 3338 976 3393 dona
1007 3338 1372 3409 largiebatur.
1397 3338 1454 3393 Si
1478 3339 1604 3410 quis
1624 3340 1693 3395 ab
1719 3356 1787 3396 eo
1817 3341 2027 3412 aliquid

444 3430 575 3485 boni
607 3430 1008 3500 expostularet,
1031 3431 1219 3484 statim
1240 3429 1594 3495 exaudiebat,
1625 3439 1682 3485 et
1717 3447 1828 3486 non
1852 3432 2027 3489 invito

442 3521 641 3574 animo.
676 3518 864 3573 dabat.
910 3518 1065 3573 Adeo
1110 3528 1173 3574 ut
1195 3535 1264 3575 eo
1308 3529 1575 3592 regnante
1607 3538 1773 3578 nemo
1818 3539 2029 3594 pauper

442 3613 566 3683 ejus
596 3613 655 3668 in
689 3626 861 3683 regno
884 3611 1253 3679 inveniretur,
1280 3627 1461 3683 neque
1491 3613 1681 3684 inique
1705 3608 2029 3687 agens,'sic-

445 3714 511 3760 ut
559 3704 828 3774 scriptum
857 3712 965 3768 est,
992 3719 1172 3775 neque
1198 3705 1415 3774 patiens
1436 3705 1717 3777 injuriam.
1746 3707 2032 3763 Frenavit-

443 3810 553 3864 que
580 3794 726 3849 Deus
772 3809 996 3849 omnem
1034 3795 1303 3866 populum
1346 3813 1377 3851 ιι
1410 3796 1654 3852 circuitu
1681 3799 1824 3870 ejus.
1855 3800 1926 3854 Et
1971 3800 2029 3855 in

444 3886 644 3941 diebus
693 3888 817 3959 ejus
878 3888 1088 3943 bellum
1160 3904 1276 3945 non
1328 3898 1584 3946 exortum
1622 3900 1737 3957 est,
1791 3893 1889 3948 sed
1923 3909 2029 3963 pax

448 3978 742 4048 profunda,
774 3979 985 4046 laetitia,
1023 3990 1082 4036 et
1102 3981 1367 4048 cbaritas,
1403 3991 1461 4038 et
1494 3983 1689 4038 sedula
1717 3999 2024 4054 pauperum

444 4086 598 4134 cura,
639 4079 697 4125 et
721 4071 1016 4128 viduarum
1067 4075 1557 4146 orphanorumque
1584 4076 1927 4146 praesidium,
1966 4086 2026 4132 et

440 4164 669 4238 justitiae
710 4165 1044 4233 inell‘abilis,
1108 4176 1167 4223 et
1222 4166 1495 4222 festorum
1534 4168 1905 4238 spiritalium,
1968 4178 2025 4226 et

442 4256 809 4312 ecclesiarum
834 4256 1033 4310 mirum
1062 4257 1119 4310 in
1144 4256 1369 4312 modum
1393 4257 1736 4312 constitutio.

2127 3249 2355 3312 έταττε,
2391 3242 2518 3320 μίαν
2561 3250 2661 3321 μὲν
2703 3250 2977 3320 πενήτων,
3012 3249 3107 3303 καὶ
3150 3248 3346 3319 ἑτέραν
3391 3248 3507 3311 τοῖς
3556 3262 3712 3317 μεγι-

2129 3343 2319 3396 στάσιν
2350 3343 2539 3396 αὐτοῦ.
2589 3342 2680 3396 Ἐν
2731 3341 2789 3396 δὲ
2842 3344 2912 3414 τῇ
2973 3340 3095 3413 ὥρᾳ.
3138 3339 3235 3394 τοῦ
3279 3339 3503 3413 ἀρίστου
3551 3342 3612 3393 ἐν
3640 3341 3708 3410 τῇ

2127 3425 2400 3508 τραπέζῃ’
2438 3435 2547 3488 τῶν
2614 3435 2868 3504 πενήτων
2950 3433 3216 3488 ἑκάστοτε
3281 3432 3713 3503 ἀνακλινόμενος

2129 3526 2336 3599 ἢσθιεν,
2368 3526 2450 3579 ἐν).
2499 3526 2719 3595 ἑκάστῳ
2760 3524 3015 3595 παρέχων
3048 3521 3556 3595 πλουσιοπαρόχους
3603 3523 3709 3575 δω-

2134 3617 2285 3689 ρεάς.
2331 3618 2449 3680 Πᾶς
2495 3615 2552 3669 δὲ
2603 3616 2911 3687 ἄνθρωπος,
2946 3612 3004 3676 δς
3046 3614 3142 3668 ἐὰν
3173 3612 3511 3684 παρεγένετο
3542 3610 3712 3667 αἰτῶν

2132 3711 2220 3763 ἐπ’
2245 3706 2459 3777 ἀγαθῷ,
2484 3705 2688 3767 εὐθέως
2715 3705 2962 3775 ὑπήκουε
2991 3703 3088 3758 καὶ
3129 3703 3303 3757 ἐδίδου
3336 3703 3474 3775 μετά
3506 3705 3713 3775 προθυ-

2136 3800 2283 3871 μίας.
2316 3800 2480 3852 Ὥστε
2525 3799 2583 3850 ἐν
2619 3799 2740 3860 ταῖς
2785 3797 3026 3866 ἡμέραις
3064 3796 3163 3865 τῆς
3213 3795 3381 3850 αὐτοῦ
3430 3795 3714 3867 βασιλείας

2133 3892 2343 3962 πένητα
2376 3889 2500 3962 μήτ’
2536 3884 2678 3942 εῖναι
2727 3889 2786 3941 ἐν
2824 3882 2905 3951 οἷς
2936 3886 3273 3952 ἐϐασίλευεν,
3308 3888 3445 3958 μήτε
3466 3888 3558 3942 τὸν
3593 3888 3713 3942 ἀδι-

2133 3983 2356 4048 κοῦντα,
2407 3982 2553 4036 κατὰ
2597 3980 2659 4034 τὸ
2693 3980 3102 4051 γεγραμμένον,
3137 3978 3170 4049 ἢ
3200 3979 3292 4033 τὸν
3337 3978 3713 4050 ἀντιδικούμε-

2131 4091 2222 4129 νον
2259 4075 2370 4144 76
2399 4071 2531 4143 (61).
2572 4071 2881 4140 Ἐφίμωσέν
2931 4071 3053 4145 (Οἳ),
3091 4088 3153 4124 τε
3204 4072 3233 4125 ὁ
3277 4072 3410 4136 Θεὸς
3453 4071 3549 4126 καὶ
3601 4064 3713 4126 πᾶν

2130 4166 2283 4229 ἔθνος
2315 4164 2425 4219 ἀπὸ
2459 4163 2552 4216 τὸν
2585 4161 2903 4233 περικύκλῳ
2947 4161 3134 4218 αὐτοῦ.
3173 4163 3284 4216 Καὶ
3318 4164 3375 4218 ἐν
3404 4165 3528 4226 ταῖς
3565 4164 3712 4235 ἡμέ-

2138 4275 2261 4330 ραις
2296 4255 2466 4310 αὐτοῦ
2497 4254 2736 4326 πόλεμος
2769 4255 2870 4308 οὐκ
2898 4255 3125 4327 ἀνέστη,
3156 4255 3272 4310 ἀλλ’
3301 4257 3494 4328 εἰρήνη
3519 4256 3712 4325 βαθεῖα

1980 4406 2215 4466 NOTAE.

515 4493 629 4564 (5|)
658 4493 844 4550 Codex
875 4493 1231 4561 ἐξουσιάζειν.

521 4564 631 4635 (52)
665 4564 869 4620 Forsan
899 4566 1196 4630 στατεύσας
1226 4586 1242 4620 :
1276 4587 1294 4619 ‹
1317 4566 1675 4623 Constituens
1694 4568 1974 4625 ofﬁciales.
2003 4589 2022 4623 ι

445 4635 565 4690 Sibi
633 4635 878 4689 στατεύω
930 4643 1234 4704 potuerunt
1259 4654 1289 4693 a
1318 4638 1515 4693 Latino
1546 4649 1724 4693 statuo
1749 4641 2032 4697 recentio-

2137 4499 2285 4554 αὐδῶ
2313 4493 2507 4570 καῦθις
2544 4487 2770 4570 ἀπαυδῶ
2802 4497 2996 4570 καῦθις
3025 4499 3086 4553 τὸ
3115 4498 3296 4570 τρίτον
3332 4498 3458 4570 μάλ’
3483 4499 3712 4555 ἀπαυδῶ

2152 4568 2517 4636 Ἐξίστασθαι.
2552 4564 2658 4621 Sed
2693 4567 2949 4636 displicet
2998 4564 3164 4633 αὐδῶ,
3213 4564 3345 4624 cuni
3370 4578 3456 4625 ter
3481 4571 3711 4625 ἀπαυδῶ

2140 4640 2352 4710 requiri
2381 4636 2654 4710 videatur.
2681 4636 2868 4695 Codex
2895 4639 3040 4695 idem
3070 4658 3083 4693 :
3111 4639 3335 4702 Τούτοις
3358 4640 3712 4710 μὲνχάπαυδῶ

447 4722 538 4781 res
567 4705 789 4776 (ingere,
834 4705 921 4761 vel
951 4723 982 4762 a
1017 4722 1120 4762 suo
1147 4708 1280 4775 στῶ,
1337 4724 1505 4764 sensu
1545 4711 1832 4768 veteribus
1868 4712 2027 4767 inco-

2135 4730 2187 4765 κ.
2222 4705 2333 4765 ἀπ.
2367 4707 2564 4770 καῦθις
2604 4723 2669 4781 γε
2696 4712 2913 4781 τρίτον.
2955 4713 3056 4765 ἀπ.
3111 4705 3371 4780 ΙΑεςει-ἰιιί
3399 4728 3412 4763 :
3454 4708 3580 4781 Τοῖς
3608 4713 3712 4781 μὲν

445 4783 620 4846 gnito.

521 4846 635 4916 (55)
662 4845 825 4918 Ορηί.
848 4863 906 4918 p.
938 4847 1028 4913 78,
1058 4866 1116 4903 n.

518 4918 633 4984 (54)
692 4916 791 4991 Est
823 4916 1164 4991 pdvagroga,
1222 4937 1439 4987 merces,
1497 4922 1840 4990 stipendium.
1890 4922 2028 4980 Vide

446 4985 643 5060 Coray.
675 4985 858 5060 Ataet.
891 4998 934 5043 t.
970 4989 1013 5054 1,
1048 4985 1102 5060 ρῖ
1138 4991 1262 5054 155,
1314 4985 1450 5057 196’;
1482 4985 1798 5048 Mobtel'alc.
1864 4992 2025 5050 Anal.

447 5057 624 5113 Graec.
655 5072 709 5126 p.
729 5059 854 5132 256.
891 5057 1063 5132 Quod?
1081 5062 1337 5132 sequitur
1392 5064 1589 5127 ἀνόνας
1616 5079 1740 5120 esse
1769 5064 2029 5120 Latinum

448 5144 694 5182 annonas
718 5131 845 5199 quis
874 5146 987 5185 non
1013 5131 1218 5187 videt?

520 5198 633 5270 (55)
658 5198 869 5272 Αὐτῶν,
891 5217 1092 5272 nempe
1127 5202 1236 5257 τῶν
1267 5203 1491 5258 εἰσόδων
1528 5204 1628 5259 Est
1657 5204 1715 5259 in
1767 5205 1867 5268 τὰς
1917 5207 2030 5258 eia-

446 5268 836 5367 ffppsfllipsis
860 5268 1273 5343 praepositionis
1299 5274 1452 5346 περί,
1473 5274 1618 5330 nisit
1638 5275 1826 5331 forsan
1845 5276 2030 5347 aliqua

446 5355 664 5396 :acuna.

519 5411 632 5480 (56)
656 5409 865 5478 Codex,
889 5413 1216 5469 ἐπανέπευε.

521 5481 635 5553 (57)
661 5480 869 5556 Codex,
900 5484 1161 5556 παρέχεν.
1188 5486 1354 5542 Ducit
1380 5503 1469 5545 me
1503 5488 1771 5544 memoria
1799 5489 1868 5543 ad
1893 5488 2031 5542 scri-

448 5552 1006 5634 ptoremlongissime
1030 5552 1500 5634 _hinc_remotum
1529 5568 1586 5613 et
1628 5560 2027 5634 aliepissimum

447 5622 897 5706 Aristophanem.
960 5625 1126 5706 Iubet
1172 5627 1412 5695 Chorus,
1466 5630 1605 5685 Ran.
1654 5629 1780 5695 558,
1837 5630 2028 5706 procul

447 5707 570 5770 esse
610 5697 679 5770 ab
722 5697 897 5750 sacris
932 5697 1199 5770 profanos
1224 5715 1438 5764 omnes,
1478 5716 1717 5770 eumque
1768 5697 1950 5770 qui...
1977 5739 2026 5755 ..

451 5764 525 5817 Ἦ
545 5764 849 5843 ,χρήματαῂ
870 5764 993 5843 ταῖς
1016 5769 1148 5843 Δτῶν
1181 5769 1492 5843 ἀντιπάλων
1526 5764 1717 5843 ναυσὶν
1759 5764 2029 5843 παρέχειν

455 5781 525 5817 ἠ
553 5781 815 5886 χρηρατα
870 5781 993 5830 ταις
1039 5786 1148 5822 των
1181 5781 1492 5823 αντιπαλων
1526 5781 1717 5825 ναυσὶν
1759 5781 2029 5843 παρεχειν

449 5834 576 5916 ⁸ίιινᾷι
591 5850 661 5886 πε
684 5834 785 5891 θει.
809 5834 995 5893 Codex
1010 5839 1173 5916 $712,
1200 5840 1479 5916 παρέχων,
1490 5842 1646 5916 quod
1680 5858 1782 5913 pro
1806 5843 2030 5916 vulgata

449 5903 688 5961 lectione
709 5920 876 5963 nemo
897 5903 1295 5981 amplecteturI
1313 5903 1435 5967 Mox
1466 5903 1700 5969 Chorus
1750 5932 1764 5968 :
1807 5903 2031 5976 Τούτοις

2133 4780 2362 4864 ἀπαυδῶ
2398 4798 2452 4833 κ.
2484 4806 2556 4818 —-
2608 4776 2789 4837 Habet
2813 4781 2911 4853 μὲν
2945 4776 3277 4864 oppositum
3292 4781 3447 4847 ὑμεῖς
3472 4780 3539 4848 δ’,
3559 4776 3711 4852 quod

2132 4855 2402 4909 sequitur.
3256 4855 3277 4877 ‘
3660 4878 3696 4888 ρ

2228 4924 2317 4983 58)
2341 4923 2549 4993 Codex,
2587 4921 2808 4992 ἀγαθόν.
2844 4919 3005 4993 Cpnf.
3031 4919 3212 4993 p._65.

2168 5034 2173 5037 -
2205 4990 2317 5065 (59)
2346 4990 2649 5051 Abrahami
2666 4992 2998 5062 hospitalem
3021 4990 3291 5065 animum_
3323 4996 3714 5065 cognoscimus

2131 5081 2199 5120 ex
2215 5060 2538 5121 narratione
2569 5060 2852 5122 Geneséos
2876 5076 3043 5126 xvm;
3083 5072 3142 5115 et
3166 5060 3234 5116 de
3263 5060 3415 5116 Jobo'
3448 5066 3574 5122 vide
3606 5070 3714 5127 Job

2132 5151 2258 5201 xui,
2292 5136 2378 5190 ll.
2406 5136 2490 5192 Cf.
2525 5146 2661 5192 tom.
2684 5135 2751 5200 ll,
2777 5149 2900 5204 pag.
2932 5131 3056 5196 “6,
3081 5132 3227 5204 11:2,
3273 5132 3368 5186 ubi
3402 5136 3515 5203 regi
3537 5140 3714 5196 tribui

2132 5206 2281 5276 quod
2312 5206 2380 5261 de
2402 5205 2705 5292 Gregentio
2734 5202 2840 5258 fuit
2858 5202 3095 5292 dictum.
3121 5202 3372 5292 [:thcerte
3411 5202 3493 5292 sic
3522 5211 3709 5292 malim
3740 5202 3751 5212 ’

2130 5271 2290 5341 esse,
2354 5271 2686 5346 permutatis
2743 5273 3068 5329 nominibus
3138 5271 3389 5343 Ἀϐραὰμ
3439 5284 3497 5329 et
3564 5278 3709 5336 Ἰώσ,

2130 5344 2827 5418 AbramiusAOpportunius
2854 5344 3075 5399 dicetur
3100 5342 3244 5397 alter
3263 5342 3567 5400 Abraham.

2226 5418 2315 5486 60)
2335 5416 2547 5484 Codex;
2571 5419 2681 5472 διά.

2226 5484 2315 5558 61)
2334 5488 2541 5543 Forsan
2572 5487 2949 5558 ἀδικούμενον,
2979 5484 3387 5558 permutatione
3412 5484 3586 5546 facili.
3611 5494 3716 5549 Ju-

2132 5558 2282 5613 dicet
2304 5559 2397 5629 qni
2434 5559 2568 5629 dicti
2601 5557 2809 5614 fontem
2841 5557 3134 5626 repererit.

2206 5628 2503 5704 (62)C(_)d.,
2535 5631 2867 5704 aeginium,
2882 5631 3216 5704 permutatis
3238 5650 3275 5701 η
3312 5648 3368 5689 et
3392 5652 3430 5687 t.
3451 5633 3717 5704 Epistolas

2134 5699 2353 5776 δορί-ιιι,
2390 5699 2564 5776 50,_p.
2595 5701 2665 5776 '57
2709 5718 2721 5753 :
2761 5698 2971 5776 Λαδίκῃ
2998 5701 3111 5776 καὶ
3150 5698 3410 5776 Χαράττῃ
3445 5698 3544 5776 τῆν
3576 5705 3718 5776 ’ᾼμυ

2133 5770 2429 5851 ϐραδεικὴᾉ
2437 5771 2622 5851 χώραν
2652 5770 3311 5851 ἐγχειρήξξειεν..ῌθροὶιρ
3328 5791 3360 5831 e
3384 5770 3714 5851 Eoi-3034,

2131 5840 2279 5965 qpod
2311 5850 2367 5897 et
2390 5840 2645 5899 Bremius
2682 5840 2942 5912 conjeeit,
2969 5841 3035 5895 A.
3062 5843 3119 5897 δὲ
3142 5840 3235 5898 τεαὶ
3267 5846 3316 5900 Χ
3335 5882 3351 5898 .
3373 5884 3388 5899 .
3411 5885 3425 5898 .
3448 5887 3460 5900 .
3485 5888 3499 5903 .
3527 5840 3717 5919 ὲγχειὲ

2135 5932 2166 5965 ο
2191 5930 2352 5965 σειεν.

2132 5930 2247 5985 ρισε
2258 5930 2352 5968 ιεν.
