3996 6526
254 451 352 513 581

1440 452 2018 515 HOMERITARUM
2059 458 2322 519 LEGES.

3413 465 3523 532 582

248 570 345 627 καὶ
373 569 520 643 χαρά
549 570 646 623 καὶ
696 568 1030 640 εὐφροσύνη,
1066 569 1161 622 καὶ
1217 569 1507 640 ἐπιμέλεια
1561 572 1835 641 πενήτων,
1874 576 1968 627 καὶ
2011 576 2202 647 χηρῶν
2249 578 2636 647 προασπισμὸς
2695 581 2789 632 καὶ
2853 582 3129 651 ὀρφανῶν,
3171 587 3266 640 καὶ
3307 587 3515 641 δικαιοσ-

247 662 417 732 σύνης
449 662 659 731 ἀφάτου
705 664 800 716 καὶ
830 661 1035 732 ἑορτῶν
1069 661 1483 730 πνευματικῶν,
1517 665 1612 716 καὶ
1639 664 1948 735 ἐκκλησιῶν
1983 670 2014 737 ἡ
2054 670 2391 731 κατάστασις
2423 670 2893 740 ὑπερϐαλλόντως.

315 751 420 807 Τὸν
450 753 507 807 δὲ
537 753 731 807 λεπτὸν
767 755 879 826 (65)
914 755 1099 825 νόμον,
1136 755 1305 826 ὅνπερ
1347 758 1374 809 ὁ
1404 755 1560 825 ἅγιος
1592 758 1819 829 Γρηγέν-

2010 763 2389 818 Venerandam
2409 775 2593 819 autem
2616 768 2813 837 legem,
2833 785 2996 838 quam
3016 782 3239 828 sanctus
3267 774 3515 846 Gregen-

242 862 359 909 τιος
415 847 742 917 συντέταχεν
776 848 852 909 ὡς
895 848 993 900 ἀπ’
1015 847 1183 900 αὐτοῦ
1224 846 1319 900 τοῦ
1363 848 1648 917 βασιλέως,
1686 868 1824 922 προ-

242 934 452 1006 εθέμην
482 936 787 1007 προσϐῆναι
828 939 894 1008 τῇ
924 937 1175 1008 διηγήσει
1199 937 1395 1012 ταύτῃ.
1437 941 1594 992 Ἐστι
1630 940 1688 993 δὲ
1731 941 1826 993 οῦ-

244 1042 388 1089 τως·

314 1118 423 1172 Τοῦ
455 1121 748 1190 Λυτριυτοῦ
789 1123 949 1193 ἡμῶν
992 1124 1089 1176 καὶ⁹
1141 1124 1553 1194 παντοδυνάμου
1592 1124 1725 1178 Θεοῦ
1759 1126 1839 1179 διὶ

241 1206 449 1275 ἄφατον
498 1208 815 1281 ἁγαθότητα
862 1212 957 1264 καὶ
1004 1212 1209 1285 πολλὴν
1249 1213 1667 1285 φιλανθρωπίαν
1706 1217 1825 1271 ὲπιο

244 1300 588 1369 σκεψαμένου
626 1302 724 1371 τὴν
764 1304 923 1373 ἡμῶν
969 1304 1269 1370 εὐτέλειαν,
1321 1306 1414 1359 καὶ
1445 1306 1826 1377 ἐξεγείραντος

242 1392 390 1461 ἡμᾶς
430 1393 508 1453 εἰς
537 1390 599 1443 τὸ
624 1392 710 1443 ἐπ’
739 1392 910 1463 ἄκρον
948 1393 1081 1463 ὕψος
1110 1394 1274 1463 τῆσδε
1305 1397 1406 1465 τῆς
1429 1400 1829 1467 περιφανεστά-

240 1500 340 1551 της
372 1483 465 1535 καὶ
487 1483 959 1555 αύτοκρατορικῆς
984 1485 1256 1552 ἐξουσίας,
1283 1488 1402 1541 οὐδὲ
1447 1491 1504 1543 ὲν
1538 1490 1715 1561 τούτῳ
1748 1492 1827 1562 Egi

239 1576 387 1645 ἡμᾶς
421 1576 478 1625 ἐν
530 1575 825 1645 ἀχαριστίᾳ
866 1576 1141 1647 διαμεῖναι
1188 1577 1259 1631 τὰ
1299 1581 1429 1649 περὶ
1473 1581 1564 1633 τὸν
1598 1582 1828 1653 εύεργέη

237 1684 359 1736 την,
395 1665 512 1719 ἀλλ’
547 1666 662 1730 οῦν,
699 1668 842 1721 κατά
872 1667 933 1720 τὸ
959 1669 1182 1736 ἐφικτὸν
1215 1670 1351 1739 ἡμῖν
1392 1688 1452 1723 τε
1500 1672 1594 1725 καὶ
1623 1673 1827 1744 ἐπέρα-

239 1776 366 1811 στον
409 1757 503 1811 καὶ
546 1757 794 1821 δυνατὸν,
827 1760 1282 1831 ἀποθεραπεῦσαι
1313 1763 1497 1817 αὐτόν.
1534 1763 1671 1817 Οὔτε
1714 1766 1823 1838 γὰρ

234 1850 326 1904 διὰ
352 1851 449 1921 τὴν
478 1852 644 1922 τιμὴν
675 1852 771 1905 καὶ
816 1852 915 1923 τὴν
948 1852 1106 1917 δόξαν
1151 1855 1351 1924 (τίποτ’
1378 1853 1471 1909 οὖν
1510 1858 1823 1928 χρεωστοῦν

236 1945 430 2013 ἡμῖν;)
466 1944 653 2008 ἁπλῶς
702 1945 853 2015 ἡμᾶς
904 1946 1181 2016 ἐξήγειρε,
1231 1947 1353 2011 δοὺς
1415 1950 1547 2019 ἡμῖν
1599 1950 1659 2003 τὸ
1714 1951 1822 2004 τῶν

249 2035 561 2106 ὐμηριτῶν
598 2037 1066 2107 περιφανέστατον
1096 2038 1319 2109 κράτος,
1349 2038 1463 2092 ἀλλ’
1495 2040 1583 2094 ἵνα
1611 2044 1819 2111 σαφῶς,

1933 853 2041 906 tius
2070 853 2227 922 quasi
2265 854 2333 907 ab
2387 855 2506 924 ipso
2536 872 2661 927 rege
2709 860 2990 915 condidit.
3023 861 3152 916 huic
3203 866 3514 920 narrationi

1930 944 2170 1015 adjicere
2200 945 2441 1001 decrevi.
2474 947 2573 1002 llis
2607 949 2794 1004 verbis
2814 951 2994 1006 edicta
3018 962 3103 1007 est
3134 971 3146 1006 :

1999 1122 2136 1177 Cum
2172 1124 2513 1195 Redemptor
2555 1136 2742 1181 noster
2766 1139 2932 1198 atque
2963 1134 3316 1201 omnipotens
3343 1136 3511 1201 Deus,

1927 1229 2026 1283 per
2049 1215 2383 1270 ineffabilem
2418 1217 2819 1286 benignitatem
2865 1222 3211 1291 multumque
3250 1226 3304 1278 in
3337 1226 3515 1280 horni-

1928 1320 2027 1358 nes
2055 1321 2299 1359 amorem
2348 1316 2550 1361 nostra:
2591 1309 2816 1364 utilitati
2868 1313 3188 1378 consulens,
3224 1316 3516 1371 suscitavit

1927 1412 2029 1450 nos
2051 1396 2117 1451 ad
2146 1397 2251 1450 hoc
2285 1399 2563 1453 excelsum
2588 1400 2981 1457 clariSsimzcct
3009 1420 3238 1460 summm
3265 1416 3507 1476 potesta-

1930 1488 1999 1543 tis
2042 1489 2341 1559 fastigium,
2376 1491 2537 1546 decet
2570 1509 2671 1547 nos
2720 1494 3060 1550 bene-facturi
3097 1500 3301 1567 gratias
3328 1517 3511 1571 agere.

1925 1588 1983 1634 ct
2019 1581 2175 1650 juxta
2208 1582 2374 1645 vires,
2411 1599 2655 1637 amorem
2698 1596 3145 1657 potestatemque
3190 1600 3432 1644 nostram
3459 1592 3516 1645 ei

1927 1674 2158 1729 servire.
2214 1675 2404 1744 Neque
2458 1678 2607 1730 enim
2666 1678 2736 1731 ob
2797 1679 3121 1747 dignitatem
3169 1693 3226 1737 et
3273 1684 3510 1752 gloriam

1928 1767 2084 1837 (quid
2128 1767 2296 1836 igitur
2322 1768 2483 1823 nobis
2537 1786 2779 1840 unquam
2823 1772 3029 1827 debere
3072 1777 3349 1844 poterat?)
3416 1778 3512 1832 be-

1924 1859 2088 1930 nigne
2117 1876 2217 1915 nos
2244 1862 2528 1925 excitavit,
2558 1864 3045 1931 przeclarissimum
3097 1868 3507 1924 Homeritarum

1926 1954 2221 2025 imperium
2251 1956 2413 2010 nobis
2454 1958 2715 2027 largiens,
2750 1974 2940 2013 verum
2974 1970 3033 2014 ut
3078 1963 3349 2031 profecto,
3396 1964 3514 2017 sin-

1924 2052 2067 2105 ceris
2094 2050 2215 2120 ejus
2241 2050 2512 2105 mandatis
2536 2050 2742 2105 dociles
2762 2092 2776 2116 ,
2804 2068 2926 2105 cum
2958 2063 3128 2117 metu,
3156 2065 3213 2108 et
3245 2064 3507 2118 tremore,

236 2127 475 2197 ὑπήκοοί
523 2144 584 2180 τε
624 2127 906 2198 γενόμενοι
949 2128 1059 2183 τῶν
1106 2131 1389 2200 ἀχράντων
1434 2133 1601 2185 αὑτοῦ
1654 2152 1819 2204 προσ-

1927 2151 1978 2195 et
2017 2142 2301 2195 alacritate
2337 2142 2498 2196 nobis
2539 2144 2607 2196 ab
2640 2158 2706 2197 eo
2748 2152 3025 2213 praecepta
3067 2146 3326 2199 celeriter
3374 2163 3505 2216 per-

232 2220 553 2288 ταγμάτων,
586 2220 722 2289 μετά
752 2218 921 2288 φόϐου
979 2222 1072 2273 καὶ
1119 2222 1324 2291 τρόμου
1374 2225 1468 2275 καὶ
1513 2227 1691 2295 χαρᾶς
1746 2227 1817 2279 τὰ

234 2312 369 2381 παρ’
396 2309 561 2363 αὑτοῦ
594 2313 724 2381 ἡμῖν
772 2312 1105 2382 κελευόμενα
1137 2314 1242 2384 77
1286 2316 1343 2367 ὲν
1400 2317 1662 2389 συντομία
1696 2313 1841 2374 ἔπιέ

231 2403 572 2472 τελέσωμεν,
631 2404 879 2468 ἑαυτοὺς,
930 2403 1007 2467 ὼς
1031 2399 1211 2475 οἶμαι,
1258 2406 1348 2461 διὰ
1413 2407 1513 2477 τῆς
1561 2410 1821 2481 τοιαύτης

232 2494 592 2563 ὲγχειρίσεως
642 2495 1065 2565 εὐεργετοῦντες
1139 2496 1210 2549 τά
1282 2497 1539 2566 μέγιστα,
1606 2502 1667 2554 ού
1723 2506 1818 2571 μό-

231 2604 325 2640 νον
351 2587 408 2640 δὲ
435 2589 491 2640 ὲν
525 2588 601 2659 τῷ
637 2590 733 2641 νῦν
759 2588 941 2653 αἰῶνι,
976 2588 1114 2642 ἀλλά
1136 2606 1199 2659 γε
1228 2592 1321 2642 καὶ
1344 2592 1401 2644 ἐν
1423 2592 1500 2663 τῷ
1539 2594 1808 2664 μέλλοντι.

229 2678 757 2750 Διαμαρτυράμενος
808 2678 919 2749 γὰρ
957 2681 985 2733 ὀ
1026 2678 1161 2742 Θεὸς
1187 2678 1266 2749 τῷ
1294 2682 1501 2753 Μωῦσῇ
1543 2684 1611 2736 τά
1640 2701 1815 2755 προσ-

228 2771 497 2840 τάγματα
528 2772 696 2826 αύτοῦ
742 2773 837 2826 κα)¹
880 2773 950 2827 τὰ
998 2770 1347 2843 δικαιώματα
1394 2775 1473 2846 τῷ
1510 2778 1689 2847 καιρῷ
1718 2779 1818 2849 τῆς

229 2864 418 2930 ἐξόδου
469 2866 633 2919 αὑτοῦ
690 2867 790 2936 τῆς
833 2867 891 2932 ἑξ
938 2868 1242 2934 Αἰγύπτου,
1275 2868 1401 2921 τάδε
1436 2870 1530 2922 ἐπὶ
1560 2872 1653 2923 τοῦ
1692 2872 1821 2925 λαοῦ

227 2957 449 3025 εἰρήκει
483 2957 622 3027 πρὸς
653 2957 818 3011 αὐτόν
855 2957 967 3027 (64)
996 2974 1008 2987 ·
1062 2977 1080 3008 ‹
1132 2958 1259 3011 Ἐἀν
1289 2960 1424 3029 ἀκοῇ
1475 2960 1684 3033 ἀκούσῃ
1722 2961 1824 3031 τῆς

231 3049 421 3116 φωνῆς
457 3048 664 3118 Κυρίου
694 3047 788 3101 τοῦ
821 3049 957 3101 Θεοῦ
990 3066 1083 3101 σου
1108 3050 1203 3103 καὶ
1244 3050 1314 3104 τά
1345 3051 1555 3120 ἀρεστά
1590 3052 1821 3107 ἐνώπιον

230 3139 400 3193 αὐτοῦ
437 3143 692 3211 ποιήσῃς,
742 3142 845 3195 οὐκ
884 3141 1073 3208 ἐπάξω
1110 3141 1204 3195 ἐπὶ
1247 3141 1307 3195 σὲ
1357 3144 1540 3197 πᾶσαν
1568 3143 1722 3197 νόσον
1755 3144 1822 3215 ἣν

1926 2248 2249 2302 ageremus,
2298 2234 2732 2303 nobismetipsis,
2775 2243 2835 2287 ut
2882 2236 3105 2305 opinor,
3159 2238 3251 2291 tali
3286 2238 3508 2307 incepto

1924 2325 2131 2393 Optime
2163 2324 2449 2389 facientes,
2476 2342 2585 2379 non
2616 2335 2827 2379 tantum
2864 2328 2916 2380 in
2955 2329 3344 2396 pr:esenti,sed
3368 2341 3421 2382 et
3450 2330 3510 2383 in

1926 2416 2117 2470 futuro
2168 2425 2438 2487 tempore.
2494 2418 2712 2472 Etenim
2756 2434 2879 2473 cum
2932 2420 3311 2474 manifestavit
3359 2422 3511 2476 Deus

1922 2511 2057 2565 Mosi
2112 2511 2370 2565 mandata
2423 2512 2543 2581 ejus
2589 2520 2645 2565 et
2690 2522 2959 2582 prxcepta
3010 2522 3259 2582 tempore
3322 2514 3511 2569 exitus

1922 2604 2043 2673 ejus
2072 2618 2137 2655 ex
2168 2602 2420 2672 lEgypto,
2452 2602 2569 2655 haec
2596 2601 2665 2655 de
2698 2603 2904 2671 populo
2932 2603 3068 2656 dixit
3097 2603 3165 2656 ad
3193 2620 3318 2657 eum
3354 2623 3367 2657 :
3398 2624 3415 2654 ι
3446 2604 3505 2658 Si

1924 2695 2118 2748 auditu
2158 2695 2426 2749 audieris.
2458 2709 2649 2748 vocem
2686 2695 2904 2748 Domini
2954 2695 3049 2749 Dei
3111 2697 3212 2760 tui,
3267 2706 3323 2751 et
3358 2696 3506 2767 quod

1924 2794 2136 2839 rectum
2168 2792 2251 2837 est
2281 2798 2467 2838 coram
2501 2798 2568 2836 eo
2595 2783 2813 2847 feceris,
2855 2795 3115 2838 cunctum
3156 2787 3504 2857 languorem,

1921 2891 2085 2945 quem
2120 2876 2281 2944 posui
2312 2876 2367 2928 in
2396 2874 2650 2945 IEgypto,
2699 2891 2810 2928 non
2866 2876 3122 2928 inducam
3160 2891 3327 2944 super
3358 2885 3431 2931 te.
3480 2896 3501 2928 ι

1921 2964 2273 3035 Quapropter
2323 2965 2511 3035 igitur,
2563 2981 2633 3019 ne
2663 2975 2720 3019 et
2760 2964 2902 3034 ipsi,
2937 2966 3079 3020 sicut
3129 2965 3391 3036 Egyptii,
3417 2969 3510 3038 ju-

1922 3064 2034 3109 stas
2058 3056 2179 3125 ejus
2212 3056 2390 3109 niinas
2416 3053 2769 3123 experiamur
2790 3094 2805 3119 ,
2836 3054 3094 3109 mandata
3123 3056 3242 3125 ejus
3272 3071 3395 3109 cum
3433 3057 3505 3110 ti-

1921 3158 2075 3197 more
2098 3159 2407 3197 εει-νεῐιιιιε.

230 3235 514 3305 ἐπήγαγον
559 3238 672 3299 τοῖς
720 3236 1065 3304 Αἰγυπτίοις.
1106 3255 1126 3289 ι
1155 3234 1256 3288 Διὰ
1284 3234 1460 3289 ταῦτα
1501 3239 1815 3309 τοιγαροῦν,
1859 3238 1945 3290 ἵνα
1982 3238 2055 3307 μὴ
2128 3236 2222 3289 καὶ
2262 3238 2421 3307 ἡμεῖς
2464 3235 2822 3305 πειραθῶμεν
2851 3235 2925 3299 ὡς
2995 3237 3043 3289 οί
3078 3238 3366 3307 Αἰγύπτιοι
3405 3238 3507 3307 τῆς

229 3325 445 3390 δικαίας
480 3326 644 3381 αὐτοῦ
698 3328 951 3399 ἀπειλῆς,
1006 3328 1145 3400 μετά
1200 3329 1368 3398 φόϐου
1412 3330 1821 3401 ἐπιτελέσωμεν
1859 3329 2025 3384 αὑτοῦ
2058 3330 2123 3383 τὰ
2152 3329 2522 3400 δικαιώματα.

693 3448 891 3500 ΑΡΧΗ
928 3449 1059 3501 ΤΟΥ
1081 3449 1349 3529 ΝΟΜΟΥ.

307 3539 452 3606 Κεφ.
475 3535 555 3591 A'.
584 3537 775 3592 Τοίνυν
804 3542 1181 3611 προστάττειή
1214 3522 1519 3613 γαληνότης
1552 3544 1653 3613 τῆς
1677 3548 1817 3614 ἡμε-
1845 3501 1889 3560 c

229 3628 400 3699 τέρας
423 3629 705 3693 εὐσεϐείας
738 3631 876 3701 πρὸς
905 3633 1033 3694 τοὺς
1061 3632 1161 3703 τὴν
1196 3633 1371 3705 ἀρχὴν
1402 3635 1510 3687 τῶν
1537 3637 1817 3703 γειτονιῶν

231 3721 403 3789 τῆσδε
450 3723 549 3792 τῆς
584 3722 791 3786 πόλεως
824 3722 933 3775 τῶν
974 3724 1186 3777 πόλεων
1220 3725 1612 3798 βασιλευούσης
1644 3731 1817 3799 ἐμπε-

234 3816 636 3885 πιστευμένους
669 3816 787 3884 μετ’
824 3815 1078 3882 ἐξουσίας
1126 3820 1583 3890 φρικωδεστάτης
1612 3821 1815 3891 κατόρ-

232 3904 402 3958 θωσιν
441 3905 707 3975 μεγίστην
751 3907 809 3958 ὲν
842 3906 1018 3979 ταύτῃ
1063 3909 1417 3978 γεγενῆσθαι,
1469 3911 1527 3963 ἐν
1581 3910 1817 3982 πρώτοις

232 3996 293 4048 ὲν
326 3998 449 4067 τῇδε
478 3998 545 4067 τῇ
584 3996 947 4071 βασιλευούσῃ
976 3998 1086 4051 τῶν
1126 4000 1340 4053 πόλεων
1377 4002 1817 4071 ἐμπεπιστευμέ-

231 4106 356 4153 νους
397 4088 532 4158 (65),
565 4090 660 4143 καὶ
685 4084 785 4142 εἷθ’
807 4089 982 4154 οὕτως
1009 4092 1089 4154 είς
1120 4094 1300 4147 πᾶσαν
1328 4093 1484 4146 πόλιν
1508 4094 1601 4145 καὶ
1632 4092 1815 4165 χώραν

229 4179 331 4250 τὴν
380 4181 486 4233 ὑπὸ
527 4181 629 4251 τὴν
678 4181 962 4252 ἡμετέραν
1020 4183 1297 4253 βασιλείαν
1342 4185 1811 4254 χρηματίζουσαν.

231 4273 656 4343 Προστάττομεν
691 4273 747 4326 δὲ
793 4276 905 4337 τοῖς
938 4273 1032 4327 τοῦ
1080 4276 1315 4345 κράτους
1365 4276 1525 4345 ἡμῶν
1551 4277 1813 4345 ὑπηκόοις

229 4367 355 4428 τοῖς
389 4367 446 4417 ὲν
475 4364 737 4436 ἀκριϐείᾳ
772 4364 866 4417 τοῦ
923 4366 1451 4437 παραφυλάττεσθαι
1513 4368 1816 4437 καθεζομέ-

230 4472 357 4519 νους
394 4458 460 4527 τῇ
505 4457 796 4528 πρεπούσῃ
834 4459 967 4528 τιμῇ
1008 4459 1066 4509 ὲν
1101 4460 1213 4520 τοῖς
1246 4456 1641 4528 δεδωρημένοις
1684 4459 1813 4528 ὑμῖν

231 4546 386 4617 παρά
428 4546 530 4616 τῆς
574 4548 854 4618 ἡμετέρας
895 4547 1261 4619 γαληνὸτητος
1292 4549 1572 4618 ἀγοραίοις
1603 4550 1809 4609 τόποις.

241 4640 436 4709 Ὀρᾶτε
470 4637 583 4711 (66)
619 4640 729 4709 78
775 4636 868 4693 οὖν
918 4641 977 4693 ἐν
1023 4640 1297 4711 ἀσφαλείᾳ
1352 4640 1413 4692 τὸ
1472 4641 1681 4705 κοινὸν,
1714 4642 1813 4705 τάς

232 4730 496 4793 πλατείας
550 4732 650 4800 τῆς
706 4730 953 4797 πόλεως,
1006 4732 1103 4794 τάς
1148 4732 1349 4802 ῥύμας,
1385 4732 1451 4784 τὰ
1498 4732 1811 4803 καθαροπο-

2438 3447 2727 3503 ΙΝΙΠΠΜ
2761 3446 2988 3504 LEGIS.

1992 3542 2123 3611 Cap.
2166 3542 2206 3596 l.
2241 3572 2311 3581 —-
2336 3542 2507 3612 Igitur
2546 3541 2704 3612 jubet
2740 3543 3107 3594 mansuetudo
3142 3549 3345 3595 nostra:
3388 3541 3508 3611 pie-

1925 3633 2055 3687 tatis
2091 3632 2158 3685 ad
2192 3647 2289 3687 cos
2315 3632 2409 3701 qui
2450 3632 2743 3701 imperium
2785 3631 2839 3684 in
2880 3631 3095 3685 vicinos
3136 3632 3367 3701 hujusce
3414 3647 3506 3687 re-

1922 3724 2024 3793 gia:
2054 3724 2212 3777 urbis
2244 3723 2783 3792 urbes’aeceperunt
2819 3737 2943 3776 eum
2973 3723 3259 3776 tremenda
3307 3732 3503 3777 aucto-

1919 3816 2115 3879 ritate,
2172 3831 2287 3879 eas,
2350 3814 2765 3885 prmsertimque
2835 3814 2977 3867 banc
3033 3814 3226 3868 urbem
3276 3814 3502 3869 urbium

1919 3915 2106 3975 caput,
2139 3921 2304 3975 quam
2354 3905 2592 3959 maxime
2634 3905 2829 3957 ordine
2859 3905 3113 3974 componi
3141 3945 3154 3967 ,
3190 3917 3356 3974 atque
3386 3907 3501 3960 uti-

1919 4013 2043 4050 nam
2086 3997 2159 4050 ita
2210 3998 2303 4051 liat
2336 3997 2389 4050 in
2428 4012 2647 4049 onmem
2695 3993 2921 4049 ditionis
2960 4005 3161 4051 nostrae
3191 3996 3497 4052 civitatem.

1916 4088 2187 4142 Jubemus
2210 4096 2395 4141 autem
2430 4097 2490 4140 ut
2522 4086 2729 4140 subditi
2766 4086 3024 4155 potentia:
3057 4096 3283 4152 nostrae,
3331 4088 3376 4141 si
3416 4089 3501 4142 di-

1916 4179 2149 4249 ligentes
2186 4180 2317 4244 sint,
2352 4189 2716 4234 rcvereantur
2753 4178 3009 4231 sedentes
3032 4193 3129 4232 vos
3156 4194 3223 4231 eo
3252 4195 3362 4248 quo
3401 4196 3501 4249 par

1916 4280 2002 4324 est
2029 4278 2298 4340 apparatu
2340 4272 2393 4325 in
2441 4271 2680 4339 publicis
2703 4286 2824 4339 qua:
2860 4271 3227 4325 mansuetudo
3252 4288 3370 4325 mea
3400 4274 3500 4327 tri-

1917 4362 2037 4416 buit
2082 4363 2237 4416 locis.
2272 4362 2529 4431 Inspicite
2580 4360 2746 4429 igitur
2778 4374 2973 4412 secure
3003 4362 3317 4414 communia
3354 4362 3495 4427 loca,

1915 4453 2124 4522 plateas
2156 4452 2329 4513 urbis,
2362 4451 2500 4514 vias,
2531 4450 2834 4519 (enopolia,
2868 4449 3092 4513 domos,
3143 4451 3356 4504 venalia
3383 4468 3500 4505 om-

1914 4547 2026 4608 nia,
2056 4560 2255 4613 panem
2287 4544 2518 4608 scilicet,
2544 4544 2826 4603 etvinum,
2852 4550 2907 4595 et
2927 4541 3159 4609 quodvis
3179 4543 3493 4599 obsonium.

1915 4638 1984 4691 Et
2021 4637 2258 4706 quisque
2300 4636 2603 4705 regionem,
2631 4649 2793 4702 quam
2827 4633 3056 4687 sortitus
3097 4642 3201 4697 est,
3258 4634 3500 4690 fideliter

1915 4738 2119 4784 servet.
2151 4727 2332 4782 Alium
2358 4726 2505 4779 enim
2541 4727 2595 4779 in
2627 4725 2858 4795 proximi
2900 4726 3022 4795 ejus
3059 4725 3499 4781 administratio-

230 4823 323 4875 τία
359 4824 496 4893 (67),
532 4824 659 4887 τοὺς
694 4824 899 4891 οἴκους,
951 4824 1022 4878 τά
1073 4824 1361 4895 ὠνούμενα
1405 4824 1602 4891 πάντα,
1644 4827 1808 4895 ἀρτον

1927 4838 2039 4876 nem
2062 4830 2119 4875 et
2146 4820 2607 4891 gubernationem
2638 4835 2748 4873 non
2780 4819 3050 4888 inspicere
3078 4820 3358 4888 jubcmus,
3401 4822 3498 4875 sed

229 4917 293 4970 τέ
320 4934 463 4989 φημι
486 4918 581 4971 καὶ
610 4914 751 4972 οἶνον
777 4920 870 4972 καὶ
894 4918 1075 4971 ἔλαιον
1096 4919 1189 4971 καὶ
1220 4918 1331 4970 πᾶν
1362 4911 1501 4980 εἶδος
1532 4917 1665 4987 (68).
1700 4920 1807 4971 Καὶ

1918 4930 2196 4988 quemque
2227 4930 2346 4985 qua:
2372 4929 2468 4967 sua
2504 4923 2841 4983 suntregere
2870 4915 3146 4967 volumus.

1755 5035 1989 5091 NOTAL‘.

305 5128 418 5198 (65)
474 5128 595 5183 Etsi
622 5144 821 5184 sensus
865 5138 1105 5192 constet,
1165 5145 1289 5184 eum
1314 5129 1433 5183 haec
1463 5143 1586 5182 esse
1642 5128 1809 5181 abru-

229 5199 415 5269 ptiora
446 5199 762 5265 videantur,
811 5200 1065 5270 suspicor
1116 5200 1261 5253 inter
1290 5198 1813 5270 ὑπερϐαλλόντωςοι

230 5268 322 5322 τὸν
362 5285 484 5324 esse
545 5270 839 5340 lacunam,
908 5268 1213 5340 praesertim
1271 5268 1407 5323 eum
1444 5268 1812 5340 ὑπερϐαλλόν-

226 5358 337 5401 τως
363 5340 517 5393 finiat
548 5339 761 5395 folium.
792 5339 1127 5395 Proflembv
1154 5342 1339 5395 forsan
1378 5340 1577 5392 σεπτὸν
1621 5339 1812 5409 legen-

228 5410 360 5463 dum
400 5410 587 5463 fuerit.

300 5479 409 5547 (64)
429 5479 511 5535 Cf.
538 5480 710 5535 Exod.
734 5496 823 5546 xv,
845 5478 935 5535 26.

300 5550 412 5620 (65)
489 5550 628 5620 Puto
680 5549 1222 5619 ὲμπεπιστευμένουε
1297 5565 1421 5604 esse
1491 5547 1807 5615 delendum,

226 5634 353 5690 cum
396 5618 560 5675 male
606 5618 905 5690 repetitum
955 5637 985 5675 e
1014 5618 1399 5690 Superioribus
1434 5621 1689 5676 versibus
1724 5620 1808 5673 vi-

227 5689 447 5743 deatur.

248 5802 251 5805 .
304 5761 414 5828 (66)
452 5760 633 5815 Locus
662 5777 771 5815 non
806 5761 964 5815 valde
998 5761 1228 5814 nitidus.
1257 5758 1461 5825 Codex,
1518 5760 1805 5829 ἀκρυϐεία,

225 5831 440 5903 ὁρᾶται.
479 5832 832 5903 ξιιηςθῐιὸιιῐη
869 5832 1279 5903 προστάττομεν
1309 5829 1431 5903 ’τοῦ⁸
1452 5831 1808 5903 παραφυλάτ-

226 5900 439 5954 τεσθαι.
478 5901 567 5956 Sic
600 5900 679 5972 'p.
731 5903 818 5969 74,
873 5904 925 5967 9,
961 5901 1296 5971 προσέταξεν
1350 5900 1442 5954 τοῦ
1482 5901 1804 5973 λαμϐάνειν.

1914 5129 2073 5185 Conf.
2109 5144 2164 5198 p.
2198 5129 2286 5193 69,
2315 5145 2371 5182 n.
2413 5130 2465 5182 2.
2499 5129 2631 5183 Post
2661 5128 2848 5192 καθεζ.
2879 5128 3036 5183 deest
3079 5128 3263 5182 forsan
3331 5130 3496 5198 ὑμᾶς,

1914 5201 2107 5254 saltem
2136 5210 2320 5253 mente
2349 5200 2717 5269 supplendum
2763 5199 3001 5252 videtur.
3039 5199 3173 5252 Nam
3215 5216 3339 5253 eum
3376 5216 3500 5253 esse

1916 5271 2023 5324 loci
2058 5286 2282 5324 sensum
2309 5270 2550 5339 opinor:
2601 5288 2618 5319 ι
2656 5269 2924 5323 Jubemus
2968 5278 3152 5323 autem
3190 5280 3250 5325 ut
3288 5270 3499 5323 subditi

1917 5342 2177 5409 polentize
2210 5348 2430 5403 nostrae,
2461 5342 2503 5393 si
2535 5340 2990 5409 diligentes‘sint,
3027 5350 3387 5393 revereantur
3416 5358 3501 5393 se-

1917 5411 2113 5465 dentes
2135 5426 2234 5464 vos
2264 5425 2332 5463 eo
2370 5426 2479 5479 quo
2513 5427 2609 5479 par
2633 5419 2715 5463 est
2736 5422 3000 5479 apparatu
3035 5412 3087 5464 in
3119 5410 3357 5478 publicis
3380 5428 3504 5480 quae

1918 5482 2285 5535 mansuetudo
2316 5498 2435 5535 mea
2490 5481 2647 5534 vobis
2679 5481 2876 5535 tribuit
2914 5481 3069 5535 locis.
3102 5481 3429 5550 Inspicite...
3481 5500 3498 5530 ι

1990 5552 2100 5622 (67)
2123 5551 2427 5620 Cauponia,
2455 5550 2509 5604 in
2531 5552 2735 5621 quibus
2749 5552 2936 5606 vinum
2962 5568 3159 5621 purum
3184 5552 3500 5621 potuiprat-

1913 5621 2096 5684 betur,
2129 5622 2424 5689 mnopolia.

1988 5693 2098 5761 (68)
2134 5690 2282 5755 Εἶδος
2308 5703 2391 5763 est
2428 5693 2517 5747 hic
2541 5692 2761 5761 quidvis
2794 5694 3143 5749 alimentum.
3167 5694 3501 5763 Andreopu-

1914 5763 2021 5817 lus.
2055 5765 2129 5817 De
2164 5762 2411 5834 Syntipa,
2451 5782 2505 5834 p.
2533 5765 2647 5818 26:
2695 5766 2819 5823 Ἐάν
2860 5782 2909 5817 τι
2956 5765 3200 5832 ρυπὼδες
3241 5762 3499 5834 ἑώραεῐς

1915 5834 2122 5906 τιτῶν
2150 5833 2483 5906 ἐσθιομένων
2582 5836 2662 5897 εἷς
2702 5853 2756 5887 τι
2800 5835 2909 5891 τῶν
2948 5836 3253 5906 πινομένων
3315 5833 3495 5897 εἰδῶν,

1914 5904 2147 5969 ούδόλως
2175 5904 2341 5957 αὐτοῦ
2373 5904 2773 5976 μετελάμϐανε.
