4016 6560
482 463 591 530 583

1409 456 1472 515 S.
1512 453 1940 514 GREGENTII
1978 454 2216 517 EPISC.
2254 456 2785 517 TAPHARENSIS

3662 454 3770 518 ί)Βὶ

481 581 714 643 ἕκαστος
765 573 858 628 τὸν
907 571 1147 642 λαχόντα
1195 566 1348 639 αὐτῷ
1392 568 1642 639 ρεγεῶνα
1683 566 1932 639 ἀκριϐῶς
1969 569 2231 640 τηρείτω.
2297 569 2528 641 Ἕτερον
2562 569 2670 640 γὰρ
2709 571 2788 632 είς
2855 567 2950 622 τοῦ
3001 568 3230 640 πλησίον
3265 569 3375 641 (69)
3441 569 3606 624 αὑτοῦ
3668 570 3772 642 τὴν

480 672 752 742 διοίκησίν
814 685 875 724 τε
911 668 1007 722 καὶ
1071 664 1438 738 ἐπικράτειαν
1474 663 1597 718 οὐδὲ
1657 663 1988 734 παρακύψαι
2049 663 2506 736 προστάττομεν,
2549 665 2664 718 ἀλλ’
2705 665 2938 718 ἕκαστον
2984 665 3243 735 ὁρίζομεν
3297 665 3486 736 τηρεῖν
3524 664 3586 718 τὸ
3641 665 3776 720 ἑαυ-

483 769 580 824 τοῦ
613 768 752 839 (70).

555 863 691 935 Cap.
722 845 791 917 II.
817 891 889 902 --
929 857 1252 916 Cavendum
1291 866 1378 914 est
1421 857 1592 930 igitur
1622 873 1694 914 ne
1747 857 1842 913 ﬁat
1881 857 2082 913 caedes.

2259 856 2404 924 Κεφ.
2447 855 2524 910 B'.
2554 853 2871 925 Σκοπητέον
2914 849 3008 907 οὖν
3048 854 3124 926 μὴ
3159 853 3418 924 γενέσθαι
3449 853 3634 924 φόνον.
3670 855 3774 917 ’Δν

488 958 547 1014 Si
586 973 695 1027 qua
747 955 925 1019 ﬁeret,
974 950 1442 1021 comprehensum
1477 950 1787 1007 occisorem
1827 949 2081 1020 protinus

487 1048 686 1120 majori
716 1045 980 1117 potentiae
1007 1042 1313 1108 tradentes,
1356 1042 1414 1097 in
1453 1042 1774 1114 praetorium
1801 1041 2082 1098 deducite.

489 1141 755 1212 Inspicite
799 1155 870 1194 ne
903 1137 996 1192 ﬁat
1039 1135 1403 1201 adulterium,
1452 1135 1721 1201 incestus,
1751 1134 2081 1190 bestialitas.

492 1232 551 1287 Si
582 1232 678 1303 qui
712 1245 955 1301 unquam
995 1227 1103 1282 tale
1158 1227 1344 1282 scelus
1374 1227 1739 1292 admiserint,
1787 1225 1858 1281 ad
1887 1234 2087 1297 praeto—

493 1325 640 1380 rium
667 1339 764 1380 eos
794 1322 1074 1378 deducite.

564 1417 698 1488 Cap.
731 1417 822 1472 III.
851 1446 924 1458 —-
954 1416 1214 1486 Inspicite
1268 1429 1339 1468 ne
1397 1411 1492 1466 ﬁat
1542 1410 1722 1482 turpis
1773 1407 2086 1465 Sodomita-

497 1525 622 1564 rum
646 1508 840 1564 libido.
873 1507 932 1562 Si
963 1508 1092 1577 quis
1120 1522 1258 1561 vero
1295 1503 1680 1574 deprehensus
1717 1501 1906 1566 fuerit,
1935 1517 2088 1557 com-

497 1599 841 1671 prehensum
894 1598 963 1651 ad
1001 1597 1388 1668 magistratum
1432 1594 1712 1657 deducite,
1756 1602 1818 1647 ut
1865 1593 1958 1648 ille
2007 1607 2092 1647 se-

499 1691 745 1748 cundum
793 1689 1011 1745 Domini
1043 1690 1220 1760 legem
1260 1687 1452 1742 saeviat
1496 1686 1551 1740 in
1588 1701 1704 1740 eos.
1733 1684 1972 1756 Equum
2006 1691 2093 1739 est

500 1784 650 1840 enim
681 1797 778 1837 eos
820 1781 1082 1847 interﬁci,
1137 1795 1210 1835 ne
1251 1779 1505 1833 viventes
1548 1776 1727 1833 fetore
1780 1774 1995 1848 peccati
2035 1785 2093 1831 et

501 1873 938 1930 abominationis
982 1886 1200 1936 eorum,
1249 1878 1316 1925 ut
1354 1869 1431 1924 ita
1463 1867 1669 1935 dicam,
1718 1867 2014 1938 inquinent
2037 1874 2097 1922 et

502 1968 640 2022 alias
685 1968 898 2022 animas
927 1965 1313 2021 immaculatas
1360 1962 1744 2018 innocentium
1779 1960 2092 2028 hominum,

502 2067 562 2114 et
585 2059 726 2114 iram
759 2058 858 2113 Dei
891 2058 948 2112 in
975 2072 1078 2112 nos
1114 2053 1488 2111 immunditiis
1513 2055 1630 2110 suis
1650 2053 1906 2110 incitent.

2184 965 2244 1002 τε
2276 948 2374 1002 καὶ
2403 948 2653 1018 γένηται,
2691 946 3167 1019 συλλαμϐάνοντες
3199 947 3294 1002 τὸν
3318 949 3648 1020 ποιήσαντα,
3683 950 3776 1004 εὐ-

2186 1039 2326 1104 θέως
2376 1041 2443 1111 τῇ
2481 1038 2693 1109 μείζονι
2750 1039 2974 1108 ἐξουσία
3020 1039 3393 1110 παραδοῦντες
3443 1040 3536 1094 καὶ
3586 1041 3646 1096 ὲν
3693 1041 3776 1113 τῷ

2185 1131 2509 1205 πραιτωρίῳ
2546 1131 2967 1202 παραπέμπειν.
3017 1132 3216 1204 Ὁρᾶτε
3270 1131 3345 1203 μὴ
3378 1133 3610 1202 γένηται
3661 1151 3777 1204 μοι·

2187 1225 2334 1296 χεία,
2371 1223 2687 1295 αἱμομιξία,
2722 1222 3115 1295 κτηνοφθορία.
3145 1224 3208 1276 El
3233 1223 3291 1276 δὲ
3329 1222 3426 1276 καὶ
3453 1223 3773 1294 τολμηθῶσι

2189 1315 2436 1382 πώποτε,
2471 1314 2551 1386 τῷ
2582 1315 2906 1387 πραιτωρίῳ
2943 1315 3144 1378 αὑτοὺς
3171 1313 3601 1385 παραπέμπετε.

2261 1410 2406 1478 Κεφ.
2437 1408 2512 1462 I".
2546 1409 2741 1478 Ὁρᾶτε
2780 1407 2856 1479 μὴ
2881 1407 3108 1479 γένηται
3132 1409 3166 1478 ἡ
3191 1405 3303 1461 τῶν
3339 1407 3590 1478 Σοδόμων
3615 1407 3778 1461 ἀσέλ-

2191 1517 2336 1569 γεια.
2375 1500 2439 1554 Et
2468 1499 2526 1554 δὲ
2554 1501 2652 1556 καὶ
2689 1498 2972 1571 φωραθείη
3014 1517 3119 1564 τις,
3170 1498 3641 1570 συλλαμϐάνοντες
3681 1499 3777 1554 τὸν

2191 1591 2456 1657 τοιοῦτον,
2477 1591 2556 1661 τῷ
2583 1591 2816 1664 ὑπάρχῳ
2844 1591 3254 1663 παραπέμπετε
3288 1591 3426 1664 (71),
3457 1593 3524 1664 ἵν’
3564 1595 3780 1659 ἐκεῖνος

2192 1684 2263 1738 τὰ
2300 1684 2444 1737 κατὰ
2480 1683 2647 1754 νόμον
2687 1683 2898 1754 Κυρίου
2925 1682 3270 1756 διεξέρχηται
3310 1684 3530 1749 αὐτούς·
3565 1685 3780 1742 δίκαιον

2194 1774 2304 1845 γάρ
2339 1775 2491 1828 ἐστιν
2520 1773 2918 1828 άποκτένεσθαι
2970 1773 3191 1840 αὐτοὺς,
3221 1773 3310 1828 ἴνα
3338 1775 3414 1847 μὴ
3453 1775 3658 1841 ζῶντες
3699 1777 3783 1849 τῷ

2200 1867 2472 1939 μιάσματι
2501 1869 2603 1939 τῆς
2647 1867 2926 1938 ἁμαρτίας
2957 1866 3054 1922 καὶ
3096 1865 3430 1938 βδελυγμίας
3471 1865 3673 1933 αὐτῶν,
3710 1866 3781 1920 ἵν’

2196 1961 2340 2016 οὕτω
2378 1961 2541 2027 είπω,
2591 1961 2832 2031 μιάνωσι
2878 1961 2973 2015 καὶ
3027 1960 3196 2025 άλλας
3248 1960 3428 2032 ψυχὰς
3479 1959 3783 2032 άμιάντους

2196 2054 2394 2112 ἀθώων
2417 2053 2528 2126 79
2558 2053 2888 2124 ἀνθρώπων,
2916 2053 3012 2106 καὶ
3046 2052 3146 2124 τὴν
3177 2052 3351 2124 ὀργὴν
3377 2050 3474 2104 τοῦ
3507 2049 3643 2104 Θεοῦ
3667 2049 3784 2119 (72)

2199 2150 2286 2219 ἐφ’
2313 2150 2464 2221 ημᾶς
2503 2147 2591 2201 διά
2616 2147 2715 2218 τῆς
2747 2145 3095 2219 ἀκαθαρσίας
3125 2144 3306 2199 αὐτῶν
3350 2141 3781 2210 κατενέγκωσιν.

569 2236 704 2308 Cap.
729 2235 821 2293 IV.
841 2266 907 2276 —
921 2233 1183 2304 Inspicite
1204 2249 1277 2289 ne
1295 2233 1369 2289 sit
1397 2232 1599 2303 magia,
1625 2240 1722 2286 aut
1741 2230 2092 2297 veneﬁcium,

2269 2241 2411 2308 Κεφ.
2446 2241 2520 2293 Δ’.
2561 2237 2757 2307 Ὁρᾶτε
2800 2239 2875 2308 μὴ
2919 2237 3062 2291 ἔστω
3103 2236 3331 2307 γοητεία
3378 2234 3412 2306 ἢ
3462 2232 3787 2305 φαρμακεία

501 2337 600 2385 aut
626 2326 950 2383 incantatio.
979 2325 1073 2392 At,
1102 2326 1148 2382 si
1183 2325 1311 2395 quis
1340 2340 1585 2395 unquam
1617 2323 2092 2394 deprehendatur,

503 2420 691 2477 statim
725 2420 843 2475 haec
874 2418 1088 2473 faciens
1114 2417 1184 2472 ad
1207 2417 1539 2488 praetorium
1576 2415 1852 2480 tradatur,
1886 2422 1948 2468 ut
1970 2413 2097 2485 igne

505 2513 614 2569 tale
647 2512 830 2568 scelus
859 2509 1090 2565 admissi
1120 2510 1544 2564 comburantur.
1583 2506 1844 2578 Inspicite
1875 2522 1943 2562 ne
1990 2509 2100 2562 sint

507 2605 813 2676 praestigiae,
851 2612 949 2658 aut
997 2602 1196 2657 falsum
1245 2600 1645 2656 testimonium.
1697 2600 1755 2656 Si
1799 2600 1924 2671 quis
1953 2599 2099 2655 forte

506 2700 638 2755 talia
667 2699 899 2753 auderet
927 2739 940 2761 ,
973 2697 1229 2750 tradatur
1264 2695 1368 2750 iste
1400 2695 1767 2766 magistratui,
1809 2703 1868 2750 et
1900 2694 2120 2772 linguae.

507 2789 771 2863 primoris
804 2804 1040 2845 acumen
1062 2789 1114 2843 ei
1139 2788 1497 2858 praecidatur.
1961 2830 1973 2840 .

577 2886 712 2956 Cap.
741 2885 804 2940 ν.
832 2883 1121 2954 Invigilate
1158 2880 1450 2951 vigilantia
1478 2879 1675 2946 multa,
1698 2888 1759 2935 et
1790 2878 1986 2934 sedulo
2019 2886 2102 2931 at-

510 2979 720 3035 tendite
741 2977 961 3032 furibus
991 2983 1046 3030 et
1077 2975 1185 3029 illis
1214 2974 1308 3044 qui
1333 2972 1688 3029 eorumfurta
1711 2972 2103 3042 accipiuntaut

507 3069 710 3125 celant.
751 3069 997 3122 Primum
1028 3081 1126 3122 eos
1149 3063 1556 3134 quinquaginta
1590 3061 1820 3116 fustium
1852 3059 2103 3115 verberi-

508 3161 616 3216 bus
669 3162 932 3224 multate;
983 3156 1190 3212 deinde
1246 3155 1405 3225 signo
1455 3154 1665 3223 aliquo,
1702 3167 1901 3222 nempe
1925 3150 2103 3221 sigillo

509 3253 696 3308 ferreo
737 3249 968 3305 ardente
1001 3247 1245 3301 frontem
1297 3259 1495 3299 eorum
1545 3245 1847 3314 signantes,
1898 3239 1980 3295 sic
2007 3253 2104 3294 co-

514 3358 638 3398 ram
678 3340 886 3411 populo
913 3338 1107 3392 tunica
1134 3337 1407 3391 nudatum
1439 3335 1702 3390 dimittite
1729 3348 1879 3397 eum,
1916 3331 2107 3386 dicen-

512 3444 600 3490 tes
625 3432 708 3488 eis
734 3449 748 3486 :
783 3450 802 3483 ι
842 3429 1046 3486 Cavete
1089 3428 1272 3494 vobis,
1319 3427 1522 3482 fratres
1552 3443 1566 3480 :
1596 3442 1628 3482 a
1657 3425 1809 3480 furto
1841 3423 2106 3493 deinceps

511 3525 809 3591 abstinete,
862 3539 935 3579 ne
994 3520 1385 3592 comprehensi
1436 3520 1649 3591 majore
1696 3532 1861 3589 paena
1905 3514 2105 3571 afﬁcia-

2198 2333 2290 2386 καὶ
2323 2332 2592 2387 ὲπαοιδία.
2647 2331 2811 2398 Ἀλλ’,
2845 2330 2957 2385 εἴτε
3011 2331 3107 2385 καὶ
3153 2329 3462 2402 φωραθεῖεν
3516 2347 3671 2396 ποτε,
3705 2329 3787 2400 τῷ

2200 2423 2526 2498 πραιτωρίῳ
2587 2423 2680 2479 τὸν
2726 2423 2902 2477 ταῦτα
2950 2422 3167 2495 δρῶντα
3218 2420 3377 2498 (75),
3407 2416 3565 2485 αὖθις
3607 2420 3788 2492 παρά-

2202 2518 2349 2584 δοτε,
2385 2518 2473 2571 ἵνα
2536 2517 2672 2587 πυρὶ
2731 2518 2782 2571 οἱ
2830 2514 3008 2569 ταῦτα
3063 2513 3302 2587 δρῶντες
3346 2513 3780 2567 κατακαίωνται.

2210 2610 2406 2682 Ὁρᾶτε
2466 2609 2542 2680 μὴ
2589 2608 2731 2662 ἔστω
2776 2607 3000 2678 γοητεία
3048 2595 3585 2679 ἧψευδομαρτυρία.
3620 2604 3684 2658 Et
3723 2604 3786 2658 δὲ

2200 2703 2296 2757 καὶ
2353 2699 2676 2771 τολμηθεῖέν
2731 2715 2884 2764 ποτε,
2935 2698 3460 2770 παραπεμπόμενος
3507 2693 3664 2760 οὗτος
3717 2698 3785 2767 τῇ

2200 2792 2442 2864 ἐξουσίᾳ.
2473 2790 2534 2844 τὸ
2573 2789 2742 2861 ἄκρον
2766 2792 2865 2861 τῆς
2887 2788 3137 2858 γλώττης
3163 2789 3331 2844 αὑτοῦ
3367 2786 3786 2857 άποτεμνέσθω.

2270 2886 2413 2953 Κεφ.
2461 2881 2540 2937 E'.
2588 2882 2786 2952 Ὁρᾶτε
2822 2882 3150 2953 ὲγρηγὸρσει
3174 2881 3367 2954 πολλῇ,
3398 2881 3490 2935 καὶ
3539 2895 3791 2950 παρατη-

2206 2975 2403 3049 ρητέον
2454 2973 2583 3036 τοὺς
2617 2972 2861 3036 κλέπτας
2918 2973 3014 3026 καὶ
3060 2972 3189 3036 τοὺς
3230 2969 3662 3042 ὑποδεχομένους
3693 2970 3790 3024 καὶ

2202 3066 2586 3138 λαμϐάνοντας
2643 3064 2741 3119 ἀπ’
2769 3063 2974 3118 αὐτῶν.
3021 3063 3110 3117 Ἐν
3153 3063 3392 3135 πρώτοις
3443 3063 3547 3116 ave
3597 3062 3791 3132 πεντήο

2202 3175 2370 3213 κοντα
2419 3155 2626 3210 διπλῶν
2672 3155 2787 3228 (74)
2837 3157 3037 3220 αὐτοὺς
3068 3154 3444 3226 διεξέρχεσθαι
3488 3153 3624 3222 (75)’
3667 3149 3790 3206 εἶτα

2205 3247 2419 3321 σημείῳ
2454 3248 2586 3314 τινὶ,
2634 3248 2810 3320 ήγουν
2847 3246 3114 3318 σφραγῖδι
3150 3246 3348 3317 σιδηρᾷ
3382 3245 3792 3317 σφραγίσαντες

2204 3341 2692 3415 πεπυρακτωμένῃ
2725 3340 2822 3395 ἐπὶ
2859 3339 2957 3395 τοῦ
2991 3339 3272 3412 μετώπου,
3305 3338 3452 3394 οὕτω
3479 3338 3792 3411 δημεύσαν-

2203 3452 2297 3499 τες
2367 3433 2610 3505 ἀχίτωνα
2671 3432 2982 3498 άπολύετε,
3045 3429 3526 3504 παραγγέλλοντες
3597 3429 3784 3500 αὐτῷ’

2211 3545 2230 3580 ι
2262 3525 2507 3598 Πρόσεχε
2551 3523 2787 3596 σεαυτῷ,
2817 3523 3019 3595 ἀδελφέ
3043 3539 3058 3556 ⁸
3091 3524 3291 3596 μηκέτι
3331 3521 3560 3596 κλέψῃς,
3585 3522 3675 3577 ἵνα
3708 3522 3790 3594 μὴ

513 3619 673 3674 mini.
711 3637 730 3672 ι
778 3617 835 3674 Si
879 3624 1073 3688 postea
1100 3613 1286 3684 quivis
1327 3612 1513 3668 denuo
1564 3612 1621 3666 in
1650 3610 1822 3667 simili
1854 3608 2097 3664 facinore

2207 3620 2512 3692 κρατηθεὶς
2550 3621 2644 3674 ἐπὶ
2700 3618 2912 3691 μείζονι
2947 3618 3148 3691 ὲλεύσῃ
3191 3617 3453 3690 τιμωρίᾳ.
3504 3635 3526 3671 ι
3569 3617 3696 3671 Ἐὰν
3729 3615 3792 3672 δὲ

513 3709 969 3781 deprehendatur
1028 3705 1199 3777 (quod
1245 3704 1598 3759 manifestum
1643 3702 1812 3758 faciet
1855 3701 2098 3773 sigillum

516 3801 577 3856 in
602 3800 753 3855 fonte
781 3795 1161 3869 impressum),
1192 3795 1261 3850 ad
1283 3795 1666 3866 magistratum
1695 3795 2101 3860 adducatur,ct

519 3893 770 3948 abscisso
819 3891 979 3962 pedis
1011 3889 1194 3945 dextri
1241 3903 1416 3944 nervo
1443 3904 1570 3944 eum
1605 3888 1891 3954 dimittite,
1921 3897 2003 3953 ut,
2051 3887 2099 3941 si

517 3985 693 4040 furari
710 3982 972 4048 voluerit,
1005 3981 1170 4037 inerti
1192 3989 1555 4052 permanente
1576 3980 1716 4050 pede
1733 3982 1874 4052 ejus,
1906 3979 2097 4034 deam-

517 4076 716 4132 bulare
766 4083 1031 4145 nequeat.
1067 4075 1146 4129 Ac
1200 4071 1404 4128 deinde
1458 4071 1514 4126 in
1551 4086 1857 4142 pauperum
1909 4070 2100 4141 liospio

518 4168 598 4224 tio
621 4167 799 4223 nostri
829 4166 987 4237 regni
1017 4165 1348 4231 collocetur,
1375 4173 1435 4219 ut
1475 4163 1605 4219 inde
1627 4163 1890 4236 deinceps
1913 4162 2100 4234 quoli-

514 4258 747 4315 dianum
775 4259 962 4313 cibum
994 4257 1252 4327 accipiat.

2203 3713 2299 3767 καὶ
2334 3711 2636 3783 μετέπειτα
2688 3713 2718 3765 ὀ
2759 3709 3002 3775 τοιοῦτος
3034 3708 3287 3782 κρατηθῇ
3321 3710 3417 3763 ἐπὶ
3461 3710 3528 3781 τῇ
3557 3708 3790 3781 τοιαύτῃ

2205 3805 2361 3877 αἰτίᾳ
2385 3801 2712 3875 (κατάδηλον
2735 3801 2845 3875 γὰρ
2871 3801 2962 3856 τὸν
3000 3800 3247 3856 τοιοῦτον
3278 3802 3374 3855 καὶ
3403 3803 3437 3872 ἡ
3460 3800 3520 3855 ὲν
3545 3799 3624 3872 τῷ
3659 3817 3792 3872 μετ-

2203 3893 2342 3966 ώπῳ
2379 3894 2647 3968 πρότερον
2695 3894 2957 3964 γεγονυῖα
3011 3891 3252 3963 σφραγὶς
3299 3889 3786 3960 ὲναποτελέσειεν),

2203 3985 2284 4058 τῷ
2337 3987 2573 4068 ὑπάρχῳ
2607 3985 2941 4055 άπαγέσθω,
2990 3984 3086 4039 καὶ
3119 3983 3488 4056 νευρότμητον
3538 3981 3632 4036 τὸν
3662 3982 3791 4052 ἀρι-

2207 4077 2398 4148 στερὸν
2448 4076 2586 4130 πόδα
2637 4075 2804 4130 αὐτοῦ
2847 4074 3184 4137 άποτελεῖτε,
3213 4075 3334 4139 ἵνα,
3367 4074 3480 4144 80
3521 4071 3627 4126 κᾶν
3665 4070 3793 4143 βου·

2204 4167 2343 4240 ληθῇ
2384 4167 2604 4237 κλέψαι,
2632 4167 2807 4239 ἀργοῦ
2834 4167 3121 4238 μείναντος
3150 4166 3245 4221 τοῦ
3273 4167 3429 4231 ποδὸς
3459 4163 3652 4228 αὑτοῦ,
3684 4165 3790 4234 έμ-

2209 4263 2538 4332 περιπατείν
2573 4259 2651 4331 μὴ
2680 4259 2910 4331 ἰσχύειν.
2949 4260 3063 4314 Kal
3105 4260 3242 4332 μετὰ
3272 4259 3447 4314 ταῦτα
3479 4259 3538 4312 έν
3568 4273 3791 4327 πτωχο-

515 4355 757 4427 τροφείῳ
803 4351 1236 4408 καταταττέσθω
1286 4350 1404 4424 (76)
1463 4352 1562 4424 τῆς
1613 4353 1894 4424 ἡμετέρας
1946 4352 2248 4424 βασιλείας,
2279 4356 2347 4410 ἵν’
2380 4356 2588 4411 ἐκεῖθεν
2648 4357 2711 4410 τὸ
2734 4356 2922 4412 λοιπὸν
2977 4357 3076 4429 ἓξῃ
3137 4357 3249 4428 (77)
3279 4357 3385 4412 κᾶν
3441 4357 3540 4426 τὴν
3573 4357 3791 4427 ἐφήμε-

517 4465 615 4521 ρον
647 4448 879 4518 τροφήν.

586 4544 724 4615 Cap.
756 4543 846 4599 Ἡ.
872 4541 1107 4597 Omnem
1154 4541 1364 4606 virum,
1421 4554 1758 4609 omnemque
1813 4541 2105 4598 mulierem

516 4637 712 4710 fugere
726 4635 1067 4692 immundam
1097 4631 1817 4703 fornicationemjubemus.
1833 4634 1932 4688 Vir
1949 4634 2104 4704 quis-

515 4746 627 4801 que
650 4727 932 4800 propriam
954 4726 1160 4782 habeat
1186 4741 1440 4791 uxorem,
1484 4735 1544 4780 et
1571 4739 1639 4779 ne
1658 4724 1826 4780 siteis
1855 4726 2104 4795 speciosa

514 4819 770 4876 defensio
785 4816 935 4889 quod
963 4816 1124 4870 multi
1157 4815 1394 4870 dicunt:
1431 4834 1449 4866 ‹
1476 4814 1708 4885 Semper
1746 4829 1866 4868 sum
1897 4830 2106 4886 pauper

513 4918 576 4964 et
605 4923 836 4963 uxorem
886 4905 1099 4962 habere
1148 4920 1261 4961 non
1289 4919 1542 4976 possum.
1575 4922 1594 4956 ›
1654 4903 1871 4970 Quibus
1909 4913 2102 4960 contra

517 4999 927 5070 respondemus
953 4997 1205 5054 :Nonvis
1225 5007 1280 5053 te
1319 4996 1568 5068 legitimo
1592 4997 1946 5051 matrimonio
1968 5011 2100 5051 con-

508 5091 770 5162 jungere,
802 5104 988 5160 neque
1023 5105 1126 5146 nos
1152 5088 1424 5161 cogimus.
1464 5087 1610 5145 Cave
1655 5098 1838 5143 autem
1871 5103 1941 5142 ne
1971 5102 2095 5142 cum

2279 4539 2424 4610 Κεφ.
2472 4537 2565 4608 ς’.
2597 4540 2786 4597 Πάντα
2813 4542 2982 4614 ἄνδρα
3014 4544 3111 4596 καὶ
3156 4544 3338 4598 πᾶσαν
3381 4546 3615 4613 γυναῖκα
3653 4547 3792 4616 φεῦ-

2205 4645 2324 4699 γειν
2360 4628 2459 4701 τὴν
2487 4630 2698 4685 ἄσωτον
2743 4636 3004 4706 πορνείαν
3034 4634 3468 4706 προστάττομεν.
3507 4637 3788 4704 Ἕκαστος

2204 4723 2347 4794 ἀνὴρ
2383 4723 2484 4794 τὴν
2536 4725 2732 4779 ἑαυτοῦ
2773 4729 3013 4796 γυναῖκα
3056 4728 3244 4799 ἐχέτω,
3285 4729 3379 4782 καὶ
3414 4727 3490 4799 μὴ
3519 4728 3659 4784 ἔστω
3686 4731 3788 4785 αὑ-

2204 4815 2317 4879 τοῖς
2349 4813 2509 4884 λόγος
2553 4817 2636 4880 είς
2684 4819 3008 4888 ἀπολογίαν,
3040 4821 3180 4892 ὅπερ
3223 4821 3271 4874 oi
3314 4821 3499 4875 πολλοὶ
3528 4822 3750 4892 λέγουσι
3770 4841 3784 4856 ⁸

2210 4925 2230 4958 ι
2263 4907 2441 4979 Πένης
2468 4910 2587 4980 είμ).
2621 4911 2715 4964 καὶ
2741 4912 2802 4964 οὐ
2846 4912 3080 4982 δύναμαι
3111 4913 3256 4984 ἔχειν
3285 4916 3541 4982 γυναῖκα.
3579 4935 3597 4968 υ
3639 4918 3790 4988 Πρὸς

2202 4997 2296 5062 οὓς
2336 5000 2785 5071 ἀπολογούμεθα·
2821 5004 2897 5057 Οὐ
2926 5004 3125 5074 ,βούλει
3155 5003 3372 5076 νομίμῳ
3411 5005 3574 5078 γάμῳ
3613 5025 3787 5078 προσ-

2205 5092 2492 5163 ομιλῆσαι,
2526 5093 2648 5146 οὐδὲ
2697 5096 2858 5166 ἡμεῖς
2892 5095 3188 5167 βιάζομεν’
3222 5097 3322 5166 ὅρα
3348 5095 3405 5148 δὲ
3437 5097 3516 5168 μὴ
3547 5099 3786 5171 εὑρεθῇς

2035 5181 2268 5242 NOTAE.

588 5275 701 5347 (69)
733 5275 941 5342 Codex,
975 5278 1057 5338 είς
1080 5275 1173 5347 τὸν
1205 5275 1299 5330 πλ.

617 5346 704 5418 70)
734 5348 974 5418 ωομεν
1008 5347 1096 5411 τι,
1127 5346 1181 5404 5-

615 5416 702 5482 71)
731 5415 947 5481 Codex,
966 5415 1425 5485 παραπέμπεται.

590 5432 702 5487 (Μ)
731 5432 938 5481 uouex,
966 5432 1262 5539 παραπεμτ

588 5489 704 5626 γη)
731 5487 892 5542 Conf.
925 5504 981 5557 p.
1088 5503 1180 5568 ,n.
1207 5487 1262 5540 5.

615 5560 683 5612 ἶ.)
737 5558 946 5613 Forsan
983 5558 1177 5626 eueuq.

615 5557 704 5620 75)
737 5558 946 5613 Forsan
983 5557 1166 5620 εὐθύς.

2201 5281 2334 5350 παρ’
2381 5257 2567 5357 abaci;
2610 5282 2828 5357 διπλαῖς
2873 5283 3448 5357 οὑτωσὶ-λεγομέναις,
3495 5287 3784 5357 μαστίζειν

2199 5351 2629 5423 προστάττουσιν
2658 5353 2740 5406 Cf.
2764 5368 2922 5423 capp.
2953 5354 3040 5416 19,
3077 5354 3166 5417 50,
3207 5355 3295 5409 55.

2268 5420 2380 5491 (75)
2412 5421 2618 5475 Forsan
2648 5420 3012 5493 διεξέρχεσθε.
3043 5425 3110 5478 Et
3150 5433 3235 5477 est
3263 5424 3516 5480 inﬁnitus
3538 5427 3786 5481 vocabu-

2196 5489 2377 5543 lorum
2405 5507 2689 5565 numerus,
2720 5489 2891 5565 quia,
2929 5495 3071 5548 male
3103 5496 3434 5565 permutatis
3486 5498 3783 5552 vocalibus

2197 5576 2255 5612 αι
2284 5571 2340 5614 et
2375 5577 2422 5625 ε,
2453 5562 2598 5635 male
2623 5563 2846 5632 scripsit
2871 5562 3152 5619 librarius.
3195 5565 3302 5619 Sed
3331 5575 3516 5635 potest
3550 5567 3778 5621 inﬁniti-

589 5625 702 5699 (74)
734 5630 932 5708 Διπλαῖ
954 5635 1114 5708 “sunt.
1158 5625 1375 5708 fustes;
1409 5625 1764 5708 Perspicuus_
1797 5635 1882 5680 est
1939 5626 2096 5708 locus

2207 5645 2298 5708 rus
2325 5646 2426 5708 pro
2451 5625 2777 5708 imperativo
2803 5635 2965 5689 sumi.
2991 5636 3166 5705 Supra
3198 5650 3247 5687 c.
3286 5625 3347 5698 2;
3377 5637 3780 5708 παραπέμπειν

517 5695 692 5769 quem
716 5698 910 5769 attulit
949 5695 1188 5769 Cangius
1221 5696 1274 5749 in
1299 5695 1632 5769 Clpssario;
1668 5699 1786 5769 sed,
1823 5705 1883 5749 ut
1927 5699 2090 5769 solet,

518 5766 736 5823 mendis
762 5768 1108 5838 inquinatum
1134 5766 1447 5838 descripsit,
1477 5779 1600 5838 qua:
1654 5767 1843 5820 tollam
1872 5783 1889 5838 ι
1923 5767 2002 5838 Τῇ
2033 5770 2091 5820 δὲ

2192 5699 2549 5775 sic__p_osi_tutn
2581 5703 2685 5757 fuit
2723 5720 2823 5773 pro
2855 5699 3277 5775 παραπέμπετε.

2262 5769 2374 5846 (7-6)
2401 5770 2539 5826 Cod.
2573 5769 2950 5846 καταττέσθωξ
2975 5776 3066 5830 Sic
3085 5769 3443 5842 καταγέντων
3476 5791 3579 5846 pro
3602 5791 3777 5834 κατα.-

516 5838 647 5909 ὲξῆς
683 5836 1046 5909 ἐξαγαγόντες
1074 5836 1256 5901 αὑτὸν,
1289 5839 1382 5890 καὶ
1407 5837 1708 5909 ,πυθόμενοι
1732 5839 1821 5909 die
1831 5836 2093 5909 εὕρισκον
2189 5836 2490 5906 ταγέντων,
2517 5859 2567 5897 c.
2601 5844 2689 5899 55.

513 5901 671 5964 οὖδὲν
697 5901 978 5981 ὲνδὸσιμον
1011 5908 1225 5980 ἔχοντα,
1249 5908 1508 5979 τραχέσιν
1541 5901 1697 5968 αὖθις
1720 5901 1956 5977 ῥάϐδοις,
1974 5912 2092 5972 ταῖς

2261 5910 2373 5982 (77)
2407 5910 2612 5981 Codex,
2640 5913 2771 5979 ἕξει.
