4016 6548
208 444 303 509 535

1380 433 1955 498 HOMERITARUM
1996 433 2254 496 LEGES.

3337 440 3443 505 586

211 557 337 629 pari
380 553 590 625 πορνῶν
636 552 1005 624 ἁμαρτάνων,
1054 550 1147 603 καὶ
1182 548 1539 621 κινδυνεύσῃς
1580 565 1761 616 παρα-

1902 550 2157 605 ellicibus
2200 564 2438 621 peccans
2468 547 2791 614 inveniaris,
2829 563 2891 601 ac
2936 548 3189 618 protinus
3216 553 3443 621 pericli-

206 648 408 719 χρῆμα.
433 646 658 699 Κελεύει
687 645 795 716 γὰρ
822 646 856 714 ἡ
894 642 1197 713 γαληνότης
1226 640 1330 711 τῆς
1365 640 1642 711 ἡμετέρας
1671 640 1770 709 βα-

208 740 402 803 σιλείας
431 738 612 792 πάντα
649 737 746 789 τὸν
793 735 888 789 ἐπὶ
934 733 1166 806 πορνείᾳ
1218 732 1624 803 κρατούμενον,
1663 731 1772 785 εἴτε

204 837 424 910 ἄρρενα,
455 835 567 888 εἴτε
602 832 829 905 θήλειαν
850 873 865 897 ,
894 829 1149 901 δέχεσθαι
1181 830 1273 883 τὸν
1300 829 1545 883 τοιοῦτον
1577 829 1773 898 μάστι-

204 944 300 996 γας
325 926 539 980 ἑκατόν·
572 925 667 978 καὶ
716 918 816 977 εἷθ’
852 921 1029 986 οὕτως
1064 922 1127 975 τὸ
1156 921 1446 993 ἀριστερὸν
1472 916 1564 984 οὖς
1603 920 1773 974 αὑτοῦ

204 1016 618 1089 ἀποτεμνέσθω·
654 1014 922 1086 δήμευσίν
980 1029 1040 1066 τε
1088 1014 1118 1066 ό
1173 1011 1415 1075 τοιοῦτος
1474 1010 1774 1081 ὑπομείνας

201 1108 536 1166 ἀπολυέσθω.
561 1108 636 1161 Τὸ
663 1107 794 1162 αὐτὸ
812 1105 870 1159 δὲ
892 1105 987 1159 καὶ
1011 1105 1161 1158 πᾶσα
1184 1102 1340 1173 γυνὴ,
1359 1103 1482 1173 ἥτις
1497 1102 1558 1155 οὐ
1587 1102 1777 1171 κέκτη-

202 1220 283 1256 ται
313 1201 506 1273 ἄνδρα,
547 1197 955 1269 κατασχεθεῦα
989 1193 1395 1267 παραπλησίως
1431 1192 1772 1264 ὑπομενέτω.

213 1295 333 1349 Ἐὰν
360 1294 418 1349 δὶ
467 1290 783 1361 κατασχεθῇ
815 1289 956 1359 ἀνὴρ
1006 1287 1082 1359 μὴ
1112 1285 1251 1355 ἔχων
1294 1285 1631 1356 κεκτημένος
1662 1284 1774 1355 (78)

206 1389 433 1456 γυναῖκα
467 1384 607 1455 μετὰ
645 1381 907 1451 γυναικὸς
931 1380 1064 1433 ίδιον
1094 1378 1266 1449 ἄνδρα
1291 1378 1369 1449 μὴ
1400 1377 1773 1449 κεκτημένης,

204 1479 291 1533 καὶ
326 1476 604 1548 βούλοιντο
640 1473 743 1527 κᾶν
783 1473 944 1535 ἐκτός
976 1488 1037 1524 τε
1086 1471 1197 1542 (79)
1233 1469 1479 1540 νομίμως
1504 1468 1776 1539 ζευγχθῆ-

205 1590 288 1626 ναι
332 1571 427 1624 καὶ
478 1570 710 1639 ἠρεμεῖν
742 1566 855 1635 (80)
912 1567 969 1618 ὲν
1022 1562 1370 1635 σωφροσύνῃ.
1423 1561 1776 1632 φωνουμένου

204 1664 387 1736 ἱερέως
431 1662 587 1731 παρὰ
618 1658 729 1712 τῶν
765 1658 1151 1727 κατασχόντων
1186 1656 1418 1717 αὐτοὺς,
1449 1653 1778 1725 εὐλογούμε-

200 1769 275 1805 νοι
303 1748 755 1804 ἁπολυέσθωσαν.

268 1843 411 1910 Κεφ.
463 1842 537 1895 Z'.
585 1838 644 1892 '0
684 1841 765 1903 εἰς
814 1840 1054 1907 γυναῖκα
1083 1835 1356 1907 ὕπανδρον
1393 1835 1639 1907 εὑρεθεὶς
1682 1836 1776 1889 εὑ-

1876 647 2030 700 teris.
2053 646 2221 702 lubet
2240 644 2389 702 enim
2417 646 2594 702 nostri
2627 647 2777 717 regni
2800 648 3165 704 mansuetudo
3193 653 3446 720 quemvis

1876 738 1929 791 in
1959 736 2326 793 fornicatione
2359 737 2794 809 deprehensum,
2821 739 2938 794 sive
2971 742 3297 809 masculum,
3329 746 3445 799 sive

1874 829 2158 898 feminam,
2203 840 2427 886 centum
2462 830 2690 886 fustium
2742 831 3081 903 ﬂagellorum
3126 833 3268 890 ictus
3304 838 3449 891 acci-

1876 935 2035 990 pere;
2073 937 2139 976 ac
2180 921 2383 977 deinde
2441 922 2603 976 istius
2648 921 2800 977 auris
2843 921 3037 978 dextra
3066 925 3444 991 prtecidatur:

1876 1011 2118 1083 denique
2160 1012 2593 1083 publicationem
2633 1027 2828 1082 passus
2866 1012 3196 1069 dimittatur.
3237 1014 3449 1070 Pariter

1874 1111 1932 1157 ct
1965 1102 2172 1172 quaevis
2205 1103 2426 1167 mulier,
2469 1118 2592 1173 quae
2626 1102 2807 1157 virum
2836 1119 2949 1159 non
2979 1104 3165 1171 habet,
3202 1121 3450 1177 compre-

1876 1192 2048 1247 hensa
2085 1192 2250 1248 simili
2279 1192 2549 1249 afﬁciatur
2571 1208 2755 1264 paena.
2779 1194 2836 1250 Si
2871 1205 3054 1251 autem
3072 1196 3453 1266 deprehensus

1876 1283 2047 1339 fuerit
2089 1286 2175 1340 vir
2222 1294 2450 1341 uxorem
2482 1301 2594 1340 non
2612 1287 2821 1343 habens
2862 1303 2988 1343 cum
3043 1290 3277 1344 muliere
3325 1307 3455 1360 pro-

1878 1375 2060 1446 prium
2082 1375 2265 1429 virum
2295 1390 2407 1429 non
2438 1376 2699 1443 habente,
2731 1393 2795 1432 ac
2833 1379 3006 1433 velint
3031 1379 3293 1450 deinceps
3322 1381 3455 1449 legi-

1878 1469 2013 1523 timo
2041 1468 2301 1540 conjungi
2325 1468 2702 1533 matrimonio,
2740 1478 2796 1525 et
2828 1471 3043 1540 placide
3065 1473 3453 1543 sapienterque

1878 1563 2086 1628 vivere,
2105 1562 2372 1617 advocato
2389 1562 2697 1626 sacerdote,
2717 1562 2787 1617 ab
2814 1563 2884 1619 iis
2906 1561 3001 1635 qui
3022 1580 3117 1619 eos
3146 1564 3447 1635 deprehen-

1878 1650 2102 1717 derunt,
2139 1650 2417 1707 benedicti
2460 1650 2832 1706 dimittantur.

1950 1834 2083 1905 Cap.
2121 1833 2235 1889 Vll.
2271 1833 2328 1889 Si
2364 1834 2491 1904 quis
2529 1848 2654 1887 cum
2690 1834 2924 1889 muliere
2963 1834 3021 1888 in
3051 1833 3155 1889 viri
3184 1842 3456 1905 potestate

204 1936 332 2001 θὲως
365 1936 474 2007 81
510 1935 571 1989 τὸ
613 1934 897 2005 ἐργαλεῖον
933 1932 1027 1987 τοῦ
1075 1932 1331 2003 σώματος
1377 1931 1512 1999 (81),
1569 1930 1692 2001 μεθ’
1716 1924 1778 1985 οὗ

1900 1924 2049 1980 'uerit
2080 1926 2356 1990 inventus,
2380 1924 2565 1979 statim
2595 1924 2647 1978 ei
2674 1925 2925 1994 corporis
2967 1924 3297 1991 membrum,
3329 1941 3456 1980 cum

207 2029 303 2100 τὴν
334 2025 621 2099 ἁμαρτίαν
662 2026 1073 2097 εἰσπράττεται,
1120 2023 1491 2096 ἀφαιρείσθω·
1522 2021 1660 2075 ἀλλὰ
1685 2022 1780 2077 καὶ

204 2121 232 2172 ὁ
262 2120 548 2190 εὐώνυμος
587 2117 793 2188 μαστὸς
820 2119 920 2187 τῆς
942 2116 1225 2187 γυναικὸς,
1255 2115 1375 2186 μεθ’
1414 2109 1476 2169 οὗ
1515 2115 1780 2169 κατέλιπε

204 2212 289 2267 τὸν
320 2213 455 2267 ἴδιον
482 2211 651 2278 ἄνδρα
694 2210 790 2263 καὶ
838 2210 1007 2280 ἐμίγη
1044 2208 1121 2280 τῷ
1161 2209 1399 2279 Σατανᾷ.
1438 2227 1455 2259 ι
1507 2208 1784 2281 Συμφέρει

205 2305 328 2377 γὰρ,
369 2324 390 2357 ι
428 2306 595 2377 φησὶν
622 2305 651 2356 ὁ
682 2302 886 2375 Κύριος
919 2301 1053 2373 (82),
1080 2319 1098 2352 ι
1134 2301 1221 2354 ἵνα
1259 2300 1318 2354 ἓν
1344 2301 1453 2354 τῶν
1485 2301 1664 2369 μελῶν
1688 2318 1782 2354 σου

206 2398 470 2468 ἀπόληται
496 2395 772 2459 ἐντεῦθεν,
803 2396 895 2447 καὶ
925 2392 1001 2464 μὴ
1032 2392 1152 2447 ὅλον
1186 2392 1249 2446 τὸ
1288 2392 1449 2463 σῶμα
1471 2409 1565 2445 σου
1584 2392 1783 2464 ἐκϐλη-

207 2488 270 2561 θῇ
296 2487 510 2542 ἐκεῖθεν
546 2487 604 2539 ὲν
633 2485 830 2557 γεέννῃ
858 2482 1051 2551 πυρός.
1088 2499 1109 2535 ι

272 2583 414 2650 Κεφ.
466 2580 548 2633 H’.
595 2579 709 2640 Πᾶς
746 2577 775 2629 ὁ
832 2574 1176 2647 κεκτημένος
1219 2577 1457 2644 γυναῖκα
1513 2572 1783 2645 νομίμως,

207 2673 298 2729 καὶ
336 2673 446 2727 ἑῶν
494 2670 665 2741 αὐτὴν
710 2670 806 2722 καὶ
870 2667 1153 2738 πορνεύων
1210 2667 1442 2736 ἑτέραν,
1503 2666 1788 2736 τεμνέσθω

213 2766 324 2838 μεθ’
351 2758 416 2819 οὗ
449 2762 563 2834 (83)
613 2760 715 2833 τὴν
756 2759 1037 2831 ἁμαρτίαν
1085 2759 1497 2830 εἰσπράττεται.
1554 2757 1618 2809 El
1662 2756 1787 2828 δὲη

209 2858 367 2912 αὐτοῦ
405 2854 639 2925 σύμϐιος
682 2851 963 2925 φωραθείη
1017 2851 1305 2921 φάσκουσα
1339 2851 1422 2903 ὅτι
1461 2866 1481 2901 ι
1517 2849 1591 2902 Οὐ
1638 2848 1790 2916 λογί-

211 2952 370 3022 ζομαι
398 2948 501 3020 τὴν
538 2946 817 3017 ἁμαρτίαν
863 2945 941 3017 τῷ
989 2943 1147 3015 ἀνδρί
1200 2959 1326 3014 μου,
1376 2942 1480 2995 κᾶν
1527 2941 1792 3013 μυριάκις

218 3060 305 3113 μοι
348 3041 503 3095 δόλον
541 3039 990 3113 κατεργᾱσηται·
1022 3037 1161 3091 ἀλλὰ
1203 3035 1297 3089 τὸν
1338 3034 1507 3106 ἄνδρα
1542 3051 1645 3105 μου
1671 3034 1791 3088 ἀτι-

222 3139 471 3211 μώρητον
534 3135 681 3207 ἔχειν
745 3134 1087 3205 βούλομαιί
1153 3131 1398 3204 δεχέσθω
1466 3131 1496 3182 ὁ
1548 3127 1793 3192 τοιοῦτος

1884 2033 1995 2088 quo
2026 2030 2316 2088 peccatum
2338 2016 2657 2083 committit,
2689 2018 3045 2083 abscidatur;
3077 2016 3299 2073 sinistra
3317 2034 3458 2089 quo-

1881 2125 1989 2180 que
2022 2109 2272 2164 mulieris
2304 2124 2560 2174 mamma,
2618 2124 2745 2165 cum
2775 2125 2883 2180 qua
2906 2111 3189 2181 proprium
3214 2110 3461 2166 deseruit

1883 2201 2062 2254 virum
2091 2209 2147 2255 et
2178 2214 2304 2255 cum
2342 2199 2543 2254 Satana
2567 2198 2936 2255 commiscuit.
2980 2218 2998 2251 ι
3025 2199 3261 2270 Expedit
3287 2200 3458 2265 enim,

1884 2293 2021 2348 dixit
2045 2292 2335 2357 Dominus,
2362 2302 2424 2346 ut
2452 2299 2643 2362 pereat
2689 2308 2860 2347 unum
2915 2293 3293 2347 membrorum
3341 2301 3463 2348 tuo-

1886 2397 2031 2445 rum,
2063 2397 2226 2451 quam
2255 2390 2428 2435 totum
2456 2394 2660 2448 corpus
2692 2390 2844 2435 tuum
2878 2382 3128 2437 mittatur
3168 2383 3222 2437 in
3252 2382 3460 2453 gehen-

1885 2490 1971 2529 nae
2000 2475 2200 2545 ignem.

1960 2567 2095 2638 Cap.
2121 2568 2260 2623 Vlll.
2318 2566 2648 2639 Quicunque
2694 2568 2939 2640 legitime
2969 2584 3198 2625 uxorem
3233 2570 3462 2633 habens,

1888 2667 1945 2715 et
1975 2675 2040 2714 ea
2066 2659 2258 2714 relicta
2290 2674 2414 2713 cum
2443 2660 2550 2713 alia
2584 2660 2922 2723 fornicatur,
2956 2669 3111 2730 parte
3140 2676 3248 2730 qua
3267 2675 3466 2731 pecca-

1890 2758 2006 2804 tum
2030 2749 2165 2804 fecit
2198 2749 2549 2820 praecidatur.
2592 2749 2647 2805 Si
2686 2760 2870 2806 autem
2903 2752 3022 2823 ejus
3051 2753 3251 2822 conjux
3282 2768 3471 2823 reper-

1890 2850 1946 2896 ta
2001 2840 2075 2897 sit
2102 2841 2331 2896 dicens:
2367 2860 2385 2893 ι
2415 2841 2534 2895 Non
2570 2841 2624 2896 id
2653 2851 2881 2912 peccato
2902 2844 3023 2897 viro
3063 2858 3187 2898 meo
3235 2844 3423 2899 tribuo
3453 2884 3468 2901 .

1890 2941 1948 2989 et
1975 2933 2023 2989 si
2054 2933 2363 2989 sexcenties
2395 2932 2530 2986 mihi
2564 2931 2814 2987 fraudem
2874 2933 3070 2989 fecerit
3099 2951 3115 2989 :
3143 2934 3241 2989 sed
3287 2933 3469 2988 virum

1892 3040 2075 3079 meum
2104 3023 2436 3095 impunitum
2470 3023 2619 3111 volo;
2648 3042 2665 3075 ι
2695 3024 2939 3094 Accipiat
2962 3024 3047 3078 vir
3082 3024 3208 3079 talis
3234 3023 3474 3080 ducenta

1864 3116 2190 3188 ‘ﬂagrorum
2242 3116 2515 3181 verbera,
2560 3127 2615 3171 et
2681 3114 2906 3171 sinistra
2977 3131 3111 3171 aure
3178 3115 3418 3173 abscissa
3458 3156 3473 3179 ,

219 3230 480 3300 μάστιγας
533 3226 839 3291 διακοσίας,
894 3226 954 3279 τό
992 3242 1052 3278 τε
1094 3222 1188 3289 οὖς
1234 3223 1401 3277 αὐτοῦ
1426 3224 1487 3276 τὸ
1512 3220 1789 3291 εὐώνυμον

1900 3217 2022 3281 post
2041 3209 2492 3280 publicationem,
2532 3208 2686 3262 uxori
2717 3221 2828 3263 sua:
2864 3208 3145 3263 reddatur.

216 3322 551 3393 ἀφαιρεθεὶς,
591 3320 686 3373 καὶ
723 3317 1043 3388 δημευθεὶς,
1091 3316 1431 3372 ἀποδιδόσθω
1469 3316 1535 3386 τῇ
1569 3313 1796 3385 γυναικὶ

215 3416 393 3472 αὑτοῦ.

284 3511 423 3577 Κεφ.
455 3508 533 3560 Θ’.
568 3505 642 3559 re
675 3503 809 3559 αὐτὸ
835 3503 928 3558 καὶ
955 3503 1050 3556 ἐπὶ
1084 3500 1345 3571 γυναικὸς
1385 3496 1793 3571 μοιχευθείσης.

229 3599 370 3653 ’Δντὶ
407 3597 503 3651 τοῦ
553 3595 786 3668 μαστοῦ,
835 3594 898 3648 τὸ
936 3592 1097 3647 ὠτίον
1135 3590 1441 3661 τεμνέσθω,
1475 3591 1636 3661 εἴπερ
1669 3589 1798 3659 ἀρε-

223 3691 337 3745 στόν
391 3692 510 3743 ἐστι
556 3686 636 3757 τῷ
689 3686 846 3757 ἀνδρὶ
900 3685 1071 3755 αὐτῆς
1115 3685 1389 3737 συνοικεῖν
1428 3681 1548 3752 μετ’
1594 3679 1793 3749 αὐτῆς.

234 3782 352 3836 Ἐὰν
396 3782 456 3835 δὲ
503 3780 600 3834 καὶ
644 3779 783 3851 μετὰ
831 3776 1011 3831 ταῦτα
1059 3773 1358 3846 φωραθῶσι
1388 3769 1800 3843 κατεργαζόμε-

222 3892 297 3929 νοι
325 3875 465 3946 (84),
513 3874 615 3945 τὴν
667 3871 899 3945 πρώτην
944 3868 1222 3940 τιμωρίαν
1274 3865 1719 3937 ὑπομενέτωσαν,
1762 3862 1796 3932 ἡ

227 3970 319 4040 μὲν
342 3970 437 4022 τὸν
470 3966 695 4038 μαστὸν,
727 3967 754 4018 ὁ
782 3965 839 4018 δὲ
891 3962 953 4016 τὸ
990 3960 1152 4032 σῶμα
1184 3959 1298 4030 (85)
1330 3958 1496 4012 αὑτοῦ
1538 3955 1803 4027 ἀφαιρούε-

230 4077 400 4131 μενος.
445 4059 570 4113 Ἐὰν
611 4057 669 4111 δὲ
705 4057 800 4110 καὶ
843 4052 1147 4124 μετέπειτα
1184 4049 1413 4122 φωραθῇ
1467 4048 1528 4101 τὸ
1577 4046 1801 4117 γύναιον

226 4151 290 4206 τὰ
336 4152 481 4206 αὐτὰ
536 4150 700 4205 πάλιν
748 4145 1145 4219 ἐργαζόμενον,
1182 4143 1292 4213 82
1338 4140 1736 4213 πτερνιζομένη
1767 4140 1803 4211 ἡ

229 4243 443 4313 τοιαύτη
465 4239 792 4313 ὲξοριζὲσθω
818 4240 916 4309 τῆς
947 4235 1174 4296 πόλεως.

294 4334 438 4402 Κεφ.
490 4330 550 4386 1'.
597 4332 725 4384 Ἐὰν
785 4327 994 4400 ὲρασθῇ
1062 4323 1319 4377 πλουσίου
1372 4322 1489 4400 υίὸς
1544 4323 1803 4391 πενιχρᾶς

233 4424 418 4497 κόρης,
451 4425 502 4478 οἱ
536 4424 595 4477 δὲ
621 4425 802 4493 γονεῖς
841 4419 1010 4475 αὑτοῦ
1052 4418 1113 4471 οὐ
1166 4415 1486 4486 βούλωνται,
1518 4414 1605 4467 διὰ
1632 4414 1692 4467 τὸ
1728 4414 1801 4484 μὴ

1971 3486 2106 3556 Cap.
2140 3484 2229 3541 IX.
2288 3484 2437 3539 idem
2472 3492 2529 3539 et
2570 3483 2638 3539 de
2680 3482 2917 3537 muliere
2959 3480 3330 3537 adulterante.
3373 3480 3481 3535 Pro

1904 3590 2161 3640 mamma,
2201 3574 2353 3629 auris
2383 3572 2719 3637 abscidatur,
2749 3572 2794 3626 si
2825 3570 2944 3625 viro
2967 3570 3086 3640 ejus
3113 3568 3316 3639 placet
3355 3583 3481 3623 cum

1902 3685 1967 3724 ea
1996 3668 2337 3725 cohabitare.
2371 3666 2426 3721 Si
2460 3674 2641 3721 autem
2674 3672 2799 3734 post
2827 3663 2944 3718 haec
2968 3662 3157 3717 eadem
3202 3668 3482 3731 patrantes

1904 3761 2239 3833 deprehensi
2270 3760 2500 3823 fuerint,
2528 3758 2769 3828 priorem
2802 3770 3021 3825 poenam
3051 3753 3319 3818 subeant,
3352 3752 3482 3807 huic

1905 3855 2129 3926 quidem
2155 3867 2413 3918 mamma,
2450 3849 2527 3905 illi
2570 3856 2751 3903 autem
2784 3846 2965 3901 virilia
2999 3855 3339 3901 resecentur.
3402 3845 3481 3901 Ac

1906 3948 2106 4005 deinde
2139 3947 2184 4003 si
2214 3961 2408 4002 rursus
2462 3944 2589 4000 talia
2623 3942 2975 3998 committens
3027 3938 3228 3993 mulier
3285 3938 3483 4009 deprc-

1907 4041 2078 4097 hensa
2116 4039 2303 4103 fuerit,
2334 4037 2500 4092 calcis
2529 4034 2731 4090 ictibus
2772 4031 2971 4087 aﬁlicta
3020 4030 3144 4085 talis
3173 4029 3375 4085 femina
3414 4044 3482 4084 ex

1910 4133 2046 4187 urbe
2072 4132 2346 4202 ejiciatur.

1979 4315 2112 4386 Cap.
2141 4314 2211 4369 Χ.
2242 4343 2310 4354 —-
2337 4311 2393 4367 Si
2426 4309 2530 4366 viri
2561 4308 2753 4365 divitis
2805 4306 2953 4362 filius
2999 4319 3297 4377 pauperem
3334 4304 3490 4375 puel-

1911 4413 2019 4467 lam
2047 4407 2406 4470 adamaverit,
2437 4404 2723 4473 nolintque
2752 4402 2871 4472 ejus
2917 4408 3196 4469 parentes,
3250 4413 3316 4453 eo
3339 4396 3485 4467 quod

236 4486 646 4586 cities-t'pqﬂﬁvat-
684 4512 948 4583 πενιχρὰν
997 4511 1093 4563 καὶ
1155 4509 1521 4580 ἀτιμωθῆναι,
1568 4506 1596 4557 ὁ
1649 4505 1789 4574 νόμος

1914 4514 2214 4572 pauperem
2250 4512 2359 4551 non
2398 4493 2639 4550 miserati
2670 4504 2800 4547 sunt
2828 4499 2990 4560 atque
3026 4497 3375 4557 respuerunt,
3401 4486 3489 4541 lex

236 4607 523 4678 ἁρμοζέτω
582 4606 805 4670 αὐτοὺς,
842 4604 1196 4676 παρεχόντων
1238 4602 1345 4656 τῶν
1408 4597 1614 4667 γονέων
1666 4597 1789 4649 σὼαε

1915 4608 2013 4648 eos
2043 4588 2323 4646 connubio
2346 4588 2558 4657 jungat,
2596 4582 2891 4639 constituta
2938 4597 2968 4634 a
3004 4579 3324 4649 parentibus
3379 4576 3488 4629 ﬁlio

359 4669 566 4771 προῖκα
590 4696 668 4767 τῷ
696 4695 797 4766 υἱῷ
832 4669 1037 4759 αὐτῶν,
1070 4695 1261 4749 καθότι
1288 4690 1536 4752 κέλευσις
1562 4685 1789 4758 βασιλικῆ

1918 4698 2021 4738 suo
2073 4682 2200 4735 dote
2250 4679 2482 4748 integra,
2536 4676 2680 4731 sicut
2725 4674 2935 4745 regium
2980 4672 3193 4743 jussum
3232 4669 3486 4736 imperat.

237 4789 696 4865 παρακελεύεται.
740 4786 813 4839 Τὸ
862 4786 994 4841 αὐτὸ
1046 4786 1143 4840 καὶ
1180 4785 1273 4838 ὲπὶ
1324 4782 1491 4851 κόρης
1528 4777 1811 4841 πλουσίας,

237 4888 389 4956 εἴπερ
423 4881 631 4953 ὲρασθῇ
673 4880 767 4934 ἐπὶ
791 4878 1044 4949 νεωτέρῳ
1080 4876 1343 4948 πενιχρῷ.

304 4980 445 5047 Κεφ.
495 4976 603 5028 IA'.
653 4970 1145 5043 Παρακολουθείτω
1187 4967 1325 5038 ἀνὴρ
1369 4962 1652 5032 ἐλεύθερος
1676 4960 1811 5031 (86),

1913 4776 2066 4833 Idem
2102 4788 2322 4844 quoque
2376 4771 2444 4825 de
2493 4768 2666 4823 divite
2725 4765 2905 4836 puella
2961 4761 3221 4833 pauperis
3272 4757 3489 4829 juvenis

1914 4883 2102 4923 amore
2128 4874 2307 4935 capta.

1984 4959 2116 5028 Cap.
2140 4957 2232 5011 XI.
2260 4985 2331 4995 —
2370 4953 2645 5023 Sequatur
2677 4948 2763 5002 vir
2805 4946 2969 5009 liber,
3026 4942 3073 4997 si
3107 4941 3168 4995 fit
3207 4936 3492 4994 matrimo-

237 5030 544 5141 ἰὰνὴγαμος
586 5030 758 5129 ἐστὶν,
795 5064 892 5117 καί¹
922 5060 1235 5131 κατασχεθῇ
1274 5030 1519 5113 δουλείαν
1546 5030 1611 5124 τῇ
1648 5030 1789 5123 κυρίς

1915 5051 2093 5115 nium,
2147 5061 2204 5104 et
2227 5046 2454 5101 domino
2494 5042 2582 5098 vel
2625 5040 2861 5096 domina:
2914 5032 3127 5090 ancillae
3172 5030 3470 5086 famuletur

1752 5186 1990 5244 ΝΟΤᾸΕ.

304 5319 412 5390 (78)
437 5321 521 5377 Ita
555 5319 753 5374 codex.
791 5312 1099 5368 Delendum
1122 5310 1342 5367 videtur
1396 5305 1812 5378 participiorum

238 5390 581 5447 alterutrum.

329 5462 412 5533 79)
442 5462 655 5533 [forsan
682 5453 1047 5533 scribepdum
1075 5451 1265 5507 ὲκτότε
1288 5448 1378 5506 vel
1396 5447 1603 5502 ἔκτοτε.

306 5465 412 5599 ἵῑθ)
442 5465 655 5517 Forsan
682 5465 1047 5514 scribendum
1075 5465 1265 5507 εκτοτε
1288 5465 1378 5506 vet
1396 5465 1421 5502 ε

318 5534 415 5606 .80)
446 5531 654 5606 ςράεξιν
683 5526 937 5606 ἠρεμεῖνε
1061 5592 1073 5604 .
1121 5591 1144 5606 .
1394 5588 1423 5606 ..

444 5588 825 5675 Similiasun't
864 5595 1033 5648 etiam
1059 5591 1201 5675 infra
1229 5600 1359 5675 cap.
1392 5588 1478 5643 50.

444 5672 604 5741 Apud
639 5669 985 5741 Manlianum,
1016 5679 1072 5725 v,
1101 5662 1193 5741 g9,
1229 5662 1319 5715 30.

321 5673 395 5728 '82
444 5673 604 5741 Apud
639 5673 985 5727 Matthmum,
1016 5679 1072 5725 v,
1103 5673 1193 5725 29,
1230 5673 1319 5715 bu.

308 5673 415 5816 i853
439 5743 530 5797 Sic
551 5736 1067 5816 codex,-dellcieute
1097 5732 1284 5816 forsan
1334 5726 1583 5816 {remigis
1622 5726 1819 5816 elisus:f

244 5798 413 5869 nioris
454 5798 797 5882 periphrasi1
832 5819 946 5879 qua
984 5805 1162 5873 capite
1203 5800 1455 5871 proximo
1486 5798 1589 5853 fuit
1644 5812 1812 5862 usus;

244 5884 327 5939 vel
349 5884 407 5937 τὸ
432 5876 559 5937 ante
581 5876 713 5950 ’μεθ’
741 5876 821 5937 οὗ.

550 5972 822 6032 Pauor.
869 5971 987 6032 Gn.
1032 5962 1370 6026 LXXXVI.

1948 5372 1960 5383 .
1992 5299 2104 5383 (ξεί)
2135 5295 2368 5383 Videtur
2411 5287 2767 5345 scribendum
2820 5299 3048 5356 κατεργ.
3107 5281 3178 5335 τὰ
3217 5278 3374 5345 αὐτὰ,
3403 5279 3489 5333 vel

1917 5371 2104 5513 διῆλὲὲ
2130 5366 2579 5513 ἓὲίάιίμηοησῶμα
2608 5442 2710 5500 pro
2755 5423 3082 5513 obsceui‘ore
3128 5418 3490 5513 corporis‘in-

1920 5489 2375 5579 rilisnpa—rt‘eJSic
2408 5489 2522 5557 fere
2556 5489 2743 5569 corpus
2772 5498 2912 5552 dixit
2944 5489 3311 5563 Hieronymus
3367 5489 3488 5544 Vita

1918 5578 2085 5638 Pauli
2113 5597 2165 5649 p.
2202 5578 2326 5632 502.
2525 5643 2540 5649 _
2801 5642 2812 5649 _
2972 5636 3005 5649 ,,
3148 5648 3153 5649 γ
3201 5632 3212 5643 .

1991 5636 2261 5721 (86)ίΤ-ι’ἰει
2300 5648 2403 5721 ista
2427 5643 2618 5721 verba,
2644 5657 2766 5721 qua:
2800 5642 2854 5694 in
2885 5636 3079 5721 codice
3109 5636 3495 5721 Iprimum‘ca-

1922 5701 2325 5795 pu‘t'finiebant,
2346 5717 2480 5773 huic
2502 5701 2880 5776 con-tribuere,
2905 5701 3182 5763 sententia
3210 5701 3497 5763 suadente,

1921 5794 2101 5849 visum
2128 5798 2235 5846 est.

3004 5938 3077 6000 10
