4088 6538
513 466 620 535 587

1476 449 1537 511 S.
1577 439 2004 508 GREGENTII
2040 438 2279 502 EPISC.
2318 434 2853 500 TAPHA-RENSIS

3687 426 3796 490 538

512 583 660 640 idem
692 587 916 648 quoque
940 571 1034 626 flat
1063 566 1130 624 de
1152 565 1327 621 libera
1369 561 1640 625 muliere,
1688 573 1816 614 cum
1842 572 1904 612 se
1947 567 2110 648 servo

2232 552 2244 622 ι
2275 550 2354 622 τῷ
2391 549 2568 620 κυρίῳ
2597 547 2699 618 τῆς
2729 543 3132 618 θεραπαινίδος.
3158 542 3233 597 Τὸ
3260 541 3393 597 αὐτὸ
3433 541 3527 597 καὶ
3578 540 3770 596 ἐλευθέ

515 645 949 740 incongruenter
991 657 1334 718 submiserit.
1377 653 1604 709 Tollens
1660 650 1811 707 enim
1857 645 2110 703 membra

513 739 752 826 Christi,
797 765 853 812 et
881 753 1091 810 faciens
1111 747 1362 804 membra
1393 740 1741 805 meretricis,
1778 739 1981 810 dignus
2026 745 2110 790 est

519 857 610 930 qui
649 849 891 908 hominis
915 844 1153 902 famulus
1193 840 1314 908 fiat,
1370 846 1432 894 ut
1481 843 1752 907 quantum
1791 830 1994 886 malum
2040 827 2113 882 sit

518 952 808 1020 peccatum
842 935 1080 994 noverit.

591 1119 726 1190 Cap.
759 1114 878 1171 ΧΠ.
904 1141 975 1153 --
1009 1109 1298 1177 Quemque
1334 1103 1601 1176 iubemus
1648 1096 1962 1190 propriam_
1992 1090 2116 1190 uni-

525 1182 760 1282 camque
812 1219 1044 1261 uxorem
1086 1199 1317 1264 habere,
1345 1190 1887 1259 abominandamque
1938 1182 2112 1282 forni:

525 1273 802 1360 cationem
861 1296 1076 1368 fugere,
1149 1299 1380 1362 propter
1448 1301 1610 1358 quam
1665 1281 1820 1338 venit
1881 1279 1964 1334 ira
2015 1273 2113 1331 Dei

526 1411 559 1451 e
614 1391 771 1448 cmlis
813 1403 984 1459 super
1046 1383 1192 1440 filios
1241 1379 1550 1435 hominum.
1600 1373 1704 1441 Qui
1774 1373 1891 1427 haec
1936 1378 2116 1424 trans-

528 1485 778 1560 greditur
826 1477 1134 1538 manifeste
1191 1471 1375 1530 audiit
1435 1483 1576 1540 quas
1647 1464 1846 1521 debeat
1922 1474 2116 1532 pcenas

528 1576 858 1649 persolvere.

597 1665 733 1736 Cap.
766 1660 912 1718 Xlll.
945 1689 1016 1700 —
1039 1656 1478 1714 Jubetnostraa
1502 1650 1615 1705 Deo
1637 1645 1841 1718 regalis
1871 1641 2117 1736 auctori:

531 1767 616 1813 tas
660 1731 1059 1824 aparentibus
1100 1747 1216 1803 suis
1262 1744 1471 1800 liberos
1511 1757 1544 1796 a
1569 1739 1760 1794 decem
1815 1750 1992 1806 usque
2046 1731 2116 1786 ad

531 1845 827 1903 duodecim
852 1857 1030 1898 annos
1069 1836 1429 1895 matrimonio
1459 1831 1741 1904 conjungi,
1774 1835 1975 1900 praeter
2022 1825 2117 1879 οἰη-

2216 659 2314 714 ρας
2344 639 2610 712 γυναικὸς
2655 637 2940 703 τελείσθω,
2968 637 3170 691 ὁπόταν
3215 637 3296 700 είς
3333 633 3524 689 δοῦλον
3556 634 3800 706 παραλό-

2213 747 2328 800 γως
2374 729 2658 802 ὲμϐι-ϐάσῃ
2696 728 2890 800 αὐτήν.
2955 726 3016 780 '0
3059 727 3170 800 γὰρ
3221 726 3364 797 άρας
3406 723 3478 778 τὰ
3513 724 3648 796 μέλη
3699 721 3796 778 τοῦ

2213 820 2452 894 Χριστοῦ
2489 821 2587 876 καὶ
2615 821 2850 892 ποιήσας
2894 817 3036 874 αὐτά
3070 817 3207 890 μέλη
3248 815 3456 888 πόρνης
3479 814 3614 886 (87),
3646 816 3798 884 ἄξιός

2209 917 2331 968 ἐστι
2381 913 2480 968 καὶ
2527 913 2746 984 οἰκέτης
2791 909 3084 983 ἀνθρώπου
3149 909 3514 981 χρηματίσαι,
3555 908 3645 962 ἵνα
3684 906 3799 979 γνῷ

2211 1009 2380 1063 πόσον
2410 1007 2582 1062 κακὸν
2609 1009 2644 1079 ἠ
2680 1006 2950 1079 ἁμαρτία.

2286 1103 2430 1170 Κεφ.
2463 1101 2563 1154 IB'.
2591 1100 2866 1154 Ἕκαστον
2897 1099 3312 1171 προστάττομεν
3339 1094 3487 1166 ἔχειν
3534 1092 3634 1167 τὴν
3670 1094 3802 1147 ἑαυο

2214 1189 2309 1244 τοῦ
2348 1192 2585 1260 γυναῖκα
2627 1190 2725 1245 καὶ
2757 1190 2948 1262 μόνην,
2972 1190 3070 1245 καὶ
3097 1186 3436 1259 ἀποφεύγειν
3461 1185 3563 1257 τῆς
3593 1186 3804 1258 ὲπαρά-

2215 1297 2311 1334 του
2349 1280 2629 1352 πορνείας,
2671 1280 2738 1334 δι’
2783 1276 2852 1353 ἧς
2909 1279 3132 1352 ἔρχεται
3183 1279 3276 1334 ἐπὶ
3321 1279 3449 1342 τοὺς
3499 1277 3648 1340 υίούς
3689 1277 3802 1330 τῶν

2213 1371 2522 1443 ἀνθρώπων
2564 1373 2599 1442 ἡ
2644 1372 2784 1443 ὀργὴ
2831 1370 2926 1425 τοῦ
2970 1370 3109 1426 Θεοῦ
3152 1371 3218 1425 ἐκ
3245 1369 3355 1424 τῶν
3385 1369 3634 1440 οὐρανῶν
3666 1369 3802 1439 (88).

2230 1462 2289 1518 '0
2322 1464 2380 1518 δὲ
2409 1463 2770 1536 παραϐαίνων
2812 1463 3019 1534 ἤκουσε
3050 1463 3272 1527 πάντως
3321 1461 3446 1516 τίνα
3489 1461 3696 1531 ὀφείλει
3723 1479 3805 1514 τι·

2209 1551 2406 1626 μωρού
2414 1569 2578 1625 μενος
2606 1551 2986 1623 ὑποδέχεσθαι.

2287 1647 2429 1715 Κεφ.
2486 1645 2588 1700 ll".
2650 1643 2964 1717 ΚελεύειΗι
3024 1645 3089 1698 ὲκ
3135 1644 3270 1699 Θεοῦ
3322 1645 3481 1718 ἡμῶν
3541 1643 3799 1717 βασιλεία

2217 1735 2385 1791 παντὶ
2431 1733 2606 1806 γονέῳ
2652 1733 2804 1805 (89)
2851 1734 2962 1789 ἀπὸ
3015 1733 3308 1797 δεκαετοῦς
3355 1735 3522 1806 μέχρι
3575 1734 3808 1788 δωδεκα-

2229 1826 2381 1891 ετίας
2411 1825 2521 1896 83
2555 1824 2625 1879 τὰ
2669 1825 2782 1879 tam
2803 1823 2980 1878 τέκνα
3005 1823 3301 1878 συνάπτειν
3329 1823 3466 1894 πρὸς
3487 1825 3687 1893 γάμον,
3715 1825 3808 1874 ὲκ-

536 1901 813 1995 firmitatis
868 1949 1079 1992 casum.
1119 1930 1296 2002 Hujus
1335 1942 1470 1984 vero
1513 1901 1939 1996 legis'violator
1979 1934 2120 1990 pra:-

2232 1923 2316 1983 τὸς
2346 1916 2654 1981 ἀσθενείας.
2695 1915 2753 1970 Ὀ
2775 1915 2832 1970 δὲ
2864 1915 3244 1988 παραϐαίνων,
3276 1915 3589 1988 παρεχέτω,
3621 1915 3672 1968 εί
3708 1914 3809 1987 μὲν

535 2035 686 2100 beat,
732 2030 779 2086 si
819 2029 1044 2101 quidem
1079 2032 1168 2080 est
1208 2019 1476 2091 locuples,
1510 2033 1609 2074 sex
1632 2016 1755 2071 auri
1803 2014 1977 2070 libras
2031 2027 2121 2066 re-

533 2122 719 2196 gionis
755 2133 868 2176 sua:
895 2115 1198 2190 praefecto;
1237 2113 1285 2168 si
1342 2118 1531 2165 autem
1579 2103 1900 2170 mediocris,
1959 2111 2119 2168 tres;

536 2193 583 2272 si
624 2228 760 2272 vero
832 2209 1066 2266 minoris
1112 2219 1334 2269 census,
1391 2217 1560 2258 unam
1607 2209 1666 2255 et
1706 2197 2032 2261 dimidiam;
2077 2193 2123 2249 si

535 2318 595 2366 et
622 2304 924 2372 inferioris,
969 2301 1169 2358 libram
1200 2310 1411 2362 unam;
1447 2293 1543 2366 qui
1598 2299 1784 2347 autem
1823 2297 1948 2360 post
1971 2301 2121 2352 eum,

537 2418 636 2460 sex
658 2408 716 2457 et
743 2397 970 2470 triginta
990 2405 1248 2449 nummos
1280 2407 1295 2456 ;
1319 2396 1444 2460 post
1472 2387 1642 2451 hunc,
1665 2383 1859 2440 decem
1887 2389 1943 2436 et
1963 2389 2122 2445 octo;

539 2491 741 2550 deinde
789 2503 990 2546 novem
1036 2502 1051 2552 ;
1119 2481 1323 2538 deinde
1385 2487 1624 2549 quatuor
1675 2483 1731 2530 et
1791 2471 2122 2538 dimidium;

541 2584 743 2640 deinde
771 2581 915 2636 duos
939 2588 997 2635 et
1028 2577 1286 2632 trientem
1313 2568 1558 2639 ,deinde
1609 2581 1780 2622 unum
1807 2573 1862 2620 et
1917 2573 2127 2620 sextam

541 2681 776 2746 partem,
823 2677 882 2728 et
911 2667 1112 2725 deinde
1161 2664 1476 2721 dimidium.
1522 2660 1789 2730 Tuncque
1839 2658 1928 2714 isti
1967 2671 2130 2712 voca-

543 2767 751 2820 tionem
779 2777 890 2818 non
927 2765 1270 2830 exspectent,
1301 2753 1399 2812 sed
1439 2753 1595 2810 ocius
1648 2767 1771 2824 quae
1797 2750 1937 2823 jussi
1998 2756 2132 2803 sunt

541 2856 880 2928 persolvant.
905 2851 1012 2920 Qui
1078 2863 1289 2905 moram
1341 2845 1556 2912 fecerit,
1607 2844 1762 2918 regio
1809 2842 2035 2898 decreto
2053 2854 2131 2895 ex

537 2948 680 3005 urbe
706 2944 1130 3002 exterminetur.

610 3214 751 3284 Cap.
780 3210 917 3266 XIV.
941 3237 1013 3250 -
1049 3206 1337 3276 Quemque
1368 3202 1631 3274 jube'nus
1681 3199 1868 3255 divina
1892 3196 2132 3268 pacifica:

546 3301 848 3375 niajestatis
899 3307 1103 3356 nostra:
1142 3295 1401 3353 mandata
1450 3295 1771 3360 violantem,
1827 3291 2130 3349 secundum

547 3397 838 3453 facultates
865 3409 1014 3458 suas,
1038 3399 1100 3446 ut
1138 3389 1521 3462 praescriptum
1545 3396 1650 3453 est,
1692 3386 1875 3457 plecti.
1914 3384 2047 3452 Qua:
2067 3384 2136 3438 ab

538 3503 616 3544 eo
655 3494 976 3558 repetentur
1007 3483 1278 3556 percipiat
1320 3482 1494 3552 ipsius
1520 3480 1763 3553 regionis
1813 3479 2134 3551 praefectus,

547 3599 676 3638 cum
709 3580 979 3637 militibus
1007 3576 1115 3634 sibi
1144 3574 1543 3632 assidentibus.

614 3771 756 3843 Cap.
786 3769 904 3827 XV.
933 3767 1093 3826 —.Si
1139 3767 1279 3838 quis
1324 3765 1782 3822 animadverterit
1826 3764 2136 3836 proximum

551 3879 713 3921 suum
747 3863 802 3918 in
847 3877 1025 3934 pravo
1046 3869 1224 3931 atque
1275 3858 1466 3928 iniquo
1519 3859 1743 3930 negotio
1801 3866 2137 3921 versantem,

553 3970 732 4026 neque
771 3954 936 4025 hujus
953 3951 1312 4008 admonuerit
1345 3950 1590 4022 regionis
1625 3964 1739 4005 suae
1787 3949 2136 4020 praefectum,

551 4061 617 4100 ac
654 4044 823 4098 fuerit
846 4043 1246 4113 deprehensus,
1279 4042 1324 4095 si
1349 4040 1575 4110 quidem
1621 4041 1890 4110 locuples,
1937 4039 2048 4094 duo
2083 4049 2141 4093 et

554 4135 899 4207 septuaginta
935 4134 1232 4205 ﬂagrorum
1273 4133 1506 4188 verbera
1531 4148 1717 4189 coram
1747 4133 1955 4203 populo
1993 4131 2140 4187 acci-

553 4227 668 4298 piat
697 4245 711 4294 ;
743 4227 788 4282 si
813 4242 944 4281 vero
1013 4239 1248 4297 pauper,
1297 4235 1534 4294 quatuor
1565 4225 1806 4280 nummis
1839 4225 2063 4290 aureis;
2093 4223 2139 4278 si

555 4317 787 4372 minoris
821 4332 1042 4382 census,
1102 4315 1324 4383 tribus;
1372 4315 1420 4371 si
1467 4315 1749 4372 inferioris
1798 4317 1980 4372 adhuc
2003 4331 2138 4371 con-

556 4409 805 4474 ditionis,
836 4407 1102 4473 duobus;
1133 4415 1190 4462 et
1231 4408 1280 4463 si
1299 4407 1530 4464 omnino
1568 4408 1748 4479 inops,
1774 4423 1888 4464 uno
1911 4425 2139 4466 nummo

554 4501 839 4557 multetur.

2225 2006 2482 2071 πλούσιός
2522 2009 2662 2074 ἐστι,
2707 2005 2896 2080 λίτρας
2933 2007 2992 2074 ἓξ
3018 2007 3246 2079 χρυσίου
3276 2006 3352 2078 τῷ
3381 2009 3440 2061 εν
3467 2007 3546 2080 τῷ
3575 2008 3808 2080 ῥεγεῶνι

2221 2101 2392 2157 αὐτοῦ
2427 2100 2733 2172 ὲξάρχοντι,
2767 2101 2822 2154 εἴ
2858 2117 2919 2154 τε
2967 2099 3134 2172 μέσος
3180 2100 3264 2165 τίς
3299 2101 3439 2169 ἐστι,
3461 2104 3635 2173 τρεῖς,
3668 2103 3718 2155 εί
3749 2102 3807 2155 δὲ

2225 2180 2676 2265 καταδεέστερος,
2707 2194 2839 2266 μίαν
2873 2194 3050 2265 ἣμισυ
3071 2211 3086 2226 ⁸
3118 2195 3168 2247 εί
3193 2193 3252 2248 δὲ
3279 2195 3375 2248 καὶ
3395 2193 3812 2266 ὲλαχιστότερος

2224 2287 2370 2359 ὑπὲρ
2407 2286 2636 2353 τούτων,
2669 2286 2863 2358 λίτραν
2906 2287 3057 2359 μίαν,
3100 2288 3196 2341 καὶ
3231 2288 3260 2342 6
3303 2288 3399 2342 ἀπ’
3445 2287 3614 2342 αὐτοῦ
3654 2287 3812 2359 νομί-

2229 2397 2416 2451 σματα
2452 2379 2832 2451 τριακονταὲξ,
2866 2381 2959 2434 καὶ
2996 2381 3024 2434 6
3056 2379 3164 2434 ἀπὸ
3193 2379 3344 2433 τοῦδε
3373 2378 3516 2434 ὀκτὼ
3548 2383 3642 2435 κα)¹
3661 2381 3814 2448 δέκα,

2228 2469 2324 2524 καὶ
2353 2469 2382 2522 6
2416 2471 2528 2524 ἀπὶ)
2572 2469 2728 2524 τοῦδε
2759 2469 2870 2540 (90)
2927 2470 3104 2536 ἐννέα,
3157 2471 3253 2525 καὶ
3285 2473 3312 2524 6
3347 2472 3457 2526 ἀπὸ
3488 2470 3643 2525 τοῦδε
3691 2473 3816 2526 τέσ-

2231 2576 2378 2631 σαρα
2404 2559 2606 2631 ἥμισυ.
2636 2561 2732 2616 καὶ
2763 2562 2792 2615 6
2825 2561 2921 2614 ἀπ’
2950 2558 3117 2615 αὐτοῦ
3154 2559 3250 2616 δύο
3282 2561 3485 2633 τρίτον,
3527 2563 3622 2616 καὶ
3649 2563 3677 2616 6
3706 2562 3817 2617 ἀπὸ

2228 2656 2386 2711 τοῦδε
2416 2655 2521 2711 ἀνά
2560 2656 2720 2710 ἕκτον
2749 2653 2886 2727 (91),
2929 2655 3026 2709 καὶ
3060 2655 3091 2708 6
3139 2653 3248 2711 ἀπὸ
3279 2654 3436 2708 τοῦδε
3468 2653 3663 2726 ἥμισυ.
3703 2654 3818 2708 Καὶ

2230 2749 2292 2804 τὸ
2316 2748 2437 2821 (92)
2483 2747 2790 2820 τηνικαῦτα
2833 2746 3178 2819 προθεσμίαν
3209 2747 3452 2812 ἅπαντες
3494 2748 3545 2801 οἱ
3579 2745 3819 2800 τοιοῦτοι

2237 2840 2315 2913 μὴ
2348 2837 2710 2910 ζητείτωσαν,
2741 2838 2860 2893 ἀλλ’
2893 2840 2948 2891 έν
2976 2838 3132 2908 τάχει
3151 2836 3481 2892 τελείτωσαν
3506 2837 3575 2891 τὰ
3601 2835 3820 2891 κελευό-

2225 2949 2397 3004 μενα.
2442 2929 2500 2984 Ὀ
2528 2929 2587 2984 δὲ
2623 2929 3063 3001 ἀναϐαλλόμενος
3109 2927 3248 3001 πρὸς
3291 2929 3470 2984 ταῦτα
3504 2929 3820 3000 είσκομιζέ-

2235 3027 2370 3092 σθω,
2398 3024 2562 3090 αὐτὸς
2586 3024 2644 3079 δὲ
2677 3023 2818 3097 μετά
2847 3023 3121 3088 συνέσεως
3155 3023 3446 3096 βασιλικῆς
3491 3024 3823 3098 ἐξοριζέσθω

2225 3114 2338 3188 στῆς
2365 3117 2598 3180 πόλεως.
3165 3155 3168 3160 -

2307 3210 2451 3280 Κεφ.
2483 3207 2582 3264 1Δ’.
2624 3208 2898 3263 Ἔκαστον
2951 3208 3370 3282 προστάττομεν
3407 3208 3500 3263 τὸν
3544 3207 3825 3282 παραϐαί-

2237 3317 2399 3354 νοντα
2427 3300 2526 3372 τῆς
2562 3300 2911 3373 είρηνοποιοῦ
2947 3303 3059 3373 (95)
3088 3302 3245 3374 ὴμῶν
3293 3300 3576 3372 βασιλείας
3609 3301 3678 3354 τὰ
3705 3300 3824 3354 θεῖα

2239 3391 2575 3462 ἐντάλματα,
2609 3393 2749 3448 κατὰ
2799 3393 2897 3466 τὴν
2948 3393 3146 3448 ἑαυτοῦ
3187 3393 3450 3464 εὐπορίαν
3493 3393 3822 3464 ζημιοῦσθαι

2238 3484 2307 3538 τά
2359 3485 2856 3557 προγεγραμμένα.
2903 3487 2947 3539 Τ
2953 3486 2988 3540 ἀ
3035 3486 3094 3540 δὲ
3142 3486 3524 3557 ἀπαιτούμενα
3576 3486 3749 3556 ὲχέτω
3794 3487 3823 3540 6

2237 3577 2621 3650 ἐπιτροπεύων
2663 3579 2765 3649 τὴν
2812 3577 3008 3633 ἑαυτοῦ
3043 3579 3158 3652 (94)
3208 3579 3484 3648 γειτονίαν
3525 3579 3668 3649 μετὰ
3709 3577 3822 3632 τῶν

2242 3667 2598 3739 στρατιωτῶν
2617 3667 2728 3722 τῶν
2755 3669 3206 3741 παρεδρευόντων
3241 3669 3413 3740 αὐτῷ.

2313 3760 2456 3828 Κεφ.
2487 3756 2588 3814 lE'.
2631 3759 2932 3832 Ἀνθρώπῳ
2971 3760 3267 3833 θεωροῦντι
3286 3760 3378 3815 τὸν
3411 3761 3642 3834 πλησίον
3659 3759 3824 3814 αὐτοῦ

2241 3851 2336 3906 ἐπὶ
2380 3853 2546 3907 παντὶ
2579 3851 2805 3925 πονηρῷ
2846 3855 2941 3907 καὶ
2981 3853 3232 3925 ἀθεμίτῳ
3263 3854 3572 3926 πράγματι,
3615 3855 3711 3908 καὶ
3748 3855 3825 3928 μὴ

2240 3944 2544 4016 κατάδηλον
2577 3945 2743 3998 αὐτὸν
2779 3945 3024 4000 ποιοῦντι
3053 3946 3166 4017 (95)
3209 3949 3268 4000 ὲν
3309 3947 3386 4019 τῷ
3427 3947 3597 4001 αὐτοῦ
3644 3964 3825 4016 γειτο-

2242 4038 2463 4110 νιάρχῃ,
2492 4037 2948 4108 δηλοποιούμενος
2991 4038 3022 4091 6
3063 4037 3327 4105 τοιοῦτος,
3352 4041 3399 4093 εί
3432 4039 3535 4110 μὲν
3570 4040 3825 4104 πλούσιός

2243 4131 2382 4196 ἐστι,
2429 4129 2674 4199 δεχέσθω
2718 4128 2996 4200 δημοσίως
3053 4129 3269 4202 πληγὰς
3317 4131 3822 4204 ἑϐδομηκονταδύο·

2241 4221 2354 4294 84
2392 4219 2445 4274 εί
2470 4237 2532 4274 τε
2557 4220 2654 4273 καὶ
2689 4219 2861 4291 πένης
2886 4222 2973 4285 τίς
3000 4223 3141 4288 ἐστι,
3169 4221 3489 4293 ζημιούσθω
3511 4225 3825 4296 νομίσματα

2243 4317 2423 4388 χρυσᾶ
2471 4315 2740 4390 τέσσαρα,
2769 4316 2819 4368 εί
2851 4314 2914 4368 δὲ
2955 4316 3385 4388 καταδεέστερός
3431 4319 3570 4382 ἐστι,
3600 4318 3749 4390 τρία,
3774 4321 3825 4372 εί

2240 4409 2298 4463 δὲ
2328 4407 2678 4478 πενέστερος,
2706 4405 2815 4462 δύο.
2840 4407 2966 4460 εἴτε
2983 4406 3198 4479 πλήρης
3222 4409 3415 4479 πένης,
3447 4410 3692 4481 νόμισμα
3710 4411 3824 4483 (96)

2241 4504 2321 4557 ἐν.

627 4593 760 4662 Cap.
791 4591 932 4646 XVI.
965 4621 1033 4634 -—
1063 4591 1121 4647 Si
1150 4591 1276 4661 quis
1298 4590 1468 4647 fuerit
1504 4591 1905 4648 adulteriorum
1967 4593 2129 4649 inter-

2320 4596 2464 4664 Κεφ.
2501 4593 2617 4662 ις’.
2659 4591 2962 4664 ’Δνθρώπῳ
3016 4591 3368 4664 προξενοῦντι
3417 4593 3686 4664 μοιχείαν,
3714 4593 3826 4648 εἴτε

555 4685 809 4751 nuntius,
863 4686 948 4740 vel
985 4684 1364 4740 conciliaverit
1409 4683 1843 4755 impurissimum
1899 4688 2136 4758 comple-

562 4791 689 4831 xum
721 4789 1026 4846 puerorum
1055 4774 1141 4829 vel
1187 4772 1593 4840 cunuchorum,
1647 4774 1977 4844 quibuscum
2041 4778 2146 4832 ini-

560 4871 828 4942 quitatem
852 4867 1036 4924 facere
1074 4866 1252 4922 solent
1283 4865 1473 4932 stulti,
1499 4873 1555 4920 et
1591 4876 1861 4932 amentes,
1883 4879 1938 4924 et
1968 4869 2145 4941 impii,

561 4961 678 5016 sive
708 4959 814 5026 vir,
833 4958 950 5014 sive
972 4956 1194 5021 mulier,
1219 4954 1337 5010 sive
1366 4953 1766 5025 qualiscunque
1791 4955 1864 5010 sit
1885 4971 2144 5026 persona,

2251 4688 2558 4760 μεσιτεύων
2591 4686 2670 4748 εἰς
2699 4683 2798 4757 τὴν
2827 4683 3093 4756 νκοπρώδη
3124 4683 3445 4756 συμπλοκὴν
3472 4685 3580 4738 τῶν
3615 4702 3674 4738 τε
3704 4687 3829 4740 nsi-

2245 4781 2352 4834 δων
2383 4778 2480 4833 καὶ
2505 4776 2802 4848 εὐνούχων,
2836 4777 2958 4848 μεθ’
2986 4771 3062 4832 ὧν
3089 4777 3346 4832 εἰώθασιν
3373 4779 3702 4849 ἐργάζεσθαι
3729 4780 3830 4852 τὴν

2247 4871 2484 4944 ἀνομίαν
2515 4869 2625 4942 (97)
2661 4869 2712 4921 οἱ
2743 4869 2982 4941 ἄφρονες
3015 4870 3110 4924 καὶ
3139 4871 3394 4926 ἀσύνετοι
3448 4873 3542 4926 καὶ
3585 4871 3826 4936 ἀσεϐεῖς,

2248 4962 2362 5018 εἴτε
2391 4961 2533 5032 ἀνήρ
2564 4960 2710 5025 ὲστι,
2742 4958 2853 5012 εἴτε
2884 4957 3140 5027 γύναιον,
3166 4958 3277 5014 εἴτε
3307 4957 3626 5032 οίονδήποτε
3659 4959 3828 5032 πρόσο

2108 5098 2342 5156 NOTAE.

637 5193 750 5269 (8])
783 5189 960 5269 Epist.
1001 5189 1119 5269 lad
1163 5189 1292 5269 Cor.
1335 5206 1408 5255 τι,
1455 5191 1524 5269 ιε
1551 5203 1566 5245 :
1591 5185 1740 5263 Ἆρα
1762 5190 1855 5245 οῦν
1885 5192 1954 5246 τὰ
2006 5193 2144 5265 μέλη

560 5260 658 5320 τοῦ
686 5260 921 5333 Χριστοῦ
947 5260 1392 5333 ποιῄσΞυ-πόρνης
1424 5262 1600 5333 μέλη,

633 5328 752 5406 (88)
787 5331 963 5406 Epist.
997 5328 1309 5406 ad_Colos's.
1335 5328 1485 5398 ιίι,’6
1514 5328 1897 5406 ι’Νεκρώσατε
1950 5331 2045 5406 οῦν
2073 5333 2145 5389 τὰ

562 5400 985 5492 sensere
1001 5400 1370 5492 ἱτξὲξῆςῖῇεν
1395 5400 2144 5492 ειεέργείαγίδεκειθαεσίσξνν··

557 5472 626 5529 δι’
651 5472 696 5528 ὃ.
712 5473 932 5544 ἔρχεται
959 5472 1147 5543 ήόργὴ
1170 5474 1265 5525 τοῦ
1286 5472 1422 5526 Θεοῦ
1441 5472 1534 5526 ἐπὶ
1556 5475 1682 5538 τοὺς
1698 5472 1849 5537 υίούς
1869 5473 1968 5544 τῆς
1992 5475 2148 5527 ἀπει-

557 5545 742 5698 θεέοθξί)
770 5613 848 5698 IE8
889 5611 1085 5679 codex,
1121 5611 1314 5683 inquo
1339 5614 1495 5687 Pejus
1543 5614 1710 5672 etiam
1764 5624 1822 5671 ει
1864 5612 2148 5669 horridius

557 5695 643 5742 est
671 5695 879 5752 γωνεω.

629 5755 740 5828 (90)
763 5753 969 5828 Qodex,
1007 5753 1102 5828 ἀπ’
1130 5753 1375 5810 αὐτοῦδε.

627 5822 740 5892 (91)
775 5822 982 5890 Codex,
1011 5825 1193 5878 ἕκτου.

629 5888 739 5969 (92)
761 5888 974 5960 Codex,
1001 5895 1111 5948 τόν.

2455 5191 2666 5278 ‘Codex,
2692 5191 3088 5278 είρηνοποιούς.

2340 5264 2430 5320 94)
2454 5264 2569 5318 lmo
2604 5264 2791 5318 αὐτοῦ.

2318 5331 2432 5403 (95)
2474 5332 2612 5404 Cod.
2653 5333 2936 5404 ποιοῦντα,
2971 5346 3096 5386 cum
3125 5341 3327 5404 tamen,
3356 5331 3640 5404 _dv_09tbmp
3689 5349 3842 5404 prte-

2256 5401 2508 5463 cesserit.
2536 5403 2975 5460 Rescribendum
2993 5401 3258 5467 ποιοῦντι,
3281 5401 3523 5457 ablativo
3551 5401 3830 5458 absoluto.

2256 5475 2588 5533 Desinentiae
2617 5491 2668 5526 τι
2697 5485 2755 5528 et
2786 5491 2852 5528 τα
2884 5474 3084 5542 sapius
3106 5471 3334 5528 fuerunt
3358 5473 3638 5541 confusae;
3665 5487 3721 5530 et
3741 5490 3838 5529 ac-

2253 5543 2808 5645 cusativi‘it'aidsaq’kov
2819 5545 2984 5599 αὐτὸν
2999 5550 3305 5614 potuerunt
3326 5543 3556 5599 librario
3581 5545 3832 5600 fraudem

2248 5618 2449 5674 facere.
2475 5614 2559 5669 Cf.
2584 5629 2634 5670 c.
2662 5613 2754 5670 25.

2345 5685 2434 5756 96)
2470 5686 2578 5757 Pro
2611 5685 2856 5757 νόμισμα
2887 5695 2972 5742 est
2996 5685 3052 5740 in
3077 5684 3268 5757 codice
3286 5683 3426 5757 sigla
3459 5684 3519 5740 ιί.

2344 5754 2433 5825 97)
2482 5754 2853 5828 'EpfdtCeaQ'ai
2868 5758 2968 5826 τὴν
2991 5758 3222 5828 ἀνομίαν
3255 5754 3466 5811 locutio
3510 5764 3596 5812 est
3633 5755 3686 5810 in
3744 5754 3836 5810 Bi-

2246 5825 2374 5884 bliis
2403 5825 2706 5896 saepissime
2731 5825 2912 5882 obvia.
