4088 6540
351 464 454 532 539

1558 457 2135 522 HOMERITARUM
2176 460 2436 522 LEGES.

3506 472 3611 533 590

347 593 517 640 ωπον,
562 574 660 627 καὶ
700 568 931 642 φωραθῇ
962 570 992 624 ό
1018 568 1261 633 τοιοῦτος
1305 567 1480 623 ταῦτα
1526 568 1696 640 δρῶν,
1752 584 1928 641 προσ-

2035 582 2196 644 atque
2231 571 2615 642 deprehensus
2644 572 2811 628 fuerit
2848 572 2953 628 iste
3014 572 3141 629 talia
3173 574 3401 644 faciens,
3450 580 3612 651 jube~

344 670 613 738 τάττομεν
661 664 762 735 τὴν
799 662 1047 731 γλῶτταν
1079 660 1241 716 αὐτοῦ
1275 662 1385 715 ἀπὸ
1413 661 1578 732 μέσον
1611 659 1723 732 (98)
1778 679 1921 732 τμη-

345 763 526 829 θηναι,
555 757 663 820 ἵνα,
705 755 813 809 κᾶν
846 753 1084 825 βουληθῇ
1116 752 1306 806 ἔκτοτε
1341 752 1686 823 ὑπηρετῆσαι
1709 752 1789 823 τῷ
1819 753 1923 805 Σα-

343 856 483 926 τανᾷ
509 854 586 917 ὡς
610 853 640 905 ό
671 850 797 920 δφις
824 850 955 903 ποτὲ
981 849 1040 902 ἐν
1064 848 1143 919 τῷ
1162 847 1481 919 παραδείσῳ
1502 846 1593 901 διὰ
1619 847 1720 917 τῆς
1744 847 1921 917 γλώσ·

345 964 446 1018 σης
483 945 672 1007 αὑτοῦ,
708 943 782 1014 μὴ
821 941 1045 1011 δυνηθῇ.
1098 940 1533 1011 Ἐπικατάρατοι
1592 939 1704 1012 γὰρ
1743 940 1921 1009 πεφύ-

342 1055 505 1093 κασιν
534 1036 585 1090 οι
615 1035 865 1106 ἀθέμιτοι
890 1029 1060 1099 οὗτοι,
1102 1033 1185 1086 ὅτι
1215 1032 1304 1086 διὰ
1334 1034 1443 1086 τῶν
1478 1032 1703 1101 χειλέων
1742 1033 1923 1086 αὐτῶν

341 1123 452 1184 τῶν
483 1128 730 1199 ματαίων
754 1126 1094 1182 ἐκόὰλλωσιν
1129 1126 1222 1181 τὸν
1244 1125 1532 1196 ἄνθρωπον
1562 1125 1671 1180 ἀπὸ
1700 1126 1800 1196 τῆς
1825 1126 1922 1179 αὑ-

340 1223 437 1276 τοῦ
469 1220 707 1284 διανοίας
733 1221 830 1275 καί⁸
860 1218 1254 1290 παραδιδόασιν
1293 1218 1406 1289 (99)
1444 1217 1537 1273 τὸν
1567 1217 1807 1272 τοιοῦτον
1841 1217 1920 1289 τῷ

338 1313 573 1383 διαϐόλῳ
602 1314 681 1377 είς
707 1312 927 1382 δλεθρον
954 1312 1153 1383 ψυχῆς.
1894 1312 1897 1313 ⁷

413 1409 555 1477 Κεφ.
592 1407 688 1459 1Ζ’.
721 1406 786 1459 Oi
828 1405 927 1468 τὰς
967 1404 1178 1458 ἑαυτῶν
1232 1404 1410 1466 οἰκίας
1437 1402 1513 1474 (Ι)
1565 1402 1924 1474 ἐργαζόμενοι

340 1497 664 1567 καταγώγια
691 1495 803 1550 τῶν
833 1496 1229 1567 πορνευόντων,
1254 1494 1499 1557 καὶτοὺς
1521 1492 1812 1557 ποιοῦντας
1826 1494 1925 1564 τὴν

340 1590 577 1662 ἀνομίαν
608 1591 669 1643 ἐν
710 1588 906 1652 αὐταῖς
936 1586 1324 1657 ὑποδεχόμενοι
1376 1585 1472 1639 καὶ
1512 1583 1924 1650 συσκιάζοντες,

342 1682 547 1745 πάντες
578 1683 628 1734 oi
658 1679 754 1733 ἐπὶ
794 1679 969 1749 τούτῳ
993 1677 1070 1750 (ἓ)
1111 1676 1462 1750 φωραθέντες
1494 1676 1928 1748 είσκομιζέσθω-

344 1792 445 1829 σαν
475 1774 631 1846 παρά
662 1773 758 1826 τοῦ
790 1772 1172 1842 γειτονιάρχου
1213 1771 1400 1823 πᾶσαν
1447 1769 1626 1823 αὐτῶν
1662 1770 1764 1842 τὴν
1795 1770 1928 1823 ὑπό-

345 1882 558 1929 στασιν,
590 1864 699 1935 85
716 1865 812 1917 καὶ
842 1860 1280 1933 ἐξοριζέσθωσαν
1314 1860 1415 1931 τῆς
1447 1860 1681 1928 πόλεως,
1714 1860 1929 1914 ποιοῦνο

2025 681 2151 721 mus
2192 664 2325 719 huic
2364 664 2606 735 linguam
2640 680 2671 719 a
2692 664 2924 720 dimidio
2960 666 3217 731 resecari,
3258 677 3350 735 ut,
3380 669 3425 724 si
3457 671 3586 728 dein

2022 771 2160 828 ceps
2204 755 2443 811 voluerit
2486 755 2701 812 Satanae
2744 755 3019 822 famulari,
3047 757 3195 813 sicut
3224 774 3455 830 serpens
3478 764 3609 818 olim

2024 849 2083 905 in
2135 849 2413 921 paradiso,
2465 865 2565 920 per
2619 850 2861 921 linguam
2916 866 3093 917 suam,
3139 853 3368 909 minime
3415 858 3607 926 possit.

2024 942 2301 999 Maledicti
2331 944 2481 998 enim
2504 952 2636 998 sunt
2682 942 2858 1012 iniqui
2889 942 3003 1009 isti,
3063 944 3211 1014 quod
3242 947 3397 1002 vanis
3439 950 3612 1004 labio-

2026 1051 2152 1089 rum
2228 1050 2458 1090 suorum
2524 1035 2764 1105 loquelis
2822 1034 3104 1091 hominem
3164 1038 3319 1106 quasi
3382 1039 3611 1095 demen-

2026 1136 2166 1193 tant,
2216 1144 2454 1200 eumque
2513 1128 2732 1185 diabolo
2802 1128 2855 1184 in
2909 1130 3108 1188 animae
3157 1132 3459 1202 perniciem
3500 1146 3613 1191 tra-

2026 1221 2188 1277 dunt.

2098 1406 2231 1478 Cap.
2276 1406 2440 1464 XVII.
2472 1439 2541 1448 -—
2567 1408 2670 1475 Qui
2702 1408 2895 1466 domos
2935 1427 3065 1467 suas
3111 1411 3495 1470 fornicationis
3524 1413 3613 1471 di-

2028 1500 2275 1554 versoria
2315 1499 2547 1564 faciunt,
2576 1508 2741 1569 atque
2769 1502 2824 1556 in
2875 1502 3331 1573 eisiniquitatem
3390 1515 3616 1576 agentes

2025 1589 2311 1658 excipiunt
2370 1598 2792 1661 proteguntque,
2860 1602 3131 1663 quotquot
3184 1594 3240 1649 in
3301 1610 3369 1651 eo
3420 1596 3611 1666 depre-

2030 1681 2190 1737 hensi
2227 1682 2455 1747 fuerint,
2505 1682 2852 1739 adducantur
2879 1686 3024 1755 apud
3072 1687 3448 1758 magistratum
3488 1704 3612 1742 cum

2030 1774 2180 1828 omni
2208 1773 2539 1840 substantia,
2583 1783 2639 1830 et
2672 1775 2963 1847 ejiciantur
2988 1794 3053 1832 ex
3082 1778 3236 1842 urbe,
3284 1796 3447 1833 manu
3474 1783 3614 1835 scri-

2032 1872 2124 1934 pta
2152 1864 2519 1934 promissione
2555 1882 2613 1921 se
2638 1883 2747 1921 non
2777 1869 2891 1938 jam
2924 1869 3115 1924 eadem
3167 1869 3412 1925 facturos
3468 1887 3613 1935 esse,

342 1976 437 2023 τες
499 1959 765 2030 ίδιόχειρα
823 1954 1131 2025 κεφαλικῆς
1191 1954 1513 2024 τιμωρίας,
1563 1951 1660 2006 τοῦ
1726 1954 1926 2025 μηκέτι

2035 1973 2334 2028 omnesque
2365 1958 2490 2013 vita:
2557 1975 2669 2014 suae
2718 1959 2838 2015 dies
2873 1962 3065 2031 procul
3109 1978 3139 2015 a
3172 1963 3410 2033 publicis
3449 1963 3617 2019 rebus

344 2056 525 2107 ποιεῖν
558 2049 734 2106 ταῦτα
787 2050 820 2120 ἢ
871 2047 1287 2120 παρεμϐάλλειν
1338 2050 1406 2117 τῇ
1454 2048 1703 2118 πολιτείᾳ
1741 2047 1927 2110 πάσας

342 2147 445 2209 τὰς
468 2144 685 2216 ἡμέρας
724 2146 825 2213 τῆς
857 2141 1005 2210 ζωῆς
1043 2139 1246 2194 αὐτῶν.
1280 2139 1634 2209 Θεραπευτὰς
1671 2141 1781 2211 γὰρ
1811 2139 1927 2193 δαι-

350 2237 531 2307 μόνων
558 2238 592 2305 η
624 2235 877 2306 ἡμετέρα
902 2232 1210 2303 γαληνότης
1236 2232 1294 2284 ἐν
1320 2233 1442 2294 ταῖς
1471 2231 1563 2299 ὑφ’
1585 2231 1744 2301 ἡμῶν
1773 2231 1929 2301 βασι-

344 2328 667 2399 λευομέναις
692 2326 917 2380 πόλεσιν
943 2323 1085 2379 εἶναι
1124 2326 1184 2378 οὐ
1213 2324 1438 2377 δύναται
1464 2322 1563 2393 (5).
1598 2324 1694 2376 Ὃν
1728 2322 1929 2392 τρόπον

345 2423 455 2493 γὰρ
488 2421 596 2492 πρὸ
626 2418 824 2473 πολλοῦ
865 2418 1087 2483 ἐδίωξεν
1129 2420 1157 2471 ό
1201 2416 1568 2487 παμπόνηρος
1599 2413 1808 2484 δαίμων
1837 2412 1929 2466 διὰ
1966 2416 1977 2423 “

345 2515 456 2567 τῶν
492 2516 574 2577 είς
606 2514 672 2567 τὰ
705 2512 905 2566 εἴδωλα
936 2511 1215 2582 μανέντων
1258 2508 1522 2579 βασιλέων
1554 2502 1680 2569 τοὺς
1706 2508 1923 2576 ἀγαπη-

346 2606 474 2667 rei»;
501 2604 599 2658 καὶ
636 2604 843 2675 λάτρας
875 2602 971 2656 τοῦ
1012 2601 1223 2672 Κυρίου
1249 2600 1407 2669 ήμῶν
1448 2597 1627 2669 Ἰησοῦ
1661 2596 1927 2668 Χριστοῦ,

346 2697 508 2768 ἐξῆρε
543 2698 599 2752 δὲ
629 2697 706 2767 (ι)
740 2695 833 2750 καὶ
882 2695 980 2766 τὴν
1026 2693 1334 2765 ἀμώμητον
1386 2691 1572 2744 πίστιν
1617 2690 1779 2761 ἡμῶν
1821 2689 1930 2742 ἀπὸ

349 2787 648 2860 προσώπου
679 2785 793 2840 τῶν
817 2784 1165 2856 Χριστιανῶν
1193 2785 1258 2836 ἐκ
1288 2781 1390 2853 τῆς
1420 2781 1543 2851 γῆς,
1575 2780 1719 2833 οῦτω
1751 2794 1927 2850 παρα·

348 2881 595 2952 πλησίως
624 2880 772 2945 ἔδοξε
802 2879 898 2933 καὶ
930 2881 997 2949 τῇ
1030 2875 1278 2948 ἡμετέρᾳ
1302 2876 1366 2927 ἐκ
1403 2871 1541 2926 Θεοῦ
1572 2870 1792 2943 ἐξουσίᾳ
1841 2870 1930 2937 ἐξ·

349 2977 479 3046 ἆραι
506 2972 687 3035 πάσας
721 2972 820 3034 τὰς
852 2970 1081 3041 πομπὰς
1110 2966 1206 3020 τοῦ
1238 2966 1502 3029 πεσόντος
1529 2964 1594 3018 ἐκ
1623 2964 1736 3017 τῶν
1762 2964 1928 3034 οὐρα-

348 3067 454 3123 νῶν
498 3065 790 3137 δράκοντος
834 3064 944 3118 ἀπὸ
990 3059 1285 3133 προσώπου
1339 3060 1437 3129 τῆς
1475 3058 1754 3129 ἡμετέρας
1801 3057 1926 3128 γῆς,

2037 2050 2301 2103 victuros.
2350 2049 2668 2103 Daemonum
2718 2051 2869 2105 enim
2918 2051 3206 2108 ministros
3247 2056 3618 2111 mansuetudo

2034 2150 2223 2196 nostra
2265 2140 2320 2195 in
2374 2140 2605 2196 urbibus
2643 2140 2840 2196 ditioni
2867 2152 3068 2199 nostra:
3114 2144 3380 2216 subjectis
3406 2150 3617 2203 versari

2035 2250 2145 2288 non
2182 2234 2333 2289 sinit.
2358 2232 2833 2300 Quemadmodum
2874 2234 3019 2290 enim
3051 2237 3383 2306 jampridem
3432 2254 3621 2308 perse-

2036 2337 2196 2382 cutus
2233 2335 2319 2381 est
2366 2327 2639 2397 pessimus
2686 2326 2943 2382 diabolus
2973 2342 3073 2396 per
3110 2342 3268 2399 rcges
3307 2329 3615 2386 idololatria

2036 2418 2283 2473 furentes
2325 2417 2556 2473 dilectos
2604 2427 2661 2471 et
2710 2418 2955 2474 cultores
3002 2421 3219 2475 Domini
3263 2425 3439 2478 nostri
3489 2426 3615 2481 Jesu

2035 2507 2264 2573 Christi,
2310 2508 2533 2563 sustulit
2561 2522 2694 2564 vero
2743 2518 2799 2564 et
2845 2508 3249 2566 immaculatam
3302 2512 3465 2569 fidem
3514 2532 3618 2572 no-

2038 2608 2210 2655 stram
2269 2615 2300 2654 a
2344 2600 2485 2655 facie
2524 2600 2967 2656 Christianorum
3012 2611 3239 2671 eterra,
3302 2607 3382 2661 sic
3412 2608 3621 2677 pariter

2036 2686 2215 2741 visum
2265 2696 2353 2742 est
2399 2696 2603 2743 nostra:
2651 2704 2720 2743 ex
2746 2689 2861 2745 Deo
2899 2693 3160 2761 potestati
3192 2694 3383 2752 tollere
3424 2712 3620 2754 omnes

2034 2794 2263 2849 pompas
2292 2777 2552 2834 draconis
2586 2780 2766 2844 istius,
2792 2781 2886 2851 qui
2926 2782 3127 2839 cecidit
3154 2801 3184 2839 a
3207 2788 3363 2845 caelis
3408 2808 3438 2847 a
3478 2794 3617 2852 facie

2038 2880 2197 2927 terra;
2263 2879 2503 2938 nostra},
2563 2879 2619 2927 et
2659 2888 2758 2941 pro
2825 2873 3083 2930 facultate
3154 2888 3340 2937 nostra
3399 2900 3617 2944 omnem

2034 2964 2155 3035 ejus
2184 2964 2451 3019 malitiam
2480 2963 2898 3034 nequitiamque
2922 2980 3021 3034 per
3050 2968 3340 3027 credentes
3370 2974 3424 3029 in
3455 2977 3618 3035 Chri-

2036 3066 2177 3111 stum
2212 3055 2493 3125 persequi.

350 3166 441 3220 καὶ
470 3165 727 3233 ἐκδιῶξαι
767 3161 934 3217 αὑτοῦ
976 3160 1117 3215 κατὰ
1152 3160 1215 3213 τὸ
1251 3158 1478 3214 δυνατὸν
1513 3160 1697 3211 πᾶσαν
1731 3156 1935 3211 κακίαν
1975 3157 2072 3210 καὶ⁵
2110 3156 2378 3227 πονηρίαν
2445 3156 2553 3209 ἀπὸ
2579 3155 2688 3210 τῶν
2749 3159 3119 3213 πιστευόντων
3157 3158 3238 3222 είς
3266 3160 3523 3231 Χριστόν.
3547 3164 3618 3216 Ἦ

349 3263 460 3335 γὰρ
489 3260 826 3335 Χριστιανὸς
870 3256 1211 3330 χρημάτιζε,
1239 3257 1271 3327 ἢ
1312 3256 1389 3328 μὴ
1430 3256 1594 3320 παῖζε
1628 3255 1705 3326 (5)
1733 3254 1811 3325 τῷ
1835 3254 2029 3327 Κυρίῳ
2070 3253 2266 3325 Ἰησοῦ.

418 3360 560 3427 Κεφ.
585 3356 695 3410 IH'.
728 3355 791 3407 'H
802 3356 920 3425 μείς
941 3353 1021 3417 δὲ,
1054 3351 1112 3404 ὃν
1138 3352 1300 3424 ὅρκον
1335 3348 1551 3421 ὤμοσεν
1581 3353 1609 3404 ὁ
1628 3349 1761 3412 Θεὸς
1791 3348 1926 3419 πρὸς

2101 3346 2234 3419 Cap.
2266 3344 2546 3402 XVIII.—
2579 3346 2688 3403 Nos
2728 3357 2909 3403 autem
2940 3347 3328 3420 jusjurandum
3354 3352 3499 3421 quod
3534 3353 3623 3424 ju-

364 3450 614 3522 Ἀϐραὰμ
650 3448 745 3502 τὸν
784 3444 1002 3517 πατέρα
1043 3444 1205 3516 ἡμῶν
1253 3442 1621 3514 πληροφορῶν
1652 3441 1752 3511 (6),
1786 3439 1931 3494 τιθέ-

356 3541 493 3613 μεθα
537 3539 730 3594 καθότι
764 3538 825 3592 οὺ
866 3535 1193 3605 παυσόμεθα
1234 3534 1413 3598 πάσας
1448 3534 1547 3596 τὰς
1582 3532 1794 3603 ἡμέρας
1830 3532 1931 3601 τῆς

354 3632 496 3703 ζωῆς
522 3635 554 3703 ἡ
565 3631 681 3703 μῶν
703 3628 1059 3700 ἀναρίθμητα
1085 3627 1154 3680 τὰ
1184 3626 1333 3680 κακὰ
1362 3621 1764 3694 ἐνδεικνύμενοι
1797 3625 1933 3677 πᾶσι

353 3727 462 3789 τοῖς
502 3721 897 3796 ἐργαζομένοις
930 3720 1028 3791 τὴν
1059 3717 1290 3789 ἀνομίαν
1324 3716 1531 3771 καὶτὸν
1556 3715 1831 3769 θεόσδοτον
1855 3713 1932 3784 (7)

352 3817 463 3887 86
490 3814 650 3886 ἡμῶν
678 3812 830 3865 τόνδε
860 3809 954 3863 τὸν
982 3808 1151 3877 νόμον
1193 3806 1345 3876 παρὰ
1387 3804 1557 3869 πόδας
1594 3804 1921 3873 τιθεμένοις,

352 3908 470 3961 εἷπε
479 3924 511 3978 ρ
530 3903 832 3959 παύσονται
858 3901 935 3973 (8)
959 3901 1053 3954 τοῦ
1073 3899 1245 3953 ποιεῖν
1256 3896 1354 3969 τὴν
1374 3897 1655 3969 ἁμαρτίαν
1674 3914 1687 3927 ·
1706 3898 1754 3949 εί
1774 3897 1831 3950 δέ
1848 3911 1931 3965 γε,

348 4000 513 4071 ἡμεῖς
552 3998 614 4051 οὐ
646 3994 1158 4067 παρασιωπήσομεν
1187 3990 1282 4044 τοῦ
1312 3989 1685 4063 ἐξολοθρεύειν
1714 3988 1932 4052 αὐτούς.

351 4094 463 4147 Καὶ
491 4092 603 4161 γὰρ
624 4088 719 4143 καὶ
744 4091 772 4142 ό
796 4086 1103 4157 θαυμάσιος
1130 4084 1317 4150 Δαυῖδ,
1358 4082 1428 4137 τὰ
1460 4083 1551 4136 ίσα
1573 4082 1787 4146 τούτοις
1806 4081 1937 4136 δια-

353 4182 756 4255 πραττόμενος,
788 4178 867 4249 τῷ
897 4178 1089 4248 κόσμῳ
1114 4176 1500 4246 ἀπεφθέγγετο
1524 4174 1630 4247 (9)·
1665 4194 1682 4227 ι
1709 4175 1805 4238 Εἰς
1836 4172 1937 4236 τὰς

353 4275 569 4347 πρωῖας
626 4274 931 4328 ἀπέκτενον
989 4270 1202 4333 πάντας
1250 4270 1377 4333 τοὺς
1428 4266 1793 4341 ἁμαρτωλοὺς
1836 4263 1938 4333 τῆς

354 4370 479 4439 γῆς,
529 4366 664 4439 φησί
682 4384 697 4398 ο
742 4366 839 4419 τοῦ
880 4363 1263 4434 ἐξολοθρεῦσαι
1331 4363 1397 4416 ἐκ
1452 4361 1660 4424 πόλεως
1727 4357 1935 4430 Κυρίου

356 4462 567 4525 πάντας
602 4461 729 4524 τοὺς
763 4456 1169 4530 ἐργαζομένους
1198 4456 1296 4526 τὴν
1325 4453 1580 4525 ἀνομίαν.
1609 4471 1629 4506 ι

424 4552 561 4625 Κεφ.
613 4551 716 4607 ιθι.
773 4552 837 4606 Οί
882 4547 1302 4612 όδοστατοῦντες
1360 4549 1647 4616 γυναῖκας,
1697 4542 1793 4598 καὶ
1846 4541 1939 4613 βίᾳ

360 4647 742 4716 συγγινόμενοι
778 4642 897 4713 μετ’
933 4640 1134 4705 αὐτῶν,
1164 4640 1243 4704 ὡς
1278 4640 1474 4712 λῃσταὶ
1499 4637 1594 4692 καὶ
1627 4634 1815 4706 ἐχθροὶ
1842 4632 1937 4688 τοῦ

2036 3436 2175 3493 ravit
2197 3438 2341 3492 Deus
2360 3436 2428 3491 ad
2454 3435 2733 3493 Abraham
2785 3448 2997 3509 patrem
3026 3448 3276 3495 nostrum
3316 3442 3618 3511 explentes,

2035 3531 2327 3585 statuimus
2348 3529 2495 3599 quod
2517 3545 2628 3585 non
2651 3531 2992 3585 cessabimus
3027 3546 3222 3585 omnes
3263 3532 3391 3586 vitae
3418 3543 3621 3589 nostra:

2035 3625 2155 3679 dies
2186 3623 2611 3677 innumerabilia
2644 3624 2786 3679 mala
2829 3623 3176 3679 conferentes
3211 3625 3474 3680 omnibus
3519 3627 3616 3695 qui

2037 3722 2338 3785 operantur
2399 3712 2773 3785 iniquitatem.
2815 3723 3173 3784 nostramque
3216 3716 3360 3772 hanc
3416 3733 3447 3771 a
3510 3719 3621 3773 Deo

2036 3807 2217 3864 datam
2240 3806 2416 3878 legem
2437 3806 2673 3877 pedibus
2688 3807 3035 3869 conculcant,
3062 3807 3170 3861 nisi
3219 3817 3503 3877 peccatum
3536 3808 3621 3864 Ia-

2037 3915 2163 3954 cere
2194 3895 2482 3955 desierint.
2518 3897 2614 3952 Sin
2641 3897 2821 3958 aliter.
2857 3895 3178 3966 disperdere
3210 3912 3306 3953 eos
3328 3913 3439 3952 non
3486 3914 3624 3968 pm-

2036 3990 2428 4047 termittemus.
2469 3988 2687 4044 Etenim
2725 3986 2995 4043 mirabilis
3050 3986 3244 4050 David,
3289 3987 3489 4043 similia
3535 3989 3624 4047 bis

2037 4082 2353 4156 perficiens,
2398 4080 2607 4135 mundo
2652 4077 3055 4151 respondebat:
3094 4098 3111 4131 ι
3148 4078 3207 4133 In
3239 4078 3508 4135 matutino
3538 4081 3623 4135 in-

2039 4175 2381 4233 terficiebam
2431 4189 2624 4230 omnes
2674 4181 2992 4244 peccatores
3044 4179 3251 4227 terrai:
3299 4180 3360 4226 ut
3411 4171 3673 4243 disper-‘

2040 4268 2227 4323 derem
2276 4266 2345 4321 de
2410 4266 2632 4321 civitate
2691 4264 2910 4319 Domini
2968 4278 3163 4319 omnes
3194 4266 3622 4333 operantesini-

2040 4358 2338 4431 quitatem.
2386 4376 2405 4410 ι

2110 4536 2245 4607 Cap.
2278 4532 2421 4591 XIX.
2448 4565 2518 4576 —
2547 4532 2649 4601 Qui
2682 4532 2736 4589 in
2761 4533 2957 4588 itinere
2985 4532 3244 4588 mulieres
3265 4531 3617 4595 adoriuntur,

2042 4630 2233 4701 eisque
2257 4629 2368 4684 vim
2394 4625 2660 4692 inferunt,
2695 4624 2837 4681 sicut
2862 4627 3104 4680 latrones
3130 4623 3340 4692 Deique
3380 4622 3615 4688 inimici,

358 4740 518 4805 Θεοῦ,
545 4715 897 4809 ἐλεγχόμενοι
920 4732 1072 4805 παρά
1102 4733 1201 4803 τῆς
1229 4730 1512 4801 γυναικὸς,
1544 4730 1642 4782 σὺν
1681 4729 1830 4798 ὅρκῳ
1856 4724 1929 4790 δέ,

2045 4724 2281 4780 convicti
2310 4723 2380 4778 ab
2424 4722 2541 4794 ipsa
2580 4720 2808 4776 muliere
2843 4735 2965 4773 cum
3019 4718 3355 4789 juramento,
3402 4715 3621 4770 circiter

1905 4813 2133 4870 NOTAE.

427 4923 540 4993 (98)
606 4916 903 4993 Recentior
950 4931 1022 4993 ea
1060 4908 1764 4993 sj’iitaxis_pr:epo§itipnis
1829 4907 1937 4993 ἀπὸ

356 4979 481 5049 cuin
513 4979 830 5046 accusativo
846 4979 1157 5055 reperietur
1181 4993 1237 5038 et
1260 4979 1403 5055 infra
1430 4979 1488 5055 c._
1508 4980 1595 5034 45.
1614 4980 1809 5055 Est};
1833 4979 1935 5055 μέ-

357 5048 471 5129 σον,
508 5063 564 5117 ni
592 5058 885 5130 legendum
909 5048 974 5130 ἐκ
1009 5054 1301 5130 μέσων-γε]
1326 5054 1389 5130 ἐκ
1425 5051 1610 5130 μέσορ,
1636 5048 1806 5130 c.21.
1859 5048 1935 5130 De

360 5118 499 5201 μετά
526 5118 1020 5201 ουιηναστιιεαιίνσ
1043 5126 1170 5180 vide
1196 5123 1380 5179 Reisk.
1422 5118 1487 5174 ad
1540 5118 1826 5175 Constant.
1862 5118 1937 5171 De

356 5200 573 5260 carem.
604 5217 660 5270 p.
689 5200 756 5254 54
784 5200 845 5254 Ι).

428 5258 539 5345 (99)
587 5258 807 5340 Scripto
856 5268 1193 5345 ἐκδάλλωσιν
1238 5264 1386 5345 male
1430 5276 1533 5345 pro
1588 5258 1933 5345 ἐκϐάλλόυσι,

356 5330 534 5399 voluit
564 5330 811 5411 tempora
832 5340 936 5411 sibi
973 5344 1233 5411 constare
1288 5342 1345 5390 et
1374 5330 1669 5388 barbarum
1703 5330 1936 5400 subjun-

358 5417 565 5472 ctivum
597 5407 1003 5481 παραδιδὼασιν
1028 5407 1204 5461 ﬁnxit.

430 5488 506 5552 (I‘)
539 5483 746 5545 Codex,
775 5482 1002 5543 οἰκείας.

426 5556 503 5624 (2)
533 5553 741 5624 Codex,
769 5553 945 5624 toi-:3.

429 5609 506 5699 (ᾗ)
539 5625 618 5699 Ita
646 5609 841 5699 codex.
880 5620 1090 5699 liors_ap
1123 5615 1185 5699 οῦ
1220 5614 1409 5686 φέρειν
1438 5613 1682 5677 δύναται,
1716 5613 1775 5665 οὐ
1818 5609 1941 5681 βού-

358 5688 525 5750 λεται.
560 5693 763 5749 Confer
786 5707 870 5747 cc.
896 5692 988 5754 29,
1006 5689 1096 5754 36,
1118 5688 1208 5742 60.

434 5768 508 5837 (ὦ)
560 5756 1558 5837 (ὶοόεκληὲξαίαιδε.ἐει-ἱρείιέξῆρε,
1603 5754 1938 5837 obverbum

361 5825 571 5904 ἐξᾶραι,
606 5832 755 5904 quod
783 5825 1158 5904 in‘sententia:
1188 5825 1500 5883 redditione
1537 5825 1813 5896 sequitur.

430 5900 507 5979 \3)
536 5900 743 5961 Forsan
779 5900 1098 5974 πρόσπαιζε.

2114 4905 2189 4977 (6)
2254 4907 2331 4962 Ita
2368 4906 2562 4977 codex.
2613 4904 2711 4960 Est
2755 4905 2916 4977 ἡμεῖς
2945 4897 3339 4977 πληροφορῶνᾲ
3370 4898 3620 4977 syntaxis

2044 4968 2181 5046 πρός
2205 4978 2265 5029 τὸ
2300 4976 2700 5047 σημαινόμενον
2727 4968 2901 5047 cujus
2917 4968 3252 5047 suntmulta
3290 4975 3347 5047 et
3386 4969 3623 5047 inepti-

2042 5038 2552 5117 m'is'scripto'ribus'
2570 5038 2842 5117 exempla,
2869 5040 3174 5117 Sopliocles
3220 5039 3419 5117 Antig:
3440 5038 3620 5117 mos:

2042 5119 2164 5171 Οὐδ’
2194 5108 2341 5187 ὅρνις
2373 5117 2647 5187 εὐσήμους
2708 5108 3059 5187 ἀπορροιϐδεῖ
3079 5108 3624 5187 9099113;quch-

2046 5204 2137 5252 ρόυ
2192 5178 2461 5258 βεϐρῶτες
2493 5178 2730 5258 ἆίματος
2772 5178 2946 5243 λίπος.
2980 5179 3117 5258 Cod.
3148 5178 3310 5258 28_84_.
3357 5178 3621 5258 ἀπορροι-

2042 5249 2156 5311 εδοῖ
2178 5249 2306 5325 Boii
2323 5249 2668 5325 ἀνδροφόνου,
2686 5269 2810 5308 cum
2840 5250 3187 5325 correctione
3211 5249 3579 5319 ἀνδροφθόρου
3604 5264 3620 5279 ·

2045 5320 2258 5397 (ιιιωόὶ)
2285 5324 2340 5380 id
2366 5320 2800 5397 enotarevisum
2834 5331 2941 5386 est,
2974 5320 3122 5391 quod
3174 5320 3229 5374 in
3266 5328 3417 5375 tanto
3460 5327 3623 5388 poeta

2046 5394 2184 5453 nihil
2217 5398 2287 5452 sit
2317 5394 2726 5467 negligendum.

2123 5468 2211 5551 (7)_
2231 5468 2347 5551 v9}-
2379 5458 2655 5551 θεόσδοτος
2683 5462 2968 5551 displicuit
2991 5461 3130 5551 adeo
3170 5458 3618 5551 Ephrazmiigsgi-

2043 5529 2148 5593 tori
2179 5529 2523 5601 doctissimo,
2556 5544 2615 5591 ut
2647 5529 2901 5597 eam—bis,
2938 5532 3197 5593 versibus
3222 5529 3435 5601 Scilicet
3460 5529 3621 5590 37%,

2041 5609 2203 5673 4075,
2240 5609 2295 5662 in
2329 5607 2570 5670 θεόδοτος
2597 5604 2911 5660 mutaverit.
2966 5604 3235 5658 Intactum
3280 5600 3622 5673 quidemre-

2044 5670 2251 5734 mansit
2274 5676 2569 5731 θεοσδότων
2600 5693 2653 5730 v.
2682 5675 2856 5741 7I97;
2896 5673 2993 5728 sed
3024 5674 3262 5735 editore,
3292 5679 3351 5723 ut
3385 5670 3623 5735 videtur,

2044 5765 2155 5804 non
2185 5748 2432 5803 conscio.

2141 5820 2193 5881 8)
2230 5819 2435 5873 Forsan
2465 5815 2783 5887 legendum,
2814 5816 2972 5886 εἰπερ
3006 5813 3082 5883 μὴ
3124 5810 3447 5866 παύσονται.

2141 5824 2193 5881 8)
2230 5824 2435 5873 Forsan
2466 5824 2534 5887 leg

2118 5824 2193 5962 (9)
2231 5888 2373 5943 Psal.
2400 5902 2449 5953 c,
2479 5888 2534 5941 8.
