4088 6532
446 460 546 530 591

1412 453 1472 512 S.
1514 444 1936 512 GREGENTII
1974 441 2210 508 FPISC.
2242 440 2771 504 TAPHARENSIS

3585 432 3694 497 592

450 585 671 637 centum
698 573 924 630 fustium
949 568 1179 626 verbera
1200 564 1491 637 accipiant,
1526 572 1582 617 ct
1612 568 1846 628 utraque
1888 569 2025 611 aure

2146 555 2471 627 ῑεχέσθωσαν
2506 554 2612 607 ἀνὰ
2646 550 2845 630 ἑκατὸν
2863 548 3069 604 διπλῶν
3104 547 3241 619 (10),
3271 547 3387 615 καὶ,
3417 546 3488 603 τὰ
3513 546 3695 619 ἀμφὸο

447 667 711 731 abscissa,
776 662 1147 719 dimittantur.
1226 658 1294 713 Et
1363 656 1410 712 si
1472 661 1595 723 post
1650 651 1766 705 bxec
1825 647 2021 702 eadem

449 760 717 818 facientes
758 751 1257 824 ‘deprehendantur
1281 786 1298 815 ,
1361 746 1598 803 ducenta
1643 740 1821 811 ﬂagra
1875 735 2021 807 passi

451 848 770 925 ejiciantur‘.

521 942 658 1013 Cap.
696 937 817 996 XX.
855 968 928 980 —
977 934 1035 991 Si
1067 934 1163 1005 qui
1201 947 1301 1004 per
1339 942 1559 1002 agoram
1617 927 1733 982 sive
1785 925 2023 996 plateam

455 1037 560 1091 iter
587 1032 875 1093 facientes,
898 1041 1094 1083 manus
1127 1023 1379 1096 injiciant
1397 1021 1633 1091 turpiter
1657 1019 1715 1074 in
1738 1025 2027 1073 transeun-

456 1137 540 1184 tes
584 1123 838 1188 feminas,
864 1114 1530 1176 bacchicaeetinhonesue
1569 1106 2027 1180 concupiscentia:

457 1231 643 1281 causa,
677 1210 1008 1284 quibusdam
1053 1204 1450 1277 spectantibus,
1506 1201 1737 1257 muliere
1769 1213 2026 1277 veroex-

461 1307 757 1368 clamante,
800 1300 1069 1355 multetur
1089 1299 1177 1352 vir
1195 1295 1321 1350 talis
1342 1293 1563 1349 duobus
1590 1301 1643 1348 et
1683 1289 2027 1361 septuaginta

458 1395 687 1452 fustium
718 1390 1045 1448 verberibus
1092 1388 1148 1444 in
1188 1386 1367 1441 media
1398 1399 1560 1455 agora
1587 1398 1770 1439 coram
1802 1382 2028 1453 populo,

459 1498 516 1543 et
568 1486 913 1558 publicatus,
968 1480 1346 1538 admonitione
1400 1485 1643 1546 accepta,
1697 1474 2029 1530 dimittatur.

462 1584 520 1640 Si
546 1590 730 1638 autem
753 1595 950 1635 rursus
979 1576 1363 1648 deprehensus
1403 1571 1569 1629 fuerit
1588 1570 1783 1628 eadem
1801 1569 2030 1637 faciens,

464 1687 659 1728 manus
686 1671 772 1736 ei,
823 1678 1084 1738 tanquam
1133 1662 1634 1735 impudentissimo,
1693 1660 2030 1717 abscidatur.

461 1765 659 1819 Nostra
678 1760 827 1816 enim
855 1755 1220 1813 mansuetudo
1274 1754 1440 1826 jussit
1463 1768 1795 1823 quemquam
1828 1752 2034 1808 habere

464 1854 743 1927 propriam
800 1859 1138 1915 consortem,
1170 1848 1226 1903 in
1278 1847 1439 1903 aliam
1471 1860 1603 1901 vero
1652 1859 1875 1901 manum
1924 1860 2033 1900 non

464 1941 713 2014 injicere,
734 1951 858 2005 nec,
900 1936 944 1993 si
977 1935 1098 1992 ﬂeri
1126 1943 1329 2006 potest,
1360 1933 1523 1989 oculo
1543 1933 1795 1988 innuere.

533 2120 669 2192 Cap.
695 2115 1296 2174 XXI.—~Christianos
1340 2113 1491 2168 enim
1524 2111 1910 2178 fornicatores,
1946 2110 2033 2165 vel

465 2211 766 2275 adulteros,
787 2208 875 2264 vel
900 2204 1220 2269 sodomitas,
1249 2202 1334 2259 vel
1357 2216 1545 2272 magos
1564 2210 1621 2256 et
1644 2200 2034 2264 incantatores,

466 2303 553 2358 vel
581 2300 785 2358 similia
814 2297 903 2353 his
931 2296 1217 2361 facientes,
1249 2293 1429 2364 regale
1458 2301 1708 2348 nostrum
1745 2291 2037 2361 imperium

469 2398 528 2448 in
559 2405 729 2464 regno
766 2386 976 2445 versari
1011 2402 1120 2442 non
1148 2384 1299 2440 sinit.
1339 2380 1684 2453 Quapropter
1715 2382 1861 2437 enim
1889 2383 2040 2439 misit
2073 2405 2090 2419 ο

468 2485 615 2541 Deus
658 2498 690 2538 a
732 2480 886 2537 coalo-
917 2478 1056 2533 iram
1083 2489 1239 2532 suam
1282 2474 1337 2529 in
1367 2487 1491 2539 nos,
1535 2472 1605 2527 ad
1642 2472 2038 2529 conterendum

466 2582 634 2645 atque
666 2568 966 2627 delendum
995 2582 1096 2622 nos
1121 2566 1177 2620 in
1211 2565 1399 2620 finem.
1430 2562 1558 2618 Ideo
1580 2577 1758 2632 neque
1788 2561 1845 2615 in
1875 2562 2041 2618 itine-

471 2663 628 2719 ribus
657 2660 931 2717 bellorum
956 2670 1217 2728 prospere
1258 2654 1509 2710 cedimus
1548 2659 1776 2723 propter
1821 2662 2043 2722 peccata

473 2758 575 2811 ista
608 2771 623 2808 :
664 2766 815 2808 arma
841 2750 1013 2815 enim,
1039 2747 1137 2813 ait,
1171 2746 1301 2801 belli
1322 2744 1564 2816 justitia;
1594 2752 1650 2799 et
1680 2762 1698 2795 ι
1729 2742 1775 2799 si
1809 2744 2045 2814 populus

472 2856 630 2898 meus
679 2838 926 2894 audisset
971 2850 1080 2901 me,
1123 2834 1288 2890 Israel
1333 2833 1379 2889 si
1427 2833 1483 2886 in
1526 2833 1631 2887 viis
1672 2833 1810 2888 meis
1854 2832 2047 2903 ambu-

473 2936 666 3000 lasset,
694 2946 796 3003 pro
817 2930 994 2985 nihilo
1024 2928 1252 2983 forsitan
1275 2926 1530 2982 inimicos
1546 2940 1739 2981 eorum
1762 2924 2047 2981 humilias—

475 3040 613 3091 sem,
654 3032 712 3079 et
749 3036 917 3093 super
970 3019 1302 3091 tribulantes
1349 3032 1446 3073 eos
1500 3016 1772 3073 misissem
1825 3032 2047 3072 manum

474 3129 676 3179 meam,
708 3131 726 3165 ι
781 3111 919 3167 dicit
956 3111 1119 3165 Deus.
1147 3109 1337 3179 Itaque
1380 3108 1562 3163 omnis
1594 3108 1838 3178 nequitia
1863 3117 1918 3162 ct
1944 3107 2048 3163 ini-

477 3207 661 3276 quitas
705 3205 931 3261 tollatur
967 3218 999 3257 e
1041 3200 1225 3256 medio
1269 3200 1467 3265 nostri,
1514 3208 1571 3255 et
1611 3201 1823 3255 colatur
1871 3201 2048 3257 omnis

481 3299 660 3353 virtus
707 3294 996 3363 omnisque
1045 3291 1253 3363 justitia
1296 3300 1353 3346 et
1386 3290 1612 3357 veritas,
1659 3298 1722 3345 ut
1753 3299 1809 3345 et
1840 3301 2050 3363 gentes,

475 3401 605 3459 quae
629 3401 731 3443 nos
756 3383 1123 3447 circumdant,
1149 3380 1312 3437 nobis
1336 3381 1595 3454 subjiciat
1618 3381 1882 3437 Dominus
1909 3382 2056 3440 Deus

481 3486 695 3534 noster.

550 3670 689 3740 Cap.
720 3666 887 3722 XXII.
926 3697 996 3707 —-
1033 3663 1251 3720 Homini
1284 3680 1315 3720 a
1348 3662 1584 3719 Domino
1639 3662 1770 3720 ﬁcto
1816 3665 2060 3737 seipsum

489 3760 545 3814 in
573 3756 723 3813 omni
760 3755 978 3812 actione
1002 3752 1301 3809 defendere
1330 3767 1440 3806 non
1466 3751 1747 3823 iubemus,
1776 3753 1884 3809 nisi
1907 3754 2063 3827 prius

484 3848 769 3920 acceperit
799 3846 1023 3904 tutelam
1040 3846 1196 3917 juxta
1218 3845 1415 3917 legem,
1443 3844 1812 3915 interrogatus
1834 3845 1903 3902 de
1918 3846 2059 3919 lege,

490 3942 636 3996 sicut
662 3939 750 3993 lex
781 3938 1052 4008 praecipit.
1097 3935 1201 4003 Qui
1242 3950 1374 3991 vero
1403 3935 1538 3991 illud
1572 3936 1640 3991 ab
1673 3936 1777 3992 hoc
1818 3937 1908 3993 die
1942 3939 2063 3995 ausi

489 4028 847 4093 fuerint,etsi
869 4028 940 4083 sit
970 4042 1001 4084 e
1029 4027 1376 4097 proceribus,
1421 4027 1536 4083 sive
1559 4028 1713 4084 dives
1748 4030 1946 4101 aliquis
1968 4040 2065 4087 aut

488 4135 724 4191 pauper,
772 4118 887 4174 sive
935 4117 1172 4185 delator,
1212 4118 1330 4174 sive
1377 4110 1677 4189 apparitor,
1728 4121 1844 4177 sive
1886 4124 2062 4179 nostri

494 4210 760 4277 sodalitii,
805 4219 903 4265 aut
942 4209 1123 4276 miles,
1151 4217 1247 4265 aut
1273 4210 1453 4280 quivis
1474 4211 1618 4266 alius
1638 4221 1840 4268 nostrae
1869 4224 2063 4271 aucto-

495 4302 652 4358 ritati
691 4301 1064 4366 subditorum,
1096 4301 1311 4357 scilicet
1338 4302 1658 4367 verberare,
1703 4314 1801 4358 aut
1833 4306 2064 4377 colapho

492 4392 731 4457 caedere,
778 4402 875 4447 aut
903 4391 1053 4447 calce
1094 4390 1280 4458 ferire,
1312 4400 1408 4447 aut
1441 4391 1583 4449 fuste
1612 4394 1700 4451 vel
1729 4394 1914 4467 ﬂagris
1954 4399 2065 4469 ple-

2122 620 2258 721 τερα
2307 641 2423 717 ὦτα
2468 645 2814 716 τεμνόμενοι,
2833 620 3292 698 ’ἀπολυέσθωσαω
3326 641 3457 706 Καὶ,
3501 642 3550 696 εί
3596 641 3698 711 μὲν

2124 743 2220 799 καὶ
2249 741 2392 813 μετὰ
2429 739 2600 794 ταῦτα
2635 738 2707 792 τὰ
2734 737 2875 794 αὐτὰ
2901 734 3230 808 φωραθῶσιν
3255 734 3559 802 ποιοῦντες,
3591 735 3698 790 ἀνὰ

2122 834 2416 891 διακοσίων
2449 832 2659 889 διπλῶν
2683 831 2967 902 δεχόμενοι
2993 826 3447 900 ὲξοριζέσθωσαν.

2198 927 2342 995 Κεφ.
2384 922 2473 979 κ’.
2507 923 2572 977 Οί
2601 922 2743 977 κατὰ
2771 921 2872 990 τὴν
2902 922 3110 993 ἀγορὰν
3129 922 3250 991 ἦτοι
3281 919 3550 975 πλατεῖαν
3580 921 3699 974 ὁδὸν

2130 1018 2442 1091 βαδίζοντες
2471 1015 2569 1069 καὶ
2603 1013 2902 1077 ἁπλοῦντες
2939 1013 3039 1077 τὰς
3075 1014 3271 1084 χεῖρας
3304 1011 3514 1066 ἑαυτῶν
3547 1014 3701 1067 ἀναι-

2125 1109 2234 1174 δῶς
2265 1108 2379 1181 (11)
2402 1109 2483 1172 είς
2517 1107 2879 1178 διερχομένας
2908 1104 3201 1177 ἐλευθέρας
3228 1107 3500 1174 γυναῖκας
3537 1105 3701 1177 χάριν

2131 1201 2395 1276 βακχείας
2427 1200 2539 1271 (12)
2582 1200 2678 1254 καὶ
2729 1199 2961 1270 αἰσχρᾶς
3012 1197 3349 1269 ἐπιθυμίας,
3401 1198 3491 1253 διά
3536 1216 3702 1253 τινων
3781 1248 3796 1256 -

2130 1292 2520 1367 θεωρούμενοι,
2568 1292 2623 1347 ετ
2660 1309 2721 1346 τε
2766 1293 2862 1346 καὶ
2902 1292 3006 1363 τῆς
3042 1292 3305 1360 γυναικὸς
3335 1291 3698 1364 ἐγκαλούσης,

2130 1385 2446 1458 κομιζέσθω
2465 1386 2504 1439 '6
2525 1382 2773 1449 τοιοῦτος
2791 1382 3263 1455 ἑϐδομηκονταδύο
3288 1382 3401 1454 (15)
3437 1384 3703 1454 μάστιγας

2135 1478 2300 1550 μέσον
2328 1477 2428 1546 τῆς
2456 1476 2664 1546 ἀγορᾶς
2692 1476 2829 1529 ὅπου
2855 1476 2884 1529 6
2903 1474 3082 1545 ὄχλος,
3111 1474 3226 1540 καὶ,
3260 1473 3557 1545 δημευθεὶς
3599 1492 3704 1528 παι

2137 1565 2435 1639 ραγγελίαν
2455 1582 2518 1621 τε
2547 1565 2660 1637 (II)
2694 1562 3310 1635 είληφὼς,ἀπολυέσθω.
3346 1564 3411 1618 Et
3437 1564 3496 1619 δὲ
3542 1565 3707 1619 πάλιν

2134 1657 2363 1733 φωραθῇ
2392 1660 2501 1730 87
2523 1657 2697 1713 ταῦτα
2723 1657 2916 1723 τελῶν,
2943 1657 3375 1730 χειροκοπείσθω
3398 1656 3474 1722 ὡς
3492 1657 3709 1712 ἀναιδέ-

2137 1768 2350 1816 στατος.
2387 1751 2457 1804 Ἥ
2488 1749 2597 1821 γὰρ
2625 1748 2872 1820 ἡμετέρα
2903 1748 3222 1821 ’γαληνότης
3253 1749 3546 1803 ἐκέλευσεν
3580 1747 3709 1803 εκα⁸

2139 1862 2265 1900 στον
2304 1841 2606 1913 κεκτῆσθαι
2640 1841 2740 1913 τὴν
2789 1839 3022 1912 σύμϐιον
3063 1840 3251 1909 αὐτοῦ,
3285 1842 3373 1896 ἐπ’
3417 1840 3709 1912 ἀλλοτρίας

2066 1903 2113 1960 Β
2139 1932 2197 1988 δὲ
2249 1933 2406 2003 χεῖρα
2442 1903 2519 2001 μὴ
2566 1903 2768 2001 αἴρειν,
2810 1903 2877 1984 εί.
2895 1930 3120 1987 δυνατὸν
3160 1903 3247 2000 δὲ,
3286 1931 3423 2004 μηδὲ
3470 1903 3711 1989 ὲννεΙύειν

2132 2022 2422 2095 ὀφθαλμῷ.

2211 2116 2354 2186 Κεφ.
2411 2115 2542 2172 KA'.
2590 2115 2953 2185 Χριστιανοὺς
2998 2113 3109 2187 γὰρ
3148 2114 3403 2187 πόρνους,
3447 2116 3557 2171 εἴτε
3596 2135 3712 2188 μοι·

2138 2204 2290 2276 χοὺς,
2338 2204 2449 2258 εἴτε
2497 2204 2802 2275 σοδομιτας,
2853 2204 2965 2259 είτε
3032 2204 3240 2276 μάγους
3278 2206 3373 2261 καί
3406 2206 3712 2273 ἐπαοιδοὺς,

2139 2298 2236 2351 καὶ
2264 2296 2332 2350 τὰ
2359 2300 2567 2351 τούτων
2593 2297 2756 2367 ὅμοια
2783 2296 3100 2364 ποιοῦντας,
3127 2300 3161 2370 η
3194 2297 3439 2369 ἡμετέρα
3469 2298 3716 2369 βασιλεία

2141 2387 2443 2458 κεκτῆσθαι
2480 2389 2592 2461 (15)
2639 2390 2741 2443 οὐκ
2783 2389 3057 2460 ἀνέχεται.
3102 2391 3204 2445 Διὰ
3250 2392 3358 2463 γὰρ
3394 2392 3567 2446 ταῦτα
3605 2393 3713 2447 ἀπ-

2142 2482 2383 2535 έστειλεν
2411 2484 2439 2536 6
2472 2482 2604 2543 Θεὸς
2645 2483 2709 2535 ἐκ
2741 2477 2836 2534 τοῦ
2865 2480 3097 2553 οὐρανοῦ
3123 2483 3224 2554 τὴν
3249 2485 3418 2555 ὀργὴν
3435 2483 3602 2538 αὑτοῦ
3629 2487 3713 2555 ἐφ’

2140 2573 2290 2644 ἡμᾶς
2316 2572 2452 2643 (16),
2498 2570 2591 2626 τοῦ
2655 2571 2910 2643 ὲκτρίψαι
2960 2573 3057 2627 καὶ
3111 2575 3192 2637 είς
3245 2574 3400 2638 τέλος
3454 2575 3715 2645 ἀφανίσαι

2140 2665 2315 2735 ἡμᾶς.
2345 2663 2438 2717 Διὸ
2467 2662 2592 2716 οὔτε
2639 2664 2698 2716 ὲν
2727 2666 2848 2726 ταῖς
2879 2663 3018 2727 ὁδοῖς
3061 2663 3170 2717 τῶν
3223 2665 3476 2736 πολέμων
3517 2684 3715 2723 κατευο

2141 2754 2413 2825 οδούμεθα
2459 2754 2547 2808 διὰ
2595 2753 2797 2817 ταύτας
2848 2752 2947 2818 τὰς
3003 2754 3521 2826 ἁμαρτίας”’οπλα
3586 2758 3715 2830 γὰρ,

2145 2849 2299 2922 φησὶ,
2354 2847 2590 2919 πολέμου
2655 2846 2970 2918 δικαιοσύνη
2992 2864 3007 2877 ·
3053 2847 3184 2901 καί·
3218 2867 3236 2899 ι
3258 2849 3324 2905 Et
3363 2851 3394 2904 6
3431 2849 3560 2914 λαός
3615 2867 3718 2922 μου

2144 2941 2346 3013 ἠκουσέ
2384 2957 2510 3011 μου.
2556 2939 2777 3011 Ἰσραὴλ
2803 2943 2929 3003 ταῖς
2953 2938 3094 3003 ὁδοῖς
3128 2957 3231 3011 μου
3257 2942 3307 2995 εί
3330 2942 3629 3014 ἐπορεύθη,
3661 2944 3722 2997 ὲν

2145 3032 2223 3106 τῷ
2268 3033 2461 3104 μηδενὶ
2493 3033 2558 3087 ἂν
2594 3034 2723 3096 τοὺς
2769 3032 2997 3103 ἐχθροὺς
3044 3033 3213 3088 αὐτοῦ
3247 3036 3587 3091 ὲταπείνωσα
3629 3039 3724 3091 καὶ

2148 3126 2242 3180 ἐπὶ
2279 3126 2403 3189 τοὺς
2438 3122 2724 3186 θλίϐοντας
2757 3123 2957 3186 αὐτοὺς
2987 3125 3288 3180 ἐπέϐαλλον
3321 3127 3389 3182 ἂν
3416 3128 3520 3200 τὴν
3565 3128 3726 3199 χεῖρά

2157 3234 2281 3289 μου,
2303 3236 2322 3270 ι
2359 3217 2527 3289 φησιν
2555 3218 2583 3270 6
2603 3215 2735 3278 Θεός
2763 3215 2899 3286 (I7).
2930 3216 3030 3270 Διὰ
3054 3217 3214 3271 τοῦτο
3242 3220 3395 3275 πᾶσα
3429 3199 3601 3275 κακία
3629 3199 3727 3275 καὶ

2154 3309 2390 3382 πονηρία
2433 3310 2657 3382 ἀρθήτω
2682 3311 2745 3364 ὲκ
2770 3310 2934 3381 μέσον
2964 3310 3077 3381 (18)
3113 3310 3294 3383 ἡμῶν,
3328 3314 3424 3367 καὶ
3452 3312 3729 3367 πολιτευέο

2157 3402 2269 3457 σθω
2318 3403 2469 3456 πᾶσα
2496 3402 2667 3473 ἁρετὴ
2698 3401 2795 3455 καὶ
2824 3403 2974 3456 πᾶσα
3007 3402 3323 3474 δικαιοσύνη
3362 3404 3455 3459 καὶ
3481 3405 3728 3476 ἀλήθεια,

2158 3493 2247 3550 ἴνα
2270 3493 2365 3547 καὶ
2397 3492 2468 3547 τὰ
2496 3490 2816 3563 περικύκλῳ
2841 3492 3002 3564 ἡμῶν
3035 3492 3164 3566 ἔθνη
3193 3494 3436 3568 ὑποτάξῃ
3454 3497 3590 3568 ἡμῖν
3618 3497 3732 3551 Κύ-

2158 3599 2276 3656 ριος
2305 3584 2334 3636 6
2359 3582 2492 3646 Θεὸς
2520 3580 2698 3654 ἡμῶν.

2229 3674 2376 3744 Κεφ.
2421 3671 2551 3728 KB’.
2605 3672 2905 3745 Ἀνθρώπῳ
2973 3674 3267 3730 πλασθέντι
3320 3677 3473 3749 παρὰ
3524 3678 3735 3752 Κυρίου

2159 3764 2351 3820 ἑαυτὸν
2383 3765 2478 3819 ἐπὶ
2503 3764 2654 3839 πάσῃ
2684 3763 2836 3837 αἰτίᾳ
2878 3766 3170 3820 διεκδικεϊν
3204 3768 3265 3821 ού
3300 3769 3736 3842 προστάττομεν,

2161 3857 2213 3911 εί
2257 3854 2334 3928 μὴ
2369 3853 2527 3909 λάϐοι
2573 3854 2843 3926 πρότερον
2889 3856 3192 3928 ἐπιτροπὴν
3238 3856 3392 3929 παρὰ
3417 3858 3513 3913 τοῦ
3547 3860 3736 3932 νόμου,

2162 3945 2519 4016 ἐπερωτήσας
2560 3943 2652 3998 τὸν
2703 3943 2892 4015 νόμον,
2931 3943 3007 4008 ὡς
3055 3943 3271 3999 κελεύει
3312 3947 3341 4001 6
3384 3947 3570 4019 νόμος.
3594 3952 3656 4003 Οί
3685 3951 3741 4004 δὲ
3818 3973 3825 3977 ·

2161 4037 2322 4092 τοῦτο
2354 4036 2666 4109 τολμῶντες
2692 4036 2803 4091 ἀπὸ
2826 4037 2989 4107 τῆσδε
3016 4040 3117 4105 τῆς
3148 4038 3386 4111 ἡμέρας,
3420 4041 3524 4095 κᾶν
3548 4058 3607 4095 τε
3629 4042 3743 4113 88

2167 4118 2503 4201 μεγιστάνος
2591 4128 2726 4198 (19).
2761 4128 2864 4183 κᾶν
2890 4145 2950 4182 τε
2980 4129 3235 4195 πλούσιός
3262 4148 3346 4195 τις
3370 4133 3403 4204 ἢ
3427 4133 3522 4187 καὶ
3550 4134 3741 4204 πένης.
3784 4134 3801 4142 '

2175 4222 2229 4275 εἴ
2267 4238 2326 4275 τε
2373 4220 2626 4291 δηλάτωρ
2658 4219 2794 4290 (20),
2843 4221 2897 4274 εί
2920 4238 2981 4274 τε
3022 4221 3298 4295 ταξεώτης
3318 4223 3455 4295 (EI),
3483 4226 3536 4278 εῐ
3565 4242 3623 4278 τε
3651 4228 3743 4281 καὶ

2169 4312 2272 4382 τῆς
2296 4311 2574 4382 ἡμετέρας
2616 4312 2913 4380 ἑταιρείας,
2942 4312 2976 4383 ἢ
3006 4312 3423 4388 στρατιώτης,,ἤ
3452 4333 3537 4380 τις
3562 4316 3745 4389 ἕτερος

2164 4403 2274 4457 τῶν
2346 4402 2454 4455 ὑπὸ
2515 4403 2794 4473 ἡμετέραν
2848 4402 3098 4467 ἐξουσίαν
3138 4407 3607 4477 χρηματιζόντων,
3655 4408 3745 4461 καὶ

496 4494 649 4538 ctere
693 4481 967 4552 quemvis,
1015 4480 1131 4537 sive
1157 4481 1329 4553 juste,
1361 4482 1473 4539 sive
1521 4482 1744 4555 injuste,
1778 4487 1896 4542 sine
1928 4489 2047 4567 legi:

2166 4494 2385 4564 τύψειν,
2430 4492 2464 4562 ἦ
2522 4493 2797 4562 ραπίσειν,
2855 4493 2889 4564 ἢ
2944 4493 3246 4562 λακτίσειν,
3300 4497 3333 4566 ἢ
3379 4498 3673 4567 ῥαϐδίσειν,
3711 4500 3746 4569 ἢ

498 4573 754 4639 arbitrio,
789 4573 906 4629 sive
955 4572 1013 4627 in
1044 4571 1192 4638 foro,
1222 4573 1339 4629 sive
1388 4573 1443 4628 in
1486 4575 1593 4638 via,
1636 4577 1751 4633 sive
1796 4577 1852 4633 in
1886 4579 2047 4637 domo

2146 4608 2147 4613 η
2180 4581 2564 4656 μαστιγώσειν
2594 4580 2705 4652 (22)
2733 4582 2824 4636 τὸν
2871 4585 3125 4657 τυχόντα,
3177 4589 3286 4641 εἴτε
3346 4588 3593 4653 δικαίως,
3636 4589 3747 4643 εἴτε

2040 4716 2272 4775 ΝΟΪΛΕ.

2241 4809 2356 4880 (19)
2383 4808 2569 4865 Codex
2601 4805 2670 4863 εἴ.
2698 4809 3025 4866 lotacismus
3044 4811 3276 4869 librario
3300 4814 3523 4870 indocto
3551 4813 3748 4870 illude-

1877 4875 1946 4930 Et
1993 4879 2073 4933 sic
2177 4875 2630 4963 ba't.AS.qpho(:nles
2653 4880 3000 4963 Ant_ig._I_(_)27
3022 4898 3042 4963 _:

2285 4948 2424 5022 Ούδ⁹
2450 4951 2502 5003 εὶ
2526 4949 2768 5022 θέλονοθ
2788 4948 2861 5022 ξᾳι
2883 4950 3077 5018 Ζηνὸς
3101 4954 3283 5006 αἰετοὶ
3297 4954 3495 5022 ,ϐορὰν

2283 5018 2492 5092 Φέρειτ
2518 5035 2628 5092 rw;
2642 5018 3002 5092 ἁρπάζοντες
3033 5022 3100 5092 ἐς
3124 5023 3256 5088 Διὸς
3273 5018 3545 5092 θρόὶρους,

2276 5088 2416 5163 οὐδ’
2450 5088 2533 5154 ὣς
2560 5090 2795 5163 μίασμα
2824 5090 2997 5163 τοῦςο
3014 5089 3101 5160 μὴ
3123 5088 3343 5161 τρέσας
3370 5093 3485 5163 ἐγὼ

2293 5158 2554 5214 ϐάπτειν
2579 5158 2835 5226 παρήσω
2858 5158 3082 5214 κεῖνόν.

2174 5228 2324 5311 l‘lihil
2345 5228 2441 5282 hic
2471 5236 2557 5282 est
2589 5228 2988 5311 quodnmforam
3010 5230 3194 5285 faciat.
3228 5229 3550 5311 Memorabo
3569 5241 3753 5311 tamen

2174 5297 2471 5372 lectionem
2504 5297 2717 5372 codicis
2748 5297 2924 5372 Δ2886,
2961 5299 3133 5372 ipsam
3158 5316 3262 5372 nec
3284 5301 3703 5372 improbabilem
3737 5324 3751 5359 :

2176 5368 2250 5420 Οὐ
2377 5367 2593 5449 θέλουσι
2623 5368 2805 5449 ΔΖηνδς
2831 5367 3001 5449 ’ἀετοῐ
3047 5370 3280 5449 βορὰν...
3320 5390 3338 5422 ι
3363 5367 3579 5449 ὐιὶιιυθ
3602 5373 3757 5449 Jovis

2178 5437 2378 5507 aquilae
2441 5437 2639 5492 nolunt
2681 5437 2785 5492 nec
2830 5438 2887 5493 in
2914 5437 3097 5495 mente
3114 5437 3405 5497 habent...
3452 5437 3523 5498 A't
3554 5459 3624 5499 ne
3673 5446 3756 5500 sic

2176 5507 2653 5577 quidemtrapere
2689 5508 2737 5561 si
2757 5509 3021 5572 velint,...
3061 5529 3081 5562 ι

2250 5576 2359 5653 (20)
2420 5574 2560 5633 Cod.
2605 5577 2858 5653 διλὰτῳρ.
2909 5580 3105 5634 Melius
3149 5578 3491 5653 81;).d'cmpc.
3535 5581 3625 5636 25.
3659 5584 3757 5638 Est

2177 5644 2433 5719 Latinum
2471 5660 2672 5701 nomen
2703 5644 2940 5719 delator;
2970 5665 3165 5719 nunc,
3201 5644 3381 5719 puto,'
3408 5651 3479 5707 de
3526 5668 3756 5709 munere

2177 5715 2430 5789 quodam_
2437 5717 2779 5789 accusatoris
2803 5719 3021 5789 publico
3050 5715 3400 5789 capiendum.

2250 5783 2362 5926 (21)
2391 5782 2558 5910 Cf.dp.
2591 5788 2681 5851 Ἠ,
2714 5788 2769 5851 6,
2799 5782 2855 5843 et
2880 5804 2931 5843 c.
2956 5788 3046 5843 45.

2272 5855 2365 5924 22)
2396 5852 2474 5909 C0
2514 5871 2602 5925 ex,
2639 5856 2904 5924 λακτίσει,
2942 5860 2974 5926 ἢ
3012 5861 3043 5926 ῤ

2272 5852 2365 5925 22)
2396 5852 2602 5925 Codex,
2639 5856 2904 5924 λακτίσει,
2942 5860 3280 5931 ἢνραϐδίσει,
3317 5861 3353 5934 ἢ
3392 5861 3751 5935 μαστιγώσεν,

571 4801 684 4872 (10)
714 4800 872 4872 Conf.
913 4815 1037 4871 pag.
1056 4802 1155 4872 779.

573 4870 922 4942 (II)_Codex,
951 4870 1173 4942 ἀνεδῶς.
1223 4870 1392 4942 Infra,
1444 4871 1814 4936 ἁνεδέστατος.

500 4939 674 4996 etiam
696 4939 837 5011 infra
864 4955 1023 5011 capp.
1051 4941 1141 5005 43,
1178 4940 1265 4997 48.

602 5011 686 5082 I2)
717 5008 946 5082 Codex;
959 5008 1212 5082 βακχίας.

602 5081 688 5151 15)
708 5078 914 5151 (iudex,
947 5078 1428 5151 εὐδομηκονταδύο.

577 5148 687 5223 (ίρ)
717 5148 815 5223 Est
846 5164 1034 5223 supra,
1074 5148 1203 5223 cap.
1227 5150 1279 5216 5,
1318 5150 1627 5223 exemplum
1677 5157 2071 5223 παραγγελίας.

506 5217 676 5274 Conf.
701 5219 868 5272 etiam
899 5218 1041 5272 infra
1070 5217 1157 5273 cc.
1176 5219 1268 5284 25,
1304 5221 1395 5282 '25,
1416 5217 1507 5275 ‘26.

558 5285 912 5360 .(I5)ACodex
936 5287 1249 5360 Axéxttaeat,
1280 5291 1425 5360 malo
1461 5298 1691 5345 accentu
1728 5300 1785 5346 et
1811 5293 1952 5348 mala
1980 5312 2076 5351 vo-

508 5355 632 5435 cali.
657 5355 757 5435 Sic
778 5372 903 5410 mox
925 5357 1219 5435 dgpavjcaz.
1267 5358 1423 5435 Co_nf.
1467 5360 1635 5435 c.§Q.
1685 5360 1746 5435 In
1806 5361 2075 5435 Antigona

508 5429 631 5501 9.56,
666 5426 760 5501 ubi
788 5441 936 5481 nunc
963 5426 1017 5479 in
1056 5426 1461 5484 Ilertnanniana
1503 5429 1814 5501 I6‘legitur,
1848 5426 2074 5500 notabo,

507 5496 824 5569 diligentiae
855 5505 1068 5569 tantum
1114 5512 1486 5569 c_ausa,_gesse
1530 5500 1611 5569 ἡδ’
1652 5496 1729 5554 ⁷ἰῐι
1786 5496 2077 5561 codicibus

506 5559 917 5705 :3I3,2ﬁ886;ﬁ
962 5565 1015 5619 in
1052 5567 1244 5623 codice
1267 5559 1427 5635 9.884,
1475 5559 1601 5623 cum
1641 5570 1908 5627 varietate
1930 5559 2077 5631 mar-l

564 5654 600 5693 n
661 5655 673 5691 ι
753 5680 756 5683 λ

547 5654 673 5693 IXIRII
704 5654 756 5693 η.

510 5654 673 5709 gman
704 5654 756 5705 ηΔ

583 5708 694 5777 (16)
724 5704 881 5777 Conf.
909 5719 963 5774 p.
992 5707 1080 5771 82,
1108 5722 1167 5761 η.

581 5775 692 5843 (I7)
725 5775 865 5829 I’sal.
892 5791 1047 5839 Lxxx,
1084 5777 1217 5830 I3...

583 5849 696 5921 (l8)
719 5844 876 5901 Conf.
902 5860 955 5915 p.
989 5848 1075 5910 81,
1118 5862 1172 5900 n.
1201 5847 1252 5902 5.
