  <div class='ocr_page' id='page_1' title='image "/cluster/home/n/w/nwhite01/storage/ocr_20150623/86:1/hvd.32044019208909/305.png"; bbox 0 0 4088 6540; ppageno 0'>
   <div class='ocr_carea' id='block_1_1' title="bbox 485 515 590 580">
    <p class='ocr_par' dir='ltr' id='par_1_1' title="bbox 485 515 590 580">
     <span class='ocr_line' id='line_1_1' title="bbox 485 515 590 580; baseline 0.019 -2"><span class='ocrx_word' id='word_1_1' title='bbox 485 515 590 580; x_wconf 73' lang='lat'><strong>595</strong></span> 
     </span>
    </p>
   </div>
   <div class='ocr_carea' id='block_1_2' title="bbox 1445 513 2816 578">
    <p class='ocr_par' dir='ltr' id='par_1_2' title="bbox 1445 513 2816 578">
     <span class='ocr_line' id='line_1_2' title="bbox 1445 513 2816 578; baseline -0.002 -2"><span class='ocrx_word' id='word_1_2' title='bbox 1445 519 1506 578; x_wconf 92' lang='lat' dir='ltr'><strong>S.</strong></span> <span class='ocrx_word' id='word_1_3' title='bbox 1541 516 1966 578; x_wconf 81' lang='lat' dir='ltr'><strong>GREGENTII</strong></span> <span class='ocrx_word' id='word_1_4' title='bbox 2005 515 2239 576; x_wconf 76' lang='lat' dir='ltr'><strong>EPISC.</strong></span> <span class='ocrx_word' id='word_1_5' title='bbox 2279 513 2816 574; x_wconf 78' lang='lat' dir='ltr'><strong>TAPHABENSIS</strong></span> 
     </span>
    </p>
   </div>
   <div class='ocr_carea' id='block_1_3' title="bbox 3639 509 3743 572">
    <p class='ocr_par' dir='ltr' id='par_1_3' title="bbox 3639 509 3743 572">
     <span class='ocr_line' id='line_1_3' title="bbox 3639 509 3743 572; baseline 0 0"><span class='ocrx_word' id='word_1_6' title='bbox 3639 509 3743 572; x_wconf 85' lang='lat'><strong>596</strong></span> 
     </span>
    </p>
   </div>
   <div class='ocr_carea' id='block_1_4' title="bbox 482 622 2058 698">
    <p class='ocr_par' dir='ltr' id='par_1_4' title="bbox 482 625 2058 698">
     <span class='ocr_line' id='line_1_4' title="bbox 482 625 2058 698; baseline 0 -18"><span class='ocrx_word' id='word_1_7' title='bbox 482 639 576 698; x_wconf 68' lang='lat' dir='ltr'><strong>pio</strong></span> <span class='ocrx_word' id='word_1_8' title='bbox 618 625 811 682; x_wconf 88' lang='lat' dir='ltr'><strong>libello</strong></span> <span class='ocrx_word' id='word_1_9' title='bbox 855 641 978 683; x_wconf 87' lang='lat' dir='ltr'><strong>eam</strong></span> <span class='ocrx_word' id='word_1_10' title='bbox 1015 625 1190 698; x_wconf 86' lang='lat' dir='ltr'><strong>iudici</strong></span> <span class='ocrx_word' id='word_1_11' title='bbox 1235 627 1550 684; x_wconf 74' lang='lat' dir='ltr'><strong>denuntiet.</strong></span> <span class='ocrx_word' id='word_1_12' title='bbox 1601 627 1733 694; x_wconf 66' lang='lat' dir='ltr'><strong>Quae</strong></span> <span class='ocrx_word' id='word_1_13' title='bbox 1776 635 1959 682; x_wconf 88' lang='lat' dir='ltr'><strong>autem</strong></span> <span class='ocrx_word' id='word_1_14' title='bbox 2009 629 2058 681; x_wconf 88' lang='lat' dir='ltr'><strong>in</strong></span> 
     </span>
    </p>
   </div>
   <div class='ocr_carea' id='block_1_5' title="bbox 2161 622 3744 698">
    <p class='ocr_par' dir='ltr' id='par_1_5' title="bbox 2167 622 3744 696">
     <span class='ocr_line' id='line_1_5' title="bbox 2167 622 3744 696; baseline -0.002 -17"><span class='ocrx_word' id='word_1_15' title='bbox 2167 626 2490 681; x_wconf 88' lang='grc' dir='ltr'>πυκτευέτω</span> <span class='ocrx_word' id='word_1_16' title='bbox 2515 625 2570 679; x_wconf 82' lang='grc' dir='ltr'>δὲ</span> <span class='ocrx_word' id='word_1_17' title='bbox 2599 625 2773 696; x_wconf 86' lang='grc' dir='ltr'>αύτήν</span> <span class='ocrx_word' id='word_1_18' title='bbox 2804 624 2939 696; x_wconf 87' lang='lat'><strong>(50).</strong></span> <span class='ocrx_word' id='word_1_19' title='bbox 2972 625 3080 677; x_wconf 69' lang='grc' dir='ltr'><strong>Καὶ</strong></span> <span class='ocrx_word' id='word_1_20' title='bbox 3105 624 3163 676; x_wconf 78' lang='grc' dir='ltr'><strong>έν</strong></span> <span class='ocrx_word' id='word_1_21' title='bbox 3194 626 3259 694; x_wconf 79' lang='grc' dir='ltr'>τῇ</span> <span class='ocrx_word' id='word_1_22' title='bbox 3291 623 3540 693; x_wconf 72' lang='grc' dir='ltr'>ἁμαρτίᾳ</span> <span class='ocrx_word' id='word_1_23' title='bbox 3571 622 3744 694; x_wconf 79' lang='grc' dir='ltr'>αὐτῆς</span> 
     </span>
    </p>
   </div>
   <div class='ocr_carea' id='block_1_6' title="bbox 485 718 2062 789">
    <p class='ocr_par' dir='ltr' id='par_1_6' title="bbox 485 718 2062 789">
     <span class='ocr_line' id='line_1_6' title="bbox 485 718 2062 789; baseline 0 -17"><span class='ocrx_word' id='word_1_24' title='bbox 485 727 715 789; x_wconf 89' lang='lat' dir='ltr'><strong>peccato</strong></span> <span class='ocrx_word' id='word_1_25' title='bbox 752 732 854 774; x_wconf 88' lang='lat' dir='ltr'><strong>suo</strong></span> <span class='ocrx_word' id='word_1_26' title='bbox 902 718 1130 774; x_wconf 87' lang='lat' dir='ltr'><strong>inventa</strong></span> <span class='ocrx_word' id='word_1_27' title='bbox 1160 727 1266 784; x_wconf 87' lang='lat' dir='ltr'><strong>est,</strong></span> <span class='ocrx_word' id='word_1_28' title='bbox 1313 719 1692 776; x_wconf 88' lang='lat' dir='ltr'><strong>adulterarum</strong></span> <span class='ocrx_word' id='word_1_29' title='bbox 1741 719 2062 784; x_wconf 84' lang='lat' dir='ltr'><strong>mulierum,</strong></span> 
     </span>
    </p>
   </div>
   <div class='ocr_carea' id='block_1_7' title="bbox 486 809 2066 884">
    <p class='ocr_par' dir='ltr' id='par_1_7' title="bbox 486 809 2066 884">
     <span class='ocr_line' id='line_1_7' title="bbox 486 809 2066 884; baseline 0 -18"><span class='ocrx_word' id='word_1_30' title='bbox 486 825 677 878; x_wconf 62' lang='lat' dir='ltr'><strong>poenas</strong></span> <span class='ocrx_word' id='word_1_31' title='bbox 712 810 869 882; x_wconf 85' lang='lat' dir='ltr'><strong>iuxta</strong></span> <span class='ocrx_word' id='word_1_32' title='bbox 914 809 1090 882; x_wconf 80' lang='lat' dir='ltr'><strong>legem</strong></span> <span class='ocrx_word' id='word_1_33' title='bbox 1138 811 1275 867; x_wconf 89' lang='lat' dir='ltr'><strong>luat.</strong></span> <span class='ocrx_word' id='word_1_34' title='bbox 1307 810 1366 868; x_wconf 87' lang='lat' dir='ltr'><strong>Si</strong></span> <span class='ocrx_word' id='word_1_35' title='bbox 1410 811 1538 884; x_wconf 85' lang='lat' dir='ltr'><strong>quis</strong></span> <span class='ocrx_word' id='word_1_36' title='bbox 1573 821 1757 868; x_wconf 80' lang='lat' dir='ltr'><strong>autem</strong></span> <span class='ocrx_word' id='word_1_37' title='bbox 1803 811 2066 866; x_wconf 91' lang='lat' dir='ltr'><strong>inventus</strong></span> 
     </span>
    </p>
   </div>
   <div class='ocr_carea' id='block_1_8' title="bbox 481 901 2063 974">
    <p class='ocr_par' dir='ltr' id='par_1_8' title="bbox 481 901 2063 974">
     <span class='ocr_line' id='line_1_8' title="bbox 481 901 2063 974; baseline 0 -17"><span class='ocrx_word' id='word_1_38' title='bbox 481 902 650 957; x_wconf 87' lang='lat' dir='ltr'><strong>fuerit</strong></span> <span class='ocrx_word' id='word_1_39' title='bbox 678 901 840 974; x_wconf 73' lang='lat' dir='ltr'><strong>regiae</strong></span> <span class='ocrx_word' id='word_1_40' title='bbox 857 902 1206 958; x_wconf 72' lang='lat' dir='ltr'><strong>auctoritatis</strong></span> <span class='ocrx_word' id='word_1_41' title='bbox 1235 910 1440 960; x_wconf 73' lang='lat' dir='ltr'><strong>nostra:</strong></span> <span class='ocrx_word' id='word_1_42' title='bbox 1467 912 1806 974; x_wconf 71' lang='lat' dir='ltr'><strong>prteceptum</strong></span> <span class='ocrx_word' id='word_1_43' title='bbox 1828 901 2063 966; x_wconf 84' lang='lat' dir='ltr'><strong>violans,</strong></span> 
     </span>
    </p>
   </div>
   <div class='ocr_carea' id='block_1_9' title="bbox 485 994 2064 1068">
    <p class='ocr_par' dir='ltr' id='par_1_9' title="bbox 485 994 2064 1068">
     <span class='ocr_line' id='line_1_9' title="bbox 485 994 2064 1068; baseline -0.002 -16"><span class='ocrx_word' id='word_1_44' title='bbox 485 995 759 1067; x_wconf 73' lang='lat' dir='ltr'><strong>siquidem</strong></span> <span class='ocrx_word' id='word_1_45' title='bbox 793 996 1043 1066; x_wconf 86' lang='lat' dir='ltr'><strong>locuples</strong></span> <span class='ocrx_word' id='word_1_46' title='bbox 1078 995 1271 1062; x_wconf 88' lang='lat' dir='ltr'><strong>fuerit,</strong></span> <span class='ocrx_word' id='word_1_47' title='bbox 1321 1009 1418 1052; x_wconf 86' lang='lat' dir='ltr'><strong>sex</strong></span> <span class='ocrx_word' id='word_1_48' title='bbox 1462 1008 1520 1052; x_wconf 87' lang='lat' dir='ltr'><strong>et</strong></span> <span class='ocrx_word' id='word_1_49' title='bbox 1579 996 1805 1068; x_wconf 78' lang='lat' dir='ltr'><strong>triginta</strong></span> <span class='ocrx_word' id='word_1_50' title='bbox 1835 994 2064 1052; x_wconf 82' lang='lat' dir='ltr'><strong>fustium</strong></span> 
     </span>
    </p>
   </div>
   <div class='ocr_carea' id='block_1_10' title="bbox 487 1087 2068 1159">
    <p class='ocr_par' dir='ltr' id='par_1_10' title="bbox 487 1087 2068 1159">
     <span class='ocr_line' id='line_1_10' title="bbox 487 1087 2068 1159; baseline 0.001 -18"><span class='ocrx_word' id='word_1_51' title='bbox 487 1087 674 1158; x_wconf 79' lang='lat' dir='ltr'><strong>plagas</strong></span> <span class='ocrx_word' id='word_1_52' title='bbox 715 1087 972 1157; x_wconf 89' lang='lat' dir='ltr'><strong>accipiat,</strong></span> <span class='ocrx_word' id='word_1_53' title='bbox 1016 1096 1356 1159; x_wconf 86' lang='lat' dir='ltr'><strong>acceptaque</strong></span> <span class='ocrx_word' id='word_1_54' title='bbox 1398 1087 1781 1144; x_wconf 85' lang='lat' dir='ltr'><strong>admonitione</strong></span> <span class='ocrx_word' id='word_1_55' title='bbox 1819 1087 2068 1142; x_wconf 86' lang='lat' dir='ltr'><strong>dimitta-</strong></span> 
     </span>
    </p>
   </div>
   <div class='ocr_carea' id='block_1_11' title="bbox 488 1177 2062 1250">
    <p class='ocr_par' dir='ltr' id='par_1_11' title="bbox 488 1177 2062 1250">
     <span class='ocr_line' id='line_1_11' title="bbox 488 1177 2062 1250; baseline -0.002 -18"><span class='ocrx_word' id='word_1_56' title='bbox 488 1188 616 1240; x_wconf 82' lang='lat' dir='ltr'><strong>tur:</strong></span> <span class='ocrx_word' id='word_1_57' title='bbox 658 1178 704 1234; x_wconf 89' lang='lat' dir='ltr'><strong>si</strong></span> <span class='ocrx_word' id='word_1_58' title='bbox 733 1187 921 1234; x_wconf 89' lang='lat' dir='ltr'><strong>autem</strong></span> <span class='ocrx_word' id='word_1_59' title='bbox 966 1178 1148 1250; x_wconf 91' lang='lat' dir='ltr'><strong>inops,</strong></span> <span class='ocrx_word' id='word_1_60' title='bbox 1180 1179 1487 1234; x_wconf 87' lang='lat' dir='ltr'><strong>secundum</strong></span> <span class='ocrx_word' id='word_1_61' title='bbox 1519 1179 1698 1250; x_wconf 85' lang='lat' dir='ltr'><strong>ipsius</strong></span> <span class='ocrx_word' id='word_1_62' title='bbox 1744 1177 2062 1232; x_wconf 83' lang='lat' dir='ltr'><strong>facultatem</strong></span> 
     </span>
    </p>
   </div>
   <div class='ocr_carea' id='block_1_12' title="bbox 488 1265 2062 1342">
    <p class='ocr_par' dir='ltr' id='par_1_12' title="bbox 488 1265 2062 1342">
     <span class='ocr_line' id='line_1_12' title="bbox 488 1265 2062 1342; baseline -0.004 -16"><span class='ocrx_word' id='word_1_63' title='bbox 488 1272 774 1328; x_wconf 85' lang='lat' dir='ltr'><strong>multetur.</strong></span> <span class='ocrx_word' id='word_1_64' title='bbox 812 1269 970 1338; x_wconf 85' lang='lat' dir='ltr'><strong>Quod</strong></span> <span class='ocrx_word' id='word_1_65' title='bbox 1007 1271 1054 1328; x_wconf 89' lang='lat' dir='ltr'><strong>si</strong></span> <span class='ocrx_word' id='word_1_66' title='bbox 1100 1280 1224 1342; x_wconf 89' lang='lat' dir='ltr'><strong>post</strong></span> <span class='ocrx_word' id='word_1_67' title='bbox 1259 1271 1376 1327; x_wconf 66' lang='lat' dir='ltr'><strong>haac</strong></span> <span class='ocrx_word' id='word_1_68' title='bbox 1421 1270 1616 1326; x_wconf 89' lang='lat' dir='ltr'><strong>eadem</strong></span> <span class='ocrx_word' id='word_1_69' title='bbox 1668 1283 1888 1340; x_wconf 93' lang='lat' dir='ltr'><strong>quoque</strong></span> <span class='ocrx_word' id='word_1_70' title='bbox 1941 1265 2062 1322; x_wconf 87' lang='lat' dir='ltr'><strong>ausi</strong></span> 
     </span>
    </p>
   </div>
   <div class='ocr_carea' id='block_1_13' title="bbox 487 1359 2062 1434">
    <p class='ocr_par' dir='ltr' id='par_1_13' title="bbox 487 1359 2062 1434">
     <span class='ocr_line' id='line_1_13' title="bbox 487 1359 2062 1434; baseline -0.003 -17"><span class='ocrx_word' id='word_1_71' title='bbox 487 1362 622 1426; x_wconf 85' lang='lat' dir='ltr'><strong>sint,</strong></span> <span class='ocrx_word' id='word_1_72' title='bbox 674 1361 1045 1428; x_wconf 85' lang='lat' dir='ltr'><strong>adducantur,</strong></span> <span class='ocrx_word' id='word_1_73' title='bbox 1096 1362 1253 1434; x_wconf 87' lang='lat' dir='ltr'><strong>quasi</strong></span> <span class='ocrx_word' id='word_1_74' title='bbox 1281 1362 1415 1433; x_wconf 90' lang='lat' dir='ltr'><strong>regii</strong></span> <span class='ocrx_word' id='word_1_75' title='bbox 1453 1361 1712 1432; x_wconf 70' lang='lat' dir='ltr'><strong>praecepti</strong></span> <span class='ocrx_word' id='word_1_76' title='bbox 1745 1359 2062 1424; x_wconf 84' lang='lat' dir='ltr'><strong>violatores,</strong></span> 
     </span>
    </p>
   </div>
   <div class='ocr_carea' id='block_1_14' title="bbox 487 1453 2059 1527">
    <p class='ocr_par' dir='ltr' id='par_1_14' title="bbox 487 1453 2059 1527">
     <span class='ocr_line' id='line_1_14' title="bbox 487 1453 2059 1527; baseline -0.002 -16"><span class='ocrx_word' id='word_1_77' title='bbox 487 1467 657 1527; x_wconf 84' lang='lat' dir='ltr'><strong>atque</strong></span> <span class='ocrx_word' id='word_1_78' title='bbox 700 1455 844 1511; x_wconf 89' lang='lat' dir='ltr'><strong>bona</strong></span> <span class='ocrx_word' id='word_1_79' title='bbox 889 1469 1107 1522; x_wconf 90' lang='lat' dir='ltr'><strong>eorum,</strong></span> <span class='ocrx_word' id='word_1_80' title='bbox 1149 1456 1195 1512; x_wconf 92' lang='lat' dir='ltr'><strong>si</strong></span> <span class='ocrx_word' id='word_1_81' title='bbox 1223 1455 1449 1527; x_wconf 88' lang='lat' dir='ltr'><strong>quidem</strong></span> <span class='ocrx_word' id='word_1_82' title='bbox 1497 1455 1611 1510; x_wconf 90' lang='lat' dir='ltr'><strong>sint</strong></span> <span class='ocrx_word' id='word_1_83' title='bbox 1639 1453 1928 1517; x_wconf 90' lang='lat' dir='ltr'><strong>inferiora,</strong></span> <span class='ocrx_word' id='word_1_84' title='bbox 1973 1469 2059 1508; x_wconf 91' lang='lat' dir='ltr'><strong>re-</strong></span> 
     </span>
    </p>
   </div>
   <div class='ocr_carea' id='block_1_15' title="bbox 485 1545 2064 1618">
    <p class='ocr_par' dir='ltr' id='par_1_15' title="bbox 485 1545 2064 1618">
     <span class='ocr_line' id='line_1_15' title="bbox 485 1545 2064 1618; baseline -0.001 -16"><span class='ocrx_word' id='word_1_85' title='bbox 485 1547 668 1616; x_wconf 87' lang='lat' dir='ltr'><strong>gionis</strong></span> <span class='ocrx_word' id='word_1_86' title='bbox 691 1547 984 1618; x_wconf 57' lang='lat' dir='ltr'><strong>praefectus</strong></span> <span class='ocrx_word' id='word_1_87' title='bbox 1022 1563 1149 1603; x_wconf 91' lang='lat' dir='ltr'><strong>cum</strong></span> <span class='ocrx_word' id='word_1_88' title='bbox 1176 1547 1450 1604; x_wconf 85' lang='lat' dir='ltr'><strong>militibus</strong></span> <span class='ocrx_word' id='word_1_89' title='bbox 1485 1547 1666 1618; x_wconf 89' lang='lat' dir='ltr'><strong>ipsum</strong></span> <span class='ocrx_word' id='word_1_90' title='bbox 1702 1545 2064 1616; x_wconf 83' lang='lat' dir='ltr'><strong>sequentibus</strong></span> 
     </span>
    </p>
   </div>
   <div class='ocr_carea' id='block_1_16' title="bbox 485 1635 2065 1710">
    <p class='ocr_par' dir='ltr' id='par_1_16' title="bbox 485 1635 2065 1710">
     <span class='ocr_line' id='line_1_16' title="bbox 485 1635 2065 1710; baseline -0.001 -17"><span class='ocrx_word' id='word_1_91' title='bbox 485 1635 732 1706; x_wconf 82' lang='lat' dir='ltr'><strong>dividat;</strong></span> <span class='ocrx_word' id='word_1_92' title='bbox 765 1639 811 1694; x_wconf 89' lang='lat' dir='ltr'><strong>si</strong></span> <span class='ocrx_word' id='word_1_93' title='bbox 853 1654 988 1695; x_wconf 91' lang='lat' dir='ltr'><strong>vero</strong></span> <span class='ocrx_word' id='word_1_94' title='bbox 1017 1654 1212 1710; x_wconf 86' lang='lat' dir='ltr'><strong>magna</strong></span> <span class='ocrx_word' id='word_1_95' title='bbox 1241 1648 1299 1694; x_wconf 90' lang='lat' dir='ltr'><strong>et</strong></span> <span class='ocrx_word' id='word_1_96' title='bbox 1324 1638 1633 1710; x_wconf 88' lang='lat' dir='ltr'><strong>superiora,</strong></span> <span class='ocrx_word' id='word_1_97' title='bbox 1667 1637 1818 1710; x_wconf 90' lang='lat' dir='ltr'><strong>regio</strong></span> <span class='ocrx_word' id='word_1_98' title='bbox 1841 1637 2065 1707; x_wconf 85' lang='lat' dir='ltr'><strong>dispen-</strong></span> 
     </span>
    </p>
   </div>
   <div class='ocr_carea' id='block_1_17' title="bbox 485 1731 2060 1790">
    <p class='ocr_par' dir='ltr' id='par_1_17' title="bbox 485 1731 2060 1790">
     <span class='ocr_line' id='line_1_17' title="bbox 485 1731 2060 1790; baseline -0.005 0"><span class='ocrx_word' id='word_1_99' title='bbox 485 1732 658 1790; x_wconf 82' lang='lat' dir='ltr'><strong>satori</strong></span> <span class='ocrx_word' id='word_1_100' title='bbox 697 1731 898 1788; x_wconf 81' lang='lat' dir='ltr'><strong>tradat.</strong></span> <span class='ocrx_word' id='word_1_101' title='bbox 936 1731 1020 1787; x_wconf 88' lang='lat' dir='ltr'><strong>llli</strong></span> <span class='ocrx_word' id='word_1_102' title='bbox 1063 1742 1249 1789; x_wconf 84' lang='lat' dir='ltr'><strong>autem</strong></span> <span class='ocrx_word' id='word_1_103' title='bbox 1283 1747 1314 1788; x_wconf 92' lang='lat' dir='ltr'><strong>e</strong></span> <span class='ocrx_word' id='word_1_104' title='bbox 1348 1731 1572 1788; x_wconf 78' lang='lat' dir='ltr'><strong>civitate</strong></span> <span class='ocrx_word' id='word_1_105' title='bbox 1597 1731 2060 1787; x_wconf 84' lang='lat' dir='ltr'><strong>exterminentur.</strong></span> 
     </span>
    </p>
   </div>
   <div class='ocr_carea' id='block_1_18' title="bbox 2164 715 3745 791">
    <p class='ocr_par' dir='ltr' id='par_1_18' title="bbox 2164 715 3745 791">
     <span class='ocr_line' id='line_1_18' title="bbox 2164 715 3745 791; baseline -0.003 -19"><span class='ocrx_word' id='word_1_106' title='bbox 2164 717 2538 791; x_wconf 83' lang='grc' dir='ltr'>εὐρισκομένη</span> <span class='ocrx_word' id='word_1_107' title='bbox 2570 717 2672 789; x_wconf 83' lang='grc' dir='ltr'>τὴν</span> <span class='ocrx_word' id='word_1_108' title='bbox 2708 717 2819 772; x_wconf 89' lang='grc' dir='ltr'><strong>τῶν</strong></span> <span class='ocrx_word' id='word_1_109' title='bbox 2861 715 3190 788; x_wconf 83' lang='grc' dir='ltr'>μοιχαλίδων</span> <span class='ocrx_word' id='word_1_110' title='bbox 3223 715 3500 784; x_wconf 89' lang='grc' dir='ltr'>γυναικῶν</span> <span class='ocrx_word' id='word_1_111' title='bbox 3551 715 3745 786; x_wconf 80' lang='grc' dir='ltr'>ποινὴν</span> 
     </span>
    </p>
   </div>
   <div class='ocr_carea' id='block_1_19' title="bbox 2164 804 3743 885">
    <p class='ocr_par' dir='ltr' id='par_1_19' title="bbox 2164 804 3743 885">
     <span class='ocr_line' id='line_1_19' title="bbox 2164 804 3743 885; baseline -0.004 -17"><span class='ocrx_word' id='word_1_112' title='bbox 2164 811 2487 885; x_wconf 80' lang='grc' dir='ltr'><strong>ὑπομενέτω</strong></span> <span class='ocrx_word' id='word_1_113' title='bbox 2539 810 2696 882; x_wconf 82' lang='grc' dir='ltr'>παρὰ</span> <span class='ocrx_word' id='word_1_114' title='bbox 2735 810 2832 865; x_wconf 83' lang='grc' dir='ltr'><strong>τοῦ</strong></span> <span class='ocrx_word' id='word_1_115' title='bbox 2877 804 3068 881; x_wconf 74' lang='grc' dir='ltr'>νόμου.</span> <span class='ocrx_word' id='word_1_116' title='bbox 3123 809 3248 863; x_wconf 84' lang='grc' dir='ltr'>Ἐὰν</span> <span class='ocrx_word' id='word_1_117' title='bbox 3308 808 3365 863; x_wconf 90' lang='grc' dir='ltr'><strong>δέ</strong></span> <span class='ocrx_word' id='word_1_118' title='bbox 3415 826 3502 874; x_wconf 90' lang='grc' dir='ltr'><strong>τις</strong></span> <span class='ocrx_word' id='word_1_119' title='bbox 3543 809 3743 881; x_wconf 76' lang='grc' dir='ltr'>εὑρεθῇ</span> 
     </span>
    </p>
   </div>
   <div class='ocr_carea' id='block_1_20' title="bbox 2165 899 3742 980">
    <p class='ocr_par' dir='ltr' id='par_1_20' title="bbox 2165 899 3742 980">
     <span class='ocr_line' id='line_1_20' title="bbox 2165 899 3742 980; baseline -0.005 -18"><span class='ocrx_word' id='word_1_120' title='bbox 2165 906 2523 980; x_wconf 91' lang='grc' dir='ltr'>παραϐαίνων</span> <span class='ocrx_word' id='word_1_121' title='bbox 2558 905 2620 958; x_wconf 79' lang='grc' dir='ltr'>τὸ</span> <span class='ocrx_word' id='word_1_122' title='bbox 2646 904 2982 976; x_wconf 82' lang='grc' dir='ltr'>πρόσταγμα</span> <span class='ocrx_word' id='word_1_123' title='bbox 3005 901 3109 973; x_wconf 80' lang='grc' dir='ltr'>τῆς</span> <span class='ocrx_word' id='word_1_124' title='bbox 3132 899 3411 972; x_wconf 77' lang='grc' dir='ltr'>ἡμετέρας</span> <span class='ocrx_word' id='word_1_125' title='bbox 3439 899 3742 971; x_wconf 79' lang='grc' dir='ltr'><strong>βασιλείας,</strong></span> 
     </span>
    </p>
   </div>
   <div class='ocr_carea' id='block_1_21' title="bbox 2163 992 3743 1072">
    <p class='ocr_par' dir='ltr' id='par_1_21' title="bbox 2163 992 3743 1072">
     <span class='ocr_line' id='line_1_21' title="bbox 2163 992 3743 1072; baseline -0.006 -17"><span class='ocrx_word' id='word_1_126' title='bbox 2163 1002 2214 1055; x_wconf 83' lang='grc' dir='ltr'><strong>εί</strong></span> <span class='ocrx_word' id='word_1_127' title='bbox 2238 1000 2338 1072; x_wconf 79' lang='grc' dir='ltr'>μὲν</span> <span class='ocrx_word' id='word_1_128' title='bbox 2361 997 2625 1063; x_wconf 85' lang='grc' dir='ltr'>πλούσιός</span> <span class='ocrx_word' id='word_1_129' title='bbox 2652 999 2792 1063; x_wconf 75' lang='grc' dir='ltr'>ἐστι,</span> <span class='ocrx_word' id='word_1_130' title='bbox 2807 995 3048 1066; x_wconf 85' lang='grc' dir='ltr'><strong>δεχέσθω</strong></span> <span class='ocrx_word' id='word_1_131' title='bbox 3071 995 3344 1066; x_wconf 88' lang='grc' dir='ltr'>μάστιγας</span> <span class='ocrx_word' id='word_1_132' title='bbox 3363 992 3743 1065; x_wconf 82' lang='grc' dir='ltr'>τριακονταὲξ,</span> 
     </span>
    </p>
   </div>
   <div class='ocr_carea' id='block_1_22' title="bbox 2165 1085 3746 1164">
    <p class='ocr_par' dir='ltr' id='par_1_22' title="bbox 2165 1085 3746 1164">
     <span class='ocr_line' id='line_1_22' title="bbox 2165 1085 3746 1164; baseline -0.006 -17"><span class='ocrx_word' id='word_1_133' title='bbox 2165 1094 2282 1158; x_wconf 74' lang='grc' dir='ltr'>καὶ,</span> <span class='ocrx_word' id='word_1_134' title='bbox 2307 1089 2686 1164; x_wconf 81' lang='grc' dir='ltr'>παραγγελίαν</span> <span class='ocrx_word' id='word_1_135' title='bbox 2719 1087 2982 1159; x_wconf 86' lang='grc' dir='ltr'>είληφὼς,</span> <span class='ocrx_word' id='word_1_136' title='bbox 3014 1085 3338 1140; x_wconf 79' lang='grc' dir='ltr'><strong>ἀπολυέσθω</strong></span> <span class='ocrx_word' id='word_1_137' title='bbox 3357 1102 3371 1116; x_wconf 76' lang='grc' dir='ltr'><strong><em>ο</em></strong></span> <span class='ocrx_word' id='word_1_138' title='bbox 3409 1087 3458 1139; x_wconf 85' lang='grc' dir='ltr'><strong>εί</strong></span> <span class='ocrx_word' id='word_1_139' title='bbox 3489 1085 3546 1138; x_wconf 86' lang='grc' dir='ltr'>δὲ</span> <span class='ocrx_word' id='word_1_140' title='bbox 3575 1085 3746 1156; x_wconf 80' lang='grc' dir='ltr'>πένης</span> 
     </span>
    </p>
   </div>
   <div class='ocr_carea' id='block_1_23' title="bbox 2165 1177 3746 1256">
    <p class='ocr_par' dir='ltr' id='par_1_23' title="bbox 2165 1177 3746 1256">
     <span class='ocr_line' id='line_1_23' title="bbox 2165 1177 3746 1256; baseline -0.005 -18"><span class='ocrx_word' id='word_1_141' title='bbox 2165 1185 2307 1250; x_wconf 72' lang='grc' dir='ltr'>ἐστὶ,</span> <span class='ocrx_word' id='word_1_142' title='bbox 2343 1182 2663 1256; x_wconf 80' lang='grc' dir='ltr'><strong>ζημιούσθω</strong></span> <span class='ocrx_word' id='word_1_143' title='bbox 2699 1179 2843 1236; x_wconf 83' lang='grc' dir='ltr'>κατὰ</span> <span class='ocrx_word' id='word_1_144' title='bbox 2867 1179 2966 1247; x_wconf 82' lang='grc' dir='ltr'>τὴν</span> <span class='ocrx_word' id='word_1_145' title='bbox 2990 1177 3227 1250; x_wconf 90' lang='grc' dir='ltr'>δύναμιν</span> <span class='ocrx_word' id='word_1_146' title='bbox 3253 1177 3446 1235; x_wconf 81' lang='grc' dir='ltr'>αὑτοῦ.</span> <span class='ocrx_word' id='word_1_147' title='bbox 3475 1178 3537 1231; x_wconf 76' lang='lat' dir='ltr'><strong>Ei</strong></span> <span class='ocrx_word' id='word_1_148' title='bbox 3565 1178 3624 1231; x_wconf 84' lang='grc' dir='ltr'>δὲ</span> <span class='ocrx_word' id='word_1_149' title='bbox 3648 1178 3746 1231; x_wconf 77' lang='grc' dir='ltr'>καὶ</span> 
     </span>
    </p>
   </div>
   <div class='ocr_carea' id='block_1_24' title="bbox 2167 1268 3745 1346">
    <p class='ocr_par' dir='ltr' id='par_1_24' title="bbox 2167 1268 3745 1346">
     <span class='ocr_line' id='line_1_24' title="bbox 2167 1268 3745 1346; baseline -0.004 -17"><span class='ocrx_word' id='word_1_150' title='bbox 2167 1275 2468 1346; x_wconf 82' lang='grc' dir='ltr'>μετέπειτα</span> <span class='ocrx_word' id='word_1_151' title='bbox 2493 1273 2564 1328; x_wconf 82' lang='grc' dir='ltr'><strong>τὰ</strong></span> <span class='ocrx_word' id='word_1_152' title='bbox 2596 1272 2741 1327; x_wconf 85' lang='grc' dir='ltr'>αύτὰ</span> <span class='ocrx_word' id='word_1_153' title='bbox 2763 1270 3278 1340; x_wconf 86' lang='grc' dir='ltr'>κατατολμήσωσιν,</span> <span class='ocrx_word' id='word_1_154' title='bbox 3311 1268 3745 1340; x_wconf 76' lang='grc' dir='ltr'>είσκομιζέσθω-</span> 
     </span>
    </p>
   </div>
   <div class='ocr_carea' id='block_1_25' title="bbox 2167 1360 3745 1437">
    <p class='ocr_par' dir='ltr' id='par_1_25' title="bbox 2167 1360 3745 1437">
     <span class='ocr_line' id='line_1_25' title="bbox 2167 1360 3745 1437; baseline -0.004 -16"><span class='ocrx_word' id='word_1_155' title='bbox 2167 1383 2268 1421; x_wconf 91' lang='grc' dir='ltr'><strong>σαν</strong></span> <span class='ocrx_word' id='word_1_156' title='bbox 2292 1367 2368 1431; x_wconf 85' lang='grc' dir='ltr'>ὡς</span> <span class='ocrx_word' id='word_1_157' title='bbox 2401 1365 2690 1437; x_wconf 79' lang='grc' dir='ltr'><strong>βασιλικῆς</strong></span> <span class='ocrx_word' id='word_1_158' title='bbox 2731 1361 3040 1424; x_wconf 83' lang='grc' dir='ltr'>κελεύσεως</span> <span class='ocrx_word' id='word_1_159' title='bbox 3088 1360 3458 1431; x_wconf 80' lang='grc' dir='ltr'><strong>ἀλογήσαντες</strong></span> <span class='ocrx_word' id='word_1_160' title='bbox 3484 1361 3618 1432; x_wconf 78' lang='grc'><strong>(51),</strong></span> <span class='ocrx_word' id='word_1_161' title='bbox 3648 1363 3745 1416; x_wconf 75' lang='grc' dir='ltr'>καὶ</span> 
     </span>
    </p>
   </div>
   <div class='ocr_carea' id='block_1_26' title="bbox 2163 1451 3746 1529">
    <p class='ocr_par' dir='ltr' id='par_1_26' title="bbox 2163 1451 3746 1529">
     <span class='ocr_line' id='line_1_26' title="bbox 2163 1451 3746 1529; baseline -0.002 -18"><span class='ocrx_word' id='word_1_162' title='bbox 2163 1457 2266 1528; x_wconf 79' lang='grc' dir='ltr'>τὴν</span> <span class='ocrx_word' id='word_1_163' title='bbox 2295 1455 2536 1529; x_wconf 76' lang='grc' dir='ltr'>ὓπαρξιν</span> <span class='ocrx_word' id='word_1_164' title='bbox 2562 1454 2764 1519; x_wconf 80' lang='grc' dir='ltr'>αὐτῶν,</span> <span class='ocrx_word' id='word_1_165' title='bbox 2795 1454 2846 1507; x_wconf 84' lang='grc' dir='ltr'><strong>εί</strong></span> <span class='ocrx_word' id='word_1_166' title='bbox 2879 1453 2980 1525; x_wconf 84' lang='grc' dir='ltr'>μὲν</span> <span class='ocrx_word' id='word_1_167' title='bbox 3028 1451 3434 1523; x_wconf 87' lang='grc' dir='ltr'>καταδεεστέρα</span> <span class='ocrx_word' id='word_1_168' title='bbox 3469 1453 3608 1517; x_wconf 74' lang='grc' dir='ltr'>ἐστὶ,</span> <span class='ocrx_word' id='word_1_169' title='bbox 3657 1453 3746 1508; x_wconf 71' lang='grc' dir='ltr'><strong>διὰ</strong></span> 
     </span>
    </p>
   </div>
   <div class='ocr_carea' id='block_1_27' title="bbox 2162 1544 3748 1622">
    <p class='ocr_par' dir='ltr' id='par_1_27' title="bbox 2162 1544 3748 1622">
     <span class='ocr_line' id='line_1_27' title="bbox 2162 1544 3748 1622; baseline -0.004 -17"><span class='ocrx_word' id='word_1_170' title='bbox 2162 1550 2268 1622; x_wconf 78' lang='lat'><strong>91</strong></span> <span class='ocrx_word' id='word_1_171' title='bbox 2309 1549 2419 1604; x_wconf 91' lang='grc' dir='ltr'><strong>τῶν</strong></span> <span class='ocrx_word' id='word_1_172' title='bbox 2461 1547 2848 1618; x_wconf 80' lang='grc' dir='ltr'>συνεπομένων</span> <span class='ocrx_word' id='word_1_173' title='bbox 2893 1544 3044 1618; x_wconf 87' lang='grc' dir='ltr'><strong>αύτῷ</strong></span> <span class='ocrx_word' id='word_1_174' title='bbox 3091 1544 3444 1618; x_wconf 85' lang='grc' dir='ltr'>στρατιωτῶν</span> <span class='ocrx_word' id='word_1_175' title='bbox 3492 1545 3748 1617; x_wconf 85' lang='grc' dir='ltr'>διαμερι-</span> 
     </span>
    </p>
   </div>
   <div class='ocr_carea' id='block_1_28' title="bbox 2165 1634 3747 1710">
    <p class='ocr_par' dir='ltr' id='par_1_28' title="bbox 2165 1634 3747 1710">
     <span class='ocr_line' id='line_1_28' title="bbox 2165 1634 3747 1710; baseline -0.004 -16"><span class='ocrx_word' id='word_1_176' title='bbox 2165 1639 2343 1705; x_wconf 82' lang='grc' dir='ltr'>ζέσθω</span> <span class='ocrx_word' id='word_1_177' title='bbox 2371 1637 2544 1710; x_wconf 77' lang='grc' dir='ltr'>αὐτὴν</span> <span class='ocrx_word' id='word_1_178' title='bbox 2565 1638 2594 1690; x_wconf 85' lang='grc' dir='ltr'><strong>ὁ</strong></span> <span class='ocrx_word' id='word_1_179' title='bbox 2620 1636 3005 1707; x_wconf 84' lang='grc' dir='ltr'>γειτονιάρχης</span> <span class='ocrx_word' id='word_1_180' title='bbox 3041 1635 3183 1705; x_wconf 85' lang='grc' dir='ltr'>μετὰ</span> <span class='ocrx_word' id='word_1_181' title='bbox 3215 1634 3323 1688; x_wconf 90' lang='grc' dir='ltr'><strong>τῶν</strong></span> <span class='ocrx_word' id='word_1_182' title='bbox 3361 1635 3747 1704; x_wconf 82' lang='grc' dir='ltr'>συνεπομένων</span> 
     </span>
    </p>
   </div>
   <div class='ocr_carea' id='block_1_29' title="bbox 2162 1725 3749 1800">
    <p class='ocr_par' dir='ltr' id='par_1_29' title="bbox 2162 1725 3749 1800">
     <span class='ocr_line' id='line_1_29' title="bbox 2162 1725 3749 1800; baseline -0.003 -16"><span class='ocrx_word' id='word_1_183' title='bbox 2162 1729 2314 1800; x_wconf 85' lang='grc' dir='ltr'><strong>αύτῷ</strong></span> <span class='ocrx_word' id='word_1_184' title='bbox 2353 1728 2706 1800; x_wconf 82' lang='grc' dir='ltr'>στρατιωτῶν</span> <span class='ocrx_word' id='word_1_185' title='bbox 2727 1743 2741 1758; x_wconf 80' lang='lat'><strong>&#39;</strong></span> <span class='ocrx_word' id='word_1_186' title='bbox 2770 1729 2820 1784; x_wconf 83' lang='grc' dir='ltr'><strong>εί</strong></span> <span class='ocrx_word' id='word_1_187' title='bbox 2847 1726 2904 1780; x_wconf 81' lang='grc' dir='ltr'>δὲ</span> <span class='ocrx_word' id='word_1_188' title='bbox 2953 1725 3150 1798; x_wconf 86' lang='grc' dir='ltr'>βαρεῖά</span> <span class='ocrx_word' id='word_1_189' title='bbox 3189 1725 3274 1789; x_wconf 89' lang='grc' dir='ltr'><strong>τίς</strong></span> <span class='ocrx_word' id='word_1_190' title='bbox 3307 1728 3424 1780; x_wconf 80' lang='grc' dir='ltr'>ἔστι</span> <span class='ocrx_word' id='word_1_191' title='bbox 3457 1726 3552 1780; x_wconf 76' lang='grc' dir='ltr'>καὶ</span> <span class='ocrx_word' id='word_1_192' title='bbox 3579 1726 3749 1796; x_wconf 79' lang='grc' dir='ltr'>ὑπέρ·</span> 
     </span>
    </p>
   </div>
   <div class='ocr_carea' id='block_1_30' title="bbox 2161 1816 3744 1892">
    <p class='ocr_par' dir='ltr' id='par_1_30' title="bbox 2161 1816 3744 1892">
     <span class='ocr_line' id='line_1_30' title="bbox 2161 1816 3744 1892; baseline -0.004 -16"><span class='ocrx_word' id='word_1_193' title='bbox 2161 1839 2348 1892; x_wconf 81' lang='grc' dir='ltr'>ογκος,</span> <span class='ocrx_word' id='word_1_194' title='bbox 2375 1820 2454 1891; x_wconf 84' lang='grc' dir='ltr'><strong>τῷ</strong></span> <span class='ocrx_word' id='word_1_195' title='bbox 2501 1820 2735 1891; x_wconf 85' lang='grc' dir='ltr'>ταμιείῳ</span> <span class='ocrx_word' id='word_1_196' title='bbox 2768 1818 2848 1890; x_wconf 84' lang='grc' dir='ltr'><strong>τῷ</strong></span> <span class='ocrx_word' id='word_1_197' title='bbox 2892 1817 3158 1888; x_wconf 82' lang='grc' dir='ltr'>βασιλικῷ</span> <span class='ocrx_word' id='word_1_198' title='bbox 3195 1817 3556 1889; x_wconf 80' lang='grc' dir='ltr'>προσαγέσθω</span> <span class='ocrx_word' id='word_1_199' title='bbox 3590 1816 3702 1890; x_wconf 72' lang='lat'><strong>(52)</strong></span> <span class='ocrx_word' id='word_1_200' title='bbox 3729 1834 3744 1848; x_wconf 76' lang='grc' dir='ltr'><strong>ο</strong></span> 
     </span>
    </p>
   </div>
   <div class='ocr_carea' id='block_1_31' title="bbox 2163 1911 3280 1986">
    <p class='ocr_par' dir='ltr' id='par_1_31' title="bbox 2163 1911 3280 1986">
     <span class='ocr_line' id='line_1_31' title="bbox 2163 1911 3280 1986; baseline -0.004 -17"><span class='ocrx_word' id='word_1_201' title='bbox 2163 1915 2257 1969; x_wconf 72' lang='grc' dir='ltr'>καὶ</span> <span class='ocrx_word' id='word_1_202' title='bbox 2277 1915 2434 1969; x_wconf 68' lang='grc' dir='ltr'>αὐτοὶ</span> <span class='ocrx_word' id='word_1_203' title='bbox 2459 1913 2898 1986; x_wconf 81' lang='grc' dir='ltr'>ὲξοριζέσθωσαν</span> <span class='ocrx_word' id='word_1_204' title='bbox 2926 1912 3026 1983; x_wconf 83' lang='grc' dir='ltr'>τῆς</span> <span class='ocrx_word' id='word_1_205' title='bbox 3046 1911 3280 1976; x_wconf 86' lang='grc' dir='ltr'>πόλεως.</span> 
     </span>
    </p>
   </div>
   <div class='ocr_carea' id='block_1_32' title="bbox 549 2001 2058 2082">
    <p class='ocr_par' dir='ltr' id='par_1_32' title="bbox 549 2010 2058 2082">
     <span class='ocr_line' id='line_1_32' title="bbox 549 2010 2058 2082; baseline -0.003 -14"><span class='ocrx_word' id='word_1_206' title='bbox 549 2010 682 2082; x_wconf 87' lang='lat' dir='ltr'><strong>Cap.</strong></span> <span class='ocrx_word' id='word_1_207' title='bbox 719 2011 885 2067; x_wconf 79' lang='lat' dir='ltr'><strong>XXV.</strong></span> <span class='ocrx_word' id='word_1_208' title='bbox 927 2043 995 2052; x_wconf 90' lang='lat'><strong>—</strong></span> <span class='ocrx_word' id='word_1_209' title='bbox 1043 2010 1333 2066; x_wconf 82' lang='lat' dir='ltr'><strong>Hominem</strong></span> <span class='ocrx_word' id='word_1_210' title='bbox 1383 2027 1516 2068; x_wconf 89' lang='lat' dir='ltr'><strong>vero</strong></span> <span class='ocrx_word' id='word_1_211' title='bbox 1571 2012 1740 2066; x_wconf 89' lang='lat' dir='ltr'><strong>nimia</strong></span> <span class='ocrx_word' id='word_1_212' title='bbox 1790 2010 2058 2066; x_wconf 87' lang='lat' dir='ltr'><strong>ebrietate</strong></span> 
     </span>
    </p>
   </div>
   <div class='ocr_carea' id='block_1_33' title="bbox 2161 2001 3750 2082">
    <p class='ocr_par' dir='ltr' id='par_1_33' title="bbox 2235 2001 3750 2077">
     <span class='ocr_line' id='line_1_33' title="bbox 2235 2001 3750 2077; baseline -0.003 -15"><span class='ocrx_word' id='word_1_213' title='bbox 2235 2010 2382 2076; x_wconf 83' lang='grc' dir='ltr'>Κεφ.</span> <span class='ocrx_word' id='word_1_214' title='bbox 2417 2005 2547 2060; x_wconf 80' lang='lat' dir='ltr'><strong>KE&#39;.</strong></span> <span class='ocrx_word' id='word_1_215' title='bbox 2589 2001 2884 2077; x_wconf 82' lang='grc' dir='ltr'>Ἀνθρὼπῳ</span> <span class='ocrx_word' id='word_1_216' title='bbox 2942 2003 3264 2074; x_wconf 82' lang='grc' dir='ltr'>μεθυσθέντι</span> <span class='ocrx_word' id='word_1_217' title='bbox 3318 2004 3656 2076; x_wconf 82' lang='grc' dir='ltr'>ἀκορέστως,</span> <span class='ocrx_word' id='word_1_218' title='bbox 3698 2005 3750 2058; x_wconf 79' lang='grc' dir='ltr'><strong>εί</strong></span> 
     </span>
    </p>
   </div>
   <div class='ocr_carea' id='block_1_34' title="bbox 405 2101 2062 2174">
    <p class='ocr_par' dir='ltr' id='par_1_34' title="bbox 405 2101 2062 2174">
     <span class='ocr_line' id='line_1_34' title="bbox 405 2101 2062 2174; baseline -0.001 -15"><span class='ocrx_word' id='word_1_219' title='bbox 405 2131 407 2133; x_wconf 60' lang='grc' dir='ltr'><strong>ι</strong></span> <span class='ocrx_word' id='word_1_220' title='bbox 481 2103 820 2171; x_wconf 85' lang='lat' dir='ltr'><strong>madentem,</strong></span> <span class='ocrx_word' id='word_1_221' title='bbox 864 2105 982 2160; x_wconf 83' lang='lat' dir='ltr'><strong>sive</strong></span> <span class='ocrx_word' id='word_1_222' title='bbox 1018 2103 1333 2170; x_wconf 88' lang='lat' dir='ltr'><strong>mulierem,</strong></span> <span class='ocrx_word' id='word_1_223' title='bbox 1377 2113 1435 2160; x_wconf 91' lang='lat' dir='ltr'><strong>et</strong></span> <span class='ocrx_word' id='word_1_224' title='bbox 1477 2119 1578 2174; x_wconf 88' lang='lat' dir='ltr'><strong>per</strong></span> <span class='ocrx_word' id='word_1_225' title='bbox 1625 2103 1808 2158; x_wconf 91' lang='lat' dir='ltr'><strong>forum</strong></span> <span class='ocrx_word' id='word_1_226' title='bbox 1841 2103 1950 2158; x_wconf 86' lang='lat' dir='ltr'><strong>iter</strong></span> <span class='ocrx_word' id='word_1_227' title='bbox 1982 2101 2062 2157; x_wconf 79' lang='lat' dir='ltr'><strong>fa-</strong></span> 
     </span>
    </p>
   </div>
   <div class='ocr_carea' id='block_1_35' title="bbox 457 2194 2060 2270">
    <p class='ocr_par' dir='ltr' id='par_1_35' title="bbox 457 2194 2060 2270">
     <span class='ocr_line' id='line_1_35' title="bbox 457 2194 2060 2270; baseline 0.001 -21"><span class='ocrx_word' id='word_1_228' title='bbox 457 2195 743 2270; x_wconf 28' lang='lat' dir='ltr'><strong>‘cientem,</strong></span> <span class='ocrx_word' id='word_1_229' title='bbox 763 2196 1224 2268; x_wconf 86' lang='lat' dir='ltr'><strong>vacillantemque</strong></span> <span class='ocrx_word' id='word_1_230' title='bbox 1264 2196 1522 2268; x_wconf 86' lang='lat' dir='ltr'><strong>pedibus,</strong></span> <span class='ocrx_word' id='word_1_231' title='bbox 1546 2203 1602 2254; x_wconf 85' lang='lat' dir='ltr'><strong>et</strong></span> <span class='ocrx_word' id='word_1_232' title='bbox 1623 2212 1812 2251; x_wconf 90' lang='lat' dir='ltr'><strong>muros</strong></span> <span class='ocrx_word' id='word_1_233' title='bbox 1826 2194 2060 2252; x_wconf 89' lang='lat' dir='ltr'><strong>subinde</strong></span> 
     </span>
    </p>
   </div>
   <div class='ocr_carea' id='block_1_36' title="bbox 479 2288 2062 2360">
    <p class='ocr_par' dir='ltr' id='par_1_36' title="bbox 479 2288 2062 2360">
     <span class='ocr_line' id='line_1_36' title="bbox 479 2288 2062 2360; baseline 0.001 -18"><span class='ocrx_word' id='word_1_234' title='bbox 479 2296 882 2352; x_wconf 88' lang='lat' dir='ltr'><strong>conterentem,</strong></span> <span class='ocrx_word' id='word_1_235' title='bbox 917 2288 1319 2359; x_wconf 85' lang='lat' dir='ltr'><strong>comprehendi</strong></span> <span class='ocrx_word' id='word_1_236' title='bbox 1343 2289 1624 2360; x_wconf 83' lang='lat' dir='ltr'><strong>iubemus,</strong></span> <span class='ocrx_word' id='word_1_237' title='bbox 1653 2289 1974 2360; x_wconf 89' lang='lat' dir='ltr'><strong>includique</strong></span> <span class='ocrx_word' id='word_1_238' title='bbox 2004 2298 2062 2344; x_wconf 89' lang='lat' dir='ltr'><strong>et</strong></span> 
     </span>
    </p>
   </div>
   <div class='ocr_carea' id='block_1_37' title="bbox 477 2375 2062 2448">
    <p class='ocr_par' dir='ltr' id='par_1_37' title="bbox 477 2375 2062 2448">
     <span class='ocr_line' id='line_1_37' title="bbox 477 2375 2062 2448; baseline 0.001 -17"><span class='ocrx_word' id='word_1_239' title='bbox 477 2391 655 2446; x_wconf 84' lang='lat' dir='ltr'><strong>usque</strong></span> <span class='ocrx_word' id='word_1_240' title='bbox 694 2375 764 2432; x_wconf 89' lang='lat' dir='ltr'><strong>ad</strong></span> <span class='ocrx_word' id='word_1_241' title='bbox 793 2385 1076 2448; x_wconf 88' lang='lat' dir='ltr'><strong>posterum</strong></span> <span class='ocrx_word' id='word_1_242' title='bbox 1117 2393 1280 2435; x_wconf 90' lang='lat' dir='ltr'><strong>mane</strong></span> <span class='ocrx_word' id='word_1_243' title='bbox 1325 2378 1574 2434; x_wconf 76' lang='lat' dir='ltr'><strong>retineri.</strong></span> <span class='ocrx_word' id='word_1_244' title='bbox 1615 2379 1685 2434; x_wconf 88' lang='lat' dir='ltr'><strong>Et</strong></span> <span class='ocrx_word' id='word_1_245' title='bbox 1721 2394 1849 2434; x_wconf 91' lang='lat' dir='ltr'><strong>cum</strong></span> <span class='ocrx_word' id='word_1_246' title='bbox 1902 2376 2062 2433; x_wconf 90' lang='lat' dir='ltr'><strong>istius</strong></span> 
     </span>
    </p>
   </div>
   <div class='ocr_carea' id='block_1_38' title="bbox 479 2468 2060 2537">
    <p class='ocr_par' dir='ltr' id='par_1_38' title="bbox 479 2468 2060 2537">
     <span class='ocr_line' id='line_1_38' title="bbox 479 2468 2060 2537; baseline 0.002 -14"><span class='ocrx_word' id='word_1_247' title='bbox 479 2468 732 2526; x_wconf 86' lang='lat' dir='ltr'><strong>discussa</strong></span> <span class='ocrx_word' id='word_1_248' title='bbox 778 2469 950 2527; x_wconf 84' lang='lat' dir='ltr'><strong>fuerit</strong></span> <span class='ocrx_word' id='word_1_249' title='bbox 997 2470 1263 2537; x_wconf 88' lang='lat' dir='ltr'><strong>ebrietas,</strong></span> <span class='ocrx_word' id='word_1_250' title='bbox 1308 2480 1441 2526; x_wconf 91' lang='lat' dir='ltr'><strong>tunc</strong></span> <span class='ocrx_word' id='word_1_251' title='bbox 1499 2469 1769 2526; x_wconf 89' lang='lat' dir='ltr'><strong>educatur</strong></span> <span class='ocrx_word' id='word_1_252' title='bbox 1813 2479 1870 2525; x_wconf 89' lang='lat' dir='ltr'><strong>et</strong></span> <span class='ocrx_word' id='word_1_253' title='bbox 1901 2485 2060 2526; x_wconf 85' lang='lat' dir='ltr'><strong>sexa-</strong></span> 
     </span>
    </p>
   </div>
   <div class='ocr_carea' id='block_1_39' title="bbox 480 2562 2057 2636">
    <p class='ocr_par' dir='ltr' id='par_1_39' title="bbox 480 2562 2057 2636">
     <span class='ocr_line' id='line_1_39' title="bbox 480 2562 2057 2636; baseline -0.001 -18"><span class='ocrx_word' id='word_1_254' title='bbox 480 2563 631 2633; x_wconf 88' lang='lat' dir='ltr'><strong>ginta</strong></span> <span class='ocrx_word' id='word_1_255' title='bbox 683 2564 868 2634; x_wconf 84' lang='lat' dir='ltr'><strong>plagas</strong></span> <span class='ocrx_word' id='word_1_256' title='bbox 919 2563 1203 2634; x_wconf 90' lang='lat' dir='ltr'><strong>accipiat;</strong></span> <span class='ocrx_word' id='word_1_257' title='bbox 1259 2563 1486 2636; x_wconf 88' lang='lat' dir='ltr'><strong>triginta</strong></span> <span class='ocrx_word' id='word_1_258' title='bbox 1538 2578 1697 2628; x_wconf 93' lang='lat' dir='ltr'><strong>vero,</strong></span> <span class='ocrx_word' id='word_1_259' title='bbox 1751 2562 1796 2619; x_wconf 90' lang='lat' dir='ltr'><strong>si</strong></span> <span class='ocrx_word' id='word_1_260' title='bbox 1857 2562 2057 2619; x_wconf 80' lang='lat' dir='ltr'><strong>femina</strong></span> 
     </span>
    </p>
   </div>
   <div class='ocr_carea' id='block_1_40' title="bbox 481 2654 2058 2728">
    <p class='ocr_par' dir='ltr' id='par_1_40' title="bbox 481 2654 2058 2728">
     <span class='ocr_line' id='line_1_40' title="bbox 481 2654 2058 2728; baseline 0 -18"><span class='ocrx_word' id='word_1_261' title='bbox 481 2655 1121 2726; x_wconf 87' lang='lat' dir='ltr'><strong>fuerit;admonitusque</strong></span> <span class='ocrx_word' id='word_1_262' title='bbox 1145 2655 1475 2711; x_wconf 90' lang='lat' dir='ltr'><strong>dimittatur.</strong></span> <span class='ocrx_word' id='word_1_263' title='bbox 1504 2654 1782 2728; x_wconf 90' lang='lat' dir='ltr'><strong>Scriptum</strong></span> <span class='ocrx_word' id='word_1_264' title='bbox 1803 2667 1889 2713; x_wconf 90' lang='lat' dir='ltr'><strong>est</strong></span> <span class='ocrx_word' id='word_1_265' title='bbox 1907 2655 2058 2711; x_wconf 91' lang='lat' dir='ltr'><strong>enim</strong></span> 
     </span>
    </p>
   </div>
   <div class='ocr_carea' id='block_1_41' title="bbox 481 2741 1935 2816">
    <p class='ocr_par' dir='ltr' id='par_1_41' title="bbox 481 2741 1935 2816">
     <span class='ocr_line' id='line_1_41' title="bbox 481 2741 1935 2816; baseline -0.001 -20"><span class='ocrx_word' id='word_1_266' title='bbox 481 2741 627 2812; x_wconf 79' lang='lat' dir='ltr'><strong>quod</strong></span> <span class='ocrx_word' id='word_1_267' title='bbox 665 2762 683 2795; x_wconf 82' lang='grc' dir='ltr'><strong>ι</strong></span> <span class='ocrx_word' id='word_1_268' title='bbox 706 2742 924 2798; x_wconf 86' lang='lat' dir='ltr'><strong>Ebriosi</strong></span> <span class='ocrx_word' id='word_1_269' title='bbox 956 2759 1185 2815; x_wconf 90' lang='lat' dir='ltr'><strong>regnum</strong></span> <span class='ocrx_word' id='word_1_270' title='bbox 1218 2743 1316 2798; x_wconf 89' lang='lat' dir='ltr'><strong>Dei</strong></span> <span class='ocrx_word' id='word_1_271' title='bbox 1351 2759 1460 2799; x_wconf 93' lang='lat' dir='ltr'><strong>non</strong></span> <span class='ocrx_word' id='word_1_272' title='bbox 1501 2743 1883 2816; x_wconf 85' lang='lat' dir='ltr'><strong>possidebunt.</strong></span> <span class='ocrx_word' id='word_1_273' title='bbox 1919 2763 1935 2794; x_wconf 79' lang='grc' dir='ltr'><strong>ι</strong></span> 
     </span>
    </p>
   </div>
   <div class='ocr_carea' id='block_1_42' title="bbox 545 2919 2057 2994">
    <p class='ocr_par' dir='ltr' id='par_1_42' title="bbox 545 2919 2057 2994">
     <span class='ocr_line' id='line_1_42' title="bbox 545 2919 2057 2994; baseline 0.003 -19"><span class='ocrx_word' id='word_1_274' title='bbox 545 2919 678 2991; x_wconf 85' lang='lat' dir='ltr'><strong>Cap.</strong></span> <span class='ocrx_word' id='word_1_275' title='bbox 713 2919 904 2978; x_wconf 79' lang='lat' dir='ltr'><strong>XXVI.</strong></span> <span class='ocrx_word' id='word_1_276' title='bbox 936 2921 1402 2980; x_wconf 87' lang='lat' dir='ltr'><strong>—Observentur</strong></span> <span class='ocrx_word' id='word_1_277' title='bbox 1445 2933 1630 2980; x_wconf 90' lang='lat' dir='ltr'><strong>autem</strong></span> <span class='ocrx_word' id='word_1_278' title='bbox 1655 2924 1908 2994; x_wconf 88' lang='lat' dir='ltr'><strong>iumenta</strong></span> <span class='ocrx_word' id='word_1_279' title='bbox 1959 2940 2057 2980; x_wconf 88' lang='lat' dir='ltr'><strong>sua</strong></span> 
     </span>
    </p>
   </div>
   <div class='ocr_carea' id='block_1_43' title="bbox 477 3011 2060 3088">
    <p class='ocr_par' dir='ltr' id='par_1_43' title="bbox 477 3011 2060 3088">
     <span class='ocr_line' id='line_1_43' title="bbox 477 3011 2060 3088; baseline 0.006 -25"><span class='ocrx_word' id='word_1_280' title='bbox 477 3011 563 3067; x_wconf 81' lang='lat' dir='ltr'><strong>vel</strong></span> <span class='ocrx_word' id='word_1_281' title='bbox 594 3013 808 3084; x_wconf 88' lang='lat' dir='ltr'><strong>seipsos</strong></span> <span class='ocrx_word' id='word_1_282' title='bbox 851 3013 1114 3086; x_wconf 83' lang='lat' dir='ltr'><strong>gravibus</strong></span> <span class='ocrx_word' id='word_1_283' title='bbox 1137 3025 1192 3072; x_wconf 91' lang='lat' dir='ltr'><strong>et</strong></span> <span class='ocrx_word' id='word_1_284' title='bbox 1219 3032 1362 3088; x_wconf 73' lang='lat' dir='ltr'><strong>aegre</strong></span> <span class='ocrx_word' id='word_1_285' title='bbox 1389 3016 1774 3072; x_wconf 88' lang='lat' dir='ltr'><strong>tolerabilihus</strong></span> <span class='ocrx_word' id='word_1_286' title='bbox 1795 3016 2060 3072; x_wconf 90' lang='lat' dir='ltr'><strong>oneribus</strong></span> 
     </span>
    </p>
   </div>
   <div class='ocr_carea' id='block_1_44' title="bbox 478 3104 2058 3180">
    <p class='ocr_par' dir='ltr' id='par_1_44' title="bbox 478 3104 2058 3180">
     <span class='ocr_line' id='line_1_44' title="bbox 478 3104 2058 3180; baseline 0.004 -22"><span class='ocrx_word' id='word_1_287' title='bbox 478 3115 797 3162; x_wconf 85' lang='lat' dir='ltr'><strong>onerantes.</strong></span> <span class='ocrx_word' id='word_1_288' title='bbox 821 3104 986 3162; x_wconf 87' lang='lat' dir='ltr'><strong>Tales</strong></span> <span class='ocrx_word' id='word_1_289' title='bbox 1004 3108 1572 3178; x_wconf 89' lang='lat' dir='ltr'><strong>comprehendantur,</strong></span> <span class='ocrx_word' id='word_1_290' title='bbox 1591 3109 1942 3180; x_wconf 88' lang='lat' dir='ltr'><strong>acceptisque</strong></span> <span class='ocrx_word' id='word_1_291' title='bbox 1965 3124 2058 3164; x_wconf 86' lang='lat' dir='ltr'><strong>sex</strong></span> 
     </span>
    </p>
   </div>
   <div class='ocr_carea' id='block_1_45' title="bbox 475 3198 2058 3269">
    <p class='ocr_par' dir='ltr' id='par_1_45' title="bbox 475 3198 2058 3269">
     <span class='ocr_line' id='line_1_45' title="bbox 475 3198 2058 3269; baseline 0.005 -19"><span class='ocrx_word' id='word_1_292' title='bbox 475 3206 532 3251; x_wconf 91' lang='lat' dir='ltr'><strong>et</strong></span> <span class='ocrx_word' id='word_1_293' title='bbox 563 3198 784 3269; x_wconf 85' lang='lat' dir='ltr'><strong>triginta</strong></span> <span class='ocrx_word' id='word_1_294' title='bbox 813 3200 1162 3266; x_wconf 88' lang='lat' dir='ltr'><strong>verberibus,</strong></span> <span class='ocrx_word' id='word_1_295' title='bbox 1214 3201 1565 3257; x_wconf 88' lang='lat' dir='ltr'><strong>dimittantur</strong></span> <span class='ocrx_word' id='word_1_296' title='bbox 1599 3203 1889 3258; x_wconf 89' lang='lat' dir='ltr'><strong>admoniti.</strong></span> <span class='ocrx_word' id='word_1_297' title='bbox 1944 3203 2058 3258; x_wconf 80' lang='lat' dir='ltr'><strong>Ro-</strong></span> 
     </span>
    </p>
   </div>
   <div class='ocr_carea' id='block_1_46' title="bbox 479 3287 2132 3390">
    <p class='ocr_par' dir='ltr' id='par_1_46' title="bbox 479 3287 2132 3390">
     <span class='ocr_line' id='line_1_46' title="bbox 479 3287 2132 3390; baseline 0.005 -50"><span class='ocrx_word' id='word_1_298' title='bbox 479 3287 675 3342; x_wconf 88' lang='lat' dir='ltr'><strong>bustus</strong></span> <span class='ocrx_word' id='word_1_299' title='bbox 716 3288 863 3344; x_wconf 90' lang='lat' dir='ltr'><strong>enim</strong></span> <span class='ocrx_word' id='word_1_300' title='bbox 906 3291 1090 3347; x_wconf 85' lang='lat' dir='ltr'><strong>mulus</strong></span> <span class='ocrx_word' id='word_1_301' title='bbox 1141 3291 1434 3347; x_wconf 88' lang='lat' dir='ltr'><strong>duodecim</strong></span> <span class='ocrx_word' id='word_1_302' title='bbox 1483 3302 1731 3348; x_wconf 79' lang='lat' dir='ltr'><strong>metretas</strong></span> <span class='ocrx_word' id='word_1_303' title='bbox 1769 3293 1938 3361; x_wconf 84' lang='lat' dir='ltr'><strong>ferat;</strong></span> <span class='ocrx_word' id='word_1_304' title='bbox 1977 3294 2060 3348; x_wconf 90' lang='lat' dir='ltr'><strong>in-</strong></span> <span class='ocrx_word' id='word_1_305' title='bbox 2085 3333 2132 3390; x_wconf 62' lang='grc' dir='ltr'>Ο</span> 
     </span>
    </p>
   </div>
   <div class='ocr_carea' id='block_1_47' title="bbox 477 3377 2054 3454">
    <p class='ocr_par' dir='ltr' id='par_1_47' title="bbox 477 3377 2054 3454">
     <span class='ocr_line' id='line_1_47' title="bbox 477 3377 2054 3454; baseline 0.003 -21"><span class='ocrx_word' id='word_1_306' title='bbox 477 3377 652 3434; x_wconf 82' lang='lat' dir='ltr'><strong>ferior</strong></span> <span class='ocrx_word' id='word_1_307' title='bbox 693 3387 880 3435; x_wconf 89' lang='lat' dir='ltr'><strong>autem</strong></span> <span class='ocrx_word' id='word_1_308' title='bbox 919 3381 1145 3448; x_wconf 90' lang='lat' dir='ltr'><strong>decem;</strong></span> <span class='ocrx_word' id='word_1_309' title='bbox 1185 3383 1389 3438; x_wconf 88' lang='lat' dir='ltr'><strong>asellus</strong></span> <span class='ocrx_word' id='word_1_310' title='bbox 1436 3399 1570 3438; x_wconf 83' lang='lat' dir='ltr'><strong>vero</strong></span> <span class='ocrx_word' id='word_1_311' title='bbox 1619 3393 1778 3451; x_wconf 89' lang='lat' dir='ltr'><strong>octo;</strong></span> <span class='ocrx_word' id='word_1_312' title='bbox 1819 3384 1968 3454; x_wconf 86' lang='lat' dir='ltr'><strong>quod</strong></span> <span class='ocrx_word' id='word_1_313' title='bbox 2009 3385 2054 3441; x_wconf 91' lang='lat' dir='ltr'><strong>si</strong></span> 
     </span>
    </p>
   </div>
   <div class='ocr_carea' id='block_1_48' title="bbox 478 3470 2052 3545">
    <p class='ocr_par' dir='ltr' id='par_1_48' title="bbox 478 3470 2052 3545">
     <span class='ocr_line' id='line_1_48' title="bbox 478 3470 2052 3545; baseline 0.004 -21"><span class='ocrx_word' id='word_1_314' title='bbox 478 3479 538 3525; x_wconf 89' lang='lat' dir='ltr'><strong>ct</strong></span> <span class='ocrx_word' id='word_1_315' title='bbox 561 3470 855 3538; x_wconf 83' lang='lat' dir='ltr'><strong>infirmior,</strong></span> <span class='ocrx_word' id='word_1_316' title='bbox 875 3487 992 3528; x_wconf 89' lang='lat' dir='ltr'><strong>sex.</strong></span> <span class='ocrx_word' id='word_1_317' title='bbox 1025 3471 1140 3529; x_wconf 84' lang='lat' dir='ltr'><strong>Hoc</strong></span> <span class='ocrx_word' id='word_1_318' title='bbox 1170 3474 1338 3544; x_wconf 87' lang='lat' dir='ltr'><strong>igitur</strong></span> <span class='ocrx_word' id='word_1_319' title='bbox 1367 3474 1531 3530; x_wconf 93' lang='lat' dir='ltr'><strong>modo</strong></span> <span class='ocrx_word' id='word_1_320' title='bbox 1560 3490 1729 3530; x_wconf 88' lang='lat' dir='ltr'><strong>onera</strong></span> <span class='ocrx_word' id='word_1_321' title='bbox 1763 3475 2052 3545; x_wconf 89' lang='lat' dir='ltr'><strong>accipiant.</strong></span> 
     </span>
    </p>
   </div>
   <div class='ocr_carea' id='block_1_49' title="bbox 480 3563 2055 3638">
    <p class='ocr_par' dir='ltr' id='par_1_49' title="bbox 480 3563 2055 3638">
     <span class='ocr_line' id='line_1_49' title="bbox 480 3563 2055 3638; baseline 0.003 -20"><span class='ocrx_word' id='word_1_322' title='bbox 480 3563 758 3634; x_wconf 87' lang='lat' dir='ltr'><strong>Scriptum</strong></span> <span class='ocrx_word' id='word_1_323' title='bbox 781 3575 866 3622; x_wconf 89' lang='lat' dir='ltr'><strong>est</strong></span> <span class='ocrx_word' id='word_1_324' title='bbox 893 3565 1080 3622; x_wconf 88' lang='lat' dir='ltr'><strong>enim:</strong></span> <span class='ocrx_word' id='word_1_325' title='bbox 1111 3585 1129 3619; x_wconf 82' lang='grc' dir='ltr'><strong>ι</strong></span> <span class='ocrx_word' id='word_1_326' title='bbox 1158 3567 1448 3622; x_wconf 85' lang='lat' dir='ltr'><strong>Miscrctur</strong></span> <span class='ocrx_word' id='word_1_327' title='bbox 1476 3568 1661 3638; x_wconf 86' lang='lat' dir='ltr'><strong>iustus</strong></span> <span class='ocrx_word' id='word_1_328' title='bbox 1679 3569 2055 3638; x_wconf 89' lang='lat' dir='ltr'><strong>jumentorum</strong></span> 
     </span>
    </p>
   </div>
   <div class='ocr_carea' id='block_1_50' title="bbox 479 3657 2060 3731">
    <p class='ocr_par' dir='ltr' id='par_1_50' title="bbox 479 3657 2060 3731">
     <span class='ocr_line' id='line_1_50' title="bbox 479 3657 2060 3731; baseline 0.004 -22"><span class='ocrx_word' id='word_1_329' title='bbox 479 3671 711 3712; x_wconf 78' lang='lat' dir='ltr'><strong>suorum</strong></span> <span class='ocrx_word' id='word_1_330' title='bbox 765 3657 1017 3726; x_wconf 85' lang='lat' dir='ltr'><strong>animas;</strong></span> <span class='ocrx_word' id='word_1_331' title='bbox 1074 3659 1284 3716; x_wconf 85' lang='lat' dir='ltr'><strong>viscera</strong></span> <span class='ocrx_word' id='word_1_332' title='bbox 1328 3670 1514 3716; x_wconf 88' lang='lat' dir='ltr'><strong>autem</strong></span> <span class='ocrx_word' id='word_1_333' title='bbox 1579 3660 1877 3731; x_wconf 88' lang='lat' dir='ltr'><strong>impiorum</strong></span> <span class='ocrx_word' id='word_1_334' title='bbox 1931 3676 2060 3717; x_wconf 81' lang='lat' dir='ltr'><strong>cru—</strong></span> 
     </span>
    </p>
   </div>
   <div class='ocr_carea' id='block_1_51' title="bbox 476 3746 692 3805">
    <p class='ocr_par' dir='ltr' id='par_1_51' title="bbox 476 3746 692 3805">
     <span class='ocr_line' id='line_1_51' title="bbox 476 3746 692 3805; baseline -0.005 -2"><span class='ocrx_word' id='word_1_335' title='bbox 476 3746 640 3805; x_wconf 88' lang='lat' dir='ltr'><strong>dclia.</strong></span> <span class='ocrx_word' id='word_1_336' title='bbox 673 3768 692 3802; x_wconf 77' lang='grc' dir='ltr'><strong>ι</strong></span> 
     </span>
    </p>
   </div>
   <div class='ocr_carea' id='block_1_52' title="bbox 545 3939 2056 4015">
    <p class='ocr_par' dir='ltr' id='par_1_52' title="bbox 545 3939 2056 4015">
     <span class='ocr_line' id='line_1_52' title="bbox 545 3939 2056 4015; baseline 0.001 -18"><span class='ocrx_word' id='word_1_337' title='bbox 545 3939 680 4015; x_wconf 86' lang='lat' dir='ltr'><strong>Cap.</strong></span> <span class='ocrx_word' id='word_1_338' title='bbox 722 3941 938 3999; x_wconf 80' lang='lat' dir='ltr'><strong>XXVII.</strong></span> <span class='ocrx_word' id='word_1_339' title='bbox 967 3974 1036 3984; x_wconf 90' lang='lat'><strong><em>—</em></strong></span> <span class='ocrx_word' id='word_1_340' title='bbox 1069 3943 1168 4000; x_wconf 87' lang='lat' dir='ltr'><strong>Die</strong></span> <span class='ocrx_word' id='word_1_341' title='bbox 1207 3944 1332 4000; x_wconf 88' lang='lat' dir='ltr'><strong>festi</strong></span> <span class='ocrx_word' id='word_1_342' title='bbox 1371 3945 1664 4010; x_wconf 89' lang='lat' dir='ltr'><strong>Dominici,</strong></span> <span class='ocrx_word' id='word_1_343' title='bbox 1704 3960 1802 4000; x_wconf 88' lang='lat' dir='ltr'><strong>seu</strong></span> <span class='ocrx_word' id='word_1_344' title='bbox 1853 3948 2056 3999; x_wconf 78' lang='lat' dir='ltr'><strong>sanctas</strong></span> 
     </span>
    </p>
   </div>
   <div class='ocr_carea' id='block_1_53' title="bbox 477 4031 2054 4104">
    <p class='ocr_par' dir='ltr' id='par_1_53' title="bbox 477 4031 2054 4104">
     <span class='ocr_line' id='line_1_53' title="bbox 477 4031 2054 4104; baseline -0.001 -16"><span class='ocrx_word' id='word_1_345' title='bbox 477 4032 797 4095; x_wconf 66' lang='lat' dir='ltr'><strong>Dominicze.</strong></span> <span class='ocrx_word' id='word_1_346' title='bbox 832 4033 1090 4104; x_wconf 88' lang='lat' dir='ltr'><strong>iubemus</strong></span> <span class='ocrx_word' id='word_1_347' title='bbox 1127 4035 1268 4089; x_wconf 87' lang='lat' dir='ltr'><strong>nihil</strong></span> <span class='ocrx_word' id='word_1_348' title='bbox 1307 4035 1457 4090; x_wconf 92' lang='lat' dir='ltr'><strong>aliud</strong></span> <span class='ocrx_word' id='word_1_349' title='bbox 1487 4035 1654 4091; x_wconf 89' lang='lat' dir='ltr'><strong>vendi</strong></span> <span class='ocrx_word' id='word_1_350' title='bbox 1697 4034 1805 4089; x_wconf 88' lang='lat' dir='ltr'><strong>nisi</strong></span> <span class='ocrx_word' id='word_1_351' title='bbox 1835 4049 1957 4104; x_wconf 64' lang='lat' dir='ltr'><strong>qua:</strong></span> <span class='ocrx_word' id='word_1_352' title='bbox 1984 4031 2054 4088; x_wconf 92' lang='lat' dir='ltr'><strong>ad</strong></span> 
     </span>
    </p>
   </div>
   <div class='ocr_carea' id='block_1_54' title="bbox 481 4123 2053 4198">
    <p class='ocr_par' dir='ltr' id='par_1_54' title="bbox 481 4123 2053 4198">
     <span class='ocr_line' id='line_1_54' title="bbox 481 4123 2053 4198; baseline 0 -18"><span class='ocrx_word' id='word_1_353' title='bbox 481 4123 765 4180; x_wconf 89' lang='lat' dir='ltr'><strong>hominum</strong></span> <span class='ocrx_word' id='word_1_354' title='bbox 799 4125 1246 4195; x_wconf 89' lang='lat' dir='ltr'><strong>iumentorumve</strong></span> <span class='ocrx_word' id='word_1_355' title='bbox 1291 4142 1473 4183; x_wconf 89' lang='lat' dir='ltr'><strong>escam</strong></span> <span class='ocrx_word' id='word_1_356' title='bbox 1524 4137 1786 4198; x_wconf 86' lang='lat' dir='ltr'><strong>prosunt;</strong></span> <span class='ocrx_word' id='word_1_357' title='bbox 1842 4127 2053 4196; x_wconf 88' lang='lat' dir='ltr'><strong>reliqua</strong></span> 
     </span>
    </p>
   </div>
   <div class='ocr_carea' id='block_1_55' title="bbox 479 4215 2051 4290">
    <p class='ocr_par' dir='ltr' id='par_1_55' title="bbox 479 4215 2051 4290">
     <span class='ocr_line' id='line_1_55' title="bbox 479 4215 2051 4290; baseline 0.001 -21"><span class='ocrx_word' id='word_1_358' title='bbox 479 4223 664 4270; x_wconf 86' lang='lat' dir='ltr'><strong>autem</strong></span> <span class='ocrx_word' id='word_1_359' title='bbox 721 4216 1069 4272; x_wconf 89' lang='lat' dir='ltr'><strong>omittantur.</strong></span> <span class='ocrx_word' id='word_1_360' title='bbox 1115 4215 1286 4289; x_wconf 87' lang='lat' dir='ltr'><strong>Cujus</strong></span> <span class='ocrx_word' id='word_1_361' title='bbox 1347 4220 1608 4289; x_wconf 69' lang='lat' dir='ltr'><strong>praecepti</strong></span> <span class='ocrx_word' id='word_1_362' title='bbox 1655 4229 2051 4290; x_wconf 84' lang='lat' dir='ltr'><strong>trausgressor,</strong></span> 
     </span>
    </p>
   </div>
   <div class='ocr_carea' id='block_1_56' title="bbox 479 4308 2054 4380">
    <p class='ocr_par' dir='ltr' id='par_1_56' title="bbox 479 4308 2054 4380">
     <span class='ocr_line' id='line_1_56' title="bbox 479 4308 2054 4380; baseline 0.003 -20"><span class='ocrx_word' id='word_1_363' title='bbox 479 4320 823 4376; x_wconf 68' lang='lat' dir='ltr'><strong>quaecunque</strong></span> <span class='ocrx_word' id='word_1_364' title='bbox 846 4308 1218 4378; x_wconf 85' lang='lat' dir='ltr'><strong>proposuerit,</strong></span> <span class='ocrx_word' id='word_1_365' title='bbox 1242 4319 1444 4380; x_wconf 83' lang='lat' dir='ltr'><strong>praeter</strong></span> <span class='ocrx_word' id='word_1_366' title='bbox 1472 4311 1684 4365; x_wconf 90' lang='lat' dir='ltr'><strong>cibaria</strong></span> <span class='ocrx_word' id='word_1_367' title='bbox 1719 4309 1862 4366; x_wconf 90' lang='lat' dir='ltr'><strong>sicut</strong></span> <span class='ocrx_word' id='word_1_368' title='bbox 1888 4309 2054 4364; x_wconf 91' lang='lat' dir='ltr'><strong>modo</strong></span> 
     </span>
    </p>
   </div>
   <div class='ocr_carea' id='block_1_57' title="bbox 479 4398 2052 4475">
    <p class='ocr_par' dir='ltr' id='par_1_57' title="bbox 479 4398 2052 4475">
     <span class='ocr_line' id='line_1_57' title="bbox 479 4398 2052 4475; baseline 0.004 -24"><span class='ocrx_word' id='word_1_369' title='bbox 479 4398 862 4469; x_wconf 65' lang='lat' dir='ltr'><strong>praascriptum</strong></span> <span class='ocrx_word' id='word_1_370' title='bbox 899 4409 1007 4464; x_wconf 88' lang='lat' dir='ltr'><strong>est,</strong></span> <span class='ocrx_word' id='word_1_371' title='bbox 1049 4401 1290 4468; x_wconf 87' lang='lat' dir='ltr'><strong>amittat,</strong></span> <span class='ocrx_word' id='word_1_372' title='bbox 1321 4411 1380 4458; x_wconf 90' lang='lat' dir='ltr'><strong>et</strong></span> <span class='ocrx_word' id='word_1_373' title='bbox 1417 4402 1535 4472; x_wconf 90' lang='lat' dir='ltr'><strong>ipse</strong></span> <span class='ocrx_word' id='word_1_374' title='bbox 1569 4403 1843 4475; x_wconf 88' lang='lat' dir='ltr'><strong>ejiciatur.</strong></span> <span class='ocrx_word' id='word_1_375' title='bbox 1894 4401 2052 4470; x_wconf 90' lang='lat' dir='ltr'><strong>Quod</strong></span> 
     </span>
    </p>
   </div>
   <div class='ocr_carea' id='block_1_58' title="bbox 481 4491 2052 4564">
    <p class='ocr_par' dir='ltr' id='par_1_58' title="bbox 481 4491 2052 4564">
     <span class='ocr_line' id='line_1_58' title="bbox 481 4491 2052 4564; baseline 0.004 -20"><span class='ocrx_word' id='word_1_376' title='bbox 481 4503 614 4545; x_wconf 86' lang='lat' dir='ltr'><strong>vero</strong></span> <span class='ocrx_word' id='word_1_377' title='bbox 648 4501 896 4561; x_wconf 89' lang='lat' dir='ltr'><strong>emptum</strong></span> <span class='ocrx_word' id='word_1_378' title='bbox 917 4491 1106 4556; x_wconf 86' lang='lat' dir='ltr'><strong>fuerit,</strong></span> <span class='ocrx_word' id='word_1_379' title='bbox 1133 4493 1252 4549; x_wconf 88' lang='lat' dir='ltr'><strong>sive</strong></span> <span class='ocrx_word' id='word_1_380' title='bbox 1273 4494 1609 4564; x_wconf 91' lang='lat' dir='ltr'><strong>iumentum,</strong></span> <span class='ocrx_word' id='word_1_381' title='bbox 1639 4494 1757 4550; x_wconf 88' lang='lat' dir='ltr'><strong>sive</strong></span> <span class='ocrx_word' id='word_1_382' title='bbox 1787 4494 1909 4560; x_wconf 92' lang='lat' dir='ltr'><strong>bos,</strong></span> <span class='ocrx_word' id='word_1_383' title='bbox 1936 4495 2052 4550; x_wconf 90' lang='lat' dir='ltr'><strong>sive</strong></span> 
     </span>
    </p>
   </div>
   <div class='ocr_carea' id='block_1_59' title="bbox 478 4580 2054 4656">
    <p class='ocr_par' dir='ltr' id='par_1_59' title="bbox 478 4580 2054 4656">
     <span class='ocr_line' id='line_1_59' title="bbox 478 4580 2054 4656; baseline 0.005 -22"><span class='ocrx_word' id='word_1_384' title='bbox 478 4580 620 4648; x_wconf 87' lang='lat' dir='ltr'><strong>ovis,</strong></span> <span class='ocrx_word' id='word_1_385' title='bbox 632 4580 748 4638; x_wconf 86' lang='lat' dir='ltr'><strong>sive</strong></span> <span class='ocrx_word' id='word_1_386' title='bbox 763 4582 916 4639; x_wconf 84' lang='lat' dir='ltr'><strong>aliud</strong></span> <span class='ocrx_word' id='word_1_387' title='bbox 927 4582 1108 4640; x_wconf 91' lang='lat' dir='ltr'><strong>adhuc</strong></span> <span class='ocrx_word' id='word_1_388' title='bbox 1119 4583 1422 4641; x_wconf 88' lang='lat' dir='ltr'><strong>viventium</strong></span> <span class='ocrx_word' id='word_1_389' title='bbox 1437 4595 1492 4642; x_wconf 91' lang='lat' dir='ltr'><strong>et</strong></span> <span class='ocrx_word' id='word_1_390' title='bbox 1506 4601 1828 4656; x_wconf 88' lang='lat' dir='ltr'><strong>magnorum</strong></span> <span class='ocrx_word' id='word_1_391' title='bbox 1842 4585 2054 4642; x_wconf 85' lang='lat' dir='ltr'><strong>anima-</strong></span> 
     </span>
    </p>
   </div>
   <div class='ocr_carea' id='block_1_60' title="bbox 2161 2096 3748 2170">
    <p class='ocr_par' dir='ltr' id='par_1_60' title="bbox 2161 2096 3748 2170">
     <span class='ocr_line' id='line_1_60' title="bbox 2161 2096 3748 2170; baseline -0.001 -17"><span class='ocrx_word' id='word_1_392' title='bbox 2161 2115 2218 2154; x_wconf 86' lang='grc' dir='ltr'><strong>τε</strong></span> <span class='ocrx_word' id='word_1_393' title='bbox 2247 2098 2342 2153; x_wconf 78' lang='grc' dir='ltr'>καὶ</span> <span class='ocrx_word' id='word_1_394' title='bbox 2383 2098 2617 2170; x_wconf 85' lang='grc' dir='ltr'>γυναίῳ,</span> <span class='ocrx_word' id='word_1_395' title='bbox 2653 2098 2752 2152; x_wconf 70' lang='grc' dir='ltr'>καὶ</span> <span class='ocrx_word' id='word_1_396' title='bbox 2796 2097 2892 2150; x_wconf 73' lang='grc' dir='ltr'><strong>ἐπὶ</strong></span> <span class='ocrx_word' id='word_1_397' title='bbox 2936 2097 3032 2166; x_wconf 81' lang='grc' dir='ltr'>τῆς</span> <span class='ocrx_word' id='word_1_398' title='bbox 3073 2096 3282 2166; x_wconf 82' lang='grc' dir='ltr'>ἀγορᾶς</span> <span class='ocrx_word' id='word_1_399' title='bbox 3305 2096 3621 2162; x_wconf 81' lang='grc' dir='ltr'>διοδεύοντι,</span> <span class='ocrx_word' id='word_1_400' title='bbox 3648 2097 3748 2151; x_wconf 74' lang='grc' dir='ltr'>καὶ</span> 
     </span>
    </p>
   </div>
   <div class='ocr_carea' id='block_1_61' title="bbox 2163 2178 3747 2262">
    <p class='ocr_par' dir='ltr' id='par_1_61' title="bbox 2163 2178 3747 2262">
     <span class='ocr_line' id='line_1_61' title="bbox 2163 2178 3747 2262; baseline -0.001 -18"><span class='ocrx_word' id='word_1_401' title='bbox 2163 2178 2618 2262; x_wconf 77' lang='grc' dir='ltr'>συμποδιζομένῳ</span> <span class='ocrx_word' id='word_1_402' title='bbox 2651 2187 2787 2261; x_wconf 85' lang='lat'><strong>(55),</strong></span> <span class='ocrx_word' id='word_1_403' title='bbox 2825 2188 2992 2258; x_wconf 86' lang='grc' dir='ltr'>τοίχῳ</span> <span class='ocrx_word' id='word_1_404' title='bbox 3023 2204 3085 2241; x_wconf 90' lang='grc' dir='ltr'><strong>τε</strong></span> <span class='ocrx_word' id='word_1_405' title='bbox 3119 2188 3258 2259; x_wconf 82' lang='grc' dir='ltr'>πρὸς</span> <span class='ocrx_word' id='word_1_406' title='bbox 3308 2187 3477 2258; x_wconf 79' lang='grc' dir='ltr'>τοίχῳ</span> <span class='ocrx_word' id='word_1_407' title='bbox 3527 2190 3747 2259; x_wconf 85' lang='grc' dir='ltr'>συντρί-</span> 
     </span>
    </p>
   </div>
   <div class='ocr_carea' id='block_1_62' title="bbox 2163 2279 3746 2352">
    <p class='ocr_par' dir='ltr' id='par_1_62' title="bbox 2163 2279 3746 2352">
     <span class='ocr_line' id='line_1_62' title="bbox 2163 2279 3746 2352; baseline -0.003 -16"><span class='ocrx_word' id='word_1_408' title='bbox 2163 2281 2331 2346; x_wconf 92' lang='grc' dir='ltr'>ϐοντι,</span> <span class='ocrx_word' id='word_1_409' title='bbox 2361 2281 2662 2352; x_wconf 85' lang='grc' dir='ltr'>κελεύομεν</span> <span class='ocrx_word' id='word_1_410' title='bbox 2713 2280 3036 2349; x_wconf 83' lang='grc' dir='ltr'>κρατεῖσθαι</span> <span class='ocrx_word' id='word_1_411' title='bbox 3085 2279 3280 2333; x_wconf 81' lang='grc' dir='ltr'>τοῦτον</span> <span class='ocrx_word' id='word_1_412' title='bbox 3311 2279 3410 2332; x_wconf 74' lang='grc' dir='ltr'>καὶ</span> <span class='ocrx_word' id='word_1_413' title='bbox 3454 2279 3746 2335; x_wconf 82' lang='grc' dir='ltr'>ἀποκλείε-</span> 
     </span>
    </p>
   </div>
   <div class='ocr_carea' id='block_1_63' title="bbox 2163 2367 3747 2444">
    <p class='ocr_par' dir='ltr' id='par_1_63' title="bbox 2163 2367 3747 2444">
     <span class='ocr_line' id='line_1_63' title="bbox 2163 2367 3747 2444; baseline -0.001 -16"><span class='ocrx_word' id='word_1_414' title='bbox 2163 2373 2308 2438; x_wconf 88' lang='grc' dir='ltr'>σθαι,</span> <span class='ocrx_word' id='word_1_415' title='bbox 2351 2373 2450 2428; x_wconf 80' lang='grc' dir='ltr'>καὶ</span> <span class='ocrx_word' id='word_1_416' title='bbox 2478 2367 2621 2427; x_wconf 75' lang='grc' dir='ltr'>εἶναι</span> <span class='ocrx_word' id='word_1_417' title='bbox 2665 2373 2833 2444; x_wconf 89' lang='grc' dir='ltr'>μέχρι</span> <span class='ocrx_word' id='word_1_418' title='bbox 2869 2373 3107 2442; x_wconf 78' lang='grc' dir='ltr'>πρωῖας.</span> <span class='ocrx_word' id='word_1_419' title='bbox 3145 2371 3256 2424; x_wconf 73' lang='grc' dir='ltr'><strong>Καὶ</strong></span> <span class='ocrx_word' id='word_1_420' title='bbox 3294 2370 3498 2424; x_wconf 82' lang='grc' dir='ltr'>ὁπόταν</span> <span class='ocrx_word' id='word_1_421' title='bbox 3542 2372 3747 2442; x_wconf 76' lang='grc' dir='ltr'>ἀνανή-</span> 
     </span>
    </p>
   </div>
   <div class='ocr_carea' id='block_1_64' title="bbox 2159 2461 3746 2537">
    <p class='ocr_par' dir='ltr' id='par_1_64' title="bbox 2159 2461 3746 2537">
     <span class='ocr_line' id='line_1_64' title="bbox 2159 2461 3746 2537; baseline -0.002 -17"><span class='ocrx_word' id='word_1_422' title='bbox 2159 2464 2237 2537; x_wconf 80' lang='grc' dir='ltr'><strong>ψῃ</strong></span> <span class='ocrx_word' id='word_1_423' title='bbox 2271 2463 2384 2537; x_wconf 70' lang='grc'><strong>(54)</strong></span> <span class='ocrx_word' id='word_1_424' title='bbox 2431 2465 2535 2535; x_wconf 81' lang='grc' dir='ltr'>τῆς</span> <span class='ocrx_word' id='word_1_425' title='bbox 2576 2463 2750 2535; x_wconf 85' lang='grc' dir='ltr'>μέθης</span> <span class='ocrx_word' id='word_1_426' title='bbox 2791 2466 2820 2518; x_wconf 83' lang='grc' dir='ltr'>ὁ</span> <span class='ocrx_word' id='word_1_427' title='bbox 2861 2461 3129 2527; x_wconf 80' lang='grc' dir='ltr'>τοιοῦτος,</span> <span class='ocrx_word' id='word_1_428' title='bbox 3158 2463 3280 2515; x_wconf 86' lang='grc' dir='ltr'>τότε</span> <span class='ocrx_word' id='word_1_429' title='bbox 3320 2461 3625 2531; x_wconf 77' lang='grc' dir='ltr'>ὲξαγέσθω,</span> <span class='ocrx_word' id='word_1_430' title='bbox 3652 2465 3746 2518; x_wconf 75' lang='grc' dir='ltr'>καὶ</span> 
     </span>
    </p>
   </div>
   <div class='ocr_carea' id='block_1_65' title="bbox 2160 2551 3745 2626">
    <p class='ocr_par' dir='ltr' id='par_1_65' title="bbox 2160 2551 3745 2626">
     <span class='ocr_line' id='line_1_65' title="bbox 2160 2551 3745 2626; baseline -0.001 -18"><span class='ocrx_word' id='word_1_431' title='bbox 2160 2553 2490 2626; x_wconf 88' lang='grc' dir='ltr'>λαμϐανέτω</span> <span class='ocrx_word' id='word_1_432' title='bbox 2521 2553 2740 2625; x_wconf 80' lang='grc' dir='ltr'>πληγὰς</span> <span class='ocrx_word' id='word_1_433' title='bbox 2767 2553 3032 2624; x_wconf 78' lang='grc' dir='ltr'>ἐξήκοντα</span> <span class='ocrx_word' id='word_1_434' title='bbox 3057 2570 3070 2585; x_wconf 79' lang='grc'><strong>’</strong></span> <span class='ocrx_word' id='word_1_435' title='bbox 3103 2553 3152 2605; x_wconf 88' lang='grc' dir='ltr'><strong>εί</strong></span> <span class='ocrx_word' id='word_1_436' title='bbox 3181 2552 3238 2606; x_wconf 70' lang='grc' dir='ltr'>δὲ</span> <span class='ocrx_word' id='word_1_437' title='bbox 3267 2551 3401 2622; x_wconf 79' lang='grc' dir='ltr'>θῆλύ</span> <span class='ocrx_word' id='word_1_438' title='bbox 3423 2553 3560 2616; x_wconf 77' lang='grc' dir='ltr'>ἐστι,</span> <span class='ocrx_word' id='word_1_439' title='bbox 3589 2555 3745 2625; x_wconf 79' lang='grc' dir='ltr'>τριά-</span> 
     </span>
    </p>
   </div>
   <div class='ocr_carea' id='block_1_66' title="bbox 2161 2645 3741 2721">
    <p class='ocr_par' dir='ltr' id='par_1_66' title="bbox 2161 2645 3741 2721">
     <span class='ocr_line' id='line_1_66' title="bbox 2161 2645 3741 2721; baseline -0.002 -19"><span class='ocrx_word' id='word_1_440' title='bbox 2161 2665 2358 2703; x_wconf 75' lang='grc' dir='ltr'>κονταο</span> <span class='ocrx_word' id='word_1_441' title='bbox 2387 2648 2510 2712; x_wconf 72' lang='grc' dir='ltr'>καὶ,</span> <span class='ocrx_word' id='word_1_442' title='bbox 2542 2647 2928 2721; x_wconf 79' lang='grc' dir='ltr'>παραγγελίαν</span> <span class='ocrx_word' id='word_1_443' title='bbox 2970 2646 3351 2717; x_wconf 81' lang='grc' dir='ltr'>κομιζόμενος,</span> <span class='ocrx_word' id='word_1_444' title='bbox 3401 2645 3741 2700; x_wconf 84' lang='grc' dir='ltr'>ἀπολυέσθω.</span> 
     </span>
    </p>
   </div>
   <div class='ocr_carea' id='block_1_67' title="bbox 2161 2735 3747 2812">
    <p class='ocr_par' dir='ltr' id='par_1_67' title="bbox 2161 2735 3747 2812">
     <span class='ocr_line' id='line_1_67' title="bbox 2161 2735 3747 2812; baseline 0 -21"><span class='ocrx_word' id='word_1_445' title='bbox 2161 2739 2477 2810; x_wconf 86' lang='grc' dir='ltr'>Γέγραπται</span> <span class='ocrx_word' id='word_1_446' title='bbox 2499 2739 2609 2811; x_wconf 81' lang='grc' dir='ltr'><strong>γὰρ</strong></span> <span class='ocrx_word' id='word_1_447' title='bbox 2641 2740 2752 2812; x_wconf 84' lang='lat'><strong>(55)</strong></span> <span class='ocrx_word' id='word_1_448' title='bbox 2782 2740 2865 2793; x_wconf 80' lang='grc' dir='ltr'>ὅτι</span> <span class='ocrx_word' id='word_1_449' title='bbox 2901 2757 2920 2790; x_wconf 77' lang='grc' dir='ltr'><strong>ι</strong></span> <span class='ocrx_word' id='word_1_450' title='bbox 2942 2736 3186 2793; x_wconf 87' lang='grc' dir='ltr'>Μέθυσοι</span> <span class='ocrx_word' id='word_1_451' title='bbox 3209 2735 3489 2806; x_wconf 86' lang='grc' dir='ltr'>βασιλείαν</span> <span class='ocrx_word' id='word_1_452' title='bbox 3516 2735 3652 2791; x_wconf 89' lang='grc' dir='ltr'><strong>Θεοῦ</strong></span> <span class='ocrx_word' id='word_1_453' title='bbox 3683 2737 3747 2792; x_wconf 84' lang='grc' dir='ltr'><strong>ού</strong></span> 
     </span>
    </p>
   </div>
   <div class='ocr_carea' id='block_1_68' title="bbox 2161 2829 2734 2902">
    <p class='ocr_par' dir='ltr' id='par_1_68' title="bbox 2161 2829 2734 2902">
     <span class='ocr_line' id='line_1_68' title="bbox 2161 2829 2734 2902; baseline 0.002 -20"><span class='ocrx_word' id='word_1_454' title='bbox 2161 2829 2694 2902; x_wconf 84' lang='grc' dir='ltr'>κληρονομήσουσιν.</span> <span class='ocrx_word' id='word_1_455' title='bbox 2715 2850 2734 2883; x_wconf 74' lang='grc' dir='ltr'><strong>ι</strong></span> 
     </span>
    </p>
   </div>
   <div class='ocr_carea' id='block_1_69' title="bbox 2231 2921 3746 2994">
    <p class='ocr_par' dir='ltr' id='par_1_69' title="bbox 2231 2921 3746 2994">
     <span class='ocr_line' id='line_1_69' title="bbox 2231 2921 3746 2994; baseline 0.001 -20"><span class='ocrx_word' id='word_1_456' title='bbox 2231 2923 2374 2992; x_wconf 79' lang='grc' dir='ltr'>Κεφ.</span> <span class='ocrx_word' id='word_1_457' title='bbox 2413 2924 2560 2991; x_wconf 65' lang='lat' dir='ltr'><strong>KQ”.</strong></span> <span class='ocrx_word' id='word_1_458' title='bbox 2596 2921 3141 2994; x_wconf 88' lang='grc' dir='ltr'>Παρατηρείσθωσαν</span> <span class='ocrx_word' id='word_1_459' title='bbox 3163 2922 3219 2976; x_wconf 84' lang='grc' dir='ltr'>δὲ</span> <span class='ocrx_word' id='word_1_460' title='bbox 3248 2924 3297 2977; x_wconf 79' lang='grc' dir='ltr'>οἱ</span> <span class='ocrx_word' id='word_1_461' title='bbox 3333 2923 3401 2978; x_wconf 82' lang='grc' dir='ltr'><strong>τὰ</strong></span> <span class='ocrx_word' id='word_1_462' title='bbox 3435 2923 3607 2994; x_wconf 84' lang='grc' dir='ltr'>κτήνη</span> <span class='ocrx_word' id='word_1_463' title='bbox 3643 2923 3746 2977; x_wconf 81' lang='grc' dir='ltr'>αύ-</span> 
     </span>
    </p>
   </div>
   <div class='ocr_carea' id='block_1_70' title="bbox 2151 3013 3742 3094">
    <p class='ocr_par' dir='ltr' id='par_1_70' title="bbox 2151 3013 3742 3094">
     <span class='ocr_line' id='line_1_70' title="bbox 2151 3013 3742 3094; baseline 0.003 -27"><span class='ocrx_word' id='word_1_464' title='bbox 2151 3013 2269 3068; x_wconf 87' lang='grc' dir='ltr'>’τῶν</span> <span class='ocrx_word' id='word_1_465' title='bbox 2307 3015 2638 3086; x_wconf 82' lang='grc' dir='ltr'>φορτοῦντες</span> <span class='ocrx_word' id='word_1_466' title='bbox 2661 3015 2859 3094; x_wconf 75' lang='grc' dir='ltr'>φορτία</span> <span class='ocrx_word' id='word_1_467' title='bbox 2888 3015 3061 3086; x_wconf 87' lang='grc' dir='ltr'>βαρέα</span> <span class='ocrx_word' id='word_1_468' title='bbox 3086 3017 3184 3070; x_wconf 75' lang='grc' dir='ltr'>καὶ</span> <span class='ocrx_word' id='word_1_469' title='bbox 3198 3016 3583 3072; x_wconf 89' lang='grc' dir='ltr'>δυσϐάστακτα</span> <span class='ocrx_word' id='word_1_470' title='bbox 3600 3015 3742 3087; x_wconf 88' lang='lat'><strong>(56),</strong></span> 
     </span>
    </p>
   </div>
   <div class='ocr_carea' id='block_1_71' title="bbox 2161 3108 3743 3182">
    <p class='ocr_par' dir='ltr' id='par_1_71' title="bbox 2161 3108 3743 3182">
     <span class='ocr_line' id='line_1_71' title="bbox 2161 3108 3743 3182; baseline 0.001 -23"><span class='ocrx_word' id='word_1_471' title='bbox 2161 3109 2272 3161; x_wconf 74' lang='grc' dir='ltr'>εἴτε</span> <span class='ocrx_word' id='word_1_472' title='bbox 2303 3109 2396 3162; x_wconf 77' lang='grc' dir='ltr'>καὶ</span> <span class='ocrx_word' id='word_1_473' title='bbox 2445 3108 2694 3173; x_wconf 78' lang='grc' dir='ltr'>ἑαυτούς.</span> <span class='ocrx_word' id='word_1_474' title='bbox 2743 3109 2808 3162; x_wconf 85' lang='grc' dir='ltr'>Οί</span> <span class='ocrx_word' id='word_1_475' title='bbox 2856 3111 3091 3164; x_wconf 84' lang='grc' dir='ltr'>τοιοῦτοι</span> <span class='ocrx_word' id='word_1_476' title='bbox 3131 3109 3572 3182; x_wconf 85' lang='grc' dir='ltr'>κρατείσθωσαν,</span> <span class='ocrx_word' id='word_1_477' title='bbox 3625 3109 3743 3174; x_wconf 73' lang='grc' dir='ltr'>καὶ,</span> 
     </span>
    </p>
   </div>
   <div class='ocr_carea' id='block_1_72' title="bbox 2161 3187 3738 3273">
    <p class='ocr_par' dir='ltr' id='par_1_72' title="bbox 2161 3187 3738 3273">
     <span class='ocr_line' id='line_1_72' title="bbox 2161 3187 3738 3273; baseline -0.001 -20"><span class='ocrx_word' id='word_1_478' title='bbox 2161 3200 2267 3254; x_wconf 78' lang='grc' dir='ltr'><strong>ἀνὰ</strong></span> <span class='ocrx_word' id='word_1_479' title='bbox 2304 3201 2667 3272; x_wconf 77' lang='grc' dir='ltr'>τριακονταὲξ</span> <span class='ocrx_word' id='word_1_480' title='bbox 2704 3201 2987 3272; x_wconf 89' lang='grc' dir='ltr'>μαστίγων</span> <span class='ocrx_word' id='word_1_481' title='bbox 3028 3187 3339 3273; x_wconf 69' lang='grc' dir='ltr'>δεχόμενοι,</span> <span class='ocrx_word' id='word_1_482' title='bbox 3387 3198 3738 3254; x_wconf 78' lang='grc' dir='ltr'>ἀπολυέσθω-</span> 
     </span>
    </p>
   </div>
   <div class='ocr_carea' id='block_1_73' title="bbox 2166 3292 3744 3369">
    <p class='ocr_par' dir='ltr' id='par_1_73' title="bbox 2166 3292 3744 3369">
     <span class='ocr_line' id='line_1_73' title="bbox 2166 3292 3744 3369; baseline -0.002 -21"><span class='ocrx_word' id='word_1_483' title='bbox 2166 3312 2285 3358; x_wconf 85' lang='grc' dir='ltr'>σαν,</span> <span class='ocrx_word' id='word_1_484' title='bbox 2319 3295 2697 3369; x_wconf 88' lang='grc' dir='ltr'>παραγγελίαν</span> <span class='ocrx_word' id='word_1_485' title='bbox 2715 3295 3092 3366; x_wconf 88' lang='grc' dir='ltr'>λαμϐάνοντες</span> <span class='ocrx_word' id='word_1_486' title='bbox 3124 3293 3261 3365; x_wconf 86' lang='lat'><strong>(57).</strong></span> <span class='ocrx_word' id='word_1_487' title='bbox 3300 3293 3360 3347; x_wconf 83' lang='lat'><strong>&#39;0</strong></span> <span class='ocrx_word' id='word_1_488' title='bbox 3383 3293 3494 3363; x_wconf 83' lang='grc' dir='ltr'>γὰρ</span> <span class='ocrx_word' id='word_1_489' title='bbox 3515 3292 3744 3356; x_wconf 74' lang='grc' dir='ltr'>δυνατὸς</span> 
     </span>
    </p>
   </div>
   <div class='ocr_carea' id='block_1_74' title="bbox 2163 3386 3743 3459">
    <p class='ocr_par' dir='ltr' id='par_1_74' title="bbox 2163 3386 3743 3459">
     <span class='ocr_line' id='line_1_74' title="bbox 2163 3386 3743 3459; baseline -0.001 -18"><span class='ocrx_word' id='word_1_490' title='bbox 2163 3387 2386 3459; x_wconf 79' lang='grc' dir='ltr'>ἡμίονος</span> <span class='ocrx_word' id='word_1_491' title='bbox 2408 3388 2724 3458; x_wconf 89' lang='grc' dir='ltr'>φορτούσθω</span> <span class='ocrx_word' id='word_1_492' title='bbox 2746 3387 2954 3442; x_wconf 87' lang='grc' dir='ltr'>δώδεκα</span> <span class='ocrx_word' id='word_1_493' title='bbox 2987 3387 3288 3459; x_wconf 79' lang='grc' dir='ltr'>μετρητάςο</span> <span class='ocrx_word' id='word_1_494' title='bbox 3329 3387 3358 3440; x_wconf 82' lang='grc' dir='ltr'>ὁ</span> <span class='ocrx_word' id='word_1_495' title='bbox 3381 3386 3437 3440; x_wconf 81' lang='grc' dir='ltr'>δὲ</span> <span class='ocrx_word' id='word_1_496' title='bbox 3463 3386 3743 3440; x_wconf 81' lang='grc' dir='ltr'>έλαττότε-</span> 
     </span>
    </p>
   </div>
   <div class='ocr_carea' id='block_1_75' title="bbox 2165 3476 3744 3552">
    <p class='ocr_par' dir='ltr' id='par_1_75' title="bbox 2165 3476 3744 3552">
     <span class='ocr_line' id='line_1_75' title="bbox 2165 3476 3744 3552; baseline -0.003 -18"><span class='ocrx_word' id='word_1_497' title='bbox 2165 3497 2280 3552; x_wconf 87' lang='grc' dir='ltr'>ρος,</span> <span class='ocrx_word' id='word_1_498' title='bbox 2319 3479 2491 3534; x_wconf 77' lang='grc' dir='ltr'>δέκα’</span> <span class='ocrx_word' id='word_1_499' title='bbox 2537 3480 2600 3534; x_wconf 85' lang='grc' dir='ltr'>τὸ</span> <span class='ocrx_word' id='word_1_500' title='bbox 2644 3479 2702 3534; x_wconf 84' lang='grc' dir='ltr'>δὲ</span> <span class='ocrx_word' id='word_1_501' title='bbox 2747 3479 2944 3552; x_wconf 77' lang='grc' dir='ltr'>μικρὸν</span> <span class='ocrx_word' id='word_1_502' title='bbox 2992 3479 3232 3550; x_wconf 83' lang='grc' dir='ltr'>ὀνάριον,</span> <span class='ocrx_word' id='word_1_503' title='bbox 3275 3476 3456 3532; x_wconf 76' lang='grc' dir='ltr'>ὀκτώο</span> <span class='ocrx_word' id='word_1_504' title='bbox 3481 3478 3531 3532; x_wconf 84' lang='grc' dir='ltr'><strong>εί</strong></span> <span class='ocrx_word' id='word_1_505' title='bbox 3555 3477 3615 3532; x_wconf 86' lang='grc' dir='ltr'>δὲ</span> <span class='ocrx_word' id='word_1_506' title='bbox 3647 3476 3744 3530; x_wconf 77' lang='grc' dir='ltr'>καὶ</span> 
     </span>
    </p>
   </div>
   <div class='ocr_carea' id='block_1_76' title="bbox 2161 3568 3743 3643">
    <p class='ocr_par' dir='ltr' id='par_1_76' title="bbox 2161 3568 3743 3643">
     <span class='ocr_line' id='line_1_76' title="bbox 2161 3568 3743 3643; baseline -0.002 -19"><span class='ocrx_word' id='word_1_507' title='bbox 2161 3570 2531 3643; x_wconf 87' lang='grc' dir='ltr'>ταλαίπωρον,</span> <span class='ocrx_word' id='word_1_508' title='bbox 2579 3570 2660 3636; x_wconf 72' lang='grc' dir='ltr'><strong>ἐξ.</strong></span> <span class='ocrx_word' id='word_1_509' title='bbox 2695 3572 2740 3624; x_wconf 89' lang='grc' dir='ltr'>Τ</span> <span class='ocrx_word' id='word_1_510' title='bbox 2743 3569 2788 3641; x_wconf 88' lang='grc' dir='ltr'>ᾦ</span> <span class='ocrx_word' id='word_1_511' title='bbox 2826 3571 3056 3642; x_wconf 85' lang='grc' dir='ltr'>τοιούτῳ</span> <span class='ocrx_word' id='word_1_512' title='bbox 3101 3588 3166 3640; x_wconf 87' lang='grc' dir='ltr'><strong>γε</strong></span> <span class='ocrx_word' id='word_1_513' title='bbox 3214 3570 3402 3643; x_wconf 80' lang='grc' dir='ltr'>τρόπῳ</span> <span class='ocrx_word' id='word_1_514' title='bbox 3437 3568 3528 3623; x_wconf 79' lang='grc' dir='ltr'>τὸν</span> <span class='ocrx_word' id='word_1_515' title='bbox 3571 3569 3743 3640; x_wconf 88' lang='grc' dir='ltr'>γόμον</span> 
     </span>
    </p>
   </div>
   <div class='ocr_carea' id='block_1_77' title="bbox 2161 3662 3744 3736">
    <p class='ocr_par' dir='ltr' id='par_1_77' title="bbox 2161 3662 3744 3736">
     <span class='ocr_line' id='line_1_77' title="bbox 2161 3662 3744 3736; baseline -0.003 -20"><span class='ocrx_word' id='word_1_516' title='bbox 2161 3663 2528 3734; x_wconf 83' lang='grc' dir='ltr'>δεχέσθωσαν.</span> <span class='ocrx_word' id='word_1_517' title='bbox 2579 3663 2689 3735; x_wconf 77' lang='lat'><strong>92</strong></span> <span class='ocrx_word' id='word_1_518' title='bbox 2739 3664 3056 3734; x_wconf 80' lang='grc' dir='ltr'>Γέγραπται</span> <span class='ocrx_word' id='word_1_519' title='bbox 3121 3665 3229 3736; x_wconf 82' lang='grc' dir='ltr'><strong>γάρ</strong></span> <span class='ocrx_word' id='word_1_520' title='bbox 3265 3662 3414 3735; x_wconf 77' lang='lat'><strong>(58)&#39;</strong></span> <span class='ocrx_word' id='word_1_521' title='bbox 3483 3663 3744 3725; x_wconf 77' lang='grc' dir='ltr'>«Δίκαιος</span> 
     </span>
    </p>
   </div>
   <div class='ocr_carea' id='block_1_78' title="bbox 2161 3754 3742 3829">
    <p class='ocr_par' dir='ltr' id='par_1_78' title="bbox 2161 3754 3742 3829">
     <span class='ocr_line' id='line_1_78' title="bbox 2161 3754 3742 3829; baseline -0.002 -19"><span class='ocrx_word' id='word_1_522' title='bbox 2161 3756 2426 3828; x_wconf 87' lang='grc' dir='ltr'>οίκτείρει</span> <span class='ocrx_word' id='word_1_523' title='bbox 2457 3755 2636 3827; x_wconf 71' lang='grc' dir='ltr'>ψυχὰς</span> <span class='ocrx_word' id='word_1_524' title='bbox 2665 3759 2881 3829; x_wconf 85' lang='grc' dir='ltr'>κτηνῶν</span> <span class='ocrx_word' id='word_1_525' title='bbox 2907 3756 3100 3822; x_wconf 78' lang='grc' dir='ltr'>αὐτοῦ,</span> <span class='ocrx_word' id='word_1_526' title='bbox 3129 3757 3197 3812; x_wconf 75' lang='grc' dir='ltr'><strong>τά</strong></span> <span class='ocrx_word' id='word_1_527' title='bbox 3227 3757 3284 3810; x_wconf 79' lang='grc' dir='ltr'>δὲ</span> <span class='ocrx_word' id='word_1_528' title='bbox 3319 3756 3606 3827; x_wconf 70' lang='grc' dir='ltr'>σπλάγχνα</span> <span class='ocrx_word' id='word_1_529' title='bbox 3630 3754 3742 3808; x_wconf 90' lang='grc' dir='ltr'><strong>τῶν</strong></span> 
     </span>
    </p>
   </div>
   <div class='ocr_carea' id='block_1_79' title="bbox 2163 3847 2811 3918">
    <p class='ocr_par' dir='ltr' id='par_1_79' title="bbox 2163 3847 2811 3918">
     <span class='ocr_line' id='line_1_79' title="bbox 2163 3847 2811 3918; baseline -0.005 -14"><span class='ocrx_word' id='word_1_530' title='bbox 2163 3847 2378 3904; x_wconf 87' lang='grc' dir='ltr'>ἀσεϐῶν</span> <span class='ocrx_word' id='word_1_531' title='bbox 2408 3847 2601 3917; x_wconf 81' lang='grc' dir='ltr'>άνελεή</span> <span class='ocrx_word' id='word_1_532' title='bbox 2611 3866 2770 3918; x_wconf 90' lang='grc' dir='ltr'>μονα.</span> <span class='ocrx_word' id='word_1_533' title='bbox 2792 3867 2811 3901; x_wconf 75' lang='grc' dir='ltr'><strong>ι</strong></span> 
     </span>
    </p>
   </div>
   <div class='ocr_carea' id='block_1_80' title="bbox 2232 3937 3738 4014">
    <p class='ocr_par' dir='ltr' id='par_1_80' title="bbox 2232 3937 3738 4014">
     <span class='ocr_line' id='line_1_80' title="bbox 2232 3937 3738 4014; baseline 0.003 -22"><span class='ocrx_word' id='word_1_534' title='bbox 2232 3939 2376 4010; x_wconf 88' lang='grc' dir='ltr'>Κεφ.</span> <span class='ocrx_word' id='word_1_535' title='bbox 2412 3937 2538 3994; x_wconf 86' lang='grc' dir='ltr'><strong>ΚΖ’.</strong></span> <span class='ocrx_word' id='word_1_536' title='bbox 2587 3940 2676 3994; x_wconf 84' lang='grc' dir='ltr'><strong>Ἐν</strong></span> <span class='ocrx_word' id='word_1_537' title='bbox 2712 3940 2898 4013; x_wconf 74' lang='grc' dir='ltr'>ἡμέρᾳ</span> <span class='ocrx_word' id='word_1_538' title='bbox 2971 3941 3165 4013; x_wconf 75' lang='grc' dir='ltr'>ἑορτῆς</span> <span class='ocrx_word' id='word_1_539' title='bbox 3197 3944 3564 4014; x_wconf 83' lang='grc' dir='ltr'>Δεσποτικῆς,</span> <span class='ocrx_word' id='word_1_540' title='bbox 3615 3944 3738 4014; x_wconf 73' lang='grc' dir='ltr'>ἦτοι</span> 
     </span>
    </p>
   </div>
   <div class='ocr_carea' id='block_1_81' title="bbox 2159 4035 3740 4112">
    <p class='ocr_par' dir='ltr' id='par_1_81' title="bbox 2159 4035 3740 4112">
     <span class='ocr_line' id='line_1_81' title="bbox 2159 4035 3740 4112; baseline 0.001 -23"><span class='ocrx_word' id='word_1_541' title='bbox 2159 4035 2262 4106; x_wconf 82' lang='grc' dir='ltr'>τῆς</span> <span class='ocrx_word' id='word_1_542' title='bbox 2308 4036 2471 4105; x_wconf 75' lang='grc' dir='ltr'>ἁγίας</span> <span class='ocrx_word' id='word_1_543' title='bbox 2511 4037 2818 4109; x_wconf 85' lang='grc' dir='ltr'>Κυριακῆς,</span> <span class='ocrx_word' id='word_1_544' title='bbox 2861 4037 3160 4107; x_wconf 85' lang='grc' dir='ltr'>κελεύομεν</span> <span class='ocrx_word' id='word_1_545' title='bbox 3214 4038 3382 4108; x_wconf 78' lang='grc' dir='ltr'>μηδὲν</span> <span class='ocrx_word' id='word_1_546' title='bbox 3425 4038 3613 4112; x_wconf 75' lang='grc' dir='ltr'>ἕτερον</span> <span class='ocrx_word' id='word_1_547' title='bbox 3647 4055 3740 4092; x_wconf 80' lang='grc' dir='ltr'>πι·</span> 
     </span>
    </p>
   </div>
   <div class='ocr_carea' id='block_1_82' title="bbox 2162 4125 3737 4198">
    <p class='ocr_par' dir='ltr' id='par_1_82' title="bbox 2162 4125 3737 4198">
     <span class='ocr_line' id='line_1_82' title="bbox 2162 4125 3737 4198; baseline -0.001 -18"><span class='ocrx_word' id='word_1_548' title='bbox 2162 4125 2568 4198; x_wconf 75' lang='grc' dir='ltr'>πράσκεσθαιῆ</span> <span class='ocrx_word' id='word_1_549' title='bbox 2603 4125 2675 4179; x_wconf 84' lang='grc' dir='ltr'><strong>τὰ</strong></span> <span class='ocrx_word' id='word_1_550' title='bbox 2701 4127 2759 4178; x_wconf 79' lang='grc' dir='ltr'>ὲν</span> <span class='ocrx_word' id='word_1_551' title='bbox 2786 4125 3004 4198; x_wconf 81' lang='grc' dir='ltr'>δαπάνῃ</span> <span class='ocrx_word' id='word_1_552' title='bbox 3037 4126 3347 4198; x_wconf 83' lang='grc' dir='ltr'>ἀνθρώπων</span> <span class='ocrx_word' id='word_1_553' title='bbox 3378 4143 3437 4179; x_wconf 90' lang='grc' dir='ltr'><strong>τε</strong></span> <span class='ocrx_word' id='word_1_554' title='bbox 3470 4126 3566 4179; x_wconf 74' lang='grc' dir='ltr'>καὶ</span> <span class='ocrx_word' id='word_1_555' title='bbox 3604 4142 3737 4195; x_wconf 86' lang='grc' dir='ltr'>κτη-</span> 
     </span>
    </p>
   </div>
   <div class='ocr_carea' id='block_1_83' title="bbox 2161 4216 3739 4289">
    <p class='ocr_par' dir='ltr' id='par_1_83' title="bbox 2161 4216 3739 4289">
     <span class='ocr_line' id='line_1_83' title="bbox 2161 4216 3739 4289; baseline -0.001 -18"><span class='ocrx_word' id='word_1_556' title='bbox 2161 4217 2266 4271; x_wconf 91' lang='grc' dir='ltr'><strong>νῶν</strong></span> <span class='ocrx_word' id='word_1_557' title='bbox 2302 4216 2718 4289; x_wconf 82' lang='grc' dir='ltr'>ἀριθμούμενα·</span> <span class='ocrx_word' id='word_1_558' title='bbox 2751 4217 2821 4271; x_wconf 83' lang='grc' dir='ltr'>τὰ</span> <span class='ocrx_word' id='word_1_559' title='bbox 2862 4217 2921 4271; x_wconf 84' lang='grc' dir='ltr'>δὲ</span> <span class='ocrx_word' id='word_1_560' title='bbox 2955 4217 3228 4272; x_wconf 81' lang='grc' dir='ltr'>ὑπόλοιπα</span> <span class='ocrx_word' id='word_1_561' title='bbox 3265 4216 3633 4288; x_wconf 82' lang='grc' dir='ltr'>ἀργείτωσαν.</span> <span class='ocrx_word' id='word_1_562' title='bbox 3677 4216 3739 4269; x_wconf 88' lang='lat'><strong>&#39;0</strong></span> 
     </span>
    </p>
   </div>
   <div class='ocr_carea' id='block_1_84' title="bbox 2159 4306 3739 4381">
    <p class='ocr_par' dir='ltr' id='par_1_84' title="bbox 2159 4306 3739 4381">
     <span class='ocr_line' id='line_1_84' title="bbox 2159 4306 3739 4381; baseline -0.003 -19"><span class='ocrx_word' id='word_1_563' title='bbox 2159 4309 2215 4364; x_wconf 78' lang='grc' dir='ltr'>δὲ</span> <span class='ocrx_word' id='word_1_564' title='bbox 2250 4307 2633 4381; x_wconf 88' lang='grc' dir='ltr'>παραϐαίνων,</span> <span class='ocrx_word' id='word_1_565' title='bbox 2674 4309 2785 4362; x_wconf 81' lang='grc' dir='ltr'>πᾶν</span> <span class='ocrx_word' id='word_1_566' title='bbox 2827 4309 2972 4380; x_wconf 83' lang='grc' dir='ltr'>ὅπερ</span> <span class='ocrx_word' id='word_1_567' title='bbox 3022 4308 3400 4379; x_wconf 84' lang='grc' dir='ltr'>προτέθεικεν,</span> <span class='ocrx_word' id='word_1_568' title='bbox 3432 4307 3590 4372; x_wconf 80' lang='grc' dir='ltr'>ὲκτδς</span> <span class='ocrx_word' id='word_1_569' title='bbox 3625 4306 3739 4359; x_wconf 85' lang='grc' dir='ltr'><strong>τῶν</strong></span> 
     </span>
    </p>
   </div>
   <div class='ocr_carea' id='block_1_85' title="bbox 2162 4397 3738 4471">
    <p class='ocr_par' dir='ltr' id='par_1_85' title="bbox 2162 4397 3738 4471">
     <span class='ocr_line' id='line_1_85' title="bbox 2162 4397 3738 4471; baseline -0.001 -19"><span class='ocrx_word' id='word_1_570' title='bbox 2162 4397 2666 4471; x_wconf 89' lang='grc' dir='ltr'>προστεταγμένων</span> <span class='ocrx_word' id='word_1_571' title='bbox 2711 4397 2988 4468; x_wconf 76' lang='grc' dir='ltr'>ἐδωδίμων</span> <span class='ocrx_word' id='word_1_572' title='bbox 3014 4401 3097 4464; x_wconf 84' lang='grc' dir='ltr'><strong>είς</strong></span> <span class='ocrx_word' id='word_1_573' title='bbox 3141 4399 3204 4454; x_wconf 78' lang='grc' dir='ltr'>τὸ</span> <span class='ocrx_word' id='word_1_574' title='bbox 3229 4399 3553 4470; x_wconf 77' lang='grc' dir='ltr'>διαπρᾶσαι,</span> <span class='ocrx_word' id='word_1_575' title='bbox 3580 4397 3738 4469; x_wconf 80' lang='grc' dir='ltr'>αἱρέ-</span> 
     </span>
    </p>
   </div>
   <div class='ocr_carea' id='block_1_86' title="bbox 2163 4489 3738 4560">
    <p class='ocr_par' dir='ltr' id='par_1_86' title="bbox 2163 4489 3738 4560">
     <span class='ocr_line' id='line_1_86' title="bbox 2163 4489 3738 4560; baseline 0 -16"><span class='ocrx_word' id='word_1_576' title='bbox 2163 4490 2276 4545; x_wconf 91' lang='grc' dir='ltr'><strong>σθω</strong></span> <span class='ocrx_word' id='word_1_577' title='bbox 2311 4491 2409 4545; x_wconf 84' lang='grc' dir='ltr'><strong>ἀπ’</strong></span> <span class='ocrx_word' id='word_1_578' title='bbox 2455 4489 2644 4557; x_wconf 79' lang='grc' dir='ltr'>αὑτοῦ,</span> <span class='ocrx_word' id='word_1_579' title='bbox 2679 4491 2773 4544; x_wconf 74' lang='grc' dir='ltr'>καὶ</span> <span class='ocrx_word' id='word_1_580' title='bbox 2811 4489 2977 4553; x_wconf 80' lang='grc' dir='ltr'>αὐτὸς</span> <span class='ocrx_word' id='word_1_581' title='bbox 3005 4490 3371 4549; x_wconf 84' lang='grc' dir='ltr'>έκδιωκέσθω.</span> <span class='ocrx_word' id='word_1_582' title='bbox 3404 4491 3479 4544; x_wconf 82' lang='grc' dir='ltr'>Τὸ</span> <span class='ocrx_word' id='word_1_583' title='bbox 3509 4490 3566 4544; x_wconf 83' lang='grc' dir='ltr'>δὲ</span> <span class='ocrx_word' id='word_1_584' title='bbox 3597 4489 3738 4560; x_wconf 82' lang='grc' dir='ltr'>λαμ·</span> 
     </span>
    </p>
   </div>
   <div class='ocr_carea' id='block_1_87' title="bbox 2161 4581 3734 4654">
    <p class='ocr_par' dir='ltr' id='par_1_87' title="bbox 2161 4581 3734 4654">
     <span class='ocr_line' id='line_1_87' title="bbox 2161 4581 3734 4654; baseline -0.002 -18"><span class='ocrx_word' id='word_1_585' title='bbox 2161 4583 2479 4654; x_wconf 87' lang='grc' dir='ltr'>ϐανόμενον,</span> <span class='ocrx_word' id='word_1_586' title='bbox 2530 4583 2642 4637; x_wconf 85' lang='grc' dir='ltr'>είτε</span> <span class='ocrx_word' id='word_1_587' title='bbox 2679 4582 2896 4650; x_wconf 78' lang='grc' dir='ltr'>ἄλογον,</span> <span class='ocrx_word' id='word_1_588' title='bbox 2931 4581 3041 4636; x_wconf 75' lang='grc' dir='ltr'>εἴτε</span> <span class='ocrx_word' id='word_1_589' title='bbox 3093 4581 3242 4653; x_wconf 84' lang='grc' dir='ltr'>βοῦς,</span> <span class='ocrx_word' id='word_1_590' title='bbox 3272 4583 3384 4636; x_wconf 78' lang='grc' dir='ltr'>εἴτε</span> <span class='ocrx_word' id='word_1_591' title='bbox 3440 4581 3734 4654; x_wconf 88' lang='grc' dir='ltr'>πρόϐατον,</span> 
     </span>
    </p>
   </div>
   <div class='ocr_carea' id='block_1_88' title="bbox 478 4671 2058 4770">
    <p class='ocr_par' dir='ltr' id='par_1_88' title="bbox 478 4671 2055 4746">
     <span class='ocr_line' id='line_1_88' title="bbox 478 4671 2055 4746; baseline 0.004 -20"><span class='ocrx_word' id='word_1_592' title='bbox 478 4671 634 4738; x_wconf 89' lang='lat' dir='ltr'><strong>lium,</strong></span> <span class='ocrx_word' id='word_1_593' title='bbox 655 4681 858 4743; x_wconf 71' lang='lat' dir='ltr'><strong>praeter</strong></span> <span class='ocrx_word' id='word_1_594' title='bbox 887 4689 955 4730; x_wconf 86' lang='lat' dir='ltr'><strong>ea</strong></span> <span class='ocrx_word' id='word_1_595' title='bbox 981 4689 1104 4746; x_wconf 68' lang='lat' dir='ltr'><strong>quae</strong></span> <span class='ocrx_word' id='word_1_596' title='bbox 1133 4675 1189 4730; x_wconf 92' lang='lat' dir='ltr'><strong>in</strong></span> <span class='ocrx_word' id='word_1_597' title='bbox 1209 4675 1440 4732; x_wconf 90' lang='lat' dir='ltr'><strong>macello</strong></span> <span class='ocrx_word' id='word_1_598' title='bbox 1461 4675 1812 4742; x_wconf 89' lang='lat' dir='ltr'><strong>occiduntur,</strong></span> <span class='ocrx_word' id='word_1_599' title='bbox 1842 4684 1898 4732; x_wconf 91' lang='lat' dir='ltr'><strong>et</strong></span> <span class='ocrx_word' id='word_1_600' title='bbox 1926 4691 2055 4733; x_wconf 89' lang='lat' dir='ltr'><strong>aves</strong></span> 
     </span>
    </p>
   </div>
   <div class='ocr_carea' id='block_1_89' title="bbox 2161 4671 3736 4770">
    <p class='ocr_par' dir='ltr' id='par_1_89' title="bbox 2161 4672 3736 4746">
     <span class='ocr_line' id='line_1_89' title="bbox 2161 4672 3736 4746; baseline -0.002 -17"><span class='ocrx_word' id='word_1_601' title='bbox 2161 4676 2270 4729; x_wconf 84' lang='grc' dir='ltr'>εῐτε</span> <span class='ocrx_word' id='word_1_602' title='bbox 2311 4693 2362 4730; x_wconf 91' lang='grc' dir='ltr'><strong>τι</strong></span> <span class='ocrx_word' id='word_1_603' title='bbox 2408 4675 2596 4746; x_wconf 72' lang='grc' dir='ltr'>ἕτερον</span> <span class='ocrx_word' id='word_1_604' title='bbox 2641 4673 2751 4728; x_wconf 79' lang='grc' dir='ltr'><strong>ἀπὸ</strong></span> <span class='ocrx_word' id='word_1_605' title='bbox 2793 4672 2904 4728; x_wconf 92' lang='grc' dir='ltr'><strong>τῶν</strong></span> <span class='ocrx_word' id='word_1_606' title='bbox 2963 4673 3046 4728; x_wconf 74' lang='grc' dir='ltr'>ἔτι</span> <span class='ocrx_word' id='word_1_607' title='bbox 3089 4673 3311 4740; x_wconf 79' lang='grc' dir='ltr'>ζώντων</span> <span class='ocrx_word' id='word_1_608' title='bbox 3350 4674 3445 4728; x_wconf 75' lang='grc' dir='ltr'><strong>καὶ</strong></span> <span class='ocrx_word' id='word_1_609' title='bbox 3481 4672 3736 4745; x_wconf 87' lang='grc' dir='ltr'>μεγάλων</span> 
     </span>
    </p>
   </div>
   <div class='ocr_carea' id='block_1_90' title="bbox 475 4762 2057 4836">
    <p class='ocr_par' dir='ltr' id='par_1_90' title="bbox 475 4762 2057 4836">
     <span class='ocr_line' id='line_1_90' title="bbox 475 4762 2057 4836; baseline 0.003 -18"><span class='ocrx_word' id='word_1_610' title='bbox 475 4778 600 4832; x_wconf 57' lang='lat' dir='ltr'><strong>qua;</strong></span> <span class='ocrx_word' id='word_1_611' title='bbox 631 4762 972 4831; x_wconf 89' lang='lat' dir='ltr'><strong>venduntur,</strong></span> <span class='ocrx_word' id='word_1_612' title='bbox 1010 4765 1129 4821; x_wconf 89' lang='lat' dir='ltr'><strong>sive</strong></span> <span class='ocrx_word' id='word_1_613' title='bbox 1156 4765 1348 4830; x_wconf 84' lang='lat' dir='ltr'><strong>vestis.</strong></span> <span class='ocrx_word' id='word_1_614' title='bbox 1371 4765 1489 4822; x_wconf 88' lang='lat' dir='ltr'><strong>sive</strong></span> <span class='ocrx_word' id='word_1_615' title='bbox 1511 4766 1748 4836; x_wconf 91' lang='lat' dir='ltr'><strong>quodvis</strong></span> <span class='ocrx_word' id='word_1_616' title='bbox 1775 4767 1948 4835; x_wconf 89' lang='lat' dir='ltr'><strong>aliud,</strong></span> <span class='ocrx_word' id='word_1_617' title='bbox 1979 4767 2057 4823; x_wconf 90' lang='lat' dir='ltr'><strong>ci-</strong></span> 
     </span>
    </p>
   </div>
   <div class='ocr_carea' id='block_1_91' title="bbox 475 4852 2053 4927">
    <p class='ocr_par' dir='ltr' id='par_1_91' title="bbox 475 4852 2053 4927">
     <span class='ocr_line' id='line_1_91' title="bbox 475 4852 2053 4927; baseline 0.003 -20"><span class='ocrx_word' id='word_1_618' title='bbox 475 4852 650 4909; x_wconf 89' lang='lat' dir='ltr'><strong>bariis</strong></span> <span class='ocrx_word' id='word_1_619' title='bbox 671 4855 939 4927; x_wconf 78' lang='lat' dir='ltr'><strong>exceptis,</strong></span> <span class='ocrx_word' id='word_1_620' title='bbox 981 4854 1101 4912; x_wconf 63' lang='lat' dir='ltr'><strong>hac</strong></span> <span class='ocrx_word' id='word_1_621' title='bbox 1123 4855 1311 4911; x_wconf 89' lang='lat' dir='ltr'><strong>omnia</strong></span> <span class='ocrx_word' id='word_1_622' title='bbox 1350 4855 1598 4927; x_wconf 88' lang='lat' dir='ltr'><strong>regionis</strong></span> <span class='ocrx_word' id='word_1_623' title='bbox 1627 4855 1908 4926; x_wconf 68' lang='lat' dir='ltr'><strong>praefecto,</strong></span> <span class='ocrx_word' id='word_1_624' title='bbox 1943 4855 2053 4913; x_wconf 89' lang='lat' dir='ltr'><strong>cir-</strong></span> 
     </span>
    </p>
   </div>
   <div class='ocr_carea' id='block_1_92' title="bbox 475 4944 1896 5018">
    <p class='ocr_par' dir='ltr' id='par_1_92' title="bbox 475 4944 1896 5018">
     <span class='ocr_line' id='line_1_92' title="bbox 475 4944 1896 5018; baseline 0.005 -22"><span class='ocrx_word' id='word_1_625' title='bbox 475 4944 995 5017; x_wconf 84' lang='lat' dir='ltr'><strong>eumstantibusque</strong></span> <span class='ocrx_word' id='word_1_626' title='bbox 1027 4959 1158 5002; x_wconf 90' lang='lat' dir='ltr'><strong>eum</strong></span> <span class='ocrx_word' id='word_1_627' title='bbox 1183 4945 1456 5003; x_wconf 89' lang='lat' dir='ltr'><strong>militibus</strong></span> <span class='ocrx_word' id='word_1_628' title='bbox 1483 4947 1896 5018; x_wconf 87' lang='lat' dir='ltr'><strong>permittantur.</strong></span> 
     </span>
    </p>
   </div>
   <div class='ocr_carea' id='block_1_93' title="bbox 2158 4765 3735 4838">
    <p class='ocr_par' dir='ltr' id='par_1_93' title="bbox 2158 4765 3735 4838">
     <span class='ocr_line' id='line_1_93' title="bbox 2158 4765 3735 4838; baseline 0 -18"><span class='ocrx_word' id='word_1_629' title='bbox 2158 4765 2316 4831; x_wconf 81' lang='grc' dir='ltr'>ζώων</span> <span class='ocrx_word' id='word_1_630' title='bbox 2343 4765 2482 4837; x_wconf 81' lang='lat'><strong>(&#39;59),</strong></span> <span class='ocrx_word' id='word_1_631' title='bbox 2515 4765 2696 4838; x_wconf 81' lang='grc' dir='ltr'>πάρεξ</span> <span class='ocrx_word' id='word_1_632' title='bbox 2731 4766 2841 4821; x_wconf 89' lang='grc' dir='ltr'><strong>τῶν</strong></span> <span class='ocrx_word' id='word_1_633' title='bbox 2877 4767 2937 4822; x_wconf 83' lang='grc' dir='ltr'>ἐν</span> <span class='ocrx_word' id='word_1_634' title='bbox 2969 4765 3225 4838; x_wconf 86' lang='grc' dir='ltr'>μακέλλῳ</span> <span class='ocrx_word' id='word_1_635' title='bbox 3273 4765 3589 4837; x_wconf 84' lang='grc' dir='ltr'>τεθυμένων</span> <span class='ocrx_word' id='word_1_636' title='bbox 3619 4765 3735 4833; x_wconf 67' lang='grc'><strong>(40)</strong></span> 
     </span>
    </p>
   </div>
   <div class='ocr_carea' id='block_1_94' title="bbox 2153 4857 3732 4930">
    <p class='ocr_par' dir='ltr' id='par_1_94' title="bbox 2153 4857 3732 4930">
     <span class='ocr_line' id='line_1_94' title="bbox 2153 4857 3732 4930; baseline -0.001 -19"><span class='ocrx_word' id='word_1_637' title='bbox 2153 4859 2250 4912; x_wconf 57' lang='grc' dir='ltr'><strong>καὶ⁸</strong></span> <span class='ocrx_word' id='word_1_638' title='bbox 2276 4857 2509 4930; x_wconf 82' lang='grc' dir='ltr'>ὀρνίθων</span> <span class='ocrx_word' id='word_1_639' title='bbox 2537 4858 2646 4913; x_wconf 92' lang='grc' dir='ltr'><strong>τῶν</strong></span> <span class='ocrx_word' id='word_1_640' title='bbox 2675 4858 3166 4930; x_wconf 83' lang='grc' dir='ltr'>πιπρασκομένων,</span> <span class='ocrx_word' id='word_1_641' title='bbox 3203 4859 3312 4912; x_wconf 74' lang='grc' dir='ltr'>εἴτε</span> <span class='ocrx_word' id='word_1_642' title='bbox 3359 4858 3572 4929; x_wconf 74' lang='grc' dir='ltr'>ἱμάτιον</span> <span class='ocrx_word' id='word_1_643' title='bbox 3597 4857 3732 4925; x_wconf 74' lang='grc'><strong>(41),</strong></span> 
     </span>
    </p>
   </div>
   <div class='ocr_carea' id='block_1_95' title="bbox 2155 4946 3736 5021">
    <p class='ocr_par' dir='ltr' id='par_1_95' title="bbox 2155 4946 3736 5021">
     <span class='ocr_line' id='line_1_95' title="bbox 2155 4946 3736 5021; baseline -0.001 -19"><span class='ocrx_word' id='word_1_644' title='bbox 2155 4949 2265 5002; x_wconf 72' lang='grc' dir='ltr'>εἴτε</span> <span class='ocrx_word' id='word_1_645' title='bbox 2301 4966 2357 5003; x_wconf 91' lang='grc' dir='ltr'><strong>τι</strong></span> <span class='ocrx_word' id='word_1_646' title='bbox 2403 4947 2594 5021; x_wconf 73' lang='grc' dir='ltr'>ἕτερον</span> <span class='ocrx_word' id='word_1_647' title='bbox 2651 4946 2815 5014; x_wconf 76' lang='grc' dir='ltr'>εἶδος,</span> <span class='ocrx_word' id='word_1_648' title='bbox 2851 4949 3030 5020; x_wconf 82' lang='grc' dir='ltr'>πάρεξ</span> <span class='ocrx_word' id='word_1_649' title='bbox 3052 4948 3163 5003; x_wconf 91' lang='grc' dir='ltr'><strong>τῶν</strong></span> <span class='ocrx_word' id='word_1_650' title='bbox 3195 4949 3525 5021; x_wconf 83' lang='grc' dir='ltr'>βρωμάτων,</span> <span class='ocrx_word' id='word_1_651' title='bbox 3556 4946 3736 5002; x_wconf 78' lang='grc' dir='ltr'>ταῦτα</span> 
     </span>
    </p>
   </div>
   <div class='ocr_carea' id='block_1_96' title="bbox 2157 5037 3734 5112">
    <p class='ocr_par' dir='ltr' id='par_1_96' title="bbox 2157 5037 3734 5112">
     <span class='ocr_line' id='line_1_96' title="bbox 2157 5037 3734 5112; baseline -0.001 -22"><span class='ocrx_word' id='word_1_652' title='bbox 2157 5037 2239 5102; x_wconf 86' lang='grc' dir='ltr'><strong>είς</strong></span> <span class='ocrx_word' id='word_1_653' title='bbox 2261 5037 2528 5109; x_wconf 86' lang='grc' dir='ltr'>διαφορὰν</span> <span class='ocrx_word' id='word_1_654' title='bbox 2570 5037 2712 5093; x_wconf 70' lang='grc' dir='ltr'>ἔστω</span> <span class='ocrx_word' id='word_1_655' title='bbox 2741 5037 2840 5092; x_wconf 83' lang='grc' dir='ltr'>τοῦ</span> <span class='ocrx_word' id='word_1_656' title='bbox 2873 5038 3255 5112; x_wconf 85' lang='grc' dir='ltr'>γειτονιάρχου</span> <span class='ocrx_word' id='word_1_657' title='bbox 3287 5037 3386 5094; x_wconf 80' lang='grc' dir='ltr'>καὶ</span> <span class='ocrx_word' id='word_1_658' title='bbox 3419 5037 3532 5092; x_wconf 88' lang='grc' dir='ltr'><strong>τῶν</strong></span> <span class='ocrx_word' id='word_1_659' title='bbox 3588 5053 3734 5108; x_wconf 83' lang='grc' dir='ltr'>παρ-</span> 
     </span>
    </p>
   </div>
   <div class='ocr_carea' id='block_1_97' title="bbox 2157 5129 3072 5201">
    <p class='ocr_par' dir='ltr' id='par_1_97' title="bbox 2157 5129 3072 5201">
     <span class='ocr_line' id='line_1_97' title="bbox 2157 5129 3072 5201; baseline 0.001 -17"><span class='ocrx_word' id='word_1_660' title='bbox 2157 5129 2492 5200; x_wconf 80' lang='grc' dir='ltr'>εδρευόντων</span> <span class='ocrx_word' id='word_1_661' title='bbox 2518 5129 2668 5201; x_wconf 86' lang='grc' dir='ltr'>αύτῷ</span> <span class='ocrx_word' id='word_1_662' title='bbox 2698 5129 3072 5201; x_wconf 89' lang='grc' dir='ltr'>στρατιωτῶν.</span> 
     </span>
    </p>
   </div>
   <div class='ocr_carea' id='block_1_98' title="bbox 1978 5240 2214 5300">
    <p class='ocr_par' dir='ltr' id='par_1_98' title="bbox 1978 5240 2214 5300">
     <span class='ocr_line' id='line_1_98' title="bbox 1978 5240 2214 5300; baseline 0.017 -4"><span class='ocrx_word' id='word_1_663' title='bbox 1978 5240 2214 5300; x_wconf 64' lang='lat' dir='ltr'><strong>NOTAE.</strong></span> 
     </span>
    </p>
   </div>
   <div class='ocr_carea' id='block_1_99' title="bbox 544 5319 2041 5462">
    <p class='ocr_par' dir='ltr' id='par_1_99' title="bbox 544 5319 2041 5462">
     <span class='ocr_line' id='line_1_99' title="bbox 544 5319 2041 5462; baseline 0.006 -87"><span class='ocrx_word' id='word_1_664' title='bbox 544 5319 661 5462; x_wconf 50' lang='grc' dir='ltr'><strong>ρο)</strong></span> <span class='ocrx_word' id='word_1_665' title='bbox 698 5340 718 5372; x_wconf 75' lang='grc' dir='ltr'><strong>ι</strong></span> <span class='ocrx_word' id='word_1_666' title='bbox 750 5320 858 5378; x_wconf 90' lang='lat' dir='ltr'><strong>Sed</strong></span> <span class='ocrx_word' id='word_1_667' title='bbox 889 5323 1093 5394; x_wconf 89' lang='lat' dir='ltr'><strong>scripto</strong></span> <span class='ocrx_word' id='word_1_668' title='bbox 1117 5324 1306 5383; x_wconf 88' lang='lat' dir='ltr'><strong>libello</strong></span> <span class='ocrx_word' id='word_1_669' title='bbox 1330 5343 1450 5384; x_wconf 87' lang='lat' dir='ltr'><strong>eam</strong></span> <span class='ocrx_word' id='word_1_670' title='bbox 1479 5329 1655 5402; x_wconf 89' lang='lat' dir='ltr'><strong>iudici</strong></span> <span class='ocrx_word' id='word_1_671' title='bbox 1684 5329 1994 5387; x_wconf 87' lang='lat' dir='ltr'><strong>denuntiet.</strong></span> <span class='ocrx_word' id='word_1_672' title='bbox 2023 5351 2041 5383; x_wconf 72' lang='grc' dir='ltr'><strong>ι</strong></span> 
     </span>
     <span class='ocr_line' id='line_1_100' title="bbox 572 5390 1305 5462; baseline 0.008 -16"><span class='ocrx_word' id='word_1_673' title='bbox 572 5390 662 5462; x_wconf 79' lang='lat' dir='ltr'><strong>5i)</strong></span> <span class='ocrx_word' id='word_1_674' title='bbox 697 5391 905 5462; x_wconf 79' lang='lat' dir='ltr'><strong>Codex,</strong></span> <span class='ocrx_word' id='word_1_675' title='bbox 935 5395 1305 5462; x_wconf 76' lang='grc' dir='ltr'>ἀλογίσαντες.</span> 
     </span>
    </p>
   </div>
   <div class='ocr_carea' id='block_1_100' title="bbox 572 5390 1305 5544">
    <p class='ocr_par' dir='ltr' id='par_1_100' title="bbox 572 5390 1305 5544">
     <span class='ocr_line' id='line_1_101' title="bbox 572 5390 1305 5462; baseline 0.008 -16"><span class='ocrx_word' id='word_1_676' title='bbox 572 5393 633 5446; x_wconf 80' lang='lat' dir='ltr'><strong>5i</strong></span> <span class='ocrx_word' id='word_1_677' title='bbox 697 5391 905 5458; x_wconf 86' lang='lat' dir='ltr'><strong>Codex,</strong></span> <span class='ocrx_word' id='word_1_678' title='bbox 935 5390 1305 5462; x_wconf 78' lang='grc' dir='ltr'>ἀλογίσαντες.</span> 
     </span>
     <span class='ocr_line' id='line_1_102' title="bbox 572 5390 1305 5544; baseline 0.005 -26"><span class='ocrx_word' id='word_1_679' title='bbox 572 5390 672 5544; x_wconf 51' lang='grc' dir='ltr'><strong>ὅὲἰ</strong></span> <span class='ocrx_word' id='word_1_680' title='bbox 699 5461 1093 5544; x_wconf 76' lang='lat' dir='ltr'><strong>Andreppulus</strong></span> <span class='ocrx_word' id='word_1_681' title='bbox 1133 5467 1203 5523; x_wconf 93' lang='lat' dir='ltr'><strong>de</strong></span> <span class='ocrx_word' id='word_1_682' title='bbox 1253 5467 1305 5544; x_wconf 59' lang='lat' dir='ltr'><strong>Si</strong></span> 
     </span>
    </p>
   </div>
   <div class='ocr_carea' id='block_1_101' title="bbox 545 5461 2046 5554">
    <p class='ocr_par' dir='ltr' id='par_1_101' title="bbox 545 5461 2046 5554">
     <span class='ocr_line' id='line_1_103' title="bbox 545 5461 2046 5554; baseline -0.002 0"><span class='ocrx_word' id='word_1_683' title='bbox 545 5461 677 5554; x_wconf 57' lang='lat' dir='ltr'><strong>se;</strong></span> <span class='ocrx_word' id='word_1_684' title='bbox 699 5461 1093 5554; x_wconf 51' lang='lat' dir='ltr'><strong>surgamus</strong></span> <span class='ocrx_word' id='word_1_685' title='bbox 1133 5467 1203 5523; x_wconf 74' lang='lat' dir='ltr'><strong>de</strong></span> <span class='ocrx_word' id='word_1_686' title='bbox 1253 5467 1557 5554; x_wconf 55' lang='grc' dir='ltr'><strong>ξων-,ρο</strong></span> <span class='ocrx_word' id='word_1_687' title='bbox 1588 5469 1634 5554; x_wconf 69' lang='lat'><strong>.5.</strong></span> <span class='ocrx_word' id='word_1_688' title='bbox 1663 5470 1830 5554; x_wconf 56' lang='grc' dir='ltr'><strong>ερας</strong></span> <span class='ocrx_word' id='word_1_689' title='bbox 1857 5472 1888 5525; x_wconf 70' lang='grc' dir='ltr'>δ</span> <span class='ocrx_word' id='word_1_690' title='bbox 1930 5471 2046 5542; x_wconf 78' lang='grc' dir='ltr'><strong>βίος</strong></span> 
     </span>
    </p>
   </div>
   <div class='ocr_carea' id='block_1_102' title="bbox 475 5534 2043 5679">
    <p class='ocr_par' dir='ltr' id='par_1_102' title="bbox 475 5534 2043 5679">
     <span class='ocr_line' id='line_1_104' title="bbox 475 5534 2040 5657; baseline 0.008 -73"><span class='ocrx_word' id='word_1_691' title='bbox 475 5548 580 5657; x_wconf 61' lang='grc' dir='ltr'>μιρυ</span> <span class='ocrx_word' id='word_1_692' title='bbox 603 5534 682 5603; x_wconf 87' lang='grc' dir='ltr'><strong>τῷ</strong></span> <span class='ocrx_word' id='word_1_693' title='bbox 709 5534 944 5616; x_wconf 75' lang='grc' dir='ltr'>ταμιείιῤ</span> <span class='ocrx_word' id='word_1_694' title='bbox 965 5551 1060 5588; x_wconf 93' lang='grc' dir='ltr'><strong>σου</strong></span> <span class='ocrx_word' id='word_1_695' title='bbox 1083 5534 1857 5622; x_wconf 44' lang='grc' dir='ltr'>προσκληρούσθωκνατίεῐαε,</span> <span class='ocrx_word' id='word_1_696' title='bbox 1878 5534 2040 5626; x_wconf 68' lang='lat' dir='ltr'><strong>quam</strong></span> 
     </span>
     <span class='ocr_line' id='line_1_105' title="bbox 539 5605 2043 5679; baseline 0.008 -23"><span class='ocrx_word' id='word_1_697' title='bbox 539 5619 571 5679; x_wconf 81' lang='lat' dir='ltr'><strong>t_</strong></span> <span class='ocrx_word' id='word_1_698' title='bbox 593 5617 918 5679; x_wconf 83' lang='lat' dir='ltr'><strong>mem_orav_t,</strong></span> <span class='ocrx_word' id='word_1_699' title='bbox 950 5605 1362 5679; x_wconf 77' lang='grc' dir='ltr'>παλαταμιείφ,</span> <span class='ocrx_word' id='word_1_700' title='bbox 1401 5616 1613 5679; x_wconf 68' lang='grc' dir='ltr'><strong>Διιοιειηι</strong></span> <span class='ocrx_word' id='word_1_701' title='bbox 1663 5609 1952 5666; x_wconf 78' lang='lat' dir='ltr'><strong>reformari</strong></span> <span class='ocrx_word' id='word_1_702' title='bbox 1986 5629 2043 5668; x_wconf 80' lang='lat' dir='ltr'><strong>in</strong></span> 
     </span>
    </p>
   </div>
   <div class='ocr_carea' id='block_1_103' title="bbox 472 5671 2046 5753">
    <p class='ocr_par' dir='ltr' id='par_1_103' title="bbox 472 5671 2046 5753">
     <span class='ocr_line' id='line_1_106' title="bbox 472 5671 2046 5753; baseline 0.009 -29"><span class='ocrx_word' id='word_1_703' title='bbox 472 5671 761 5753; x_wconf 43' lang='lat' dir='ltr'><strong>galati:th</strong></span> <span class='ocrx_word' id='word_1_704' title='bbox 787 5671 1198 5753; x_wconf 35' lang='lat' dir='ltr'><strong>‘velﬁaiavlvrp</strong></span> <span class='ocrx_word' id='word_1_705' title='bbox 1225 5671 1477 5753; x_wconf 66' lang='grc' dir='ltr'>ταμιείὶμ.</span> <span class='ocrx_word' id='word_1_706' title='bbox 1514 5678 1748 5753; x_wconf 64' lang='grc' dir='ltr'>ῌὶεεριι.</span> <span class='ocrx_word' id='word_1_707' title='bbox 1777 5679 2046 5753; x_wconf 86' lang='lat' dir='ltr'><strong>Gregoras</strong></span> 
     </span>
    </p>
   </div>
   <div class='ocr_carea' id='block_1_104' title="bbox 476 5740 2045 5819">
    <p class='ocr_par' dir='ltr' id='par_1_104' title="bbox 476 5740 2045 5819">
     <span class='ocr_line' id='line_1_107' title="bbox 476 5740 2045 5819; baseline 0.006 -22"><span class='ocrx_word' id='word_1_708' title='bbox 476 5740 615 5819; x_wconf 68' lang='lat' dir='ltr'><strong>Hist.</strong></span> <span class='ocrx_word' id='word_1_709' title='bbox 653 5740 743 5819; x_wconf 46' lang='lat' dir='ltr'><strong>vti</strong></span> <span class='ocrx_word' id='word_1_710' title='bbox 782 5744 838 5810; x_wconf 85' lang='lat'><strong>6,</strong></span> <span class='ocrx_word' id='word_1_711' title='bbox 879 5745 960 5819; x_wconf 18' lang='lat'><strong>6‘:</strong></span> <span class='ocrx_word' id='word_1_712' title='bbox 993 5740 1951 5819; x_wconf 48' lang='grc' dir='ltr'>ᾼύτοῖμὲγόύν’καθείργνυνταιξᾊ</span> <span class='ocrx_word' id='word_1_713' title='bbox 1988 5752 2045 5806; x_wconf 83' lang='grc' dir='ltr'>δὲ</span> 
     </span>
    </p>
   </div>
   <div class='ocr_carea' id='block_1_105' title="bbox 479 5811 2044 5902">
    <p class='ocr_par' dir='ltr' id='par_1_105' title="bbox 479 5811 2044 5902">
     <span class='ocr_line' id='line_1_108' title="bbox 479 5811 2044 5902; baseline 0.008 -39"><span class='ocrx_word' id='word_1_714' title='bbox 479 5811 585 5875; x_wconf 74' lang='grc' dir='ltr'>πᾶς</span> <span class='ocrx_word' id='word_1_715' title='bbox 613 5812 841 5902; x_wconf 55' lang='grc' dir='ltr'>πλοῦῖοξ</span> <span class='ocrx_word' id='word_1_716' title='bbox 883 5815 1066 5902; x_wconf 50' lang='grc' dir='ltr'>αὐτῶν</span> <span class='ocrx_word' id='word_1_717' title='bbox 1235 5811 2044 5902; x_wconf 33' lang='grc' dir='ltr'>τὸιβασιλικὸνὲσυγκομίςεται</span> 
     </span>
    </p>
   </div>
   <div class='ocr_carea' id='block_1_106' title="bbox 476 5884 2040 5965">
    <p class='ocr_par' dir='ltr' id='par_1_106' title="bbox 476 5884 2040 5965">
     <span class='ocr_line' id='line_1_109' title="bbox 476 5884 2040 5965; baseline 0.006 -28"><span class='ocrx_word' id='word_1_718' title='bbox 476 5886 742 5965; x_wconf 76' lang='grc' dir='ltr'>ταμιεῖον.</span> <span class='ocrx_word' id='word_1_719' title='bbox 770 5884 855 5965; x_wconf 54' lang='lat' dir='ltr'><strong>Cf:</strong></span> <span class='ocrx_word' id='word_1_720' title='bbox 886 5885 1024 5965; x_wconf 66' lang='lat' dir='ltr'><strong>infra</strong></span> <span class='ocrx_word' id='word_1_721' title='bbox 1053 5901 1100 5941; x_wconf 91' lang='lat' dir='ltr'><strong>c.</strong></span> <span class='ocrx_word' id='word_1_722' title='bbox 1136 5887 1240 5965; x_wconf 73' lang='lat'><strong>59;</strong></span> <span class='ocrx_word' id='word_1_723' title='bbox 1278 5884 1348 5940; x_wconf 60' lang='lat' dir='ltr'><strong>et&#39;</strong></span> <span class='ocrx_word' id='word_1_724' title='bbox 1367 5887 1608 5965; x_wconf 75' lang='lat' dir='ltr'><strong>Cangius</strong></span> <span class='ocrx_word' id='word_1_725' title='bbox 1628 5884 1805 5965; x_wconf 71' lang='lat' dir='ltr'><strong>Gloss.</strong></span> <span class='ocrx_word' id='word_1_726' title='bbox 1831 5884 1887 5946; x_wconf 86' lang='lat' dir='ltr'><strong>in</strong></span> <span class='ocrx_word' id='word_1_727' title='bbox 1905 5884 2040 5946; x_wconf 77' lang='lat' dir='ltr'><strong>K0:-</strong></span> 
     </span>
    </p>
   </div>
   <div class='ocr_carea' id='block_1_107' title="bbox 477 5955 1866 6018">
    <p class='ocr_par' dir='ltr' id='par_1_107' title="bbox 477 5955 1866 6018">
     <span class='ocr_line' id='line_1_110' title="bbox 477 5955 1866 6018; baseline 0.005 -8"><span class='ocrx_word' id='word_1_728' title='bbox 477 5955 585 6010; x_wconf 81' lang='grc' dir='ltr'>τών</span> <span class='ocrx_word' id='word_1_729' title='bbox 604 5968 618 5983; x_wconf 72' lang='grc' dir='ltr'><strong><em>ο</em></strong></span> <span class='ocrx_word' id='word_1_730' title='bbox 646 5956 1045 6013; x_wconf 86' lang='lat' dir='ltr'><strong>recentioribus</strong></span> <span class='ocrx_word' id='word_1_731' title='bbox 1077 5955 1225 6012; x_wconf 88' lang='lat' dir='ltr'><strong>enim</strong></span> <span class='ocrx_word' id='word_1_732' title='bbox 1260 5955 1457 6012; x_wconf 80' lang='grc' dir='ltr'>κοιτὼν</span> <span class='ocrx_word' id='word_1_733' title='bbox 1485 5955 1568 6014; x_wconf 83' lang='lat' dir='ltr'><strong>est</strong></span> <span class='ocrx_word' id='word_1_734' title='bbox 1591 5959 1866 6018; x_wconf 82' lang='lat' dir='ltr'><strong>aerarium.</strong></span> 
     </span>
    </p>
   </div>
   <div class='ocr_carea' id='block_1_108' title="bbox 2223 5330 3099 5402">
    <p class='ocr_par' dir='ltr' id='par_1_108' title="bbox 2223 5330 3099 5402">
     <span class='ocr_line' id='line_1_111' title="bbox 2223 5330 3099 5402; baseline 0 -17"><span class='ocrx_word' id='word_1_735' title='bbox 2223 5331 2337 5399; x_wconf 85' lang='lat'><strong>(55)</strong></span> <span class='ocrx_word' id='word_1_736' title='bbox 2377 5330 2585 5402; x_wconf 78' lang='lat' dir='ltr'><strong>Codex,</strong></span> <span class='ocrx_word' id='word_1_737' title='bbox 2614 5331 3099 5402; x_wconf 77' lang='grc' dir='ltr'>συμποδιζόμενον.</span> 
     </span>
    </p>
   </div>
   <div class='ocr_carea' id='block_1_109' title="bbox 2229 5400 2852 5470">
    <p class='ocr_par' dir='ltr' id='par_1_109' title="bbox 2229 5400 2852 5470">
     <span class='ocr_line' id='line_1_112' title="bbox 2229 5400 2852 5470; baseline -0.005 -14"><span class='ocrx_word' id='word_1_738' title='bbox 2229 5402 2342 5470; x_wconf 68' lang='grc'><strong>(54)</strong></span> <span class='ocrx_word' id='word_1_739' title='bbox 2383 5400 2590 5464; x_wconf 72' lang='lat' dir='ltr'><strong>Codex,</strong></span> <span class='ocrx_word' id='word_1_740' title='bbox 2635 5401 2852 5468; x_wconf 74' lang='grc' dir='ltr'>ἀνάψει.</span> 
     </span>
    </p>
   </div>
   <div class='ocr_carea' id='block_1_110' title="bbox 2219 5470 3088 5541">
    <p class='ocr_par' dir='ltr' id='par_1_110' title="bbox 2219 5470 3088 5541">
     <span class='ocr_line' id='line_1_113' title="bbox 2219 5470 3088 5541; baseline -0.002 -15"><span class='ocrx_word' id='word_1_741' title='bbox 2219 5470 2332 5541; x_wconf 83' lang='lat'><strong>(55)</strong></span> <span class='ocrx_word' id='word_1_742' title='bbox 2371 5470 2548 5541; x_wconf 86' lang='lat' dir='ltr'><strong>Epist.</strong></span> <span class='ocrx_word' id='word_1_743' title='bbox 2587 5471 2606 5526; x_wconf 87' lang='grc' dir='ltr'>Ι</span> <span class='ocrx_word' id='word_1_744' title='bbox 2639 5472 2708 5526; x_wconf 91' lang='lat' dir='ltr'><strong>ad</strong></span> <span class='ocrx_word' id='word_1_745' title='bbox 2733 5472 2858 5527; x_wconf 90' lang='lat' dir='ltr'><strong>Cor.</strong></span> <span class='ocrx_word' id='word_1_746' title='bbox 2895 5488 2969 5536; x_wconf 79' lang='lat' dir='ltr'><strong>vl,</strong></span> <span class='ocrx_word' id='word_1_747' title='bbox 3000 5470 3088 5525; x_wconf 82' lang='lat' dir='ltr'><strong>lo.</strong></span> 
     </span>
    </p>
   </div>
   <div class='ocr_carea' id='block_1_111' title="bbox 2215 5541 3578 5612">
    <p class='ocr_par' dir='ltr' id='par_1_111' title="bbox 2215 5541 3578 5612">
     <span class='ocr_line' id='line_1_114' title="bbox 2215 5541 3578 5612; baseline 0 -16"><span class='ocrx_word' id='word_1_748' title='bbox 2215 5541 2328 5612; x_wconf 87' lang='lat'><strong>(56)</strong></span> <span class='ocrx_word' id='word_1_749' title='bbox 2371 5541 2720 5612; x_wconf 81' lang='lat' dir='ltr'><strong>Animalibus</strong></span> <span class='ocrx_word' id='word_1_750' title='bbox 2756 5543 3072 5598; x_wconf 90' lang='lat' dir='ltr'><strong>consultum</strong></span> <span class='ocrx_word' id='word_1_751' title='bbox 3107 5541 3291 5597; x_wconf 87' lang='lat' dir='ltr'><strong>fuitet</strong></span> <span class='ocrx_word' id='word_1_752' title='bbox 3331 5558 3454 5611; x_wconf 81' lang='lat' dir='ltr'><strong>cap.</strong></span> <span class='ocrx_word' id='word_1_753' title='bbox 3490 5543 3578 5596; x_wconf 82' lang='lat'><strong>55.</strong></span> 
     </span>
    </p>
   </div>
   <div class='ocr_carea' id='block_1_112' title="bbox 2215 5610 2820 5681">
    <p class='ocr_par' dir='ltr' id='par_1_112' title="bbox 2215 5610 2820 5681">
     <span class='ocr_line' id='line_1_115' title="bbox 2215 5610 2820 5681; baseline -0.015 -6"><span class='ocrx_word' id='word_1_754' title='bbox 2215 5610 2326 5681; x_wconf 80' lang='lat'><strong>(57)</strong></span> <span class='ocrx_word' id='word_1_755' title='bbox 2363 5610 2449 5666; x_wconf 85' lang='lat' dir='ltr'><strong>Cf.</strong></span> <span class='ocrx_word' id='word_1_756' title='bbox 2479 5627 2534 5681; x_wconf 91' lang='lat' dir='ltr'><strong>p.</strong></span> <span class='ocrx_word' id='word_1_757' title='bbox 2565 5611 2653 5676; x_wconf 89' lang='lat'><strong>86,</strong></span> <span class='ocrx_word' id='word_1_758' title='bbox 2681 5628 2736 5666; x_wconf 91' lang='lat' dir='ltr'><strong>n.</strong></span> <span class='ocrx_word' id='word_1_759' title='bbox 2767 5613 2820 5666; x_wconf 73' lang='grc' dir='ltr'><strong>κ.</strong></span> 
     </span>
    </p>
   </div>
   <div class='ocr_carea' id='block_1_113' title="bbox 2217 5679 2789 5752">
    <p class='ocr_par' dir='ltr' id='par_1_113' title="bbox 2217 5679 2789 5752">
     <span class='ocr_line' id='line_1_116' title="bbox 2217 5679 2789 5752; baseline 0.005 -19"><span class='ocrx_word' id='word_1_760' title='bbox 2217 5679 2327 5752; x_wconf 76' lang='lat'><strong>(58)</strong></span> <span class='ocrx_word' id='word_1_761' title='bbox 2367 5679 2533 5752; x_wconf 59' lang='grc' dir='ltr'>ξων.</span> <span class='ocrx_word' id='word_1_762' title='bbox 2566 5697 2660 5752; x_wconf 77' lang='lat' dir='ltr'><strong>xtl,</strong></span> <span class='ocrx_word' id='word_1_763' title='bbox 2698 5682 2789 5736; x_wconf 82' lang='grc'><strong>10.</strong></span> 
     </span>
    </p>
   </div>
   <div class='ocr_carea' id='block_1_114' title="bbox 2213 5749 2782 5884">
    <p class='ocr_par' dir='ltr' id='par_1_114' title="bbox 2213 5749 2782 5884">
     <span class='ocr_line' id='line_1_117' title="bbox 2213 5749 2782 5884; baseline 0.005 -80"><span class='ocrx_word' id='word_1_764' title='bbox 2213 5749 2328 5884; x_wconf 63' lang='lat'><strong>(59)</strong></span> <span class='ocrx_word' id='word_1_765' title='bbox 2362 5750 2571 5818; x_wconf 90' lang='lat' dir='ltr'><strong>Codex,</strong></span> <span class='ocrx_word' id='word_1_766' title='bbox 2607 5750 2782 5816; x_wconf 79' lang='grc' dir='ltr'>ζωων.</span> 
     </span>
     <span class='ocr_line' id='line_1_118' title="bbox 2217 5819 2782 5884; baseline 0.004 -10"><span class='ocrx_word' id='word_1_767' title='bbox 2217 5819 2307 5884; x_wconf 71' lang='lat' dir='ltr'><strong>(i0</strong></span> <span class='ocrx_word' id='word_1_768' title='bbox 2370 5821 2576 5876; x_wconf 85' lang='lat' dir='ltr'><strong>Forsan</strong></span> <span class='ocrx_word' id='word_1_769' title='bbox 2617 5821 2782 5884; x_wconf 74' lang='grc' dir='ltr'>τεθειι</span> 
     </span>
    </p>
   </div>
   <div class='ocr_carea' id='block_1_115' title="bbox 2242 5819 2968 5893">
    <p class='ocr_par' dir='ltr' id='par_1_115' title="bbox 2242 5819 2968 5893">
     <span class='ocr_line' id='line_1_119' title="bbox 2242 5819 2968 5893; baseline 0.003 -19"><span class='ocrx_word' id='word_1_770' title='bbox 2242 5819 2328 5893; x_wconf 66' lang='lat' dir='ltr'><strong>i0)</strong></span> <span class='ocrx_word' id='word_1_771' title='bbox 2370 5821 2576 5893; x_wconf 83' lang='lat' dir='ltr'><strong>Forsan</strong></span> <span class='ocrx_word' id='word_1_772' title='bbox 2617 5821 2968 5893; x_wconf 77' lang='grc' dir='ltr'>τεθειμένων.</span> 
     </span>
    </p>
   </div>
   <div class='ocr_carea' id='block_1_116' title="bbox 2235 5891 3725 6017">
    <p class='ocr_par' dir='ltr' id='par_1_116' title="bbox 2235 5891 3725 6017">
     <span class='ocr_line' id='line_1_120' title="bbox 2235 5891 3725 6017; baseline 0 -72"><span class='ocrx_word' id='word_1_773' title='bbox 2235 5892 2325 6016; x_wconf 47' lang='grc' dir='ltr'><strong>ἃ)</strong></span> <span class='ocrx_word' id='word_1_774' title='bbox 2358 5892 2567 6017; x_wconf 52' lang='lat' dir='ltr'><strong>t{’i‘odex,</strong></span> <span class='ocrx_word' id='word_1_775' title='bbox 2593 5891 2844 5966; x_wconf 79' lang='grc' dir='ltr'>ἱματίων.</span> <span class='ocrx_word' id='word_1_776' title='bbox 2886 5892 3028 5948; x_wconf 81' lang='lat' dir='ltr'><strong>Mox.</strong></span> <span class='ocrx_word' id='word_1_777' title='bbox 3055 5891 3532 5965; x_wconf 75' lang='grc' dir='ltr'>παραδρευόντων.</span> <span class='ocrx_word' id='word_1_778' title='bbox 3564 5893 3725 5972; x_wconf 64' lang='grc' dir='ltr'>(ἐοιιί.</span> 
     </span>
    </p>
   </div>
   <div class='ocr_carea' id='block_1_117' title="bbox 2142 5977 2446 6032">
    <p class='ocr_par' dir='ltr' id='par_1_117' title="bbox 2142 5977 2446 6032">
     <span class='ocr_line' id='line_1_121' title="bbox 2142 5977 2446 6032; baseline 0 -15"><span class='ocrx_word' id='word_1_779' title='bbox 2142 5977 2191 6017; x_wconf 91' lang='lat' dir='ltr'><strong>c.</strong></span> <span class='ocrx_word' id='word_1_780' title='bbox 2235 5977 2315 6032; x_wconf 67' lang='grc' dir='ltr'><strong>ιι,</strong></span> <span class='ocrx_word' id='word_1_781' title='bbox 2358 5977 2446 6017; x_wconf 62' lang='lat' dir='ltr'><strong>us.</strong></span> 
     </span>
    </p>
   </div>
  </div>
