4094 6526
296 412 405 481 597

1528 410 2107 485 HOMERITARUM
2150 429 2290 488 LEG
2300 433 2410 491 ES.

3456 441 3562 506 598

348 526 490 593 Κεφ.
508 523 739 578 KH'.‘Ev
753 524 939 597 ἡμέρᾳ
955 525 1150 597 ἑορτῆς
1168 526 1478 597 μεγάλης,ἥ
1494 525 1590 580 καὶ
1606 526 1778 597 αὐτῆς
1789 527 1885 597 τῆς

2056 531 2188 604 Cap.
2228 534 2467 591 XXVIII.
2493 568 2563 577 -
2585 540 2681 594 Die
2712 540 2892 615 magni
2928 538 3084 607 festi,
3115 553 3209 599 aut
3235 544 3407 616 ipsius
3441 566 3565 607 san-

296 614 457 682 ἅγίας
482 616 577 668 καὶ
593 617 969 687 Χριστοφόρου
994 619 1298 689 Κυριακῆς,
1326 620 1480 683 εἴτις
1502 619 1703 691 φόρτον
1732 620 1877 689 ἄγει,

298 705 475 777 πάρεξ
507 707 804 778 ἐδωδίμων,
835 711 931 763 καὶ
958 710 1069 763 τῶν
1101 710 1531 780 ἀποδημούντων
1571 714 1654 775 είς
1695 710 1881 783 χώραν

300 798 544 867 μακρὰν,
582 800 681 853 εἶτ’
714 802 795 864 εἰς
824 800 1033 863 πλοῖον,
1073 801 1186 856 εἴτε
1218 802 1286 855 δι’
1311 803 1499 869 αὑτοῦ,
1527 805 1640 858 εῐτε
1670 803 1761 857 διὰ
1783 802 1878 855 τοῦ

298 891 621 961 ὑποζυγίου,
649 894 1055 966 είσκομιζέσθω
1082 895 1175 950 τὸν
1208 895 1430 968 φόρτον,
1463 899 1510 951 εί
1541 897 1657 951 ἔστι
1691 896 1787 952 καὶ
1819 898 1879 950 τὸ

298 982 500 1053 κτῆνος
542 982 641 1037 σὺν
678 983 760 1053 τῷ
795 984 1001 1056 φόρτῳ.
1032 984 1146 1040 Καὶ
1180 984 1327 1040 οὕτω
1374 985 1745 1057 ραπιζόμενος
1786 987 1877 1040 ἐκ·

296 1073 581 1129 διωκέσθω
632 1074 829 1129 καθότι
880 1075 1212 1147 Χριστιανὸς
1268 1076 1345 1130 ὢν
1376 1078 1405 1131 6
1456 1076 1702 1141 τοιοῦτος
1754 1076 1877 1131 οὕτε

297 1166 402 1221 κᾶν
432 1166 525 1219 ῐσα
553 1166 633 1237 τῷ
666 1167 907 1240 Ἰουδαίῳ
940 1167 1171 1240 ἐτίμασε
1195 1168 1309 1241 (42)
1336 1168 1437 1240 τὴν
1461 1170 1656 1241 ἑορτὴν
1686 1169 1875 1225 αὐτοῦ.

371 1259 514 1328 Κεφ.
568 1258 698 1312 ΚΘ¹.
760 1257 833 1312 Οὐ
894 1257 1147 1329 βούλεται
1211 1257 1505 1331 τοιγαροῦν
1557 1260 1591 1330 ἡ
1631 1258 1879 1330 ἡμετέρα

298 1350 514 1420 θειότης
550 1348 675 1401 τινά
719 1349 1077 1419 πιπράσκειν,
1118 1348 1151 1419 ἢ
1203 1349 1403 1420 φόρτον
1444 1348 1624 1419 ἄγειν,
1667 1350 1700 1421 ἢ
1755 1350 1881 1403 σκά-

299 1456 478 1505 πτειν,
501 1439 609 1510 93
647 1440 680 1509 ἢ
711 1440 963 1510 κάμνειν,
996 1441 1030 1512 ἦ
1064 1457 1120 1494 τι
1165 1440 1498 1512 ἐργάζεσθαι
1549 1443 1607 1495 ἐν
1632 1445 1700 1514 τῇ
1749 1442 1881 1515 ἁγίᾳ

298 1532 578 1603 Κυριακῇ,
616 1532 649 1603 ἢ
686 1532 745 1585 ἐν
774 1534 892 1596 ταῖς
920 1534 1279 1598 Δεσποτικαίς
1310 1535 1405 1589 καὶ
1446 1536 1714 1606 μεγάλαις
1756 1537 1880 1609 ἐορ-

298 1623 442 1684 ταῖς,
474 1622 572 1675 καὶ
607 1621 811 1693 φόρους
852 1624 1053 1689 ποιεῖν,
1086 1622 1120 1693 ἢ
1146 1624 1203 1677 ἐν
1252 1626 1373 1689 ταῖς
1397 1625 1496 1697 τῆς
1526 1626 1811 1691 Θεοτόκου,
1843 1626 1877 1698 ἢ

298 1714 358 1766 ἐν
388 1715 508 1776 ταίς
534 1712 646 1766 τῶν
674 1713 882 1767 δώδεκα
906 1714 1081 1783 ἁγίων
1097 1710 1413 1771 ἀποστόλων
1441 1717 1535 1771 τοῦ
1565 1718 1700 1772 Θεοῦ
1722 1718 1881 1790 ἡμῶν

299 1807 395 1860 καὶ
416 1807 655 1877 Χριστοῦ
689 1808 781 1862 καὶ
813 1809 1146 1882 Σωτῆρος,ἢ
1177 1810 1407 1882 ἐπὶτῶν
1439 1811 1644 1866 λοιπῶν
1684 1812 1877 1882 ἁγίων.

300 1896 383 1951 Τά
418 1897 474 1952 δέ
515 1897 660 1951 κατὰ
700 1881 1023 1971 προαίρεσιν
1069 1881 1230 1970 ἡμῶν
1257 1881 1485 1972 ἀφίημι.
1512 1903 1662 1956 Οἵτε
1695 1921 1878 1966 παρα-

300 1991 605 2057 δαίνοντες,
658 1991 727 2045 τά
774 1991 1152 2063 ἐπιφερόμενα
1194 1993 1288 2046 καὶ
1329 1994 1398 2047 τὰ
1453 1994 1884 2065 πιπρασκόμενα

300 2078 726 2149 ἀφαιρούμενοι,
758 2077 866 2133 ἀνά
896 2080 1360 2152 εἰκοσιτεσσάρων
1401 2083 1764 2154 ραπισμάτων
1798 2083 1884 2136 δε-

300 2170 546 2241 χόμενοι,
589 2168 1039 2225 ἀπολυέσθωσαν.

372 2263 512 2331 Κεφ.
548 2260 629 2317 Λ’.
666 2263 731 2315 ΟΞ
776 2262 939 2335 χάριν
984 2265 1325 2334 προστασίας
1359 2265 1697 2339 ἀρχόντωνῆ
1728 2266 1883 2337 βασι-

300 2354 454 2420 λείας
483 2355 576 2409 ἐπὶ
614 2358 726 2418 τοῖς
754 2355 1008 2426 ὀψωνίοις
1046 2355 1117 2410 τά
1155 2357 1417 2428 ήμιτίμια
1446 2358 1557 2426 (45)
1597 2359 1884 2430 ῥίπτοντες

300 2450 413 2513 τοῖς
463 2448 839 2519 πιπράσκουσι
878 2448 1077 2520 πένησι
1115 2453 1567 2521 πραγματευταῖς
1601 2452 1744 2505 κατά
1785 2469 1882 2504 τυ-

302 2540 547 2613 ραννίδα,
576 2543 669 2595 καὶ
693 2541 760 2595 τὰ
795 2540 976 2597 αὐτῶν
1009 2540 1281 2614 αἴροντες,
1313 2545 1408 2597 καὶ
1443 2544 1881 2615 πορευόμενοι,ἢ

301 2634 397 2688 καί
418 2651 543 2688 τινα
573 2634 951 2706 φθέγγονταιῆ
969 2634 1285 2702 τύπτοντες,
1306 2637 1400 2691 καὶ
1424 2636 1751 2707 φωραθῶσιν
1772 2636 1883 2709 (44)

300 2728 351 2780 oi
376 2726 554 2782 ταῦτα
584 2726 846 2796 δρῶντες,
885 2726 990 2780 ἀνά
1031 2726 1241 2780 δώδεκα
1270 2727 1473 2782 διπλῶν
1513 2728 1624 2799 (45)
1662 2729 1887 2799 δεχόμε-

301 2836 383 2872 νοι
413 2820 508 2873 καὶ
533 2817 1372 2890 δημευόμενοιάπολυέσθωσαν.
1409 2820 1475 2873 Ἠ
1502 2819 1610 2891 γὰρ
1638 2820 1885 2892 ἡμετέρα

306 2910 557 2980 βασιλεία
615 2909 995 2981 ἀποστερητάς
1045 2910 1145 2965 καὶ
1203 2910 1471 2981 ἀὼκητάς
1505 2912 1599 2965 καὶ
1626 2911 1885 2983 ἅρπαγας

303 3003 586 3074 ὑπηρέτας
622 3002 926 3071 κεκτῆσθαι
968 3002 1068 3056 οὐκ
1099 3004 1377 3075 ἀνέχεται.
1416 3006 1685 3076 Ἀρέσκει.
1717 3024 1799 3061 σοι
1824 3008 1886 3061 τὺ

303 3092 474 3159 είδοςο
515 3096 728 3167 πάρεχε
775 3095 835 3148 τὸ
885 3095 1092 3150 δίκαιον
1135 3096 1379 3168 τίμημα,
1427 3099 1537 3151 καὶτ
1566 3095 1700 3168 ἆρον
1732 3099 1897 3167 αὑτὸ,

303 3188 399 3241 καὶ
427 3187 685 3260 πορεύου.
1138 3176 1169 3207 ⁸

375 3283 518 3353 Κεφ.
554 3282 681 3339 ΛΑῙ.
720 3282 1140 3353 Νομοθετοῦμεν
1181 3280 1393 3335 τοίνυνο
1431 3283 1547 3345 Πᾶς
1586 3284 1737 3349 ὅστις
1772 3303 1881 3355 φω-

306 3376 496 3446 ραθεὶς
532 3378 626 3431 ἐπὶ
672 3378 739 3447 τῇ
782 3376 1012 3449 τοιαύτῃ
1044 3375 1243 3447 τόλμῃ,
1296 3374 1393 3428 καὶ
1437 3375 1753 3439 παιδευθεὶς
1793 3378 1889 3430 καὶ

302 3468 622 3540 δημευθεὶς,
672 3469 765 3523 καὶ
802 3468 1128 3540 μετέπειτα,
1160 3470 1272 3531 τοῖς
1295 3466 1562 3531 τοιούτοις
1591 3467 1705 3538 (46)
1738 3466 1888 3536 ams

305 3560 672 3634 κεχρημένος,
709 3562 758 3614 εί
792 3561 957 3614 πάλιν
989 3558 1302 3630 κατασχεθῇ
1336 3557 1447 3628 (67)
1476 3560 1504 3612 6
1528 3558 1794 3626 τοιοῦτος,
1830 3561 1889 3614 ἐν

302 3653 383 3724 τῷ
414 3654 516 3724 τῆς
548 3653 825 3724 ἡμετέρας
853 3650 1101 3717 ἐξουσίας
1129 3650 1427 3722 ἐργοδοσίῳ
1472 3651 1889 3721 προστάττομεν

305 3748 398 3802 τὸν
435 3746 679 3801 τοιοῦτον
718 3746 1072 3802 ἀποδίδοσθαι
1113 3746 1205 3799 ἐπὶ
1244 3745 1529 3818 ὁλοκλήρῳ
1556 3748 1889 3819 τετραμήνῳ

310 3840 461 3911 μετά
501 3842 612 3895 τῶν
667 3842 847 3895 ἐκεῖσε
894 3827 1336 3910 κατειλεγμένων
1378 3838 1490 3909 (48)
1537 3838 1886 3910 ἐργάξεσθαι.

319 3936 409 3999 Ὧς
442 3934 553 4007 γὰρ
589 3934 701 4006 94
737 3933 919 4005 μωρὸς
952 3915 1064 4003 (ιί9)
1111 3932 1289 3986 πέλων
1330 3932 1427 3985 καὶ
1475 3930 1704 4003 θρασὺς,
1747 3930 1890 3986 οὕτω

307 4028 416 4100 χρὴ
458 4024 839 4081 παιδεύεσθαι.
871 4025 985 4080 Καὶ
1029 4022 1205 4087 οὕτως
1244 4022 1566 4077 ἀπολυέσθω
1596 4023 1893 4088 πιστωθεὶς

306 4120 406 4191 οἵῳ
429 4118 583 4189 κόπῳ
609 4117 849 4172 κτῶνται
877 4116 968 4171 τὸν
1002 4115 1215 4170 ἑαυτῶν
1246 4115 1410 4187 ἄρτον
1436 4116 1486 4168 οἱ
1513 4114 1764 4185 πένητες.

382 4215 523 4282 Κεφ.
556 4213 678 4267 AB'.
707 4212 771 4267 Οἱ
800 4209 943 4263 κατά
969 4208 1243 4277 γειτονίαν
1275 4208 1386 4279 (50)
1419 4207 1599 4279 μάχην
1628 4205 1892 4278 εἰσπράτ-

308 4322 514 4370 τοντες,
539 4304 668 4358 οἵτε
699 4302 786 4356 ἐπ’
819 4301 1049 4373 ἀγορᾶς,
1076 4298 1440 4370 κρατούμενοι
1467 4298 1767 4368 ἀμφότεροι
1791 4297 1894 4350 ἀνά

308 4396 723 4468 τεσσαράκοντα
804 4393 1085 4464 μαστίγων
1158 4390 1593 4461 κομιζέσθωσαν,
1656 4390 1773 4444 ἀνθ’
1818 4382 1894 4446 ὧν

309 4491 565 4561 ἀνάρχως
621 4486 929 4558 ἐτόλμησαν
975 4486 1168 4556 χεῖρας
1206 4485 1411 4554 ἐπᾶραι
1464 4485 1585 4538 κατ’
1621 4482 1891 4554 ἀλλήλων,

1983 634 2084 681 ctaa
2128 634 2186 681 et
2214 625 2545 684 Christianae
2591 630 2911 700 Dominica,
2955 632 3001 689 si
3032 634 3161 704 quis
3202 652 3345 695 onus
3387 642 3561 709 vehit,

1982 726 2183 789 praeter
2220 718 2450 786 cibaria,
2492 721 2979 794 demigrantesque
3005 724 3062 779 in
3094 725 3449 799 longinquam
3474 728 3564 787 re-

1981 808 2222 880 gionem,
2247 810 2363 867 sive
2392 827 2491 882 per
2521 813 2824 884 navigium,
2865 816 2981 871 sive
3004 832 3104 886 per
3155 818 3418 888 seipsum,
3446 821 3565 878 sive

1980 917 2081 972 per
2095 904 2430 973 jumentum,
2454 904 2764 962 adducatur
2780 921 2940 974 onus,
2963 908 3009 963 si
3036 919 3140 977 est,
3176 918 3233 965 et
3248 912 3562 983 jumenmm

1980 1011 2106 1049 cum
2124 1010 2322 1062 onere;
2346 1005 2511 1067 atque
2540 998 2621 1054 sic
2644 1001 2940 1069 vapulatus
2962 1002 3216 1072 ejiciatur
3240 1004 3411 1073 quod.
3436 1020 3562 1061 cum

1979 1088 2327 1145 Christianus
2349 1091 2443 1158 sit,
2471 1092 2618 1147 haud
2642 1108 2802 1150 secus
2821 1110 2885 1151 ac
2913 1095 3135 1153 Iudaeus
3156 1097 3358 1154 festum
3390 1098 3564 1170 ipsius

1981 1183 2332 1251 contempsit.

2051 1270 2183 1343 Cap.
2224 1272 2416 1329 XXIX.
2443 1274 2655 1331 —Non
2687 1276 2807 1331 vult
2858 1275 3029 1348 igitur
3071 1284 3258 1333 nostra
3302 1278 3564 1335 divinitas

1984 1378 2313 1434 quemquam
2342 1365 2603 1431 vendere,
2628 1366 2716 1421 vel
2748 1381 2891 1421 onus
2921 1365 3091 1432 ferre,
3119 1368 3207 1423 vel
3232 1367 3444 1435 fodere,
3475 1369 3559 1425 vel

1981 1457 2254 1523 laborare,
2278 1458 2365 1513 vel
2391 1458 2696 1529 quidquam
2733 1458 2916 1517 facere
2947 1459 3004 1514 in
3039 1468 3229 1516 sancta
3256 1460 3560 1527 Dominica,

1980 1559 2076 1605 aut
2122 1550 2177 1604 in
2215 1550 2560 1607 solemnibus
2598 1551 2922 1622 magnisque
2968 1552 3187 1608 Domini
3244 1552 3417 1619 festis,
3469 1562 3564 1609 aut

1981 1642 2270 1714 vectigalia
2290 1644 2573 1716 colligere,
2604 1644 2692 1699 vel
2718 1643 2775 1698 in
2809 1643 2966 1699 festis
3004 1644 3272 1715 Deiparaa,
3297 1656 3391 1699 aut
3425 1645 3563 1701 duo-

1980 1735 2160 1791 decim
2188 1742 2506 1790 sanctorum
2544 1736 2924 1806 apostolorum
2956 1736 3052 1791 Dei
3080 1736 3255 1791 nostri
3280 1744 3337 1791 et
3355 1737 3562 1794 Christi

1980 1834 2038 1881 et
2075 1826 2394 1907 Salvatoris,
2421 1834 2517 1883 au‘.
2550 1828 2891 1898 reliquorum
2914 1835 3253 1883 sanctorum.
3280 1829 3405 1885 Ilaec
3431 1845 3564 1884 vero

1988 1916 2055 1972 ad
2081 1917 2375 1973 arbitrium
2407 1926 2658 1972 nostrum
2688 1917 2931 1973 remitto.
2979 1917 3435 1990 Transgressores
3467 1935 3565 1974 au-

1988 2018 2118 2076 tem,
2164 2008 2345 2065 allatis
2399 2009 2565 2064 rebus
2606 2008 2959 2080 venditisque
3006 2010 3274 2079 spoliati,
3323 2010 3564 2081 acceptis

1982 2102 2209 2160 circiter
2239 2111 2480 2173 quatuor
2509 2111 2567 2159 et
2596 2101 2793 2175 viginti
2828 2101 3024 2173 plagis,
3054 2102 3428 2158 remittantur.

2053 2273 2187 2345 Cap.
2228 2274 2489 2330 XXX.-—
2512 2274 2618 2342 Qui
2644 2282 2871 2346 propter
2902 2274 3323 2347 magistratuum
3357 2284 3451 2330 aut
3476 2292 3566 2331 re-

1983 2366 2066 2438 gis
2093 2367 2445 2437 praesentiam
2471 2367 2525 2422 in
2553 2366 2805 2424 obsoniis
2829 2368 2999 2438 pretii
3032 2366 3265 2439 legitimi
3290 2376 3346 2423 et
3378 2383 3568 2425 neces-

1984 2466 2115 2521 sarii
2139 2463 2433 2521 dimidium
2453 2464 3072 2536 jaciunt,vendentibus
3101 2466 3440 2536 pauperibus
3463 2482 3567 2520 ne-

1983 2557 2349 2629 gotiatoribus
2375 2557 2428 2612 vi
2459 2557 2623 2621 facta,
2660 2566 2717 2613 et
2747 2572 2871 2627 quae
2904 2565 3038 2612 sunt
3066 2556 3291 2611 illorum
3323 2556 3566 2627 rapiunt,

1984 2660 2148 2720 atque
2179 2651 2285 2705 iter
2314 2650 2602 2714 facientes,
2647 2650 2771 2705 illos
2801 2649 3006 2704 auxilio
3045 2664 3148 2705 suo
3178 2659 3441 2705 vocantes
3469 2666 3567 2706 va-

1984 2741 2272 2812 pulantur,
2324 2756 2449 2797 cum
2503 2741 2621 2795 haec
2679 2748 2906 2812 agentes
2948 2739 3283 2809 deprehensi
3338 2739 3566 2804 fuerint,

1984 2832 2209 2887 circiter
2231 2831 2524 2887 duodecim
2548 2830 2775 2885 fustium
2801 2828 3040 2885 verbera
3069 2828 3441 2899 accipiant,et
3470 2845 3572 2899 pu-

1985 2925 2128 2980 blice
2161 2922 2427 2978 admoniti
2455 2921 2831 2978 dimittantur.
2864 2920 3033 2991 Regia
3078 2919 3226 2976 enim
3269 2920 3571 2976 auctoritas

1985 3026 2175 3072 nostra
2197 3015 2567 3079 fraudatores,
2589 3022 2646 3069 et
2666 3013 2920 3085 iniustos,
2943 3021 2998 3068 et
3017 3020 3270 3083 raptores
3287 3012 3571 3067 ministros

1987 3108 2193 3164 habere
2244 3123 2355 3163 non
2401 3106 2634 3177 patitur.
2679 3106 2867 3161 Placet
2908 3104 3009 3159 tibi
3060 3102 3271 3175 aliquid
3332 3120 3347 3156 :
3387 3102 3570 3173 praebe

1912 3211 1955 3270 ο
1985 3201 2195 3273 justum
2227 3199 2487 3269 pretium,
2520 3196 2677 3252 aufer
2700 3194 2859 3259 illud,
2888 3202 2944 3250 et
2976 3208 3143 3264 perge
3172 3192 3337 3247 viam.

2062 3292 2194 3362 Cap.
2222 3290 2418 3346 XXXI.
2440 3319 2511 3330 --
2530 3288 2731 3358 Legem
2766 3286 2937 3357 igitur
2963 3284 3225 3341 ferimus:
3244 3283 3572 3353 Quicunque

1990 3384 2374 3455 deprehensus
2414 3380 2585 3437 fuerit
2628 3380 2685 3435 in
2728 3378 2825 3434 tali
2881 3376 3196 3449 protervia,
3245 3375 3479 3431 edoctus
3517 3383 3574 3430 et

1990 3476 2215 3548 publice
2253 3473 2519 3539 monitus,
2550 3480 2607 3527 et
2630 3478 2755 3542 post
2788 3470 2926 3535 haec,
2969 3467 3172 3524 talibus
3210 3466 3380 3522 semel
3417 3480 3571 3527 usus,

1991 3568 2037 3623 si
2068 3582 2260 3623 rursus
2291 3574 2485 3635 captus
2506 3563 2678 3619 fuerit
2710 3562 2861 3626 talis,
2882 3561 2937 3615 in
2958 3558 3182 3631 publica
3206 3555 3384 3613 nostri
3416 3555 3571 3626 regni

1990 3657 2207 3713 ollicina
2255 3655 2404 3710 hunc
2449 3654 2634 3708 virum
2676 3650 2885 3707 includi
2930 3648 3211 3720 iubemus,
3268 3654 3434 3713 atque
3496 3644 3570 3699 ibi

1991 3758 2232 3821 quatuor
2277 3762 2498 3803 menses
2537 3743 2748 3801 solidos
2778 3758 2905 3798 cum
2949 3738 3247 3811 opificibus
3293 3738 3570 3792 laborare.

1994 3843 2150 3898 Sicut
2183 3840 2331 3897 enim
2383 3840 2551 3895 stulte
2594 3853 2661 3893 ac
2697 3834 2972 3891 violenter
3019 3846 3309 3904 aggressus
3348 3839 3453 3893 est,
3493 3829 3574 3884 sic

1992 3932 2279 3989 docendus
2308 3939 2412 3987 est.
2447 3929 2627 3999 Atque
2674 3926 2750 3982 ita
2784 3924 3116 3989 dimittatur,
3152 3930 3359 3993 quanto
3382 3920 3573 3976 labore

1993 4040 2190 4094 panem
2226 4038 2386 4079 suum
2411 4027 2823 4090 consequantur
2851 4031 3126 4088 pauperes
3156 4016 3273 4086 ipse
3293 4020 3570 4083 expertus.

2063 4203 2545 4276 Cap.XXXII.Qui
2577 4218 2675 4273 per
2705 4202 2987 4273 regionem
3020 4208 3270 4255 nostram
3293 4205 3575 4253 certamen

1994 4300 2223 4359 faciunt,
2252 4297 2461 4367 quique
2484 4296 2537 4349 in
2569 4294 2710 4359 foro,
2731 4290 3275 4364 comprehendantur
3301 4305 3497 4345 omnes
3518 4298 3577 4357 et

1995 4390 2064 4446 ad
2094 4387 2459 4461 quadraginta
2515 4387 2705 4456 plagas
2746 4385 3049 4456 accipiant,
3081 4391 3380 4454 propterea
3426 4381 3576 4451 quod

1998 4479 2307 4537 inordinate
2326 4479 2595 4534 violentas
2611 4492 2807 4531 manus
2825 4476 2970 4531 inter
2985 4491 3044 4531 se
3062 4474 3271 4530 inferre
3291 4472 3412 4529 ausi
3428 4481 3577 4537 sunt,

312 4555 550 4635 εττεᾶαι
599 4555 821 4650 ράεδόν,
845 4555 1106 4631 εἴτεηκαὶ
1146 4574 1350 4646 ἑτέρως
1396 4592 1515 4639 πως
1552 4574 1686 4646 (51).
1717 4575 1798 4628 Ει·
1829 4574 1885 4628 δὲ

1998 4582 2095 4629 aut
2127 4572 2348 4636 fustem,
2386 4578 2482 4625 aut
2512 4570 2621 4624 alio
2652 4567 2852 4637 quovis
2890 4566 3084 4622 modo.
3128 4565 3185 4622 Si
3224 4570 3411 4620 autem
3452 4578 3582 4633 pars

310 4672 373 4726 τὸ
397 4672 455 4726 ἓν
482 4671 673 4743 μέρος,
704 4668 943 4740 πτοηθὲν
965 4668 1058 4722 τὸν
1086 4667 1272 4738 νόμον,
1298 4667 1548 4738 ὑποταγῇ
1572 4668 1666 4721 καὶ
1695 4670 1891 4739 χεῖρας

312 4766 413 4819 οὑκ
450 4763 665 4835 ἐκτείνῃ
709 4764 790 4826 είς
831 4761 1070 4832 ἄμυναν,
1105 4759 1339 4830 συρῆται
1378 4758 1484 4813 ὑπὸ
1522 4757 1617 4812 τοῦ
1641 4759 1888 4814 ἐναντίου

314 4858 410 4913 καὶ
458 4855 637 4928 τυφθῇ
674 4856 786 4926 (52)
834 4852 982 4908 κατά
1029 4869 1151 4905 τινα
1197 4852 1422 4923 τρόπον,
1471 4850 1638 4915 αὐτὸς
1690 4852 1789 4922 μὲν
1814 4852 1911 4917 ὡς.

314 4947 606 5012 ἀνεύθυνος
622 4944 943 5001 ἀπολυέσθω
962 4959 977 4975 ⁶
1008 4945 1036 4997 6
1059 4944 1115 4998 δὲ
1144 4943 1333 4997 τοῦτον
1355 4943 1718 5015 ἀμυνόμενος,
1744 4942 1894 5006 ὅστις

313 5042 381 5097 ἂν
410 5040 496 5112 εἴη
516 5041 650 5112 (5⁸5),
682 5039 1015 5110 ὀγδοήκοντα
1065 5036 1337 5108 μάστιγας
1378 5035 1759 5105 κομιζόμενος,
1802 5036 1895 5089 ἐπὶ

1998 4682 2129 4731 una,
2160 4664 2335 4735 legem
2373 4660 2633 4726 reverita,
2659 4659 2848 4725 cessit,
2882 4672 3189 4727 manusque
3233 4671 3347 4711 non
3382 4654 3583 4710 extulit

1993 4759 2062 4815 ad
2091 4754 2524 4816 defendendum,
2561 4762 2617 4808 et
2654 4751 2889 4823 spoliata
2918 4750 3024 4805 fuit
3055 4750 3124 4805 ab
3159 4746 3481 4804 adversario
3524 4755 3581 4802 et

1992 4849 2232 4922 quodam
2267 4847 2433 4903 modo
2460 4848 2774 4911 verberata,
2811 4844 2903 4899 ille
2935 4844 3163 4914 quidem
3191 4851 3454 4913 tanquam
3491 4839 3580 4894 in-

1994 4960 2202 5001 nocens
2230 4942 2582 5006 dimittatur;
2624 4939 2719 5009 qui
2755 4946 2941 4993 autem
2984 4936 3141 4991 illum
3194 4934 3424 4991 adortus
3471 4940 3579 4996 est,

1996 5037 2253 5107 quisquis
2280 5036 2371 5101 sit,
2393 5034 2679 5105 octoginta
2706 5031 2893 5104 plagas
2916 5029 3171 5101 accipiat,
3200 5028 3332 5086 dein
3362 5026 3581 5083 duobus

1817 5146 2045 5205 ΝΟΤᾹΞ.

411 5252 501 5321 42)
531 5251 671 5308 Cod.
701 5250 999 5321 ὲτήμασαι.
1017 5249 1202 5304 Malim
1230 5245 1481 5321 ἐτίμησε.
1611 5243 1889 5315 ἑτοίμασε.

409 5316 498 5393 45)
530 5323 702 5379 Pretii
729 5316 965 5393 legitimi
990 5330 1047 5375 et
1069 5318 1368 5393 necessarii
1398 5316 1710 5393 dimidium.

389 5383 727 5469 (Hilgocus
775 5383 1028 5469 vitiatus:
1074 5391 1284 5446 Forsan
1322 5388 1366 5469 il.
1398 5386 1739 5469 βαπτίζοντες,
1794 5383 1897 5438 κᾶν

315 5456 441 5520 τινα
474 5456 847 5534 φθέγγωνται,
878 5464 913 5533 ἢ
958 5463 1278 5534 τύπτοντες,
1322 5456 1370 5511 εἰ
1400 5456 1623 5529 ήφωραθ.

386 5537 498 5606 (45)
533 5534 693 5606 Conf.
723 5549 781 5604 p.
815 5534 993 5606 19,_n.
1029 5533 1081 5586 5.

414 5604 488 5662 46
537 5605 747 5668 Codex,
785 5604 1080 5665 τοιαύτοις.

390 5606 505 5749 (47)
554 5676 770 5749 Code},
824 5690 1075 5743 πατασχε

317 5748 390 5805 20
402 5744 423 5813 ’;
455 5744 509 5819 ρ’.
544 5747 650 5819 82,
672 5744 759 5800 10.

397 5812 508 5883 (48)
538 5816 747 5882 Codex,
778 5812 1259 5883 κατηλλεγμένων.

397 5820 487 5883 (48
538 5820 747 5882 Codex,
778 5820 1259 5883 κατηλλεγμένων.
1736 5879 1745 5889 _

396 5820 509 5960 (49)
565 5888 660 5945 Sic
752 5887 899 5942 bono
937 5889 1169 5940 accentu
1215 5882 1269 5937 in
1308 5882 1399 5938 tali
1442 5881 1604 5938 libro.
1650 5880 1907 5951 Epistulae

561 5666 770 5738 Codex,
824 5671 1182 5743 πατασχεοεῖ.
1227 5670 1319 5727 Sic
1364 5672 1475 5742 jam
1526 5669 1696 5726 codex
1728 5684 1784 5740 p.
1813 5666 1901 5729 80,

1998 5245 2210 5325 βουνοί.
2246 5244 2345 5325 14,
2366 5260 2420 5314 p.
2610 5234 2655 5295 ὦ
2693 5238 2863 5325 μωρέ.
2905 5229 3583 5325 ροάθξοόοᾰξξᾷῶμῇξξν

2000 5316 2057 5370 in
2093 5308 2390 5402 personata
2436 5313 2607 5368 attico
2644 5308 2866 5393 melius.
2920 5308 3193 5365 Arcadius
3240 5308 3316 5362 De
3368 5313 3565 5360 accent

2000 5402 2055 5453 p.
2089 5385 2156 5441 b9
2193 5402 2206 5438 :
2239 5385 2442 5453 μῶρος,
2479 5385 2737 5453 ἁττικως.
2799 5450 2814 5453 _
3021 5450 3032 5453 _
3333 5444 3346 5453 Α

1999 5402 2055 5456 p.
2089 5402 2156 5441 Du
2193 5402 2206 5438 :
2279 5402 2442 5453 ωρος,
2479 5402 2737 5442 αττικως.

2084 5453 2184 5523 ’50)
2225 5403 2384 5510 soni.
2407 5469 2463 5522 p.
2496 5455 2585 5513 73,
2612 5468 2669 5505 n.
2695 5452 2747 5515 7,
2783 5450 2853 5505 de
2884 5450 3110 5504 nomine
3143 5444 3405 5518 γειτονίᾳ.

2082 5526 2167 5595 (51
2226 5524 2410 5581 Codex
2450 5522 2639 5592 ἕτερός
2670 5538 2813 5585 πως.

2076 5596 2167 5665 (52
2223 5594 2432 5659 Codex,
2476 5592 2587 5647 τῶν
2633 5590 2888 5665 νόμωνὶ..
2923 5589 3209 5665 ἐκτήξοη...
3264 5587 3421 5665 {opai

2076 5589 2190 5668 (52)
2223 5594 2432 5659 Codex,
2476 5589 2587 5647 τῶν
2636 5590 2888 5661 νόμων...
2934 5589 3209 5659 ἐκτήνη...
3264 5589 3583 5657 συρεῖται...

2000 5665 2225 5754 τυφθεῖ..
2248 5665 2458 5754 Eorsan
2484 5662 2740 5733 πτοηθὲν,
2770 5659 2849 5732 τῷ
2878 5658 3031 5729 νόμῳ
3066 5658 3385 5727 ὑποταγῇ...
3419 5655 3589 5728 σύρη-

2000 5738 2092 5792 ταί
2116 5754 2175 5789 τε
2208 5736 2378 5790 ὑπὸ...

2075 5808 2189 5876 (55)
2221 5808 2291 5863 Ut
2330 5811 2459 5876 sunt
2486 5804 2577 5876 vix
2608 5800 2910 5876 credibiles
2942 5798 3225 5876 memoria:
3252 5813 3280 5853 a
3310 5794 3590 5876 τρίμμα)-

2002 5864 2099 5936 bet
2141 5864 2210 5935 ad
2259 5874 2685 5933 remotissimam
2725 5872 2959 5928 alteram
3002 5869 3214 5937 saltus,
3246 5864 3609 5947 verbisistis.
3717 5894 3725 5900 -
