4088 6542
472 426 578 490 C03
1423 419 1485 483 S.
1517 417 1941 479 GREGENTII
1982 416 2218 476 EPISC.
2258 412 2788 473 TAPHARENSIS
3080 439 3088 449 -
3629 395 3736 462 604

471 537 588 590 sive
615 533 850 589 feminae.
875 531 1030 599 Quod
1062 530 1107 585 si
1130 530 1255 601 quis
1277 530 1332 584 in
1350 529 1519 585 alium
1543 529 1900 600 opprobrium
1921 543 2045 584 con-

2154 527 2263 578 εἴτε
2299 523 2456 593 θῆλυ.
2503 522 2631 576 Ἐὰν
2675 522 2732 576 δὲ
2782 523 2810 575 6
2865 519 2962 590 μὲν
3009 514 3090 580 εἷς
3139 515 3364 585 ὓϐρεσιν
3409 509 3503 564 τδν
3544 510 3732 584 ἕτερον

465 623 587 694 jieit
619 629 675 678 et
710 623 866 693 quasi
891 622 1187 693 jaculatur,
1218 620 1310 674 hic
1336 635 1485 685 vero,
1517 629 1746 691 propter
1783 619 2044 690 praecepti

2159 615 2328 690 βάλλῃ
2362 615 2395 686 ἢ
2427 616 2520 668 καὶ
2548 613 2766 687 τοξεύῃ,
2807 614 3016 674 ἐκεῖνος
3063 610 3144 676 δὲ,
3192 607 3284 662 διὰ
3321 606 3414 660 τὸν
3444 605 3608 674 φόϐον
3633 601 3730 658 τοῦ

471 715 646 768 nostri
708 715 981 777 timorem,
1031 728 1142 766 non
1203 712 1504 782 quidquam
1571 711 1932 782 respondens,
1981 709 2045 766 ad

2156 709 2583 780 προστάγματος
2631 705 2810 776 ἡμῶν,
2863 703 3149 772 σιωπήσας
3203 697 3479 771 προσέλθῃ
3531 695 3730 767 μᾶλλον

472 804 853 874 magistratum
886 803 1072 872 potius
1099 803 1364 873 confugit,
1395 803 1751 872 accipiat‘qui
1789 803 2048 873 injuriam

475 896 665 950 intulit
697 904 823 950 octo
863 905 920 950 et
961 895 1320 965 quadraginta
1356 896 1562 965 plagas,
1603 904 1663 950 et
1702 895 1920 965 publice
1955 894 2055 948 ob-

467 991 720 1062 iurgatus
767 988 1095 1042 dimittatur.
1155 987 1324 1042 Jubet
1352 987 1503 1041 enim
1563 987 1715 1057 regia
1745 986 2052 1042 auctoritas

472 1089 683 1143 nostra,
739 1080 883 1134 sicut
935 1079 1070 1133 dicit
1115 1079 1454 1148 Apostolus:
1493 1097 1512 1129 ι
1559 1078 1776 1133 Honore
1816 1077 2052 1132 invicem

473 1171 890 1242 praevenientes,
927 1190 945 1223 ι
983 1184 1085 1224 nec
1106 1172 1217 1240 jam
1246 1170 1392 1225 inter
1418 1185 1517 1224 vos
1546 1169 1876 1239 impunitum
1907 1183 2049 1234 esse,

473 1279 592 1319 sese
616 1263 848 1318 invicem
863 1263 1182 1332 _opprobriis
1202 1263 1489 1317 lacessere.
1513 1260 1880 1316 Honoriﬁcate
1902 1260 2052 1316 enim

473 1353 837 1422 vosmetipsos
865 1363 921 1408 et
946 1369 1058 1408 non
1087 1353 1436 1407 inhonorate.

541 1445 672 1515 Cap.
706 1443 816 1498 XL.
851 1473 924 1484 —-
956 1445 1162 1499 Pueros
1217 1457 1430 1508 omnes,
1488 1443 1631 1497 sicut
1682 1458 1802 1498 mos
1833 1451 1917 1498 est
1945 1441 2047 1508 eis,

474 1535 758 1591 incondite
788 1535 844 1590 in
879 1520 1146 1590 festorum
1178 1535 1374 1590 diebus
1427 1536 1724 1590 convenire
1775 1545 1831 1591 et
1873 1537 2048 1591 collu-

472 1627 622 1691 dere,
712 1627 961 1696 Protinus
1055 1626 1316 1696 jubemus
1403 1626 1665 1681 inhiberi.
1754 1625 2042 1682 Commisti

470 1719 620 1770 enim
660 1716 1054 1786 insipientibus
1100 1716 1247 1770 ludis
1278 1716 1617 1771 dazmoniaco
1668 1716 1907 1786 quodam
1942 1716 2049 1770 im-
2107 1776 2111 1780 _

471 1808 657 1876 pulsu,
691 1808 758 1862 ad
791 1808 1035 1878 impuras
1064 1807 1352 1862 mistiones
1387 1823 1446 1862 se
1472 1807 1704 1862 invicem
1737 1807 2046 1873 hortantur,

2153 801 2250 855 καὶ
2273 799 2392 870 99
2409 797 2606 870 ἐντύχῃ
2634 796 2745 868 (80)
2789 797 2853 866 τῇ
2904 793 3144 864 ἐξουσίᾳ,
3174 789 3416 860 δεχέσθω
3445 792 3472 842 6
3501 788 3730 859 ὑϐρίσας

2150 891 2564 961 τεσσαράκοντα
2613 888 2758 942 ὀκτὼ
2793 888 3084 958 μάστιγας,
3139 885 3234 938 καὶ
3273 881 3566 952 δημευθεὶς
3597 883 3733 934 am-

2152 982 2382 1036 λυέσθω.
2415 979 2644 1035 Κελεύει
2693 980 2806 1052 γὰρ
2857 981 2891 1050 ή
2948 976 3196 1049 ἡμετέρα
3242 973 3512 1045 βασιλεία,
3543 970 3734 1036 καθὼς

2154 1075 2354 1144 φάσκει
2381 1075 2409 1128 6
2443 1073 2766 1135 Ἀπόστολος
2797 1071 2932 1142 (81),
2971 1089 2990 1123 ι
3030 1070 3108 1141 Τῇ
3139 1070 3272 1138 τιμῇ
3301 1065 3562 1136 ἀλλήλους
3593 1081 3728 1133 προ-

2151 1166 2468 1238 ηγούμενοι,
2500 1185 2518 1219 ι
2555 1166 2650 1219 καὶ
2701 1165 2899 1235 μηκέτι
2939 1163 3082 1234 ἔχειν
3111 1163 3258 1232 ὑμᾶς
3309 1159 3422 1227 (82)
3468 1156 3729 1225 τοιαύτην

2149 1257 2338 1311 ἄδειαν
2369 1255 2594 1328 ὕϐρεσιν
2631 1255 2847 1325 βάλλειν
2877 1252 3145 1324 ἀλλήλους
3166 1269 3183 1284 ·
3234 1250 3435 1320 τιμᾶτε
3461 1247 3569 1319 γάρ
3599 1248 3728 1299 έαυ--

2147 1347 2276 1410 τοὺς
2300 1347 2396 1400 καὶ
2426 1347 2500 1417 μὴ
2524 1345 2820 1417 ἀτιμάζετε
2851 1344 2984 1416 (85).

2219 1440 2364 1508 Κεφ.
2395 1438 2484 1493 Μ’.
2521 1439 2742 1501 Πάντας
2771 1437 2902 1497 τοὺς
2936 1433 3152 1499 παῖδας,
3185 1431 3264 1496 ὡς
3293 1429 3414 1492 έθος
3445 1427 3594 1481 ἒστὶν
3623 1425 3726 1480 αύ-

2147 1533 2281 1595 τοῖς,
2313 1529 2656 1592 ἀπαιδεύτως
2685 1529 2744 1581 ὲν
2772 1529 2894 1590 ταῖς
2922 1526 3027 1580 τῶν
3060 1522 3263 1594 ἑορτῶν
3315 1523 3556 1593 ἡμέραις
3599 1535 3727 1572 συνο

2147 1622 2499 1694 αθροίξεσθαι
2529 1622 2621 1674 καὶ
2651 1619 3000 1689 παιγνιάζειν
3031 1614 3290 1686 παραυτά
3316 1613 3727 1684 προστάττομεν

2147 1712 2476 1767 κωλύεσθαι.
2529 1713 3043 1782 Συναναφυρόμενοι
3070 1708 3179 1780 γὰρ
3207 1709 3321 1770 τοῖς
3347 1705 3563 1772 ἀλόγοις
3595 1718 3727 1755 παι-

2147 1803 2321 1873 γνίοις
2349 1803 2762 1873 ὲκδαιμονικῆς
2793 1799 3097 1871 ἐνεργείας,
3151 1798 3246 1850 ἐπὶ
3301 1796 3504 1868 μιαρὰς
3549 1793 3726 1864 μίξεις

469 1897 889 1954 fornicationem
936 1899 1214 1954 discentes
1280 1906 1337 1952 et
1382 1897 1749 1952 abominatam
1796 1897 2045 1953 Sodomi-

2150 1895 2551 1966 προτρέπονται
2593 1893 2878 1965 ἀλλήλους,
2915 1889 3174 1962 πορνείαν
3203 1887 3580 1957 παιδευόμενοι
3609 1885 3722 1955 (8i)

471 1999 652 2045 tarum
709 1991 1107 2061 impuritatem,
1170 1989 1400 2055 furtum,
1453 1998 1510 2046 et
1559 1991 1929 2056 mendacium,
1991 2000 2046 2046 et

469 2083 647 2136 minen
697 2080 1047 2154 (ebrietatem
1067 2083 1134 2150 ?),
1195 2081 1618 2151 turpiloquium,
1657 2089 1714 2136 et
1753 2081 2042 2152 ignaviam,

467 2183 525 2227 et
557 2171 866 2226 mollitiem.
891 2172 958 2226 Et
987 2171 1120 2242 quid
1153 2171 1311 2241 plura
1339 2170 1524 2226 dicere
1548 2171 1618 2224 de
1649 2170 1721 2225 iis
1753 2187 1892 2240 opus
1919 2172 2046 2226 est?

466 2263 594 2318 Ideo
617 2262 873 2334 jubemus
907 2269 965 2316 ut
988 2261 1042 2315 in
1073 2270 1348 2331 posterum
1375 2261 1536 2316 istius
1564 2261 1712 2315 modi
1739 2270 2046 2317 conventus

465 2360 524 2407 et
561 2353 675 2408 ludi
705 2353 931 2408 omnino
962 2353 1384 2422 prohibeantur.
1415 2351 1692 2407 Caeterum
1712 2362 1769 2406 et
1797 2353 2043 2407 oblecta-

471 2441 648 2498 tiones
703 2457 896 2496 omnes
952 2439 1246 2512 diligenter
1297 2441 1684 2506 observentur,
1721 2457 1790 2496 ne
1814 2441 1955 2496 forte
1987 2442 2044 2496 in

467 2533 649 2587 medio
678 2548 868 2587 earum
892 2531 1194 2602 quidquam
1254 2533 1458 2586 malum
1494 2542 1550 2587 et
1573 2532 1798 2587 noxium
1827 2533 2045 2587 exoria-

466 2633 576 2679 tur.
600 2624 704 2692 Qui
726 2634 907 2681 autem
938 2625 994 2679 in
1023 2624 1168 2679 ludis
1207 2624 1418 2678 inventi
1449 2623 1679 2690 fuerint,
1704 2634 1940 2695 quatuor
1989 2634 2044 2679 et

464 2717 654 2787 viginti
687 2717 822 2772 loris
847 2718 997 2784 caesi,
1021 2717 1395 2772 admonitione
1411 2727 1637 2789 accepta
1668 2718 2041 2778 dimittantur.

533 2980 663 3051 Cap.
689 2981 849 3036 XLII.
911 3013 980 3022 —
1007 2982 1063 3038 Si
1097 2983 1189 3054 qui
1227 2983 1526 3040 morientes
1559 3000 1758 3056 magna
1779 2984 1922 3040 bona
1959 3002 2043 3040 rc-

463 3072 744 3143 liquerint,
773 3082 926 3129 extra
957 3084 1200 3129 nostram
1239 3077 1628 3130 auctoritatem
1667 3075 2040 3130 administrari

462 3181 527 3220 ea
571 3181 797 3236 prorsus
844 3167 1120 3221 nolumus.
1157 3166 1384 3236 Oportet
1418 3167 1565 3220 enim
1599 3166 1745 3236 apud
1779 3181 1882 3221 nos
1915 3165 2030 3220 haec

463 3257 667 3327 optime
697 3256 1094 3324 administrari,
1126 3267 1182 3312 et
1214 3257 1399 3327 potius
1439 3257 1812 3330 eleemosynas
1843 3273 2036 3312 eorum

463 3350 717 3404 obseratis
765 3350 822 3404 in
864 3349 1086 3404 civitate
1135 3348 1401 3404 fratribus
1448 3349 1654 3404 nostris
1700 3349 1789 3418 pie
1840 3349 2038 3404 dividi.

463 3441 617 3496 Multi
651 3441 800 3496 enim
829 3441 1030 3496 tutelas
1061 3440 1360 3510 accipiunt,
1384 3441 1478 3510 qui
1506 3441 1745 3496 creditas
1765 3441 1869 3495 sibi
1905 3457 2037 3510 Opes

463 3531 683 3604 penitus
711 3531 1044 3602 decoquent,
1090 3531 1210 3587 sine
1245 3531 1354 3586 ulla
1385 3531 1629 3586 defuncti
1663 3531 1858 3586 anima:
1887 3531 2035 3586 utili-

463 3635 596 3691 tate.
626 3623 683 3678 Si
720 3623 876 3678 nobis
920 3631 1203 3677 ostensum
1245 3621 1579 3692 fueritquod
1603 3621 1828 3692 quidam
1864 3621 1918 3676 in
1944 3638 2038 3677 ex-

462 3715 654 3770 tremis
687 3714 850 3778 clam,
899 3713 1064 3769 nobis
1106 3713 1319 3779 insciis,
1362 3713 1498 3768 tales
1531 3712 1802 3768 bonorum
1838 3715 2038 3770 tutelas

461 3815 811 3877 acceperunt,
846 3821 1019 3878 eaque
1055 3805 1438 3876 profuderunt,
1489 3805 1745 3861 omnibus
1800 3807 2040 3877 propriis

462 3899 816 3966 facultatibus
841 3898 1054 3963 nudati,
1086 3897 1188 3967 ipsi
1226 3897 1466 3968 denique
1501 3899 1964 3955 exterminentur.

2148 1986 2243 2040 καὶ
2271 1984 2369 2056 τὴν
2397 1985 2670 2056 ἐπάρατον
2709 1983 2820 2037 τῶν
2864 1983 3116 2053 Σοδόμων
3152 1981 3462 2049 ἀσέλγειαν,
3493 1979 3722 2049 κλοπὴν,

2145 2078 2239 2131 καὶ
2269 2076 2486 2146 ψεῦδος,
2515 2077 2611 2129 κα).
2642 2075 2803 2146 μίνην
2832 2074 2966 2144 (85),
3001 2072 3382 2144 αἰσχρολογίαν
3401 2070 3497 2124 κα).
3522 2067 3723 2141 ἀργίαν

2143 2168 2239 2222 καὶ
2272 2167 2575 2238 χαύνωσιν*
2610 2167 2704 2219 καὶ
2734 2165 2788 2218 τί
2820 2165 2924 2236 χρὴ
2964 2165 3150 2233 λέγειν
3187 2164 3282 2216 καὶ
3325 2161 3460 2231 πρὸς
3513 2160 3723 2224 τούτοις

2143 2259 2213 2312 τὰ
2266 2259 2467 2320 λοιπάς
2541 2257 2632 2310 Διὸ
2689 2257 2987 2325 κελεύομεν
3034 2255 3167 2327 μηδὲ
3217 2255 3277 2308 τὸ
3327 2253 3557 2308 καθόλου
3609 2252 3720 2320 (86)

2144 2351 2358 2422 παρεᾷν
2389 2349 2562 2402 ταῦτα
2615 2347 2965 2419 ἁθροίζεσθαι
3010 2348 3106 2400 καὶ
3161 2347 3402 2411 παίζειν.
3451 2343 3592 2396 Ἀλλ’
3624 2338 3719 2396 οὖν

2141 2443 2238 2496 καὶ
2268 2445 2322 2495 αἰ
2347 2440 2620 2513 διατριϐαὶ
2651 2440 2862 2494 ἅπασαι
2894 2439 3138 2508 ἀκριϐῶς
3167 2435 3718 2508 παρατηρεῖσθωσαν,

2145 2535 2381 2606 μήποτε
2429 2533 2486 2584 έν
2539 2531 2690 2601 μέσῳ
2737 2532 2919 2584 αὐτῶν
2956 2530 3420 2600 άναϐλαστήσειεν
3466 2527 3721 2582 τιποτοῦν

2145 2624 2382 2696 πονηρὸν
2413 2625 2508 2677 καὶ
2565 2622 2908 2694 ὲφάμαρτον.
2943 2623 3006 2675 Οἱ
3055 2622 3112 2676 δὲ
3155 2623 3212 2676 έν
3256 2621 3414 2690 ιοο
3447 2619 3720 2688 παιγνίοις

2143 2717 2524 2790 εὑρισκόμενοι
2561 2717 2665 2770 ἀνὰ
2695 2715 3157 2786 εἰκοσιτεσσάρων
3207 2715 3400 2787 λὼρων
3447 2714 3722 2782 τυπτόμειο

2142 2827 2250 2875 νοι,
2290 2810 2384 2864 καὶ
2429 2807 2809 2880 παραγγελίαν
2863 2805 2976 2879 (87)
3019 2806 3326 2878 δεχόμενοι,
3371 2803 3719 2860 ἀπολυέσθω-

2145 2916 2265 2954 σαν.

2213 2993 2362 3061 Κεφ.
2380 2993 2492 3046 MB’
2515 2990 2648 3062 (88).
2685 2993 2750 3044 Οί
2783 2988 2882 3053 τὰς
2913 2988 3157 3058 μεγάλας
3187 2988 3514 3050 ὑποστάσεις
3554 2991 3610 3043 έν
3641 2989 3720 3060 τῷ

2143 3082 2408 3149 τελευτᾷν
2438 3079 2968 3150 καταλιμπάνοντες,
2995 3075 3172 3148 πάρεξ
3197 3077 3296 3146 τῆς
3328 3077 3598 3148 ήμετέρας
3629 3078 3718 3144 ἑξ-

2143 3172 2330 3235 ουσίας
2349 3174 2470 3224 έπιτ
2481 3171 2810 3242 ροπεύεσθαι
2849 3170 3022 3232 αὑτάς
3050 3168 3177 3223 οὐδὲ
3197 3168 3259 3221 τὸ
3292 3167 3522 3221 καθόλου
3546 3186 3718 3240 προσ-

2143 3265 2433 3334 τάττομεν.
2465 3262 2596 3316 Δέον
2645 3262 2753 3335 γάρ
2788 3263 2918 3332 παρ’
2952 3261 3111 3332 ἡμῶν
3153 3259 3324 3313 ταῦτα
3369 3259 3552 3324 καλῶς
3589 3261 3720 3315 διοι-

2141 3353 2380 3419 κεῖσθαι,
2405 3354 2500 3406 καὶ
2535 3353 2735 3425 μᾶλλον
2758 3352 2829 3406 τά
2859 3352 3068 3423 ψυχικά
3101 3350 3211 3419 (89)
3269 3349 3450 3404 αὐτῶν
3495 3354 3608 3416 τοῖς
3642 3352 3713 3406 τά

2142 3446 2278 3518 χρέα
2313 3444 2674 3516 κεκτημένοις
2707 3445 2765 3498 ὲν
2797 3447 2863 3516 τῇ
2897 3442 3050 3496 πόλει
3083 3441 3332 3512 ἀδελφοῖς
3374 3442 3534 3513 ήμῶν
3567 3443 3718 3496 εύσε-

2140 3537 2249 3601 ϐὦς
2282 3535 2655 3606 διανέμεσθαι.
2705 3535 2816 3590 Καὶ
2854 3535 2960 3608 γάρ
2989 3533 3175 3587 πολλοὶ
3207 3533 3514 3606 ἐπιτροπὰς
3540 3551 3716 3588 κατα-

2141 3629 2541 3699 πιστευόμενοι,
2564 3628 2946 3698 ὁλοσωμάτους
2971 3624 3270 3692 αὑτάς(9θ)
3299 3625 3716 3688 καταπίνοντες,

2142 3720 2264 3775 οὕτε
2299 3721 2427 3792 μίαν
2462 3720 2572 3792 (91)
2603 3719 2874 3788 ὠφέλειαν
2907 3722 2977 3789 τῇ
3021 3718 3166 3788 ψυχῇ
3203 3716 3296 3769 τοῦ
3328 3716 3715 3788 τετελευτηκό-

2143 3829 2234 3875 τος
2287 3808 2746 3881 κατεργάζονται.
2791 3807 2918 3862 Ἐὰν
2967 3806 3024 3859 δὲ
3078 3805 3293 3882 δηλωθῇ
3347 3805 3405 3856 ὲν
3450 3806 3581 3873 ἡμῖν
3629 3803 3714 3856 ἐπ’

2146 3900 2389 3970 ἐσχάτων
2417 3900 2502 3953 ὅτι
2527 3899 2673 3962 τινὲς
2697 3900 2753 3951 ὲν
2782 3897 2861 3968 τῷ
2884 3895 3156 3967 λεληθότι,
3190 3892 3365 3964 πάρεξ
3393 3893 3568 3964 ήμῶν,
3595 3896 3714 3956 ταῖς

461 3995 740 4060 τοιαύταις
803 3997 1128 4067 έπιτροπαῖς
1191 3993 1606 4064 ἐπιϐεϐηκότες,
1663 3995 1856 4059 αὑταῖς
1921 3995 2032 4066 (92)
2073 3995 2539 4066 κατενεμήσαντο,
2601 3991 3044 4064 εἰσκομιζόμενοι
3117 3989 3336 4044 ἃπασαν
3379 3989 3558 4045 αὐτῶν
3616 3989 3714 4058 τὴν

463 4082 780 4147 ὑπόστασιν,
813 4086 903 4138 ἐπὶ
935 4085 1122 4148 τέλους
1152 4084 1249 4138 καὶ
1280 4083 1436 4137 αὐτοὶ
1467 4083 1922 4154 ὲξοριζέσθωσαν.

528 4175 662 4248 Cap.
688 4177 872 4233 XLIII.
913 4207 984 4219 —
1033 4177 1132 4244 Qui
1169 4193 1355 4232 servos
1387 4192 1538 4241 suos,
1585 4178 1674 4235 vel
1704 4178 1911 4234 liberos
1935 4180 2040 4236 lio-

462 4268 638 4325 mines
661 4286 691 4324 e
711 4279 898 4325 sancta
920 4269 1168 4332 ecclesia,
1190 4268 1242 4322 in
1261 4285 1424 4337 quam
1455 4269 1841 4338 confugerunt,
1865 4272 1919 4326 vi
1943 4273 2040 4327 ab-

461 4358 690 4424 ductos,
730 4357 1056 4413 verberibus
1086 4357 1169 4410 vel
1211 4356 1318 4410 alio
1365 4357 1560 4426 quovis
1604 4357 1875 4427 supplicio
1919 4359 2036 4413 atii-

2216 4181 2359 4249 Κεφ.
2389 4179 2520 4233 Ml".
2555 4178 2619 4231 Οί
2652 4177 2782 4241 τοὺς
2810 4176 2989 4232 αὐτῶν
3019 4177 3257 4243 οἰκέτας,
3288 4177 3396 4230 είτε
3439 4176 3532 4230 καὶ
3565 4176 3711 4228 ἐλευο

2145 4272 2357 4343 θέρους,
2403 4270 2512 4324 ἀπὸ
2540 4271 2638 4340 τῆς
2687 4269 2851 4338 άγίας
2901 4269 3217 4341 ἐκκλησίας,
3249 4273 3307 4323 έν
3336 4268 3414 4339 τῷ
3442 4285 3709 4339 προσφεύ-

2141 4364 2296 4433 γέναι
2329 4365 2438 4433 (93)
2466 4361 2756 4426 αύτοὺςέν
2783 4362 2980 4433 ταύτῃ,
3037 4362 3128 4434 βίᾳ
3172 4361 3382 4415 ἐκεῖθεν
3413 4361 3710 4414 ἀποσπῶν-

460 4449 636 4514 ciunt,
675 4449 875 4521 agnitis
925 4449 1052 4512 illis,
1103 4463 1298 4503 servus
1347 4447 1572 4518 quidem
1618 4448 1673 4502 in
1717 4449 2032 4505 libertatem

2145 4469 2250 4515 τες,
2279 4452 2371 4505 καὶ
2405 4449 2776 4521 μαστίζοντες,
2829 4452 2939 4504 εἴτε
2984 4452 3078 4505 καὶ
3125 4451 3328 4522 ἑτέρως
3360 4468 3476 4514 πως
3527 4452 3710 4514 αὐτοῖς

459 4540 806 4606 vindicetur;
845 4541 893 4596 si
927 4555 1062 4595 vero
1087 4540 1234 4596 liber
1262 4551 1346 4594 εει
1380 4540 1473 4609 qui
1498 4539 1696 4595 exinde
1719 4540 2030 4597 abstractus

2145 4543 2636 4608 ἀνταποδιδοῦντες,
2663 4546 3154 4614 ἐπιγινωσκόμενοι
3185 4547 3233 4598 oi
3260 4544 3514 4608 τοιοῦτοι,
3547 4545 3576 4598 6
3611 4545 3710 4615 μὲν

458 4641 514 4686 et
567 4631 1138 4702 vapulavit,propter
1189 4599 1515 4694 audaciam,
1569 4631 1728 4701 quasi
1795 4631 2018 4702 impius,

2145 4633 2348 4705 ιίκέτης
2404 4599 2719 4704 ἐλευθερίας
2769 4599 3137 4704 ’τυγχανέτωο
3203 4637 3253 4688 εἰ
3307 4635 3365 4688 δὲ
3421 4599 3708 4704 ἐλεύθερος

459 4730 937 4792 transgressorque
964 4729 1021 4776 et
1048 4729 1410 4792 contemptor,
1435 4731 1490 4777 et
1509 4722 1602 4777 Dei
1623 4722 1900 4789 inimicus,
1929 4723 2025 4795 qni

2145 4723 2370 4796 Βπάρχει
2424 4727 2452 4778 6
2511 4722 2723 4778 ἐκεῖθεν
2772 4722 3152 4790 ἀποσπασθεὶς
3209 4726 3305 4780 καὶ
3367 4725 3706 4798 μαστιχθεὶς,

1964 4841 2198 4934 ΝΟΤίΕ.

504 4935 642 5020 ’(80)
682 4935 886 5002 Codex,
935 4935 1185 5006 βάλλει...
1225 4935 1503 5002 τοξεύει...
1553 4936 1896 5011 προσέλθῃ...
1933 4939 2024 4991 ὲν-

2145 4939 2292 5021 letur
2326 4948 2541 5021 mutare
2582 4939 2801 5021 ‘Asi’ain
2837 4939 2990 5021 λειοῖ,
3017 4939 3165 5010 quod
3195 4940 3424 4996 Vossius
3458 4939 3702 4995 volebat.

496 5023 642 5161 iiii
669 5077 843 5161 Ερίξι-
873 5076 940 5161 a4
978 5076 1269 5161 ιξοηιιηιιεν
1303 5077 1390 5161 μοι
1427 5147 1458 5161 η
1579 5149 1593 5161 .

2145 5009 2340 5078 Saepius
2370 5027 2404 5062 α
2437 5019 2493 5064 et
2525 5027 2574 5062 οι
2607 5019 2735 5065 sunt
2765 5009 3044 5064 confusa.

2201 5080 2313 5151 (85)
2346 5081 2434 5135 Sic
2457 5079 2648 5161 code}.
2676 5079 2926 5161 Cogitavi
2956 5079 3024 5133 de
3054 5095 3210 5161 voce,
3233 5080 3304 5135 ob
3325 5095 3520 5161 sonum
3554 5078 3707 5135 simi-

532 5145 646 5221 (82)
674 5147 878 5221 codex,
909 5148 1074 5221 ἡμᾷς.
1100 5147 1618 5221 Εεοιιγιιιευδυριιι.
1646 5148 1751 5204 916
1776 5165 1790 5202 :
1815 5146 2028 5221 Ἐλξειν

2149 5145 2236 5204 em
2265 5145 2512 5220 prorsus,
2547 5153 2724 5220 μῆνιν.
2761 5145 2886 5204 ’ὃεὰ
2922 5164 3026 5203 nec
3060 5151 3227 5221 hujus
3268 5150 3541 5206 orationis
3598 5165 3704 5204 nec

458 5215 592 5288 ξριχί
625 5216 770 5288 ὑμᾶς
799 5215 1127 5288 ἀποσπάσας
1155 5215 1354 5286 κόμης.
1385 5215 1560 5272 Verba
1587 5228 1714 5274 sunt
1735 5220 2022 5288 przeconis.

2145 5221 2233 5274 ioci
2265 5215 2387 5275 esse
2421 5215 2660 5275 videtur.

460 5283 524 5338 ll.
561 5283 872 5358 Stephanus
894 5285 1116 5358 volebat
1150 5283 1254 5357 legi
1290 5283 1478 5358 ήμᾶς,
1515 5289 1661 5358 quod
1700 5283 1894 5358 ipsum
1935 5305 2029 5344 ex-

2201 5289 2313 5358 (86)
2349 5289 2484 5345 Cod.
2509 5291 2600 5343 τὸν
2635 5287 2756 5342 καθ’
2791 5289 2936 5343 ὅλου.
2971 5287 3055 5342 Cf.
3089 5306 3138 5346 c.
3165 5291 3253 5345 42.

459 5362 566 5408 stat
600 5354 870 5430 in’codice
891 5354 1052 5409 2886.
1089 5354 1550 5413 Jam'erit‘choro'
1569 5354 1781 5413 dandus
1813 5374 2024 5422 versus,
2205 5354 2316 5428 (87')
2347 5360 2505 5417 Conf.
2535 5375 2656 5430 pag.
2683 5358 2772 5419 86,
2801 5377 2856 5414 n.
2889 5359 2941 5413 8.

459 5432 514 5478 et
539 5425 789 5501 privigni
817 5439 1096 5501 sequens.‘
1186 5495 1198 5501 _
1404 5497 1418 5501 _
1457 5497 1479 5501 _
1926 5499 1970 5501 Μ
2201 5425 2316 5501 (88)
2349 5431 2439 5485 Sic
2488 5425 2680 5491 codex,
2710 5430 2796 5501 vel
2855 5431 3011 5498 lapsu
3042 5431 3260 5492 calami,
3309 5430 3394 5484 vel
3443 5444 3508 5482 ex
3537 5428 3705 5483 omis-

533 5493 642 5571 (8ζ›)
678 5493 913 5571 Eadeim
942 5495 1233 5571 antithesis
1278 5497 1422 5571 apud
1452 5497 1717 5571 Joannem
1747 5515 1873 5571 vui,
1917 5499 1981 5553 49
2012 5517 2025 5552 :
2133 5493 2521 5571 sione'integri
2547 5499 2784 5571 capituli
2809 5493 2916 5571 μα’.

462 5563 620 5643 ξξιμτῶ
669 5565 762 5618 τὸν
807 5565 1035 5643 Πατέρα
1092 5583 1218 5643 μομμ
1249 5563 1344 5620 καὶ
1379 5569 1538 5638 ὑμεῖς
1591 5570 1908 5641 ἀτιμάζετε.
1960 5599 2032 5608 -

2203 5571 2312 5643 (89)
2335 5563 2542 5643 Codex,
2574 5563 2820 5643 ψυχηκάξ
2838 5569 2978 5627 Sunt
2995 5570 3203 5643 ψυχικᾶ
3233 5590 3254 5622 ‹
3281 5570 3661 5641 elcemosynze.

463 5632 985 5710 Cod_e_x,:rtp_.dtrat...
1013 5632 1358 5710 ἀτίμάζεται.
1558 5709 1567 5710 7
1600 5708 1609 5710 _
1688 5632 1700 5641 ’
1779 5632 1787 5633 ί

2206 5632 2315 5710 (90)
2353 5640 2557 5704 Codex,
2589 5632 2810 5710 αὑτούς.

468 5771 484 5784 _
529 5704 1324 5784 (84ζϐοόθχηπαιδευόμενα.
1381 5708 1684 5784 Hesychius
1746 5708 2026 5784 tumijaleh

2203 5704 2314 5784 (9!)
2347 5711 2557 5784 forsan
2587 5709 2866 5784 ούδεμίαν,
2907 5709 2958 5784 ni
3000 5709 3230 5780 perierit
3258 5705 3492 5780 aliquid.

470 5775 608 5826 λεῖα.
649 5776 944 5849 Proposuit
967 5777 1052 5832 vir
1079 5775 1226 5833 doet.
1281 5797 1339 5849 μ.
1378 5775 1514 5832 ἀλεῐζ
1550 5788 1610 5832 ut
1658 5789 1712 5848 et
1744 5779 1850 5832 alio
1885 5779 2027 5841 loco,

2205 5775 2319 5847 (9‘2)
2347 5781 2454 5835 Pro
2482 5781 2674 5843 αὐταῖς
2698 5775 2866 5836 velim
2891 5775 3085 5845 αύτᾶς.

472 5857 574 5911 pro
624 5849 816 5918 μυμεῐ,
848 5847 986 5914 λεία,
1021 5849 1240 5920 scripsit
1273 5847 1482 5920 μύλλει,
1510 5850 1647 5905 άλεῖ.
1683 5849 1916 5904 Facilius
1945 5849 2029 5904 vi-

2206 5852 2316 5924 (95)
2350 5850 2530 5927 Codex
2564 5851 2657 5905 ita.

456 5021 487 5056 τ

1746 5727 1758 5761 :
1818 5708 2026 5775 μύλλει,
