4094 6538
279 421 391 489 605

1487 423 2068 484 HOMERITARUM
2109 427 2372 487 LEGES.

3461 416 3568 481 666

281 532 425 603 ὑπὲρ
455 531 554 587 τοῦ
581 532 950 605 τολμήματος,
982 529 1060 596 ὡς
1109 532 1337 604 ἀσεϐὴς,
1383 534 1479 587 κα).
1511 538 1861 607 παραϐάτης,
1897 589 1901 599 λ

2007 538 2104 593 ilia
2142 554 2312 594 ausus
2339 548 2425 595 est
2449 540 2503 595 in
2535 539 2771 595 Tricano
2798 539 2941 601 loco,
2982 536 3074 589 ubi
3110 551 3339 604 corpora
3374 549 3570 588 emun-

285 624 378 677 καὶ
402 622 841 695 καταφρονητὴς,
864 624 958 677 καὶ
975 623 1169 693 ἐχθρὸς
1198 625 1292 678 τοῦ
1312 624 1471 691 Θεοῦ,
1498 625 1642 680 οὕτω
1666 626 1871 699 τολμή-

286 733 387 779 σας
424 716 537 787 (94)
570 719 630 771 ἐν
672 717 751 788 τῷ
784 716 1039 789 Τρικάνῳ
1071 718 1244 788 τόπῳ,
1292 719 1443 788 ιοι
1483 720 1540 772 ἐν
1571 713 1617 787 ᾧ
1657 718 1727 773 τὰ
1758 718 1868 772 σώο

287 824 437 877 ματα
486 807 770 872 ὠνοῦνται,
804 809 863 863 ἐν
891 810 985 862 δύο
1022 810 1288 880 μονήταις
1333 809 1445 878 (95)
1478 810 1864 880 πιπρασκέτω,

288 902 377 955 ἴνα
400 902 504 955 κάν
529 902 782 957 ἐντεῦθεν
803 904 1179 974 καταισχυνθῇ
1198 902 1258 955 τὸ
1278 902 1494 965 ἀναιδὲς
1516 901 1681 956 αὑτοῦ
1706 903 1870 971 πρόσο

1976 638 2088 695 tur,
2135 631 2356 687 duobus
2391 633 2665 687 vendatur
2709 631 2966 695 monetis,
3012 638 3074 683 ut
3114 628 3316 682 exinde
3358 628 3570 696 pudore

1976 721 2333 777 suﬂundatur
2360 724 2773 780 inhonestatum
2796 739 2858 777 os
2884 723 3024 792 ejus,
3045 720 3192 791 quod
3220 734 3450 789 prorsus
3473 736 3571 772 au-

1974 830 2071 869 sus
2098 824 2182 870 est
2219 831 2250 871 e
2293 817 2513 871 Domini
2552 834 2718 871 manu
2756 815 2992 871 similem
3029 813 3203 882 ipsius
3259 811 3567 865 secundum

1974 906 2269 978 imaginem
2303 909 2585 964 hominem
2620 908 2950 963 abstrahere
2982 907 3145 976 eique
3179 904 3437 959 reddere.

288 1011 459 1061 ωπον,
483 994 563 1048 ὅτι
590 995 726 1058 ὅλως
756 996 1060 1067 ἐτόλμησεν
1085 997 1402 1051 ἀποσπάσαι
1433 998 1497 1050 ἐκ
1528 998 1710 1068 χειρὸς
1756 998 1961 1070 Κυρίου
1990 1002 2083 1056 τὸν
2111 1004 2300 1072 ὅμοιον
2358 1003 2509 1074 αὐτῷ
2572 1004 2695 1058 κατ’
2718 1003 2905 1056 είκόνα
2938 1002 3249 1072 ἄνθρωπον,
3316 1000 3412 1052 κα)⁵
3439 1000 3569 1052 άντ-

287 1091 582 1146 αποδοῦναι
610 1088 781 1158 αὐτῷ.

361 1186 498 1254 Κεφ.
532 1185 661 1239 ΜΔ’.
710 1182 836 1236 Ἐπὶ
886 1183 1071 1254 πάσης
1110 1184 1426 1254 ἐπιστήμης
1464 1182 1563 1236 ἐάν
1613 1181 1871 1253 τεχνίτην

2051 1184 2186 1254 Cap.
2216 1185 2405 1239 XLIV.
2448 1184 2505 1239 Si
2561 1182 2688 1253 quis
2719 1181 2791 1236 ob
2836 1178 3103 1235 invidiam
3150 1179 3207 1233 in
3257 1177 3405 1233 omni
3451 1186 3571 1233 arte

290 1278 503 1349 φθονῶν
532 1278 627 1331 καὶ
649 1276 863 1347 λοιδορῇ
902 1275 1037 1345 (96),
1090 1276 1145 1329 εί
1178 1292 1236 1327 τε
1268 1274 1568 1337 διαϐάλλει,
1605 1274 1637 1343 ἢ
1688 1274 1784 1327 καὶ
1814 1275 1875 1326 ἐν

2014 1276 2248 1333 rtificem
2274 1276 2473 1347 injuria
2504 1275 2589 1330 vel
2623 1272 2897 1331 calumnia
2955 1269 3320 1334 lacessiverit,
3378 1270 3463 1325 vel
3512 1271 3570 1325 in

291 1372 485 1434 αὑταῖς
517 1371 638 1433 ταῖς
671 1360 1081 1441 πραγματείαις
1133 1367 1489 1439 ἀντιϐαδιάςῃ
1524 1367 1655 1438 (97),
1707 1368 1873 1420 δεκα-

2007 1370 2119 1441 psis
2153 1368 2622 1440 negotiationibus
2658 1368 2709 1422 ei
2756 1366 3027 1421 obsistere
3073 1362 3381 1433 quasierit,
3430 1362 3573 1416 duo-

289 1461 385 1517 δύο
417 1462 693 1533 μάστιγας
722 1461 1025 1532 λαμϐάνειν
1076 1462 1106 1514 ὁ
1143 1460 1408 1527 τοιοῦτος,
1445 1462 1540 1515 κα)¹
1578 1461 1876 1533 τριάκοντα

2007 1462 2163 1516 lecim
2204 1462 2391 1531 plagas
2430 1459 2670 1529 accipiat
2717 1459 2840 1523 iste,
2887 1466 2943 1512 et
2968 1455 3194 1527 triginta
3231 1454 3351 1509 dies
3389 1454 3443 1507 in
3474 1469 3575 1521 pu-

290 1554 512 1626 ἠμέρας
555 1552 636 1624 τῷ
685 1552 985 1623 ὲργοδοσίῳ
1038 1553 1369 1625 παραδοθεὶς
1399 1551 1875 1623 ταλαιπωρείσθω,

2007 1554 2127 1608 llica
2158 1552 2375 1607 ollicina
2431 1551 2733 1606 laborando
2766 1558 3044 1621 gravetur,
3084 1546 3244 1602 fratri
3278 1563 3386 1601 non
3433 1545 3575 1600 invi—

294 1646 658 1717 ἐκμανθάνων
688 1646 763 1716 μὴ
794 1645 1011 1714 φθονεῖν
1037 1645 1131 1699 τὸν
1160 1644 1390 1714 ἀδελφόν
1424 1646 1557 1715 (98).

2007 1649 2115 1702 lere
2140 1647 2384 1701 discens.

366 1704 508 1808 ίςεφ.
566 1704 703 1791 ME':
751 1704 1060 1807 'T'GESU'JT'QV
1108 1737 1229 1807 ἦτοι
1289 1704 1623 1807 μανδάτόρα,
1681 1737 1716 1809 ἦ
1759 1753 1882 1789 τινα

2056 1740 2189 1809 Cap.
2218 1739 2378 1794 XLV.
2420 1768 2489 1779 —-
2537 1738 3005 1807 Dispensatorem.
3052 1740 3149 1788 aut
3192 1732 3573 1786 mandatorem

295 1827 491 1899 ἑτέραν
520 1824 742 1892 ἔκταξιν
774 1826 909 1898 (99),
941 1827 1050 1896 πρὸ
1079 1827 1176 1880 τοῦ
1206 1828 1432 1891 τελείως
1464 1828 1575 1880 εἴτε
1600 1826 1881 1898 ἐκτάξαιῆ

2007 1844 2084 1889 tut
2106 1833 2506 1903 dclegationem
2554 1831 2715 1885 aliam
2755 1838 3136 1891 consecutum,
3166 1842 3291 1882 cum
3324 1824 3572 1895 fungitur

298 1919 407 1991 πρὸ
433 1919 529 1973 τοῦ
561 1920 847 1973 ἐκτελέσαι
877 1920 1041 1974 αὐτὸν
1070 1923 1171 1991 τὴν
1211 1919 1574 1991 ὀφειλομένην
1621 1918 1772 1990 αὐτῷ
1824 1919 1886 1972 τὸ

2007 1926 2168 1980 ›ίῐὶοίο
2195 1933 2289 1978 aut
2318 1923 2559 1977 debitam
2592 1922 2642 1976 ei
2676 1922 2770 1991 qui
2796 1923 2885 1992 jus
2919 1920 3087 1974 habet
3111 1918 3381 1989 justitiam
3416 1916 3571 1979 fecit,

296 2012 507 2067 δίκαιον
534 2012 713 2083 έχοντι
768 2013 1098 2083 ὑπηρεσίαν,
1132 2014 1548 2084 προστάττομεν
1586 2011 1649 2065 τὸ
1677 2011 1889 2065 οἱονοῦν

2012 2021 2242 2075 ubemus
2274 2017 2412 2071 nihil
2448 2032 2676 2087 prorsus
2702 2015 2771 2070 ab
2801 2029 2869 2069 eo
2916 2014 3167 2082 accipere
3208 2010 3338 2065 dum
3374 2025 3577 2063 munus

300 2104 378 2176 μὴ
405 2104 594 2159 λαϐεῖν
633 2104 765 2178 παρ’
803 2104 970 2158 αὑτοῦ
1008 2104 1208 2177 μέχρις
1242 2105 1309 2159 ἀν
1336 2104 1601 2178 τελειώσῃ
1631 2103 1732 2175 τὴν
1764 2104 1888 2157 δου-

298 2200 474 2266 λείαν,
508 2200 604 2254 καὶ
632 2200 695 2254 τὸ
728 2199 1032 2270 τηνικαῦτα
1082 2198 1396 2269 κομιζέσθω
1426 2198 1487 2251 τὸ
1516 2196 1750 2268 ὀψώνιον
1794 2197 1893 2251 αὕ-

301 2293 421 2359 τοῦ,
458 2293 555 2348 καὶ
582 2292 744 2347 τοῦτο
772 2294 916 2347 κατά
939 2292 1040 2363 τὴν
1066 2292 1383 2366 πρέπουσαν
1412 2291 1762 2363 δικαιοσύνην
1792 2291 1891 2346 καὶ

306 2385 382 2457 μὴ
405 2386 558 2455 παρὰ
582 2384 644 2439 τὸ
674 2385 818 2439 δέον.
851 2385 918 2438 Οἵ
945 2402 1003 2439 τε
1038 2384 1474 2457 παραϐαίνοντες
1506 2383 1569 2438 τό
1598 2402 1687 2454 γε,
1713 2384 1809 2437 καὶ
1839 2383 1889 2438 οἱ

305 2480 691 2549 εὑρισκόμενοι
713 2479 794 2532 ὅτι
821 2478 1095 2533 ἐσθίουσιν
1122 2478 1230 2533 ἀπὸ
1254 2479 1321 2533 τὰ
1349 2479 1441 2533 δύο
1483 2480 1646 2550 μέρη,
1698 2478 1891 2531 ἐκδιω-

306 2570 595 2625 κέσθωσαν
620 2570 724 2640 τῆς
755 2570 913 2637 ἀξίας
943 2569 1160 2624 καὶτοῦ
1192 2570 1429 2643 ἀριθμοῦ
1461 2569 1661 2633 αὐτῶν,
1695 2569 1769 2632 ώς
1797 2586 1893 2639 με·

311 2665 546 2735 μηνότες
576 2664 818 2734 φαγάδες
848 2664 1261 2736 μαστιζόμενοι,
1305 2664 1402 2717 καὶ
1432 2660 1547 2717 ἀντ’
1577 2662 1758 2715 αὐτῶν
1806 2662 1896 2713 εὑ-

310 2756 489 2819 σεϐεῐς
519 2755 954 2825 είσαγέσθωσαν.

386 2852 543 2921 102
565 2852 707 2920 Κεφ.
735 2848 887 2917 MCT.
918 2851 1035 2914 Πᾶς
1064 2852 1092 2904 ὁ
1121 2850 1421 2921 λαμϐάνων
1449 2848 1607 2919 δίκην
1628 2846 1721 2901 καὶ
1745 2844 1899 2917 παρά

311 2940 407 2994 τοῦ
438 2942 605 3011 νόμου
624 2939 856 3004 δικαίως
882 2940 1408 3010 καταδικαζόμενος,
1438 2941 1531 2993 ἐπὶ
1559 2938 1653 2992 δύο
1677 2938 1843 3008 μησὶν
1869 2939 1898 2990 ὁ

1990 2128 2151 2167 suum
2198 2110 2522 2180 expleverit,
2562 2117 2619 2163 et
2644 2116 2774 2162 tunc
2819 2107 3086 2161 offeratur
3126 2104 3175 2158 ei
3210 2117 3424 2156 merces
3455 2116 3575 2161 sua.

1991 2219 2165 2274 eaque
2217 2204 2372 2272 juxta
2404 2200 2688 2255 decentem
2722 2197 2990 2268 justitiam
3022 2206 3078 2251 ct
3106 2210 3214 2249 uon
3244 2194 3389 2248 ultra
3421 2192 3580 2247 dehi-

1993 2306 2131 2352 tum.
2160 2294 2264 2361 Qui
2288 2309 2421 2349 vero
2446 2292 2580 2347 illud
2612 2289 2941 2361 transgressi
2989 2288 3217 2351 fuerint,
3250 2285 3577 2354 inventique

1994 2398 2253 2457 tanquam
2280 2402 2309 2440 a
2342 2385 2561 2440 duobus
2592 2382 2843 2454 partibus
2876 2382 3084 2436 victum
3114 2379 3473 2449 accipientes,
3500 2376 3582 2431 di-

1994 2481 2200 2552 gnitate
2238 2488 2402 2548 atque
2440 2477 2635 2531 ordine
2691 2474 3082 2540 detrudantur,
3134 2472 3291 2543 quasi
3332 2471 3582 2525 furentes

1995 2574 2395 2642 helluonesque
2416 2569 2762 2641 vapulantes,
2800 2575 2966 2638 atque
2996 2568 3073 2623 ita
3102 2565 3171 2621 ad
3201 2565 3461 2636 pietatem
3490 2578 3582 2617 re-

1996 2665 2293 2720 ducantur.

2068 2861 2199 2930 Cap.
2234 2859 2418 2914 XLVI.
2454 2888 2525 2898 —
2554 2856 2883 2927 Quicunque
2924 2854 2980 2908 in
3018 2854 3112 2921 jus
3142 2858 3391 2913 vocatus,
3432 2850 3586 2919 juxta

1999 2953 2173 3023 legem
2200 2954 2347 3022 juste
2373 2950 2667 3005 damnatus
2696 2948 2956 3010 fuerit,in
2980 2944 3180 3014 regiam
3199 2941 3471 2997 officinam
3489 2940 3589 2993 du-

310 3032 553 3098 τοιοῦτος
582 3032 660 3104 τῷ
708 3032 979 3104 βασιλικῷ
1010 3034 1307 3105 ἐργοδοσίῳ
1338 3031 1701 3103 προσαγέσθω
1727 3031 1891 3102 ἐργά-

2007 3054 2175 3107 catur,
2194 3043 2381 3112 ibique
2402 3041 2539 3095 duos
2567 3054 2783 3093 menses
2810 3036 2995 3090 labore
3020 3040 3364 3093 exerceatur,
3394 3040 3455 3085 ut
3490 3045 3588 3083 ex.-

313 3124 504 3191 ζεσθαι
524 3126 617 3180 καὶ
638 3126 1031 3197 ταλαιπωρεῖν,
1067 3126 1153 3178 ἵνα
1188 3124 1375 3179 ἔκτοτε
1413 3124 1558 3195 μάθῃ
1590 3124 1664 3194 μὴ
1694 3124 1898 3177 ἀδικεῖν

312 3218 407 3272 τὸν
438 3217 668 3289 πλησίον
693 3217 796 3271 οὐκ
850 3217 949 3273 ἔτι.
984 3217 1049 3270 Ei
1093 3217 1150 3271 δέ
1181 3233 1245 3285 γε
1289 3216 1494 3287 ἑτέρως
1529 3216 1646 3279 πώς
1686 3218 1835 3269 ἐστιν
1864 3217 1897 3286 ἡ

314 3312 464 3383 δίκη,
494 3310 812 3375 δικαιωθείς
841 3312 937 3365 καὶ
978 3311 1039 3364 τὸ
1088 3309 1300 3364 δίκαιον
1330 3309 1693 3379 κεκτημένος,
1739 3307 1902 3375 ἀνέγ-

316 3405 518 3477 κλητος
540 3404 888 3459 ἀπολυέσθω.
912 3405 1144 3475 Ἕτερον
1169 3406 1280 3476 γάρ
1308 3407 1424 3458 ἐστι
1464 3405 1525 3457 τὸ
1550 3404 1805 3472 ἀδικῆσαι
1838 3401 1903 3456 τὸ

316 3498 547 3565 οἱονοῦν,
580 3499 676 3553 καὶ
704 3499 969 3569 ἀρπάσαι,
999 3499 1093 3552 καὶ
1130 3497 1318 3567 τύψαι,
1352 3498 1449 3550 καὶ
1481 3496 1898 3564 πλεονεκτῆσαι,

318 3595 413 3648 καὶ
442 3594 629 3664 ἕτερον
674 3595 886 3663 πέφυκε
916 3595 979 3649 τὸ
1030 3595 1123 3649 ἐπὶ
1172 3594 1563 3665 ἀγνοουμένοις
1607 3593 1903 3666 πράγμασι

320 3690 489 3761 νόμον
528 3692 837 3762 ἐπερωτᾷν.

393 3787 538 3854 Κεφ.
572 3787 705 3839 ΜΖ’.
740 3786 867 3838 Ὀτι
900 3784 1087 3838 δεϊτδν
1115 3783 1341 3855 βασιλέα
1375 3784 1467 3838 ἐπ).
1498 3783 1748 3855 μεγάλων
1772 3800 1907 3854 πρα-

324 3880 552 3948 γμάτων
584 3877 940 3947 βουλεύεσθαι
982 3878 1243 3948 ἀνδράσιν
1270 3878 1467 3945 ἀγίοις,
1504 3877 1599 3930 καὶ
1624 3876 1692 3929 δι’
1726 3874 1906 3928 αὐτῶν

326 3972 615 4042 ἐπερωτᾷν
654 3971 747 4024 τὸν
773 3970 905 4025 Θεὸν
949 3971 1041 4024 τὸν
1073 3970 1253 4041 ἀγιον,
1292 3970 1389 4025 καὶ
1437 3968 1581 4022 οὕτω
1612 3968 1681 4021 τὰ
1711 3968 1908 4037 ἐκείνῳ

325 4066 554 4131 δόξαντα
585 4066 1021 4138 διαπράττεσθαι
1060 4066 1307 4137 ἄμεινον.
1354 4065 1412 4119 '0
1438 4064 1545 4137 γὰρ
1566 4063 1710 4117 οὕτω
1739 4062 1909 4116 ποιῶν

328 4161 407 4222 εἰς
434 4159 526 4213 τὸν
555 4158 729 4212 αίῶνα
760 4159 821 4212 οὐ
852 4160 1410 4230 καταισχυνθήσεται.

399 4253 541 4320 Κεφ.
577 4253 719 4305 ΜΗ’.
761 4250 929 4322 Ἀνὴρ
970 4250 1236 4319 γυναικὸς
1286 4248 1494 4319 κεφαλή
1683 4246 1912 4300 Γύναιον

328 4343 443 4406 οὖν,
478 4344 582 4398 κᾶν
616 4342 833 4412 οἰκέτης
860 4340 916 4416 ᾖ,
966 4342 1139 4411 αὐτῆς
1186 4343 1287 4413 τῆς
1311 4340 1573 4409 γυναικὸς
1620 4340 1715 4393 καὶ
1760 4340 1915 4411 περί-

329 4452 478 4489 εστιν
512 4435 717 4507 ἆρρεν·
774 4434 836 4487 οὐ
893 4433 1307 4504 προστάττομεν
1351 4431 1491 4500 αὐτῇ
1530 4430 1623 4482 τὸν
1660 4427 1907 4481 τοιοῦτον

331 4528 616 4600 ἐνυϐρίσαι
645 4529 791 4600 ἢπερ
826 4528 903 4599 (Ξ)
932 4526 1310 4593 ὲξουδενῶσαι.
1341 4522 1627 4594 Νοουμένη
1658 4538 1717 4574 τε
1746 4522 1779 4590 ἡ
1804 4537 1916 4573 τοι-

332 4622 470 4693 αὕτη
501 4623 585 4676 ὅτι
641 4620 917 4692 ἐνυϐρίζει
967 4621 1095 4683 τοὺς
1144 4618 1405 4690 ἄρρενας,
1433 4614 1822 4687 τεμνέσθωσαν
1859 4612 1917 4665 αί

332 4714 541 4785 τρίχες,
570 4714 742 4785 ἤγουν
772 4715 806 4783 ἡ
842 4713 1012 4783 κόμη,
1067 4711 1259 4765 ὄπιθεν
1288 4710 1387 4780 τῆς
1440 4707 1691 4777 κεφαλῆς
1724 4704 1918 4775 αὐτῆς,

2003 3136 2132 3192 inde
2168 3151 2296 3205 erga
2344 3134 2652 3204 proximum
2693 3146 2854 3185 suum
2887 3130 2999 3201 jam
3050 3142 3156 3181 non
3190 3125 3392 3195 injuste
3426 3138 3590 3192 agere

2002 3229 2195 3284 discat.
2225 3227 2280 3283 Si
2307 3227 2467 3281 aliter
2506 3224 2780 3280 sententia
2804 3222 3013 3285 tulerit,
3041 3220 3337 3291 justusque
3365 3215 3592 3270 habitus

1997 3324 2088 3394 jus
2122 3338 2282 3377 suum
2307 3319 2605 3389 acceperit.
2643 3317 2932 3372 absolutus
2965 3312 3304 3368 dimittatur.
3340 3310 3590 3378 Namque

2002 3410 2154 3466 aliud
2178 3419 2261 3466 est
2290 3408 2542 3480 quemvis
2563 3406 2762 3478 injuria
2784 3404 3041 3466 multare,
3066 3402 3336 3472 arripere,
3392 3398 3591 3454 verbe-

2004 3519 2130 3558 rare
2169 3512 2225 3557 ct
2281 3499 2633 3564 defraudare,
2666 3506 2723 3553 et
2759 3495 2907 3551 aliud
2944 3494 3013 3550 de
3069 3491 3270 3564 ignotis
3303 3490 3468 3545 rebus
3516 3488 3595 3543 le-

2004 3613 2125 3669 gem
2153 3596 2516 3666 interrogare.

2078 3778 2211 3847 Cap.
2241 3776 2453 3831 XLVII.
2485 3804 2552 3814 —
2592 3772 2734 3840 Quia
2782 3779 3001 3842 Oportet
3030 3773 3229 3840 'regem
3269 3766 3337 3821 de
3384 3764 3597 3835 magnis

2010 3870 2181 3924 rebus
2198 3874 2519 3922 sanctorum
2542 3863 2788 3918 virorum
2807 3862 3071 3917 adhibere
3096 3857 3410 3919 consilium,
3432 3865 3598 3924 atque

2010 3980 2109 4036 per
2140 3962 2364 4018 eosdem
2399 3965 2649 4014 sanctum
2706 3955 2880 4010 Deum
2925 3954 3286 4022 interrogare,
3321 3958 3485 4019 atque
3522 3949 3597 4001 ita

2011 4071 2133 4127 qua:
2155 4055 2209 4110 ei
2242 4055 2361 4107 visa
2399 4052 2625 4107 fuerunt
2648 4049 2847 4103 melius
2878 4046 3091 4117 perﬁci.
3121 4044 3211 4101 Sic
3242 4043 3393 4099 enim
3431 4056 3601 4113 agens

2017 4151 2073 4205 in
2097 4157 2367 4203 aaternum
2395 4160 2503 4199 non
2539 4141 2934 4198 confundetur.

2082 4241 2217 4310 Cap.
2264 4236 2590 4292 XLVlll.—-
2624 4234 2720 4289 Vir
2771 4231 3023 4286 mulieris
3074 4236 3260 4299 caput.
3319 4223 3596 4279 Masculus

2017 4333 2205 4403 igitur,
2245 4330 2349 4385 etsi
2388 4330 2459 4383 sit
2506 4325 2781 4391 famulus,
2826 4326 2945 4394 ipsa
2989 4322 3223 4376 muliere
3272 4318 3457 4390 potior
3492 4322 3599 4369 est.

2020 4422 2388 4479 Probihemus
2424 4418 2594 4488 igitur
2630 4432 2699 4473 ne
2743 4423 2894 4470 hunc
2935 4410 3271 4469 contumelia
3312 4406 3516 4462 alliciat
3548 4411 3605 4459 et

2022 4520 2361 4570 contemnat.
2419 4510 2647 4565 Femina
2695 4524 2819 4578 quae
2864 4520 3049 4560 mares
3094 4502 3330 4557 irridere
3387 4496 3606 4568 cognita

2021 4608 2210 4669 fuerit,
2238 4610 2561 4660 resecentur
2582 4600 2791 4663 crines,
2814 4613 3011 4667 nempe
3032 4595 3305 4656 caesaries,
3330 4592 3386 4645 in
3413 4605 3607 4645 aversa

2020 4699 2220 4770 capitis
2261 4704 2458 4766 parte;
2493 4701 2658 4763 atque
2696 4691 2889 4746 eadem
2933 4688 3159 4758 publice
3197 4685 3489 4753 ohjurgata
3523 4679 3607 4733 di-

335 4773 458 4857 £11"
483 4773 823 4876 δημεύθεῖσα
876 4773 1226 4857 ἀπολυέσθω.
1276 4773 1355 4854 Ei-
1392 4799 1451 4852 δέ
1499 4773 1565 4867 γε
1621 4773 1901 4867 μετέπειτι

2022 4794 2294 4849 mittatur.
2333 4786 2490 4856 Quod
2534 4786 2579 4841 si
2613 4793 2739 4856 post
2768 4784 2887 4838 haec
2916 4781 3156 4851 turpiter
3200 4792 3321 4833 sese
3352 4773 3609 4829 habuerit

336 4868 569 4961 ἀναιδῶς
600 4896 819 4951 ἵσταται
850 4895 947 4950 κα).
976 4893 1251 4965 ἐνυϐρίζει
1292 4894 1422 4957 τοὺς
1454 4892 1711 4963 ἄρρενας,
1743 4893 1901 4957 ἐπιγιη

2007 4898 2311 4953 maresque
2348 4878 2610 4941 irriserit,
2657 4885 2946 4947 postquam
2993 4872 3160 4927 fuerit
3186 4868 3477 4931 convicta,
3512 4880 3604 4918 re-

337 4990 662 5061 νωσκομένη
694 4989 979 5061 τεμνέσθω
1008 4987 1070 5041 τὸ
1102 4987 1289 5057 ἔξοχον
1318 4984 1420 5056 τῆς
1469 4984 1717 5054 γλώττης
1752 4982 1923 5051 αὐτῆς

2024 4986 2243 5035 secetur
2266 4983 2512 5029 extrema
2544 4971 2729 5040 lingua
2771 4965 3039 5030 dementi,
3082 4972 3138 5018 et
3171 4960 3507 5016 dimittatur.
3550 4954 3608 5009 Si

1856 5114 2094 5173 NOTAE.

414 5224 528 5287 (94)
556 5223 766 5278 Forsan
796 5222 825 5275 ὁ
855 5220 1001 5274 οὕτω
1031 5220 1336 5290 τολμήσας.

413 5285 526 5365 (95)
568 5293 775 5365 Codea',
810 5292 1093 5365 -μονλή-τες.
1129 5285 1506 5365 ξἘειμμονῆτα,
1562 5296 1775 5365 moneta
1804 5303 1821 5339 :
1852 5285 1927 5340 cf.

345 5383 400 5437 p.
421 5357 491 5429 ’8,
510 5357 584 5418 ἠ.
626 5364 699 5437 5.-
720 5357 990 5437 δοᾶῖιιιὶᾷ
1017 5362 1094 5437 sit
1124 5357 1299 5437 avsus
1324 5357 1589 5437 penam;
1614 5357 1779 5437 vendi
1816 5371 1923 5437 non

342 5429 544 5506 capere
570 5450 656 5490 me
676 5429 893 5501 fateori
924 5432 1032 5489 nisi
1060 5432 1155 5487 fiat
1190 5429 1467 5486 irrisionis
1492 5437 1549 5484 et
1576 5433 1931 5497 contemptus

346 5522 531 5562 causa.

421 5577 534 5646 (96)
568 5576 705 5633 Cod.
730 5576 983 5646 λοιδορεῖ.
1021 5574 1104 5646 An
1137 5571 1541 5646 καταλοιδορῇ

420 5641 535 5718 (97)
568 5648 776 5703 Forsan
806 5641 1095 5718 ἀντιϐιάζῃ
1126 5644 1212 5699 vel
1252 5641 1609 5718 ἀντιϐαδίζει.

417 5708 533 5789 (98)
574 5720 644 5773 Ει
678 5727 809 5789 sunt
842 5718 896 5771 in
936 5708 1329 5789 Nomocanone
1374 5710 1520 5782 apud
1579 5708 1755 5765 Cotel.
1810 5710 1928 5766 Mo-

352 5786 582 5859 num.’t.
613 5789 657 5855 l,
696 5805 751 5859 p.
791 5786 1369 5859 146,_genufleaiones
1414 5790 1637 5859 centum
1666 5790 1721 5836 et
1749 5796 1927 5859 a_n_no-

352 5874 477 5914 rum
523 5852 761 5916 duoru'm
794 5852 1124 5916 paenitentia
1175 5857 1233 5911 in
1289 5868 1386 5908 eos
1420 5852 1645 5907 indictae
1689 5853 1928 5909 artifices

353 5929 449 6001 qui
482 5930 726 5987 artiﬁces
759 5922 897 5987 alios
927 5926 1135 5985 invidia
1173 5933 1269 5983 aut
1305 5922 1596 5981 fraudibus
1628 5922 1851 5980 laedunt.

2105 5212 2215 5286 (99>
2246 5210 2352 5286 δίε.
2385 5203 2800 5286 ερεξεκο,.οεθει
2851 5185 3611 5286 ξιρτξιξῑιίιν-ξξὶ.ξῑξ.έκξεξξς

2033 5260 2233 5355 proice
2248 5260 2356 5349 qui
2395 5260 2809 5355 delegationern
2843 5266 3080 5355 accepitg
3129 5260 3277 5355 quod
3309 5260 3400 5314 vix
3454 5267 3609 5328 puto.

2033 5336 2414 5414 ﬁeVSideratur,
2442 5349 2496 5402 ni
2524 5336 2711 5405 fallor,
2742 5338 3025 5414 εἰληφότα,
3052 5336 3362 5414 δεχόμενον.

2106 5397 2415 5495 (ἶ
2442 5397 2722 5495 ’ξξζέάλῄνζ
2750 5442 2819 5452 -—
2850 5397 3152 5495 Paulus'a'd
3181 5397 3488 5495 EphesLI‘,‘

2033 5471 2180 5566 avlij
2205 5471 2708 5566 {{11'§é¢_aiij_;ﬁg
2739 5479 3026 5566 χυναικός.
3057 5471 3491 5566 nlla‘ulijnanverba
3523 5483 3615 5549 re-

2033 5542 2705 5635 Qﬁé‘ﬁfC‘éeédéimﬂNai
2727 5542 2830 5635 ‘01:.
2860 5564 3016 5635 χιζρ.
3053 5546 3173 5628 ίξθ,
3197 5545 3269 5635 de
3294 5542 3608 5635 Gorgoni-:1

2031 5612 2592 5704 ὀϊᾯᾶρτέτξὲι⁷ὰέρκι
2616 5624 2890 5704 συνήφθη,
2915 5612 3005 5704 6ιά
3023 5618 3188 5704 τοῦτο
3212 5612 3485 5704 ἐχωρίσθη

2556 5679 2639 5751 ὅτι
2663 5679 2668 5680 ί
2693 5679 2941 5775 κεφαλῇν
2981 5690 3108 5775 ξσχε
3139 5679 3480 5756 τδνᾜνδρα,
3523 5679 3615 5734 διὰ

2030 5761 2189 5832 τοῦτό
2218 5761 2340 5845 τὴνξ
2350 5761 2576 5845 πρώτην
2598 5761 2842 5838 κεφαλὴν
2864 5761 3157 5837 ἠγνόησεν.

2102 5847 2179 5921 (2)
2213 5839 2421 5911 codex,
2452 5839 2633 5913 εἴπερ.
