4094 6530
246 446 354 510 εοε)

1468 454 2050 517 HOMERITARUM
2091 457 2352 547 LEGES_.

3426 459 3534 525 610

326 557 622 628 lit-12;.Nl”.
676 560 803 614 Ἐάν
856 578 941 627 τις
973 562 1188 635 εὑρεθῇ-
1211 562 1499 634 λιμώττων
1554 566 1667 637 (14)
1714 568 1843 632 τοὺς

2018 566 2151 637 Cap.
2178 566 2311 622 LIII.
2343 598 2413 608 --
2443 566 2502 623 Si
2533 567 2660 639 quis
2690 566 2949 621 inventus
2980 565 3150 622 fuerit
3181 568 3325 625 fame
3357 560 3536 628 famu-

253 650 450 707 ἑαυτοῦ
481 653 785 726 οίκέτας,ἢ
818 654 988 709 πάλαι
1036 656 1338 727 ἀποτόμως
1382 656 1608 712 τύπτων
1642 661 1734 711 καὶ
1782 661 1843 712 οὐ

253 742 398 796 κατὰ
455 743 737 815 πατρικὴν
789 744 1067 812 παιδείαν,
1136 747 1687 819 καθαροποιουμενου
1748 749 1844 803 τοῦ

256 835 577 908 σφάλματος
610 838 778 892 αὐτοῦ
827 840 923 892 καὶ
968 840 1365 911 φανερωμένου
1400 842 1537 914 (15),
1571 842 1841 914 αἰρέσθω-

257 944 356 980 σαν
391 929 501 981 ἀπὸ
542 928 639 982 τοῦ
673 928 921 983 τοιούτου
974 930 1045 984 τὰ
1094 931 1345 986 οἰκετικὰ
1400 932 1693 1005 πρόσωπα,
1748 934 1844 987 καὶ

260 1020 573 1091 ἐλευθερίας
624 1021 966 1092 τυγχάνοντα
1019 1022 1469 1089 ἀπολυέσθωσαν,
1506 1026 1845 1096 ἀπαιτουμέ-

258 1130 366 1166 νων
392 1114 487 1166 καὶ¹
514 1112 625 1167 τῶν
650 1114 921 1183 ὲγκυτίων
944 1112 1058 1187 (16)
1093 1116 1277 1169 αὐτῶν
1319 1118 1472 1189 παρὰ
1498 1118 1607 1170 τῶν
1635 1118 1844 1189 κυρίων

257 1203 462 1261 αὐτῶν.
492 1204 809 1275 Γέγραπται
841 1206 951 1275 γὰρ
1000 1206 1113 1277 (17)
1142 1208 1225 1261 ὅτι
1268 1207 1327 1262 ὲν
1369 1208 1593 1279 Χριστῷ
1624 1210 1726 1264 οὐκ
1764 1208 1844 1263 ἔνι

258 1295 468 1362 δοῦλος,
502 1295 619 1350 ἀλλ’
649 1296 775 1350 οὔτε
806 1296 1119 1368 ἐλεύθερος,
1153 1299 1353 1363 πάντες
1388 1299 1446 1354 δὲ
1482 1298 1542 1352 ἓν
1569 1300 1844 1372 χρηματί-

259 1386 427 1456 ζομεν
458 1388 508 1441 οἱ
538 1387 808 1453 σωθέντες
839 1392 898 1443 ὲν
919 1389 1091 1461 αὐτῷ.
1132 1390 1259 1443 Ἐὰν
1290 1391 1347 1444 δὲ
1372 1391 1707 1457 άνελλειπῶς
1731 1392 1841 1464 (18)

261 1479 363 1553 ἔχῃ
385 1482 413 1533 6
435 1482 658 1555 οἰκέτης
688 1483 788 1547 τάς
810 1483 1004 1555 χρείας
1035 1483 1226 1550 αὑτοῦ,
1251 1485 1348 1538 καὶ
1368 1486 1465 1555 οὐχ
1501 1486 1704 1557 ὑπείκῃ
1731 1486 1843 1559 (19)

258 1574 372 1636 τοῖς
405 1573 641 1638 δικαίοις
689 1574 1118 1647 προστάγμασιν
1160 1575 1257 1628 τοῦ
1310 1576 1504 1648 κυρίου
1539 1577 1709 1631 αὐτοῦ
1751 1580 1847 1632 καὶ

262 1663 339 1737 μὴ
368 1670 485 1731 τοῖς
516 1667 867 1739 ὲφαμάρτοις
911 1666 1123 1738 (πολλοὶ
1158 1667 1270 1739 γάρ
1304 1669 1444 1723 εἰσιν
1473 1670 1671 1733 οἵτινες
1710 1688 1848 1741 προ-

258 1758 556 1829 τρέπονται
587 1760 713 1824 τοὺς
737 1758 961 1824 δούλους
993 1759 1172 1815 αὐτῶν
1198 1762 1486 1831 συνεργεῖν
1505 1761 1704 1826 αὐτοὺς
1733 1761 1845 1833 (20)

1944 660 2029 715 los
2056 676 2187 716 suos
2213 661 2567 727 excrucians,
2618 667 2717 715 aut
2745 660 3048 717 crudeliter
3069 660 3397 730 verberans,
3419 681 3532 722 non

1945 759 2131 805 autem
2156 757 2386 821 paterna
2417 752 2804 824 castigatione,
2832 752 3119 823 purificata
3140 755 3262 825 ejus
3287 756 3446 826 culpa
3476 768 3534 813 et

1946 842 2320 909 manifestata,
2355 843 2680 899 auferantur
2722 844 2791 899 ab
2832 844 2938 900 isto
2977 860 3168 901 omnes
3207 845 3529 915 domestici,

1945 942 2109 1004 atque
2139 934 2195 987 in
2227 934 2540 989 libertatem
2565 934 2834 989 vindicati
2866 936 3243 1002 remittantur,
3272 947 3532 1008 expostu-

1945 1024 2073 1080 latis
2097 1026 2265 1081 etiam
2298 1026 2543 1096 ipsorum
2569 1026 2898 1098 conjugibus
2927 1027 3071 1098 apud
3096 1028 3352 1084 dominos
3378 1045 3529 1085 suos.

1948 1116 2229 1187 Scriptum
2262 1128 2347 1173 est
2375 1118 2522 1174 enim
2551 1119 2699 1190 quod
2731 1119 2788 1173 in
2818 1120 3039 1175 Christo
3066 1137 3179 1175 non
3208 1128 3293 1176 est
3316 1137 3529 1190 servus,

1946 1225 2127 1280 neque
2164 1210 2339 1278 liber,
2365 1226 2559 1266 omnes
2596 1221 2780 1267 autem
2816 1227 2988 1266 unum
3023 1227 3213 1267 sumus
3248 1213 3440 1268 salvati
3475 1214 3533 1268 in

1946 1317 2034 1358 eo.
2069 1302 2125 1358 Si
2160 1303 2441 1375 propriam
2478 1302 2772 1358 utilitatem
2809 1305 3038 1359 omnino
3071 1305 3273 1376 quaerit
3305 1321 3530 1371 servus,

1951 1410 2056 1450 nec
2076 1396 2287 1451 domini
2311 1397 2395 1452 sui
2422 1397 2714 1468 praeceptis
2736 1405 2895 1468 paret
2914 1397 3078 1469 justis
3102 1408 3268 1469 atque
3294 1397 3533 1453 innoxiis

1950 1489 2103 1561 (sunt
2144 1488 2294 1542 enim
2343 1489 2502 1543 multi
2549 1488 2644 1559 qui
2698 1503 2887 1543 servos
2940 1504 3071 1543 suos
3113 1489 3221 1544 sibi
3270 1498 3532 1559 praestare

1948 1595 2173 1651 operam
2201 1580 2399 1651 jubent
2428 1580 2483 1633 in
2510 1579 2873 1636 fornicatione
2906 1591 3071 1652 atque
3105 1582 3160 1636 in
3192 1581 3316 1635 aliis
3349 1581 3534 1651 pravis

1949 1672 2266 1742 operibus);
2296 1688 2407 1727 non
2430 1672 2698 1728 obediens
2719 1673 2946 1728 domino
2968 1689 3071 1729 suo
3094 1674 3149 1727 in
3172 1688 3337 1744 opere
3362 1674 3529 1740 bono,

1950 1766 2185 1831 sinatur,
2206 1764 2425 1820 etiamsi
2457 1764 2514 1818 in
2542 1766 2632 1836 jus
2659 1775 2839 1831 vocat,
2865 1766 3095 1822 inultus.

260 1850 355 1905 ἐπὶ
390 1853 455 1921 τῇ
495 1852 726 1923 πορνεία
757 1852 852 1905 καὶ
877 1851 967 1906 ἐπ’
1005 1851 1186 1916 ἄλλοις
1216 1850 1400 1922 ἔργοις
1433 1855 1721 1927 πονηροῖς)
1745 1871 1757 1883 ·
1816 1856 1845 1909 6
1880 1854 1938 1910 δὲ
1982 1858 2057 1929 μὴ
2122 1859 2368 1911 ὑπείκων
2400 1860 2487 1912 ἐπ’
2520 1858 2713 1930 ἀγαθῷ
2762 1858 2842 1931 τῷ
2898 1860 3074 1930 κυρίῳ
3106 1857 3295 1926 αὑτοῦ,
3326 1858 3529 1921 ὲάσθω,

261 1945 311 1998 εί
342 1943 440 1997 καὶ
468 1943 713 2012 ἐγκαλεῖ,
755 1943 1135 2015 ἀνεκδίκητος.

336 2039 475 2105 Κεφ.
520 2038 643 2092 NA’.
684 2039 746 2092 Ol
775 2038 943 2110 ὠμῶς
986 2056 1050 2093 τε
1085 2039 1180 2093 καὶ
1220 2037 1412 2104 δεινῶς
1445 2039 1582 2111 πρὸς
1611 2040 1740 2105 τοὺς
1771 2043 1848 2097 οί-

2021 2044 2155 2116 Cap.
2184 2045 2318 2103 LIV.
2344 2077 2414 2087 —
2442 2044 2548 2113 Qui
2585 2061 2726 2102 saeve
2758 2057 2813 2102 et
2845 2049 3107 2103 atrociter
3139 2063 3269 2119 erga
3299 2048 3533 2103 famulos

263 2131 430 2193 κέτας
457 2130 638 2183 αὐτῶν
670 2132 1037 2203 διακείμενοι,
1064 2131 1549 2204 ἐλευθερουμένων
1564 2135 1674 2187 τῶν
1704 2136 1849 2189 οἰκε-
1874 2130 1898 2153 ‘

260 2225 372 2278 τῶν
400 2224 603 2289 αὐτῶν,
639 2225 1088 2283 άπαιτείσθωσαν
1147 2226 1244 2280 καὶ
1287 2226 1556 2298 ίδιόχειρα
1592 2228 1688 2281 τοῦ
1742 2246 1850 2301 μη-

263 2318 382 2371 κέτι
420 2317 581 2388 106
629 2319 831 2382 αὐτοὺς
877 2319 1141 2373 ὠνεῖσθαι
1171 2319 1396 2391 ἑτέρους
1435 2322 1679 2385 οίκέτας.
1720 2321 1850 2375 Ἐὰν

261 2410 319 2464 δὲ
343 2410 410 2464 τά
444 2411 691 2483 σφαλερὰ
719 2411 822 2483 ἤθη
858 2412 1224 2485 διορθοῦνται,
1266 2411 1364 2466 τοῦ
1425 2414 1627 2486 μηκέτι
1682 2414 1852 2485 ὠμῶς

263 2502 362 2556 καὶ
387 2502 776 2575 ἀπανθρώπως
828 2505 1032 2568 αὐτοὺς
1065 2504 1317 2571 τύπτειν,
1368 2506 1773 2578 παρεάσθωσαν
1799 2506 1851 2559 οί

262 2595 472 2650 οἰκέται
506 2597 601 2649 καὶ
636 2597 712 2668 μὴ
740 2597 1281 2667 ὲλευθερούσθωσαν.
1341 2598 1632 2669 Παρέχωσι
1667 2598 1724 2651 δὲ
1751 2599 1851 2653 αὐ-

262 2690 396 2752 τοῖς,
435 2688 529 2740 ἐπί
556 2687 617 2740 τὸ
647 2687 931 2742 διπλάσιον
965 2688 1185 2751 ἱμάτιον
1230 2688 1328 2742 καὶ
1378 2688 1724 2759 ὑποδήματα,
1756 2689 1853 2742 καὶ

263 2781 365 2852 τὴν
393 2780 589 2853 λοιπὴν
619 2781 815 2852 χρείαν
844 2782 950 2836 ἀνά
972 2781 1093 2845 ἔτος
1131 2781 1182 2834 οι
1232 2780 1413 2853 κύριοι
1438 2781 1641 2845 αὐτῶν,
1684 2780 1851 2834 πλου-

266 2874 401 2939 σίως
432 2876 527 2929 καὶ
566 2872 665 2945 τὴν
695 2874 945 2945 δαπάνην
974 2876 1309 2945 παρέχοντες
1342 2874 1529 2933 αὐτοῖς
1551 2890 1565 2905 ·
1616 2875 1715 2927 καὶ
1755 2874 1853 2927 ἐὰν

269 2966 348 3039 μὴ
380 2966 682 3020 ὑπείκωσιν
726 2967 844 3028 τοῖς
893 2965 1104 3036 κυρίοις
1144 2963 1326 3018 αὐτῶν
1361 2964 1438 3027 ὡς
1468 2965 1529 3016 τὸ
1576 2964 1719 3030 δέον,
1752 2964 1853 3017 οὐκ

266 3059 417 3113 ἔστιν
444 3060 471 3111 6
501 3057 671 3110 ἐλεῶν
701 3056 921 3120 αὐτούς.

337 3153 480 3220 Κεφ.
516 3151 641 3206 NE’.
670 3151 791 3204 Τῶν
823 3149 1076 3221 πενήτων
1126 3149 1388 3202 ἁπάντων
1426 3147 1854 3217 καταταγέντων

270 3244 383 3315 (21)
422 3246 502 3308 εἰς
530 3246 597 3299 τὰ
624 3243 1040 3314 πτωχοτροφεῖα
1074 3241 1168 3294 καὶ
1196 3242 1273 3304 εἰς
1297 3240 1366 3295 τὰ
1394 3243 1759 3313 γηροκομεῖα,
1790 3239 1852 3293 οὐ

272 3338 686 3409 προστάττομεν
753 3334 874 3388 οὐδὲ
937 3332 1017 3403 τῷ
1076 3333 1295 3402 τυχόντι
1347 3331 1622 3403 ἀνθρώπῳ
1684 3335 1851 3387 άπαι-

1951 2153 2081 2193 suos
2126 2154 2247 2194 sese
2292 2138 2530 2205 habent,
2565 2140 2621 2194 in
2667 2140 2983 2195 libertatem
3025 2141 3319 2196 vindicatis
3358 2142 3535 2198 servis

1949 2245 2175 2295 eorum,
2202 2231 2533 2303 syngraphis
2561 2248 2659 2287 sua
2690 2248 2855 2287 manu
2886 2233 3109 2303 scriptis
3138 2233 3446 2303 spondeant
3474 2249 3534 2289 se

1949 2338 2060 2378 non
2085 2325 2192 2395 jam
2216 2324 2357 2379 alios
2379 2333 2665 2395 cmpturos
2686 2340 2804 2380 esse
2828 2340 3037 2380 servos.
3061 2325 3119 2381 Si
3142 2335 3325 2382 autem
3348 2341 3536 2381 emen-

1951 2415 2153 2470 dantur
2183 2416 2409 2487 pessimi
2444 2432 2657 2482 mores,
2683 2417 3124 2487 pollicenturque
3152 2434 3264 2472 non
3295 2419 3405 2489 jam
3438 2434 3535 2474 eos

1951 2524 2092 2565 saeve
2132 2518 2188 2565 et
2226 2510 2602 2564 inhumaniter
2638 2510 2957 2575 verberare,
2994 2511 3348 2564 remittantur
3387 2509 3535 2565 servi

1949 2618 2131 2673 neque
2162 2602 2216 2656 in
2248 2602 2562 2656 libertatem
2605 2602 2976 2657 vindicentur.
3016 2602 3304 2657 Praebeant
3350 2611 3533 2658 autem

1926 2684 2065 2757 'eis,
2096 2702 2299 2763 prater
2330 2693 2609 2763 duplicem
2644 2702 2853 2748 vestem
2890 2700 2947 2748 et
2979 2693 3224 2758 calceos,
3256 2704 3311 2749 et
3341 2703 3536 2749 caetera

1953 2786 2267 2842 necessaria
2304 2786 2605 2857 quotannis
2640 2786 2852 2840 domini
2892 2801 3119 2852 eorum,
3156 2787 3448 2857 Opulenter
3482 2795 3539 2841 et

1953 2889 2235 2951 sumptum
2260 2880 2569 2949 praebentes
2589 2879 2700 2943 eis;
2725 2887 2781 2933 et
2801 2878 2845 2933 si
2875 2894 2985 2934 non
3009 2879 3277 2934 obediunt
3300 2879 3540 2937 dominis

1954 2973 2092 3040 suis,
2119 2983 2179 3029 ut
2200 2972 2426 3037 debent,
2449 2988 2561 3027 non
2584 2982 2670 3027 est
2691 2972 2785 3043 qui
2810 2972 3107 3028 miseretur
3127 2988 3343 3028 eorum.

2028 3151 2162 3222 Cap.
2195 3150 2305 3206 LV.
2338 3182 2408 3192 —
2446 3151 2793 3222 Pauperibus
2835 3150 3094 3205 omnibus
3138 3149 3192 3204 in
3236 3164 3534 3221 egenorum

1958 3260 2265 3315 senumque
2307 3244 2567 3315 hospitiis
2609 3245 2923 3308 collocatis,
2954 3244 3218 3315 jubcmus
3261 3242 3536 3297 neminem

1959 3338 2016 3392 in
2056 3336 2240 3393 medio
2282 3336 2423 3401 foro,
2452 3336 2539 3390 vel
2582 3336 2638 3390 in
2676 3335 2947 3399 ecclesiis,
2974 3333 3057 3388 vel
3099 3333 3153 3387 in
3193 3331 3390 3403 quovis
3429 3331 3540 3386 alio

266 3433 383 3483 τεῖν
407 3428 519 3501 (22)
558 3429 727 3500 ἄρτον
773 3427 867 3480 ἐπὶ
894 3427 994 3497 τῆς
1044 3425 1239 3496 μέσης,
1281 3424 1313 3496 ἢ
1352 3427 1409 3478 ὲν
1442 3424 1786 3495 ἐκκλησίαις,
1818 3423 1851 3496 ἢ

1958 3430 2082 3485 loco
2129 3446 2329 3498 panem
2378 3429 2680 3499 postulare.
2712 3428 2866 3484 Meus
2911 3427 3061 3483 enim
3107 3441 3289 3481 sermo
3334 3425 3540 3496 ubique

270 3522 359 3576 ἐπ’
387 3522 534 3590 ἄλλῳ
576 3522 733 3592 107
764 3518 876 3574 τιν)⁵
904 3520 1077 3589 τόπῳ.
1121 3516 1180 3571 '0
1211 3518 1321 3588 γάρ
1345 3516 1505 3586 λόγος
1532 3519 1560 3571 6
1596 3518 1728 3587 έμδς
1754 3516 1853 3587 βοᾷ
1898 3538 1905 3544 υ

270 3615 392 3671 καθ’
422 3615 661 3684 ἑκάστην
684 3630 697 3643 '
730 3613 789 3666 Ὀ
823 3610 1026 3665 πεινῶν
1053 3610 1148 3661 καὶ
1178 3610 1206 3661 6
1237 3606 1428 3677 διψῶν,
1462 3607 1559 3661 καὶ
1590 3608 1855 3678 ὑστερού-

277 3728 460 3781 μενος,
486 3708 733 3783 ἐρχέσθω
762 3708 902 3777 πρὸς
938 3706 1111 3775 ἡμᾶς,
1139 3703 1234 3757 καὶ⁵
1266 3703 1325 3755 ὲν
1367 3701 1595 3772 ὀνόματι
1640 3702 1853 3773 Κυρίου

271 3802 512 3873 δεχέσθω
556 3803 656 3873 τὴν
687 3799 1026 3870 κατάλληλον
1081 3796 1452 3868 χειραγωγίαν
1489 3796 1853 3866 παραμυθού-

276 3911 438 3965 μενος
473 3894 609 3969 (25).
642 3891 1118 3963 Καταμέμφονται
1150 3890 1259 3960 γὰρ
1281 3889 1439 3960 ἡμῶν
1468 3888 1539 3943 τὰ
1577 3889 1853 3944 ἀλλοδαπά

272 3987 404 4059 ἔθνη
438 3987 674 4043 ἐνταῦθα
695 3982 1141 4058 παραγενόμενα,
1195 3980 1479 4050 λέγοντες*
1517 3981 1847 4051 ιηἈσπλαγ-

1959 3522 2159 3577 clamat
2207 3539 2220 3575 :
2270 3520 2554 3583 Esuriens,
2584 3529 2641 3576 et
2688 3521 2916 3584 sitiens,
2944 3528 3001 3574 et
3045 3520 3205 3589 inops
3245 3518 3429 3573 veniat
3473 3518 3540 3573 ad

1961 3630 2081 3678 nos,
2114 3623 2169 3668 et
2200 3614 2254 3667 in
2294 3614 2519 3667 nomine
2555 3614 2773 3667 Domini
2812 3613 3070 3668 idoneum
3100 3612 3337 3682 accipiat
3365 3611 3544 3666 subsi-

1960 3706 2114 3761 dium
2161 3706 2556 3775 solatiumque.
2589 3705 2907 3773 Queruntur
2950 3705 3098 3760 enim
3137 3704 3205 3759 de
3245 3703 3405 3757 nobis
3445 3719 3543 3757 ex-

1965 3806 2134 3851 ternaa
2174 3806 2367 3866 gentes
2403 3796 2512 3851 huc
2553 3794 3007 3865 supervenientes
3054 3811 3066 3847 :
3116 3813 3134 3844 ι
3177 3793 3296 3847 Νοη
3337 3791 3541 3846 habent

1960 3889 2174 3945 viscera
2222 3888 2550 3953 Christiani,
2590 3888 2878 3957 inquiunt;
2931 3902 3059 3941 nam
3106 3885 3301 3940 fratres
3344 3900 3536 3939 eorum

1958 3999 2158 4053 panem
2189 3990 2403 4053 rogant,
2435 3997 2614 4051 neque
2652 3988 2736 4035 est
2763 3996 2928 4052 quem
2969 3995 3163 4036 eorum
3200 3981 3477 4034 misereat.
3512 3998 3531 4032 ι

1837 4121 2074 4181 NOTAE.

374 4220 458 4290 14)
485 4220 692 4283 Codex,
718 4216 1001 4287 λοιμῶτον.

374 4294 457 4364 15)
492 4292 584 4364 Sic
605 4291 799 4364 codex.

346 4357 459 4433 (16)
493 4363 575 4416 An
600 4357 929 4433 ὲγκοιτςωνῖ

375 4426 460 4502 17)
490 4426 667 4501 Epist.
693 4430 759 4502 ad
786 4428 1005 4502 Galatas
1039 4442 1117 4490 ιιι,
1148 4426 1239 4502 28.

375 4439 460 4502 17)
491 4439 667 4501 Epist.
693 4439 759 4485 ad
786 4439 1005 4483 Galatas
1039 4442 1117 4490 Ill,
1148 4439 1239 4479 zu.

347 4439 461 4575 (18)
487 4502 672 4575 Codex
693 4500 791 4575 sic.
815 4498 1006 4575 Melior
1024 4496 1382 4575 esﬁsejidetur
1401 4495 1687 4575 scriptura
1698 4512 1797 4566 per
1816 4515 1853 4557 ι,

273 4566 603 4636 ἀνέλλίπῶς.
631 4573 690 4627 ln
730 4569 1003 4636 Antigona
1037 4566 1195 4629 1045,
1244 4581 1344 4636 pro
1370 4566 1591 4635 vulgato
1634 4568 1854 4636 αίςχρο-

1966 4218 2229 4288 Ὀρμᾶσθ’
2265 4218 2479 4279 ἑλόντες
2532 4218 2615 4278 είς
2653 4214 2877 4288 ἐπόψιον
2929 4214 3114 4288 τόπονΓ
3162 4213 3258 4288 Est
3306 4212 3359 4266 in
3408 4215 3533 4288 cod.

1985 4238 2026 4269 υ
2072 4238 2212 4288 μασυ
2265 4238 2479 4279 εΛοντες
2532 4238 2615 4278 εις
2653 4238 2877 4284 εποψιον
2929 4238 3114 4267 τοπον.
3164 4238 3258 4267 rust
3307 4238 3359 4266 ιιι
3408 4238 3533 4269 cuu.

1955 4238 2097 4343 2854
2128 4288 2381 4357 ἀπόψιον,
2415 4304 2522 4357 qua
2558 4287 2824 4342 varietate
2861 4300 2985 4357 non
3038 4284 3213 4357 minui
3252 4296 3386 4353 puto
3428 4287 3533 4343 loci

1957 4355 2334 4412 difﬁcultatem
2358 4355 2479 4428 quae
2505 4373 2698 4428 magna
2716 4366 2816 4428 est.
2844 4355 3137 4428 Aptissime
3158 4355 3365 4428 lacuna:
3383 4357 3537 4427 signa

1958 4428 2216 4498 apposuit
2252 4425 2619 4483 llermannus‘.
2648 4426 2751 4494 Qui
2786 4426 2933 4498 enim
2978 4427 3054 4479 ait
3103 4440 3160 4479 se
3207 4425 3535 4498 Antigonam

1960 4495 2080 4554 esse
2106 4499 2496 4564 liberaturum,
2533 4514 2642 4552 non
2691 4498 2872 4567 potuit
2896 4495 3073 4550 Creon
3110 4510 3220 4549 non
3254 4496 3417 4549 simul
3470 4498 3538 4552 de

1962 4570 2285 4638 sepeliendo
2330 4569 2588 4639 Polynice
2622 4568 2809 4637 loqui;
2850 4567 3153 4639 prgesertim
3205 4581 3330 4639 cum
3390 4567 3541 4637 leges

275 4631 524 4717 κέρδειαν
565 4631 741 4718 codex
784 4631 925 4695 2884
965 4631 1387 4718 αἰσχροκερδίαν
1430 4631 1681 4718 exhibet,
1732 4631 1853 4718 quae

1961 4656 1991 4718 ο
2024 4631 2081 4694 se
2108 4631 2760 4718 violatasplanietuqoas‘
2777 4631 2887 4718 non
2914 4637 2969 4690 in
2994 4653 3098 4718 una
3126 4636 3415 4718 Antigona,
3443 4631 3537 4691 sed

277 4706 451 4772 forma
480 4730 595 4785 pra:
631 4714 804 4769 altera
829 4706 1203 4781 grammaticis
1234 4706 1518 4760 nonnullis
1546 4707 1705 4761 unice
1744 4708 1857 4776 pla-

276 4797 386 4842 cet.

354 4858 464 4929 (19)
494 4854 704 4929 Codex,
732 4851 1176 4929 ξχὲεηυπήκε-ι.
1210 4847 1594 4929 Soloecismum
1629 4847 1859 4929 librario

276 4918 547 4985 iotacisue
578 4918 1066 4991 tribui."Epistolze
1114 4918 1323 4991 Sperat.
1358 4919 1407 4991 4_
1444 4934 1457 4969 :
1502 4918 1858 4991 Παρεκάλουν

278 5000 417 5068 πρὸς
444 4995 766 5068 φιλοσοφίαν
788 4988 1000 5068 Δαὗτόνς
1059 4992 1087 5043 ό
1134 4988 1190 5068 δέ
1245 5005 1336 5068 μοι
1389 4989 1540 5068 δοκεῖ
1567 4988 1859 5068 διανενοίεῖ-

278 5056 427 5131 σθαι,
456 5056 667 5137 ’μᾶλλον
694 5066 748 5118 δὲ
772 5056 1334 5137 ὼρμῆσθαιλπρὸςξτ-ὁι
1368 5058 1642 5137 πολιτικά.
1674 5056 1860 5137 codex

274 5128 422 5193 5054
452 5128 947 5208 ε’...διανενοῆσθαὶ
997 5128 1200 5208 μάλλον
1249 5128 1605 5208 ὲξωρμῆσθαι
1648 5128 1856 5208 πρδς...

275 5209 508 5277 optime.
532 5237 601 5245 —
636 5204 782 5277 Infra
802 5201 1012 5277 :codex,
1052 5204 1302 5272 ὑπήκων,
1340 5201 1626 5271 ὑπήκωσιν
1652 5214 1665 5228 ·
1705 5201 1783 5253 sic
1807 5214 1858 5253 c.

275 5275 384 5342 61;
425 5288 486 5332 ut
517 5284 573 5330 et
602 5291 725 5345 pag.
756 5275 843 5341 66,
878 5290 933 5328 n.
967 5276 1019 5328 1.

352 5348 465 5417 (20)
498 5348 612 5401 11ηο
647 5348 850 5408 αὐτοῖς.

349 5412 463 5487 (21)
497 5417 705 5480 Codex,
738 5415 1111 5483 καταγέντων.
1136 5414 1297 5469 Conf.
1339 5429 1393 5482 p.
1427 5412 1515 5476 80,
1539 5428 1597 5487 n.
1628 5413 1681 5465 1.

350 5483 460 5556 (22)
485 5487 669 5541 Codex
705 5486 805 5542 sic.
838 5486 1019 5540 Malim
1053 5488 1321 5546 ἐπαιτεῖν,
1351 5483 1657 5556 quove_rbo
1676 5490 1864 5556 utetur

276 5554 451 5612 infra.
494 5559 888 5612 Permutantur
932 5572 1074 5624 same
1131 5558 1223 5607 ἐπὶ
1262 5564 1319 5609 et
1370 5554 1498 5607 ἀπό.
1534 5554 1862 5609 Theodorus

276 5628 473 5686 Prodr.
500 5627 736 5683 Tctrast.
768 5643 820 5695 p.
853 5627 921 5680 68
960 5644 973 5678 :
1011 5624 1335 5696 Πετροϐολεί
1363 5624 1410 5676 δ’
1438 5625 1718 5696 ἐφύπερθε
1743 5625 1863 5696 θεὸς

280 5698 517 5779 πέτρῃσι
564 5694 1081 5779 χαλάζηςοηηιεῌυε
1130 5694 1419 5779 ἀφύξειρθξ
1455 5696 1508 5748 in
1544 5694 1669 5779 cod.
1697 5695 1860 5779 2§§L

277 5768 336 5825 In
362 5763 723 5838 A'ii'dreo‘pulo
740 5763 814 5838 De
839 5768 1067 5836 Syntipa
1088 5783 1190 5837 pag
1237 5763 1360 5827 125,
1388 5767 1560 5838 7,pro
1584 5763 1861 5838 ἐπεσῲθη,

278 5839 482 5909 mendo
514 5834 933 5909 typographieo,
966 5834 1213 5909 reponas
1246 5834 1536 5909 απεσῶθην
1565 5852 1576 5886 :
1612 5834 1683 5888 cf.
1722 5834 1858 5909 ibid.

281 5856 482 5894 mendo
514 5856 534 5892 ι
558 5856 933 5909 'pograpmco,
966 5856 1201 5906 reponas
1246 5856 1536 5902 απεσωυην
1565 5856 1576 5886 ;
1612 5856 1683 5888 ω.
1723 5856 1858 5889 ιυιιι.

281 5924 337 5981 p.
362 5908 489 5977 205,
619 5907 924 5979 Sophocles
966 5908 1148 5977 Antig.
1196 5907 1329 5961 1097
1367 5923 1378 5957 ε
1421 5906 1631 5971 ’Δείνας
1682 5907 1862 5975 χεροῖν

1960 4711 2016 4765 in
2042 4718 2279 4779 utroque
2309 4710 2553 4763 violavit.
2582 4706 2711 4774 Qua:
2736 4708 2905 4762 fuisse
2933 4723 2962 4760 a
2992 4707 3227 4761 Creonte
3249 4706 3416 4779 _dicta
3442 4724 3537 4779 pa-

1963 4786 2094 4834 tete
2128 4776 2378 4850 proxima
2427 4779 2605 4833 nuntii
2654 4779 2995 4850 narratione.
3032 4779 3146 4850 Itur
3172 4776 3318 4850 enim
3352 4778 3538 4850 statim

1961 4850 2029 4904 ad
2057 4846 2332 4921 Polynicis
2361 4849 2527 4904 funus
2553 4848 2953 4921 peragendum,
2990 4847 3187 4921 nuntio
3216 4846 3335 4914 ipso
3369 4846 3535 4921 duce.

1961 4936 2071 4989 quo
2115 4914 2183 4975 de
2229 4922 2429 4975 itinere
2460 4914 2714 4974 comites'
2743 4934 2907 4989 scena
2957 4917 3303 4987 praecedente
3360 4914 3541 4989 Creon

1962 4988 2191 5045 monere
2226 4991 2440 5045 debuit.
2468 4989 2525 5043 In
2552 5006 2619 5042 eo
2652 4988 2989 5043 narrationis
3030 4990 3152 5043 loco
3177 5002 3287 5056 quo
3310 4988 3542 5043 nuntius

1962 5062 2357 5115 cremationem
2392 5060 2658 5115 describit
2685 5059 2985 5117 cadaveris.
3020 5060 3136 5113 haec
3162 5068 3292 5111 sunt
3324 5060 3541 5129 egregie

1962 5132 2169 5202 scripta
2203 5149 2216 5186 :
2258 5134 2343 5185 Ἐν
2370 5132 2684 5202 νεοσπάσιν
2706 5130 2933 5191 Θαλλοίς
2965 5129 3082 5202 ὃδὴ
3118 5129 3371 5202 λέλειπτο
3410 5146 3543 5196 συγ·-

1964 5199 2295 5273 κατῇθομεν.
2330 5202 2568 5273 lntelligi
2599 5200 2762 5255 video
2792 5199 3085 5273 νεοσπάσιν
3104 5199 3211 5273 (εἰς
3236 5214 3337 5273 pro
3358 5208 3541 5273 vetere

1964 5269 2237 5342 scriptura
2267 5269 2544 5326 νεοσπάσί
2573 5279 2752 5325 exstat
2805 5270 2859 5323 in
2901 5271 3022 5325 cod.
3059 5269 3219 5335 2886)
3258 5269 3326 5324 de
3374 5271 3542 5342 ramis

1964 5341 2105 5411 quos
2137 5343 2394 5398 Creontis
2434 5343 2642 5397 servuli
2690 5342 2982 5396 securibus
3031 5342 3370 5396 ceciderant.
3404 5341 3542 5396 Fere

1964 5414 2151 5467 malim
2204 5414 2516 5483 intelligere
2550 5413 2618 5466 de
2670 5412 2837 5483 ramis
2882 5412 3431 5481 circumiacentibus,
3480 5428 3543 5466 ac

1966 5498 2161 5538 recens
2186 5482 2415 5547 avulsis,
2464 5500 2531 5539 eo
2561 5482 2773 5537 scilicet
2814 5483 3219 5538 violentissimo
3242 5484 3391 5537 venti
3429 5494 3545 5537 tur-

1968 5554 2116 5619 bine,
2150 5555 2216 5609 de
2244 5571 2357 5625 quo
2386 5571 2439 5609 v.
2472 5554 2577 5610 415
2608 5572 2620 5609 :
2664 5555 2929 5623 Οὐράνιον
2961 5554 3093 5624 ἄχος
3138 5554 3421 5623 Πίμπὶ.ησι
3452 5571 3546 5625 πε-

1965 5626 2096 5684 δίον.
2144 5624 2324 5678 πᾶσαν
2376 5627 2603 5690 αἰκίζων
2664 5625 2839 5695 φόϐην
2879 5626 3051 5694 ’Ὕλης
3098 5625 3369 5687 πεδιάδος.
3423 5624 3545 5679 Non

1964 5696 2111 5750 enim
2169 5696 2299 5750 folia
2340 5707 2557 5751 tantum
2604 5705 2733 5751 sunt
2771 5696 2936 5763 φόϐῃ,
2972 5695 3067 5751 sed
3121 5703 3177 5751 et
3227 5695 3335 5763 ipsi
3381 5696 3543 5757 rami,

1965 5768 2127 5836 eique
2154 5767 2491 5832 crassiores;
2524 5778 2632 5821 tam
2662 5777 2820 5821 atrox
2848 5774 3146 5837 tempestas
3184 5782 3295 5820 non
3331 5766 3386 5820 in
3419 5765 3546 5820 folia

1969 5846 2178 5891 tantum
2215 5847 2270 5892 et
2307 5837 2649 5907 pedunculos
2675 5837 2957 5893 saaviebat.

2038 5907 2151 5979 (23)
2178 5906 2385 5973 Codex,
2418 5908 2540 5963 κατ’
2565 5908 2812 5977 άλληλων
2845 5925 2989 5979 χειρ.
3025 5906 3544 5977 παραμυθούμενοι.
