4088 6590
510 494 610 562 Gil

1485 480 1549 540 S.
1597 476 2025 540 GREGENTII
2064 475 2301 536 EPISC.
2343 471 2880 535 TAPHARENSIS

3686 459 3795 527 €12

510 607 624 662 Nos
665 601 932 658 misereat
970 597 1204 652 fratrum
1247 599 1589 658 nostrorum,
1624 588 1935 660 praesertim
1973 603 2108 643 vero

2231 603 2350 658 ενοι,
2380 583 2550 654 φησὶν
2579 579 2718 656 (24),
2740 579 3184 654 χρηματίζουσιν
3207 578 3257 633 οι
3289 574 3628 648 Χριστιανοὶ,
3662 575 3794 628 καθ-

513 697 910 768 magistrorum
940 698 997 745 et
1022 686 1399 743 dominorum.

2212 678 2297 730 ότι
2329 676 2379 729 οἱ
2424 675 2647 744 ἀδελφοὶ
2702 672 2883 728 αὐτῶν
2938 671 3263 726 ἐπαιτοῦσιν
3313 671 3504 742 ᾱρτον,
3545 669 3645 722 καὶ
3695 667 3798 720 οὐκ

513 761 662 840 ἐστιν
711 786 740 837 6
794 775 1232 840 ἐλεῶν,αὐτούς.
1281 795 1299 828 ι
1349 774 1548 844 Ἡμεῖς
1603 771 1923 842 ἐλεήσωμεν
1970 769 2101 833 τοὺς
2141 769 2408 838 ἀδελφοὺς
2469 765 2652 848 ημῶν,
2717 764 2996 836 μᾶλλονδὲ
3017 763 3285 826 δεσπότας
3312 761 3675 837 καὶκυρίους.

583 885 718 954 Cap.
747 880 883 937 LVI.
909 909 979 920 —-
1004 877 1285 948 Quotquot
1316 876 1483 947 igitur
1513 874 1766 945 inscripti
1800 881 1950 940 sunt,
1977 871 2103 943 qui-

515 975 620 1032 bus
661 973 769 1029 sibi
809 985 952 1042 opus
988 978 1075 1024 est
1115 965 1411 1036 accipiant,
1445 980 1627 1035 neque
1668 979 1898 1034 prorsus
1937 961 2102 1032 quid-

517 1082 684 1140 quam
721 1063 1020 1137 postulent.
1047 1059 1103 1115 Si
1139 1059 1264 1129 quis
1297 1058 1679 1128 deprehensus
1713 1056 1881 1112 fuerit
1912 1063 2108 1125 postu-

2274 875 2418 938 Κεφ.
2455 871 2600 937 Νςν.
2627 869 2786 921 Ὅσοι
2822 859 2918 917 οὗν
2951 861 3061 916 εἰσὶ
3109 855 3440 929 τεταγμένοι
3489 857 3590 912 καὶ
3641 855 3801 927 κομί-

2205 965 2391 1030 ζονται
2422 962 2520 1026 τὰς
2551 959 2764 1014 ἑαυτῶν
2797 955 3010 1028 χρείας,
3042 952 3177 1024 μηδέ
3200 949 3262 1004 τὸ
3291 948 3524 1004 καθόλου
3553 948 3802 1004 ἐπαιτιίο

2205 1072 2409 1108 τωσαν.
2444 1054 2508 1105 Εἰ
2538 1051 2594 1104 δέ
2626 1066 2754 1102 ποτε
2805 1043 3114 1116 φωραθεῖεν
3149 1039 3393 1096 ἐπαιτῶν
3427 1039 3533 1094 κᾶν
3563 1033 3668 1103 εἷς,
3704 1057 3806 1092 τυ-

517 1132 672 1225 lans,
721 1132 1031 1212 octodecim
1085 1151 1314 1206 fustium
1361 1149 1693 1205 verberibus
1725 1149 1993 1203 multatus
2048 1145 2106 1201 in

2231 1148 2430 1202 ττέσθω
2461 1144 2676 1216 πληγὰς
2709 1141 2858 1196 ὀκτὼ
2884 1141 2980 1194 καὶ
3009 1138 3164 1201 δέκα,
3203 1136 3299 1190 καὶ
3333 1132 3715 1188 ἀποκλειέσθω
3745 1135 3805 1186 ἐν
3895 1148 3899 1150 ·

521 1267 715 1309 senum
751 1247 993 1318 hospitio
1029 1243 1364 1310 includatur,
1391 1242 1866 1310 admoneaturque
1903 1255 2108 1310 egeno-

2231 1241 2289 1310 τῷ
2323 1237 2680 1309 γηροκομείῳ
2728 1233 2921 1299 αὐτοῦ,
2957 1233 3053 1286 καὶ
3084 1227 3470 1302 παραγγελίαν
3505 1227 3745 1298 δεχέσθω
3775 1228 3804 1281 6

519 1360 643 1400 rum
689 1340 918 1411 hospitii
958 1336 1249 1408 praefectus
1289 1349 1360 1388 ne
1397 1349 1524 1388 eum
1565 1333 1829 1402 deinceps
1863 1330 2109 1400 hospitio

2231 1331 2310 1386 τοῦ
2341 1327 2786 1401 πτωχοτροφείου
2835 1323 3243 1395 προϊστάμενος
3265 1319 3362 1375 τοῦ
3416 1319 3552 1392 μηδὲ
3576 1318 3638 1372 τὸ
3665 1319 3804 1373 καθ-

521 1438 674 1493 exire
719 1435 882 1491 sinat.
917 1430 1022 1497 Qui
1066 1436 1251 1483 autem
1291 1441 1401 1481 non
1439 1424 1740 1494 inscriptus
1775 1431 1892 1488 est,
1923 1437 2108 1477 coram

2231 1424 2337 1477 5).ου
2366 1425 2462 1494 ὲᾷν
2497 1421 2665 1474 αὑτὸν
2704 1423 2800 1472 τοῦ
2836 1415 3236 1489 γηροτροφείου
3267 1412 3608 1485 ἐξέρχεσθαι.
3641 1411 3700 1464 ’0
3746 1412 3804 1464 δὲ

525 1531 688 1586 nobis
730 1527 1041 1583 adducatur
1067 1564 1082 1588 ,
1114 1530 1172 1576 et
1219 1535 1344 1573 cum
1399 1533 1469 1572 eo
1506 1517 1944 1572 misericorditer
1984 1530 2112 1585 age-

2231 1517 2298 1588 μὴ
2322 1515 2398 1569 ὢν
2423 1512 2760 1582 τεταγμένος
2788 1507 3160 1581 προσαγέσθω
3191 1506 3350 1577 ἡμῖν,
3397 1503 3494 1558 κα)⁵
3539 1502 3805 1573 ποιοῦμεν

523 1639 670 1680 mus.
694 1620 799 1687 Qui
829 1630 1013 1673 autem
1042 1615 1419 1683 eleemosynas
1449 1609 1630 1664 facere
1657 1612 1874 1674 volunt,
1906 1607 1960 1662 in
1985 1622 2115 1678 ege-

2231 1610 2368 1673 Ξλεος
2399 1609 2516 1680 μετ’
2549 1605 2738 1660 αὑτοῦ.
2766 1604 2829 1658 Οἱ
2858 1604 2915 1657 δέ
2945 1619 3009 1670 γε
3063 1599 3385 1671 βουλόμενοι
3428 1599 3604 1652 ποιεῖν
3649 1596 3809 1666 ἐλεη-

526 1731 725 1772 norum
755 1723 812 1768 et
836 1724 1031 1766 senum
1058 1705 1296 1776 hospitia
1325 1703 1616 1766 abeuntes,
1648 1701 1727 1756 ibi
1764 1717 1862 1757 sua
1899 1698 2114 1756 beneﬁ-

2231 1701 2484 1775 μοσύνας,
2512 1699 2770 1762 ἀπιόντες
2793 1697 2851 1750 ἐν
2871 1698 2986 1759 τοῖς
3007 1711 3221 1764 πτωχοτ
3232 1691 3470 1763 ροφείοις
3497 1707 3557 1744 τε
3589 1692 3684 1744 καὶ
3708 1707 3811 1760 γη-

527 1809 611 1864 cia
641 1805 945 1861 conferant.
967 1800 1023 1856 Si
1051 1798 1178 1868 quis
1202 1797 1343 1851 forte
1369 1796 1592 1850 obvium
1621 1795 1819 1849 habeat
1842 1801 2112 1847 tacentem

2231 1793 2556 1867 ροκομείοις,
2588 1792 2684 1846 καὶ
2716 1791 2896 1844 ἐκεῖσε
2927 1786 3110 1844 αὐτῶν
3143 1787 3243 1856 τὴν
3270 1785 3520 1838 εὐποιΐαν
3549 1784 3812 1852 εἰσπρατ-

527 1909 585 1957 et
617 1897 995 1954 ambulantem
1029 1904 1352 1962 pauperem,
1379 1904 1562 1958 neque
1598 1888 1993 1950 clamitantem,
2018 1884 2114 1940 sed

2231 1890 2484 1942 τέτωσαν.
2528 1885 2596 1938 Et
2615 1901 2676 1938 τε
2707 1882 2890 1953 τυχὼν
2926 1879 3038 1952 (25)
3064 1878 3206 1934 κατὰ
3236 1877 3336 1949 τὴν
3361 1876 3480 1932 ὁδὸν
3513 1875 3809 1930 σιωπῶντα

529 2008 670 2064 opus
705 1989 928 2059 aliquod
969 1989 1308 2056 quaerentem
1350 1989 1406 2035 et
1439 1980 1620 2036 facere
1659 1980 1958 2044 volentem,
1991 1977 2122 2033 huic

531 2081 827 2139 subvenire
864 2079 1152 2151 jubemus.

601 2257 736 2329 Cap.
775 2255 937 2311 LVII.
971 2284 1046 2299 —
1089 2254 1286 2310 Omnia
1330 2253 1488 2309 urbis
1523 2251 1789 2318 aedificia,
1825 2267 1953 2306 cum
1996 2258 2127 2306 sunt

534 2350 768 2422 pulchre
815 2348 1029 2412 locata,
1061 2355 1118 2402 et
1159 2347 1364 2402 mirum
1413 2347 1469 2401 in
1517 2345 1744 2400 modum
1791 2352 1953 2400 aucta
1999 2339 2128 2399 su’nt

537 2441 829 2499 locationis
857 2441 1035 2512 pretia
1073 2440 1142 2495 ab
1176 2441 1245 2495 iis
1270 2441 1376 2515 ,ιιιιί
1413 2439 1692 2510 quondam
1723 2438 2009 2511 tyrannice
2038 2453 2128 2493 res

539 2533 944 2590 Homeritarum
975 2540 1260 2597 rexerunt,
1277 2532 1390 2586 Deo
1412 2532 1664 2602 juvante,
1683 2531 1978 2586 locationis
2004 2545 2129 2601 pre-

538 2627 616 2682 tia
643 2624 896 2680 imminui
916 2623 1200 2695 jubemus.
1222 2622 1327 2690 Qui
1355 2623 1607 2679 solvebat
1626 2638 1824 2678 novem
1848 2637 2125 2686 nummos,

538 2734 635 2775 sex
661 2724 906 2788 prastet,
931 2715 1236 2786 similisque
1271 2716 1363 2770 fiat
1386 2716 1440 2770 in
1469 2716 1728 2772 omnibus
1756 2716 1933 2770 tertia
1956 2716 2130 2786 partis

541 2810 878 2866 imminutio.
904 2807 1008 2874 Qui
1037 2808 1288 2864 solvebat
1317 2823 1432 2874 sex,
1457 2808 1550 2863 det
1577 2818 1838 2878 quatuor,
1865 2809 2130 2879 reliquos-

540 2917 649 2975 que
679 2901 820 2956 duos
846 2901 951 2956 sibi
983 2881 1206 2955 habeat‘.
1231 2901 1298 2955 Et
1335 2909 1534 2955 uetera
1571 2900 1740 2956 simili
1779 2901 1994 2956 ratione
2028 2916 2132 2956 nu—

541 3001 857 3059 merentur;
902 2992 1042 3046 duas
1080 3001 1265 3063 partes
1306 2992 1584 3058 tribuant,
1622 2992 1956 3063 tertiamque
1995 2992 2130 3047 reti-

541 3095 744 3152 neant;
776 3093 832 3140 et
858 3099 928 3139 ne
955 3084 1081 3154 quis
1111 3085 1166 3138 in
1196 3092 1480 3154 posterum
1517 3085 1855 3139 locationum
1890 3085 2131 3154 pretium

542 3193 744 3250 augere
773 3175 995 3231 audeat.
1024 3174 1154 3238 Sed,
1185 3176 1329 3230 sicut
1357 3175 1768 3243 constituimus,
1797 3176 1992 3232 eodem
2026 3185 2133 3232 ter-

543 3270 698 3324 mino
728 3267 1208 3331 administrentur,
1237 3281 1417 3336 neque
1449 3267 1916 3334 imminutionem,
1949 3284 2129 3339 neque
2157 3263 2199 3320 C

546 3363 952 3417 incrementum
989 3358 1345 3428 accipientes.
1374 3358 1701 3428 Quicunque
1731 3375 1866 3413 vero
1902 3360 2133 3415 locatio-

547 3452 638 3506 nis
667 3451 848 3521 pretio
878 3463 1048 3518 supra
1078 3447 1320 3518 adjicere
1350 3461 1520 3501 ausus
1548 3445 1737 3511 fuerit,
1763 3448 1850 3501 vel
1886 3447 2134 3502 muneri-

547 3543 654 3598 bus
702 3539 1040 3612 quibusdam
1084 3539 1421 3610 inquilinum
1471 3540 1780 3608 expellere,
1821 3547 1876 3592 et
1923 3555 2022 3609 pro
2068 3527 2136 3595 eo

547 3635 719 3690 alium
770 3633 1017 3697 inducat,
1054 3647 1167 3686 non
1195 3633 1403 3703 majore
1441 3631 1573 3686 licet
1611 3631 1813 3701 pretio,
1854 3632 1973 3702 ipse
2011 3632 2136 3688 dico

549 3727 714 3782 talem
744 3725 925 3779 virum
960 3722 1110 3777 domi
1147 3721 1456 3776 mercedem
1493 3720 1650 3790 quasi
1686 3721 1995 3787 auxisse,...
2024 3722 2140 3796 pri-

550 3835 702 3877 mum
743 3818 1099 3888 publicentur
1130 3814 1317 3870 omnia
1351 3814 1512 3869 istius
1545 3813 1710 3878 bona,
1739 3822 1796 3868 et
1833 3814 1979 3884 ipse,
2011 3822 2132 3869 tan-

550 3927 716 3983 quam
757 3910 992 3964 fratrum
1030 3923 1262 3963 suorum
1296 3922 1443 3972 osor,
1476 3917 1641 3977 atque
1679 3907 1844 3979 hujus
1879 3907 2138 3980 praecepti

552 4005 774 4059 nescius
812 4019 826 4055 :
871 4021 888 4053 ‹
924 4001 1083 4067 Quod
1119 4001 1187 4055 ab
1225 4000 1334 4054 alio
1371 4000 1560 4054 oderis
1597 3999 1717 4054 fieri
1757 4001 1878 4065 tibi,
1907 4001 2035 4056 vide
2069 4018 2139 4056 ne

551 4103 613 4148 tu
660 4092 959 4163 aliquando
1003 4092 1164 4146 alteri
1207 4091 1399 4157 facias,
1435 4110 1452 4142 ι
1504 4091 1729 4146 civitate
1772 4092 2050 4163 ejiciatur.
2081 4093 2137 4148 Si

551 4196 734 4241 autem
771 4185 1056 4254 cujusdam
1092 4183 1229 4238 aedis
1262 4183 1430 4237 herus
1465 4198 1584 4237 eam
1621 4183 1690 4237 ad
1722 4185 2002 4254 propriam
2034 4185 2141 4239 uti-

552 4279 763 4334 litatem
791 4276 970 4346 reipsa
995 4275 1256 4336 destinat,
1276 4276 1558 4330 licentiam
1588 4276 1790 4332 habeat
1809 4293 1932 4341 qua:
1953 4278 2142 4334 volue-

553 4371 628 4424 rit
657 4368 925 4434 faciendi;
965 4367 1061 4423 sed
1102 4368 1268 4439 hujus
1303 4367 1500 4439 gratia,
1528 4377 1591 4422 ut
1618 4368 1822 4424 educat
1847 4370 2024 4435 illum,
2057 4371 2142 4425 in-

553 4461 721 4515 ducat
760 4457 966 4524 alium,
1001 4459 1307 4514 constituto
1351 4459 1546 4514 eodem
1591 4459 1887 4516 locationis
1925 4463 2139 4532 pretio,

554 4568 659 4608 nec
692 4560 862 4607 totam
895 4551 1070 4607 aedem
1105 4566 1380 4622 occupare
1414 4552 1635 4607 audeat.
1665 4553 1785 4607 Non
1821 4555 1968 4609 enim
2007 4571 2139 4625 per-

2228 1979 2324 2032 κα“ι
2355 1974 2665 2032 διοδεύοντα
2726 1972 2940 2042 πένητα
2989 1967 3240 2023 θεάσοιτό
3289 1983 3394 2032 τις,
3437 1966 3499 2019 οὐ
3559 1965 3812 2036 κραυγά-

2228 2073 2412 2136 ζοντα,
2446 2067 2562 2122 ἀλλ’
2594 2067 2689 2120 ἐπὶ
2717 2062 3001 2119 διακονίαν
3049 2063 3330 2133 διήκοντα,
3383 2061 3480 2115 καὶ
3543 2059 3810 2131 βούλοιτο,

2227 2161 2508 2217 ἐλεοῦνταί
2535 2159 2648 2232 (26)
2681 2157 2844 2212 αὐτὸν
2873 2154 3195 2225 κελεύομεν.

2303 2253 2464 2324 108
2485 2254 2628 2321 Κεφ.
2659 2250 2786 2304 NZ'.
2814 2249 2896 2302 Τὰ
2924 2248 3204 2319 οἰκήματα
3235 2245 3418 2300 πάντα
3443 2244 3543 2314 τῆς
3575 2243 3810 2307 πόλεως,

2229 2347 2441 2416 ὅσαπερ
2491 2345 2630 2398 είσὶν
2675 2339 3097 2410 ἐνοικιαζόμενα
3145 2338 3350 2402 καλῶς,
3402 2338 3499 2391 καὶ
3546 2335 3816 2406 αὐξηθέν-

2228 2461 2319 2508 τος
2347 2440 2457 2516 (27)
2483 2440 2661 2496 αὐτῶν
2686 2438 3014 2509 παραλόγως
3033 2434 3128 2488 τοῦ
3151 2435 3386 2489 ἐνοικίου
3415 2433 3522 2487 ἀπὸ
3548 2433 3656 2486 τῶν
3676 2432 3814 2502 πρό-

2230 2537 2400 2591 παλαι
2447 2533 2706 2606 χαλεπῶς
2756 2528 3183 2602 κεκρατηκότων
3228 2527 3298 2582 τὰ
3342 2526 3454 2582 τῶν
3499 2526 3815 2598 Ὀμηριτῶν

2229 2628 2555 2700 πράγματα,
2614 2624 2754 2696 μετὰ
2811 2623 2944 2676 Θεὸν
3015 2621 3434 2694 προστάττομεν
3485 2617 3557 2700 τα
3604 2617 3817 2672 ἐνοίκια

2230 2718 2610 2775 ἐλαττοῦσθαι.
2649 2717 2710 2770 '0
2748 2715 2928 2778 διδοὺς
2958 2714 3117 2768 ἐννέα
3164 2710 3483 2783 νομίσματα
3523 2711 3817 2782 παρεχέτω

2229 2814 2299 2867 τὰ
2329 2811 2412 2879 ἐξ,
2448 2809 2545 2864 καὶ
2572 2809 2638 2862 τὰ
2665 2806 2831 2861 λοιπὰ
2882 2804 3330 2876 ὑφειλούσθωσαν
3357 2802 3469 2875 (28)
3498 2803 3591 2857 ἐπὶ
3621 2804 3815 2865 πᾶσιν,

2229 2904 2515 2960 τουτέστιν
2544 2898 3083 2974 τριμοιρούσθωσαν.
3119 2897 3180 2951 '0
3209 2895 3471 2969 παρέχων
3497 2895 3558 2963 ἓξ
3588 2895 3659 2949 τὰ
3684 2896 3818 2949 τέσ-

2233 3015 2378 3071 σαρα
2426 2995 2640 3060 διδότω,
2688 2995 2787 3048 καὶ
2816 2992 2887 3047 τὰ
2915 2991 3010 3046 δύο
3053 2991 3370 3062 κατεχέτω·
3411 2990 3508 3046 καὶ
3551 2989 3620 3045 τὰ
3653 2989 3821 3044 λοιπὰ

2233 3087 2638 3162 παραπλησίως
2689 3082 3162 3156 ἁριθμείσθωσαν,
3195 3082 3292 3136 καὶ¹
3319 3082 3388 3136 τὰ
3409 3081 3505 3136 δύο
3538 3080 3651 3153 (‘29)
3681 3081 3820 3136 διδό-

2232 3199 2437 3249 τωσαν,
2473 3180 2657 3234 καὶτὸ
2689 3178 2748 3234 ἓν
2793 3177 3202 3249 ἀποκρατεετω,
3241 3176 3303 3230 τὸ
3353 3175 3544 3229 λοιπὸν
3586 3174 3662 3246 μὴ
3697 3174 3822 3227 τολ-

2235 3273 2452 3346 μῶντος
2481 3270 2590 3325 ἀπὸ
2617 3267 2713 3322 τοῦ
2743 3267 2840 3324 νῦν
2867 3268 3189 3339 προσθεῖναι
3217 3266 3330 3339 (50)
3372 3266 3609 3322 ἐνοίκιον
3635 3283 3649 3297 ·
3679 3265 3819 3333 ἀλλ’,

2233 3366 2422 3435 ὥσπερ
2448 3361 2923 3434 προστετάχαμεν,
2949 3359 3026 3431 τῷ
3055 3358 3206 3430 αὑτῷ
3234 3359 3345 3430 ὅρῳ
3379 3357 3820 3419 διοικείσθωσαν,

2238 3459 2380 3529 μήτε
2404 3454 2668 3526 ὑφειλμδν
2697 3452 2984 3536 (δη-μήτε
3009 3451 3334 3523 προσθήκην
3357 3450 3653 3522 δεχόμενα.
3707 3451 3826 3512 Πᾶς

2235 3549 2292 3602 δὲ
2320 3549 2470 3611 ὅστις
2507 3545 2774 3616 τολμήσει
2812 3543 3044 3598 ἐνοίκιον
3091 3543 3525 3610 ἐπαναϐιὸάσαι,
3563 3541 3597 3614 ἢ
3628 3542 3824 3614 δώροις

2240 3641 2383 3693 τισὶν
2409 3636 2684 3708 ἐξωθῆσαι
2720 3633 2831 3706 (52)
2863 3634 3094 3701 ἔνοικον,
3130 3636 3227 3690 καὶ⁵
3249 3637 3366 3690 ἀντ’
3397 3636 3609 3690 ἐκείνου
3636 3635 3825 3707 ἕτερον

2239 3731 2475 3800 εἰσάγει,
2509 3730 2619 3783 εἴτε
2651 3729 2746 3783 καὶ
2780 3731 2859 3791 εἰς
2881 3727 2944 3781 τὸ
2974 3729 3108 3782 αὐτὸ
3131 3729 3318 3794 ποσὸν,
3355 3727 3520 3792 αὐτὸς
3548 3728 3825 3800 κρατῆσαι

2241 3823 2386 3894 φημὶ
2413 3821 2475 3874 τὸ
2500 3818 2749 3873 τοιοῦτον
2781 3819 3020 3874 ἐνοίκιον
3044 3821 3103 3873 ἐν
3132 3818 3211 3890 τῷ
3233 3819 3500 3890 οἰκήματι
3533 3817 3824 3890 προθυμη-

2241 3913 2383 3966 θεῖεν
2417 3911 2552 3983 (55),
2582 3909 2798 3983 πρῶτον
2831 3910 2931 3981 μὲν
2961 3909 3368 3981 εἱσκομιζέσθω
3407 3909 3476 3963 τὰ
3508 3909 3825 3980 ὑπάρχοντα

2240 4007 2392 4078 αὐτῷ
2423 4007 2628 4070 πάντα,
2661 4005 2757 4060 κα)⁸
2784 4003 2950 4068 αὐτὸς
2991 4004 3068 4068 ὼς
3113 4003 3470 4076 μισάδελφος,
3500 4002 3595 4056 καὶ
3633 4002 3708 4066 ὡς
3751 4002 3828 4074 μὴ

2241 4101 2498 4170 ἐγνωκὼς
2551 4098 2613 4152 τό
2643 4114 2657 4129 ο
2687 4119 2705 4150 ι
2750 4099 2930 4169 Ὅπερ
2976 4097 3042 4151 σὺ
3098 4099 3300 4168 μισεῖς,
3340 4096 3513 4169 ἑτέρῳ
3561 4096 3635 4168 μὴ
3670 4098 3828 4167 ποιή-

2179 4247 2186 4250 ,
2243 4211 2343 4265 σῃς
2373 4191 2508 4266 (54),
2539 4211 2558 4243 ι
2588 4189 2938 4244 ἐκδιωκέσθω
2971 4189 3132 4260 109
3159 4192 3261 4261 τῆς
3294 4189 3524 4253 πόλεως.
3565 4189 3692 4242 Ἐὰν
3719 4189 3776 4242 δὲ
3800 4191 3830 4242 ὁ

2241 4284 2522 4349 δεσπόζων
2569 4281 2663 4336 τοῦ
2715 4283 3023 4353 οἰκήματος
3051 4281 3414 4353 χρεοποιῆται
3437 4281 3549 4352 (55)
3585 4283 3718 4336 αὐτὸ
3751 4284 3830 4346 εἰς

2247 4372 2383 4426 ἰδίαν
2414 4371 2727 4425 ἀνάπαυσιν
2765 4373 2831 4442 τῇ
2881 4370 3136 4442 ἀληθείᾳ,
3189 4371 3367 4442 ἐχέτω
3420 4371 3620 4444 βουλὴν
3651 4375 3831 4426 ποιεῖν

2243 4466 2382 4536 πρὸς
2413 4464 2441 4517 ὂ
2477 4463 2764 4534 βούλεται·
2805 4463 2947 4518 κατὰ
2973 4464 3139 4536 χάριν
3166 4464 3245 4531 δὲ,
3279 4465 3367 4518 ἵνα
3387 4463 3594 4537 ἐξεὼση
3618 4465 3828 4528 τοῦτον,

2247 4556 2520 4628 εἰσαγάγῃ
2553 4555 2611 4609 δὲ
2663 4557 2874 4627 ἕτερον,
2911 4555 3007 4608 τοῦ
3054 4555 3223 4609 αὐτοῦ
3257 4557 3489 4612 ἐνοικίου
3534 4559 3834 4629 προκειμέ-

555 4645 858 4710 mittimus,
889 4645 997 4699 nisi
1035 4644 1110 4699 sit
1141 4620 1445 4715 inquilinus
1476 4659 1697 4715 pugnax
1729 4645 1816 4714 vir
1848 4655 1904 4700 et
1940 4620 2125 4702 turbu-

2246 4667 2339 4703 νου
2371 4620 2519 4721 (36),
2543 4648 2618 4719 μὴ
2659 4620 2918 4718 τολμάτω
2943 4647 3107 4703 τοῦτο
3143 4649 3385 4703 σύνολον.
3415 4651 3492 4704 Οὐ
3523 4620 3633 4722 γάρ
3665 4620 3837 4723 προσ·

553 4738 756 4804 lentus,
789 4745 846 4792 et
872 4737 1090 4808 spirans
1125 4737 1448 4802 tumultum,
1476 4747 1532 4792 et
1558 4737 1794 4792 fratrum
1831 4744 1928 4792 aut
1954 4740 2141 4809 potius

2247 4743 2548 4814 τάσσομεν,
2595 4741 2775 4814 πάρεξ
2802 4743 2849 4796 εί
2889 4742 2966 4814 μή
3007 4743 3157 4797 ἐστιν
3187 4745 3215 4798 ὁ
3246 4744 3453 4810 ἔνοικος
3479 4747 3719 4817 μάχιμός
3749 4764 3836 4811 τις

2075 4900 2311 4959 NOTIE.

631 4997 744 5068 (24)
767 4997 889 5052 Νοιι
915 4996 1305 5068 corrigendum
1340 5007 1474 5068 puto
1506 4995 1704 5066 φασίν·
1727 4996 1876 5052 conf.
1897 5013 1947 5054 c.
1967 4997 2056 5062 69,
2085 5007 2142 5054 et

558 5077 599 5122 t.
617 5068 709 5140 Ν,
728 5066 784 5136 p.
803 5068 927 5131 536,
949 5068 1053 5140 n._l
1067 5066 1086 5122 ζ
1100 5066 1372 5140 Caeterum
1389 5069 1554 5140 φησὶν
1566 5079 1631 5140 et
1659 5070 1822 5137 φασὶν
1838 5069 2143 5140 saapissime

559 5137 789 5209 confusa
819 5145 970 5209 sunt.
989 5137 1252 5209 Scythius
1275 5137 1462 5195 Anthﬁ
1487 5139 1660 5194 Palat.
1687 5155 1784 5204 xu,
1810 5139 1882 5193 22
1911 5137 1931 5192 ἐ
1957 5141 2064 5192 Καὶ
2091 5140 2143 5192 τί

561 5207 1222 5281 πάθως-φασλν-γὰρὸρᾷν
1254 5211 1439 5281 μόνον.
1463 5210 1723 5280 Propono
1742 5211 1928 5280 φησίν.
1960 5228 1976 5260 ι
2000 5211 2144 5264 Puer

561 5276 847 5350 feroeulus
871 5276 1047 5345 jubet?
1065 5276 1144 5350 ιιιί
1160 5276 1422 5349 aspiciam
1452 5276 1692 5347 tantum,
1714 5276 1826 5334 non
1855 5287 2095 5350 tangam.
2119 5299 2137 5331 ι

635 5345 746 5418 (a5,
786 5346 1199 5418 [fersne-axe}

637 5415 749 5485 (26)
787 5415 877 5469 Sic
909 5414 1116 5470 codex.
1140 5417 1346 5473 Forsan
1402 5418 1588 5473 ἐλεοῦν
1617 5437 1678 5472 τε
1726 5418 2020 5475 deficiente
2047 5421 2144 5473 καὶ

564 5485 910 5560 cum‘verbo.
940 5485 1252 5560 Sapissime
1273 5489 1515 5560 librariis
1547 5491 1770 5560 syllabae
1790 5505 1854 5545 ac
1873 5491 2144 5546 vocabula

565 5554 1389 5631 longioraexcidu—nt.Epistolaa
1412 5554 1627 5631 Socra't.
1646 5563 1735 5625 50,
1758 5577 1812 5631 ρ.
1833 5560 1902 5614 '58
1929 5562 2147 5615 εΚατα-

568 5626 774 5702 μάθοις
787 5625 846 5702 δ’·
868 5627 1040 5702 ὄιν-εν.
1061 5625 1254 5702 βραχεῖ
1295 5625 1778 5702 τήν-Ἰσοκράτους
1809 5632 2052 5702 ἱστορίαν
2086 5631 2147 5696 ἐξ

567 5713 710 5750 ων...
733 5693 922 5772 Codex
939 5693 1777 5772 ὅοὸᾀίίσττ-καϊτὴνίίπαὶδείανλ
1809 5693 2015 5770 quibus
2035 5693 2145 5756 non

566 5773 722 5844 caret
749 5765 1041 5844 Allatjana.
1069 5769 1192 5844 Mox
1217 5768 1355 5823 ibid.
1381 5765 1453 5844 ρΣ.
1474 5771 1543 5825 59
1567 5789 1579 5824 :
1621 5765 1848 5844 ’ᾼδίκωξ
1889 5772 1947 5824 δὲ
1992 5776 2146 5844 παρᾲ

569 5835 664 5910 σοῦ
699 5837 971 5910 χορηγίας
994 5840 1278 5910 τυγχάνων
1297 5854 1318 5910 f
1355 5835 1525 5896 codex
1559 5849 1615 5896 et
1640 5842 1934 5906 Allatiana,
1965 5842 2052 5898 ἁδ.
2075 5835 2146 5897 ’δὲ

568 5909 667 5979 τῆς
701 5909 920 5978 παρὰ...
954 5908 1232 5967 Ιιιιείίιιιυε
1279 5908 1435 5966 Asin.
1463 5911 1535 5964 22
1571 5928 1584 5965 :
1612 5912 1692 5965 Τὰ
1737 5912 1793 5966 δὲ
1841 5911 2008 5983 ἕτερα
2036 5913 2145 5968 τῶν

2245 5000 2458 5074 σκευῶν
2492 4999 2662 5074 αὐτοῦ
2695 5001 2754 5054 ἐν
2775 5003 2845 5073 τῇ
2873 4975 2985 5074 ὕλῃ.
3005 4999 3273 5072 ἔκρυψαν.
3334 5001 3521 5056 Codex
3556 5001 3711 5068 1310,
3741 5004 3830 5057 αὑ.

2241 5070 2337 5125 τοῦ
2377 5088 2483 5124 που
2511 5073 2641 5127 ἐν...

2315 5143 2430 5215 (2"?)
2453 5141 2662 5215 qodex,
2676 5141 3067 5215 αὐξηθέντων.

2314 5212 2429 5282 (28)
2471 5212 2565 5268 Sic
2587 5212 2784 5268 codex.

2315 5283 2428 5351 (29)
2463 5283 2695 5350 Forsan,
2718 5285 2789 5337 τὰ
2821 5285 2917 5339 δύο
2943 5283 3134 5352 τρίτα.

2456 5352 2664 5425 Qodex,
2695 5356 3026 5425 προσθῆναι.

2322 5422 2436 5494 (51)
2461 5423 2667 5494 Codex,
2695 5422 3004 5494 ὑῲειλμῶν.

2326 5493 2439 5566 (ξε)
2471 5493 2677 5566 Codex,
2707 5493 3040 5566 τολμήσειεν
3073 5494 3318 5548 οἷ’κιον...
3359 5493 3672 5558 ἐξωθεῖσαι.
3725 5496 3845 5550 Mox

2255 5563 2445 5618 malim
2481 5564 2728 5619 scribere
2755 5563 3024 5632 εἰσάγειν.

2321 5632 2434 5705 (35)
2467 5635 2548 5705 lta
2578 5635 2775 5696 codex,
2812 5637 2936 5691 loco
2962 5644 3246 5705 corrupto.

2322 5683 2434 5774 (3&3
2465 5683 2789 5771 ranas:

2320 5774 2432 5915 (55)
2462 5774 2668 5840 Codea,
2681 5779 3055 5847 χρεοποιεῖτε.

2344 5844 2435 5915 56)
2460 5845 2669 5913 Codex,
2711 5845 2939 5911 ἐξεὼσει
2975 5865 3026 5901 τ.

2344 5844 2435 5918 ὅθ)
2460 5845 2669 5918 Codex,
2694 5844 2939 5918 :EEEQO’EI
2975 5865 3026 5901 τ.
3070 5845 3363 5914 είσαγάγει
3396 5845 3453 5899 δὲ
3504 5845 3696 5918 ἓτερον
3750 5851 3845 5901 τοῦ

2249 5914 2530 5984 αὐτοῦ,’ἐν
2561 5915 2703 5972 οίκεί
2739 5933 2953 5986 προκ...
