4088 6532
275 460 389 525 613

1492 454 2079 515 HOMERITARUM
2115 453 2379 515 LEGES.

3464 453 3574 518 614

282 577 374 631 καὶ
407 569 749 642 θορυϐώδης,
790 568 889 623 καὶ
942 568 1123 623 πνέων
1156 568 1432 639 ταραχὴν,
1486 569 1582 620 καὶ
1616 566 1870 636 μισαδελ-

1984 566 2274 621 hominum
2304 566 2522 637 generis
2551 565 2763 632 odium,
2787 567 2873 623 vel
2898 568 2965 622 ad
2991 568 3097 624 alia
3121 569 3383 640 nequitiae
3405 585 3573 641 opera

278 663 470 733 φίανῆ
522 659 727 732 μᾶλλον
763 657 1216 731 μισανθρωπίαν,
1261 656 1344 710 ἐτι
1376 656 1434 709 δὲ
1486 657 1580 711 καὶ
1623 658 1703 719 εἰς
1731 654 1871 709 ἄλλα

276 753 401 807 τινὰ
432 752 525 805 ἐπὶ
555 750 727 821 κακία
776 748 1227 819 προχειρότατος.

347 844 492 913 Κεφ.
524 842 661 897 NH'.
692 840 941 910 Ἐκάστῳ
971 837 1326 910 γειτονιάρχῃ
1353 835 1771 907 προστάττομεν
1805 834 1875 887 τὰ

277 936 336 989 ἐν
360 938 473 999 τοῖς
508 935 680 998 οῐκοις
701 933 965 1002 γινόμενα
985 931 1345 1000 πολυτρόπως
1387 931 1675 983 κατανοεῖν
1702 928 1732 980 ύ
1742 929 1869 997 μᾶς.

278 1025 411 1091 Καὶ,
447 1025 496 1078 εί
534 1024 835 1094 σφάλμα.τὰ
865 1039 988 1075 τινα
1021 1020 1223 1091 μάθετε
1250 1018 1534 1089 γινόμενα,
1567 1017 1873 1088 ἀναφέρετε

277 1116 452 1171 ταῦτα
478 1115 555 1186 τῷ
586 1112 946 1184 οἰκοδεσπότῃ
976 1110 1071 1165 τοῦ
1101 1113 1253 1166 οἴκου
1276 1111 1491 1164 ἐκείνου
1514 1127 1527 1140 ·
1568 1112 1664 1162 καὶ
1698 1125 1876 1179 παρα·

279 1211 470 1282 χρῆμα
521 1208 984 1280 διορθούσθωσαν.
1031 1205 1161 1259 Ἐὰν
1212 1204 1270 1257 δὲ
1318 1202 1636 1276 παρακούη,
1670 1201 1876 1265 εὐθέως

278 1304 410 1374 ἡμῖν
444 1300 605 1353 τοῦτο
630 1300 788 1371 δῆλον
830 1298 920 1352 διὰ
953 1296 1049 1350 τοῦ
1077 1294 1332 1365 ἀρξέτου,
1376 1296 1544 1365 ἦγουν
1572 1293 1668 1348 τοῦ
1698 1293 1874 1364 ἐπάρ-

278 1412 397 1467 χου,
417 1394 661 1465 καταστή
672 1410 819 1446 σατε.

351 1489 494 1556 Κεφ.
528 1485 655 1540 ΝΘ’.
694 1486 809 1549 Πᾶς
845 1483 1134 1557 ἄνθρωπος
1163 1481 1301 1535 δότω
1354 1479 1433 1551 τῷ
1480 1478 1674 1553 οἰκέτῃ
1702 1470 1872 1533 αὑτοῦ

281 1578 605 1651 σύντροφον,
658 1578 751 1631 καὶ
786 1578 814 1630 ό
848 1574 1137 1645 ἐλεύθερος
1193 1572 1359 1626 αὑτοῦ
1400 1575 1586 1643 σχὴτω
1613 1574 1871 1639 γυναῖκα.

281 1670 394 1725 Καὶ
426 1671 548 1731 ταῖς
571 1667 928 1740 θεραπαινίσι
960 1666 1078 1719 δότε
1105 1665 1463 1736 συντρόφους,
1492 1665 1579 1717 ἵνα
1603 1666 1721 1735 ἐρεῖ
1758 1662 1871 1731 (37)

280 1764 512 1825 ἕκαστος
543 1762 643 1831 τὴν
668 1760 866 1814 ἑαυτοῦ
899 1758 1282 1831 παραμυθίαν,
1310 1758 1405 1810 καὶ
1435 1756 1510 1827 μὴ
1541 1757 1871 1827 ἁμαρτάνωο

281 1870 390 1905 σιν.
437 1852 494 1904 '0
523 1851 579 1904 δέ
622 1850 977 1921 παραϐαίνων
1015 1849 1133 1902 τόδε
1160 1847 1221 1901 τὸ
1246 1848 1468 1910 εὐσεϐὲς
1512 1847 1673 1918 ἡμῶν
1702 1847 1872 1916 πρόσ-

1977 660 2213 714 maxime
2243 658 2531 729 proclivis.

2045 836 2178 906 Cap.
2202 835 2386 891 LVIII.
2409 867 2478 876 —
2497 836 2783 907 Quemque
2808 838 3051 910 regionis
3075 838 3392 908 praefectum
3412 837 3573 908 jube-

1977 944 2099 981 mus
2134 944 2257 998 qua:
2294 930 2350 982 in
2388 929 2649 984 domibus
2677 932 2812 985 fiant
2844 930 3033 985 multis
3064 930 3243 985 modis
3277 930 3570 1000 inspicere.

1976 1017 2045 1072 Et
2081 1018 2124 1072 si
2166 1018 2370 1073 delicta
2407 1020 2658 1090 quaedam
2696 1022 3031 1091 cognoscitis
3068 1022 3238 1089 facta,
3268 1023 3470 1077 referte
3507 1037 3572 1076 ea

1975 1109 2122 1165 domi
2163 1110 2313 1165 illius
2351 1111 2510 1177 hero,
2543 1122 2599 1167 et
2633 1114 2926 1169 confestim
2960 1115 3347 1169 emendantor.
3380 1113 3435 1169 Si
3471 1130 3572 1169 vos

1976 1202 2173 1257 audire
2206 1213 2449 1269 recusat,
2483 1206 2741 1276 protinus
2769 1222 2870 1263 nos
2898 1208 3129 1278 hujusce
3159 1207 3239 1262 rei
3269 1222 3370 1277 per
3400 1209 3573 1278 magi-

1974 1305 2230 1363 stratum,
2258 1302 2540 1369 eparchum
2577 1302 2813 1368 scilicet,
2840 1304 3109 1358 certiores
3136 1301 3320 1356 facite.

2046 1475 2179 1545 Cap.
2203 1476 2342 1531 LIX.
2365 1508 2433 1519 —
2456 1478 2650 1544 Quivis
2674 1481 2840 1536 homo
2866 1481 3074 1537 famulo
3100 1498 3203 1537 suo
3231 1483 3324 1537 det
3347 1498 3572 1538 consor-

1975 1576 2109 1634 tem,
2137 1578 2193 1622 et
2222 1570 2367 1624 liber
2395 1570 2598 1625 habeat
2620 1574 2912 1643 conjugem
2943 1589 3121 1628 suam.
3150 1574 3218 1629 Et
3257 1574 3571 1629 famulahus

1974 1660 2101 1716 date
2126 1672 2434 1727 consortes,
2458 1674 2521 1717 ut
2546 1664 2745 1718 habeat
2769 1666 3005 1735 quisque.
3032 1667 3291 1719 solatium
3319 1681 3480 1721 suum
3513 1677 3571 1720 et

1971 1765 2082 1804 non
2122 1760 2373 1820 percent.
2405 1752 2508 1818 Qui
2546 1762 2730 1807 autem
2768 1754 3064 1809 violaverit
3100 1754 3207 1809 hoc
3242 1756 3567 1825 religiosum

1972 1854 2311 1913 praeceptum
2330 1854 2604 1908 nostrum,
2630 1845 2911 1899 auferatur
2932 1847 3000 1899 ab
3025 1862 3093 1901 eo
3118 1862 3313 1900 servus
3346 1848 3566 1911 caelebs,

279 1961 489 2013 ταγμα,
547 1942 893 2013 ἀφαιρείσθω
929 1941 1021 1994 τὸν
1070 1941 1273 2009 ἄζυγον
1342 1938 1584 2007 οἰκέτην,
1634 1939 1728 1991 καὶ
1770 1936 1869 2008 ζη-

1976 1951 2077 2005 pro
2119 1952 2313 2005 pmna,
2341 1947 2395 1991 et
2430 1938 2625 1991 ancilla
2669 1948 2981 1993 consortem
3018 1955 3131 1993 non
3170 1939 3408 2003 habens,
3438 1941 3566 2010 quia

285 2033 531 2104 μιούσθω
590 2034 691 2104 τὴν
748 2033 822 2105 μὴ
870 2033 1100 2103 ἔχουσαν
1152 2030 1452 2101 σύντροφον
1506 2029 1867 2100 θεράπαιναν,

280 2124 364 2177 ὅτι
394 2123 728 2194 πρόσταγμα
782 2122 1059 2193 βασιλείας
1095 2120 1376 2192 ἠκύρωσε,
1433 2120 1528 2174 καὶ
1568 2120 1733 2190 νόμον
1762 2119 1870 2171 τῶν

293 2215 607 2286 ὀμηριτῶν
635 2214 928 2285 ἡθέτησεν.
973 2212 1055 2267 Τὰ
1089 2212 1146 2265 δέ
1185 2210 1575 2283 ἀφαιρούμενα
1624 2210 1872 2264 οἰκετικὰ

282 2308 549 2379 πρόσωπα
566 2307 1067 2379 προσαγαγέτωσαν
1082 2304 1159 2375 τῷ
1170 2304 1379 2375 ταμείῳ
1394 2304 1472 2374 τῷ
1490 2304 1555 2374 βα
1566 2301 1871 2374 σιλικῷ(58)

281 2401 387 2455 ὑπὸ
418 2400 878 2471 μιμνησκομένων
913 2398 1072 2467 llo
1098 2399 1232 2467 ἡμῖν
1264 2396 1398 2469 (59).
1443 2395 1542 2449 καὶ
1575 2394 1872 2464 καθώσπερ

280 2494 654 2565 ἁποφήνωμεν
692 2493 1005 2562 γενήσεται.
1051 2490 1113 2542 El
1166 2489 1223 2541 δέ
1273 2505 1417 2553 τινες
1468 2486 1872 2554 ἀπολογοῦνται

283 2586 610 2657 φάσκοντες,
642 2586 727 2638 ὅτι
764 2602 782 2635 ι
816 2582 997 2653 Πένης
1025 2581 1167 2652 είμὶ,
1212 2580 1368 2650 φησὶ,
1413 2581 1506 2634 καὶ
1535 2580 1597 2632 ού
1630 2578 1871 2648 δύναμαι

279 2677 361 2747 τῷ
409 2676 598 2747 οἰκέτῃ
644 2691 745 2740 μου
800 2670 1122 2739 ὠνήσασθαι
1160 2670 1483 2741 σύντροφον,
1538 2687 1557 2720 ι
1597 2668 1869 2739 προπάτ-

281 2786 467 2832 τοντες
495 2768 678 2831 αὐτοῖς
732 2766 995 2837 λέγομεν·
1046 2764 1108 2816 Εί
1166 2763 1333 2833 πένης
1379 2757 1453 2825 εί,
1487 2760 1743 2831 πώλησον
1772 2760 1867 2815 καὶ

1977 2030 2130 2099 regni
2156 2039 2491 2099 praeceptum
2517 2031 2827 2100 abmgavit,
2851 2032 3367 2101 Ilomeritarumque
3392 2032 3567 2102 legem

1978 2122 2333 2190 contempsit.
2364 2122 2559 2175 Ablata
2590 2133 2773 2175 autem
2803 2122 3076 2191 mancipia
3106 2123 3256 2193 regio
3284 2123 3572 2193 dispensa-

1983 2212 2087 2288 ιοτί
2133 2215 2444 2277 tradantur,
2476 2215 2544 2267 de
2590 2229 2700 2283 quo
2741 2216 2898 2283 prius
2939 2215 3146 2269 mentio
3184 2216 3325 2270 facta
3367 2227 3482 2280 est,
3513 2226 3571 2270 et

1982 2303 2126 2357 sicut
2146 2305 2542 2359 constituimus
2566 2304 2682 2359 fiet.
2700 2304 2857 2370 Quod
2883 2304 2929 2358 si
2958 2306 3212 2360 nonnulli
3241 2308 3571 2377 semetipsos

1981 2396 2288 2451 defendunt
2328 2396 2607 2463 dicentes,
2647 2399 2778 2467 quia
2826 2418 2843 2449 ‹
2877 2400 3097 2469 Pauper
3136 2416 3286 2465 sum,
3323 2402 3429 2466 ait,
3466 2418 3569 2459 nec

1979 2503 2204 2558 possum
2247 2505 2412 2543 servo
2448 2505 2570 2544 meo
2610 2501 2924 2546 consortem
2962 2507 3168 2557 emere,
3208 2512 3226 2543 ι
3270 2494 3571 2563 responde-

1978 2579 2163 2635 bimus
2191 2582 2273 2636 eis
2306 2599 2318 2634 :
2352 2581 2408 2635 Si
2442 2597 2652 2651 pauper
2679 2597 2760 2648 es,
2794 2582 2983 2637 vende
3004 2590 3061 2637 et
3091 2584 3315 2639 unicum
3348 2600 3566 2640 servum

1976 2680 2155 2726 tuum.
2188 2672 2423 2742 Propter
2460 2682 2513 2728 te
2552 2674 2702 2729 enim
2740 2677 3102 2741 commercia,
3130 2694 3251 2746 qua:
3284 2677 3423 2733 fiunt
3451 2681 3567 2733 sin-

1976 2762 2120 2834 gulis
2161 2761 2389 2827 diebus,
2422 2764 2677 2820 lascivire
2716 2780 2828 2820 non
2866 2768 3282 2825 sustinebimus.

284 2864 373 2915 τδν
399 2861 495 2914 ἐνα
519 2876 612 2915 σου
656 2860 907 2931 οἰκέτην*
956 2855 1046 2912 διὰ
1076 2856 1184 2927 γὰρ
1225 2854 1287 2907 σὲ
1350 2854 1449 2918 τὰς
1509 2852 1793 2923 ἐπιμιξίας
1846 2854 1948 2918 τὰς
1985 2853 2108 2908 καθ’
2168 2854 2414 2925 ἑκάστην
2469 2856 2765 2927 γινομένας
2821 2854 2882 2910 οὖ
2936 2858 3232 2930 παρεῶμεν
3295 2862 3565 2931 φρυάττε-

284 2956 413 3008 σθαι
455 2956 593 3011 (40).

398 2973 413 3007 ι
577 2995 593 3011 .

355 2955 608 3117 ῗίειὲῗοέν.
640 3049 767 3113 Τοῖς
798 3046 1149 3119 βουλομένοις
1180 3046 1544 3117 παρθενεύειν
1577 3044 1653 3115 μὴ
1700 3044 1874 3115 ἐμπο-

2047 3042 2179 3113 Cap.
2217 3043 2330 3097 LX.
2363 3075 2431 3083 —
2477 3044 2740 3100 Volentes
2790 3045 2848 3099 in
2898 3046 3213 3115 virginitate
3258 3048 3445 3107 vivere
3494 3069 3563 3108 ne

282 3140 490 3194 δισάτω
531 3159 619 3205 τις
668 3141 805 3214 (41),
835 3142 931 3195 καὶ
963 3142 1077 3204 τοῖς
1128 3139 1475 3211 βουλομένοις
1511 3138 1764 3207 ἁγνεύειν
1795 3135 1870 3208 μὴ

1974 3135 2100 3206 quis
2135 3135 2422 3205 impediat,
2451 3143 2507 3189 et
2542 3136 2853 3191 castitatem
2890 3152 3116 3193 servare
3145 3140 3463 3197 volentibus
3495 3162 3563 3200 ne

285 3233 568 3304 κωλύσητε
596 3234 731 3305 (42).
771 3234 1055 3305 Ἰδιόχειρά
1081 3249 1143 3285 τε
1184 3231 1630 3286 ἀπαιτείσθωσαν
1664 3228 1759 3283 τοῦ
1794 3226 1870 3299 μὴ

1974 3229 2101 3299 quis
2141 3229 2342 3283 obstet.
2382 3228 2760 3297 Requirantur
2796 3230 2866 3284 ab
2907 3230 2975 3285 iis
3014 3231 3393 3303 chirographa:
3432 3252 3562 3306 pro-

283 3326 474 3397 τρόπῳ
526 3326 701 3380 ταῦτα
751 3326 1110 3397 προσομιλεῖν
1144 3323 1206 3389 ἐξ
1258 3323 1626 3396 ὑποκρίσεως,
1679 3322 1737 3373 ἐν
1792 3318 1870 3389 τῷ

1974 3320 2091 3388 pria
2119 3336 2281 3375 manu
2308 3319 2549 3390 scriptae,
2567 3336 2635 3375 ne
2660 3322 2996 3377 veteratorie
3026 3323 3131 3377 hoc
3161 3326 3327 3380 modo
3349 3326 3559 3393 vivant,

283 3418 515 3490 κρυπτῷ
554 3418 611 3471 δὲ
648 3420 875 3488 ἀνομεῖν
923 3418 1017 3472 καὶ
1064 3416 1433 3489 ἁμαρτάνειν⁸
1476 3414 1781 3485 περιεχέτω
1811 3413 1868 3465 δὲ

1974 3412 2028 3467 in
2088 3412 2418 3467 abscondito
2481 3421 2668 3468 autem
2737 3414 3088 3485 iniquitatem
3156 3426 3212 3472 et
3269 3430 3560 3489 peccatum

282 3510 343 3561 τὸ
371 3509 655 3580 ίδιόχειρον
684 3508 864 3563 αὐτῶν
886 3498 1189 3578 κε’φαλικὴν
1213 3506 1509 3578 τιμωρίαν.
1545 3505 1602 3559 '0
1631 3505 1867 3575 δυνάμε-

1974 3502 2193 3559 faciant.
2233 3505 2435 3559 Verum
2477 3521 2546 3559 ex
2588 3506 2954 3577 chirographa
2998 3509 3255 3578 capitalis
3296 3526 3456 3581 paena
3495 3514 3563 3569 iis

283 3618 373 3665 νος
404 3604 602 3673 χωρεῖν
649 3600 919 3672 χωρείτω.
971 3599 1540 3669 Καταλαμϐανὸμενοι
1592 3598 1672 3663 δὲ,
1726 3596 1871 3650 κατὰ

282 3694 345 3748 τὸ
374 3694 663 3766 ίδιόχειρον
695 3694 878 3747 αὐτῶν
904 3694 1351 3764 ύπομενέτωσαν.
1379 3690 1711 3763 Φαρισαίους
1760 3688 1869 3760 γὰρ

282 3786 380 3841 καὶ
428 3787 733 3859 ὑποκριτὰς
776 3789 856 3850 είς
910 3786 1119 3857 Κύριον
1174 3784 1384 3857 Ἰησοῦν
1429 3782 1869 3845 πεπιστευκότας

282 3876 429 3937 εἷναι
482 3882 542 3934 ού
585 3880 910 3953 βουλόμεθα,
958 3878 1359 3950 ἐπισταμένους
1402 3874 1698 3947 ψεύδεσθαι
1750 3872 1871 3943 Θεῴ

282 3975 381 4028 καὶ
422 3974 729 4044 βασιλεῦσι.

358 4068 501 4135 Κεφ.
540 4064 662 4121 ΞΝ.
699 4066 818 4129 Πᾶς
847 4062 1252 4133 γειτονιάρχης,
1298 4061 1357 4125 ὃς
1392 4061 1453 4115 ού
1479 4061 1713 4133 τηρήσει
1750 4058 1868 4112 τόδε

278 4158 443 4229 ἡμῶν
458 4158 523 4211 τὸ
544 4159 658 4229 (45)
687 4158 787 4229 τῆς
819 4156 1099 4228 βασιλείας
1127 4155 1510 4209 θεοκέλευστον
1540 4154 1869 4229 πρόσταγμα

284 4253 432 4321 μετὰ
461 4251 692 4324 τρόμου,
722 4252 817 4305 καὶ
850 4248 1056 4312 αίδοῦς,
1090 4247 1186 4300 καὶ
1226 4245 1538 4309 εὐλαϐείας,
1570 4244 1706 4299 ἀλλὰ
1734 4245 1871 4315 ἀμε-

281 4344 414 4409 λῶν,
451 4346 546 4398 καὶ
574 4344 684 4397 εἴτε
720 4342 916 4414 δώροις
966 4338 1229 4410 παρορῶν
1254 4340 1323 4393 τὰ
1346 4337 1783 4409 ἐγγεγραμμένα
1812 4339 1869 4391 ἐν

281 4437 425 4505 τῷδε
453 4435 609 4507 ἡμῶν
639 4434 717 4505 τῷ
765 4432 1101 4505 προθέματι,
1159 4432 1255 4485 καὶ
1302 4448 1438 4501 φανε
1450 4429 1674 4502 ροποιού
1684 4446 1866 4497 μενος,

285 4528 566 4600 μετέωρον
592 4528 759 4582 αὐτὸν
776 4526 1099 4596 κελεύομεν,
1122 4523 1232 4577 ἀπὸ
1259 4521 1354 4576 τοῦ
1390 4521 1675 4591 εὐωνύμου
1709 4520 1869 4583 ποδὸς

278 4619 526 4682 δεθέντα,
559 4620 794 4691 ἀρθῆναι
826 4620 883 4672 ἐν
910 4617 1062 4688 μέσῳ
1087 4615 1190 4686 τῆς
1220 4616 1427 4685 ἀγορᾶς
1454 4613 1597 4668 κατὰ
1623 4613 1870 4682 κεφαλῆς

280 4712 379 4764 ἐπὶ
406 4710 622 4777 στύλου,
654 4712 823 4780 ἤγουν
854 4709 948 4763 ἐπὶ
976 4708 1136 4770 δοκὸς
1159 4707 1260 4777 τῆς
1286 4704 1528 4770 οίασοῦν,
1565 4708 1659 4759 καὶ
1695 4703 1869 4768 οὕτως

1972 3595 2280 3651 immineat.
2310 3596 2414 3663 Qui
2447 3606 2630 3666 potest
2656 3600 2941 3664 recedere,
2973 3601 3212 3656 recedat.
3244 3602 3346 3669 Qui
3376 3614 3559 3660 autem

1971 3688 2308 3758 deprehensi
2348 3688 2578 3755 fuerint,
2610 3706 2802 3759 pmnas
2848 3692 2901 3745 in
2946 3692 3313 3763 chirographa
3352 3697 3561 3752 edictas

1971 3780 2147 3835 luant.
2180 3781 2489 3836 Pharismos
2527 3783 2675 3836 enim
2714 3791 2770 3837 et
2808 3782 3129 3853 bypocritas
3168 3786 3222 3840 in
3263 3788 3557 3844 Dominum

1969 3872 2155 3927 Iesum
2187 3872 2482 3928 credentes
2510 3889 2633 3929 esse
2664 3874 2951 3941 nolumus,
2981 3875 3221 3933 scientes
3248 3879 3359 3934 Deo
3390 3891 3445 3934 et
3471 3898 3559 3937 re-

1970 3962 2133 4035 gibus
2161 3966 2404 4020 mentiri.

2038 4054 2172 4126 Cap.
2193 4056 2594 4113 LXl.—0mnis
2622 4059 2868 4131 regionis
2888 4061 3203 4132 praefectus,
3228 4065 3322 4133 qui
3348 4066 3559 4136 regium

1974 4146 2209 4213 illud,et
2242 4164 2271 4203 a
2298 4149 2408 4203 Deo
2428 4150 2665 4220 jussum,
2700 4163 3038 4224 praeceptum
3085 4171 3195 4211 non
3242 4156 3560 4213 observabit

1970 4256 2096 4294 cum
2131 4248 2465 4304 tremore,et
2498 4246 2897 4308 reverentia,et
2923 4248 3233 4317 prudentia,
3269 4250 3361 4305 sed
3384 4252 3559 4321 negli-

1970 4345 2123 4400 gens,
2138 4331 2222 4385 vel
2246 4332 2569 4387 muneribus
2585 4337 2847 4404 acceptis,
2862 4352 2983 4406 quze
3015 4339 3219 4409 scripta
3242 4351 3369 4394 sunt
3384 4341 3435 4394 in
3456 4342 3559 4397 hoc

1970 4432 2246 4494 praecepto
2290 4433 2482 4479 nostro
2516 4426 2802 4495 despicere
2849 4438 3183 4498 prtesumet,
3221 4432 3266 4485 si
3306 4434 3561 4503 cognitus

1968 4513 2156 4579 fuerit,
2181 4516 2439 4585 jubemus
2471 4532 2597 4571 eum
2626 4533 2952 4588 suspensum
2972 4562 2985 4585 ,
3018 4522 3243 4576 sinistro
3272 4525 3410 4593 pede
3438 4527 3561 4580 vin-

1969 4616 2142 4669 ctum,
2159 4608 2342 4673 medio
2357 4607 2476 4662 foro
2490 4609 2671 4663 ellerri
2689 4611 2868 4680 capite
2888 4628 3085 4681 prono,
3103 4613 3154 4665 in
3185 4616 3328 4682 palo,
3346 4615 3560 4671 scilicet

1970 4699 2029 4753 in
2065 4701 2220 4754 trabe
2260 4701 2526 4770 qualibet,
2545 4712 2601 4757 et
2621 4703 2701 4758 sic
2733 4704 2903 4773 paleae
2944 4704 3097 4758 fumo
3139 4706 3387 4771 interire,
3416 4718 3477 4762 ut
3503 4718 3559 4762 et

279 4805 390 4857 ὑπὸ
423 4802 630 4875 ἀχύρου
667 4801 1076 4873 καπνιζόμενον
1100 4800 1212 4871 (44)
1238 4799 1554 4862 ἀποθανεῖν,
1586 4798 1673 4851 ἵνα
1699 4796 1795 4851 καὶ
1820 4798 1867 4850 οί

1974 4793 2158 4847 caeteri
2210 4794 2315 4849 hoc
2357 4795 2694 4851 documento
2733 4783 3000 4850 admeniti
3043 4798 3393 4853 erudiantur.
3451 4800 3560 4853 Ex-

284 4897 442 4966 ιιι
476 4896 653 4949 λοιποὶ
676 4894 788 4949 ἀπὸ
808 4893 964 4948 τοῦδε
993 4910 1109 4962 σωφ
1120 4891 1453 4963 ρονιζόμενοι
1480 4890 1867 4945 παιδεύωνται.

282 4992 359 5043 Συ
373 4989 573 5059 μφέρει
605 4988 715 5059 γὰρ
750 4988 838 5042 ῖνα
866 4985 1174 5059 λεπρωθεὶς
1199 4979 1280 5049 εἷς
1310 4984 1502 5056 ἔριφος
1552 4984 1738 5052 ἀρθεὶς
1764 4982 1872 5036 ἀπὸ

276 5083 382 5153 τῆς
408 5082 613 5152 ἀγέλης
657 5080 1044 5151 ἐξολοθρευθῇ,
1076 5079 1173 5133 κα)⁵
1210 5079 1285 5148 μὴ
1315 5078 1465 5131 πᾶσα
1492 5077 1527 5147 ἠ
1564 5075 1733 5144 ἀγέλη
1774 5073 1869 5128 τοῦ

278 5170 564 5240 ποιμνίου,
606 5170 931 5224 λωϐωθεῖσα
965 5170 1076 5240 (45)
1110 5168 1169 5235 ἐξ
1207 5167 1397 5233 αὐτοῦ,
1427 5170 1508 5230 είς
1547 5166 1701 5229 τέλος
1732 5166 1870 5218 ἁπο-

278 5264 463 5334 λῆται.
502 5262 675 5316 Τοῦτο
700 5263 757 5316 δέ
792 5261 1037 5331 γενέσθω
1063 5264 1142 5326 εἰς
1184 5260 1348 5315 αὐτὸν
1378 5258 1535 5331 παρὰ
1562 5257 1656 5312 τοῦ
1692 5258 1869 5329 ύπάρ-

1972 4886 2125 4955 pedit
2157 4888 2304 4940 enim
2334 4887 2645 4943 scabiosum
2681 4889 2894 4943 haedum
2945 4905 3136 4954 unum,
3185 4907 3215 4944 a
3264 4907 3429 4962 grege
3472 4910 3560 4947 se-

1977 4978 2229 5043 ductum,
2284 4980 2493 5044 necari,
2546 4996 2727 5050 neque
2778 4996 2907 5052 grex
2963 4990 3111 5036 totus
3141 4983 3338 5049 ovilis,
3375 4986 3446 5040 ab
3488 5003 3557 5041 eo

1974 5070 2322 5139 inquinatus,
2353 5072 2574 5140 penitus
2599 5073 2872 5127 deleatur.
2907 5074 3022 5129 Hoc
3046 5091 3180 5131 vero
3211 5076 3304 5131 fiat
3342 5079 3400 5133 in
3426 5096 3556 5135 eum

1972 5177 2072 5232 per
2105 5162 2472 5234 hyparchum.
2508 5164 2563 5218 Si
2601 5173 2782 5219 autem
2815 5166 3060 5236 regionis
3093 5169 3413 5238 praefectum
3454 5172 3556 5245 hy-

1974 5256 2213 5327 parchus
2245 5257 2361 5311 haec
2388 5266 2576 5312 nostra
2607 5269 2878 5329 praecepta
2918 5260 3214 5316 violantem
3248 5279 3357 5319 non
3393 5281 3555 5336 poena

1795 5347 2033 5406 ΝΟΤᾹΣ.

352 5445 465 5518 (57)
507 5444 600 5518 Sic
629 5445 822 5518 codex.
869 5445 1082 5518 Sensus
1110 5444 1353 5518 postulat
1385 5445 1503 5518 ἔχῃ.
1540 5444 1703 5499 Ducit
1732 5460 1863 5516 pro-

276 5515 569 5587 nuntiatio
591 5516 657 5570 ad
692 5517 977 5585 proprium
1006 5516 1191 5571 minus
1220 5515 1635 5587 verbumraipﬁ.

353 5584 465 5654 (58)
504 5584 587 5639 Cf.
623 5584 885 5655 p.791,7n.
914 5587 963 5639 l.
1538 5616 1541 5617 ν

321 5655 463 5736 _(59)
494 5656 700 5709 Forsan
730 5657 885 5710 deest
905 5671 1108 5712 nomen
1136 5658 1413 5729 ἐπάρχων,
1445 5657 1529 5711 vel
1561 5673 1869 5726 γειτονιαρ-

313 5742 411 5778 ων.

273 5742 411 5798 χων.

346 5793 461 5865 (40)
494 5795 699 5857 Codex,
734 5796 1115 5865 φριάττεσθαι.

372 5865 461 5937 ll)
498 5865 706 5937 (ξοδεχ,
740 5865 1076 5937 ἐμποδίσητό
1108 5886 1212 5930 τις.

355 5936 468 6005 (42)
498 5935 725 6004 Forsan,
762 5935 1094 6007 κωλύσηται.

2047 5440 2157 5512 (45)
2187 5441 2394 5496 Forsan
2419 5441 2535 5512 τόδε
2560 5441 2621 5494 τὸ
2640 5442 2821 5511 ἡμῶν.
2847 5443 2911 5497 Ni
2936 5446 3160 5500 omnino
3183 5446 3434 5504 deleatur
3454 5450 3515 5503 τό
3540 5468 3553 5479 '

1976 5512 2046 5567 cf.
2079 5529 2131 5580 p.
2169 5513 2290 5575 ll-l,
2323 5512 2374 5576 8,
2407 5511 2501 5565 ubi
2533 5513 2705 5567 codex
2736 5514 2877 5569 male
2907 5517 3065 5569 τῶδε.

2184 5581 2347 5657 _C_onf.
2376 5598 2541 5657 supra
2571 5600 2691 5657 pag.
2728 5585 2815 5649 97,
2857 5598 2889 5638 n
2922 5588 2973 5657 78
2997 5587 3064 5640 ad
3092 5602 3214 5657 cap.
3250 5588 3337 5642 36.

2068 5654 2157 5719 45)
2184 5653 2241 5707 ld
2273 5662 2359 5727 est
2381 5653 2770 5727 lsnpwﬂeiaarf
2802 5656 2947 5711 conf.
2982 5667 3021 5710 ι.
3050 5658 3136 5722 ιν,
3161 5653 3225 5727 ρ.
3250 5658 3376 5722 591,
3405 5676 3461 5714 n.
3503 5660 3551 5713 Ι.

1973 5722 2030 5776 In
2058 5722 2368 5791 proverbio
2400 5725 2577 5799 fertur
2625 5725 2930 5799 scabiOsam
2973 5742 3128 5799 ovem
3159 5722 3333 5799 totum
3367 5730 3553 5799 inqui-

1972 5808 2103 5916 pg‘re
2130 5809 2354 5916 grphgern
2375 5794 2494 5919 ;6de
2530 5811 2640 5867 quo
2673 5795 2886 5853 Schott.
2920 5797 2974 5851 in
3015 5798 3261 5869 Adagial.
3292 5794 3457 5855 sacrf
3482 5801 3551 5855 ad

2044 5880 2181 5917 .orm
2259 5906 2270 5919 .
2304 5882 2354 5919 v.
2425 5907 2437 5919 .

2044 5880 2270 5919 .orintn.
2304 5882 2354 5932 γ,
2385 5880 2437 5921 υ.
