  <div class='ocr_page' id='page_1' title='image "/cluster/home/n/w/nwhite01/storage/ocr_20150623/86:1/hvd.32044019208909/315.png"; bbox 0 0 4088 6528; ppageno 0'>
   <div class='ocr_carea' id='block_1_1' title="bbox 494 439 601 511">
    <p class='ocr_par' dir='ltr' id='par_1_1' title="bbox 494 439 601 511">
     <span class='ocr_line' id='line_1_1' title="bbox 494 439 601 511; baseline -0.009 0"><span class='ocrx_word' id='word_1_1' title='bbox 494 439 601 511; x_wconf 78' lang='lat'><strong>615</strong></span> 
     </span>
    </p>
   </div>
   <div class='ocr_carea' id='block_1_2' title="bbox 1465 439 2826 509">
    <p class='ocr_par' dir='ltr' id='par_1_2' title="bbox 1465 439 2826 509">
     <span class='ocr_line' id='line_1_2' title="bbox 1465 439 2826 509; baseline 0.007 -9"><span class='ocrx_word' id='word_1_2' title='bbox 1465 441 1525 501; x_wconf 92' lang='lat' dir='ltr'><strong>S.</strong></span> <span class='ocrx_word' id='word_1_3' title='bbox 1555 439 1980 501; x_wconf 82' lang='lat' dir='ltr'><strong>GREGENTII</strong></span> <span class='ocrx_word' id='word_1_4' title='bbox 2020 440 2256 506; x_wconf 88' lang='lat' dir='ltr'><strong>EPISC.</strong></span> <span class='ocrx_word' id='word_1_5' title='bbox 2296 444 2826 509; x_wconf 83' lang='lat' dir='ltr'><strong>TAPHARENSIS</strong></span> 
     </span>
    </p>
   </div>
   <div class='ocr_carea' id='block_1_3' title="bbox 3658 460 3762 528">
    <p class='ocr_par' dir='ltr' id='par_1_3' title="bbox 3658 460 3762 528">
     <span class='ocr_line' id='line_1_3' title="bbox 3658 460 3762 528; baseline 0.048 -5"><span class='ocrx_word' id='word_1_6' title='bbox 3658 460 3762 528; x_wconf 72' lang='grc'><strong>816</strong></span> 
     </span>
    </p>
   </div>
   <div class='ocr_carea' id='block_1_4' title="bbox 493 553 2076 638">
    <p class='ocr_par' dir='ltr' id='par_1_4' title="bbox 493 553 2075 629">
     <span class='ocr_line' id='line_1_4' title="bbox 493 553 2075 629; baseline -0.006 -13"><span class='ocrx_word' id='word_1_7' title='bbox 493 558 764 624; x_wconf 78' lang='lat' dir='ltr'><strong>alfecerit,</strong></span> <span class='ocrx_word' id='word_1_8' title='bbox 796 571 979 629; x_wconf 89' lang='lat' dir='ltr'><strong>neque</strong></span> <span class='ocrx_word' id='word_1_9' title='bbox 1007 564 1343 627; x_wconf 74' lang='lat' dir='ltr'><strong>exsequatur</strong></span> <span class='ocrx_word' id='word_1_10' title='bbox 1367 554 1424 610; x_wconf 85' lang='lat' dir='ltr'><strong>in</strong></span> <span class='ocrx_word' id='word_1_11' title='bbox 1447 569 1576 610; x_wconf 92' lang='lat' dir='ltr'><strong>eum</strong></span> <span class='ocrx_word' id='word_1_12' title='bbox 1613 554 1719 610; x_wconf 92' lang='lat' dir='ltr'><strong>boc</strong></span> <span class='ocrx_word' id='word_1_13' title='bbox 1761 553 2075 624; x_wconf 89' lang='lat' dir='ltr'><strong>piissimum</strong></span> 
     </span>
    </p>
   </div>
   <div class='ocr_carea' id='block_1_5' title="bbox 2172 553 3761 638">
    <p class='ocr_par' dir='ltr' id='par_1_5' title="bbox 2180 558 3761 638">
     <span class='ocr_line' id='line_1_5' title="bbox 2180 558 3761 638; baseline 0.01 -29"><span class='ocrx_word' id='word_1_14' title='bbox 2180 573 2300 628; x_wconf 88' lang='grc' dir='ltr'>χου.</span> <span class='ocrx_word' id='word_1_15' title='bbox 2341 558 2465 612; x_wconf 84' lang='grc' dir='ltr'><strong>Ἑάν</strong></span> <span class='ocrx_word' id='word_1_16' title='bbox 2495 559 2554 612; x_wconf 82' lang='grc' dir='ltr'>δὲ</span> <span class='ocrx_word' id='word_1_17' title='bbox 2586 560 2678 614; x_wconf 85' lang='grc' dir='ltr'>τὸν</span> <span class='ocrx_word' id='word_1_18' title='bbox 2734 561 3121 636; x_wconf 84' lang='grc' dir='ltr'>γειτονιάρχην</span> <span class='ocrx_word' id='word_1_19' title='bbox 3151 567 3179 618; x_wconf 92' lang='lat'><strong>6</strong></span> <span class='ocrx_word' id='word_1_20' title='bbox 3208 564 3456 638; x_wconf 72' lang='grc' dir='ltr'>ὕπαρχος</span> <span class='ocrx_word' id='word_1_21' title='bbox 3492 569 3666 624; x_wconf 84' lang='grc' dir='ltr'>ταῦτα</span> <span class='ocrx_word' id='word_1_22' title='bbox 3693 573 3761 625; x_wconf 83' lang='grc' dir='ltr'><strong>τά</strong></span> 
     </span>
    </p>
   </div>
   <div class='ocr_carea' id='block_1_6' title="bbox 486 651 2073 724">
    <p class='ocr_par' dir='ltr' id='par_1_6' title="bbox 486 651 2073 724">
     <span class='ocr_line' id='line_1_6' title="bbox 486 651 2073 724; baseline -0.005 -17"><span class='ocrx_word' id='word_1_23' title='bbox 486 651 966 724; x_wconf 87' lang='lat' dir='ltr'><strong>justissimumque</strong></span> <span class='ocrx_word' id='word_1_24' title='bbox 1017 659 1349 719; x_wconf 63' lang='lat' dir='ltr'><strong>praeceptum</strong></span> <span class='ocrx_word' id='word_1_25' title='bbox 1397 655 1668 709; x_wconf 90' lang='lat' dir='ltr'><strong>nostrum,</strong></span> <span class='ocrx_word' id='word_1_26' title='bbox 1731 659 2073 715; x_wconf 57' lang='lat' dir='ltr'><strong>quascunque</strong></span> 
     </span>
    </p>
   </div>
   <div class='ocr_carea' id='block_1_7' title="bbox 495 736 2070 814">
    <p class='ocr_par' dir='ltr' id='par_1_7' title="bbox 495 736 2070 814">
     <span class='ocr_line' id='line_1_7' title="bbox 495 736 2070 814; baseline -0.005 -15"><span class='ocrx_word' id='word_1_27' title='bbox 495 745 601 799; x_wconf 88' lang='lat' dir='ltr'><strong>iste</strong></span> <span class='ocrx_word' id='word_1_28' title='bbox 668 756 931 814; x_wconf 82' lang='lat' dir='ltr'><strong>passurus</strong></span> <span class='ocrx_word' id='word_1_29' title='bbox 991 739 1222 804; x_wconf 78' lang='lat' dir='ltr'><strong>fuisset,</strong></span> <span class='ocrx_word' id='word_1_30' title='bbox 1255 739 1372 808; x_wconf 90' lang='lat' dir='ltr'><strong>ipse</strong></span> <span class='ocrx_word' id='word_1_31' title='bbox 1422 737 1664 808; x_wconf 89' lang='lat' dir='ltr'><strong>patiatur</strong></span> <span class='ocrx_word' id='word_1_32' title='bbox 1731 736 2070 807; x_wconf 80' lang='lat' dir='ltr'><strong>byparcbus,</strong></span> 
     </span>
    </p>
   </div>
   <div class='ocr_carea' id='block_1_8' title="bbox 495 828 1978 900">
    <p class='ocr_par' dir='ltr' id='par_1_8' title="bbox 495 828 1978 900">
     <span class='ocr_line' id='line_1_8' title="bbox 495 828 1978 900; baseline -0.007 -9"><span class='ocrx_word' id='word_1_33' title='bbox 495 833 942 890; x_wconf 75' lang='lat' dir='ltr'><strong>mansuetudinis</strong></span> <span class='ocrx_word' id='word_1_34' title='bbox 973 839 1179 887; x_wconf 63' lang='lat' dir='ltr'><strong>nostra</strong></span> <span class='ocrx_word' id='word_1_35' title='bbox 1202 829 1640 900; x_wconf 76' lang='lat' dir='ltr'><strong>indignationem</strong></span> <span class='ocrx_word' id='word_1_36' title='bbox 1665 828 1978 883; x_wconf 85' lang='lat' dir='ltr'><strong>incurrens.</strong></span> 
     </span>
    </p>
   </div>
   <div class='ocr_carea' id='block_1_9' title="bbox 563 1097 2080 1173">
    <p class='ocr_par' dir='ltr' id='par_1_9' title="bbox 563 1097 2080 1173">
     <span class='ocr_line' id='line_1_9' title="bbox 563 1097 2080 1173; baseline -0.004 -14"><span class='ocrx_word' id='word_1_37' title='bbox 563 1103 696 1173; x_wconf 85' lang='lat' dir='ltr'><strong>Cap.</strong></span> <span class='ocrx_word' id='word_1_38' title='bbox 730 1101 893 1156; x_wconf 82' lang='lat' dir='ltr'><strong>LXII.</strong></span> <span class='ocrx_word' id='word_1_39' title='bbox 922 1131 992 1142; x_wconf 89' lang='lat'><strong>—</strong></span> <span class='ocrx_word' id='word_1_40' title='bbox 1022 1099 1323 1157; x_wconf 66' lang='lat' dir='ltr'><strong>Praefectus</strong></span> <span class='ocrx_word' id='word_1_41' title='bbox 1365 1099 1601 1169; x_wconf 90' lang='lat' dir='ltr'><strong>quisque</strong></span> <span class='ocrx_word' id='word_1_42' title='bbox 1629 1097 1684 1152; x_wconf 94' lang='lat' dir='ltr'><strong>in</strong></span> <span class='ocrx_word' id='word_1_43' title='bbox 1710 1097 1942 1153; x_wconf 87' lang='lat' dir='ltr'><strong>ditionis</strong></span> <span class='ocrx_word' id='word_1_44' title='bbox 1963 1113 2080 1154; x_wconf 67' lang='lat' dir='ltr'><strong>suae</strong></span> 
     </span>
    </p>
   </div>
   <div class='ocr_carea' id='block_1_10' title="bbox 496 1189 2077 1266">
    <p class='ocr_par' dir='ltr' id='par_1_10' title="bbox 496 1189 2077 1266">
     <span class='ocr_line' id='line_1_10' title="bbox 496 1189 2077 1266; baseline -0.003 -18"><span class='ocrx_word' id='word_1_45' title='bbox 496 1195 723 1266; x_wconf 78' lang='lat' dir='ltr'><strong>regione</strong></span> <span class='ocrx_word' id='word_1_46' title='bbox 757 1192 1160 1264; x_wconf 76' lang='lat' dir='ltr'><strong>negotiationes</strong></span> <span class='ocrx_word' id='word_1_47' title='bbox 1193 1190 1368 1247; x_wconf 88' lang='lat' dir='ltr'><strong>factas</strong></span> <span class='ocrx_word' id='word_1_48' title='bbox 1393 1191 1688 1261; x_wconf 79' lang='lat' dir='ltr'><strong>diligenter</strong></span> <span class='ocrx_word' id='word_1_49' title='bbox 1708 1189 1986 1260; x_wconf 86' lang='lat' dir='ltr'><strong>inspiciat,</strong></span> <span class='ocrx_word' id='word_1_50' title='bbox 2014 1196 2077 1244; x_wconf 86' lang='lat' dir='ltr'><strong>ut</strong></span> 
     </span>
    </p>
   </div>
   <div class='ocr_carea' id='block_1_11' title="bbox 491 1282 2076 1358">
    <p class='ocr_par' dir='ltr' id='par_1_11' title="bbox 491 1282 2076 1358">
     <span class='ocr_line' id='line_1_11' title="bbox 491 1282 2076 1358; baseline -0.001 -18"><span class='ocrx_word' id='word_1_51' title='bbox 491 1287 641 1358; x_wconf 88' lang='lat' dir='ltr'><strong>juste</strong></span> <span class='ocrx_word' id='word_1_52' title='bbox 677 1286 830 1340; x_wconf 81' lang='lat' dir='ltr'><strong>fiant.</strong></span> <span class='ocrx_word' id='word_1_53' title='bbox 854 1284 1118 1356; x_wconf 87' lang='lat' dir='ltr'><strong>Inspiciat</strong></span> <span class='ocrx_word' id='word_1_54' title='bbox 1146 1284 1288 1350; x_wconf 88' lang='lat' dir='ltr'><strong>fora,</strong></span> <span class='ocrx_word' id='word_1_55' title='bbox 1312 1282 1592 1354; x_wconf 90' lang='lat' dir='ltr'><strong>quomodo</strong></span> <span class='ocrx_word' id='word_1_56' title='bbox 1618 1298 1649 1337; x_wconf 91' lang='lat' dir='ltr'><strong>a</strong></span> <span class='ocrx_word' id='word_1_57' title='bbox 1671 1283 2076 1339; x_wconf 86' lang='lat' dir='ltr'><strong>mercatoribus</strong></span> 
     </span>
    </p>
   </div>
   <div class='ocr_carea' id='block_1_12' title="bbox 497 1373 2072 1445">
    <p class='ocr_par' dir='ltr' id='par_1_12' title="bbox 497 1373 2072 1445">
     <span class='ocr_line' id='line_1_12' title="bbox 497 1373 2072 1445; baseline -0.001 -13"><span class='ocrx_word' id='word_1_58' title='bbox 497 1376 806 1432; x_wconf 83' lang='lat' dir='ltr'><strong>vendantur</strong></span> <span class='ocrx_word' id='word_1_59' title='bbox 834 1391 1076 1442; x_wconf 88' lang='lat' dir='ltr'><strong>merces;</strong></span> <span class='ocrx_word' id='word_1_60' title='bbox 1104 1385 1269 1445; x_wconf 89' lang='lat' dir='ltr'><strong>atque</strong></span> <span class='ocrx_word' id='word_1_61' title='bbox 1294 1374 1568 1444; x_wconf 90' lang='lat' dir='ltr'><strong>imprimis</strong></span> <span class='ocrx_word' id='word_1_62' title='bbox 1589 1375 1684 1444; x_wconf 86' lang='lat' dir='ltr'><strong>qui</strong></span> <span class='ocrx_word' id='word_1_63' title='bbox 1701 1373 1950 1428; x_wconf 87' lang='lat' dir='ltr'><strong>vendunt</strong></span> <span class='ocrx_word' id='word_1_64' title='bbox 1969 1375 2072 1441; x_wconf 87' lang='lat' dir='ltr'><strong>eis,</strong></span> 
     </span>
    </p>
   </div>
   <div class='ocr_carea' id='block_1_13' title="bbox 493 1467 2074 1538">
    <p class='ocr_par' dir='ltr' id='par_1_13' title="bbox 493 1467 2074 1538">
     <span class='ocr_line' id='line_1_13' title="bbox 493 1467 2074 1538; baseline -0.001 -15"><span class='ocrx_word' id='word_1_65' title='bbox 493 1467 671 1524; x_wconf 82' lang='lat' dir='ltr'><strong>exteri</strong></span> <span class='ocrx_word' id='word_1_66' title='bbox 703 1467 918 1524; x_wconf 86' lang='lat' dir='ltr'><strong>scilicet</strong></span> <span class='ocrx_word' id='word_1_67' title='bbox 949 1475 1310 1531; x_wconf 86' lang='lat' dir='ltr'><strong>mercatores,</strong></span> <span class='ocrx_word' id='word_1_68' title='bbox 1355 1467 1752 1537; x_wconf 83' lang='lat' dir='ltr'><strong>dispiciantur;</strong></span> <span class='ocrx_word' id='word_1_69' title='bbox 1796 1473 1963 1538; x_wconf 90' lang='lat' dir='ltr'><strong>atque</strong></span> <span class='ocrx_word' id='word_1_70' title='bbox 1996 1467 2074 1523; x_wconf 89' lang='lat' dir='ltr'><strong>ita</strong></span> 
     </span>
    </p>
   </div>
   <div class='ocr_carea' id='block_1_14' title="bbox 494 1557 2075 1628">
    <p class='ocr_par' dir='ltr' id='par_1_14' title="bbox 494 1557 2075 1628">
     <span class='ocr_line' id='line_1_14' title="bbox 494 1557 2075 1628; baseline 0.001 -16"><span class='ocrx_word' id='word_1_71' title='bbox 494 1557 802 1613; x_wconf 89' lang='lat' dir='ltr'><strong>secundum</strong></span> <span class='ocrx_word' id='word_1_72' title='bbox 830 1566 1037 1613; x_wconf 87' lang='lat' dir='ltr'><strong>rectam</strong></span> <span class='ocrx_word' id='word_1_73' title='bbox 1055 1557 1324 1628; x_wconf 85' lang='lat' dir='ltr'><strong>justitiam</strong></span> <span class='ocrx_word' id='word_1_74' title='bbox 1349 1572 1564 1613; x_wconf 90' lang='lat' dir='ltr'><strong>merces</strong></span> <span class='ocrx_word' id='word_1_75' title='bbox 1595 1557 1931 1612; x_wconf 85' lang='lat' dir='ltr'><strong>vendantur.</strong></span> <span class='ocrx_word' id='word_1_76' title='bbox 1959 1557 2075 1614; x_wconf 72' lang='lat' dir='ltr'><strong>Sa:-</strong></span> 
     </span>
    </p>
   </div>
   <div class='ocr_carea' id='block_1_15' title="bbox 494 1648 2077 1722">
    <p class='ocr_par' dir='ltr' id='par_1_15' title="bbox 494 1648 2077 1722">
     <span class='ocr_line' id='line_1_15' title="bbox 494 1648 2077 1722; baseline -0.001 -16"><span class='ocrx_word' id='word_1_77' title='bbox 494 1651 622 1722; x_wconf 89' lang='lat' dir='ltr'><strong>pius</strong></span> <span class='ocrx_word' id='word_1_78' title='bbox 671 1650 820 1705; x_wconf 90' lang='lat' dir='ltr'><strong>enim</strong></span> <span class='ocrx_word' id='word_1_79' title='bbox 871 1664 1072 1721; x_wconf 90' lang='lat' dir='ltr'><strong>magno</strong></span> <span class='ocrx_word' id='word_1_80' title='bbox 1116 1648 1330 1719; x_wconf 91' lang='lat' dir='ltr'><strong>pretio,</strong></span> <span class='ocrx_word' id='word_1_81' title='bbox 1382 1648 1582 1718; x_wconf 68' lang='lat' dir='ltr'><strong>saepius</strong></span> <span class='ocrx_word' id='word_1_82' title='bbox 1635 1663 1827 1718; x_wconf 90' lang='lat' dir='ltr'><strong>parvo,</strong></span> <span class='ocrx_word' id='word_1_83' title='bbox 1875 1648 2077 1719; x_wconf 60' lang='lat' dir='ltr'><strong>sa&#39;pius</strong></span> 
     </span>
    </p>
   </div>
   <div class='ocr_carea' id='block_1_16' title="bbox 495 1739 2077 1811">
    <p class='ocr_par' dir='ltr' id='par_1_16' title="bbox 495 1739 2077 1811">
     <span class='ocr_line' id='line_1_16' title="bbox 495 1739 2077 1811; baseline -0.001 -15"><span class='ocrx_word' id='word_1_84' title='bbox 495 1741 761 1798; x_wconf 89' lang='lat' dir='ltr'><strong>mediocri</strong></span> <span class='ocrx_word' id='word_1_85' title='bbox 808 1750 1022 1797; x_wconf 90' lang='lat' dir='ltr'><strong>emunt.</strong></span> <span class='ocrx_word' id='word_1_86' title='bbox 1078 1740 1140 1796; x_wconf 89' lang='lat' dir='ltr'><strong>In</strong></span> <span class='ocrx_word' id='word_1_87' title='bbox 1193 1740 1314 1796; x_wconf 91' lang='lat' dir='ltr'><strong>foro</strong></span> <span class='ocrx_word' id='word_1_88' title='bbox 1350 1741 1532 1795; x_wconf 83' lang='lat' dir='ltr'><strong>omnia</strong></span> <span class='ocrx_word' id='word_1_89' title='bbox 1577 1741 1727 1811; x_wconf 87' lang='lat' dir='ltr'><strong>justo</strong></span> <span class='ocrx_word' id='word_1_90' title='bbox 1763 1739 1945 1810; x_wconf 80' lang='lat' dir='ltr'><strong>pretio</strong></span> <span class='ocrx_word' id='word_1_91' title='bbox 1983 1755 2077 1794; x_wconf 90' lang='lat' dir='ltr'><strong>ve-</strong></span> 
     </span>
    </p>
   </div>
   <div class='ocr_carea' id='block_1_17' title="bbox 493 1829 2077 1902">
    <p class='ocr_par' dir='ltr' id='par_1_17' title="bbox 493 1829 2077 1902">
     <span class='ocr_line' id='line_1_17' title="bbox 493 1829 2077 1902; baseline -0.002 -15"><span class='ocrx_word' id='word_1_92' title='bbox 493 1839 684 1896; x_wconf 88' lang='lat' dir='ltr'><strong>neant,</strong></span> <span class='ocrx_word' id='word_1_93' title='bbox 718 1839 779 1886; x_wconf 93' lang='lat' dir='ltr'><strong>ut</strong></span> <span class='ocrx_word' id='word_1_94' title='bbox 807 1846 987 1902; x_wconf 90' lang='lat' dir='ltr'><strong>neque</strong></span> <span class='ocrx_word' id='word_1_95' title='bbox 1020 1830 1278 1886; x_wconf 86' lang='lat' dir='ltr'><strong>venditor</strong></span> <span class='ocrx_word' id='word_1_96' title='bbox 1309 1830 1382 1886; x_wconf 90' lang='lat' dir='ltr'><strong>sit</strong></span> <span class='ocrx_word' id='word_1_97' title='bbox 1409 1831 1529 1886; x_wconf 88' lang='lat' dir='ltr'><strong>sine</strong></span> <span class='ocrx_word' id='word_1_98' title='bbox 1562 1829 1738 1895; x_wconf 91' lang='lat' dir='ltr'><strong>lucro,</strong></span> <span class='ocrx_word' id='word_1_99' title='bbox 1769 1845 1948 1902; x_wconf 92' lang='lat' dir='ltr'><strong>neque</strong></span> <span class='ocrx_word' id='word_1_100' title='bbox 1980 1845 2077 1900; x_wconf 87' lang='lat' dir='ltr'><strong>pa-</strong></span> 
     </span>
    </p>
   </div>
   <div class='ocr_carea' id='block_1_18' title="bbox 496 1923 1157 1994">
    <p class='ocr_par' dir='ltr' id='par_1_18' title="bbox 496 1923 1157 1994">
     <span class='ocr_line' id='line_1_18' title="bbox 496 1923 1157 1994; baseline -0.003 -16"><span class='ocrx_word' id='word_1_101' title='bbox 496 1923 631 1979; x_wconf 86' lang='lat' dir='ltr'><strong>riter</strong></span> <span class='ocrx_word' id='word_1_102' title='bbox 660 1931 879 1994; x_wconf 90' lang='lat' dir='ltr'><strong>emptor</strong></span> <span class='ocrx_word' id='word_1_103' title='bbox 908 1923 1157 1979; x_wconf 68' lang='lat' dir='ltr'><strong>laedatur.</strong></span> 
     </span>
    </p>
   </div>
   <div class='ocr_carea' id='block_1_19' title="bbox 562 2212 2072 2286">
    <p class='ocr_par' dir='ltr' id='par_1_19' title="bbox 562 2212 2072 2286">
     <span class='ocr_line' id='line_1_19' title="bbox 562 2212 2072 2286; baseline -0.001 -15"><span class='ocrx_word' id='word_1_104' title='bbox 562 2214 695 2286; x_wconf 88' lang='lat' dir='ltr'><strong>Cap.</strong></span> <span class='ocrx_word' id='word_1_105' title='bbox 721 2213 905 2270; x_wconf 82' lang='lat' dir='ltr'><strong>LXIII.</strong></span> <span class='ocrx_word' id='word_1_106' title='bbox 945 2243 1014 2254; x_wconf 90' lang='lat'><strong>—</strong></span> <span class='ocrx_word' id='word_1_107' title='bbox 1041 2212 1308 2280; x_wconf 86' lang='lat' dir='ltr'><strong>Quemvis</strong></span> <span class='ocrx_word' id='word_1_108' title='bbox 1335 2213 1601 2269; x_wconf 83' lang='lat' dir='ltr'><strong>liniﬁcem</strong></span> <span class='ocrx_word' id='word_1_109' title='bbox 1637 2224 1735 2269; x_wconf 93' lang='lat' dir='ltr'><strong>aut</strong></span> <span class='ocrx_word' id='word_1_110' title='bbox 1778 2223 2072 2282; x_wconf 85' lang='lat' dir='ltr'><strong>textorem,</strong></span> 
     </span>
    </p>
   </div>
   <div class='ocr_carea' id='block_1_20' title="bbox 495 2305 2073 2380">
    <p class='ocr_par' dir='ltr' id='par_1_20' title="bbox 495 2305 2073 2380">
     <span class='ocr_line' id='line_1_20' title="bbox 495 2305 2073 2380; baseline -0.001 -17"><span class='ocrx_word' id='word_1_111' title='bbox 495 2308 750 2380; x_wconf 84' lang='lat' dir='ltr'><strong>quemvis</strong></span> <span class='ocrx_word' id='word_1_112' title='bbox 776 2307 1030 2378; x_wconf 82' lang='lat' dir='ltr'><strong>opiﬁcem</strong></span> <span class='ocrx_word' id='word_1_113' title='bbox 1081 2305 1324 2377; x_wconf 84' lang='lat' dir='ltr'><strong>cujusvis</strong></span> <span class='ocrx_word' id='word_1_114' title='bbox 1353 2305 1510 2370; x_wconf 89' lang='lat' dir='ltr'><strong>artis,</strong></span> <span class='ocrx_word' id='word_1_115' title='bbox 1538 2315 1728 2360; x_wconf 86' lang='lat' dir='ltr'><strong>sancta</strong></span> <span class='ocrx_word' id='word_1_116' title='bbox 1764 2307 2073 2372; x_wconf 88' lang='lat' dir='ltr'><strong>Dominica,</strong></span> 
     </span>
    </p>
   </div>
   <div class='ocr_carea' id='block_1_21' title="bbox 497 2397 2076 2468">
    <p class='ocr_par' dir='ltr' id='par_1_21' title="bbox 497 2397 2076 2468">
     <span class='ocr_line' id='line_1_21' title="bbox 497 2397 2076 2468; baseline -0.002 -13"><span class='ocrx_word' id='word_1_117' title='bbox 497 2415 568 2455; x_wconf 90' lang='lat' dir='ltr'><strong>ne</strong></span> <span class='ocrx_word' id='word_1_118' title='bbox 589 2400 754 2454; x_wconf 90' lang='lat' dir='ltr'><strong>unius</strong></span> <span class='ocrx_word' id='word_1_119' title='bbox 783 2399 1007 2468; x_wconf 89' lang='lat' dir='ltr'><strong>quidem</strong></span> <span class='ocrx_word' id='word_1_120' title='bbox 1039 2397 1224 2467; x_wconf 79' lang='lat' dir='ltr'><strong>capilli</strong></span> <span class='ocrx_word' id='word_1_121' title='bbox 1253 2413 1392 2468; x_wconf 89' lang='lat' dir='ltr'><strong>opus</strong></span> <span class='ocrx_word' id='word_1_122' title='bbox 1415 2397 1678 2453; x_wconf 91' lang='lat' dir='ltr'><strong>inchoare</strong></span> <span class='ocrx_word' id='word_1_123' title='bbox 1710 2413 1820 2452; x_wconf 91' lang='lat' dir='ltr'><strong>non</strong></span> <span class='ocrx_word' id='word_1_124' title='bbox 1846 2399 2076 2468; x_wconf 88' lang='lat' dir='ltr'><strong>permit-</strong></span> 
     </span>
    </p>
   </div>
   <div class='ocr_carea' id='block_1_22' title="bbox 498 2488 2080 2562">
    <p class='ocr_par' dir='ltr' id='par_1_22' title="bbox 498 2488 2080 2562">
     <span class='ocr_line' id='line_1_22' title="bbox 498 2488 2080 2562; baseline -0.001 -15"><span class='ocrx_word' id='word_1_125' title='bbox 498 2492 686 2548; x_wconf 90' lang='lat' dir='ltr'><strong>timus.</strong></span> <span class='ocrx_word' id='word_1_126' title='bbox 723 2490 778 2545; x_wconf 88' lang='lat' dir='ltr'><strong>Si</strong></span> <span class='ocrx_word' id='word_1_127' title='bbox 801 2491 927 2561; x_wconf 93' lang='lat' dir='ltr'><strong>quis</strong></span> <span class='ocrx_word' id='word_1_128' title='bbox 974 2490 1082 2544; x_wconf 92' lang='lat' dir='ltr'><strong>hoc</strong></span> <span class='ocrx_word' id='word_1_129' title='bbox 1125 2488 1338 2546; x_wconf 79' lang='lat' dir='ltr'><strong>faciens</strong></span> <span class='ocrx_word' id='word_1_130' title='bbox 1364 2489 1747 2560; x_wconf 88' lang='lat' dir='ltr'><strong>deprehensus</strong></span> <span class='ocrx_word' id='word_1_131' title='bbox 1775 2489 1963 2555; x_wconf 89' lang='lat' dir='ltr'><strong>fuerit,</strong></span> <span class='ocrx_word' id='word_1_132' title='bbox 1989 2491 2080 2562; x_wconf 85' lang='lat' dir='ltr'><strong>ju-</strong></span> 
     </span>
    </p>
   </div>
   <div class='ocr_carea' id='block_1_23' title="bbox 497 2582 2078 2655">
    <p class='ocr_par' dir='ltr' id='par_1_23' title="bbox 497 2582 2078 2655">
     <span class='ocr_line' id='line_1_23' title="bbox 497 2582 2078 2655; baseline 0 -15"><span class='ocrx_word' id='word_1_133' title='bbox 497 2587 693 2641; x_wconf 87' lang='lat' dir='ltr'><strong>bemus</strong></span> <span class='ocrx_word' id='word_1_134' title='bbox 725 2583 778 2638; x_wconf 92' lang='lat' dir='ltr'><strong>in</strong></span> <span class='ocrx_word' id='word_1_135' title='bbox 809 2582 994 2638; x_wconf 89' lang='lat' dir='ltr'><strong>medio</strong></span> <span class='ocrx_word' id='word_1_136' title='bbox 1025 2582 1144 2638; x_wconf 91' lang='lat' dir='ltr'><strong>foro</strong></span> <span class='ocrx_word' id='word_1_137' title='bbox 1164 2591 1222 2638; x_wconf 91' lang='lat' dir='ltr'><strong>et</strong></span> <span class='ocrx_word' id='word_1_138' title='bbox 1249 2597 1392 2655; x_wconf 89' lang='lat' dir='ltr'><strong>opus</strong></span> <span class='ocrx_word' id='word_1_139' title='bbox 1415 2584 1536 2655; x_wconf 89' lang='lat' dir='ltr'><strong>ejus</strong></span> <span class='ocrx_word' id='word_1_140' title='bbox 1562 2590 1621 2639; x_wconf 86' lang='lat' dir='ltr'><strong>et</strong></span> <span class='ocrx_word' id='word_1_141' title='bbox 1655 2585 1840 2655; x_wconf 90' lang='lat' dir='ltr'><strong>operis</strong></span> <span class='ocrx_word' id='word_1_142' title='bbox 1870 2585 2078 2640; x_wconf 91' lang='lat' dir='ltr'><strong>instru-</strong></span> 
     </span>
    </p>
   </div>
   <div class='ocr_carea' id='block_1_24' title="bbox 498 2674 1060 2749">
    <p class='ocr_par' dir='ltr' id='par_1_24' title="bbox 498 2674 1060 2749">
     <span class='ocr_line' id='line_1_24' title="bbox 498 2674 1060 2749; baseline -0.007 -15"><span class='ocrx_word' id='word_1_143' title='bbox 498 2686 682 2735; x_wconf 85' lang='lat' dir='ltr'><strong>menta</strong></span> <span class='ocrx_word' id='word_1_144' title='bbox 716 2677 840 2749; x_wconf 90' lang='lat' dir='ltr'><strong>igne</strong></span> <span class='ocrx_word' id='word_1_145' title='bbox 863 2674 1060 2730; x_wconf 88' lang='lat' dir='ltr'><strong>deleri.</strong></span> 
     </span>
    </p>
   </div>
   <div class='ocr_carea' id='block_1_25' title="bbox 566 2784 2073 2860">
    <p class='ocr_par' dir='ltr' id='par_1_25' title="bbox 566 2784 2073 2860">
     <span class='ocr_line' id='line_1_25' title="bbox 566 2784 2073 2860; baseline -0.002 -15"><span class='ocrx_word' id='word_1_146' title='bbox 566 2789 702 2860; x_wconf 87' lang='lat' dir='ltr'><strong>Cap.</strong></span> <span class='ocrx_word' id='word_1_147' title='bbox 734 2785 1111 2853; x_wconf 76' lang='lat' dir='ltr'><strong>LXIV.—-Qui</strong></span> <span class='ocrx_word' id='word_1_148' title='bbox 1135 2799 1246 2841; x_wconf 92' lang='lat' dir='ltr'><strong>non</strong></span> <span class='ocrx_word' id='word_1_149' title='bbox 1275 2784 1553 2856; x_wconf 88' lang='lat' dir='ltr'><strong>recipiunt</strong></span> <span class='ocrx_word' id='word_1_150' title='bbox 1569 2785 1831 2841; x_wconf 79' lang='lat' dir='ltr'><strong>familiam</strong></span> <span class='ocrx_word' id='word_1_151' title='bbox 1853 2802 2073 2842; x_wconf 91' lang='lat' dir='ltr'><strong>omnem</strong></span> 
     </span>
    </p>
   </div>
   <div class='ocr_carea' id='block_1_26' title="bbox 499 2875 2072 2952">
    <p class='ocr_par' dir='ltr' id='par_1_26' title="bbox 499 2875 2072 2952">
     <span class='ocr_line' id='line_1_26' title="bbox 499 2875 2072 2952; baseline -0.001 -17"><span class='ocrx_word' id='word_1_152' title='bbox 499 2881 712 2952; x_wconf 90' lang='lat' dir='ltr'><strong>magnis</strong></span> <span class='ocrx_word' id='word_1_153' title='bbox 740 2879 894 2934; x_wconf 89' lang='lat' dir='ltr'><strong>festis</strong></span> <span class='ocrx_word' id='word_1_154' title='bbox 940 2886 995 2933; x_wconf 94' lang='lat' dir='ltr'><strong>et</strong></span> <span class='ocrx_word' id='word_1_155' title='bbox 1039 2887 1228 2932; x_wconf 84' lang='lat' dir='ltr'><strong>sancta</strong></span> <span class='ocrx_word' id='word_1_156' title='bbox 1271 2875 1577 2941; x_wconf 86' lang='lat' dir='ltr'><strong>Dominica,</strong></span> <span class='ocrx_word' id='word_1_157' title='bbox 1623 2885 1680 2932; x_wconf 92' lang='lat' dir='ltr'><strong>et</strong></span> <span class='ocrx_word' id='word_1_158' title='bbox 1716 2876 1986 2933; x_wconf 89' lang='lat' dir='ltr'><strong>abeuntes</strong></span> <span class='ocrx_word' id='word_1_159' title='bbox 2019 2878 2072 2933; x_wconf 93' lang='lat' dir='ltr'><strong>in</strong></span> 
     </span>
    </p>
   </div>
   <div class='ocr_carea' id='block_1_27' title="bbox 499 2968 2076 3040">
    <p class='ocr_par' dir='ltr' id='par_1_27' title="bbox 499 2968 2076 3040">
     <span class='ocr_line' id='line_1_27' title="bbox 499 2968 2076 3040; baseline -0.002 -11"><span class='ocrx_word' id='word_1_160' title='bbox 499 2982 685 3029; x_wconf 89' lang='lat' dir='ltr'><strong>sancta</strong></span> <span class='ocrx_word' id='word_1_161' title='bbox 714 2971 948 3027; x_wconf 90' lang='lat' dir='ltr'><strong>ecclesia</strong></span> <span class='ocrx_word' id='word_1_162' title='bbox 991 2971 1201 3040; x_wconf 88' lang='lat' dir='ltr'><strong>pariter</strong></span> <span class='ocrx_word' id='word_1_163' title='bbox 1245 2984 1478 3039; x_wconf 88' lang='lat' dir='ltr'><strong>vespere</strong></span> <span class='ocrx_word' id='word_1_164' title='bbox 1513 2968 1740 3025; x_wconf 90' lang='lat' dir='ltr'><strong>Sabbati</strong></span> <span class='ocrx_word' id='word_1_165' title='bbox 1767 2979 1824 3026; x_wconf 91' lang='lat' dir='ltr'><strong>et</strong></span> <span class='ocrx_word' id='word_1_166' title='bbox 1872 2979 2076 3026; x_wconf 84' lang='lat' dir='ltr'><strong>sanctae</strong></span> 
     </span>
    </p>
   </div>
   <div class='ocr_carea' id='block_1_28' title="bbox 498 3057 2072 3131">
    <p class='ocr_par' dir='ltr' id='par_1_28' title="bbox 498 3057 2072 3131">
     <span class='ocr_line' id='line_1_28' title="bbox 498 3057 2072 3131; baseline 0 -16"><span class='ocrx_word' id='word_1_167' title='bbox 498 3060 799 3115; x_wconf 75' lang='lat' dir='ltr'><strong>Dominica:</strong></span> <span class='ocrx_word' id='word_1_168' title='bbox 820 3073 1004 3120; x_wconf 87' lang='lat' dir='ltr'><strong>mane,</strong></span> <span class='ocrx_word' id='word_1_169' title='bbox 1035 3067 1091 3112; x_wconf 90' lang='lat' dir='ltr'><strong>et</strong></span> <span class='ocrx_word' id='word_1_170' title='bbox 1115 3057 1169 3111; x_wconf 91' lang='lat' dir='ltr'><strong>in</strong></span> <span class='ocrx_word' id='word_1_171' title='bbox 1207 3057 1428 3129; x_wconf 87' lang='lat' dir='ltr'><strong>liturgia</strong></span> <span class='ocrx_word' id='word_1_172' title='bbox 1467 3057 1590 3128; x_wconf 89' lang='lat' dir='ltr'><strong>ejus</strong></span> <span class='ocrx_word' id='word_1_173' title='bbox 1623 3066 1680 3114; x_wconf 86' lang='lat' dir='ltr'><strong>et</strong></span> <span class='ocrx_word' id='word_1_174' title='bbox 1713 3058 1769 3113; x_wconf 92' lang='lat' dir='ltr'><strong>in</strong></span> <span class='ocrx_word' id='word_1_175' title='bbox 1819 3075 2072 3131; x_wconf 86' lang='lat' dir='ltr'><strong>vespere,</strong></span> 
     </span>
    </p>
   </div>
   <div class='ocr_carea' id='block_1_29' title="bbox 499 3147 2078 3220">
    <p class='ocr_par' dir='ltr' id='par_1_29' title="bbox 499 3147 2078 3220">
     <span class='ocr_line' id='line_1_29' title="bbox 499 3147 2078 3220; baseline 0 -14"><span class='ocrx_word' id='word_1_176' title='bbox 499 3151 568 3206; x_wconf 88' lang='lat' dir='ltr'><strong>iis</strong></span> <span class='ocrx_word' id='word_1_177' title='bbox 587 3165 770 3206; x_wconf 89' lang='lat' dir='ltr'><strong>coram</strong></span> <span class='ocrx_word' id='word_1_178' title='bbox 802 3149 980 3204; x_wconf 88' lang='lat' dir='ltr'><strong>tribus</strong></span> <span class='ocrx_word' id='word_1_179' title='bbox 1016 3147 1198 3218; x_wconf 90' lang='lat' dir='ltr'><strong>dignis</strong></span> <span class='ocrx_word' id='word_1_180' title='bbox 1224 3147 1362 3202; x_wconf 90' lang='lat' dir='ltr'><strong>viris</strong></span> <span class='ocrx_word' id='word_1_181' title='bbox 1386 3147 1472 3202; x_wconf 88' lang='lat' dir='ltr'><strong>bis</strong></span> <span class='ocrx_word' id='word_1_182' title='bbox 1509 3148 1798 3204; x_wconf 86' lang='lat' dir='ltr'><strong>denuntiet</strong></span> <span class='ocrx_word' id='word_1_183' title='bbox 1837 3149 2078 3220; x_wconf 89' lang='lat' dir='ltr'><strong>regionis</strong></span> 
     </span>
    </p>
   </div>
   <div class='ocr_carea' id='block_1_30' title="bbox 2176 649 3758 736">
    <p class='ocr_par' dir='ltr' id='par_1_30' title="bbox 2176 649 3758 736">
     <span class='ocr_line' id='line_1_30' title="bbox 2176 649 3758 736; baseline 0.011 -37"><span class='ocrx_word' id='word_1_184' title='bbox 2176 649 2586 719; x_wconf 82' lang='grc' dir='ltr'><strong>προστάγματα</strong></span> <span class='ocrx_word' id='word_1_185' title='bbox 2643 651 2807 722; x_wconf 78' lang='grc' dir='ltr'>ἡμῶν</span> <span class='ocrx_word' id='word_1_186' title='bbox 2860 655 3277 726; x_wconf 89' lang='grc' dir='ltr'>παραϐαίνοντα</span> <span class='ocrx_word' id='word_1_187' title='bbox 3325 658 3390 711; x_wconf 90' lang='grc' dir='ltr'><strong>οὑ</strong></span> <span class='ocrx_word' id='word_1_188' title='bbox 3440 663 3758 736; x_wconf 80' lang='grc' dir='ltr'>τιμωρήσῃ.</span> 
     </span>
    </p>
   </div>
   <div class='ocr_carea' id='block_1_31' title="bbox 2175 735 3762 816">
    <p class='ocr_par' dir='ltr' id='par_1_31' title="bbox 2175 735 3762 816">
     <span class='ocr_line' id='line_1_31' title="bbox 2175 735 3762 816; baseline 0.011 -28"><span class='ocrx_word' id='word_1_189' title='bbox 2175 735 2299 789; x_wconf 82' lang='grc' dir='ltr'>οὐδὲ</span> <span class='ocrx_word' id='word_1_190' title='bbox 2331 739 2537 810; x_wconf 81' lang='grc' dir='ltr'><strong>ποιήσῃ</strong></span> <span class='ocrx_word' id='word_1_191' title='bbox 2566 739 2658 793; x_wconf 77' lang='grc' dir='ltr'><strong>ἐπ’</strong></span> <span class='ocrx_word' id='word_1_192' title='bbox 2700 739 2852 813; x_wconf 90' lang='grc' dir='ltr'><strong>αὑτῷ</strong></span> <span class='ocrx_word' id='word_1_193' title='bbox 2883 742 3004 796; x_wconf 90' lang='grc' dir='ltr'>τόδε</span> <span class='ocrx_word' id='word_1_194' title='bbox 3049 744 3212 816; x_wconf 79' lang='grc' dir='ltr'>ἡμῶν</span> <span class='ocrx_word' id='word_1_195' title='bbox 3239 747 3335 799; x_wconf 77' lang='grc' dir='ltr'><strong>καὶ</strong></span> <span class='ocrx_word' id='word_1_196' title='bbox 3363 735 3762 806; x_wconf 80' lang='grc' dir='ltr'>εὐσεϐέστατον</span> 
     </span>
    </p>
   </div>
   <div class='ocr_carea' id='block_1_32' title="bbox 2173 826 3763 910">
    <p class='ocr_par' dir='ltr' id='par_1_32' title="bbox 2173 826 3763 910">
     <span class='ocr_line' id='line_1_32' title="bbox 2173 826 3763 910; baseline 0.011 -33"><span class='ocrx_word' id='word_1_197' title='bbox 2173 827 2270 879; x_wconf 80' lang='grc' dir='ltr'>καὶ</span> <span class='ocrx_word' id='word_1_198' title='bbox 2301 826 2664 882; x_wconf 83' lang='grc' dir='ltr'>δικαιώτατον</span> <span class='ocrx_word' id='word_1_199' title='bbox 2691 830 3043 902; x_wconf 82' lang='grc' dir='ltr'><strong>πρόσταγμα,</strong></span> <span class='ocrx_word' id='word_1_200' title='bbox 3068 833 3191 887; x_wconf 88' lang='grc' dir='ltr'>τότε</span> <span class='ocrx_word' id='word_1_201' title='bbox 3211 833 3356 906; x_wconf 78' lang='grc' dir='ltr'>άπερ</span> <span class='ocrx_word' id='word_1_202' title='bbox 3380 837 3610 910; x_wconf 67' lang='grc' dir='ltr'>ἔμελλεν</span> <span class='ocrx_word' id='word_1_203' title='bbox 3636 839 3763 894; x_wconf 87' lang='grc' dir='ltr'>ὑπο-</span> 
     </span>
    </p>
   </div>
   <div class='ocr_carea' id='block_1_33' title="bbox 2177 915 3762 1002">
    <p class='ocr_par' dir='ltr' id='par_1_33' title="bbox 2177 915 3762 1002">
     <span class='ocr_line' id='line_1_33' title="bbox 2177 915 3762 1002; baseline 0.009 -33"><span class='ocrx_word' id='word_1_204' title='bbox 2177 915 2359 987; x_wconf 80' lang='grc' dir='ltr'>μένειν</span> <span class='ocrx_word' id='word_1_205' title='bbox 2386 919 2596 983; x_wconf 78' lang='grc' dir='ltr'>ἐκεῖνος</span> <span class='ocrx_word' id='word_1_206' title='bbox 2625 920 2787 985; x_wconf 79' lang='grc' dir='ltr'>αὑτὸς</span> <span class='ocrx_word' id='word_1_207' title='bbox 2824 922 2977 996; x_wconf 82' lang='grc' dir='ltr'><strong>πάθῃ</strong></span> <span class='ocrx_word' id='word_1_208' title='bbox 3007 925 3036 977; x_wconf 98' lang='lat'><strong>6</strong></span> <span class='ocrx_word' id='word_1_209' title='bbox 3068 922 3334 996; x_wconf 80' lang='grc' dir='ltr'>ὑπαρχος,</span> <span class='ocrx_word' id='word_1_210' title='bbox 3363 927 3762 1002; x_wconf 79' lang='grc' dir='ltr'>τῆςὴμετέρας</span> 
     </span>
    </p>
   </div>
   <div class='ocr_carea' id='block_1_34' title="bbox 2174 1008 3660 1092">
    <p class='ocr_par' dir='ltr' id='par_1_34' title="bbox 2174 1008 3660 1092">
     <span class='ocr_line' id='line_1_34' title="bbox 2174 1008 3660 1092; baseline 0.009 -31"><span class='ocrx_word' id='word_1_211' title='bbox 2174 1008 2546 1081; x_wconf 86' lang='grc' dir='ltr'>γαληνότητος</span> <span class='ocrx_word' id='word_1_212' title='bbox 2577 1009 2676 1081; x_wconf 79' lang='grc' dir='ltr'>τὴν</span> <span class='ocrx_word' id='word_1_213' title='bbox 2698 1013 3076 1086; x_wconf 82' lang='grc' dir='ltr'>ἀγανάκτησιν</span> <span class='ocrx_word' id='word_1_214' title='bbox 3105 1015 3498 1088; x_wconf 69' lang='grc' dir='ltr'><strong>ἐπισπώμενος</strong></span> <span class='ocrx_word' id='word_1_215' title='bbox 3524 1018 3660 1092; x_wconf 76' lang='grc'><strong>(46).</strong></span> 
     </span>
    </p>
   </div>
   <div class='ocr_carea' id='block_1_35' title="bbox 2245 1101 3762 1186">
    <p class='ocr_par' dir='ltr' id='par_1_35' title="bbox 2245 1101 3762 1186">
     <span class='ocr_line' id='line_1_35' title="bbox 2245 1101 3762 1186; baseline 0.009 -30"><span class='ocrx_word' id='word_1_216' title='bbox 2245 1105 2390 1174; x_wconf 79' lang='grc' dir='ltr'>Κεφ.</span> <span class='ocrx_word' id='word_1_217' title='bbox 2422 1101 2542 1160; x_wconf 70' lang='lat' dir='ltr'><strong>EB’.</strong></span> <span class='ocrx_word' id='word_1_218' title='bbox 2574 1105 2847 1171; x_wconf 83' lang='grc' dir='ltr'><strong>Ἕκαστος</strong></span> <span class='ocrx_word' id='word_1_219' title='bbox 2876 1109 3261 1181; x_wconf 88' lang='grc' dir='ltr'>γειτονιάρχης</span> <span class='ocrx_word' id='word_1_220' title='bbox 3287 1110 3389 1175; x_wconf 88' lang='grc' dir='ltr'><strong>τάς</strong></span> <span class='ocrx_word' id='word_1_221' title='bbox 3421 1113 3482 1166; x_wconf 86' lang='grc' dir='ltr'>ὲν</span> <span class='ocrx_word' id='word_1_222' title='bbox 3498 1116 3563 1186; x_wconf 76' lang='grc' dir='ltr'>τῇ</span> <span class='ocrx_word' id='word_1_223' title='bbox 3595 1114 3762 1170; x_wconf 81' lang='grc' dir='ltr'>αὑτοῦ</span> 
     </span>
    </p>
   </div>
   <div class='ocr_carea' id='block_1_36' title="bbox 2175 1194 3758 1273">
    <p class='ocr_par' dir='ltr' id='par_1_36' title="bbox 2175 1194 3758 1273">
     <span class='ocr_line' id='line_1_36' title="bbox 2175 1194 3758 1273; baseline 0.008 -26"><span class='ocrx_word' id='word_1_224' title='bbox 2175 1194 2503 1267; x_wconf 63' lang='grc' dir='ltr'>ἐπικρατείᾳ</span> <span class='ocrx_word' id='word_1_225' title='bbox 2547 1198 2937 1270; x_wconf 79' lang='grc' dir='ltr'>πραγματείας</span> <span class='ocrx_word' id='word_1_226' title='bbox 2975 1201 3270 1270; x_wconf 86' lang='grc' dir='ltr'>γινομένας</span> <span class='ocrx_word' id='word_1_227' title='bbox 3303 1202 3758 1273; x_wconf 83' lang='grc' dir='ltr'>ἀκριϐολογείτω,</span> 
     </span>
    </p>
   </div>
   <div class='ocr_carea' id='block_1_37' title="bbox 2177 1287 3755 1368">
    <p class='ocr_par' dir='ltr' id='par_1_37' title="bbox 2177 1287 3755 1368">
     <span class='ocr_line' id='line_1_37' title="bbox 2177 1287 3755 1368; baseline 0.006 -28"><span class='ocrx_word' id='word_1_228' title='bbox 2177 1287 2265 1340; x_wconf 75' lang='grc' dir='ltr'>ἵνα</span> <span class='ocrx_word' id='word_1_229' title='bbox 2291 1287 2520 1352; x_wconf 77' lang='grc' dir='ltr'><strong>δικαίως</strong></span> <span class='ocrx_word' id='word_1_230' title='bbox 2548 1289 2997 1359; x_wconf 89' lang='grc' dir='ltr'>πιπράσκωνται.</span> <span class='ocrx_word' id='word_1_231' title='bbox 3017 1291 3290 1356; x_wconf 77' lang='grc' dir='ltr'>Ἑταζέτω</span> <span class='ocrx_word' id='word_1_232' title='bbox 3319 1293 3379 1347; x_wconf 70' lang='grc' dir='ltr'>δὲ</span> <span class='ocrx_word' id='word_1_233' title='bbox 3406 1293 3507 1357; x_wconf 85' lang='grc' dir='ltr'><strong>τὰς</strong></span> <span class='ocrx_word' id='word_1_234' title='bbox 3527 1295 3755 1368; x_wconf 90' lang='grc' dir='ltr'>ἁγοράς,</span> 
     </span>
    </p>
   </div>
   <div class='ocr_carea' id='block_1_38' title="bbox 2175 1379 3756 1459">
    <p class='ocr_par' dir='ltr' id='par_1_38' title="bbox 2175 1379 3756 1459">
     <span class='ocr_line' id='line_1_38' title="bbox 2175 1379 3756 1459; baseline 0.006 -27"><span class='ocrx_word' id='word_1_235' title='bbox 2175 1379 2295 1444; x_wconf 85' lang='grc' dir='ltr'><strong>πῶς</strong></span> <span class='ocrx_word' id='word_1_236' title='bbox 2327 1380 2480 1452; x_wconf 87' lang='grc' dir='ltr'><strong>παρά</strong></span> <span class='ocrx_word' id='word_1_237' title='bbox 2507 1380 2618 1434; x_wconf 83' lang='grc' dir='ltr'><strong>τῶν</strong></span> <span class='ocrx_word' id='word_1_238' title='bbox 2641 1381 2969 1437; x_wconf 83' lang='grc' dir='ltr'>πωλούντων</span> <span class='ocrx_word' id='word_1_239' title='bbox 3005 1383 3192 1456; x_wconf 81' lang='grc' dir='ltr'>ὠνήθη</span> <span class='ocrx_word' id='word_1_240' title='bbox 3231 1385 3304 1438; x_wconf 86' lang='grc' dir='ltr'><strong>τά</strong></span> <span class='ocrx_word' id='word_1_241' title='bbox 3337 1385 3486 1456; x_wconf 77' lang='grc' dir='ltr'>εἴδη·</span> <span class='ocrx_word' id='word_1_242' title='bbox 3527 1388 3622 1440; x_wconf 80' lang='grc' dir='ltr'>καὶ</span> <span class='ocrx_word' id='word_1_243' title='bbox 3649 1389 3756 1459; x_wconf 86' lang='grc' dir='ltr'>μά-</span> 
     </span>
    </p>
   </div>
   <div class='ocr_carea' id='block_1_39' title="bbox 2174 1469 3760 1551">
    <p class='ocr_par' dir='ltr' id='par_1_39' title="bbox 2174 1469 3760 1551">
     <span class='ocr_line' id='line_1_39' title="bbox 2174 1469 3760 1551; baseline 0.006 -27"><span class='ocrx_word' id='word_1_244' title='bbox 2174 1469 2332 1524; x_wconf 87' lang='grc' dir='ltr'>λιστα</span> <span class='ocrx_word' id='word_1_245' title='bbox 2363 1472 2458 1524; x_wconf 75' lang='grc' dir='ltr'>καὶ</span> <span class='ocrx_word' id='word_1_246' title='bbox 2485 1473 2535 1524; x_wconf 81' lang='lat' dir='ltr'><strong>oi</strong></span> <span class='ocrx_word' id='word_1_247' title='bbox 2564 1472 2974 1544; x_wconf 82' lang='grc' dir='ltr'>πιπράσκοντες</span> <span class='ocrx_word' id='word_1_248' title='bbox 2999 1475 3206 1540; x_wconf 82' lang='grc' dir='ltr'>αὐτοῖς,</span> <span class='ocrx_word' id='word_1_249' title='bbox 3241 1477 3386 1548; x_wconf 74' lang='grc' dir='ltr'>φημὶ</span> <span class='ocrx_word' id='word_1_250' title='bbox 3421 1478 3472 1532; x_wconf 80' lang='lat' dir='ltr'><strong>oi</strong></span> <span class='ocrx_word' id='word_1_251' title='bbox 3511 1479 3760 1551; x_wconf 71' lang='grc' dir='ltr'>ἑξωπράο</span> 
     </span>
    </p>
   </div>
   <div class='ocr_carea' id='block_1_40' title="bbox 2173 1566 3760 1640">
    <p class='ocr_par' dir='ltr' id='par_1_40' title="bbox 2173 1566 3760 1640">
     <span class='ocr_line' id='line_1_40' title="bbox 2173 1566 3760 1640; baseline 0.004 -21"><span class='ocrx_word' id='word_1_252' title='bbox 2173 1583 2288 1630; x_wconf 87' lang='grc' dir='ltr'>ται,</span> <span class='ocrx_word' id='word_1_253' title='bbox 2317 1566 2736 1632; x_wconf 79' lang='grc' dir='ltr'>ὲταζέσθωσανο</span> <span class='ocrx_word' id='word_1_254' title='bbox 2767 1567 2865 1621; x_wconf 78' lang='grc' dir='ltr'>καὶ</span> <span class='ocrx_word' id='word_1_255' title='bbox 2897 1567 3043 1622; x_wconf 83' lang='grc' dir='ltr'>οὑτω</span> <span class='ocrx_word' id='word_1_256' title='bbox 3074 1568 3222 1622; x_wconf 87' lang='grc' dir='ltr'><strong>κατά</strong></span> <span class='ocrx_word' id='word_1_257' title='bbox 3252 1569 3643 1640; x_wconf 82' lang='grc' dir='ltr'>ἁρμόττουσαν</span> <span class='ocrx_word' id='word_1_258' title='bbox 3675 1573 3760 1625; x_wconf 83' lang='grc' dir='ltr'>δι-</span> 
     </span>
    </p>
   </div>
   <div class='ocr_carea' id='block_1_41' title="bbox 2176 1657 3762 1732">
    <p class='ocr_par' dir='ltr' id='par_1_41' title="bbox 2176 1657 3762 1732">
     <span class='ocr_line' id='line_1_41' title="bbox 2176 1657 3762 1732; baseline 0.004 -22"><span class='ocrx_word' id='word_1_259' title='bbox 2176 1657 2476 1728; x_wconf 85' lang='grc' dir='ltr'>καιοσύνην</span> <span class='ocrx_word' id='word_1_260' title='bbox 2528 1658 2624 1711; x_wconf 72' lang='grc' dir='ltr'>καὶ</span> <span class='ocrx_word' id='word_1_261' title='bbox 2670 1657 2740 1712; x_wconf 90' lang='grc' dir='ltr'><strong>τά</strong></span> <span class='ocrx_word' id='word_1_262' title='bbox 2774 1657 2890 1729; x_wconf 85' lang='grc' dir='ltr'>εῐδη</span> <span class='ocrx_word' id='word_1_263' title='bbox 2936 1661 3425 1732; x_wconf 84' lang='grc' dir='ltr'>πιπρασκέτωσαν.</span> <span class='ocrx_word' id='word_1_264' title='bbox 3489 1661 3762 1727; x_wconf 81' lang='grc' dir='ltr'>Πολλάκις</span> 
     </span>
    </p>
   </div>
   <div class='ocr_carea' id='block_1_42' title="bbox 2175 1748 3760 1824">
    <p class='ocr_par' dir='ltr' id='par_1_42' title="bbox 2175 1748 3760 1824">
     <span class='ocr_line' id='line_1_42' title="bbox 2175 1748 3760 1824; baseline 0.003 -22"><span class='ocrx_word' id='word_1_265' title='bbox 2175 1748 2286 1819; x_wconf 85' lang='grc' dir='ltr'><strong>γὰρ</strong></span> <span class='ocrx_word' id='word_1_266' title='bbox 2327 1749 2601 1816; x_wconf 84' lang='grc' dir='ltr'>πλουσίως</span> <span class='ocrx_word' id='word_1_267' title='bbox 2629 1750 2893 1805; x_wconf 78' lang='grc' dir='ltr'>ὠνοῦνται</span> <span class='ocrx_word' id='word_1_268' title='bbox 2933 1751 3032 1806; x_wconf 79' lang='grc' dir='ltr'><strong>καὶ</strong></span> <span class='ocrx_word' id='word_1_269' title='bbox 3065 1751 3328 1817; x_wconf 85' lang='grc' dir='ltr'>πολλάκις</span> <span class='ocrx_word' id='word_1_270' title='bbox 3353 1753 3624 1824; x_wconf 81' lang='grc' dir='ltr'>ἀκριϐῶς,</span> <span class='ocrx_word' id='word_1_271' title='bbox 3662 1755 3760 1808; x_wconf 82' lang='grc' dir='ltr'>καὶ</span> 
     </span>
    </p>
   </div>
   <div class='ocr_carea' id='block_1_43' title="bbox 2177 1840 3758 1916">
    <p class='ocr_par' dir='ltr' id='par_1_43' title="bbox 2177 1840 3758 1916">
     <span class='ocr_line' id='line_1_43' title="bbox 2177 1840 3758 1916; baseline 0.003 -23"><span class='ocrx_word' id='word_1_272' title='bbox 2177 1842 2238 1894; x_wconf 82' lang='grc' dir='ltr'>ὲν</span> <span class='ocrx_word' id='word_1_273' title='bbox 2265 1840 2343 1912; x_wconf 84' lang='grc' dir='ltr'>τῷ</span> <span class='ocrx_word' id='word_1_274' title='bbox 2368 1842 2520 1914; x_wconf 86' lang='grc' dir='ltr'>μέσῳ</span> <span class='ocrx_word' id='word_1_275' title='bbox 2550 1841 2816 1907; x_wconf 76' lang='grc' dir='ltr'>πολλάκις</span> <span class='ocrx_word' id='word_1_276' title='bbox 2834 1858 2850 1875; x_wconf 79' lang='grc'><strong>⁸</strong></span> <span class='ocrx_word' id='word_1_277' title='bbox 2887 1843 3033 1897; x_wconf 88' lang='grc' dir='ltr'><strong>κατά</strong></span> <span class='ocrx_word' id='word_1_278' title='bbox 3066 1845 3168 1914; x_wconf 77' lang='grc' dir='ltr'>τὴν</span> <span class='ocrx_word' id='word_1_279' title='bbox 3197 1844 3406 1916; x_wconf 91' lang='grc' dir='ltr'>ἀγοράν</span> <span class='ocrx_word' id='word_1_280' title='bbox 3428 1843 3619 1899; x_wconf 81' lang='grc' dir='ltr'>ποιοῦν</span> <span class='ocrx_word' id='word_1_281' title='bbox 3645 1846 3758 1916; x_wconf 69' lang='grc'><strong>(47)</strong></span> 
     </span>
    </p>
   </div>
   <div class='ocr_carea' id='block_1_44' title="bbox 2108 1935 3760 2008">
    <p class='ocr_par' dir='ltr' id='par_1_44' title="bbox 2108 1935 3760 2008">
     <span class='ocr_line' id='line_1_44' title="bbox 2108 1935 3760 2008; baseline 0.001 -20"><span class='ocrx_word' id='word_1_282' title='bbox 2108 1937 2151 1994; x_wconf 85' lang='lat' dir='ltr'><strong>B</strong></span> <span class='ocrx_word' id='word_1_283' title='bbox 2180 1935 2712 2006; x_wconf 87' lang='grc' dir='ltr'>ἁκριϐολογοὺμενα,</span> <span class='ocrx_word' id='word_1_284' title='bbox 2761 1935 2858 1989; x_wconf 80' lang='grc' dir='ltr'>καὶ</span> <span class='ocrx_word' id='word_1_285' title='bbox 2888 1935 3374 2007; x_wconf 80' lang='grc' dir='ltr'>πιπρασκέτωσαν,</span> <span class='ocrx_word' id='word_1_286' title='bbox 3418 1937 3506 1990; x_wconf 74' lang='grc' dir='ltr'>ἵνα</span> <span class='ocrx_word' id='word_1_287' title='bbox 3541 1937 3684 2008; x_wconf 86' lang='grc' dir='ltr'>μήτε</span> <span class='ocrx_word' id='word_1_288' title='bbox 3730 1938 3760 1989; x_wconf 90' lang='lat'><strong>6</strong></span> 
     </span>
    </p>
   </div>
   <div class='ocr_carea' id='block_1_45' title="bbox 2178 2023 3758 2100">
    <p class='ocr_par' dir='ltr' id='par_1_45' title="bbox 2178 2023 3758 2100">
     <span class='ocr_line' id='line_1_45' title="bbox 2178 2023 3758 2100; baseline 0.001 -20"><span class='ocrx_word' id='word_1_289' title='bbox 2178 2027 2510 2098; x_wconf 82' lang='grc' dir='ltr'>πιπράσκων</span> <span class='ocrx_word' id='word_1_290' title='bbox 2541 2026 2778 2098; x_wconf 79' lang='grc' dir='ltr'>ἁκερδὴς</span> <span class='ocrx_word' id='word_1_291' title='bbox 2799 2023 2855 2099; x_wconf 80' lang='grc' dir='ltr'>ᾖ,</span> <span class='ocrx_word' id='word_1_292' title='bbox 2886 2028 3026 2098; x_wconf 83' lang='grc' dir='ltr'>μήτε</span> <span class='ocrx_word' id='word_1_293' title='bbox 3047 2027 3252 2099; x_wconf 82' lang='grc' dir='ltr'>ὁμοίως</span> <span class='ocrx_word' id='word_1_294' title='bbox 3277 2028 3374 2082; x_wconf 72' lang='grc' dir='ltr'>καὶ</span> <span class='ocrx_word' id='word_1_295' title='bbox 3400 2029 3428 2083; x_wconf 93' lang='lat'><strong>6</strong></span> <span class='ocrx_word' id='word_1_296' title='bbox 3451 2027 3758 2100; x_wconf 83' lang='grc' dir='ltr'>ὠνούμενος</span> 
     </span>
    </p>
   </div>
   <div class='ocr_carea' id='block_1_46' title="bbox 2178 2113 2814 2186">
    <p class='ocr_par' dir='ltr' id='par_1_46' title="bbox 2178 2113 2814 2186">
     <span class='ocr_line' id='line_1_46' title="bbox 2178 2113 2814 2186; baseline 0 -17"><span class='ocrx_word' id='word_1_297' title='bbox 2178 2115 2648 2186; x_wconf 78' lang='grc' dir='ltr'>παραϐλάπτηται</span> <span class='ocrx_word' id='word_1_298' title='bbox 2681 2113 2814 2186; x_wconf 70' lang='grc'><strong>(48).</strong></span> 
     </span>
    </p>
   </div>
   <div class='ocr_carea' id='block_1_47' title="bbox 2251 2207 3759 2283">
    <p class='ocr_par' dir='ltr' id='par_1_47' title="bbox 2251 2207 3759 2283">
     <span class='ocr_line' id='line_1_47' title="bbox 2251 2207 3759 2283; baseline 0 -20"><span class='ocrx_word' id='word_1_299' title='bbox 2251 2208 2408 2278; x_wconf 73' lang='grc'><strong>112</strong></span> <span class='ocrx_word' id='word_1_300' title='bbox 2460 2209 2601 2278; x_wconf 75' lang='grc' dir='ltr'>Κεφ.</span> <span class='ocrx_word' id='word_1_301' title='bbox 2649 2207 2766 2262; x_wconf 75' lang='lat' dir='ltr'><strong>EI&quot;.</strong></span> <span class='ocrx_word' id='word_1_302' title='bbox 2826 2209 3013 2263; x_wconf 83' lang='grc' dir='ltr'>Πάντα</span> <span class='ocrx_word' id='word_1_303' title='bbox 3080 2209 3368 2279; x_wconf 74' lang='grc' dir='ltr'>λινηφικδν</span> <span class='ocrx_word' id='word_1_304' title='bbox 3425 2207 3574 2283; x_wconf 74' lang='grc'><strong>(49)</strong></span> <span class='ocrx_word' id='word_1_305' title='bbox 3638 2209 3759 2280; x_wconf 77' lang='grc' dir='ltr'>ἦτοι</span> 
     </span>
    </p>
   </div>
   <div class='ocr_carea' id='block_1_48' title="bbox 2176 2299 3757 2373">
    <p class='ocr_par' dir='ltr' id='par_1_48' title="bbox 2176 2299 3757 2373">
     <span class='ocr_line' id='line_1_48' title="bbox 2176 2299 3757 2373; baseline -0.001 -19"><span class='ocrx_word' id='word_1_306' title='bbox 2176 2299 2446 2370; x_wconf 83' lang='grc' dir='ltr'>ὑφάντην,</span> <span class='ocrx_word' id='word_1_307' title='bbox 2469 2301 2567 2354; x_wconf 71' lang='grc' dir='ltr'>καὶ</span> <span class='ocrx_word' id='word_1_308' title='bbox 2596 2302 2775 2354; x_wconf 88' lang='grc' dir='ltr'>πάντα</span> <span class='ocrx_word' id='word_1_309' title='bbox 2795 2301 3049 2372; x_wconf 79' lang='grc' dir='ltr'>τεχνίτην</span> <span class='ocrx_word' id='word_1_310' title='bbox 3076 2301 3301 2371; x_wconf 86' lang='grc' dir='ltr'>ἁπάσης</span> <span class='ocrx_word' id='word_1_311' title='bbox 3325 2301 3660 2373; x_wconf 72' lang='grc' dir='ltr'>ἐπιστήμης,</span> <span class='ocrx_word' id='word_1_312' title='bbox 3690 2305 3757 2373; x_wconf 76' lang='grc' dir='ltr'>τῇ</span> 
     </span>
    </p>
   </div>
   <div class='ocr_carea' id='block_1_49' title="bbox 2174 2392 3758 2465">
    <p class='ocr_par' dir='ltr' id='par_1_49' title="bbox 2174 2392 3758 2465">
     <span class='ocr_line' id='line_1_49' title="bbox 2174 2392 3758 2465; baseline -0.001 -19"><span class='ocrx_word' id='word_1_313' title='bbox 2174 2392 2307 2464; x_wconf 80' lang='grc' dir='ltr'>ἁγίᾳ</span> <span class='ocrx_word' id='word_1_314' title='bbox 2347 2394 2602 2464; x_wconf 76' lang='grc' dir='ltr'>κυριακῇ</span> <span class='ocrx_word' id='word_1_315' title='bbox 2645 2394 2776 2463; x_wconf 77' lang='grc' dir='ltr'>μιᾶς</span> <span class='ocrx_word' id='word_1_316' title='bbox 2800 2392 2988 2464; x_wconf 82' lang='grc' dir='ltr'>τριχὸς</span> <span class='ocrx_word' id='word_1_317' title='bbox 3015 2393 3182 2465; x_wconf 73' lang='grc' dir='ltr'>ἔργον</span> <span class='ocrx_word' id='word_1_318' title='bbox 3221 2393 3298 2458; x_wconf 87' lang='grc' dir='ltr'><strong>ὡς</strong></span> <span class='ocrx_word' id='word_1_319' title='bbox 3331 2393 3584 2447; x_wconf 82' lang='grc' dir='ltr'>ὁπωσοῦν</span> <span class='ocrx_word' id='word_1_320' title='bbox 3615 2392 3758 2462; x_wconf 72' lang='grc' dir='ltr'>ἁψα-</span> 
     </span>
    </p>
   </div>
   <div class='ocr_carea' id='block_1_50' title="bbox 2171 2483 3758 2557">
    <p class='ocr_par' dir='ltr' id='par_1_50' title="bbox 2171 2483 3758 2557">
     <span class='ocr_line' id='line_1_50' title="bbox 2171 2483 3758 2557; baseline 0.001 -19"><span class='ocrx_word' id='word_1_321' title='bbox 2171 2485 2303 2539; x_wconf 89' lang='grc' dir='ltr'>σθαι</span> <span class='ocrx_word' id='word_1_322' title='bbox 2341 2485 2403 2538; x_wconf 87' lang='grc' dir='ltr'><strong>οὑ</strong></span> <span class='ocrx_word' id='word_1_323' title='bbox 2461 2486 2898 2557; x_wconf 77' lang='grc' dir='ltr'>προστάττομεν.</span> <span class='ocrx_word' id='word_1_324' title='bbox 2961 2485 3066 2539; x_wconf 83' lang='grc' dir='ltr'><strong>Τὸν</strong></span> <span class='ocrx_word' id='word_1_325' title='bbox 3113 2483 3170 2539; x_wconf 73' lang='grc' dir='ltr'>δὲ</span> <span class='ocrx_word' id='word_1_326' title='bbox 3220 2486 3616 2557; x_wconf 79' lang='grc' dir='ltr'>εὑρισκόμενον</span> <span class='ocrx_word' id='word_1_327' title='bbox 3663 2487 3758 2539; x_wconf 73' lang='grc' dir='ltr'><strong>ἐπὶ</strong></span> 
     </span>
    </p>
   </div>
   <div class='ocr_carea' id='block_1_51' title="bbox 2174 2575 3757 2650">
    <p class='ocr_par' dir='ltr' id='par_1_51' title="bbox 2174 2575 3757 2650">
     <span class='ocr_line' id='line_1_51' title="bbox 2174 2575 3757 2650; baseline 0.001 -20"><span class='ocrx_word' id='word_1_328' title='bbox 2174 2577 2352 2646; x_wconf 75' lang='grc' dir='ltr'>τούτῳ</span> <span class='ocrx_word' id='word_1_329' title='bbox 2382 2575 2495 2649; x_wconf 91' lang='grc'><strong>(50)</strong></span> <span class='ocrx_word' id='word_1_330' title='bbox 2536 2577 2836 2647; x_wconf 81' lang='grc' dir='ltr'>κελεύομεν</span> <span class='ocrx_word' id='word_1_331' title='bbox 2862 2577 2922 2630; x_wconf 74' lang='grc' dir='ltr'>ὲν</span> <span class='ocrx_word' id='word_1_332' title='bbox 2955 2577 3107 2648; x_wconf 84' lang='grc' dir='ltr'>μέσῳ</span> <span class='ocrx_word' id='word_1_333' title='bbox 3143 2577 3243 2646; x_wconf 82' lang='grc' dir='ltr'>τῆς</span> <span class='ocrx_word' id='word_1_334' title='bbox 3275 2578 3486 2649; x_wconf 78' lang='grc' dir='ltr'>ἀγορᾶς</span> <span class='ocrx_word' id='word_1_335' title='bbox 3518 2578 3589 2631; x_wconf 81' lang='grc' dir='ltr'>τὰ</span> <span class='ocrx_word' id='word_1_336' title='bbox 3621 2576 3757 2650; x_wconf 78' lang='grc' dir='ltr'>ἔργα</span> 
     </span>
    </p>
   </div>
   <div class='ocr_carea' id='block_1_52' title="bbox 2084 2667 3617 2742">
    <p class='ocr_par' dir='ltr' id='par_1_52' title="bbox 2084 2667 3617 2742">
     <span class='ocr_line' id='line_1_52' title="bbox 2084 2667 3617 2742; baseline -0.001 -18"><span class='ocrx_word' id='word_1_337' title='bbox 2084 2721 2092 2731; x_wconf 89' lang='grc'><strong>,</strong></span> <span class='ocrx_word' id='word_1_338' title='bbox 2173 2669 2356 2725; x_wconf 81' lang='grc' dir='ltr'>αὐτῶν</span> <span class='ocrx_word' id='word_1_339' title='bbox 2387 2671 2484 2724; x_wconf 76' lang='grc' dir='ltr'>καὶ</span> <span class='ocrx_word' id='word_1_340' title='bbox 2514 2669 2584 2724; x_wconf 81' lang='grc' dir='ltr'><strong>τὰ</strong></span> <span class='ocrx_word' id='word_1_341' title='bbox 2613 2668 2873 2742; x_wconf 72' lang='grc' dir='ltr'>ἐργαλεῖα</span> <span class='ocrx_word' id='word_1_342' title='bbox 2901 2667 3084 2722; x_wconf 85' lang='grc' dir='ltr'>αὑτῶν</span> <span class='ocrx_word' id='word_1_343' title='bbox 3112 2669 3247 2741; x_wconf 71' lang='grc' dir='ltr'>πυρὶ</span> <span class='ocrx_word' id='word_1_344' title='bbox 3276 2669 3617 2724; x_wconf 86' lang='grc' dir='ltr'>ἀναλίσκειν.</span> 
     </span>
    </p>
   </div>
   <div class='ocr_carea' id='block_1_53' title="bbox 2245 2777 3758 2852">
    <p class='ocr_par' dir='ltr' id='par_1_53' title="bbox 2245 2777 3758 2852">
     <span class='ocr_line' id='line_1_53' title="bbox 2245 2777 3758 2852; baseline 0.001 -19"><span class='ocrx_word' id='word_1_345' title='bbox 2245 2780 2389 2849; x_wconf 81' lang='grc' dir='ltr'>Κεφ.</span> <span class='ocrx_word' id='word_1_346' title='bbox 2424 2777 2540 2834; x_wconf 68' lang='grc' dir='ltr'>ΞΔν.</span> <span class='ocrx_word' id='word_1_347' title='bbox 2577 2779 2716 2842; x_wconf 67' lang='grc' dir='ltr'>Τοὺς</span> <span class='ocrx_word' id='word_1_348' title='bbox 2764 2777 2838 2850; x_wconf 76' lang='grc' dir='ltr'><strong>μὴ</strong></span> <span class='ocrx_word' id='word_1_349' title='bbox 2873 2778 3406 2852; x_wconf 88' lang='grc' dir='ltr'>παραλαμϐάνοντας</span> <span class='ocrx_word' id='word_1_350' title='bbox 3446 2781 3629 2834; x_wconf 80' lang='grc' dir='ltr'>πᾶσαν</span> <span class='ocrx_word' id='word_1_351' title='bbox 3658 2779 3758 2848; x_wconf 73' lang='grc' dir='ltr'>τὴν</span> 
     </span>
    </p>
   </div>
   <div class='ocr_carea' id='block_1_54' title="bbox 2175 2870 3758 2943">
    <p class='ocr_par' dir='ltr' id='par_1_54' title="bbox 2175 2870 3758 2943">
     <span class='ocr_line' id='line_1_54' title="bbox 2175 2870 3758 2943; baseline -0.003 -17"><span class='ocrx_word' id='word_1_352' title='bbox 2175 2870 2439 2942; x_wconf 85' lang='grc' dir='ltr'>φαμίλιον</span> <span class='ocrx_word' id='word_1_353' title='bbox 2475 2871 2589 2943; x_wconf 80' lang='grc'><strong>(51)</strong></span> <span class='ocrx_word' id='word_1_354' title='bbox 2628 2873 2750 2934; x_wconf 82' lang='grc' dir='ltr'>ταῖς</span> <span class='ocrx_word' id='word_1_355' title='bbox 2809 2871 3074 2941; x_wconf 88' lang='grc' dir='ltr'>μεγάλαις</span> <span class='ocrx_word' id='word_1_356' title='bbox 3111 2872 3327 2942; x_wconf 81' lang='grc' dir='ltr'>ἑορταῖς</span> <span class='ocrx_word' id='word_1_357' title='bbox 3379 2871 3472 2924; x_wconf 73' lang='grc' dir='ltr'>καὶ</span> <span class='ocrx_word' id='word_1_358' title='bbox 3521 2873 3585 2941; x_wconf 79' lang='grc' dir='ltr'>τῇ</span> <span class='ocrx_word' id='word_1_359' title='bbox 3626 2870 3758 2940; x_wconf 73' lang='grc' dir='ltr'>ἁγίᾳ</span> 
     </span>
    </p>
   </div>
   <div class='ocr_carea' id='block_1_55' title="bbox 2176 2957 3756 3031">
    <p class='ocr_par' dir='ltr' id='par_1_55' title="bbox 2176 2957 3756 3031">
     <span class='ocr_line' id='line_1_55' title="bbox 2176 2957 3756 3031; baseline 0 -21"><span class='ocrx_word' id='word_1_360' title='bbox 2176 2959 2456 3028; x_wconf 77' lang='grc' dir='ltr'>κυριακῇ,</span> <span class='ocrx_word' id='word_1_361' title='bbox 2491 2957 2586 3012; x_wconf 73' lang='grc' dir='ltr'>καὶ</span> <span class='ocrx_word' id='word_1_362' title='bbox 2642 2959 3060 3030; x_wconf 84' lang='grc' dir='ltr'>ἀπερχομένους</span> <span class='ocrx_word' id='word_1_363' title='bbox 3095 2961 3153 3013; x_wconf 79' lang='grc' dir='ltr'>ὲν</span> <span class='ocrx_word' id='word_1_364' title='bbox 3207 2961 3273 3030; x_wconf 76' lang='grc' dir='ltr'><strong>τῇ</strong></span> <span class='ocrx_word' id='word_1_365' title='bbox 3315 2959 3450 3031; x_wconf 70' lang='grc' dir='ltr'>ἁγίᾳ.</span> <span class='ocrx_word' id='word_1_366' title='bbox 3484 2959 3756 3030; x_wconf 78' lang='grc' dir='ltr'>ἐκκλησίᾳ</span> 
     </span>
    </p>
   </div>
   <div class='ocr_carea' id='block_1_56' title="bbox 2174 3048 3758 3122">
    <p class='ocr_par' dir='ltr' id='par_1_56' title="bbox 2174 3048 3758 3122">
     <span class='ocr_line' id='line_1_56' title="bbox 2174 3048 3758 3122; baseline -0.001 -19"><span class='ocrx_word' id='word_1_367' title='bbox 2174 3048 2518 3120; x_wconf 84' lang='grc' dir='ltr'>ὁμοθυμαδὸν</span> <span class='ocrx_word' id='word_1_368' title='bbox 2549 3048 2605 3102; x_wconf 76' lang='grc' dir='ltr'>ἐν</span> <span class='ocrx_word' id='word_1_369' title='bbox 2637 3065 2697 3102; x_wconf 86' lang='grc' dir='ltr'><strong>τε</strong></span> <span class='ocrx_word' id='word_1_370' title='bbox 2730 3049 2807 3121; x_wconf 85' lang='grc' dir='ltr'>τῷ</span> <span class='ocrx_word' id='word_1_371' title='bbox 2841 3048 3118 3104; x_wconf 83' lang='grc' dir='ltr'>Σαϐϐάτου</span> <span class='ocrx_word' id='word_1_372' title='bbox 3160 3050 3433 3122; x_wconf 78' lang='grc' dir='ltr'>ἑσπερινῷ</span> <span class='ocrx_word' id='word_1_373' title='bbox 3457 3051 3552 3106; x_wconf 77' lang='grc' dir='ltr'>καὶ</span> <span class='ocrx_word' id='word_1_374' title='bbox 3591 3051 3649 3105; x_wconf 79' lang='grc' dir='ltr'>ὲν</span> <span class='ocrx_word' id='word_1_375' title='bbox 3681 3051 3758 3122; x_wconf 74' lang='grc' dir='ltr'>τῷ</span> 
     </span>
    </p>
   </div>
   <div class='ocr_carea' id='block_1_57' title="bbox 2175 3139 3760 3215">
    <p class='ocr_par' dir='ltr' id='par_1_57' title="bbox 2175 3139 3760 3215">
     <span class='ocr_line' id='line_1_57' title="bbox 2175 3139 3760 3215; baseline 0 -21"><span class='ocrx_word' id='word_1_376' title='bbox 2175 3140 2357 3212; x_wconf 73' lang='grc' dir='ltr'>ὄρθρῳ</span> <span class='ocrx_word' id='word_1_377' title='bbox 2386 3139 2487 3212; x_wconf 84' lang='grc' dir='ltr'>τῆς</span> <span class='ocrx_word' id='word_1_378' title='bbox 2513 3140 3109 3212; x_wconf 66' lang='grc' dir='ltr'>ἀγίαςξΚυριακῆς,καὶ</span> <span class='ocrx_word' id='word_1_379' title='bbox 3139 3143 3196 3195; x_wconf 86' lang='grc' dir='ltr'>ὲν</span> <span class='ocrx_word' id='word_1_380' title='bbox 3224 3145 3292 3215; x_wconf 83' lang='grc' dir='ltr'>τῇ</span> <span class='ocrx_word' id='word_1_381' title='bbox 3321 3142 3634 3214; x_wconf 82' lang='grc' dir='ltr'>λειτουργίᾳ</span> <span class='ocrx_word' id='word_1_382' title='bbox 3664 3144 3760 3196; x_wconf 74' lang='grc' dir='ltr'>αὑ-</span> 
     </span>
    </p>
   </div>
   <div class='ocr_carea' id='block_1_58' title="bbox 497 3230 2076 3340">
    <p class='ocr_par' dir='ltr' id='par_1_58' title="bbox 497 3239 2074 3317">
     <span class='ocr_line' id='line_1_58' title="bbox 497 3239 2074 3317; baseline -0.002 -18"><span class='ocrx_word' id='word_1_383' title='bbox 497 3243 793 3317; x_wconf 69' lang='lat' dir='ltr'><strong>praafectus</strong></span> <span class='ocrx_word' id='word_1_384' title='bbox 846 3248 906 3296; x_wconf 88' lang='lat' dir='ltr'><strong>ut</strong></span> <span class='ocrx_word' id='word_1_385' title='bbox 953 3239 1142 3294; x_wconf 89' lang='lat' dir='ltr'><strong>divino</strong></span> <span class='ocrx_word' id='word_1_386' title='bbox 1191 3247 1422 3310; x_wconf 89' lang='lat' dir='ltr'><strong>pareant</strong></span> <span class='ocrx_word' id='word_1_387' title='bbox 1455 3239 1734 3294; x_wconf 89' lang='lat' dir='ltr'><strong>mandato.</strong></span> <span class='ocrx_word' id='word_1_388' title='bbox 1786 3240 1843 3296; x_wconf 90' lang='lat' dir='ltr'><strong>Si</strong></span> <span class='ocrx_word' id='word_1_389' title='bbox 1890 3252 2074 3296; x_wconf 86' lang='lat' dir='ltr'><strong>autem</strong></span> 
     </span>
    </p>
   </div>
   <div class='ocr_carea' id='block_1_59' title="bbox 2172 3230 3756 3340">
    <p class='ocr_par' dir='ltr' id='par_1_59' title="bbox 2175 3230 3756 3304">
     <span class='ocr_line' id='line_1_59' title="bbox 2175 3230 3756 3304; baseline -0.002 -18"><span class='ocrx_word' id='word_1_390' title='bbox 2175 3233 2276 3303; x_wconf 84' lang='grc' dir='ltr'>τῆς</span> <span class='ocrx_word' id='word_1_391' title='bbox 2306 3233 2398 3287; x_wconf 74' lang='grc' dir='ltr'>καὶ</span> <span class='ocrx_word' id='word_1_392' title='bbox 2430 3233 2487 3286; x_wconf 86' lang='grc' dir='ltr'>ὲν</span> <span class='ocrx_word' id='word_1_393' title='bbox 2519 3231 2597 3304; x_wconf 80' lang='grc' dir='ltr'>τῷ</span> <span class='ocrx_word' id='word_1_394' title='bbox 2633 3231 2928 3303; x_wconf 79' lang='grc' dir='ltr'>ὲσπερινῷ,</span> <span class='ocrx_word' id='word_1_395' title='bbox 2963 3231 3173 3298; x_wconf 77' lang='grc' dir='ltr'>τούτοις</span> <span class='ocrx_word' id='word_1_396' title='bbox 3209 3233 3301 3286; x_wconf 72' lang='grc' dir='ltr'><strong>ἐπὶ</strong></span> <span class='ocrx_word' id='word_1_397' title='bbox 3355 3231 3435 3295; x_wconf 73' lang='grc' dir='ltr'>δὶς</span> <span class='ocrx_word' id='word_1_398' title='bbox 3468 3232 3588 3285; x_wconf 83' lang='grc' dir='ltr'>κατ’</span> <span class='ocrx_word' id='word_1_399' title='bbox 3621 3230 3756 3284; x_wconf 79' lang='grc' dir='ltr'><strong>ἐνώ-</strong></span> 
     </span>
    </p>
   </div>
   <div class='ocr_carea' id='block_1_60' title="bbox 499 3323 2076 3400">
    <p class='ocr_par' dir='ltr' id='par_1_60' title="bbox 499 3329 2073 3400">
     <span class='ocr_line' id='line_1_60' title="bbox 499 3329 2073 3400; baseline -0.001 -11"><span class='ocrx_word' id='word_1_400' title='bbox 499 3333 697 3390; x_wconf 89' lang='lat' dir='ltr'><strong>exinde</strong></span> <span class='ocrx_word' id='word_1_401' title='bbox 728 3347 838 3386; x_wconf 91' lang='lat' dir='ltr'><strong>non</strong></span> <span class='ocrx_word' id='word_1_402' title='bbox 873 3331 956 3384; x_wconf 88' lang='lat' dir='ltr'><strong>eis</strong></span> <span class='ocrx_word' id='word_1_403' title='bbox 979 3329 1298 3400; x_wconf 68' lang='lat' dir='ltr'><strong>praescripta</strong></span> <span class='ocrx_word' id='word_1_404' title='bbox 1342 3339 1716 3399; x_wconf 88' lang='lat' dir='ltr'><strong>exsequantur</strong></span> <span class='ocrx_word' id='word_1_405' title='bbox 1736 3372 1750 3396; x_wconf 90' lang='lat'><strong>,</strong></span> <span class='ocrx_word' id='word_1_406' title='bbox 1789 3329 2073 3387; x_wconf 89' lang='lat' dir='ltr'><strong>auferatur</strong></span> 
     </span>
    </p>
   </div>
   <div class='ocr_carea' id='block_1_61' title="bbox 2172 3323 3756 3400">
    <p class='ocr_par' dir='ltr' id='par_1_61' title="bbox 2178 3323 3756 3398">
     <span class='ocr_line' id='line_1_61' title="bbox 2178 3323 3756 3398; baseline 0.001 -20"><span class='ocrx_word' id='word_1_407' title='bbox 2178 3341 2302 3378; x_wconf 90' lang='grc' dir='ltr'>πιον</span> <span class='ocrx_word' id='word_1_408' title='bbox 2325 3325 2492 3392; x_wconf 82' lang='grc' dir='ltr'>ἀξίων</span> <span class='ocrx_word' id='word_1_409' title='bbox 2515 3325 2683 3398; x_wconf 83' lang='grc' dir='ltr'>τριῶν</span> <span class='ocrx_word' id='word_1_410' title='bbox 2714 3323 3025 3396; x_wconf 87' lang='grc' dir='ltr'>προσώπων</span> <span class='ocrx_word' id='word_1_411' title='bbox 3055 3323 3301 3395; x_wconf 84' lang='grc' dir='ltr'>φωνείτω</span> <span class='ocrx_word' id='word_1_412' title='bbox 3329 3325 3356 3378; x_wconf 92' lang='lat'><strong>6</strong></span> <span class='ocrx_word' id='word_1_413' title='bbox 3374 3323 3756 3394; x_wconf 74' lang='grc' dir='ltr'>γειτονιὰρχης</span> 
     </span>
    </p>
   </div>
   <div class='ocr_carea' id='block_1_62' title="bbox 501 3415 2076 3490">
    <p class='ocr_par' dir='ltr' id='par_1_62' title="bbox 501 3417 2075 3484">
     <span class='ocr_line' id='line_1_62' title="bbox 501 3417 2075 3484; baseline -0.001 -7"><span class='ocrx_word' id='word_1_414' title='bbox 501 3421 572 3478; x_wconf 87' lang='lat' dir='ltr'><strong>ab</strong></span> <span class='ocrx_word' id='word_1_415' title='bbox 597 3421 666 3476; x_wconf 92' lang='lat' dir='ltr'><strong>iis</strong></span> <span class='ocrx_word' id='word_1_416' title='bbox 686 3420 868 3475; x_wconf 88' lang='lat' dir='ltr'><strong>omnis</strong></span> <span class='ocrx_word' id='word_1_417' title='bbox 889 3433 1082 3474; x_wconf 90' lang='lat' dir='ltr'><strong>eorum</strong></span> <span class='ocrx_word' id='word_1_418' title='bbox 1115 3417 1444 3484; x_wconf 88' lang='lat' dir='ltr'><strong>substantia,</strong></span> <span class='ocrx_word' id='word_1_419' title='bbox 1484 3427 1542 3473; x_wconf 92' lang='lat' dir='ltr'><strong>et</strong></span> <span class='ocrx_word' id='word_1_420' title='bbox 1568 3419 1858 3473; x_wconf 90' lang='lat' dir='ltr'><strong>dimidium</strong></span> <span class='ocrx_word' id='word_1_421' title='bbox 1889 3421 2075 3476; x_wconf 88' lang='lat' dir='ltr'><strong>fratri-</strong></span> 
     </span>
    </p>
   </div>
   <div class='ocr_carea' id='block_1_63' title="bbox 2172 3415 3757 3490">
    <p class='ocr_par' dir='ltr' id='par_1_63' title="bbox 2177 3415 3757 3490">
     <span class='ocr_line' id='line_1_63' title="bbox 2177 3415 3757 3490; baseline -0.002 -19"><span class='ocrx_word' id='word_1_422' title='bbox 2177 3417 2429 3473; x_wconf 81' lang='grc' dir='ltr'>ὑπείκειν</span> <span class='ocrx_word' id='word_1_423' title='bbox 2453 3421 2518 3490; x_wconf 66' lang='grc' dir='ltr'>τῇ</span> <span class='ocrx_word' id='word_1_424' title='bbox 2547 3419 2667 3489; x_wconf 79' lang='grc' dir='ltr'>θείᾳ</span> <span class='ocrx_word' id='word_1_425' title='bbox 2695 3416 2968 3473; x_wconf 83' lang='grc' dir='ltr'>κελεύσει.</span> <span class='ocrx_word' id='word_1_426' title='bbox 2997 3417 3106 3471; x_wconf 76' lang='grc' dir='ltr'><strong>Καὶ</strong></span> <span class='ocrx_word' id='word_1_427' title='bbox 3127 3418 3224 3472; x_wconf 86' lang='grc' dir='ltr'><strong>ὲάν</strong></span> <span class='ocrx_word' id='word_1_428' title='bbox 3247 3417 3434 3470; x_wconf 75' lang='grc' dir='ltr'>ἔκτοτε</span> <span class='ocrx_word' id='word_1_429' title='bbox 3468 3415 3545 3488; x_wconf 79' lang='grc' dir='ltr'>μὴ</span> <span class='ocrx_word' id='word_1_430' title='bbox 3562 3432 3757 3486; x_wconf 89' lang='grc' dir='ltr'>κατερ-</span> 
     </span>
    </p>
   </div>
   <div class='ocr_carea' id='block_1_64' title="bbox 500 3505 2076 3582">
    <p class='ocr_par' dir='ltr' id='par_1_64' title="bbox 500 3507 2076 3582">
     <span class='ocr_line' id='line_1_64' title="bbox 500 3507 2076 3582; baseline -0.001 -14"><span class='ocrx_word' id='word_1_431' title='bbox 500 3511 608 3568; x_wconf 88' lang='lat' dir='ltr'><strong>bus</strong></span> <span class='ocrx_word' id='word_1_432' title='bbox 629 3510 686 3566; x_wconf 89' lang='lat' dir='ltr'><strong>in</strong></span> <span class='ocrx_word' id='word_1_433' title='bbox 707 3523 1007 3582; x_wconf 84' lang='lat' dir='ltr'><strong>egenorum</strong></span> <span class='ocrx_word' id='word_1_434' title='bbox 1033 3507 1276 3578; x_wconf 87' lang='lat' dir='ltr'><strong>hospitio</strong></span> <span class='ocrx_word' id='word_1_435' title='bbox 1295 3508 1577 3563; x_wconf 86' lang='lat' dir='ltr'><strong>collocatis</strong></span> <span class='ocrx_word' id='word_1_436' title='bbox 1601 3508 1903 3564; x_wconf 88' lang='lat' dir='ltr'><strong>dividatur.</strong></span> <span class='ocrx_word' id='word_1_437' title='bbox 1934 3513 2076 3567; x_wconf 83' lang='lat' dir='ltr'><strong>Reli-</strong></span> 
     </span>
    </p>
   </div>
   <div class='ocr_carea' id='block_1_65' title="bbox 2172 3505 3755 3582">
    <p class='ocr_par' dir='ltr' id='par_1_65' title="bbox 2177 3505 3755 3581">
     <span class='ocr_line' id='line_1_65' title="bbox 2177 3505 3755 3581; baseline -0.003 -19"><span class='ocrx_word' id='word_1_438' title='bbox 2177 3508 2456 3577; x_wconf 90' lang='grc' dir='ltr'>γάσωνται</span> <span class='ocrx_word' id='word_1_439' title='bbox 2489 3510 2558 3562; x_wconf 75' lang='grc' dir='ltr'><strong>τὰ</strong></span> <span class='ocrx_word' id='word_1_440' title='bbox 2589 3509 3044 3581; x_wconf 79' lang='grc' dir='ltr'>προστεταγμένα</span> <span class='ocrx_word' id='word_1_441' title='bbox 3069 3509 3276 3573; x_wconf 75' lang='grc' dir='ltr'>αὑτοῖς,</span> <span class='ocrx_word' id='word_1_442' title='bbox 3310 3505 3755 3580; x_wconf 86' lang='grc' dir='ltr'>ἁφαιρείσθωσαν</span> 
     </span>
    </p>
   </div>
   <div class='ocr_carea' id='block_1_66' title="bbox 501 3595 2076 3674">
    <p class='ocr_par' dir='ltr' id='par_1_66' title="bbox 501 3599 2076 3674">
     <span class='ocr_line' id='line_1_66' title="bbox 501 3599 2076 3674; baseline -0.001 -16"><span class='ocrx_word' id='word_1_443' title='bbox 501 3617 666 3674; x_wconf 88' lang='lat' dir='ltr'><strong>quam</strong></span> <span class='ocrx_word' id='word_1_444' title='bbox 713 3616 847 3657; x_wconf 87' lang='lat' dir='ltr'><strong>vero</strong></span> <span class='ocrx_word' id='word_1_445' title='bbox 892 3607 1104 3671; x_wconf 88' lang='lat' dir='ltr'><strong>partem</strong></span> <span class='ocrx_word' id='word_1_446' title='bbox 1154 3599 1358 3653; x_wconf 87' lang='lat' dir='ltr'><strong>habeat</strong></span> <span class='ocrx_word' id='word_1_447' title='bbox 1402 3599 1510 3654; x_wconf 90' lang='lat' dir='ltr'><strong>sibi</strong></span> <span class='ocrx_word' id='word_1_448' title='bbox 1563 3615 1664 3670; x_wconf 92' lang='lat' dir='ltr'><strong>pro</strong></span> <span class='ocrx_word' id='word_1_449' title='bbox 1710 3600 1868 3656; x_wconf 92' lang='lat' dir='ltr'><strong>lucro</strong></span> <span class='ocrx_word' id='word_1_450' title='bbox 1913 3603 2076 3674; x_wconf 86' lang='lat' dir='ltr'><strong>hujus</strong></span> 
     </span>
    </p>
   </div>
   <div class='ocr_carea' id='block_1_67' title="bbox 2172 3595 3755 3674">
    <p class='ocr_par' dir='ltr' id='par_1_67' title="bbox 2179 3595 3755 3672">
     <span class='ocr_line' id='line_1_67' title="bbox 2179 3595 3755 3672; baseline -0.003 -18"><span class='ocrx_word' id='word_1_451' title='bbox 2179 3599 2364 3657; x_wconf 86' lang='grc' dir='ltr'>αὑτῶν</span> <span class='ocrx_word' id='word_1_452' title='bbox 2391 3602 2576 3656; x_wconf 76' lang='grc' dir='ltr'>πᾶσαν</span> <span class='ocrx_word' id='word_1_453' title='bbox 2604 3601 2705 3672; x_wconf 79' lang='grc' dir='ltr'>τὴν</span> <span class='ocrx_word' id='word_1_454' title='bbox 2737 3602 3038 3656; x_wconf 81' lang='grc' dir='ltr'>ὑπόστασιν</span> <span class='ocrx_word' id='word_1_455' title='bbox 3084 3601 3179 3654; x_wconf 72' lang='grc' dir='ltr'>καὶ</span> <span class='ocrx_word' id='word_1_456' title='bbox 3212 3598 3661 3671; x_wconf 81' lang='grc' dir='ltr'>διανεμέσθωσαν</span> <span class='ocrx_word' id='word_1_457' title='bbox 3688 3595 3755 3651; x_wconf 83' lang='grc' dir='ltr'><strong>τά</strong></span> 
     </span>
    </p>
   </div>
   <div class='ocr_carea' id='block_1_68' title="bbox 501 3674 2076 3793">
    <p class='ocr_par' dir='ltr' id='par_1_68' title="bbox 501 3690 2076 3766">
     <span class='ocr_line' id='line_1_68' title="bbox 501 3690 2076 3766; baseline -0.001 -15"><span class='ocrx_word' id='word_1_458' title='bbox 501 3693 746 3766; x_wconf 87' lang='lat' dir='ltr'><strong>regionis</strong></span> <span class='ocrx_word' id='word_1_459' title='bbox 768 3691 1080 3764; x_wconf 59' lang='lat' dir='ltr'><strong>praefectus,</strong></span> <span class='ocrx_word' id='word_1_460' title='bbox 1113 3705 1238 3746; x_wconf 91' lang='lat' dir='ltr'><strong>cum</strong></span> <span class='ocrx_word' id='word_1_461' title='bbox 1281 3690 1668 3746; x_wconf 89' lang='lat' dir='ltr'><strong>assedentibus</strong></span> <span class='ocrx_word' id='word_1_462' title='bbox 1706 3691 1756 3746; x_wconf 88' lang='lat' dir='ltr'><strong>ei</strong></span> <span class='ocrx_word' id='word_1_463' title='bbox 1786 3693 2076 3758; x_wconf 88' lang='lat' dir='ltr'><strong>militibus,</strong></span> 
     </span>
    </p>
   </div>
   <div class='ocr_carea' id='block_1_69' title="bbox 2172 3674 3753 3793">
    <p class='ocr_par' dir='ltr' id='par_1_69' title="bbox 2177 3674 3753 3793">
     <span class='ocr_line' id='line_1_69' title="bbox 2177 3674 3753 3793; baseline -0.002 -47"><span class='ocrx_word' id='word_1_464' title='bbox 2177 3674 2354 3793; x_wconf 42' lang='grc' dir='ltr'>ἡμίση</span> <span class='ocrx_word' id='word_1_465' title='bbox 2377 3694 2561 3748; x_wconf 83' lang='grc' dir='ltr'>αὑτῶν</span> <span class='ocrx_word' id='word_1_466' title='bbox 2593 3696 2707 3759; x_wconf 83' lang='grc' dir='ltr'>τοῖς</span> <span class='ocrx_word' id='word_1_467' title='bbox 2741 3693 2852 3766; x_wconf 68' lang='lat'><strong>(52)</strong></span> <span class='ocrx_word' id='word_1_468' title='bbox 2905 3694 2965 3748; x_wconf 81' lang='grc' dir='ltr'>ὲν</span> <span class='ocrx_word' id='word_1_469' title='bbox 3011 3695 3124 3757; x_wconf 78' lang='grc' dir='ltr'>τοῖς</span> <span class='ocrx_word' id='word_1_470' title='bbox 3169 3691 3636 3764; x_wconf 82' lang='grc' dir='ltr'>πτωχοτροφείοις</span> <span class='ocrx_word' id='word_1_471' title='bbox 3662 3707 3753 3744; x_wconf 83' lang='grc' dir='ltr'>τε·-</span> 
     </span>
    </p>
   </div>
   <div class='ocr_carea' id='block_1_70' title="bbox 501 3781 2076 3856">
    <p class='ocr_par' dir='ltr' id='par_1_70' title="bbox 501 3781 2076 3856">
     <span class='ocr_line' id='line_1_70' title="bbox 501 3781 2076 3856; baseline -0.002 -14"><span class='ocrx_word' id='word_1_472' title='bbox 501 3794 565 3842; x_wconf 90' lang='lat' dir='ltr'><strong>ut</strong></span> <span class='ocrx_word' id='word_1_473' title='bbox 607 3786 814 3856; x_wconf 90' lang='lat' dir='ltr'><strong>majore</strong></span> <span class='ocrx_word' id='word_1_474' title='bbox 844 3799 971 3838; x_wconf 93' lang='lat' dir='ltr'><strong>cum</strong></span> <span class='ocrx_word' id='word_1_475' title='bbox 1021 3781 1208 3837; x_wconf 88' lang='lat' dir='ltr'><strong>studio</strong></span> <span class='ocrx_word' id='word_1_476' title='bbox 1240 3781 1656 3853; x_wconf 91' lang='lat' dir='ltr'><strong>inquisitionem</strong></span> <span class='ocrx_word' id='word_1_477' title='bbox 1691 3782 1980 3853; x_wconf 82' lang='lat' dir='ltr'><strong>perﬁciant</strong></span> <span class='ocrx_word' id='word_1_478' title='bbox 2009 3784 2076 3839; x_wconf 91' lang='lat' dir='ltr'><strong>de</strong></span> 
     </span>
    </p>
   </div>
   <div class='ocr_carea' id='block_1_71' title="bbox 2172 3781 3754 3856">
    <p class='ocr_par' dir='ltr' id='par_1_71' title="bbox 2175 3781 3754 3856">
     <span class='ocr_line' id='line_1_71' title="bbox 2175 3781 3754 3856; baseline -0.001 -18"><span class='ocrx_word' id='word_1_479' title='bbox 2175 3781 2470 3856; x_wconf 85' lang='grc' dir='ltr'>ταγμένοις</span> <span class='ocrx_word' id='word_1_480' title='bbox 2503 3785 2773 3856; x_wconf 79' lang='grc' dir='ltr'>ἀδελφοῖς.</span> <span class='ocrx_word' id='word_1_481' title='bbox 2824 3785 2906 3838; x_wconf 89' lang='grc' dir='ltr'><strong>Τά</strong></span> <span class='ocrx_word' id='word_1_482' title='bbox 2940 3785 3236 3856; x_wconf 88' lang='grc' dir='ltr'>περί).οιπα</span> <span class='ocrx_word' id='word_1_483' title='bbox 3268 3785 3448 3840; x_wconf 84' lang='grc' dir='ltr'>αὑτῶν</span> <span class='ocrx_word' id='word_1_484' title='bbox 3475 3782 3754 3854; x_wconf 79' lang='grc' dir='ltr'>κατεχέτω</span> 
     </span>
    </p>
   </div>
   <div class='ocr_carea' id='block_1_72' title="bbox 504 3872 2076 3949">
    <p class='ocr_par' dir='ltr' id='par_1_72' title="bbox 504 3872 1893 3944">
     <span class='ocr_line' id='line_1_72' title="bbox 504 3872 1893 3944; baseline -0.006 -12"><span class='ocrx_word' id='word_1_485' title='bbox 504 3877 574 3932; x_wconf 90' lang='lat' dir='ltr'><strong>iis</strong></span> <span class='ocrx_word' id='word_1_486' title='bbox 599 3875 860 3931; x_wconf 90' lang='lat' dir='ltr'><strong>omnibus</strong></span> <span class='ocrx_word' id='word_1_487' title='bbox 891 3889 1014 3944; x_wconf 66' lang='lat' dir='ltr'><strong>quae</strong></span> <span class='ocrx_word' id='word_1_488' title='bbox 1040 3873 1378 3943; x_wconf 81' lang='lat' dir='ltr'><strong>imperamus</strong></span> <span class='ocrx_word' id='word_1_489' title='bbox 1399 3872 1502 3927; x_wconf 89' lang='lat' dir='ltr'><strong>eis.</strong></span> <span class='ocrx_word' id='word_1_490' title='bbox 1877 3929 1893 3940; x_wconf 40' lang='lat'><strong>‘</strong></span> 
     </span>
    </p>
   </div>
   <div class='ocr_carea' id='block_1_73' title="bbox 2172 3872 3755 3949">
    <p class='ocr_par' dir='ltr' id='par_1_73' title="bbox 2175 3875 3755 3949">
     <span class='ocr_line' id='line_1_73' title="bbox 2175 3875 3755 3949; baseline -0.002 -18"><span class='ocrx_word' id='word_1_491' title='bbox 2175 3879 2204 3931; x_wconf 95' lang='lat'><strong>6</strong></span> <span class='ocrx_word' id='word_1_492' title='bbox 2240 3877 2350 3931; x_wconf 86' lang='grc' dir='ltr'><strong>τῶν</strong></span> <span class='ocrx_word' id='word_1_493' title='bbox 2384 3878 2564 3931; x_wconf 71' lang='grc' dir='ltr'>ἐκεῖσε</span> <span class='ocrx_word' id='word_1_494' title='bbox 2610 3878 2994 3949; x_wconf 84' lang='grc' dir='ltr'>γειτονιὰρχης</span> <span class='ocrx_word' id='word_1_495' title='bbox 3025 3879 3106 3942; x_wconf 82' lang='grc' dir='ltr'><strong>είς</strong></span> <span class='ocrx_word' id='word_1_496' title='bbox 3151 3877 3347 3932; x_wconf 80' lang='grc' dir='ltr'>ἑαυτοῦ</span> <span class='ocrx_word' id='word_1_497' title='bbox 3392 3877 3584 3948; x_wconf 89' lang='grc' dir='ltr'>κέρδος</span> <span class='ocrx_word' id='word_1_498' title='bbox 3614 3875 3755 3947; x_wconf 80' lang='grc' dir='ltr'>μετὰ</span> 
     </span>
    </p>
   </div>
   <div class='ocr_carea' id='block_1_74' title="bbox 501 3929 3753 4043">
    <p class='ocr_par' dir='ltr' id='par_1_74' title="bbox 501 3929 3753 4043">
     <span class='ocr_line' id='line_1_74' title="bbox 501 3929 3753 4043; baseline 0 -22"><span class='ocrx_word' id='word_1_499' title='bbox 501 3969 610 4022; x_wconf 84' lang='grc' dir='ltr'>τῶν</span> <span class='ocrx_word' id='word_1_500' title='bbox 637 3929 1080 4038; x_wconf 69' lang='grc' dir='ltr'>παρεδρευόντων</span> <span class='ocrx_word' id='word_1_501' title='bbox 1111 3929 1262 4034; x_wconf 77' lang='grc' dir='ltr'>ἀὺτῷ</span> <span class='ocrx_word' id='word_1_502' title='bbox 1287 3964 1663 4035; x_wconf 82' lang='grc' dir='ltr'>στρατιωτῶν,</span> <span class='ocrx_word' id='word_1_503' title='bbox 1700 3963 1786 4018; x_wconf 77' lang='grc' dir='ltr'>ἵνα</span> <span class='ocrx_word' id='word_1_504' title='bbox 1822 3964 1918 4016; x_wconf 79' lang='grc' dir='ltr'>καὶ</span> <span class='ocrx_word' id='word_1_505' title='bbox 1947 3967 2255 4039; x_wconf 79' lang='grc' dir='ltr'>προθυμίαν</span> <span class='ocrx_word' id='word_1_506' title='bbox 2316 3929 2635 4042; x_wconf 52' lang='grc' dir='ltr'>κέκτηνται.</span> <span class='ocrx_word' id='word_1_507' title='bbox 2678 3969 2775 4024; x_wconf 79' lang='grc' dir='ltr'>τοῦ</span> <span class='ocrx_word' id='word_1_508' title='bbox 2834 3929 3202 4043; x_wconf 38' lang='grc' dir='ltr'>άκῆρίϐῶςῖιὴν</span> <span class='ocrx_word' id='word_1_509' title='bbox 3231 3929 3476 4043; x_wconf 75' lang='grc' dir='ltr'><strong>ἔρευνανι</strong></span> <span class='ocrx_word' id='word_1_510' title='bbox 3495 3929 3753 4041; x_wconf 68' lang='grc' dir='ltr'>εἰσπράτο</span> 
     </span>
    </p>
   </div>
   <div class='ocr_carea' id='block_1_75' title="bbox 503 4054 2448 4134">
    <p class='ocr_par' dir='ltr' id='par_1_75' title="bbox 503 4054 2448 4134">
     <span class='ocr_line' id='line_1_75' title="bbox 503 4054 2448 4134; baseline 0.003 -23"><span class='ocrx_word' id='word_1_511' title='bbox 503 4057 692 4112; x_wconf 85' lang='grc' dir='ltr'>τεσθαι</span> <span class='ocrx_word' id='word_1_512' title='bbox 753 4057 883 4125; x_wconf 80' lang='grc' dir='ltr'>περὶ</span> <span class='ocrx_word' id='word_1_513' title='bbox 929 4056 1150 4109; x_wconf 89' lang='grc' dir='ltr'>πάντων</span> <span class='ocrx_word' id='word_1_514' title='bbox 1182 4054 1294 4110; x_wconf 83' lang='grc' dir='ltr'><strong>τῶν</strong></span> <span class='ocrx_word' id='word_1_515' title='bbox 1344 4057 1843 4127; x_wconf 86' lang='grc' dir='ltr'>προστεταγμένων</span> <span class='ocrx_word' id='word_1_516' title='bbox 1893 4060 2079 4124; x_wconf 83' lang='grc' dir='ltr'>αὐτοῖς</span> <span class='ocrx_word' id='word_1_517' title='bbox 2117 4061 2448 4134; x_wconf 76' lang='grc' dir='ltr'>παρ’ήμῶν.</span> 
     </span>
    </p>
   </div>
   <div class='ocr_carea' id='block_1_76' title="bbox 1071 4213 1507 4270">
    <p class='ocr_par' dir='ltr' id='par_1_76' title="bbox 1071 4213 1507 4270">
     <span class='ocr_line' id='line_1_76' title="bbox 1071 4213 1507 4270; baseline 0 -2"><span class='ocrx_word' id='word_1_518' title='bbox 1071 4213 1252 4269; x_wconf 84' lang='lat' dir='ltr'><strong>FINIS</strong></span> <span class='ocrx_word' id='word_1_519' title='bbox 1287 4213 1507 4270; x_wconf 83' lang='lat' dir='ltr'><strong>LEGIS.</strong></span> 
     </span>
    </p>
   </div>
   <div class='ocr_carea' id='block_1_77' title="bbox 577 4329 2083 4400">
    <p class='ocr_par' dir='ltr' id='par_1_77' title="bbox 577 4329 2083 4400">
     <span class='ocr_line' id='line_1_77' title="bbox 577 4329 2083 4400; baseline 0.001 -14"><span class='ocrx_word' id='word_1_520' title='bbox 577 4331 704 4388; x_wconf 70' lang='lat' dir='ltr'><strong>llaec</strong></span> <span class='ocrx_word' id='word_1_521' title='bbox 733 4330 917 4386; x_wconf 89' lang='lat' dir='ltr'><strong>omnia</strong></span> <span class='ocrx_word' id='word_1_522' title='bbox 945 4329 1000 4384; x_wconf 92' lang='lat' dir='ltr'><strong>in</strong></span> <span class='ocrx_word' id='word_1_523' title='bbox 1028 4338 1179 4383; x_wconf 92' lang='lat' dir='ltr'><strong>tomo</strong></span> <span class='ocrx_word' id='word_1_524' title='bbox 1207 4343 1351 4383; x_wconf 91' lang='lat' dir='ltr'><strong>novo</strong></span> <span class='ocrx_word' id='word_1_525' title='bbox 1389 4344 1514 4384; x_wconf 91' lang='lat' dir='ltr'><strong>cum</strong></span> <span class='ocrx_word' id='word_1_526' title='bbox 1549 4329 1860 4400; x_wconf 90' lang='lat' dir='ltr'><strong>scripsisset</strong></span> <span class='ocrx_word' id='word_1_527' title='bbox 1885 4330 2083 4388; x_wconf 84' lang='lat' dir='ltr'><strong>beatus</strong></span> 
     </span>
    </p>
   </div>
   <div class='ocr_carea' id='block_1_78' title="bbox 507 4421 2083 4494">
    <p class='ocr_par' dir='ltr' id='par_1_78' title="bbox 507 4421 2083 4494">
     <span class='ocr_line' id='line_1_78' title="bbox 507 4421 2083 4494; baseline -0.001 -13"><span class='ocrx_word' id='word_1_528' title='bbox 507 4424 966 4494; x_wconf 89' lang='lat' dir='ltr'><strong>archiepiscopus</strong></span> <span class='ocrx_word' id='word_1_529' title='bbox 1015 4421 1365 4492; x_wconf 80' lang='lat' dir='ltr'><strong>Gregentius,</strong></span> <span class='ocrx_word' id='word_1_530' title='bbox 1422 4421 1616 4477; x_wconf 89' lang='lat' dir='ltr'><strong>adiens</strong></span> <span class='ocrx_word' id='word_1_531' title='bbox 1668 4423 2083 4494; x_wconf 87' lang='lat' dir='ltr'><strong>religiosissime</strong></span> 
     </span>
    </p>
   </div>
   <div class='ocr_carea' id='block_1_79' title="bbox 510 4513 2085 4588">
    <p class='ocr_par' dir='ltr' id='par_1_79' title="bbox 510 4513 2085 4588">
     <span class='ocr_line' id='line_1_79' title="bbox 510 4513 2085 4588; baseline -0.002 -16"><span class='ocrx_word' id='word_1_532' title='bbox 510 4516 625 4588; x_wconf 91' lang='lat' dir='ltr'><strong>regi</strong></span> <span class='ocrx_word' id='word_1_533' title='bbox 658 4514 924 4570; x_wconf 82' lang='lat' dir='ltr'><strong>Abramio</strong></span> <span class='ocrx_word' id='word_1_534' title='bbox 949 4513 1102 4567; x_wconf 90' lang='lat' dir='ltr'><strong>dedit</strong></span> <span class='ocrx_word' id='word_1_535' title='bbox 1130 4553 1144 4577; x_wconf 87' lang='lat'><strong>,</strong></span> <span class='ocrx_word' id='word_1_536' title='bbox 1171 4527 1295 4582; x_wconf 65' lang='lat' dir='ltr'><strong>qua:</strong></span> <span class='ocrx_word' id='word_1_537' title='bbox 1333 4527 1430 4567; x_wconf 92' lang='lat' dir='ltr'><strong>rex</strong></span> <span class='ocrx_word' id='word_1_538' title='bbox 1464 4528 1650 4568; x_wconf 91' lang='lat' dir='ltr'><strong>coram</strong></span> <span class='ocrx_word' id='word_1_539' title='bbox 1677 4529 1737 4569; x_wconf 92' lang='lat' dir='ltr'><strong>se</strong></span> <span class='ocrx_word' id='word_1_540' title='bbox 1762 4514 1928 4584; x_wconf 85' lang='lat' dir='ltr'><strong>jussit</strong></span> <span class='ocrx_word' id='word_1_541' title='bbox 1959 4530 2085 4585; x_wconf 82' lang='lat' dir='ltr'><strong>per-</strong></span> 
     </span>
    </p>
   </div>
   <div class='ocr_carea' id='block_1_80' title="bbox 507 4605 2086 4680">
    <p class='ocr_par' dir='ltr' id='par_1_80' title="bbox 507 4605 2086 4680">
     <span class='ocr_line' id='line_1_80' title="bbox 507 4605 2086 4680; baseline -0.003 -17"><span class='ocrx_word' id='word_1_542' title='bbox 507 4609 636 4680; x_wconf 89' lang='lat' dir='ltr'><strong>legi.</strong></span> <span class='ocrx_word' id='word_1_543' title='bbox 668 4607 736 4662; x_wconf 86' lang='lat' dir='ltr'><strong>Et</strong></span> <span class='ocrx_word' id='word_1_544' title='bbox 771 4622 896 4662; x_wconf 88' lang='lat' dir='ltr'><strong>cum</strong></span> <span class='ocrx_word' id='word_1_545' title='bbox 929 4605 1266 4676; x_wconf 86' lang='lat' dir='ltr'><strong>legerentur,</strong></span> <span class='ocrx_word' id='word_1_546' title='bbox 1299 4618 1632 4674; x_wconf 87' lang='lat' dir='ltr'><strong>magnopere</strong></span> <span class='ocrx_word' id='word_1_547' title='bbox 1654 4605 1876 4675; x_wconf 88' lang='lat' dir='ltr'><strong>gavisus</strong></span> <span class='ocrx_word' id='word_1_548' title='bbox 1910 4612 1996 4660; x_wconf 89' lang='lat' dir='ltr'><strong>est</strong></span> <span class='ocrx_word' id='word_1_549' title='bbox 2028 4614 2086 4660; x_wconf 90' lang='lat' dir='ltr'><strong>et</strong></span> 
     </span>
    </p>
   </div>
   <div class='ocr_carea' id='block_1_81' title="bbox 2629 4213 3312 4270">
    <p class='ocr_par' dir='ltr' id='par_1_81' title="bbox 2629 4213 3312 4270">
     <span class='ocr_line' id='line_1_81' title="bbox 2629 4213 3312 4270; baseline 0.004 -3"><span class='ocrx_word' id='word_1_550' title='bbox 2629 4213 2852 4268; x_wconf 84' lang='grc' dir='ltr'><strong>ΤΕΛΟΣ</strong></span> <span class='ocrx_word' id='word_1_551' title='bbox 2880 4215 3018 4268; x_wconf 86' lang='grc' dir='ltr'><strong>ΤΟΥ</strong></span> <span class='ocrx_word' id='word_1_552' title='bbox 3046 4214 3312 4270; x_wconf 86' lang='grc' dir='ltr'><strong>ΝΟΜΟΥ.</strong></span> 
     </span>
    </p>
   </div>
   <div class='ocr_carea' id='block_1_82' title="bbox 2254 4326 3763 4400">
    <p class='ocr_par' dir='ltr' id='par_1_82' title="bbox 2254 4326 3763 4400">
     <span class='ocr_line' id='line_1_82' title="bbox 2254 4326 3763 4400; baseline -0.001 -20"><span class='ocrx_word' id='word_1_553' title='bbox 2254 4327 2442 4381; x_wconf 81' lang='grc' dir='ltr'>Ταῦτα</span> <span class='ocrx_word' id='word_1_554' title='bbox 2484 4327 2663 4382; x_wconf 88' lang='grc' dir='ltr'>πάντα</span> <span class='ocrx_word' id='word_1_555' title='bbox 2696 4327 2755 4380; x_wconf 81' lang='grc' dir='ltr'>ἐν</span> <span class='ocrx_word' id='word_1_556' title='bbox 2785 4327 2936 4398; x_wconf 82' lang='grc' dir='ltr'>τόμῳ</span> <span class='ocrx_word' id='word_1_557' title='bbox 2961 4326 3104 4398; x_wconf 82' lang='grc' dir='ltr'>κενῷ</span> <span class='ocrx_word' id='word_1_558' title='bbox 3136 4327 3246 4400; x_wconf 76' lang='grc'><strong>(55)</strong></span> <span class='ocrx_word' id='word_1_559' title='bbox 3275 4327 3495 4399; x_wconf 77' lang='grc' dir='ltr'>γράψας</span> <span class='ocrx_word' id='word_1_560' title='bbox 3525 4328 3553 4381; x_wconf 94' lang='lat'><strong>6</strong></span> <span class='ocrx_word' id='word_1_561' title='bbox 3579 4345 3763 4398; x_wconf 64' lang='lat' dir='ltr'><strong>pexa.-</strong></span> 
     </span>
    </p>
   </div>
   <div class='ocr_carea' id='block_1_83' title="bbox 2188 4415 3758 4492">
    <p class='ocr_par' dir='ltr' id='par_1_83' title="bbox 2188 4415 3758 4492">
     <span class='ocr_line' id='line_1_83' title="bbox 2188 4415 3758 4492; baseline -0.003 -20"><span class='ocrx_word' id='word_1_562' title='bbox 2188 4420 2340 4492; x_wconf 73' lang='grc' dir='ltr'>ρίτης</span> <span class='ocrx_word' id='word_1_563' title='bbox 2397 4420 2553 4490; x_wconf 78' lang='grc'><strong>113</strong></span> <span class='ocrx_word' id='word_1_564' title='bbox 2596 4419 3029 4491; x_wconf 87' lang='grc' dir='ltr'>ἀρχιεπίσκοπος</span> <span class='ocrx_word' id='word_1_565' title='bbox 3059 4419 3406 4490; x_wconf 86' lang='grc' dir='ltr'>Γρηγέντιος,</span> <span class='ocrx_word' id='word_1_566' title='bbox 3441 4415 3758 4490; x_wconf 26' lang='grc' dir='ltr'>προσελθὼν,</span> 
     </span>
    </p>
   </div>
   <div class='ocr_carea' id='block_1_84' title="bbox 2185 4509 3752 4582">
    <p class='ocr_par' dir='ltr' id='par_1_84' title="bbox 2185 4509 3752 4582">
     <span class='ocr_line' id='line_1_84' title="bbox 2185 4509 3752 4582; baseline -0.002 -18"><span class='ocrx_word' id='word_1_567' title='bbox 2185 4511 2462 4564; x_wconf 76' lang='grc' dir='ltr'>ἐπέδωκεν</span> <span class='ocrx_word' id='word_1_568' title='bbox 2489 4510 2629 4564; x_wconf 89' lang='grc' dir='ltr'><strong>αὑτά</strong></span> <span class='ocrx_word' id='word_1_569' title='bbox 2679 4509 2756 4582; x_wconf 80' lang='grc' dir='ltr'><strong>τῷ</strong></span> <span class='ocrx_word' id='word_1_570' title='bbox 2808 4510 3187 4582; x_wconf 86' lang='grc' dir='ltr'>εὑσεϐεστὰτῳ</span> <span class='ocrx_word' id='word_1_571' title='bbox 3239 4510 3453 4582; x_wconf 82' lang='grc' dir='ltr'>βασιλεῖ</span> <span class='ocrx_word' id='word_1_572' title='bbox 3484 4509 3752 4581; x_wconf 82' lang='grc' dir='ltr'>Ἀϐραάμ.</span> 
     </span>
    </p>
   </div>
   <div class='ocr_carea' id='block_1_85' title="bbox 2195 4599 3754 4674">
    <p class='ocr_par' dir='ltr' id='par_1_85' title="bbox 2195 4599 3754 4674">
     <span class='ocr_line' id='line_1_85' title="bbox 2195 4599 3754 4674; baseline -0.002 -19"><span class='ocrx_word' id='word_1_573' title='bbox 2195 4602 2255 4654; x_wconf 83' lang='grc'><strong>’0</strong></span> <span class='ocrx_word' id='word_1_574' title='bbox 2315 4603 2376 4656; x_wconf 82' lang='grc' dir='ltr'>δὲ</span> <span class='ocrx_word' id='word_1_575' title='bbox 2433 4603 2686 4674; x_wconf 77' lang='grc' dir='ltr'>βασιλεὺς</span> <span class='ocrx_word' id='word_1_576' title='bbox 2731 4601 3020 4656; x_wconf 74' lang='grc' dir='ltr'>ἐκέλευσεν</span> <span class='ocrx_word' id='word_1_577' title='bbox 3071 4603 3212 4656; x_wconf 89' lang='grc' dir='ltr'><strong>αὑτά</strong></span> <span class='ocrx_word' id='word_1_578' title='bbox 3263 4603 3553 4656; x_wconf 85' lang='grc' dir='ltr'>κατέναντι</span> <span class='ocrx_word' id='word_1_579' title='bbox 3589 4599 3754 4655; x_wconf 81' lang='grc' dir='ltr'>αὑτοῦ</span> 
     </span>
    </p>
   </div>
   <div class='ocr_carea' id='block_1_86' title="bbox 509 4691 2076 4777">
    <p class='ocr_par' dir='ltr' id='par_1_86' title="bbox 509 4696 2076 4777">
     <span class='ocr_line' id='line_1_86' title="bbox 509 4696 2076 4777; baseline -0.003 -21"><span class='ocrx_word' id='word_1_580' title='bbox 509 4699 712 4771; x_wconf 87' lang='lat' dir='ltr'><strong>spiritu</strong></span> <span class='ocrx_word' id='word_1_581' title='bbox 762 4698 1081 4754; x_wconf 79' lang='lat' dir='ltr'><strong>exsultavit.</strong></span> <span class='ocrx_word' id='word_1_582' title='bbox 1125 4696 1520 4777; x_wconf 79' lang='lat' dir='ltr'><strong>Accedensque</strong></span> <span class='ocrx_word' id='word_1_583' title='bbox 1563 4711 1660 4751; x_wconf 83' lang='lat' dir='ltr'><strong>rex</strong></span> <span class='ocrx_word' id='word_1_584' title='bbox 1698 4697 1844 4751; x_wconf 90' lang='lat' dir='ltr'><strong>beati</strong></span> <span class='ocrx_word' id='word_1_585' title='bbox 1891 4712 2076 4752; x_wconf 77' lang='lat' dir='ltr'><strong>manus</strong></span> 
     </span>
    </p>
   </div>
   <div class='ocr_carea' id='block_1_87' title="bbox 2172 4691 3752 4777">
    <p class='ocr_par' dir='ltr' id='par_1_87' title="bbox 2185 4691 3752 4766">
     <span class='ocr_line' id='line_1_87' title="bbox 2185 4691 3752 4766; baseline -0.004 -16"><span class='ocrx_word' id='word_1_586' title='bbox 2185 4696 2630 4766; x_wconf 73' lang='grc' dir='ltr'>ἀναγνωσθῆναι.</span> <span class='ocrx_word' id='word_1_587' title='bbox 2673 4693 3160 4763; x_wconf 81' lang='grc' dir='ltr'>Ἀναγνωσθέντων</span> <span class='ocrx_word' id='word_1_588' title='bbox 3195 4693 3253 4747; x_wconf 80' lang='grc' dir='ltr'>δὲ</span> <span class='ocrx_word' id='word_1_589' title='bbox 3284 4693 3485 4759; x_wconf 86' lang='grc' dir='ltr'>αὑτῶν,</span> <span class='ocrx_word' id='word_1_590' title='bbox 3518 4691 3752 4763; x_wconf 71' lang='grc' dir='ltr'>ἐτέρφθη</span> 
     </span>
    </p>
   </div>
   <div class='ocr_carea' id='block_1_88' title="bbox 511 4783 2076 4858">
    <p class='ocr_par' dir='ltr' id='par_1_88' title="bbox 511 4785 2076 4856">
     <span class='ocr_line' id='line_1_88' title="bbox 511 4785 2076 4856; baseline -0.001 -14"><span class='ocrx_word' id='word_1_591' title='bbox 511 4788 796 4844; x_wconf 90' lang='lat' dir='ltr'><strong>osculatus</strong></span> <span class='ocrx_word' id='word_1_592' title='bbox 840 4795 968 4850; x_wconf 90' lang='lat' dir='ltr'><strong>est,</strong></span> <span class='ocrx_word' id='word_1_593' title='bbox 1015 4785 1221 4855; x_wconf 89' lang='lat' dir='ltr'><strong>quibus</strong></span> <span class='ocrx_word' id='word_1_594' title='bbox 1272 4800 1338 4840; x_wconf 88' lang='lat' dir='ltr'><strong>ea</strong></span> <span class='ocrx_word' id='word_1_595' title='bbox 1398 4787 1741 4854; x_wconf 86' lang='lat' dir='ltr'><strong>scripserat,</strong></span> <span class='ocrx_word' id='word_1_596' title='bbox 1797 4785 2076 4856; x_wconf 87' lang='lat' dir='ltr'><strong>dixitque:</strong></span> 
     </span>
    </p>
   </div>
   <div class='ocr_carea' id='block_1_89' title="bbox 2172 4783 3757 4858">
    <p class='ocr_par' dir='ltr' id='par_1_89' title="bbox 2185 4783 3757 4858">
     <span class='ocr_line' id='line_1_89' title="bbox 2185 4783 3757 4858; baseline -0.003 -18"><span class='ocrx_word' id='word_1_597' title='bbox 2185 4787 2307 4842; x_wconf 88' lang='grc' dir='ltr'>λίαν</span> <span class='ocrx_word' id='word_1_598' title='bbox 2335 4787 2430 4841; x_wconf 73' lang='grc' dir='ltr'>καὶ</span> <span class='ocrx_word' id='word_1_599' title='bbox 2455 4787 2828 4858; x_wconf 73' lang='grc' dir='ltr'>ἠγαλλιάσατο</span> <span class='ocrx_word' id='word_1_600' title='bbox 2863 4786 2942 4858; x_wconf 84' lang='grc' dir='ltr'><strong>τῷ</strong></span> <span class='ocrx_word' id='word_1_601' title='bbox 2966 4788 3264 4858; x_wconf 83' lang='grc' dir='ltr'>πνεύματι.</span> <span class='ocrx_word' id='word_1_602' title='bbox 3293 4787 3406 4840; x_wconf 77' lang='grc' dir='ltr'><strong>Καὶ</strong></span> <span class='ocrx_word' id='word_1_603' title='bbox 3442 4783 3757 4857; x_wconf 79' lang='grc' dir='ltr'>προσελθὼν</span> 
     </span>
    </p>
   </div>
   <div class='ocr_carea' id='block_1_90' title="bbox 515 4877 2081 4946">
    <p class='ocr_par' dir='ltr' id='par_1_90' title="bbox 515 4877 2081 4946">
     <span class='ocr_line' id='line_1_90' title="bbox 515 4877 2081 4946; baseline -0.001 -14"><span class='ocrx_word' id='word_1_604' title='bbox 515 4897 535 4932; x_wconf 80' lang='grc' dir='ltr'><strong>ι</strong></span> <span class='ocrx_word' id='word_1_605' title='bbox 568 4879 867 4934; x_wconf 89' lang='lat' dir='ltr'><strong>Benedicta</strong></span> <span class='ocrx_word' id='word_1_606' title='bbox 897 4877 1015 4932; x_wconf 81' lang='lat' dir='ltr'><strong>haec</strong></span> <span class='ocrx_word' id='word_1_607' title='bbox 1042 4877 1179 4931; x_wconf 75' lang='lat' dir='ltr'><strong>liora</strong></span> <span class='ocrx_word' id='word_1_608' title='bbox 1198 4877 1457 4942; x_wconf 90' lang='lat' dir='ltr'><strong>Domino,</strong></span> <span class='ocrx_word' id='word_1_609' title='bbox 1484 4877 1539 4930; x_wconf 91' lang='lat' dir='ltr'><strong>in</strong></span> <span class='ocrx_word' id='word_1_610' title='bbox 1566 4892 1676 4946; x_wconf 90' lang='lat' dir='ltr'><strong>qua</strong></span> <span class='ocrx_word' id='word_1_611' title='bbox 1706 4877 1775 4931; x_wconf 90' lang='lat' dir='ltr'><strong>de</strong></span> <span class='ocrx_word' id='word_1_612' title='bbox 1801 4885 1851 4932; x_wconf 90' lang='lat' dir='ltr'><strong>te</strong></span> <span class='ocrx_word' id='word_1_613' title='bbox 1874 4877 2081 4932; x_wconf 89' lang='lat' dir='ltr'><strong>dictum</strong></span> 
     </span>
    </p>
   </div>
   <div class='ocr_carea' id='block_1_91' title="bbox 507 4967 2083 5026">
    <p class='ocr_par' dir='ltr' id='par_1_91' title="bbox 507 4967 2083 5026">
     <span class='ocr_line' id='line_1_91' title="bbox 507 4967 2083 5026; baseline -0.001 -2"><span class='ocrx_word' id='word_1_614' title='bbox 507 4979 593 5024; x_wconf 84' lang='lat' dir='ltr'><strong>cst</strong></span> <span class='ocrx_word' id='word_1_615' title='bbox 625 4986 792 5026; x_wconf 88' lang='lat' dir='ltr'><strong>:ecce</strong></span> <span class='ocrx_word' id='word_1_616' title='bbox 815 4970 1092 5024; x_wconf 90' lang='lat' dir='ltr'><strong>masculus</strong></span> <span class='ocrx_word' id='word_1_617' title='bbox 1129 4977 1296 5024; x_wconf 89' lang='lat' dir='ltr'><strong>natus</strong></span> <span class='ocrx_word' id='word_1_618' title='bbox 1331 4978 1434 5024; x_wconf 90' lang='lat' dir='ltr'><strong>est.</strong></span> <span class='ocrx_word' id='word_1_619' title='bbox 1469 4987 1489 5022; x_wconf 76' lang='grc' dir='ltr'><strong>ι</strong></span> <span class='ocrx_word' id='word_1_620' title='bbox 1522 4967 1880 5023; x_wconf 89' lang='lat' dir='ltr'><strong>Beatissimus</strong></span> <span class='ocrx_word' id='word_1_621' title='bbox 1899 4976 2083 5024; x_wconf 89' lang='lat' dir='ltr'><strong>autem</strong></span> 
     </span>
    </p>
   </div>
   <div class='ocr_carea' id='block_1_92' title="bbox 511 5060 2086 5133">
    <p class='ocr_par' dir='ltr' id='par_1_92' title="bbox 511 5060 2086 5133">
     <span class='ocr_line' id='line_1_92' title="bbox 511 5060 2086 5133; baseline 0 -17"><span class='ocrx_word' id='word_1_622' title='bbox 511 5062 627 5133; x_wconf 90' lang='lat' dir='ltr'><strong>regi</strong></span> <span class='ocrx_word' id='word_1_623' title='bbox 651 5063 941 5133; x_wconf 89' lang='lat' dir='ltr'><strong>proposuit</strong></span> <span class='ocrx_word' id='word_1_624' title='bbox 971 5063 1088 5118; x_wconf 83' lang='lat' dir='ltr'><strong>haec</strong></span> <span class='ocrx_word' id='word_1_625' title='bbox 1113 5060 1408 5118; x_wconf 90' lang='lat' dir='ltr'><strong>transcribi</strong></span> <span class='ocrx_word' id='word_1_626' title='bbox 1432 5061 1489 5116; x_wconf 92' lang='lat' dir='ltr'><strong>in</strong></span> <span class='ocrx_word' id='word_1_627' title='bbox 1511 5062 1702 5118; x_wconf 89' lang='lat' dir='ltr'><strong>multis</strong></span> <span class='ocrx_word' id='word_1_628' title='bbox 1719 5061 1844 5118; x_wconf 92' lang='lat' dir='ltr'><strong>aliis</strong></span> <span class='ocrx_word' id='word_1_629' title='bbox 1861 5060 2086 5127; x_wconf 90' lang='lat' dir='ltr'><strong>libellis,</strong></span> 
     </span>
    </p>
   </div>
   <div class='ocr_carea' id='block_1_93' title="bbox 2184 4872 3752 4948">
    <p class='ocr_par' dir='ltr' id='par_1_93' title="bbox 2184 4872 3752 4948">
     <span class='ocr_line' id='line_1_93' title="bbox 2184 4872 3752 4948; baseline -0.004 -17"><span class='ocrx_word' id='word_1_630' title='bbox 2184 4879 2213 4931; x_wconf 94' lang='lat'><strong>6</strong></span> <span class='ocrx_word' id='word_1_631' title='bbox 2253 4875 2514 4948; x_wconf 82' lang='grc' dir='ltr'>βασιλεὺς</span> <span class='ocrx_word' id='word_1_632' title='bbox 2549 4877 2831 4944; x_wconf 84' lang='grc' dir='ltr'>κατεφίλει</span> <span class='ocrx_word' id='word_1_633' title='bbox 2855 4876 2952 4939; x_wconf 85' lang='grc' dir='ltr'>τὰς</span> <span class='ocrx_word' id='word_1_634' title='bbox 2978 4877 3164 4948; x_wconf 86' lang='grc' dir='ltr'>χεῖρας</span> <span class='ocrx_word' id='word_1_635' title='bbox 3193 4875 3304 4947; x_wconf 71' lang='grc'><strong>(54)</strong></span> <span class='ocrx_word' id='word_1_636' title='bbox 3336 4873 3429 4928; x_wconf 85' lang='grc' dir='ltr'>τοῦ</span> <span class='ocrx_word' id='word_1_637' title='bbox 3461 4872 3752 4945; x_wconf 85' lang='grc' dir='ltr'>μακαρίου,</span> 
     </span>
    </p>
   </div>
   <div class='ocr_carea' id='block_1_94' title="bbox 2189 4963 3755 5040">
    <p class='ocr_par' dir='ltr' id='par_1_94' title="bbox 2189 4963 3755 5040">
     <span class='ocr_line' id='line_1_94' title="bbox 2189 4963 3755 5040; baseline -0.001 -20"><span class='ocrx_word' id='word_1_638' title='bbox 2189 4966 2308 5039; x_wconf 85' lang='grc' dir='ltr'>μεθ’</span> <span class='ocrx_word' id='word_1_639' title='bbox 2331 4963 2408 5023; x_wconf 83' lang='grc' dir='ltr'>ὧν</span> <span class='ocrx_word' id='word_1_640' title='bbox 2432 4968 2598 5032; x_wconf 80' lang='grc' dir='ltr'>αὑτὸς</span> <span class='ocrx_word' id='word_1_641' title='bbox 2618 4969 2806 5021; x_wconf 78' lang='grc' dir='ltr'>ὲκεῑνα</span> <span class='ocrx_word' id='word_1_642' title='bbox 2830 4969 3174 5040; x_wconf 83' lang='grc' dir='ltr'>γεγράφηκε,</span> <span class='ocrx_word' id='word_1_643' title='bbox 3202 4969 3298 5022; x_wconf 74' lang='grc' dir='ltr'>καὶ</span> <span class='ocrx_word' id='word_1_644' title='bbox 3324 4963 3476 5021; x_wconf 77' lang='grc' dir='ltr'>εἷπεν</span> <span class='ocrx_word' id='word_1_645' title='bbox 3494 4983 3508 4998; x_wconf 86' lang='grc'><strong>·</strong></span> <span class='ocrx_word' id='word_1_646' title='bbox 3542 4985 3560 5019; x_wconf 88' lang='lat' dir='ltr'><strong>t</strong></span> <span class='ocrx_word' id='word_1_647' title='bbox 3592 4966 3755 5022; x_wconf 82' lang='grc' dir='ltr'>Εὐλο-</span> 
     </span>
    </p>
   </div>
   <div class='ocr_carea' id='block_1_95' title="bbox 2189 5056 3746 5136">
    <p class='ocr_par' dir='ltr' id='par_1_95' title="bbox 2189 5056 3746 5136">
     <span class='ocr_line' id='line_1_95' title="bbox 2189 5056 3746 5136; baseline -0.003 -21"><span class='ocrx_word' id='word_1_648' title='bbox 2189 5063 2407 5136; x_wconf 87' lang='grc' dir='ltr'>γημένη</span> <span class='ocrx_word' id='word_1_649' title='bbox 2456 5065 2490 5133; x_wconf 81' lang='grc' dir='ltr'><strong>ἡ</strong></span> <span class='ocrx_word' id='word_1_650' title='bbox 2527 5062 2646 5135; x_wconf 86' lang='grc' dir='ltr'>ὥρα</span> <span class='ocrx_word' id='word_1_651' title='bbox 2689 5060 2878 5133; x_wconf 75' lang='grc' dir='ltr'>ἐκείνη</span> <span class='ocrx_word' id='word_1_652' title='bbox 2908 5060 2987 5132; x_wconf 85' lang='grc' dir='ltr'>τῷ</span> <span class='ocrx_word' id='word_1_653' title='bbox 3017 5062 3230 5133; x_wconf 78' lang='grc' dir='ltr'>Κυρίῳ,</span> <span class='ocrx_word' id='word_1_654' title='bbox 3263 5063 3323 5114; x_wconf 79' lang='grc' dir='ltr'>ὲν</span> <span class='ocrx_word' id='word_1_655' title='bbox 3430 5056 3586 5115; x_wconf 77' lang='grc' dir='ltr'>εἷπον</span> <span class='ocrx_word' id='word_1_656' title='bbox 3615 5058 3746 5129; x_wconf 72' lang='grc' dir='ltr'>περὶ</span> 
     </span>
    </p>
   </div>
   <div class='ocr_carea' id='block_1_96' title="bbox 2015 5213 2250 5272">
    <p class='ocr_par' dir='ltr' id='par_1_96' title="bbox 2015 5213 2250 5272">
     <span class='ocr_line' id='line_1_96' title="bbox 2015 5213 2250 5272; baseline 0.004 -2"><span class='ocrx_word' id='word_1_657' title='bbox 2015 5213 2250 5272; x_wconf 68' lang='grc' dir='ltr'>ΝΟΤᾸΕ.</span> 
     </span>
    </p>
   </div>
   <div class='ocr_carea' id='block_1_97' title="bbox 580 5322 2073 5397">
    <p class='ocr_par' dir='ltr' id='par_1_97' title="bbox 580 5322 2073 5397">
     <span class='ocr_line' id='line_1_97' title="bbox 580 5322 2073 5397; baseline 0.002 -19"><span class='ocrx_word' id='word_1_658' title='bbox 580 5323 691 5397; x_wconf 72' lang='grc'><strong>(46)</strong></span> <span class='ocrx_word' id='word_1_659' title='bbox 717 5322 926 5397; x_wconf 69' lang='lat' dir='ltr'><strong>Codex,</strong></span> <span class='ocrx_word' id='word_1_660' title='bbox 974 5324 1359 5397; x_wconf 67' lang='grc' dir='ltr'>ἐπισπόμενος,</span> <span class='ocrx_word' id='word_1_661' title='bbox 1394 5327 1556 5397; x_wconf 10' lang='lat' dir='ltr'><strong>male,</strong></span> <span class='ocrx_word' id='word_1_662' title='bbox 1581 5325 1907 5397; x_wconf 91' lang='lat' dir='ltr'><strong>permutatis</strong></span> <span class='ocrx_word' id='word_1_663' title='bbox 1934 5345 1979 5381; x_wconf 91' lang='grc' dir='ltr'><strong>ω</strong></span> <span class='ocrx_word' id='word_1_664' title='bbox 2015 5335 2073 5382; x_wconf 88' lang='lat' dir='ltr'><strong>et</strong></span> 
     </span>
    </p>
   </div>
   <div class='ocr_carea' id='block_1_98' title="bbox 485 5393 2071 5469">
    <p class='ocr_par' dir='ltr' id='par_1_98' title="bbox 485 5393 2071 5469">
     <span class='ocr_line' id='line_1_98' title="bbox 485 5393 2071 5469; baseline -0.001 -18"><span class='ocrx_word' id='word_1_665' title='bbox 485 5413 557 5462; x_wconf 83' lang='lat'><strong>,0.</strong></span> <span class='ocrx_word' id='word_1_666' title='bbox 581 5395 835 5469; x_wconf 73' lang='lat' dir='ltr'><strong>Julianus</strong></span> <span class='ocrx_word' id='word_1_667' title='bbox 861 5393 1054 5469; x_wconf 62' lang='grc' dir='ltr'>Μίδου.</span> <span class='ocrx_word' id='word_1_668' title='bbox 1082 5410 1133 5464; x_wconf 90' lang='lat' dir='ltr'><strong>p.</strong></span> <span class='ocrx_word' id='word_1_669' title='bbox 1161 5393 1265 5469; x_wconf 60' lang='grc'><strong>555</strong></span> <span class='ocrx_word' id='word_1_670' title='bbox 1293 5398 1400 5469; x_wconf 22' lang='grc' dir='ltr'><strong>εᾼσὺ</strong></span> <span class='ocrx_word' id='word_1_671' title='bbox 1421 5397 1478 5469; x_wconf 65' lang='grc' dir='ltr'><strong>δε</strong></span> <span class='ocrx_word' id='word_1_672' title='bbox 1505 5393 1676 5469; x_wconf 71' lang='grc' dir='ltr'>ἀξιοῖς</span> <span class='ocrx_word' id='word_1_673' title='bbox 1695 5399 1818 5462; x_wconf 80' lang='grc' dir='ltr'>τοὺς</span> <span class='ocrx_word' id='word_1_674' title='bbox 1849 5399 2071 5469; x_wconf 33' lang='grc' dir='ltr'>ὲν-αὑτῇ</span> 
     </span>
    </p>
   </div>
   <div class='ocr_carea' id='block_1_99' title="bbox 510 5463 2073 5537">
    <p class='ocr_par' dir='ltr' id='par_1_99' title="bbox 510 5463 2073 5537">
     <span class='ocr_line' id='line_1_99' title="bbox 510 5463 2073 5537; baseline 0.001 -18"><span class='ocrx_word' id='word_1_675' title='bbox 510 5464 893 5537; x_wconf 70' lang='grc' dir='ltr'>νεανίσκους...</span> <span class='ocrx_word' id='word_1_676' title='bbox 931 5463 1402 5537; x_wconf 22' lang='grc' dir='ltr'>φθέγγεσθαιγὸσα</span> <span class='ocrx_word' id='word_1_677' title='bbox 1448 5467 1513 5520; x_wconf 84' lang='grc' dir='ltr'>ἂν</span> <span class='ocrx_word' id='word_1_678' title='bbox 1565 5468 1738 5537; x_wconf 77' lang='grc' dir='ltr'>ἡδέως</span> <span class='ocrx_word' id='word_1_679' title='bbox 1789 5463 2073 5527; x_wconf 66' lang='grc' dir='ltr'>ἀκούσαις.</span> 
     </span>
    </p>
   </div>
   <div class='ocr_carea' id='block_1_100' title="bbox 507 5533 2074 5602">
    <p class='ocr_par' dir='ltr' id='par_1_100' title="bbox 507 5533 2074 5602">
     <span class='ocr_line' id='line_1_100' title="bbox 507 5533 2074 5602; baseline -0.001 -10"><span class='ocrx_word' id='word_1_680' title='bbox 507 5535 694 5592; x_wconf 82' lang='lat' dir='ltr'><strong>Codex</strong></span> <span class='ocrx_word' id='word_1_681' title='bbox 743 5533 1059 5596; x_wconf 80' lang='lat' dir='ltr'><strong>Vossianus.</strong></span> <span class='ocrx_word' id='word_1_682' title='bbox 1091 5536 1233 5590; x_wconf 79' lang='grc' dir='ltr'>ὅσον.</span> <span class='ocrx_word' id='word_1_683' title='bbox 1270 5536 1384 5590; x_wconf 89' lang='lat' dir='ltr'><strong>lmo</strong></span> <span class='ocrx_word' id='word_1_684' title='bbox 1429 5533 1597 5602; x_wconf 74' lang='grc' dir='ltr'>ὅσων,</span> <span class='ocrx_word' id='word_1_685' title='bbox 1624 5545 1686 5591; x_wconf 83' lang='grc' dir='ltr'><strong>ιιι</strong></span> <span class='ocrx_word' id='word_1_686' title='bbox 1732 5545 1817 5592; x_wconf 90' lang='lat' dir='ltr'><strong>est</strong></span> <span class='ocrx_word' id='word_1_687' title='bbox 1846 5537 1902 5592; x_wconf 88' lang='lat' dir='ltr'><strong>in</strong></span> <span class='ocrx_word' id='word_1_688' title='bbox 1949 5537 2074 5592; x_wconf 85' lang='lat' dir='ltr'><strong>cod.</strong></span> 
     </span>
    </p>
   </div>
   <div class='ocr_carea' id='block_1_101' title="bbox 511 5603 2080 5678">
    <p class='ocr_par' dir='ltr' id='par_1_101' title="bbox 511 5603 2080 5678">
     <span class='ocr_line' id='line_1_101' title="bbox 511 5603 2080 5678; baseline 0 -18"><span class='ocrx_word' id='word_1_689' title='bbox 511 5605 667 5678; x_wconf 59' lang='lat'><strong>1962.</strong></span> <span class='ocrx_word' id='word_1_690' title='bbox 695 5603 852 5671; x_wconf 87' lang='lat' dir='ltr'><strong>Quod</strong></span> <span class='ocrx_word' id='word_1_691' title='bbox 884 5619 1043 5678; x_wconf 75' lang='lat' dir='ltr'><strong>nu_nc_</strong></span> <span class='ocrx_word' id='word_1_692' title='bbox 1057 5605 1260 5678; x_wconf 88' lang='lat' dir='ltr'><strong>legitur</strong></span> <span class='ocrx_word' id='word_1_693' title='bbox 1291 5607 1346 5662; x_wconf 92' lang='lat' dir='ltr'><strong>in</strong></span> <span class='ocrx_word' id='word_1_694' title='bbox 1386 5605 1624 5678; x_wconf 82' lang='lat' dir='ltr'><strong>Cyclope</strong></span> <span class='ocrx_word' id='word_1_695' title='bbox 1652 5623 1707 5678; x_wconf 84' lang='lat' dir='ltr'><strong>v.</strong></span> <span class='ocrx_word' id='word_1_696' title='bbox 1748 5608 1856 5678; x_wconf 64' lang='grc'><strong>175</strong></span> <span class='ocrx_word' id='word_1_697' title='bbox 1892 5607 2080 5661; x_wconf 79' lang='grc' dir='ltr'>διαλα-</span> 
     </span>
    </p>
   </div>
   <div class='ocr_carea' id='block_1_102' title="bbox 510 5675 1899 5748">
    <p class='ocr_par' dir='ltr' id='par_1_102' title="bbox 510 5675 1899 5748">
     <span class='ocr_line' id='line_1_102' title="bbox 510 5675 1899 5748; baseline 0.001 -18"><span class='ocrx_word' id='word_1_698' title='bbox 510 5677 785 5748; x_wconf 73' lang='grc' dir='ltr'>λησωμεν,</span> <span class='ocrx_word' id='word_1_699' title='bbox 817 5691 917 5748; x_wconf 83' lang='lat' dir='ltr'><strong>pro</strong></span> <span class='ocrx_word' id='word_1_700' title='bbox 944 5675 1356 5748; x_wconf 60' lang='lat' dir='ltr'><strong>6tctlotijaopsv,</strong></span> <span class='ocrx_word' id='word_1_701' title='bbox 1382 5675 1472 5748; x_wconf 80' lang='lat' dir='ltr'><strong>est</strong></span> <span class='ocrx_word' id='word_1_702' title='bbox 1503 5675 1571 5732; x_wconf 66' lang='grc' dir='ltr'><strong>ἰῐι⁷</strong></span> <span class='ocrx_word' id='word_1_703' title='bbox 1589 5677 1714 5732; x_wconf 90' lang='lat' dir='ltr'><strong>cod.</strong></span> <span class='ocrx_word' id='word_1_704' title='bbox 1739 5676 1899 5732; x_wconf 68' lang='grc'>2817.</span> 
     </span>
    </p>
   </div>
   <div class='ocr_carea' id='block_1_103' title="bbox 585 5744 1721 5819">
    <p class='ocr_par' dir='ltr' id='par_1_103' title="bbox 585 5744 1721 5819">
     <span class='ocr_line' id='line_1_103' title="bbox 585 5744 1721 5819; baseline 0.004 -22"><span class='ocrx_word' id='word_1_705' title='bbox 585 5744 698 5819; x_wconf 58' lang='lat'><strong>(6])</strong></span> <span class='ocrx_word' id='word_1_706' title='bbox 724 5745 800 5819; x_wconf 80' lang='lat' dir='ltr'><strong>l_ta</strong></span> <span class='ocrx_word' id='word_1_707' title='bbox 821 5744 993 5819; x_wconf 81' lang='lat' dir='ltr'><strong>codex</strong></span> <span class='ocrx_word' id='word_1_708' title='bbox 1018 5744 1202 5819; x_wconf 81' lang='lat' dir='ltr'><strong>habet.</strong></span> <span class='ocrx_word' id='word_1_709' title='bbox 1227 5744 1348 5802; x_wconf 82' lang='lat' dir='ltr'><strong>loco</strong></span> <span class='ocrx_word' id='word_1_710' title='bbox 1378 5747 1721 5819; x_wconf 84' lang='lat' dir='ltr'><strong>imperfecto.</strong></span> 
     </span>
    </p>
   </div>
   <div class='ocr_carea' id='block_1_104' title="bbox 585 5814 1444 5882">
    <p class='ocr_par' dir='ltr' id='par_1_104' title="bbox 585 5814 1444 5882">
     <span class='ocr_line' id='line_1_104' title="bbox 585 5814 1444 5882; baseline 0.005 -15"><span class='ocrx_word' id='word_1_711' title='bbox 585 5814 699 5882; x_wconf 72' lang='grc'><strong>(48)</strong></span> <span class='ocrx_word' id='word_1_712' title='bbox 724 5814 932 5879; x_wconf 80' lang='lat' dir='ltr'><strong>Codex,</strong></span> <span class='ocrx_word' id='word_1_713' title='bbox 968 5817 1444 5882; x_wconf 79' lang='grc' dir='ltr'>παραϐλάπτεται.</span> 
     </span>
    </p>
   </div>
   <div class='ocr_carea' id='block_1_105' title="bbox 586 5883 2086 5960">
    <p class='ocr_par' dir='ltr' id='par_1_105' title="bbox 586 5883 2086 5960">
     <span class='ocr_line' id='line_1_105' title="bbox 586 5883 2086 5960; baseline 0.001 -20"><span class='ocrx_word' id='word_1_714' title='bbox 586 5883 698 5956; x_wconf 66' lang='lat'><strong>(69)</strong></span> <span class='ocrx_word' id='word_1_715' title='bbox 730 5886 838 5942; x_wconf 83' lang='lat' dir='ltr'><strong>Alii</strong></span> <span class='ocrx_word' id='word_1_716' title='bbox 857 5883 1152 5944; x_wconf 86' lang='lat' dir='ltr'><strong>secundam</strong></span> <span class='ocrx_word' id='word_1_717' title='bbox 1175 5889 1439 5960; x_wconf 83' lang='lat' dir='ltr'><strong>syllabam</strong></span> <span class='ocrx_word' id='word_1_718' title='bbox 1469 5904 1568 5959; x_wconf 92' lang='lat' dir='ltr'><strong>per</strong></span> <span class='ocrx_word' id='word_1_719' title='bbox 1591 5905 1621 5940; x_wconf 91' lang='grc' dir='ltr'><strong>υ</strong></span> <span class='ocrx_word' id='word_1_720' title='bbox 1653 5889 1925 5945; x_wconf 90' lang='lat' dir='ltr'><strong>scribunt.</strong></span> <span class='ocrx_word' id='word_1_721' title='bbox 1947 5887 2086 5945; x_wconf 82' lang='lat' dir='ltr'><strong>Cre-</strong></span> 
     </span>
    </p>
   </div>
   <div class='ocr_carea' id='block_1_106' title="bbox 2174 5326 3762 5399">
    <p class='ocr_par' dir='ltr' id='par_1_106' title="bbox 2174 5326 3762 5399">
     <span class='ocr_line' id='line_1_106' title="bbox 2174 5326 3762 5399; baseline 0.001 -17"><span class='ocrx_word' id='word_1_722' title='bbox 2174 5326 2408 5399; x_wconf 80' lang='lat' dir='ltr'><strong>diderim</strong></span> <span class='ocrx_word' id='word_1_723' title='bbox 2437 5343 2560 5399; x_wconf 82' lang='lat' dir='ltr'><strong>esse</strong></span> <span class='ocrx_word' id='word_1_724' title='bbox 2604 5343 2706 5399; x_wconf 88' lang='lat' dir='ltr'><strong>per</strong></span> <span class='ocrx_word' id='word_1_725' title='bbox 2744 5348 2760 5382; x_wconf 88' lang='grc' dir='ltr'><strong>ι</strong></span> <span class='ocrx_word' id='word_1_726' title='bbox 2791 5327 3184 5393; x_wconf 88' lang='lat' dir='ltr'><strong>scribendum;</strong></span> <span class='ocrx_word' id='word_1_727' title='bbox 3217 5345 3342 5384; x_wconf 92' lang='lat' dir='ltr'><strong>cum</strong></span> <span class='ocrx_word' id='word_1_728' title='bbox 3391 5345 3591 5384; x_wconf 91' lang='lat' dir='ltr'><strong>nomen</strong></span> <span class='ocrx_word' id='word_1_729' title='bbox 3621 5346 3652 5386; x_wconf 92' lang='lat' dir='ltr'><strong>e</strong></span> <span class='ocrx_word' id='word_1_730' title='bbox 3692 5332 3762 5385; x_wconf 85' lang='lat' dir='ltr'><strong>la-</strong></span> 
     </span>
    </p>
   </div>
   <div class='ocr_carea' id='block_1_107' title="bbox 2179 5396 3543 5470">
    <p class='ocr_par' dir='ltr' id='par_1_107' title="bbox 2179 5396 3543 5470">
     <span class='ocr_line' id='line_1_107' title="bbox 2179 5396 3543 5470; baseline 0.001 -18"><span class='ocrx_word' id='word_1_731' title='bbox 2179 5397 2302 5470; x_wconf 85' lang='lat' dir='ltr'><strong>tino</strong></span> <span class='ocrx_word' id='word_1_732' title='bbox 2321 5396 2625 5470; x_wconf 58' lang='lat' dir='ltr'><strong>fini/icium;</strong></span> <span class='ocrx_word' id='word_1_733' title='bbox 2655 5399 2859 5470; x_wconf 71' lang='lat' dir='ltr'><strong>linifem.</strong></span> <span class='ocrx_word' id='word_1_734' title='bbox 2891 5400 3092 5454; x_wconf 89' lang='lat' dir='ltr'><strong>factum</strong></span> <span class='ocrx_word' id='word_1_735' title='bbox 3115 5413 3240 5454; x_wconf 83' lang='lat' dir='ltr'><strong>esse</strong></span> <span class='ocrx_word' id='word_1_736' title='bbox 3263 5399 3543 5454; x_wconf 88' lang='lat' dir='ltr'><strong>videatur.</strong></span> 
     </span>
    </p>
   </div>
   <div class='ocr_carea' id='block_1_108' title="bbox 2254 5467 2928 5537">
    <p class='ocr_par' dir='ltr' id='par_1_108' title="bbox 2254 5467 2928 5537">
     <span class='ocr_line' id='line_1_108' title="bbox 2254 5467 2928 5537; baseline 0.004 -16"><span class='ocrx_word' id='word_1_737' title='bbox 2254 5467 2365 5537; x_wconf 83' lang='lat'><strong>(50)</strong></span> <span class='ocrx_word' id='word_1_738' title='bbox 2397 5468 2602 5534; x_wconf 84' lang='lat' dir='ltr'><strong>Codex,</strong></span> <span class='ocrx_word' id='word_1_739' title='bbox 2629 5471 2723 5523; x_wconf 77' lang='grc' dir='ltr'><strong>ἐπὶ</strong></span> <span class='ocrx_word' id='word_1_740' title='bbox 2752 5467 2928 5525; x_wconf 76' lang='grc' dir='ltr'>τοῦτο.</span> 
     </span>
    </p>
   </div>
   <div class='ocr_carea' id='block_1_109' title="bbox 2259 5537 3760 5610">
    <p class='ocr_par' dir='ltr' id='par_1_109' title="bbox 2259 5537 3760 5610">
     <span class='ocr_line' id='line_1_109' title="bbox 2259 5537 3760 5610; baseline -0.001 -17"><span class='ocrx_word' id='word_1_741' title='bbox 2259 5539 2368 5610; x_wconf 59' lang='grc'><strong>(51)</strong></span> <span class='ocrx_word' id='word_1_742' title='bbox 2396 5538 2488 5610; x_wconf 86' lang='lat' dir='ltr'><strong>_Sic</strong></span> <span class='ocrx_word' id='word_1_743' title='bbox 2521 5539 2714 5599; x_wconf 85' lang='lat' dir='ltr'><strong>codex.</strong></span> <span class='ocrx_word' id='word_1_744' title='bbox 2740 5540 3136 5610; x_wconf 81' lang='lat' dir='ltr'><strong>Exspectabam</strong></span> <span class='ocrx_word' id='word_1_745' title='bbox 3161 5539 3451 5610; x_wconf 87' lang='grc' dir='ltr'>φαμιλίαν,</span> <span class='ocrx_word' id='word_1_746' title='bbox 3476 5537 3760 5608; x_wconf 76' lang='lat' dir='ltr'><strong>familiam.</strong></span> 
     </span>
    </p>
   </div>
   <div class='ocr_carea' id='block_1_110' title="bbox 2258 5607 3524 5746">
    <p class='ocr_par' dir='ltr' id='par_1_110' title="bbox 2258 5607 3524 5746">
     <span class='ocr_line' id='line_1_110' title="bbox 2258 5607 3524 5746; baseline 0.001 -84"><span class='ocrx_word' id='word_1_747' title='bbox 2258 5608 2372 5746; x_wconf 52' lang='grc'><strong>(52)</strong></span> <span class='ocrx_word' id='word_1_748' title='bbox 2400 5607 2458 5662; x_wconf 90' lang='lat' dir='ltr'><strong>ln</strong></span> <span class='ocrx_word' id='word_1_749' title='bbox 2490 5609 2680 5664; x_wconf 90' lang='lat' dir='ltr'><strong>codice</strong></span> <span class='ocrx_word' id='word_1_750' title='bbox 2711 5607 2877 5680; x_wconf 75' lang='lat' dir='ltr'><strong>caput</strong></span> <span class='ocrx_word' id='word_1_751' title='bbox 2908 5611 2977 5675; x_wconf 81' lang='grc' dir='ltr'><strong>ξε¹</strong></span> <span class='ocrx_word' id='word_1_752' title='bbox 3009 5625 3142 5665; x_wconf 91' lang='lat' dir='ltr'><strong>voce</strong></span> <span class='ocrx_word' id='word_1_753' title='bbox 3169 5607 3282 5672; x_wconf 76' lang='grc' dir='ltr'>τοῖς</span> <span class='ocrx_word' id='word_1_754' title='bbox 3307 5607 3524 5680; x_wconf 85' lang='lat' dir='ltr'><strong>incipit.</strong></span> 
     </span>
     <span class='ocr_line' id='line_1_111' title="bbox 2279 5678 3445 5746; baseline 0.002 -15"><span class='ocrx_word' id='word_1_755' title='bbox 2279 5678 2348 5731; x_wconf 77' lang='grc'><strong>55</strong></span> <span class='ocrx_word' id='word_1_756' title='bbox 2397 5679 2838 5734; x_wconf 81' lang='lat' dir='ltr'><strong>Rescribendum</strong></span> <span class='ocrx_word' id='word_1_757' title='bbox 2865 5679 2982 5735; x_wconf 84' lang='lat' dir='ltr'><strong>fere</strong></span> <span class='ocrx_word' id='word_1_758' title='bbox 3011 5680 3232 5735; x_wconf 89' lang='lat' dir='ltr'><strong>videtur</strong></span> <span class='ocrx_word' id='word_1_759' title='bbox 3253 5681 3445 5746; x_wconf 78' lang='grc' dir='ltr'>καινῷ.</span> 
     </span>
    </p>
   </div>
   <div class='ocr_carea' id='block_1_111' title="bbox 2279 5678 3445 5750">
    <p class='ocr_par' dir='ltr' id='par_1_111' title="bbox 2279 5678 3445 5750">
     <span class='ocr_line' id='line_1_112' title="bbox 2279 5678 3445 5750; baseline -0.001 -16"><span class='ocrx_word' id='word_1_760' title='bbox 2279 5678 2368 5750; x_wconf 60' lang='grc'><strong>55)</strong></span> <span class='ocrx_word' id='word_1_761' title='bbox 2397 5678 2838 5750; x_wconf 30' lang='lat' dir='ltr'><strong>Bescribendu‘m</strong></span> <span class='ocrx_word' id='word_1_762' title='bbox 2865 5679 2982 5735; x_wconf 84' lang='lat' dir='ltr'><strong>fere</strong></span> <span class='ocrx_word' id='word_1_763' title='bbox 3011 5680 3232 5735; x_wconf 89' lang='lat' dir='ltr'><strong>videtur</strong></span> <span class='ocrx_word' id='word_1_764' title='bbox 3253 5678 3445 5750; x_wconf 59' lang='grc' dir='ltr'>καινῷ.</span> 
     </span>
    </p>
   </div>
   <div class='ocr_carea' id='block_1_112' title="bbox 2183 5746 3757 5888">
    <p class='ocr_par' dir='ltr' id='par_1_112' title="bbox 2183 5746 3757 5888">
     <span class='ocr_line' id='line_1_113' title="bbox 2183 5746 3757 5888; baseline -0.006 -79"><span class='ocrx_word' id='word_1_765' title='bbox 2183 5748 2486 5888; x_wconf 37' lang='lat' dir='ltr'><strong>mgna?</strong></span> <span class='ocrx_word' id='word_1_766' title='bbox 2516 5766 2779 5805; x_wconf 90' lang='lat' dir='ltr'><strong>manuum</strong></span> <span class='ocrx_word' id='word_1_767' title='bbox 2804 5751 3147 5806; x_wconf 87' lang='lat' dir='ltr'><strong>osculatione</strong></span> <span class='ocrx_word' id='word_1_768' title='bbox 3176 5746 3511 5821; x_wconf 81' lang='lat' dir='ltr'><strong>interpretes</strong></span> <span class='ocrx_word' id='word_1_769' title='bbox 3529 5747 3596 5803; x_wconf 83' lang='lat' dir='ltr'><strong>ad</strong></span> <span class='ocrx_word' id='word_1_770' title='bbox 3625 5746 3757 5801; x_wconf 89' lang='lat' dir='ltr'><strong>Luc.</strong></span> 
     </span>
    </p>
   </div>
  </div>
