4094 6532
411 437 513 503 617

1611 440 2187 505 HOMERITARUM
2226 445 2486 509 LEGES.

3553 451 3659 523 018

413 550 508 604 σοῦ
560 550 669 614 ὅτι,
709 550 844 605 Ἰδοὺ
895 552 1063 624 apem
1094 550 1229 622 (55).
1283 570 1301 602 ι
1351 551 1409 604 '0
1454 552 1512 604 δὲ
1567 552 1986 622 μακαριώτατος

2094 564 2149 608 ut
2202 556 2438 627 quisque
2497 559 2739 630 regionis
2803 560 3098 631 prefectus
3133 567 3415 636 proprium
3458 570 3661 631 habere

408 644 649 715 ὑπέθηκε
674 643 750 715 τῷ
777 643 987 713 βασιλεῖ
1011 644 1431 715 μεταγραφῆναι
1451 644 1628 699 ταῦτα
1656 645 1743 715 ἐφ’
1776 646 1989 717 ἑτέροις

408 738 685 799 πλείστοις
726 738 935 806 τόμοις,
969 736 1107 807 πρὸς
1137 738 1199 790 τὸ
1225 737 1459 790 ἕκαστον
1481 737 1864 809 γειτονιάρχην
1894 755 1988 791 κε-

410 827 647 896 κτῆσθαι
687 828 748 879 τὸ
778 828 929 880 ἴδιον.

479 919 589 971 Καὶ
630 918 824 971 τούτου
880 918 1174 987 γενομένου
1210 918 1544 988 προσέταξεν
1571 922 1601 974 6
1633 919 1989 991 ἀρχιεπίσκο-

411 1026 512 1072 πος
564 1010 774 1072 πάντας
831 1011 957 1072 τοὺς
1012 1011 1395 1081 γειτονιάρχας
1447 1013 1758 1082 ἀπαντῆσαι
1821 1014 1879 1064 ὲν
1920 1014 1988 1083 τῇ

416 1100 710 1173 ἐκκλησίᾳ.
761 1102 867 1154 Τοῦ
910 1120 971 1154 τε
1028 1102 1293 1172 βασιλέως
1331 1106 1511 1157 ἐκεῖσε
1556 1104 1991 1176 παραγεγονότος

416 1191 555 1259 μετὰ
593 1191 694 1260 τῆς
744 1191 1051 1262 συγκλήτου
1110 1194 1203 1247 καὶ
1252 1195 1433 1264 πάσης
1484 1195 1581 1264 τῆς
1628 1196 1857 1258 πόλεως,
1899 1196 1992 1249 καὶ

419 1282 556 1352 μετὰ
603 1282 663 1334 τὸ
710 1282 1066 1352 τελειωθῆναι
1094 1285 1194 1355 τὴν
1236 1286 1398 1354 ἁγίαν
1443 1287 1814 1359 προσκομιδὴν
1851 1288 1989 1359 (56),

413 1372 708 1442 δεξάμενος
737 1374 828 1427 τὸν
871 1376 1058 1443 τόμον,
1107 1375 1168 1428 ὃν
1212 1375 1371 1439 ίδίαις
1402 1378 1590 1447 χερσιν
1617 1373 1685 1448 ἧν
1717 1378 1935 1449 γράψας
1963 1377 1993 1431 ό

411 1464 739 1534 τιμιώτατος
771 1466 1221 1536 ἀρχιεπίσκοπος,
1252 1464 1407 1521 εἶπεν
1438 1470 1550 1535 τοῖς
1570 1470 1987 1541 γειτονιάρχαις·

420 1571 439 1606 ι
463 1555 654 1621 Δεῦτε,
701 1558 977 1628 ἀγαπητοί
1036 1576 1161 1629 μου,
1203 1559 1300 1613 κα)⁸
1330 1560 1557 1625 δέξασθε
1585 1562 1684 1624 τὰς
1720 1562 1993 1627 διατάξεις

412 1646 619 1711 ταύτας
650 1649 714 1701 ὲκ
744 1650 926 1720 χειρὸς
962 1651 1191 1722 Κυρίου,
1220 1652 1308 1703 ἵνα
1329 1691 1346 1716 ,
1380 1652 1716 1720 γνόντεςὸτι
1751 1655 1851 1707 οὐκ
1883 1654 1993 1709 άπὸ

413 1735 509 1789 τοῦ
558 1738 817 1807 τυχόντος
870 1739 1012 1793 εἰσὶν
1066 1739 1255 1803 ἁπλῶς
1281 1742 1377 1794 καὶ
1408 1742 1485 1806 ὡς
1514 1742 1723 1813 ἔτυχεν,
1756 1742 1870 1796 ἀλλ’
1900 1741 1993 1798 οὖν

415 1829 569 1899 παρὰ
632 1830 839 1901 Κυρίου
902 1832 1069 1895 αὐτάς
1118 1834 1540 1904 παρειληφότες,
1594 1836 1992 1908 ἑγχειρίζωμεν

2088 656 2305 719 posset.

2161 908 2282 977 Quo
2312 910 2479 976 facto,
2504 913 2671 983 jussit
2698 916 3149 989 archiepiscopus
3187 936 3380 977 omnes
3420 925 3665 994 regionis

2088 1003 2377 1071 praefectos
2427 1004 2482 1057 in
2518 1006 2751 1061 ecclesia
2790 1012 3112 1067 convenire.
3164 1012 3411 1085 Cumque
3454 1033 3551 1071 rex
3597 1033 3665 1073 eo

2091 1094 2335 1150 venisset
2370 1112 2494 1150 cum
2522 1108 2715 1153 senatu
2731 1110 2789 1154 et
2825 1102 2975 1156 omni
3004 1103 3244 1169 civitate,
3276 1108 3519 1175 perfecto
3542 1125 3668 1165 san-

2091 1197 2180 1242 cto
2230 1188 2537 1253 oil‘ertorio,
2572 1191 2849 1260 accipiens
2894 1194 3171 1260 libellum,
3207 1214 3370 1267 quem
3426 1204 3668 1271 propriis

2092 1284 2391 1353 scripserat
2411 1286 2667 1340 manibus
2684 1287 3179 1343 reverendissimus
3195 1291 3664 1362 archiepiscopus,

2093 1376 2335 1445 regionis
2378 1376 2654 1445 praefectis
2685 1378 2861 1432 dixit:
2893 1398 2914 1430 ‹
2954 1379 3167 1443 Venite,
3195 1381 3383 1436 dilecti
3437 1385 3564 1448 mei,
3610 1393 3668 1439 et

2092 1469 2325 1537 accipite
2366 1468 2485 1524 haec
2515 1470 2765 1525 instituta
2789 1486 2819 1525 e
2850 1486 3013 1525 manu
3044 1472 3283 1538 Domini,
3314 1484 3393 1539 ut,
3430 1478 3667 1532 scientes

2091 1572 2155 1612 ea
2188 1573 2297 1612 non
2323 1574 2352 1612 a
2384 1560 2633 1628 quolibet
2666 1576 2842 1631 neque
2867 1562 3064 1630 quovis
3082 1563 3247 1617 modo
3294 1565 3456 1629 facta,
3480 1567 3575 1619 sed
3595 1567 3665 1620 ab

2093 1647 2213 1717 ipso
2242 1649 2475 1705 Domino
2503 1659 2746 1719 accepta,
2774 1651 2933 1705 vobis
2954 1652 3009 1705 in
3030 1653 3283 1707 manibus
3316 1655 3618 1710 tradamus.
3639 1674 3658 1707 ι

2094 1739 2439 1810 Sumensque
2493 1741 2749 1807 libellos,
2807 1758 2991 1797 coram
3039 1746 3300 1800 omnibus
3348 1748 3479 1817 legit
3540 1764 3662 1805 eos.

2092 1829 2305 1896 Quibus
2334 1832 2595 1901 perlectis
2616 1875 2631 1899 ,
2662 1836 3027 1904 transcriptos
3068 1836 3283 1892 libellos
3325 1840 3513 1894 aﬂ‘erri
3543 1844 3667 1911 jus-

415 1924 611 1992 ὁμίν.»
670 1924 779 1976 Καὶ
836 1922 1018 1977 λαϐὼν
1080 1926 1204 1987 τοὺς
1254 1924 1476 1993 τόμους,
1534 1926 1746 1994 ἀνέγνω
1792 1928 1990 1990 αὐτοὺς

2094 1923 2525 1992 sit;allatosque
2572 1934 2765 1979 sancto
2819 1926 2976 1980 altari
3026 1928 3310 1996 imposuit.
3338 1930 3462 1996 Quo
3492 1931 3661 1994 facto,

414 2014 643 2067 ἐνώπιον
677 2014 914 2068 πάντων.
970 2016 1079 2067 Καὶ
1136 2015 1274 2085 μετά
1311 2015 1373 2067 τὸ
1403 2017 1821 2087 ἀναγνωσθῆναι
1860 2018 1987 2070 ἐκέ-

412 2106 605 2157 λευσεν
632 2106 1064 2175 προσενεχθῆναι
1094 2108 1219 2168 τοὺς
1264 2096 1717 2178 μεταγραφέντας
1749 2109 1952 2179 τόμους
1972 2125 1986 2138 ο

414 2199 528 2262 καὶ,
592 2198 667 2260 ὡς
697 2197 1028 2268 ἠνέχθησαν,
1086 2198 1245 2270 114¹
1294 2200 1536 2253 τέθεικεν
1568 2202 1766 2265 αὐτοὺς
1810 2203 1868 2255 ἐν
1912 2201 1992 2273 τῷ

413 2291 557 2361 ἁγίῳ
607 2291 1003 2362 θυσιαστηρίῳ.
1038 2292 1316 2345 Τεθέντων
1349 2294 1407 2346 δὲ
1455 2292 1659 2357 αὐτῶν,
1710 2293 1898 2357 κλίνας
1932 2294 1994 2347 τὸ

414 2385 541 2451 γόνυ
593 2385 727 2453 (57),
800 2384 1147 2455 προσηύξατο
1192 2388 1220 2438 6
1284 2386 1575 2457 μακάριος,
1637 2387 1731 2439 καί
1790 2404 1989 2458 φησιν’

422 2493 439 2522 ι
479 2475 930 2545 Καρδιογνῶστα,
973 2476 1169 2538 δίκαιε,
1217 2476 1518 2548 ἀπόρρητε,
1545 2477 1992 2547 φοϐερὲ,ίσχυρὲ,

418 2567 852 2636 μεγαλοδύναμε,
898 2568 1041 2634 ἆγιε,
1090 2567 1287 2639 Κύριε,
1322 2570 1563 2622 ἔκτεινον
1600 2570 1692 2622 τὸν
1736 2569 1997 2640 βραχίονα

418 2673 509 2709 σου
532 2658 624 2710 τὸν
650 2659 879 2729 ὑψηλὸν,
918 2659 1016 2713 καὶ
1046 2660 1223 2727 ἅγιον,
1246 2660 1337 2712 καὶ
1362 2660 1599 2731 ἰσχυρὸν,
1623 2660 1716 2712 καὶ
1744 2660 1993 2728 φοϐερὸν,

417 2751 511 2802 καὶ
542 2750 717 2820 μέγαν
745 2750 877 2822 (58).
903 2752 1011 2805 Καὶ
1037 2751 1431 2821 ἐπιλαϐόμενος
1457 2751 1661 2804 τούτων
1680 2750 1788 2803 τῶν
1814 2752 1997 2819 τόμων

2094 2015 2235 2068 ﬂexo
2258 2030 2423 2084 genu,
2454 2025 2710 2083 precatus
2735 2024 2822 2071 est
2856 2017 3053 2070 beatus
3078 2018 3363 2087 dixitque:
3405 2040 3425 2072 ι
3456 2021 3537 2076 Tu
3570 2022 3666 2092 qui

2094 2104 2259 2159 corda
2283 2104 2532 2173 inspicis,
2555 2105 2721 2175 juste,
2752 2106 3070 2172 ineﬂ‘abilis,
3090 2107 3457 2177 formidande,
3485 2113 3664 2177 fortis,

2096 2194 2496 2263 magnipotens,
2546 2205 2756 2261 sancte,
2808 2197 3053 2263 domine,
3103 2201 3343 2257 extende
3376 2204 3667 2261 brachium

2100 2294 2256 2339 tuum
2287 2288 2566 2341 excelsum
2598 2297 2655 2341 et
2691 2298 2942 2344 sanctum
2969 2331 2983 2354 ,
3016 2300 3071 2345 et
3097 2291 3319 2357 fortem,
3358 2304 3414 2349 et
3441 2297 3668 2351 terribi-

2098 2378 2227 2441 lem,
2252 2385 2309 2431 et
2335 2393 2612 2448 magnum.
2660 2379 3094 2451 Suscipiensque
3147 2383 3249 2439 bos
3292 2385 3507 2441 libellos
3541 2396 3669 2443 ante

2099 2469 2291 2523 oculos
2342 2478 2465 2523 tuos
2513 2485 2647 2538 pure
2680 2472 3033 2535 constitutos.
3089 2475 3295 2543 partire
3346 2491 3445 2531 eos
3496 2478 3673 2534 servis

2098 2563 2212 2616 tuis
2254 2563 2397 2615 sicut
2422 2563 2553 2616 olim
2580 2578 2680 2631 per
2705 2563 2923 2634 Moysen
2960 2568 3307 2636 septuaginta
3334 2569 3472 2623 viris
3502 2570 3672 2638 spiri-

2102 2661 2219 2707 tum
2252 2653 2347 2722 qui
2380 2664 2499 2707 erat
2539 2654 2595 2707 in
2622 2668 2711 2718 eo,
2744 2665 2801 2708 et
2834 2656 2981 2710 sicut
3012 2659 3220 2712 sanctis
3259 2660 3371 2715 tuis
3408 2661 3674 2731 apostolis

2104 2749 2293 2818 igneas
2327 2746 2561 2816 linguas.
2603 2767 2620 2798 ι

416 2842 526 2893 τῶν
561 2844 670 2913 πρὸ
704 2843 814 2895 τῶν
874 2842 1172 2913 ὀφθαλμῶν
1221 2860 1314 2895 σου
1347 2842 1458 2895 τῶν
1498 2843 1780 2912 ἀχράντων
1814 2839 2213 2909 προκειμένων,
2274 2837 2592 2907 διαμέρισον
2659 2838 2857 2901 αὐτοὺς
2890 2839 3103 2903 τούτοις
3135 2844 3250 2902 τοῖς
3301 2841 3511 2907 δούλοις
3554 2861 3670 2907 σου,

421 2931 496 2996 ὥς
523 2951 651 2987 ποτε
710 2936 800 2987 ἐπὶ
827 2936 1106 2997 Μωῦσέως
1140 2937 1253 2997 τοῖς
1282 2934 1658 3005 ἐϐδομήκοντα
1700 2934 1927 3006 ἀνδράσι
1970 2933 2032 2986 τὸ
2071 2930 2289 3000 πνεῦμα
2333 2929 2396 2981 τὺ
2466 2930 2551 2982 ἐπ’
2604 2930 2753 3000 αὑτῷ
2789 2930 2921 3001 (59),
2961 2933 3055 2985 καὶ
3104 2932 3182 2996 ὡς
3220 2936 3333 2996 τοῖς
3379 2934 3552 3002 ἁγίοις
3577 2952 3671 2989 σου

417 3028 740 3092 ἀποστόλοις
772 3030 871 3093 τὰς
904 3031 1139 3100 πυρίνας
1170 3030 1419 3099 γλώσσας
1447 3030 1576 3101 (60).
1601 3049 1619 3080 ι

489 3121 675 3173 Ταῦτα
710 3121 872 3174 αὑτοῦ
913 3124 1384 3193 προσευξαμένου,
1421 3123 1558 3193 πνοὴ
1588 3122 1738 3193 βιαία
1764 3122 1993 3175 ἔπνευσε

419 3211 573 3281 παρὰ
619 3213 848 3284 Κυρίου,
897 3214 972 3276 ὡς
1012 3214 1119 3266 ἀπὸ
1163 3213 1260 3266 τοῦ
1303 3214 1712 3284 θυσιαστηρίου,
1748 3215 1841 3267 ἐπὶ
1870 3214 1995 3277 τοὺς

418 3304 640 3373 τόμους,
685 3305 778 3357 καὶ
812 3306 1065 3374 ἐπάρασα
1102 3306 1297 3368 αὐτοὺς
1329 3307 1437 3359 άπὸ
1472 3306 1637 3359 τόπου
1679 3300 1740 3359 οῦ
1768 3306 1991 3369 ἔκειντο,

415 3391 618 3447 ὡσανεὶ
647 3395 823 3464 φύλλα
866 3398 1067 3465 ἄνεμος
1101 3396 1191 3447 ἐπὶ
1231 3396 1325 3449 τοῦ
1356 3397 1538 3467 ἀέρος,
1566 3399 1624 3449 ὲν
1651 3397 1864 3466 ἑκάστῳ
1888 3396 1995 3448 τῶν

2172 3116 2299 3172 Hmc
2325 3131 2394 3171 eo
2434 3123 2719 3186 precante,
2743 3116 2895 3171 ﬂavit
2930 3116 3160 3186 spiritus
3180 3116 3477 3171 vehemens
3504 3134 3535 3171 a
3566 3117 3674 3173 Do-

2099 3212 2273 3273 mino,
2304 3209 2459 3279 quasi
2496 3209 2566 3261 ab
2602 3208 2784 3273 altari,
2821 3209 2875 3261 in
2902 3208 3142 3269 libellos,
3174 3219 3233 3262 et
3262 3208 3555 3265 sublevans
3574 3225 3673 3267 eos

2100 3318 2131 3357 e
2168 3303 2290 3357 loco
2315 3300 2410 3354 ubi
2456 3309 2615 3354 erant
2654 3299 2904 3369 repositi,
2956 3300 3099 3353 sicut
3143 3299 3272 3353 folia
3322 3308 3522 3355 ventus
3573 3315 3671 3370 per

2101 3408 2249 3458 aera,
2286 3392 2340 3445 in
2369 3391 2601 3461 singulis
2632 3390 2875 3461 regionis
2900 3390 3192 3459 praefectis,
3211 3390 3455 3445 allevans
3477 3406 3671 3446 eorum

419 3486 830 3556 γειτονιαρχῶν,
862 3488 1169 3555 κουφίσασα
1207 3490 1409 3539 τούτων
1451 3489 1577 3550 τοὺς
1612 3487 1863 3553 κόλπους,
1895 3488 1991 3539 αύ-

2098 3484 2274 3548 sinus,
2312 3500 2411 3539 eos
2438 3483 2712 3552 deposuit.
2753 3482 2917 3535 Facto
2964 3482 3069 3535 hoc
3116 3482 3355 3537 mirabili
3397 3483 3667 3553 prodigio,

418 3577 547 3639 τοὺς
591 3577 905 3631 ἐναπέθετο.
952 3578 1159 3631 Τούτου
1204 3577 1299 3630 τοῦ
1356 3579 1661 3646 παραδόξου
1713 3578 1991 3649 θαύματος

419 3668 726 3735 γεγονότος,
764 3670 931 3737 φόϐου
980 3669 1075 3721 καὶ
1116 3670 1429 3731 ἐκστάσεως
1461 3670 1697 3734 ἅπαντες
1723 3672 1772 3722 οί
1814 3672 1991 3722 ἐκεῖσε

422 3761 520 3813 σὺν
547 3760 627 3828 τῷ
658 3759 865 3826 βασιλεί
906 3761 1128 3821 καὶτοῖς
1179 3763 1499 3829 μεγιστᾶσιν
1534 3760 1699 3812 αὑτοῦ
1740 3759 1992 3828 ἐπληρώ-

422 3838 615 3921 θησαν,
652 3852 807 3921 115
839 3854 931 3905 καὶ
951 3847 1018 3921 ἧν
1056 3853 1183 3907 ίδεῖν
1218 3854 1463 3915 ἅπαντας
1495 3852 1990 3921 ἑκπληττομένους,

422 3944 517 3995 καὶ
547 3943 637 3995 τὸν
666 3943 943 4014 Δεσπότην
986 3942 1190 4014 Κύριον
1236 3942 1464 3997 Σαϐαὼθ
1505 3945 1570 4014 τῇ
1626 3944 1845 3997 ἐκτάσει
1885 3941 1995 3994 τῶν

422 4033 617 4103 χειρῶν
641 4034 1056 4104 ὑπερυψοῦντας
1081 4035 1173 4086 καὶ
1210 4032 1631 4103 μεγαλύνοντας.

501 4125 561 4177 '0
580 4125 635 4177 δὲ
659 4126 1087 4195 άρχιεπίσκοπος
1112 4122 1232 4181 εἶπε
1274 4128 1386 4189 τοῖς
1419 4125 1678 4194 ἄρχουσιν
1700 4140 1715 4154 ⁸
1750 4141 1770 4175 ι
1802 4124 1993 4188 Ἴδετε,

420 4216 715 4285 ἀγαπητοὶ,
751 4219 834 4271 ὅτι
867 4219 1017 4288 παρὰ
1046 4218 1252 4289 Κυρίου
1288 4218 1383 4271 τοῦ
1424 4216 1559 4270 Θεοῦ
1603 4216 1762 4288 ἡμῶν
1811 4217 1908 4279 τὰς
1935 4217 1995 4268 ὲν

417 4310 533 4371 τοῖς
570 4310 757 4378 τόμοις
787 4309 937 4372 θείας
978 4310 1360 4379 παραγγελίας
1403 4309 1681 4373 ἐδέξασθε.
1710 4308 1783 4361 Τὸ
1809 4309 1996 4362 λοιπὸν

426 4400 563 4469 μετὰ
591 4401 756 4469 φόϐου
803 4402 940 4456 Θεοῦ
976 4404 1070 4457 καὶ
1104 4404 1308 4474 τρόμου
1342 4402 1453 4473 (61)
1494 4404 1864 4474 διατηρήσατε
1897 4402 1995 4455 αύ-

420 4492 541 4555 τὰς,
595 4492 681 4545 ἵνα
710 4494 804 4546 καὶ
839 4496 897 4545 ὲν
930 4493 1008 4564 τῷ
1046 4494 1140 4547 νῦν
1170 4495 1328 4549 αίῶνι
1382 4496 1587 4565 ἤρεμον
1628 4495 1722 4547 καὶ
1771 4492 1995 4563 ἡσύχιον

424 4582 537 4651 βίον
582 4585 861 4655 ζήσωμεν,
918 4587 1124 4657 Κυρίου
1182 4587 1625 4655 παντοκράτορος
1655 4587 1786 4655 ἡμῖν
1836 4583 1995 4637 τοῦτο

423 4675 697 4743 νέμοντος,
730 4679 824 4732 καὶ
861 4679 919 4731 ἐν
960 4678 1041 4747 τῷ
1088 4676 1334 4748 μέλλοντι
1367 4676 1425 4729 δὲ
1461 4675 1609 4747 ζωὴν
1640 4676 1739 4747 τὴν
1772 4674 1996 4731 ἀτελεύ-

419 4782 580 4835 τητον
607 4768 1129 4841 κληρονομήσωμεν.
1160 4787 1179 4820 ο

2094 3576 2293 3629 timore
2327 3583 2383 3629 et
2420 3575 2599 3644 rapitu
2636 3587 2828 3627 omnes
2865 3582 3107 3627 astantes
3133 3588 3256 3627 cum
3286 3588 3411 3642 rege
3436 3575 3669 3643 ejusque

2094 3665 2420 3735 proceribus
2454 3664 2667 3733 impleti
2702 3670 2857 3727 sunt,
2893 3662 3153 3717 etvidere
3185 3672 3303 3717 erat
3327 3678 3519 3718 omnes
3542 3679 3670 3733 per-

2096 3758 2298 3821 culsos,
2326 3766 2383 3811 et
2408 3756 2810 3809 dominatorem
2841 3754 3135 3808 Dominum
3166 3754 3407 3809 Sabaoth
3427 3757 3671 3813 extensis

2096 3850 2357 3904 manibus
2384 3855 2719 3903 venerantes
2744 3854 2799 3899 et
2823 3846 3258 3916 magniﬁcantes.

2165 4120 2629 4189 ArcbiepiscOpus
2672 4103 2805 4172 vero
2859 4116 3134 4186 praefectis
3179 4116 3354 4171 dixit:
3398 4137 3417 4169 ι
3450 4118 3665 4183 Videte,

2095 4214 2303 4278 dilecti,
2333 4212 2591 4282 quoniam
2613 4227 2644 4265 a
2670 4210 2906 4264 Domino
2930 4210 3042 4264 Deo
3072 4221 3262 4265 nostro
3283 4210 3470 4265 divina
3500 4212 3554 4265 in
3582 4213 3668 4267 IllS

2094 4307 2296 4362 libellis
2347 4304 2603 4359 mandata
2654 4303 2965 4374 accepistis.
2998 4303 3268 4373 Deinceps
3311 4319 3435 4357 cum
3468 4305 3667 4359 timore

2096 4399 2193 4453 Dei
2232 4408 2289 4453 et
2327 4407 2568 4453 tremore
2606 4396 2899 4451 observate
2940 4411 3027 4461 ea,
3065 4404 3126 4449 ut
3150 4405 3206 4450 et
3236 4396 3291 4449 in
3319 4395 3424 4450 hoc
3464 4397 3667 4451 saeculo

2095 4488 2311 4561 placida
2360 4486 2767 4556 tranquillaque
2804 4484 2915 4539 vita
2956 4484 3227 4550 fruamur,
3269 4484 3503 4538 Domino
3546 4484 3665 4553 ipso

2094 4580 2474 4648 omnipotente
2504 4578 2653 4646 leges
2682 4577 2841 4631 nobis
2869 4576 3056 4641 dante,
3088 4588 3145 4631 et
3176 4576 3231 4630 in
3266 4574 3456 4629 futuro
3494 4575 3665 4629 vitam

2096 4672 2184 4728 cui
2215 4686 2327 4727 non
2352 4670 2463 4725 erit
2484 4668 2609 4723 ﬁnis
2638 4667 3008 4723 obtineamus.
3046 4688 3064 4719 ι

1896 4918 2123 4976 ΝΟἸᾹὶ.

494 5036 604 5105 (55)
638 5035 760 5091 Job.
794 5052 875 5098 ιιι,
906 5034 941 5089 5
977 5052 992 5088 :
1034 5032 1370 5103 ’Δπόλοιτοή
1408 5032 1590 5156 ἡμέρα
1622 5033 1679 5085 ὲν
1705 5027 1739 5106 ᾖ
1769 5033 1991 5102 ὲγεννή-
2022 5033 2071 5092 D
2096 5031 2221 5093 λεὺς
2268 5031 2363 5085 καὶ¹
2409 5034 2462 5085 οί
2500 5036 2827 5104 μεγιστᾶνες
2882 5032 3050 5088 αὐτοῦ
3113 5033 3162 5087 εί
3217 5034 3373 5089 τοῦτο
3435 5035 3663 5104 φρικτὸν

494 5124 539 5156 ν.
568 5108 664 5156 καὶ
689 5108 721 5156 ἠ
761 5107 857 5156 νὺξ
887 5105 1068 5156 ἐκείνη
1103 5098 1135 5156 ἦ
1182 5100 1362 5156 εἶπανο
1406 5104 1440 5155 ’1
1474 5120 1534 5155 ου
1561 5103 1747 5156 ἄρσεν.
2095 5104 2316 5156 σημεῖον
2346 5103 2557 5156 τελέσει
2599 5106 2629 5156 6
2678 5104 3140 5156 ἀονιεπίσκοποε·
3204 5105 3233 5156 6
3281 5105 3337 5156 δὲ
3393 5104 3662 5156 μακάριος

419 5098 543 5177 θην.
564 5098 722 5177 καὶ-η
761 5107 857 5171 νὺξ
887 5105 1069 5177 εκείνη
1182 5098 1535 5177 εἶπανίῌΊδοίξ
1561 5098 1747 5173 ἄρσεν’.

418 5171 605 5298 ίΓίξὶϐ)
673 5171 850 5230 Missa:
911 5171 1290 5239 oﬂ‘ertorium,
1363 5172 1571 5228 Graecis
1605 5171 1693 5226 'et
1746 5171 1997 5241 ἀναφορὰ

463 5260 511 5298 lC
539 5261 650 5298 um.

493 5314 604 5384 (57)
654 5314 984 5384 Qregentius
1014 5312 1069 5367 in
1100 5312 1385 5384 DisputJ.
1429 5311 1551 5371 195.
1583 5310 1639 5375 2,
1697 5310 1885 5374 κλίνας
1935 5312 1997 5365 τὸ

420 5379 616 5451 γόνυᾴ.
648 5379 800 5436 εἶπεν
851 5385 915 5436 ὲκ
950 5379 1358 5452 καρδίαςξδεά.
1407 5392 1484 5452 uti
1514 5390 1695 5451 pateat
1727 5390 1994 5450 quantum

418 5453 487 5508 ab
518 5453 668 5522 edito
699 5453 971 5522 discrepet
1012 5451 1192 5522 textus
1223 5452 1429 5506 codicis
1456 5451 1622 5522 Cois].
1656 5451 1781 5515 255,
1819 5459 1987 5507 totam

418 5520 747 5576 sententiam
803 5520 1072 5591 promam.
1118 5521 1431 5591 Guloniana
1451 5520 1661 5590 igitur:
1860 5538 1986 5591 συν-

418 5592 593 5661 έδριον
621 5593 712 5643 καὶ
731 5594 759 5645 6
792 5590 1063 5661 μακάριος
1094 5592 1329 5661 μήκοθεν
1351 5590 1446 5661 τοῦ
1480 5592 1755 5661 συνεδρίου
1785 5590 1982 5655 ἀπιὼν,

418 5608 593 5661 εοριον
621 5608 759 5645 καιο
792 5608 941 5658 μακα
984 5608 1063 5653 ιος
1094 5608 1329 5661 μηκοοεν
1351 5608 1446 5642 του
1480 5608 1633 5643 συνεο
1676 5608 1755 5643 ιου
1785 5608 1982 5655 απιων,

417 5660 548 5731 ἔστη
583 5662 662 5723 είς
694 5608 1031 5731 προσευχένο
1056 5662 1152 5714 καὶ
1182 5662 1369 5723 κλίνας
1392 5658 1452 5731 τὸ
1476 5660 1602 5727 γόνυ
1634 5608 1740 5722 ἕως
1766 5661 1985 5731 ἐδάφων

416 5729 651 5852 Tum
675 5729 937 5793 ἀναστάς,
959 5729 1069 5784 ’καὶ
1094 5731 1340 5793 ἐκτείνας
1368 5729 1469 5783 τὰς
1497 5734 1687 5800 χεῖρας
1716 5730 1881 5783 αὑτοῦ
1906 5732 1984 5795 είς

416 5817 444 5851 τ
480 5817 508 5850 ν
559 5799 808 5852 οὐρανὸν.
845 5802 1061 5852 πάντων
1090 5800 1361 5852 όοὼντων.
1416 5794 1569 5852 εἶπεν
1618 5802 1683 5852 ἐκ
1735 5800 1980 5852 καρδίας.

415 5817 508 5851 τον

559 5799 818 5870 ούρανὸν,
845 5802 1061 5855 πάντων
1090 5800 1361 5869 ὁρώντων,
1416 5794 1569 5870 εἶπεν
1586 5794 1597 5800 ’
1618 5802 1683 5854 ἐκ
1705 5869 1709 5870 ν
1731 5794 1980 5870 καρδίας.

416 5868 553 5925 Cod.
579 5868 767 5933 12⁷116,
800 5869 824 5922 1
857 5887 869 5922 :
906 5911 920 5925 .
946 5908 959 5923 .
989 5909 1002 5923 .
1047 5868 1353 5937 συνέδριον
1389 5868 1668 5940 ἐθαύμαζε
1694 5869 1751 5923 δὲ
1775 5868 1984 5939 ό⁷βασιο

734 5963 1005 6045 ΡΑι-ιιοι..
1037 5962 1153 6022 Gn.
1188 5962 1534 6025 LXXXVI.

2095 5104 2316 5175 σημεζον
2346 5103 2557 5175 τελέσει
2599 5106 2629 5157 6
2678 5104 3140 5175 ἀρχιεπίσκοπος·
3204 5105 3233 5156 6
3262 5105 3337 5175 ᾗδὲ
3392 5103 3662 5173 μακάριος

2096 5169 2470 5244 μήκοθενᾲτοῦ
2525 5169 2805 5238 συνεδρίου
2859 5174 3039 5242 ὀλίγον
3084 5173 3343 5241 γεγονὼς,
3393 5169 3663 5243 ἔστηέίς

2092 5242 2404 5311 προσευχήν
2426 5261 2439 5274 ·
2466 5245 2562 5296 καὶ
2597 5246 2941 5314 σχηματίσας
2980 5244 3139 5298 αὐτὸν
3168 5244 3289 5377 ἱξει
3333 5242 3663 5313 σεμνότητος

2093 5313 2188 5367 καὶ
2216 5312 2693 5377 ίεροπρεπεστάτῳ
2727 5313 3119 5377 καλλιερήματι
3156 5316 3172 5377 (
3229 5330 3256 5366 ν
3292 5316 3399 5377 γὰρ
3428 5312 3661 5367 κα¹ιλίαν

2094 5327 2188 5367 και
2216 5327 2693 5383 ιεροπρεπεστατῳ
2727 5327 3119 5383 καλλιερηματι
3156 5327 3256 5384 (ην
3292 5327 3399 5385 γαρ
3428 5327 3520 5367 και
3542 5327 3661 5367 Αιαν

2094 5382 2457 5454 πραότατος),
2491 5384 2679 5454 κλίνας
2707 5384 2769 5435 τὸ
2802 5384 2930 5454 γόνυ
2959 5384 3076 5452 τρὶς
3114 5385 3203 5454 ἐπὶ
3228 5384 3289 5436 τὸ
3310 5384 3439 5454 αὐτὸ
3468 5384 3661 5454 μέχρις

2093 5452 2321 5523 ἐδάφους
2349 5451 2450 5523 τῆς
2471 5453 2594 5518 γῆς,
2632 5450 3008 5523 προσεκύνησε
3036 5452 3226 5523 Κυρίῳ
3266 5453 3343 5521 τῷ
3385 5450 3661 5523 Θεῷέκαὶ

2091 5519 2341 5594 ἐκτείνας
2368 5521 2466 5594 τάς
2492 5518 2689 5594 χεῖρας
2718 5521 2884 5576 αὑτοῦ
2930 5518 3011 5587 είς
3051 5518 3141 5575 τὸν
3186 5518 3434 5594 οὐρανὸν,
3476 5518 3657 5576 εἶπεν.

2164 5589 2274 5659 (58)
2303 5588 2523 5653 Codex,
2543 5588 2704 5659 μέγα.
3254 5588 3265 5594 ’
3382 5588 3389 5599 “

2162 5659 2271 5726 (59)
2302 5659 2505 5724 Codex,
2532 5663 2591 5713 τὸ
2621 5663 2707 5714 ἐπ’
2733 5662 2935 5717 αὐτῶν.
2979 5661 3132 5730 Quod
3166 5662 3477 5727 immutavi,
3508 5675 3665 5718 secu-

2089 5739 2181 5785 tus
2199 5730 2574 5800 narrationem
2604 5730 2867 5788 biblicam
2906 5733 3069 5789 Num.
3103 5748 3178 5800 χι,
3214 5732 3305 5789 25.

2186 5798 2275 5869 60)
2305 5799 2425 5869 Act.
2466 5809 2642 5869 apost.
2678 5817 2737 5865 ιι,
2770 5803 2824 5856 3.

2184 5868 2272 5941 δι)
2308 5868 2393 5925 cr.
2426 5868 2517 5941 pp;
2542 5868 2631 5936 69,
2658 5870 2743 5926 πο.

3302 5959 3382 6022 20
