  <div class='ocr_page' id='page_1' title='image "/cluster/home/n/w/nwhite01/storage/ocr_20150623/86:1/hvd.32044019208909/317.png"; bbox 0 0 4088 6590; ppageno 0'>
   <div class='ocr_carea' id='block_1_1' title="bbox 460 447 566 512">
    <p class='ocr_par' dir='ltr' id='par_1_1' title="bbox 460 447 566 512">
     <span class='ocr_line' id='line_1_1' title="bbox 460 447 566 512; baseline -0.019 0"><span class='ocrx_word' id='word_1_1' title='bbox 460 447 566 512; x_wconf 74' lang='lat'><strong>619</strong></span> 
     </span>
    </p>
   </div>
   <div class='ocr_carea' id='block_1_2' title="bbox 1424 437 2805 504">
    <p class='ocr_par' dir='ltr' id='par_1_2' title="bbox 1424 437 2805 504">
     <span class='ocr_line' id='line_1_2' title="bbox 1424 437 2805 504; baseline -0.003 0"><span class='ocrx_word' id='word_1_2' title='bbox 1424 443 1484 504; x_wconf 90' lang='lat' dir='ltr'><strong>S.</strong></span> <span class='ocrx_word' id='word_1_3' title='bbox 1532 439 2228 504; x_wconf 61' lang='lat' dir='ltr'><strong>GREGENTII&#39;EPISC.</strong></span> <span class='ocrx_word' id='word_1_4' title='bbox 2279 437 2805 501; x_wconf 81' lang='lat' dir='ltr'><strong>TAPHARENSIS</strong></span> 
     </span>
    </p>
   </div>
   <div class='ocr_carea' id='block_1_3' title="bbox 3621 434 3725 499">
    <p class='ocr_par' dir='ltr' id='par_1_3' title="bbox 3621 434 3725 499">
     <span class='ocr_line' id='line_1_3' title="bbox 3621 434 3725 499; baseline 0.01 -1"><span class='ocrx_word' id='word_1_5' title='bbox 3621 434 3725 499; x_wconf 74' lang='lat'><strong>620</strong></span> 
     </span>
    </p>
   </div>
   <div class='ocr_carea' id='block_1_4' title="bbox 535 542 2041 624">
    <p class='ocr_par' dir='ltr' id='par_1_4' title="bbox 535 553 2041 624">
     <span class='ocr_line' id='line_1_4' title="bbox 535 553 2041 624; baseline -0.005 -10"><span class='ocrx_word' id='word_1_6' title='bbox 535 559 663 616; x_wconf 61' lang='lat' dir='ltr'><strong>Haec</strong></span> <span class='ocrx_word' id='word_1_7' title='bbox 693 566 751 613; x_wconf 89' lang='lat' dir='ltr'><strong>et</strong></span> <span class='ocrx_word' id='word_1_8' title='bbox 782 554 958 612; x_wconf 89' lang='lat' dir='ltr'><strong>multa</strong></span> <span class='ocrx_word' id='word_1_9' title='bbox 999 555 1106 612; x_wconf 84' lang='lat' dir='ltr'><strong>alia</strong></span> <span class='ocrx_word' id='word_1_10' title='bbox 1154 570 1281 611; x_wconf 90' lang='lat' dir='ltr'><strong>cum</strong></span> <span class='ocrx_word' id='word_1_11' title='bbox 1319 553 1387 609; x_wconf 90' lang='lat' dir='ltr'><strong>ad</strong></span> <span class='ocrx_word' id='word_1_12' title='bbox 1433 569 1530 610; x_wconf 87' lang='lat' dir='ltr'><strong>eos</strong></span> <span class='ocrx_word' id='word_1_13' title='bbox 1587 554 2041 624; x_wconf 86' lang='lat' dir='ltr'><strong>archiepiscopus</strong></span> 
     </span>
    </p>
   </div>
   <div class='ocr_carea' id='block_1_5' title="bbox 2145 542 3727 624">
    <p class='ocr_par' dir='ltr' id='par_1_5' title="bbox 2215 542 3727 620">
     <span class='ocr_line' id='line_1_5' title="bbox 2215 542 3727 620; baseline -0.006 -16"><span class='ocrx_word' id='word_1_14' title='bbox 2215 548 2402 604; x_wconf 82' lang='grc' dir='ltr'>Ταῦτα</span> <span class='ocrx_word' id='word_1_15' title='bbox 2435 547 2531 603; x_wconf 78' lang='grc' dir='ltr'>τοῦ</span> <span class='ocrx_word' id='word_1_16' title='bbox 2571 546 3006 620; x_wconf 82' lang='grc' dir='ltr'>ἀρχιεπισκόπου</span> <span class='ocrx_word' id='word_1_17' title='bbox 3047 545 3141 605; x_wconf 72' lang='grc' dir='ltr'><strong>καὶ</strong></span> <span class='ocrx_word' id='word_1_18' title='bbox 3185 545 3349 615; x_wconf 72' lang='grc' dir='ltr'>ἕτερα</span> <span class='ocrx_word' id='word_1_19' title='bbox 3392 542 3566 597; x_wconf 86' lang='grc' dir='ltr'>πλείω</span> <span class='ocrx_word' id='word_1_20' title='bbox 3590 545 3727 615; x_wconf 81' lang='grc' dir='ltr'>πρὸς</span> 
     </span>
    </p>
   </div>
   <div class='ocr_carea' id='block_1_6' title="bbox 462 647 2042 718">
    <p class='ocr_par' dir='ltr' id='par_1_6' title="bbox 462 647 2042 718">
     <span class='ocr_line' id='line_1_6' title="bbox 462 647 2042 718; baseline -0.003 -12"><span class='ocrx_word' id='word_1_21' title='bbox 462 651 624 714; x_wconf 79' lang='lat' dir='ltr'><strong>dixit,</strong></span> <span class='ocrx_word' id='word_1_22' title='bbox 663 649 924 705; x_wconf 89' lang='lat' dir='ltr'><strong>abierunt</strong></span> <span class='ocrx_word' id='word_1_23' title='bbox 950 663 1141 704; x_wconf 91' lang='lat' dir='ltr'><strong>omnes</strong></span> <span class='ocrx_word' id='word_1_24' title='bbox 1168 648 1223 702; x_wconf 91' lang='lat' dir='ltr'><strong>in</strong></span> <span class='ocrx_word' id='word_1_25' title='bbox 1253 647 1448 703; x_wconf 90' lang='lat' dir='ltr'><strong>domos</strong></span> <span class='ocrx_word' id='word_1_26' title='bbox 1487 663 1637 713; x_wconf 88' lang='lat' dir='ltr'><strong>suas,</strong></span> <span class='ocrx_word' id='word_1_27' title='bbox 1669 647 2042 718; x_wconf 78' lang='lat' dir='ltr'><strong>gloriﬁcantes</strong></span> 
     </span>
    </p>
   </div>
   <div class='ocr_carea' id='block_1_7' title="bbox 463 739 2042 812">
    <p class='ocr_par' dir='ltr' id='par_1_7' title="bbox 463 739 2042 812">
     <span class='ocr_line' id='line_1_7' title="bbox 463 739 2042 812; baseline -0.003 -13"><span class='ocrx_word' id='word_1_28' title='bbox 463 745 658 801; x_wconf 90' lang='lat' dir='ltr'><strong>Deum.</strong></span> <span class='ocrx_word' id='word_1_29' title='bbox 695 743 812 798; x_wconf 82' lang='lat' dir='ltr'><strong>Rex</strong></span> <span class='ocrx_word' id='word_1_30' title='bbox 840 756 991 804; x_wconf 84' lang='lat' dir='ltr'><strong>vero.</strong></span> <span class='ocrx_word' id='word_1_31' title='bbox 1026 739 1175 794; x_wconf 90' lang='lat' dir='ltr'><strong>beati</strong></span> <span class='ocrx_word' id='word_1_32' title='bbox 1219 739 1628 812; x_wconf 84' lang='lat' dir='ltr'><strong>archiepiscopi</strong></span> <span class='ocrx_word' id='word_1_33' title='bbox 1679 755 1850 794; x_wconf 88' lang='lat' dir='ltr'><strong>manu</strong></span> <span class='ocrx_word' id='word_1_34' title='bbox 1889 753 2042 794; x_wconf 89' lang='lat' dir='ltr'><strong>arre-</strong></span> 
     </span>
    </p>
   </div>
   <div class='ocr_carea' id='block_1_8' title="bbox 465 830 1438 906">
    <p class='ocr_par' dir='ltr' id='par_1_8' title="bbox 465 830 1438 906">
     <span class='ocr_line' id='line_1_8' title="bbox 465 830 1438 906; baseline -0.006 -15"><span class='ocrx_word' id='word_1_35' title='bbox 465 845 578 906; x_wconf 90' lang='lat' dir='ltr'><strong>pta,</strong></span> <span class='ocrx_word' id='word_1_36' title='bbox 610 850 740 891; x_wconf 92' lang='lat' dir='ltr'><strong>eum</strong></span> <span class='ocrx_word' id='word_1_37' title='bbox 773 833 840 888; x_wconf 88' lang='lat' dir='ltr'><strong>ad</strong></span> <span class='ocrx_word' id='word_1_38' title='bbox 864 831 1157 904; x_wconf 81' lang='lat' dir='ltr'><strong>prandium</strong></span> <span class='ocrx_word' id='word_1_39' title='bbox 1185 830 1438 886; x_wconf 79' lang='lat' dir='ltr'><strong>deduxit.</strong></span> 
     </span>
    </p>
   </div>
   <div class='ocr_carea' id='block_1_9' title="bbox 534 1006 2040 1080">
    <p class='ocr_par' dir='ltr' id='par_1_9' title="bbox 534 1006 2040 1080">
     <span class='ocr_line' id='line_1_9' title="bbox 534 1006 2040 1080; baseline -0.002 -14"><span class='ocrx_word' id='word_1_40' title='bbox 534 1009 836 1066; x_wconf 77' lang='lat' dir='ltr'><strong>Constituti</strong></span> <span class='ocrx_word' id='word_1_41' title='bbox 875 1008 1046 1080; x_wconf 79' lang='lat' dir='ltr'><strong>igitur</strong></span> <span class='ocrx_word' id='word_1_42' title='bbox 1087 1007 1333 1078; x_wconf 82' lang='lat' dir='ltr'><strong>praefecti</strong></span> <span class='ocrx_word' id='word_1_43' title='bbox 1381 1017 1508 1077; x_wconf 89' lang='lat' dir='ltr'><strong>post</strong></span> <span class='ocrx_word' id='word_1_44' title='bbox 1553 1006 1672 1063; x_wconf 78' lang='lat' dir='ltr'><strong>haec</strong></span> <span class='ocrx_word' id='word_1_45' title='bbox 1701 1007 1758 1062; x_wconf 92' lang='lat' dir='ltr'><strong>in</strong></span> <span class='ocrx_word' id='word_1_46' title='bbox 1813 1007 2040 1078; x_wconf 79' lang='lat' dir='ltr'><strong>regione</strong></span> 
     </span>
    </p>
   </div>
   <div class='ocr_carea' id='block_1_10' title="bbox 466 1099 2038 1173">
    <p class='ocr_par' dir='ltr' id='par_1_10' title="bbox 466 1099 2038 1173">
     <span class='ocr_line' id='line_1_10' title="bbox 466 1099 2038 1173; baseline -0.002 -16"><span class='ocrx_word' id='word_1_47' title='bbox 466 1118 630 1173; x_wconf 86' lang='lat' dir='ltr'><strong>quam</strong></span> <span class='ocrx_word' id='word_1_48' title='bbox 655 1101 836 1156; x_wconf 87' lang='lat' dir='ltr'><strong>sortiti</strong></span> <span class='ocrx_word' id='word_1_49' title='bbox 873 1109 1052 1163; x_wconf 90' lang='lat' dir='ltr'><strong>erant,</strong></span> <span class='ocrx_word' id='word_1_50' title='bbox 1089 1099 1194 1155; x_wconf 90' lang='lat' dir='ltr'><strong>sibi</strong></span> <span class='ocrx_word' id='word_1_51' title='bbox 1221 1114 1348 1153; x_wconf 88' lang='lat' dir='ltr'><strong>ante</strong></span> <span class='ocrx_word' id='word_1_52' title='bbox 1382 1099 1574 1154; x_wconf 90' lang='lat' dir='ltr'><strong>oculos</strong></span> <span class='ocrx_word' id='word_1_53' title='bbox 1604 1099 1915 1170; x_wconf 66' lang='lat' dir='ltr'><strong>praepositis</strong></span> <span class='ocrx_word' id='word_1_54' title='bbox 1948 1114 2038 1154; x_wconf 85' lang='lat' dir='ltr'><strong>re-</strong></span> 
     </span>
    </p>
   </div>
   <div class='ocr_carea' id='block_1_11' title="bbox 466 1189 2042 1263">
    <p class='ocr_par' dir='ltr' id='par_1_11' title="bbox 466 1189 2042 1263">
     <span class='ocr_line' id='line_1_11' title="bbox 466 1189 2042 1263; baseline -0.001 -17"><span class='ocrx_word' id='word_1_55' title='bbox 466 1193 570 1263; x_wconf 78' lang='lat' dir='ltr'><strong>giis</strong></span> <span class='ocrx_word' id='word_1_56' title='bbox 603 1191 896 1254; x_wconf 83' lang='lat' dir='ltr'><strong>institutis,</strong></span> <span class='ocrx_word' id='word_1_57' title='bbox 933 1189 1377 1258; x_wconf 82' lang='lat' dir='ltr'><strong>exsequebantur</strong></span> <span class='ocrx_word' id='word_1_58' title='bbox 1412 1204 1537 1242; x_wconf 90' lang='lat' dir='ltr'><strong>cum</strong></span> <span class='ocrx_word' id='word_1_59' title='bbox 1580 1189 1959 1256; x_wconf 86' lang='lat' dir='ltr'><strong>veneratione,</strong></span> <span class='ocrx_word' id='word_1_60' title='bbox 1985 1199 2042 1244; x_wconf 90' lang='lat' dir='ltr'><strong>et</strong></span> 
     </span>
    </p>
   </div>
   <div class='ocr_carea' id='block_1_12' title="bbox 470 1280 2042 1352">
    <p class='ocr_par' dir='ltr' id='par_1_12' title="bbox 470 1280 2042 1352">
     <span class='ocr_line' id='line_1_12' title="bbox 470 1280 2042 1352; baseline -0.004 -12"><span class='ocrx_word' id='word_1_61' title='bbox 470 1295 731 1348; x_wconf 88' lang='lat' dir='ltr'><strong>tremore,</strong></span> <span class='ocrx_word' id='word_1_62' title='bbox 775 1293 831 1337; x_wconf 90' lang='lat' dir='ltr'><strong>et</strong></span> <span class='ocrx_word' id='word_1_63' title='bbox 864 1281 1158 1352; x_wconf 85' lang='lat' dir='ltr'><strong>prudentia</strong></span> <span class='ocrx_word' id='word_1_64' title='bbox 1204 1296 1546 1350; x_wconf 67' lang='lat' dir='ltr'><strong>quaecunque</strong></span> <span class='ocrx_word' id='word_1_65' title='bbox 1595 1281 1702 1335; x_wconf 91' lang='lat' dir='ltr'><strong>sibi</strong></span> <span class='ocrx_word' id='word_1_66' title='bbox 1767 1280 2042 1335; x_wconf 78' lang='lat' dir='ltr'><strong>mandatis</strong></span> 
     </span>
    </p>
   </div>
   <div class='ocr_carea' id='block_1_13' title="bbox 469 1371 2044 1445">
    <p class='ocr_par' dir='ltr' id='par_1_13' title="bbox 469 1371 2044 1445">
     <span class='ocr_line' id='line_1_13' title="bbox 469 1371 2044 1445; baseline -0.003 -16"><span class='ocrx_word' id='word_1_67' title='bbox 469 1376 582 1430; x_wconf 89' lang='lat' dir='ltr'><strong>illis</strong></span> <span class='ocrx_word' id='word_1_68' title='bbox 616 1373 936 1445; x_wconf 62' lang='lat' dir='ltr'><strong>praescripta</strong></span> <span class='ocrx_word' id='word_1_69' title='bbox 981 1381 1157 1427; x_wconf 88' lang='lat' dir='ltr'><strong>erant.</strong></span> <span class='ocrx_word' id='word_1_70' title='bbox 1205 1372 1273 1426; x_wconf 87' lang='lat' dir='ltr'><strong>Et</strong></span> <span class='ocrx_word' id='word_1_71' title='bbox 1297 1371 1482 1426; x_wconf 86' lang='lat' dir='ltr'><strong>videre</strong></span> <span class='ocrx_word' id='word_1_72' title='bbox 1507 1381 1628 1427; x_wconf 89' lang='lat' dir='ltr'><strong>erat</strong></span> <span class='ocrx_word' id='word_1_73' title='bbox 1662 1372 1914 1426; x_wconf 89' lang='lat' dir='ltr'><strong>homines</strong></span> <span class='ocrx_word' id='word_1_74' title='bbox 1943 1372 2044 1425; x_wconf 89' lang='lat' dir='ltr'><strong>ho-</strong></span> 
     </span>
    </p>
   </div>
   <div class='ocr_carea' id='block_1_14' title="bbox 468 1463 2043 1534">
    <p class='ocr_par' dir='ltr' id='par_1_14' title="bbox 468 1463 2043 1534">
     <span class='ocr_line' id='line_1_14' title="bbox 468 1463 2043 1534; baseline -0.001 -15"><span class='ocrx_word' id='word_1_75' title='bbox 468 1473 657 1520; x_wconf 91' lang='lat' dir='ltr'><strong>nestos</strong></span> <span class='ocrx_word' id='word_1_76' title='bbox 703 1464 985 1534; x_wconf 86' lang='lat' dir='ltr'><strong>puriorcs,</strong></span> <span class='ocrx_word' id='word_1_77' title='bbox 1021 1472 1080 1517; x_wconf 95' lang='lat' dir='ltr'><strong>ut</strong></span> <span class='ocrx_word' id='word_1_78' title='bbox 1127 1463 1398 1532; x_wconf 89' lang='lat' dir='ltr'><strong>scriptum</strong></span> <span class='ocrx_word' id='word_1_79' title='bbox 1447 1472 1564 1530; x_wconf 88' lang='lat' dir='ltr'><strong>est,</strong></span> <span class='ocrx_word' id='word_1_80' title='bbox 1626 1478 1764 1518; x_wconf 89' lang='lat' dir='ltr'><strong>auro</strong></span> <span class='ocrx_word' id='word_1_81' title='bbox 1808 1478 1948 1533; x_wconf 91' lang='lat' dir='ltr'><strong>puro</strong></span> <span class='ocrx_word' id='word_1_82' title='bbox 1987 1471 2043 1517; x_wconf 91' lang='lat' dir='ltr'><strong>et</strong></span> 
     </span>
    </p>
   </div>
   <div class='ocr_carea' id='block_1_15' title="bbox 469 1555 2044 1613">
    <p class='ocr_par' dir='ltr' id='par_1_15' title="bbox 469 1555 2044 1613">
     <span class='ocr_line' id='line_1_15' title="bbox 469 1555 2044 1613; baseline -0.003 0"><span class='ocrx_word' id='word_1_83' title='bbox 469 1560 710 1613; x_wconf 89' lang='lat' dir='ltr'><strong>sincero.</strong></span> <span class='ocrx_word' id='word_1_84' title='bbox 773 1556 1147 1611; x_wconf 83' lang='lat' dir='ltr'><strong>Ambulabant</strong></span> <span class='ocrx_word' id='word_1_85' title='bbox 1187 1555 1337 1610; x_wconf 92' lang='lat' dir='ltr'><strong>enim</strong></span> <span class='ocrx_word' id='word_1_86' title='bbox 1393 1570 1519 1609; x_wconf 91' lang='lat' dir='ltr'><strong>cum</strong></span> <span class='ocrx_word' id='word_1_87' title='bbox 1587 1555 1782 1610; x_wconf 91' lang='lat' dir='ltr'><strong>timore</strong></span> <span class='ocrx_word' id='word_1_88' title='bbox 1829 1565 1884 1610; x_wconf 90' lang='lat' dir='ltr'><strong>et</strong></span> <span class='ocrx_word' id='word_1_89' title='bbox 1932 1564 2044 1610; x_wconf 86' lang='lat' dir='ltr'><strong>tre-</strong></span> 
     </span>
    </p>
   </div>
   <div class='ocr_carea' id='block_1_16' title="bbox 470 1645 2042 1717">
    <p class='ocr_par' dir='ltr' id='par_1_16' title="bbox 470 1645 2042 1717">
     <span class='ocr_line' id='line_1_16' title="bbox 470 1645 2042 1717; baseline -0.001 -14"><span class='ocrx_word' id='word_1_90' title='bbox 470 1665 626 1704; x_wconf 86' lang='lat' dir='ltr'><strong>more</strong></span> <span class='ocrx_word' id='word_1_91' title='bbox 657 1663 869 1713; x_wconf 89' lang='lat' dir='ltr'><strong>omnes,</strong></span> <span class='ocrx_word' id='word_1_92' title='bbox 911 1648 1226 1716; x_wconf 89' lang='lat' dir='ltr'><strong>scriptaque</strong></span> <span class='ocrx_word' id='word_1_93' title='bbox 1261 1645 1317 1700; x_wconf 87' lang='lat' dir='ltr'><strong>in</strong></span> <span class='ocrx_word' id='word_1_94' title='bbox 1359 1646 1525 1717; x_wconf 78' lang='lat' dir='ltr'><strong>regiis</strong></span> <span class='ocrx_word' id='word_1_95' title='bbox 1551 1647 1753 1703; x_wconf 90' lang='lat' dir='ltr'><strong>libellis</strong></span> <span class='ocrx_word' id='word_1_96' title='bbox 1783 1648 2042 1702; x_wconf 88' lang='lat' dir='ltr'><strong>celeriter</strong></span> 
     </span>
    </p>
   </div>
   <div class='ocr_carea' id='block_1_17' title="bbox 469 1738 2043 1811">
    <p class='ocr_par' dir='ltr' id='par_1_17' title="bbox 469 1738 2043 1811">
     <span class='ocr_line' id='line_1_17' title="bbox 469 1738 2043 1811; baseline -0.003 -16"><span class='ocrx_word' id='word_1_97' title='bbox 469 1741 721 1811; x_wconf 87' lang='lat' dir='ltr'><strong>plerique</strong></span> <span class='ocrx_word' id='word_1_98' title='bbox 761 1739 1208 1808; x_wconf 75' lang='lat' dir='ltr'><strong>exsequebantur</strong></span> <span class='ocrx_word' id='word_1_99' title='bbox 1239 1738 1400 1793; x_wconf 89' lang='lat' dir='ltr'><strong>inviti</strong></span> <span class='ocrx_word' id='word_1_100' title='bbox 1444 1747 1500 1793; x_wconf 91' lang='lat' dir='ltr'><strong>et</strong></span> <span class='ocrx_word' id='word_1_101' title='bbox 1537 1739 1810 1803; x_wconf 92' lang='lat' dir='ltr'><strong>nolentes,</strong></span> <span class='ocrx_word' id='word_1_102' title='bbox 1860 1738 1936 1793; x_wconf 91' lang='lat' dir='ltr'><strong>ita</strong></span> <span class='ocrx_word' id='word_1_103' title='bbox 1982 1745 2043 1792; x_wconf 90' lang='lat' dir='ltr'><strong>ut</strong></span> 
     </span>
    </p>
   </div>
   <div class='ocr_carea' id='block_1_18' title="bbox 471 1827 2037 1900">
    <p class='ocr_par' dir='ltr' id='par_1_18' title="bbox 471 1827 2037 1900">
     <span class='ocr_line' id='line_1_18' title="bbox 471 1827 2037 1900; baseline -0.003 -14"><span class='ocrx_word' id='word_1_104' title='bbox 471 1831 797 1900; x_wconf 88' lang='lat' dir='ltr'><strong>impleretur</strong></span> <span class='ocrx_word' id='word_1_105' title='bbox 847 1845 878 1883; x_wconf 90' lang='lat' dir='ltr'><strong>a</strong></span> <span class='ocrx_word' id='word_1_106' title='bbox 939 1828 1207 1898; x_wconf 87' lang='lat' dir='ltr'><strong>propheta</strong></span> <span class='ocrx_word' id='word_1_107' title='bbox 1278 1827 1462 1883; x_wconf 87' lang='lat' dir='ltr'><strong>dictus</strong></span> <span class='ocrx_word' id='word_1_108' title='bbox 1516 1829 1740 1884; x_wconf 85' lang='lat' dir='ltr'><strong>divinus</strong></span> <span class='ocrx_word' id='word_1_109' title='bbox 1811 1843 2037 1883; x_wconf 88' lang='lat' dir='ltr'><strong>sermo:</strong></span> 
     </span>
    </p>
   </div>
   <div class='ocr_carea' id='block_1_19' title="bbox 2142 634 3730 709">
    <p class='ocr_par' dir='ltr' id='par_1_19' title="bbox 2142 634 3730 709">
     <span class='ocr_line' id='line_1_19' title="bbox 2142 634 3730 709; baseline -0.006 -14"><span class='ocrx_word' id='word_1_110' title='bbox 2142 641 2339 706; x_wconf 78' lang='grc' dir='ltr'>αὐτοὺς</span> <span class='ocrx_word' id='word_1_111' title='bbox 2375 638 2885 709; x_wconf 78' lang='grc' dir='ltr'>ἀποφθεγξαμένου,</span> <span class='ocrx_word' id='word_1_112' title='bbox 2926 635 3168 707; x_wconf 82' lang='grc' dir='ltr'>ἀπῆλθον</span> <span class='ocrx_word' id='word_1_113' title='bbox 3204 635 3445 696; x_wconf 76' lang='grc' dir='ltr'>ἅπαντες</span> <span class='ocrx_word' id='word_1_114' title='bbox 3489 634 3570 697; x_wconf 84' lang='grc' dir='ltr'><strong>είς</strong></span> <span class='ocrx_word' id='word_1_115' title='bbox 3599 634 3730 696; x_wconf 78' lang='grc' dir='ltr'>τοὺς</span> 
     </span>
    </p>
   </div>
   <div class='ocr_carea' id='block_1_20' title="bbox 2141 725 3727 798">
    <p class='ocr_par' dir='ltr' id='par_1_20' title="bbox 2141 725 3727 798">
     <span class='ocr_line' id='line_1_20' title="bbox 2141 725 3727 798; baseline -0.007 -10"><span class='ocrx_word' id='word_1_116' title='bbox 2141 737 2322 798; x_wconf 84' lang='grc' dir='ltr'>οῐκους</span> <span class='ocrx_word' id='word_1_117' title='bbox 2346 733 2547 796; x_wconf 70' lang='grc' dir='ltr'>αὐτῶν,</span> <span class='ocrx_word' id='word_1_118' title='bbox 2581 731 2896 797; x_wconf 77' lang='grc' dir='ltr'><strong>δοξάζοντες</strong></span> <span class='ocrx_word' id='word_1_119' title='bbox 2943 728 3033 783; x_wconf 78' lang='grc' dir='ltr'><strong>τὸν</strong></span> <span class='ocrx_word' id='word_1_120' title='bbox 3061 729 3216 782; x_wconf 88' lang='grc' dir='ltr'>Θεόν.</span> <span class='ocrx_word' id='word_1_121' title='bbox 3260 727 3318 782; x_wconf 88' lang='lat'><strong>&#39;0</strong></span> <span class='ocrx_word' id='word_1_122' title='bbox 3358 726 3416 779; x_wconf 83' lang='grc' dir='ltr'>δὲ</span> <span class='ocrx_word' id='word_1_123' title='bbox 3450 725 3727 797; x_wconf 76' lang='grc' dir='ltr'>βασιλεὺς,</span> 
     </span>
    </p>
   </div>
   <div class='ocr_carea' id='block_1_21' title="bbox 2141 817 3729 900">
    <p class='ocr_par' dir='ltr' id='par_1_21' title="bbox 2141 817 3729 900">
     <span class='ocr_line' id='line_1_21' title="bbox 2141 817 3729 900; baseline -0.007 -17"><span class='ocrx_word' id='word_1_124' title='bbox 2141 830 2440 900; x_wconf 89' lang='grc' dir='ltr'>λαϐόμενος</span> <span class='ocrx_word' id='word_1_125' title='bbox 2477 827 2578 898; x_wconf 85' lang='grc' dir='ltr'>τῆς</span> <span class='ocrx_word' id='word_1_126' title='bbox 2618 826 2800 897; x_wconf 74' lang='grc' dir='ltr'>χειρὸς</span> <span class='ocrx_word' id='word_1_127' title='bbox 2842 823 2938 879; x_wconf 81' lang='grc' dir='ltr'>τοῦ</span> <span class='ocrx_word' id='word_1_128' title='bbox 2993 821 3268 894; x_wconf 84' lang='grc' dir='ltr'>μακαρίου</span> <span class='ocrx_word' id='word_1_129' title='bbox 3297 820 3601 874; x_wconf 72' lang='grc' dir='ltr'><strong>ἐπισκόπου</strong></span> <span class='ocrx_word' id='word_1_130' title='bbox 3632 817 3729 872; x_wconf 75' lang='grc' dir='ltr'><strong>ἐπὶ</strong></span> 
     </span>
    </p>
   </div>
   <div class='ocr_carea' id='block_1_22' title="bbox 2141 916 2988 991">
    <p class='ocr_par' dir='ltr' id='par_1_22' title="bbox 2141 916 2988 991">
     <span class='ocr_line' id='line_1_22' title="bbox 2141 916 2988 991; baseline -0.007 -17"><span class='ocrx_word' id='word_1_131' title='bbox 2141 920 2219 991; x_wconf 81' lang='grc' dir='ltr'>τῷ</span> <span class='ocrx_word' id='word_1_132' title='bbox 2250 920 2544 991; x_wconf 75' lang='grc' dir='ltr'><strong>ἀριστῆσαι</strong></span> <span class='ocrx_word' id='word_1_133' title='bbox 2575 916 2988 988; x_wconf 77' lang='grc' dir='ltr'>ἀνακεχώρηκε.</span> 
     </span>
    </p>
   </div>
   <div class='ocr_carea' id='block_1_23' title="bbox 2214 1003 3727 1078">
    <p class='ocr_par' dir='ltr' id='par_1_23' title="bbox 2214 1003 3727 1078">
     <span class='ocr_line' id='line_1_23' title="bbox 2214 1003 3727 1078; baseline -0.007 -13"><span class='ocrx_word' id='word_1_134' title='bbox 2214 1012 2586 1074; x_wconf 82' lang='grc' dir='ltr'>Καθεσθέντες</span> <span class='ocrx_word' id='word_1_135' title='bbox 2637 1006 2730 1063; x_wconf 85' lang='grc' dir='ltr'>οὖν</span> <span class='ocrx_word' id='word_1_136' title='bbox 2777 1011 2825 1062; x_wconf 81' lang='grc' dir='ltr'>οἱ</span> <span class='ocrx_word' id='word_1_137' title='bbox 2860 1010 3122 1078; x_wconf 83' lang='grc' dir='ltr'>ἄρχοντες</span> <span class='ocrx_word' id='word_1_138' title='bbox 3152 1004 3293 1076; x_wconf 89' lang='grc' dir='ltr'><strong>μετά</strong></span> <span class='ocrx_word' id='word_1_139' title='bbox 3339 1003 3514 1058; x_wconf 83' lang='grc' dir='ltr'>ταῦτα</span> <span class='ocrx_word' id='word_1_140' title='bbox 3561 1003 3620 1056; x_wconf 77' lang='grc' dir='ltr'>ἓν</span> <span class='ocrx_word' id='word_1_141' title='bbox 3659 1003 3727 1074; x_wconf 80' lang='grc' dir='ltr'>τῇ</span> 
     </span>
    </p>
   </div>
   <div class='ocr_carea' id='block_1_24' title="bbox 2141 1095 3732 1176">
    <p class='ocr_par' dir='ltr' id='par_1_24' title="bbox 2141 1095 3732 1176">
     <span class='ocr_line' id='line_1_24' title="bbox 2141 1095 3732 1176; baseline -0.006 -19"><span class='ocrx_word' id='word_1_142' title='bbox 2141 1105 2381 1176; x_wconf 78' lang='grc' dir='ltr'><strong>λαχούσῃ</strong></span> <span class='ocrx_word' id='word_1_143' title='bbox 2441 1104 2621 1157; x_wconf 81' lang='grc' dir='ltr'>αὐτῶν</span> <span class='ocrx_word' id='word_1_144' title='bbox 2669 1100 2913 1172; x_wconf 80' lang='grc' dir='ltr'>γειτονίᾳ</span> <span class='ocrx_word' id='word_1_145' title='bbox 2980 1099 3116 1169; x_wconf 75' lang='lat'><strong>(6&#39;2),</strong></span> <span class='ocrx_word' id='word_1_146' title='bbox 3174 1097 3559 1170; x_wconf 78' lang='grc' dir='ltr'><strong>προκειμένων</strong></span> <span class='ocrx_word' id='word_1_147' title='bbox 3620 1095 3732 1148; x_wconf 86' lang='grc' dir='ltr'>τῶν</span> 
     </span>
    </p>
   </div>
   <div class='ocr_carea' id='block_1_25' title="bbox 2145 1188 3731 1268">
    <p class='ocr_par' dir='ltr' id='par_1_25' title="bbox 2145 1188 3731 1268">
     <span class='ocr_line' id='line_1_25' title="bbox 2145 1188 3731 1268; baseline -0.007 -18"><span class='ocrx_word' id='word_1_148' title='bbox 2145 1195 2437 1268; x_wconf 78' lang='grc' dir='ltr'>βασιλικῶν</span> <span class='ocrx_word' id='word_1_149' title='bbox 2491 1193 2793 1260; x_wconf 78' lang='grc' dir='ltr'><strong>διατάξεων</strong></span> <span class='ocrx_word' id='word_1_150' title='bbox 2844 1191 3156 1263; x_wconf 81' lang='grc' dir='ltr'>ἔμπροσθεν</span> <span class='ocrx_word' id='word_1_151' title='bbox 3206 1189 3405 1252; x_wconf 78' lang='grc' dir='ltr'>αὐτῶν,</span> <span class='ocrx_word' id='word_1_152' title='bbox 3461 1188 3731 1257; x_wconf 75' lang='grc' dir='ltr'>ἔπραττον</span> 
     </span>
    </p>
   </div>
   <div class='ocr_carea' id='block_1_26' title="bbox 2147 1280 3729 1358">
    <p class='ocr_par' dir='ltr' id='par_1_26' title="bbox 2147 1280 3729 1358">
     <span class='ocr_line' id='line_1_26' title="bbox 2147 1280 3729 1358; baseline -0.006 -18"><span class='ocrx_word' id='word_1_153' title='bbox 2147 1287 2283 1358; x_wconf 86' lang='grc' dir='ltr'>μετὰ</span> <span class='ocrx_word' id='word_1_154' title='bbox 2328 1286 2528 1349; x_wconf 74' lang='grc' dir='ltr'>αἰδοῦς,</span> <span class='ocrx_word' id='word_1_155' title='bbox 2569 1286 2664 1338; x_wconf 67' lang='grc' dir='ltr'><strong>καὶ</strong></span> <span class='ocrx_word' id='word_1_156' title='bbox 2700 1286 2925 1356; x_wconf 80' lang='grc' dir='ltr'>τρόμου,</span> <span class='ocrx_word' id='word_1_157' title='bbox 2953 1285 3049 1337; x_wconf 76' lang='grc' dir='ltr'><strong>καὶ</strong></span> <span class='ocrx_word' id='word_1_158' title='bbox 3084 1283 3393 1347; x_wconf 84' lang='grc' dir='ltr'>εὐλαϐείας,</span> <span class='ocrx_word' id='word_1_159' title='bbox 3433 1280 3729 1350; x_wconf 83' lang='grc' dir='ltr'>καθώσπερ</span> 
     </span>
    </p>
   </div>
   <div class='ocr_carea' id='block_1_27' title="bbox 2143 1367 3730 1447">
    <p class='ocr_par' dir='ltr' id='par_1_27' title="bbox 2143 1367 3730 1447">
     <span class='ocr_line' id='line_1_27' title="bbox 2143 1367 3730 1447; baseline -0.005 -16"><span class='ocrx_word' id='word_1_160' title='bbox 2143 1379 2341 1441; x_wconf 72' lang='grc' dir='ltr'>αὐτοὺς</span> <span class='ocrx_word' id='word_1_161' title='bbox 2371 1378 2439 1431; x_wconf 84' lang='grc' dir='ltr'>τὰ</span> <span class='ocrx_word' id='word_1_162' title='bbox 2468 1377 2813 1446; x_wconf 83' lang='grc' dir='ltr'>διατάγματα</span> <span class='ocrx_word' id='word_1_163' title='bbox 2841 1374 3300 1447; x_wconf 85' lang='grc' dir='ltr'>παρεκελεύοντο.</span> <span class='ocrx_word' id='word_1_164' title='bbox 3348 1374 3458 1428; x_wconf 82' lang='grc' dir='ltr'>Καὶ</span> <span class='ocrx_word' id='word_1_165' title='bbox 3495 1367 3563 1442; x_wconf 85' lang='grc' dir='ltr'>ἦν</span> <span class='ocrx_word' id='word_1_166' title='bbox 3599 1373 3730 1424; x_wconf 82' lang='grc' dir='ltr'>ίδεῖν</span> 
     </span>
    </p>
   </div>
   <div class='ocr_carea' id='block_1_28' title="bbox 2142 1464 3732 1540">
    <p class='ocr_par' dir='ltr' id='par_1_28' title="bbox 2142 1464 3732 1540">
     <span class='ocr_line' id='line_1_28' title="bbox 2142 1464 3732 1540; baseline -0.006 -16"><span class='ocrx_word' id='word_1_167' title='bbox 2142 1472 2268 1533; x_wconf 77' lang='grc' dir='ltr'>τοὺς</span> <span class='ocrx_word' id='word_1_168' title='bbox 2312 1469 2632 1540; x_wconf 82' lang='grc' dir='ltr'>ἀνθρώπους</span> <span class='ocrx_word' id='word_1_169' title='bbox 2677 1468 2932 1538; x_wconf 72' lang='grc' dir='ltr'>ἐντίμους</span> <span class='ocrx_word' id='word_1_170' title='bbox 2961 1467 3185 1538; x_wconf 83' lang='grc' dir='ltr'>μᾶλλον,</span> <span class='ocrx_word' id='word_1_171' title='bbox 3225 1465 3366 1519; x_wconf 81' lang='grc' dir='ltr'>κατὰ</span> <span class='ocrx_word' id='word_1_172' title='bbox 3395 1464 3456 1518; x_wconf 76' lang='grc' dir='ltr'>τὸ</span> <span class='ocrx_word' id='word_1_173' title='bbox 3488 1479 3732 1533; x_wconf 82' lang='grc' dir='ltr'>γεγραμ-</span> 
     </span>
    </p>
   </div>
   <div class='ocr_carea' id='block_1_29' title="bbox 2147 1555 3730 1633">
    <p class='ocr_par' dir='ltr' id='par_1_29' title="bbox 2147 1555 3730 1633">
     <span class='ocr_line' id='line_1_29' title="bbox 2147 1555 3730 1633; baseline -0.004 -17"><span class='ocrx_word' id='word_1_174' title='bbox 2147 1563 2307 1633; x_wconf 84' lang='grc' dir='ltr'>μένον</span> <span class='ocrx_word' id='word_1_175' title='bbox 2343 1562 2481 1633; x_wconf 75' lang='grc'>(65),</span> <span class='ocrx_word' id='word_1_176' title='bbox 2522 1561 2555 1633; x_wconf 84' lang='grc' dir='ltr'>ἢ</span> <span class='ocrx_word' id='word_1_177' title='bbox 2611 1561 2672 1614; x_wconf 85' lang='grc' dir='ltr'><strong>τὸ</strong></span> <span class='ocrx_word' id='word_1_178' title='bbox 2714 1561 2941 1632; x_wconf 86' lang='grc' dir='ltr'>χρυσίον</span> <span class='ocrx_word' id='word_1_179' title='bbox 2993 1559 3054 1612; x_wconf 87' lang='grc' dir='ltr'><strong>τὸ</strong></span> <span class='ocrx_word' id='word_1_180' title='bbox 3088 1557 3333 1630; x_wconf 78' lang='grc' dir='ltr'>καθαρὸν</span> <span class='ocrx_word' id='word_1_181' title='bbox 3384 1556 3478 1609; x_wconf 70' lang='grc' dir='ltr'><strong>κα)⁸</strong></span> <span class='ocrx_word' id='word_1_182' title='bbox 3521 1555 3730 1609; x_wconf 82' lang='grc' dir='ltr'>ἄδολον.</span> 
     </span>
    </p>
   </div>
   <div class='ocr_carea' id='block_1_30' title="bbox 2144 1647 3730 1726">
    <p class='ocr_par' dir='ltr' id='par_1_30' title="bbox 2144 1647 3730 1726">
     <span class='ocr_line' id='line_1_30' title="bbox 2144 1647 3730 1726; baseline -0.005 -19"><span class='ocrx_word' id='word_1_183' title='bbox 2144 1655 2517 1726; x_wconf 82' lang='grc' dir='ltr'>Περιεπὰτουν</span> <span class='ocrx_word' id='word_1_184' title='bbox 2564 1653 2674 1724; x_wconf 82' lang='grc' dir='ltr'>γὰρ</span> <span class='ocrx_word' id='word_1_185' title='bbox 2706 1653 2843 1724; x_wconf 79' lang='grc' dir='ltr'>μετὰ</span> <span class='ocrx_word' id='word_1_186' title='bbox 2879 1651 3048 1722; x_wconf 81' lang='grc' dir='ltr'>φόϐου</span> <span class='ocrx_word' id='word_1_187' title='bbox 3103 1650 3198 1704; x_wconf 79' lang='grc' dir='ltr'>καὶ</span> <span class='ocrx_word' id='word_1_188' title='bbox 3223 1650 3430 1720; x_wconf 83' lang='grc' dir='ltr'>τρόμου</span> <span class='ocrx_word' id='word_1_189' title='bbox 3470 1647 3730 1712; x_wconf 77' lang='grc' dir='ltr'>ἅπαντες,</span> 
     </span>
    </p>
   </div>
   <div class='ocr_carea' id='block_1_31' title="bbox 2144 1739 3734 1816">
    <p class='ocr_par' dir='ltr' id='par_1_31' title="bbox 2144 1739 3734 1816">
     <span class='ocr_line' id='line_1_31' title="bbox 2144 1739 3734 1816; baseline -0.002 -17"><span class='ocrx_word' id='word_1_190' title='bbox 2144 1748 2240 1800; x_wconf 75' lang='grc' dir='ltr'>καὶ</span> <span class='ocrx_word' id='word_1_191' title='bbox 2286 1747 2350 1799; x_wconf 74' lang='grc' dir='ltr'>τὰ</span> <span class='ocrx_word' id='word_1_192' title='bbox 2385 1747 2751 1816; x_wconf 82' lang='grc' dir='ltr'>γεγραμμένα</span> <span class='ocrx_word' id='word_1_193' title='bbox 2798 1747 2858 1798; x_wconf 80' lang='grc' dir='ltr'>ἐν</span> <span class='ocrx_word' id='word_1_194' title='bbox 2895 1747 3010 1808; x_wconf 88' lang='grc' dir='ltr'>τοῖς</span> <span class='ocrx_word' id='word_1_195' title='bbox 3060 1743 3360 1813; x_wconf 79' lang='grc' dir='ltr'>βασιλικοῖς</span> <span class='ocrx_word' id='word_1_196' title='bbox 3408 1742 3596 1812; x_wconf 83' lang='grc' dir='ltr'>τόμοις</span> <span class='ocrx_word' id='word_1_197' title='bbox 3630 1739 3734 1796; x_wconf 81' lang='grc' dir='ltr'><strong>κᾶν</strong></span> 
     </span>
    </p>
   </div>
   <div class='ocr_carea' id='block_1_32' title="bbox 2142 1831 3730 1907">
    <p class='ocr_par' dir='ltr' id='par_1_32' title="bbox 2142 1831 3730 1907">
     <span class='ocr_line' id='line_1_32' title="bbox 2142 1831 3730 1907; baseline 0.004 -17"><span class='ocrx_word' id='word_1_198' title='bbox 2142 1837 2284 1907; x_wconf 83' lang='grc' dir='ltr'>τάχα</span> <span class='ocrx_word' id='word_1_199' title='bbox 2314 1838 2362 1890; x_wconf 80' lang='grc' dir='ltr'><strong>οἱ</strong></span> <span class='ocrx_word' id='word_1_200' title='bbox 2422 1836 2644 1899; x_wconf 87' lang='grc' dir='ltr'>πλείους</span> <span class='ocrx_word' id='word_1_201' title='bbox 2697 1836 2978 1900; x_wconf 79' lang='grc' dir='ltr'>ὲξετέλουν</span> <span class='ocrx_word' id='word_1_202' title='bbox 3031 1835 3190 1905; x_wconf 76' lang='lat'><strong>116</strong></span> <span class='ocrx_word' id='word_1_203' title='bbox 3241 1833 3469 1895; x_wconf 76' lang='grc' dir='ltr'>ἄκοντες</span> <span class='ocrx_word' id='word_1_204' title='bbox 3511 1832 3606 1886; x_wconf 69' lang='grc' dir='ltr'><strong>καὶ</strong></span> <span class='ocrx_word' id='word_1_205' title='bbox 3654 1831 3730 1903; x_wconf 79' lang='grc' dir='ltr'>μὴ</span> 
     </span>
    </p>
   </div>
   <div class='ocr_carea' id='block_1_33' title="bbox 475 1903 2041 2000">
    <p class='ocr_par' dir='ltr' id='par_1_33' title="bbox 475 1919 2041 1991">
     <span class='ocr_line' id='line_1_33' title="bbox 475 1919 2041 1991; baseline -0.001 -15"><span class='ocrx_word' id='word_1_206' title='bbox 475 1941 496 1976; x_wconf 79' lang='grc' dir='ltr'><strong>ι</strong></span> <span class='ocrx_word' id='word_1_207' title='bbox 529 1923 650 1978; x_wconf 83' lang='grc' dir='ltr'><strong>Νοη</strong></span> <span class='ocrx_word' id='word_1_208' title='bbox 701 1932 787 1977; x_wconf 87' lang='lat' dir='ltr'><strong>est</strong></span> <span class='ocrx_word' id='word_1_209' title='bbox 828 1921 988 1975; x_wconf 89' lang='lat' dir='ltr'><strong>ruina</strong></span> <span class='ocrx_word' id='word_1_210' title='bbox 1035 1919 1310 1986; x_wconf 71' lang='lat' dir='ltr'><strong>maceriae,</strong></span> <span class='ocrx_word' id='word_1_211' title='bbox 1359 1936 1540 1991; x_wconf 91' lang='lat' dir='ltr'><strong>neque</strong></span> <span class='ocrx_word' id='word_1_212' title='bbox 1589 1922 1815 1982; x_wconf 87' lang='lat' dir='ltr'><strong>clamor,</strong></span> <span class='ocrx_word' id='word_1_213' title='bbox 1863 1935 2041 1990; x_wconf 90' lang='lat' dir='ltr'><strong>neque</strong></span> 
     </span>
    </p>
   </div>
   <div class='ocr_carea' id='block_1_34' title="bbox 2145 1903 3732 2000">
    <p class='ocr_par' dir='ltr' id='par_1_34' title="bbox 2150 1903 3732 2000">
     <span class='ocr_line' id='line_1_34' title="bbox 2150 1903 3732 2000; baseline -0.004 -17"><span class='ocrx_word' id='word_1_214' title='bbox 2150 1903 2486 2000; x_wconf 75' lang='grc' dir='ltr'>βουλόμενοι,</span> <span class='ocrx_word' id='word_1_215' title='bbox 2526 1927 2668 1981; x_wconf 87' lang='grc' dir='ltr'>ὥστε</span> <span class='ocrx_word' id='word_1_216' title='bbox 2698 1927 2758 1981; x_wconf 83' lang='grc' dir='ltr'><strong>τὸ</strong></span> <span class='ocrx_word' id='word_1_217' title='bbox 2791 1903 3098 1997; x_wconf 60' lang='grc' dir='ltr'>τηνικαῦτα</span> <span class='ocrx_word' id='word_1_218' title='bbox 3130 1903 3489 1996; x_wconf 74' lang='grc' dir='ltr'>πληρωθῆναι</span> <span class='ocrx_word' id='word_1_219' title='bbox 3537 1923 3632 1976; x_wconf 70' lang='grc' dir='ltr'>καὶ</span> <span class='ocrx_word' id='word_1_220' title='bbox 3669 1922 3732 1977; x_wconf 77' lang='grc' dir='ltr'>τὸ</span> 
     </span>
    </p>
   </div>
   <div class='ocr_carea' id='block_1_35' title="bbox 471 2013 2042 2086">
    <p class='ocr_par' dir='ltr' id='par_1_35' title="bbox 471 2013 2042 2086">
     <span class='ocr_line' id='line_1_35' title="bbox 471 2013 2042 2086; baseline -0.003 -14"><span class='ocrx_word' id='word_1_221' title='bbox 471 2017 738 2072; x_wconf 87' lang='lat' dir='ltr'><strong>transitus</strong></span> <span class='ocrx_word' id='word_1_222' title='bbox 775 2015 829 2069; x_wconf 90' lang='lat' dir='ltr'><strong>in</strong></span> <span class='ocrx_word' id='word_1_223' title='bbox 862 2015 1060 2086; x_wconf 90' lang='lat' dir='ltr'><strong>plateis</strong></span> <span class='ocrx_word' id='word_1_224' title='bbox 1093 2029 1304 2069; x_wconf 90' lang='lat' dir='ltr'><strong>eorum.</strong></span> <span class='ocrx_word' id='word_1_225' title='bbox 1351 2031 1370 2066; x_wconf 76' lang='grc' dir='ltr'><strong>ι</strong></span> <span class='ocrx_word' id='word_1_226' title='bbox 1407 2015 1476 2068; x_wconf 87' lang='grc' dir='ltr'><strong>Ει</strong></span> <span class='ocrx_word' id='word_1_227' title='bbox 1505 2024 1693 2084; x_wconf 88' lang='lat' dir='ltr'><strong>postea</strong></span> <span class='ocrx_word' id='word_1_228' title='bbox 1723 2031 1738 2066; x_wconf 87' lang='lat'><strong>:</strong></span> <span class='ocrx_word' id='word_1_229' title='bbox 1765 2032 1783 2064; x_wconf 84' lang='grc' dir='ltr'>ι</span> <span class='ocrx_word' id='word_1_230' title='bbox 1817 2013 2042 2068; x_wconf 89' lang='lat' dir='ltr'><strong>Beatum</strong></span> 
     </span>
    </p>
   </div>
   <div class='ocr_carea' id='block_1_36' title="bbox 471 2105 2044 2177">
    <p class='ocr_par' dir='ltr' id='par_1_36' title="bbox 471 2105 2044 2177">
     <span class='ocr_line' id='line_1_36' title="bbox 471 2105 2044 2177; baseline -0.003 -14"><span class='ocrx_word' id='word_1_231' title='bbox 471 2107 733 2163; x_wconf 80' lang='lat' dir='ltr'><strong>dixerunt</strong></span> <span class='ocrx_word' id='word_1_232' title='bbox 773 2107 1061 2177; x_wconf 91' lang='lat' dir='ltr'><strong>populum,</strong></span> <span class='ocrx_word' id='word_1_233' title='bbox 1110 2106 1208 2169; x_wconf 87' lang='lat' dir='ltr'><strong>ait,</strong></span> <span class='ocrx_word' id='word_1_234' title='bbox 1246 2105 1334 2160; x_wconf 89' lang='lat' dir='ltr'><strong>cui</strong></span> <span class='ocrx_word' id='word_1_235' title='bbox 1375 2105 1493 2159; x_wconf 66' lang='lat' dir='ltr'><strong>haec</strong></span> <span class='ocrx_word' id='word_1_236' title='bbox 1534 2115 1667 2161; x_wconf 91' lang='lat' dir='ltr'><strong>sunt</strong></span> <span class='ocrx_word' id='word_1_237' title='bbox 1701 2122 1714 2158; x_wconf 88' lang='lat'><strong>:</strong></span> <span class='ocrx_word' id='word_1_238' title='bbox 1747 2113 1803 2160; x_wconf 90' lang='lat' dir='ltr'><strong>et</strong></span> <span class='ocrx_word' id='word_1_239' title='bbox 1849 2105 2044 2160; x_wconf 89' lang='lat' dir='ltr'><strong>beatus</strong></span> 
     </span>
    </p>
   </div>
   <div class='ocr_carea' id='block_1_37' title="bbox 471 2197 1622 2272">
    <p class='ocr_par' dir='ltr' id='par_1_37' title="bbox 471 2197 1622 2272">
     <span class='ocr_line' id='line_1_37' title="bbox 471 2197 1622 2272; baseline -0.004 -18"><span class='ocrx_word' id='word_1_240' title='bbox 471 2200 730 2272; x_wconf 90' lang='lat' dir='ltr'><strong>populus,</strong></span> <span class='ocrx_word' id='word_1_241' title='bbox 758 2201 916 2270; x_wconf 80' lang='lat' dir='ltr'><strong>cujus</strong></span> <span class='ocrx_word' id='word_1_242' title='bbox 930 2197 1199 2254; x_wconf 89' lang='lat' dir='ltr'><strong>Dominus</strong></span> <span class='ocrx_word' id='word_1_243' title='bbox 1239 2197 1386 2253; x_wconf 90' lang='lat' dir='ltr'><strong>Deus</strong></span> <span class='ocrx_word' id='word_1_244' title='bbox 1407 2198 1528 2269; x_wconf 84' lang='lat' dir='ltr'><strong>ejus</strong></span> <span class='ocrx_word' id='word_1_245' title='bbox 1550 2235 1566 2252; x_wconf 92' lang='lat'><strong>.</strong></span> <span class='ocrx_word' id='word_1_246' title='bbox 1603 2216 1622 2249; x_wconf 73' lang='grc' dir='ltr'><strong>ι</strong></span> 
     </span>
    </p>
   </div>
   <div class='ocr_carea' id='block_1_38' title="bbox 542 2475 2047 2546">
    <p class='ocr_par' dir='ltr' id='par_1_38' title="bbox 542 2475 2047 2546">
     <span class='ocr_line' id='line_1_38' title="bbox 542 2475 2047 2546; baseline 0 -16"><span class='ocrx_word' id='word_1_247' title='bbox 542 2476 676 2544; x_wconf 83' lang='lat' dir='ltr'><strong>Quae</strong></span> <span class='ocrx_word' id='word_1_248' title='bbox 715 2491 841 2531; x_wconf 89' lang='lat' dir='ltr'><strong>cum</strong></span> <span class='ocrx_word' id='word_1_249' title='bbox 866 2476 942 2531; x_wconf 90' lang='lat' dir='ltr'><strong>ita</strong></span> <span class='ocrx_word' id='word_1_250' title='bbox 966 2475 1185 2541; x_wconf 79' lang='lat' dir='ltr'><strong>tierent,</strong></span> <span class='ocrx_word' id='word_1_251' title='bbox 1209 2486 1266 2532; x_wconf 92' lang='lat' dir='ltr'><strong>et</strong></span> <span class='ocrx_word' id='word_1_252' title='bbox 1293 2476 1368 2531; x_wconf 90' lang='lat' dir='ltr'><strong>ita</strong></span> <span class='ocrx_word' id='word_1_253' title='bbox 1399 2483 1896 2546; x_wconf 89' lang='lat' dir='ltr'><strong>consequerentur,</strong></span> <span class='ocrx_word' id='word_1_254' title='bbox 1923 2491 2047 2530; x_wconf 79' lang='lat' dir='ltr'><strong>rex-</strong></span> 
     </span>
    </p>
   </div>
   <div class='ocr_carea' id='block_1_39' title="bbox 470 2566 2045 2640">
    <p class='ocr_par' dir='ltr' id='par_1_39' title="bbox 470 2566 2045 2640">
     <span class='ocr_line' id='line_1_39' title="bbox 470 2566 2045 2640; baseline -0.001 -17"><span class='ocrx_word' id='word_1_255' title='bbox 470 2584 578 2640; x_wconf 90' lang='lat' dir='ltr'><strong>que</strong></span> <span class='ocrx_word' id='word_1_256' title='bbox 631 2577 926 2639; x_wconf 83' lang='lat' dir='ltr'><strong>propterea</strong></span> <span class='ocrx_word' id='word_1_257' title='bbox 969 2567 1263 2623; x_wconf 90' lang='lat' dir='ltr'><strong>Dominum</strong></span> <span class='ocrx_word' id='word_1_258' title='bbox 1317 2569 1602 2634; x_wconf 83' lang='lat' dir='ltr'><strong>laudaret,</strong></span> <span class='ocrx_word' id='word_1_259' title='bbox 1651 2583 1832 2638; x_wconf 90' lang='lat' dir='ltr'><strong>neque</strong></span> <span class='ocrx_word' id='word_1_260' title='bbox 1880 2566 2045 2638; x_wconf 90' lang='lat' dir='ltr'><strong>quid-</strong></span> 
     </span>
    </p>
   </div>
   <div class='ocr_carea' id='block_1_40' title="bbox 472 2658 2044 2730">
    <p class='ocr_par' dir='ltr' id='par_1_40' title="bbox 472 2658 2044 2730">
     <span class='ocr_line' id='line_1_40' title="bbox 472 2658 2044 2730; baseline -0.002 -16"><span class='ocrx_word' id='word_1_261' title='bbox 472 2675 634 2730; x_wconf 90' lang='lat' dir='ltr'><strong>quam</strong></span> <span class='ocrx_word' id='word_1_262' title='bbox 682 2659 885 2730; x_wconf 88' lang='lat' dir='ltr'><strong>injuste</strong></span> <span class='ocrx_word' id='word_1_263' title='bbox 912 2673 1074 2729; x_wconf 86' lang='lat' dir='ltr'><strong>agere</strong></span> <span class='ocrx_word' id='word_1_264' title='bbox 1127 2658 1399 2713; x_wconf 84' lang='lat' dir='ltr'><strong>auderent</strong></span> <span class='ocrx_word' id='word_1_265' title='bbox 1429 2673 1693 2728; x_wconf 87' lang='lat' dir='ltr'><strong>proceres</strong></span> <span class='ocrx_word' id='word_1_266' title='bbox 1727 2658 1870 2728; x_wconf 90' lang='lat' dir='ltr'><strong>ejus,</strong></span> <span class='ocrx_word' id='word_1_267' title='bbox 1921 2672 2044 2712; x_wconf 88' lang='lat' dir='ltr'><strong>om-</strong></span> 
     </span>
    </p>
   </div>
   <div class='ocr_carea' id='block_1_41' title="bbox 2151 2012 3728 2089">
    <p class='ocr_par' dir='ltr' id='par_1_41' title="bbox 2151 2012 3728 2089">
     <span class='ocr_line' id='line_1_41' title="bbox 2151 2012 3728 2089; baseline -0.004 -17"><span class='ocrx_word' id='word_1_268' title='bbox 2151 2017 2302 2089; x_wconf 82' lang='grc' dir='ltr'>παρὰ</span> <span class='ocrx_word' id='word_1_269' title='bbox 2331 2017 2424 2071; x_wconf 80' lang='grc' dir='ltr'><strong>τοῦ</strong></span> <span class='ocrx_word' id='word_1_270' title='bbox 2451 2017 2736 2088; x_wconf 81' lang='grc' dir='ltr'>Προφήτου</span> <span class='ocrx_word' id='word_1_271' title='bbox 2766 2015 2876 2088; x_wconf 72' lang='grc'>(64)</span> <span class='ocrx_word' id='word_1_272' title='bbox 2900 2015 3189 2088; x_wconf 74' lang='grc' dir='ltr'>εἰρημένον</span> <span class='ocrx_word' id='word_1_273' title='bbox 3223 2014 3365 2068; x_wconf 89' lang='grc' dir='ltr'>θεῖον</span> <span class='ocrx_word' id='word_1_274' title='bbox 3393 2014 3596 2082; x_wconf 82' lang='grc' dir='ltr'>λόγιον,</span> <span class='ocrx_word' id='word_1_275' title='bbox 3627 2012 3689 2066; x_wconf 87' lang='grc' dir='ltr'>τό</span> <span class='ocrx_word' id='word_1_276' title='bbox 3711 2029 3728 2044; x_wconf 90' lang='grc'><strong>·</strong></span> 
     </span>
    </p>
   </div>
   <div class='ocr_carea' id='block_1_42' title="bbox 2155 2103 3730 2180">
    <p class='ocr_par' dir='ltr' id='par_1_42' title="bbox 2155 2103 3730 2180">
     <span class='ocr_line' id='line_1_42' title="bbox 2155 2103 3730 2180; baseline -0.003 -16"><span class='ocrx_word' id='word_1_277' title='bbox 2155 2130 2174 2164; x_wconf 78' lang='grc' dir='ltr'>ι</span> <span class='ocrx_word' id='word_1_278' title='bbox 2198 2112 2314 2164; x_wconf 66' lang='lat' dir='ltr'><strong>Uine</strong></span> <span class='ocrx_word' id='word_1_279' title='bbox 2342 2103 2454 2163; x_wconf 76' lang='grc' dir='ltr'>ἔστι</span> <span class='ocrx_word' id='word_1_280' title='bbox 2479 2110 2824 2178; x_wconf 86' lang='grc' dir='ltr'>κατάπτωμα</span> <span class='ocrx_word' id='word_1_281' title='bbox 2855 2107 3138 2179; x_wconf 81' lang='grc' dir='ltr'>φραγμοῦ,</span> <span class='ocrx_word' id='word_1_282' title='bbox 3177 2106 3302 2161; x_wconf 75' lang='grc' dir='ltr'>οὔτε</span> <span class='ocrx_word' id='word_1_283' title='bbox 3331 2107 3572 2180; x_wconf 74' lang='grc' dir='ltr'>κραυγὴ,</span> <span class='ocrx_word' id='word_1_284' title='bbox 3605 2105 3730 2159; x_wconf 79' lang='grc' dir='ltr'>οὔτε</span> 
     </span>
    </p>
   </div>
   <div class='ocr_carea' id='block_1_43' title="bbox 2147 2199 3727 2269">
    <p class='ocr_par' dir='ltr' id='par_1_43' title="bbox 2147 2199 3727 2269">
     <span class='ocr_line' id='line_1_43' title="bbox 2147 2199 3727 2269; baseline -0.004 -12"><span class='ocrx_word' id='word_1_285' title='bbox 2147 2203 2379 2269; x_wconf 79' lang='grc' dir='ltr'>διέξοδος</span> <span class='ocrx_word' id='word_1_286' title='bbox 2427 2204 2484 2255; x_wconf 80' lang='grc' dir='ltr'>ὲν</span> <span class='ocrx_word' id='word_1_287' title='bbox 2526 2203 2649 2265; x_wconf 84' lang='grc' dir='ltr'>ταῖς</span> <span class='ocrx_word' id='word_1_288' title='bbox 2701 2201 2984 2265; x_wconf 83' lang='grc' dir='ltr'>πλατείαις</span> <span class='ocrx_word' id='word_1_289' title='bbox 3038 2201 3299 2256; x_wconf 58' lang='grc' dir='ltr'>αὐτῶν»</span> <span class='ocrx_word' id='word_1_290' title='bbox 3362 2201 3456 2252; x_wconf 74' lang='grc' dir='ltr'>καὶ</span> <span class='ocrx_word' id='word_1_291' title='bbox 3515 2199 3727 2252; x_wconf 74' lang='grc' dir='ltr'>ἔπειτα·</span> 
     </span>
    </p>
   </div>
   <div class='ocr_carea' id='block_1_44' title="bbox 2157 2286 3733 2365">
    <p class='ocr_par' dir='ltr' id='par_1_44' title="bbox 2157 2286 3733 2365">
     <span class='ocr_line' id='line_1_44' title="bbox 2157 2286 3733 2365; baseline -0.002 -18"><span class='ocrx_word' id='word_1_292' title='bbox 2157 2313 2176 2347; x_wconf 80' lang='grc' dir='ltr'><strong>ι</strong></span> <span class='ocrx_word' id='word_1_293' title='bbox 2215 2294 2583 2365; x_wconf 84' lang='grc' dir='ltr'>Ἐμακὰρισεν</span> <span class='ocrx_word' id='word_1_294' title='bbox 2618 2293 2710 2346; x_wconf 78' lang='grc' dir='ltr'><strong>τὸν</strong></span> <span class='ocrx_word' id='word_1_295' title='bbox 2742 2293 2891 2359; x_wconf 77' lang='grc' dir='ltr'>λαὸν,</span> <span class='ocrx_word' id='word_1_296' title='bbox 2933 2295 3123 2364; x_wconf 76' lang='grc' dir='ltr'>φησὶν,</span> <span class='ocrx_word' id='word_1_297' title='bbox 3175 2286 3221 2360; x_wconf 81' lang='grc' dir='ltr'>ᾧ</span> <span class='ocrx_word' id='word_1_298' title='bbox 3256 2291 3436 2346; x_wconf 79' lang='grc' dir='ltr'>ταῦτά</span> <span class='ocrx_word' id='word_1_299' title='bbox 3459 2292 3598 2357; x_wconf 76' lang='grc' dir='ltr'>ἐστι,</span> <span class='ocrx_word' id='word_1_300' title='bbox 3635 2290 3733 2344; x_wconf 73' lang='grc' dir='ltr'>καὶ</span> 
     </span>
    </p>
   </div>
   <div class='ocr_carea' id='block_1_45' title="bbox 2154 2378 3443 2458">
    <p class='ocr_par' dir='ltr' id='par_1_45' title="bbox 2154 2378 3443 2458">
     <span class='ocr_line' id='line_1_45' title="bbox 2154 2378 3443 2458; baseline -0.002 -19"><span class='ocrx_word' id='word_1_301' title='bbox 2154 2385 2422 2458; x_wconf 81' lang='grc' dir='ltr'>μακάριος</span> <span class='ocrx_word' id='word_1_302' title='bbox 2459 2386 2487 2437; x_wconf 89' lang='grc' dir='ltr'>ὁ</span> <span class='ocrx_word' id='word_1_303' title='bbox 2519 2385 2646 2448; x_wconf 76' lang='grc' dir='ltr'>λαὸς</span> <span class='ocrx_word' id='word_1_304' title='bbox 2671 2378 2732 2438; x_wconf 74' lang='grc' dir='ltr'>οὗ</span> <span class='ocrx_word' id='word_1_305' title='bbox 2755 2384 2958 2456; x_wconf 83' lang='grc' dir='ltr'>Κύριος</span> <span class='ocrx_word' id='word_1_306' title='bbox 2985 2387 3013 2438; x_wconf 88' lang='grc' dir='ltr'><strong>ὀ</strong></span> <span class='ocrx_word' id='word_1_307' title='bbox 3045 2384 3180 2448; x_wconf 82' lang='grc' dir='ltr'>Θεὸς</span> <span class='ocrx_word' id='word_1_308' title='bbox 3205 2382 3393 2437; x_wconf 80' lang='grc' dir='ltr'>αὐτοῦ.</span> <span class='ocrx_word' id='word_1_309' title='bbox 3423 2401 3443 2437; x_wconf 71' lang='grc' dir='ltr'><strong>ο</strong></span> 
     </span>
    </p>
   </div>
   <div class='ocr_carea' id='block_1_46' title="bbox 2221 2476 3730 2546">
    <p class='ocr_par' dir='ltr' id='par_1_46' title="bbox 2221 2476 3730 2546">
     <span class='ocr_line' id='line_1_46' title="bbox 2221 2476 3730 2546; baseline -0.001 -16"><span class='ocrx_word' id='word_1_310' title='bbox 2221 2477 2441 2531; x_wconf 78' lang='grc' dir='ltr'>Τούτων</span> <span class='ocrx_word' id='word_1_311' title='bbox 2473 2477 2616 2530; x_wconf 73' lang='grc' dir='ltr'>οὕτω</span> <span class='ocrx_word' id='word_1_312' title='bbox 2653 2477 2957 2544; x_wconf 84' lang='grc' dir='ltr'>γινομένων</span> <span class='ocrx_word' id='word_1_313' title='bbox 3012 2476 3123 2546; x_wconf 82' lang='grc'>((55)</span> <span class='ocrx_word' id='word_1_314' title='bbox 3157 2478 3251 2530; x_wconf 78' lang='grc' dir='ltr'><strong>καὶ</strong></span> <span class='ocrx_word' id='word_1_315' title='bbox 3292 2476 3437 2530; x_wconf 78' lang='grc' dir='ltr'>οὔτω</span> <span class='ocrx_word' id='word_1_316' title='bbox 3483 2491 3730 2546; x_wconf 83' lang='grc' dir='ltr'>παρακο-</span> 
     </span>
    </p>
   </div>
   <div class='ocr_carea' id='block_1_47' title="bbox 2149 2563 3730 2638">
    <p class='ocr_par' dir='ltr' id='par_1_47' title="bbox 2149 2563 3730 2638">
     <span class='ocr_line' id='line_1_47' title="bbox 2149 2563 3730 2638; baseline -0.001 -19"><span class='ocrx_word' id='word_1_317' title='bbox 2149 2565 2551 2638; x_wconf 87' lang='grc' dir='ltr'>λουθησάντων,</span> <span class='ocrx_word' id='word_1_318' title='bbox 2576 2566 2672 2619; x_wconf 75' lang='grc' dir='ltr'><strong>καὶ</strong></span> <span class='ocrx_word' id='word_1_319' title='bbox 2705 2566 2798 2618; x_wconf 80' lang='grc' dir='ltr'><strong>τοῦ</strong></span> <span class='ocrx_word' id='word_1_320' title='bbox 2835 2563 3102 2635; x_wconf 87' lang='grc' dir='ltr'>βασιλέως</span> <span class='ocrx_word' id='word_1_321' title='bbox 3137 2564 3232 2617; x_wconf 74' lang='grc' dir='ltr'><strong>ἐπὶ</strong></span> <span class='ocrx_word' id='word_1_322' title='bbox 3265 2564 3483 2627; x_wconf 88' lang='grc' dir='ltr'>τούτοις</span> <span class='ocrx_word' id='word_1_323' title='bbox 3519 2563 3730 2617; x_wconf 79' lang='grc' dir='ltr'>αἰνούν-</span> 
     </span>
    </p>
   </div>
   <div class='ocr_carea' id='block_1_48' title="bbox 2148 2655 3730 2728">
    <p class='ocr_par' dir='ltr' id='par_1_48' title="bbox 2148 2655 3730 2728">
     <span class='ocr_line' id='line_1_48' title="bbox 2148 2655 3730 2728; baseline -0.003 -16"><span class='ocrx_word' id='word_1_324' title='bbox 2148 2675 2242 2723; x_wconf 87' lang='grc' dir='ltr'><strong>τος</strong></span> <span class='ocrx_word' id='word_1_325' title='bbox 2273 2657 2363 2711; x_wconf 82' lang='grc' dir='ltr'>τὸν</span> <span class='ocrx_word' id='word_1_326' title='bbox 2392 2657 2617 2728; x_wconf 77' lang='grc' dir='ltr'>Κύριον,</span> <span class='ocrx_word' id='word_1_327' title='bbox 2667 2656 2760 2710; x_wconf 80' lang='grc' dir='ltr'><strong>καὶ</strong></span> <span class='ocrx_word' id='word_1_328' title='bbox 2810 2655 2920 2710; x_wconf 84' lang='grc' dir='ltr'><strong>τῶν</strong></span> <span class='ocrx_word' id='word_1_329' title='bbox 2965 2655 3307 2727; x_wconf 86' lang='grc' dir='ltr'>μεγιστάνων</span> <span class='ocrx_word' id='word_1_330' title='bbox 3334 2655 3500 2709; x_wconf 83' lang='grc' dir='ltr'>αὑτοῦ</span> <span class='ocrx_word' id='word_1_331' title='bbox 3523 2655 3730 2710; x_wconf 79' lang='grc' dir='ltr'>ἀδικεῖν</span> 
     </span>
    </p>
   </div>
   <div class='ocr_carea' id='block_1_49' title="bbox 472 2744 2041 2821">
    <p class='ocr_par' dir='ltr' id='par_1_49' title="bbox 472 2749 2041 2821">
     <span class='ocr_line' id='line_1_49' title="bbox 472 2749 2041 2821; baseline -0.003 -15"><span class='ocrx_word' id='word_1_332' title='bbox 472 2767 681 2821; x_wconf 89' lang='lat' dir='ltr'><strong>nesque</strong></span> <span class='ocrx_word' id='word_1_333' title='bbox 729 2750 940 2805; x_wconf 74' lang='lat' dir='ltr'><strong>infinita</strong></span> <span class='ocrx_word' id='word_1_334' title='bbox 965 2749 1154 2804; x_wconf 77' lang='lat' dir='ltr'><strong>laetitia</strong></span> <span class='ocrx_word' id='word_1_335' title='bbox 1187 2749 1563 2814; x_wconf 73' lang='lat' dir='ltr'><strong>exsultarent,</strong></span> <span class='ocrx_word' id='word_1_336' title='bbox 1604 2755 2041 2818; x_wconf 76' lang='lat' dir='ltr'><strong>supervenerunt</strong></span> 
     </span>
    </p>
   </div>
   <div class='ocr_carea' id='block_1_50' title="bbox 2145 2744 3728 2821">
    <p class='ocr_par' dir='ltr' id='par_1_50' title="bbox 2147 2744 3728 2821">
     <span class='ocr_line' id='line_1_50' title="bbox 2147 2744 3728 2821; baseline -0.003 -17"><span class='ocrx_word' id='word_1_337' title='bbox 2147 2751 2211 2804; x_wconf 83' lang='grc' dir='ltr'><strong>τὸ</strong></span> <span class='ocrx_word' id='word_1_338' title='bbox 2239 2749 2446 2804; x_wconf 82' lang='grc' dir='ltr'>οἱονοῦν</span> <span class='ocrx_word' id='word_1_339' title='bbox 2481 2749 2555 2821; x_wconf 83' lang='grc' dir='ltr'><strong>μὴ</strong></span> <span class='ocrx_word' id='word_1_340' title='bbox 2587 2749 2931 2820; x_wconf 85' lang='grc' dir='ltr'>τολμώντων,</span> <span class='ocrx_word' id='word_1_341' title='bbox 2966 2749 3062 2802; x_wconf 75' lang='grc' dir='ltr'>καὶ</span> <span class='ocrx_word' id='word_1_342' title='bbox 3104 2748 3324 2802; x_wconf 87' lang='grc' dir='ltr'>πάντων</span> <span class='ocrx_word' id='word_1_343' title='bbox 3357 2748 3571 2819; x_wconf 79' lang='grc' dir='ltr'>ἀπείρῳ</span> <span class='ocrx_word' id='word_1_344' title='bbox 3617 2744 3728 2818; x_wconf 87' lang='grc'>(66)</span> 
     </span>
    </p>
   </div>
   <div class='ocr_carea' id='block_1_51' title="bbox 468 2839 2041 2913">
    <p class='ocr_par' dir='ltr' id='par_1_51' title="bbox 468 2841 2041 2912">
     <span class='ocr_line' id='line_1_51' title="bbox 468 2841 2041 2912; baseline -0.003 -14"><span class='ocrx_word' id='word_1_345' title='bbox 468 2852 534 2898; x_wconf 83' lang='lat' dir='ltr'><strong>et</strong></span> <span class='ocrx_word' id='word_1_346' title='bbox 553 2841 751 2908; x_wconf 80' lang='lat' dir='ltr'><strong>Judaei,</strong></span> <span class='ocrx_word' id='word_1_347' title='bbox 780 2842 926 2898; x_wconf 91' lang='lat' dir='ltr'><strong>sicut</strong></span> <span class='ocrx_word' id='word_1_348' title='bbox 955 2841 1040 2896; x_wconf 92' lang='lat' dir='ltr'><strong>eis</strong></span> <span class='ocrx_word' id='word_1_349' title='bbox 1066 2842 1450 2912; x_wconf 54' lang='lat' dir='ltr'><strong>prwscriptum</strong></span> <span class='ocrx_word' id='word_1_350' title='bbox 1482 2841 1685 2906; x_wconf 87' lang='lat' dir='ltr'><strong>fuerat,</strong></span> <span class='ocrx_word' id='word_1_351' title='bbox 1724 2848 1918 2896; x_wconf 80' lang='lat' dir='ltr'><strong>exacto</strong></span> <span class='ocrx_word' id='word_1_352' title='bbox 1931 2841 2041 2911; x_wconf 91' lang='lat' dir='ltr'><strong>jam</strong></span> 
     </span>
    </p>
   </div>
   <div class='ocr_carea' id='block_1_52' title="bbox 2145 2839 3727 2913">
    <p class='ocr_par' dir='ltr' id='par_1_52' title="bbox 2150 2839 3727 2913">
     <span class='ocr_line' id='line_1_52' title="bbox 2150 2839 3727 2913; baseline -0.003 -18"><span class='ocrx_word' id='word_1_353' title='bbox 2150 2843 2294 2913; x_wconf 84' lang='grc' dir='ltr'>χαρᾷ</span> <span class='ocrx_word' id='word_1_354' title='bbox 2325 2839 2787 2911; x_wconf 81' lang='grc' dir='ltr'>εὐφραινομένων.</span> <span class='ocrx_word' id='word_1_355' title='bbox 2821 2839 3192 2911; x_wconf 81' lang='grc' dir='ltr'>παρεγένοντο</span> <span class='ocrx_word' id='word_1_356' title='bbox 3235 2840 3331 2894; x_wconf 78' lang='grc' dir='ltr'>καὶ</span> <span class='ocrx_word' id='word_1_357' title='bbox 3371 2841 3422 2893; x_wconf 84' lang='grc' dir='ltr'><strong>οί</strong></span> <span class='ocrx_word' id='word_1_358' title='bbox 3466 2839 3727 2906; x_wconf 78' lang='grc' dir='ltr'>Ἰουδαῖοι,</span> 
     </span>
    </p>
   </div>
   <div class='ocr_carea' id='block_1_53' title="bbox 467 2929 2041 3006">
    <p class='ocr_par' dir='ltr' id='par_1_53' title="bbox 467 2932 1319 3006">
     <span class='ocr_line' id='line_1_53' title="bbox 467 2932 1319 3006; baseline -0.004 -16"><span class='ocrx_word' id='word_1_359' title='bbox 467 2934 836 3006; x_wconf 75' lang='lat' dir='ltr'><strong>quadraginta</strong></span> <span class='ocrx_word' id='word_1_360' title='bbox 873 2933 1089 2989; x_wconf 89' lang='lat' dir='ltr'><strong>dierum</strong></span> <span class='ocrx_word' id='word_1_361' title='bbox 1121 2932 1319 3004; x_wconf 89' lang='lat' dir='ltr'><strong>spatio.</strong></span> 
     </span>
    </p>
   </div>
   <div class='ocr_carea' id='block_1_54' title="bbox 2145 2929 3804 3006">
    <p class='ocr_par' dir='ltr' id='par_1_54' title="bbox 2151 2929 3804 3002">
     <span class='ocr_line' id='line_1_54' title="bbox 2151 2929 3804 3002; baseline -0.002 -16"><span class='ocrx_word' id='word_1_362' title='bbox 2151 2932 2294 2986; x_wconf 74' lang='grc' dir='ltr'>καθὰ</span> <span class='ocrx_word' id='word_1_363' title='bbox 2329 2932 2424 2986; x_wconf 79' lang='grc' dir='ltr'>καὶ</span> <span class='ocrx_word' id='word_1_364' title='bbox 2452 2931 2750 3002; x_wconf 77' lang='grc' dir='ltr'>ἐκελεύσθη</span> <span class='ocrx_word' id='word_1_365' title='bbox 2777 2931 2960 2994; x_wconf 81' lang='grc' dir='ltr'>αὐτοῖς</span> <span class='ocrx_word' id='word_1_366' title='bbox 2987 2930 3098 3002; x_wconf 87' lang='grc'><strong>(67)</strong></span> <span class='ocrx_word' id='word_1_367' title='bbox 3138 2931 3238 3002; x_wconf 69' lang='grc' dir='ltr'><strong>1ἢδη</strong></span> <span class='ocrx_word' id='word_1_368' title='bbox 3284 2932 3384 3002; x_wconf 81' lang='grc' dir='ltr'>τῆς</span> <span class='ocrx_word' id='word_1_369' title='bbox 3419 2929 3731 3001; x_wconf 83' lang='grc' dir='ltr'>διελθούσης</span> <span class='ocrx_word' id='word_1_370' title='bbox 3801 2999 3804 3002; x_wconf 6' lang='grc' dir='ltr'><strong>γ</strong></span> 
     </span>
    </p>
   </div>
   <div class='ocr_carea' id='block_1_55' title="bbox 2151 3018 3336 3090">
    <p class='ocr_par' dir='ltr' id='par_1_55' title="bbox 2151 3018 3336 3090">
     <span class='ocr_line' id='line_1_55' title="bbox 2151 3018 3336 3090; baseline 0.003 -19"><span class='ocrx_word' id='word_1_371' title='bbox 2151 3018 2491 3090; x_wconf 82' lang='grc' dir='ltr'>προθεσμίας</span> <span class='ocrx_word' id='word_1_372' title='bbox 2517 3019 2626 3072; x_wconf 83' lang='grc' dir='ltr'>τῶν</span> <span class='ocrx_word' id='word_1_373' title='bbox 2647 3019 3054 3089; x_wconf 85' lang='grc' dir='ltr'>τεσσαράκοντα</span> <span class='ocrx_word' id='word_1_374' title='bbox 3092 3019 3336 3090; x_wconf 78' lang='grc' dir='ltr'>ἡμερῶν.</span> 
     </span>
    </p>
   </div>
   <div class='ocr_carea' id='block_1_56' title="bbox 539 3109 2041 3186">
    <p class='ocr_par' dir='ltr' id='par_1_56' title="bbox 539 3110 2041 3186">
     <span class='ocr_line' id='line_1_56' title="bbox 539 3110 2041 3186; baseline -0.003 -15"><span class='ocrx_word' id='word_1_375' title='bbox 539 3114 677 3171; x_wconf 88' lang='lat' dir='ltr'><strong>Cum</strong></span> <span class='ocrx_word' id='word_1_376' title='bbox 700 3114 866 3186; x_wconf 76' lang='lat' dir='ltr'><strong>igitur</strong></span> <span class='ocrx_word' id='word_1_377' title='bbox 888 3116 957 3169; x_wconf 89' lang='lat' dir='ltr'><strong>ad</strong></span> <span class='ocrx_word' id='word_1_378' title='bbox 976 3111 1367 3184; x_wconf 88' lang='lat' dir='ltr'><strong>disputandum</strong></span> <span class='ocrx_word' id='word_1_379' title='bbox 1393 3110 1804 3176; x_wconf 83' lang='lat' dir='ltr'><strong>convenissent,</strong></span> <span class='ocrx_word' id='word_1_380' title='bbox 1838 3125 2041 3181; x_wconf 79' lang='lat' dir='ltr'><strong>rexque</strong></span> 
     </span>
    </p>
   </div>
   <div class='ocr_carea' id='block_1_57' title="bbox 2145 3109 3732 3186">
    <p class='ocr_par' dir='ltr' id='par_1_57' title="bbox 2223 3109 3732 3184">
     <span class='ocr_line' id='line_1_57' title="bbox 2223 3109 3732 3184; baseline 0.001 -18"><span class='ocrx_word' id='word_1_381' title='bbox 2223 3111 2333 3182; x_wconf 88' lang='grc'>(68)</span> <span class='ocrx_word' id='word_1_382' title='bbox 2352 3112 2440 3176; x_wconf 87' lang='grc' dir='ltr'>Ὠς</span> <span class='ocrx_word' id='word_1_383' title='bbox 2487 3111 2543 3164; x_wconf 83' lang='grc' dir='ltr'>δὲ</span> <span class='ocrx_word' id='word_1_384' title='bbox 2577 3111 2939 3182; x_wconf 85' lang='grc' dir='ltr'>παρεγένοντο</span> <span class='ocrx_word' id='word_1_385' title='bbox 2971 3110 3066 3164; x_wconf 81' lang='grc' dir='ltr'>τοῦ</span> <span class='ocrx_word' id='word_1_386' title='bbox 3104 3111 3469 3184; x_wconf 77' lang='grc' dir='ltr'>διαλεχθῆναι,</span> <span class='ocrx_word' id='word_1_387' title='bbox 3509 3112 3604 3167; x_wconf 64' lang='grc' dir='ltr'><strong>καὶ</strong></span> <span class='ocrx_word' id='word_1_388' title='bbox 3637 3109 3732 3168; x_wconf 75' lang='grc' dir='ltr'>τοῦ</span> 
     </span>
    </p>
   </div>
   <div class='ocr_carea' id='block_1_58' title="bbox 469 3201 2041 3275">
    <p class='ocr_par' dir='ltr' id='par_1_58' title="bbox 469 3203 2041 3275">
     <span class='ocr_line' id='line_1_58' title="bbox 469 3203 2041 3275; baseline -0.004 -12"><span class='ocrx_word' id='word_1_389' title='bbox 469 3207 832 3270; x_wconf 82' lang='lat' dir='ltr'><strong>meminisset,</strong></span> <span class='ocrx_word' id='word_1_390' title='bbox 861 3213 1126 3275; x_wconf 87' lang='lat' dir='ltr'><strong>apparatu</strong></span> <span class='ocrx_word' id='word_1_391' title='bbox 1175 3203 1232 3257; x_wconf 92' lang='lat' dir='ltr'><strong>in</strong></span> <span class='ocrx_word' id='word_1_392' title='bbox 1266 3204 1481 3258; x_wconf 88' lang='lat' dir='ltr'><strong>theatro</strong></span> <span class='ocrx_word' id='word_1_393' title='bbox 1508 3203 1652 3258; x_wconf 82' lang='lat' dir='ltr'><strong>facto</strong></span> <span class='ocrx_word' id='word_1_394' title='bbox 1685 3203 1830 3274; x_wconf 86' lang='lat' dir='ltr'><strong>(aula</strong></span> <span class='ocrx_word' id='word_1_395' title='bbox 1861 3212 2041 3259; x_wconf 87' lang='lat' dir='ltr'><strong>autem</strong></span> 
     </span>
    </p>
   </div>
   <div class='ocr_carea' id='block_1_59' title="bbox 2145 3201 3735 3275">
    <p class='ocr_par' dir='ltr' id='par_1_59' title="bbox 2154 3201 3735 3274">
     <span class='ocr_line' id='line_1_59' title="bbox 2154 3201 3735 3274; baseline 0.003 -20"><span class='ocrx_word' id='word_1_396' title='bbox 2154 3201 2420 3272; x_wconf 85' lang='grc' dir='ltr'>βασιλέως</span> <span class='ocrx_word' id='word_1_397' title='bbox 2473 3202 2936 3272; x_wconf 82' lang='grc' dir='ltr'>ὑπομνησθέντος,</span> <span class='ocrx_word' id='word_1_398' title='bbox 2994 3203 3312 3273; x_wconf 81' lang='grc' dir='ltr'>ἑτοιμασίας</span> <span class='ocrx_word' id='word_1_399' title='bbox 3365 3205 3426 3258; x_wconf 82' lang='grc' dir='ltr'>ἐν</span> <span class='ocrx_word' id='word_1_400' title='bbox 3481 3205 3558 3274; x_wconf 85' lang='grc' dir='ltr'>τῷ</span> <span class='ocrx_word' id='word_1_401' title='bbox 3607 3205 3735 3258; x_wconf 85' lang='grc' dir='ltr'>θεά-</span> 
     </span>
    </p>
   </div>
   <div class='ocr_carea' id='block_1_60' title="bbox 472 3285 2041 3368">
    <p class='ocr_par' dir='ltr' id='par_1_60' title="bbox 472 3285 2041 3366">
     <span class='ocr_line' id='line_1_60' title="bbox 472 3285 2041 3366; baseline -0.003 -12"><span class='ocrx_word' id='word_1_402' title='bbox 472 3297 607 3354; x_wconf 89' lang='lat' dir='ltr'><strong>illud</strong></span> <span class='ocrx_word' id='word_1_403' title='bbox 631 3296 867 3352; x_wconf 81' lang='lat' dir='ltr'><strong>maxima</strong></span> <span class='ocrx_word' id='word_1_404' title='bbox 896 3305 953 3351; x_wconf 90' lang='lat' dir='ltr'><strong>et</strong></span> <span class='ocrx_word' id='word_1_405' title='bbox 985 3295 1165 3364; x_wconf 89' lang='lat' dir='ltr'><strong>prima</strong></span> <span class='ocrx_word' id='word_1_406' title='bbox 1202 3285 1474 3366; x_wconf 79' lang='lat' dir='ltr'><strong>regiarum</strong></span> <span class='ocrx_word' id='word_1_407' title='bbox 1504 3295 1706 3350; x_wconf 70' lang='lat' dir='ltr'><strong>aedium</strong></span> <span class='ocrx_word' id='word_1_408' title='bbox 1734 3295 2041 3365; x_wconf 87' lang='lat' dir='ltr'><strong>superest),</strong></span> 
     </span>
    </p>
   </div>
   <div class='ocr_carea' id='block_1_61' title="bbox 2145 3285 3731 3368">
    <p class='ocr_par' dir='ltr' id='par_1_61' title="bbox 2147 3290 3731 3368">
     <span class='ocr_line' id='line_1_61' title="bbox 2147 3290 3731 3368; baseline 0.003 -23"><span class='ocrx_word' id='word_1_409' title='bbox 2147 3309 2263 3363; x_wconf 81' lang='grc' dir='ltr'>τρῳ</span> <span class='ocrx_word' id='word_1_410' title='bbox 2313 3290 2423 3363; x_wconf 82' lang='grc'>(69)</span> <span class='ocrx_word' id='word_1_411' title='bbox 2470 3293 2759 3361; x_wconf 79' lang='grc' dir='ltr'>γεγονυίας</span> <span class='ocrx_word' id='word_1_412' title='bbox 2811 3293 2987 3366; x_wconf 81' lang='grc' dir='ltr'>(αὐλὴ</span> <span class='ocrx_word' id='word_1_413' title='bbox 3045 3294 3102 3348; x_wconf 86' lang='grc' dir='ltr'>δὲ</span> <span class='ocrx_word' id='word_1_414' title='bbox 3161 3295 3323 3349; x_wconf 79' lang='grc' dir='ltr'>τοῦτο</span> <span class='ocrx_word' id='word_1_415' title='bbox 3372 3296 3601 3368; x_wconf 80' lang='grc' dir='ltr'>μεγίστη</span> <span class='ocrx_word' id='word_1_416' title='bbox 3635 3297 3731 3351; x_wconf 78' lang='grc' dir='ltr'>καὶ</span> 
     </span>
    </p>
   </div>
   <div class='ocr_carea' id='block_1_62' title="bbox 472 3382 2041 3458">
    <p class='ocr_par' dir='ltr' id='par_1_62' title="bbox 472 3385 2041 3458">
     <span class='ocr_line' id='line_1_62' title="bbox 472 3385 2041 3458; baseline -0.002 -15"><span class='ocrx_word' id='word_1_417' title='bbox 472 3388 565 3443; x_wconf 90' lang='lat' dir='ltr'><strong>hic</strong></span> <span class='ocrx_word' id='word_1_418' title='bbox 602 3387 770 3458; x_wconf 75' lang='lat' dir='ltr'><strong>igitur</strong></span> <span class='ocrx_word' id='word_1_419' title='bbox 804 3395 1070 3457; x_wconf 88' lang='lat' dir='ltr'><strong>apparatu</strong></span> <span class='ocrx_word' id='word_1_420' title='bbox 1117 3385 1284 3452; x_wconf 79' lang='lat' dir='ltr'><strong>iacto,</strong></span> <span class='ocrx_word' id='word_1_421' title='bbox 1315 3386 1686 3456; x_wconf 90' lang='lat' dir='ltr'><strong>omnibusque</strong></span> <span class='ocrx_word' id='word_1_422' title='bbox 1715 3385 2041 3442; x_wconf 87' lang='lat' dir='ltr'><strong>cohortibus</strong></span> 
     </span>
    </p>
   </div>
   <div class='ocr_carea' id='block_1_63' title="bbox 2145 3382 3732 3458">
    <p class='ocr_par' dir='ltr' id='par_1_63' title="bbox 2151 3382 3732 3457">
     <span class='ocr_line' id='line_1_63' title="bbox 2151 3382 3732 3457; baseline 0.002 -20"><span class='ocrx_word' id='word_1_423' title='bbox 2151 3382 2342 3454; x_wconf 82' lang='grc' dir='ltr'>πρώτη</span> <span class='ocrx_word' id='word_1_424' title='bbox 2372 3383 2481 3437; x_wconf 85' lang='grc' dir='ltr'>τῶν</span> <span class='ocrx_word' id='word_1_425' title='bbox 2513 3383 2802 3453; x_wconf 87' lang='grc' dir='ltr'>βασιλείων</span> <span class='ocrx_word' id='word_1_426' title='bbox 2863 3385 2974 3456; x_wconf 86' lang='grc'>(70)</span> <span class='ocrx_word' id='word_1_427' title='bbox 3019 3387 3356 3457; x_wconf 78' lang='grc' dir='ltr'>περίεστιν),</span> <span class='ocrx_word' id='word_1_428' title='bbox 3397 3389 3577 3441; x_wconf 79' lang='grc' dir='ltr'>ἐκεῖσε</span> <span class='ocrx_word' id='word_1_429' title='bbox 3617 3405 3732 3440; x_wconf 79' lang='grc' dir='ltr'>τοιο</span> 
     </span>
    </p>
   </div>
   <div class='ocr_carea' id='block_1_64' title="bbox 468 3471 2041 3550">
    <p class='ocr_par' dir='ltr' id='par_1_64' title="bbox 468 3478 978 3550">
     <span class='ocr_line' id='line_1_64' title="bbox 468 3478 978 3550; baseline -0.004 -14"><span class='ocrx_word' id='word_1_430' title='bbox 468 3478 834 3550; x_wconf 73' lang='lat' dir='ltr'><strong>congregatis,</strong></span> <span class='ocrx_word' id='word_1_431' title='bbox 871 3485 978 3534; x_wconf 85' lang='lat' dir='ltr'><strong>etc.</strong></span> 
     </span>
    </p>
   </div>
   <div class='ocr_carea' id='block_1_65' title="bbox 2145 3471 3733 3550">
    <p class='ocr_par' dir='ltr' id='par_1_65' title="bbox 2149 3471 3733 3548">
     <span class='ocr_line' id='line_1_65' title="bbox 2149 3471 3733 3548; baseline 0.002 -22"><span class='ocrx_word' id='word_1_432' title='bbox 2149 3471 2355 3542; x_wconf 82' lang='grc' dir='ltr'>γαροῦν</span> <span class='ocrx_word' id='word_1_433' title='bbox 2385 3473 2484 3544; x_wconf 81' lang='grc' dir='ltr'><strong>τῆς</strong></span> <span class='ocrx_word' id='word_1_434' title='bbox 2511 3472 2832 3544; x_wconf 80' lang='grc' dir='ltr'>ὲτοιμασίας</span> <span class='ocrx_word' id='word_1_435' title='bbox 2865 3475 3158 3545; x_wconf 82' lang='grc' dir='ltr'>γεγονυίας</span> <span class='ocrx_word' id='word_1_436' title='bbox 3185 3476 3280 3531; x_wconf 74' lang='grc' dir='ltr'>καὶ</span> <span class='ocrx_word' id='word_1_437' title='bbox 3321 3476 3503 3548; x_wconf 89' lang='grc' dir='ltr'>πάσης</span> <span class='ocrx_word' id='word_1_438' title='bbox 3523 3475 3733 3541; x_wconf 82' lang='grc' dir='ltr'>τάξεως</span> 
     </span>
    </p>
   </div>
   <div class='ocr_carea' id='block_1_66' title="bbox 2151 3563 2841 3635">
    <p class='ocr_par' dir='ltr' id='par_1_66' title="bbox 2151 3563 2841 3635">
     <span class='ocr_line' id='line_1_66' title="bbox 2151 3563 2841 3635; baseline 0.006 -19"><span class='ocrx_word' id='word_1_439' title='bbox 2151 3563 2558 3635; x_wconf 82' lang='grc' dir='ltr'>ἀθροισθείσης,</span> <span class='ocrx_word' id='word_1_440' title='bbox 2599 3581 2658 3618; x_wconf 86' lang='grc' dir='ltr'><strong>κ.</strong></span> <span class='ocrx_word' id='word_1_441' title='bbox 2689 3581 2743 3622; x_wconf 84' lang='grc' dir='ltr'><strong>τ.</strong></span> <span class='ocrx_word' id='word_1_442' title='bbox 2779 3568 2841 3620; x_wconf 72' lang='grc' dir='ltr'><strong>λ.</strong></span> 
     </span>
    </p>
   </div>
   <div class='ocr_carea' id='block_1_67' title="bbox 1987 3799 2216 3860">
    <p class='ocr_par' dir='ltr' id='par_1_67' title="bbox 1987 3799 2216 3860">
     <span class='ocr_line' id='line_1_67' title="bbox 1987 3799 2216 3860; baseline 0.026 -6"><span class='ocrx_word' id='word_1_443' title='bbox 1987 3799 2216 3860; x_wconf 60' lang='grc' dir='ltr'><strong>ΝΟΤᾸΕ.</strong></span> 
     </span>
    </p>
   </div>
   <div class='ocr_carea' id='block_1_68' title="bbox 2146 3921 3724 4004">
    <p class='ocr_par' dir='ltr' id='par_1_68' title="bbox 2146 3921 3724 4004">
     <span class='ocr_line' id='line_1_68' title="bbox 2146 3921 3724 4004; baseline 0.004 -26"><span class='ocrx_word' id='word_1_444' title='bbox 2146 3921 2577 4004; x_wconf 29' lang='lat' dir='ltr'><strong>Grege‘ntii‘cum</strong></span> <span class='ocrx_word' id='word_1_445' title='bbox 2603 3923 2860 4004; x_wconf 70' lang='lat' dir='ltr'><strong>Herbano</strong></span> <span class='ocrx_word' id='word_1_446' title='bbox 2889 3925 3101 4004; x_wconf 70' lang='lat' dir='ltr'><strong>Iudaeo,</strong></span> <span class='ocrx_word' id='word_1_447' title='bbox 3134 3941 3255 4004; x_wconf 70' lang='lat' dir='ltr'><strong>quae</strong></span> <span class='ocrx_word' id='word_1_448' title='bbox 3285 3927 3724 4004; x_wconf 83' lang='lat' dir='ltr'><strong>mox_sequitur.</strong></span> 
     </span>
    </p>
   </div>
   <div class='ocr_carea' id='block_1_69' title="bbox 2279 3993 3543 4069">
    <p class='ocr_par' dir='ltr' id='par_1_69' title="bbox 2279 3993 3543 4069">
     <span class='ocr_line' id='line_1_69' title="bbox 2279 3993 3543 4069; baseline 0.005 -23"><span class='ocrx_word' id='word_1_449' title='bbox 2279 3995 2332 4069; x_wconf 58' lang='grc' dir='ltr'><strong>εἰ)</strong></span> <span class='ocrx_word' id='word_1_450' title='bbox 2355 3993 2756 4069; x_wconf 52' lang='lat' dir='ltr'><strong>Eabgiciusyel</strong></span> <span class='ocrx_word' id='word_1_451' title='bbox 2785 3997 3049 4052; x_wconf 87' lang='lat' dir='ltr'><strong>librarius</strong></span> <span class='ocrx_word' id='word_1_452' title='bbox 3074 3993 3264 4052; x_wconf 81' lang='lat' dir='ltr'><strong>omisit</strong></span> <span class='ocrx_word' id='word_1_453' title='bbox 3307 3993 3543 4069; x_wconf 72' lang='grc' dir='ltr'>ἀπείρῳξ</span> 
     </span>
    </p>
   </div>
   <div class='ocr_carea' id='block_1_70' title="bbox 2241 4062 3688 4149">
    <p class='ocr_par' dir='ltr' id='par_1_70' title="bbox 2241 4062 3688 4149">
     <span class='ocr_line' id='line_1_70' title="bbox 2241 4062 3688 4149; baseline 0 0"><span class='ocrx_word' id='word_1_454' title='bbox 2241 4062 2733 4149; x_wconf 56' lang='grc' dir='ltr'><strong>ίὲῖέίξῗηίτρ·7².κ</strong></span> <span class='ocrx_word' id='word_1_455' title='bbox 3061 4135 3156 4149; x_wconf 65' lang='grc' dir='ltr'>η.</span> <span class='ocrx_word' id='word_1_456' title='bbox 3240 4135 3252 4147; x_wconf 94' lang='grc'><strong>.</strong></span> <span class='ocrx_word' id='word_1_457' title='bbox 3324 4133 3384 4149; x_wconf 57' lang='grc' dir='ltr'>,μ</span> <span class='ocrx_word' id='word_1_458' title='bbox 3442 4062 3506 4069; x_wconf 78' lang='grc'>”</span> <span class='ocrx_word' id='word_1_459' title='bbox 3581 4136 3594 4149; x_wconf 93' lang='grc'><strong>.</strong></span> <span class='ocrx_word' id='word_1_460' title='bbox 3676 4137 3688 4149; x_wconf 94' lang='grc'><strong>.</strong></span> 
     </span>
    </p>
   </div>
   <div class='ocr_carea' id='block_1_71' title="bbox 467 4133 2041 4280">
    <p class='ocr_par' dir='ltr' id='par_1_71' title="bbox 467 4133 2041 4280">
     <span class='ocr_line' id='line_1_71' title="bbox 467 4133 2038 4202; baseline 0.002 -20"><span class='ocrx_word' id='word_1_461' title='bbox 467 4133 529 4182; x_wconf 79' lang='grc' dir='ltr'>τὸ</span> <span class='ocrx_word' id='word_1_462' title='bbox 563 4133 638 4190; x_wconf 80' lang='grc' dir='ltr'>ὡς</span> <span class='ocrx_word' id='word_1_463' title='bbox 666 4133 728 4180; x_wconf 81' lang='grc' dir='ltr'>τὸ</span> <span class='ocrx_word' id='word_1_464' title='bbox 754 4145 844 4199; x_wconf 92' lang='grc' dir='ltr'><strong>χρ.</strong></span> <span class='ocrx_word' id='word_1_465' title='bbox 879 4133 1034 4182; x_wconf 86' lang='lat' dir='ltr'><strong>Fors.</strong></span> <span class='ocrx_word' id='word_1_466' title='bbox 1068 4133 1101 4198; x_wconf 77' lang='grc' dir='ltr'>ἢ</span> <span class='ocrx_word' id='word_1_467' title='bbox 1137 4133 1212 4190; x_wconf 86' lang='grc' dir='ltr'>ὼς</span> <span class='ocrx_word' id='word_1_468' title='bbox 1243 4133 1304 4181; x_wconf 85' lang='grc' dir='ltr'><strong>τὸ</strong></span> <span class='ocrx_word' id='word_1_469' title='bbox 1337 4147 1425 4201; x_wconf 86' lang='grc' dir='ltr'><strong>χρ.</strong></span> <span class='ocrx_word' id='word_1_470' title='bbox 1462 4133 1634 4186; x_wconf 85' lang='lat' dir='ltr'><strong>Malus</strong></span> <span class='ocrx_word' id='word_1_471' title='bbox 1665 4133 1893 4201; x_wconf 78' lang='lat' dir='ltr'><strong>spiritus</strong></span> <span class='ocrx_word' id='word_1_472' title='bbox 1916 4133 1971 4185; x_wconf 92' lang='lat' dir='ltr'><strong>in</strong></span> <span class='ocrx_word' id='word_1_473' title='bbox 2004 4133 2038 4202; x_wconf 80' lang='grc' dir='ltr'>ἢ</span> 
     </span>
     <span class='ocr_line' id='line_1_72' title="bbox 467 4197 2041 4280; baseline 0.003 -29"><span class='ocrx_word' id='word_1_474' title='bbox 467 4197 632 4280; x_wconf 72' lang='grc' dir='ltr'><strong>ρνοῆ</strong></span> <span class='ocrx_word' id='word_1_475' title='bbox 670 4214 739 4280; x_wconf 82' lang='lat' dir='ltr'><strong>ne</strong></span> <span class='ocrx_word' id='word_1_476' title='bbox 767 4197 1043 4280; x_wconf 75' lang='lat' dir='ltr'><strong>notandus</strong></span> <span class='ocrx_word' id='word_1_477' title='bbox 1093 4198 1325 4280; x_wconf 70' lang='lat' dir='ltr'><strong>quidem</strong></span> <span class='ocrx_word' id='word_1_478' title='bbox 1372 4210 1538 4265; x_wconf 87' lang='lat' dir='ltr'><strong>esset,</strong></span> <span class='ocrx_word' id='word_1_479' title='bbox 1578 4201 1635 4255; x_wconf 89' lang='lat' dir='ltr'><strong>ni</strong></span> <span class='ocrx_word' id='word_1_480' title='bbox 1685 4200 1754 4280; x_wconf 76' lang='lat' dir='ltr'><strong>ad</strong></span> <span class='ocrx_word' id='word_1_481' title='bbox 1807 4201 2041 4280; x_wconf 60' lang='lat' dir='ltr'><strong>similem</strong></span> 
     </span>
    </p>
   </div>
   <div class='ocr_carea' id='block_1_72' title="bbox 2145 4133 3722 4280">
    <p class='ocr_par' dir='ltr' id='par_1_72' title="bbox 2145 4133 3722 4280">
     <span class='ocr_line' id='line_1_73' title="bbox 2218 4133 3722 4206; baseline 0.003 -20"><span class='ocrx_word' id='word_1_482' title='bbox 2218 4133 2330 4202; x_wconf 86' lang='grc'>(68)</span> <span class='ocrx_word' id='word_1_483' title='bbox 2375 4133 2514 4187; x_wconf 89' lang='lat' dir='ltr'><strong>llinc</strong></span> <span class='ocrx_word' id='word_1_484' title='bbox 2547 4133 2740 4203; x_wconf 88' lang='lat' dir='ltr'><strong>incipit</strong></span> <span class='ocrx_word' id='word_1_485' title='bbox 2779 4133 2964 4189; x_wconf 88' lang='lat' dir='ltr'><strong>editus</strong></span> <span class='ocrx_word' id='word_1_486' title='bbox 2991 4149 3020 4188; x_wconf 87' lang='lat' dir='ltr'><strong>a</strong></span> <span class='ocrx_word' id='word_1_487' title='bbox 3057 4135 3292 4189; x_wconf 88' lang='lat' dir='ltr'><strong>Gulonio</strong></span> <span class='ocrx_word' id='word_1_488' title='bbox 3324 4133 3722 4206; x_wconf 82' lang='lat' dir='ltr'><strong>Disputationis</strong></span> 
     </span>
     <span class='ocr_line' id='line_1_74' title="bbox 2145 4200 3721 4280; baseline 0.005 -24"><span class='ocrx_word' id='word_1_489' title='bbox 2145 4217 2271 4280; x_wconf 75' lang='lat' dir='ltr'><strong>cum</strong></span> <span class='ocrx_word' id='word_1_490' title='bbox 2326 4200 2599 4280; x_wconf 83' lang='lat' dir='ltr'><strong>Herbano_</strong></span> <span class='ocrx_word' id='word_1_491' title='bbox 2639 4213 2839 4280; x_wconf 71' lang='lat' dir='ltr'><strong>textus,</strong></span> <span class='ocrx_word' id='word_1_492' title='bbox 2888 4205 2944 4258; x_wconf 90' lang='lat' dir='ltr'><strong>in</strong></span> <span class='ocrx_word' id='word_1_493' title='bbox 2972 4205 3160 4280; x_wconf 82' lang='lat' dir='ltr'><strong>multis</strong></span> <span class='ocrx_word' id='word_1_494' title='bbox 3185 4207 3416 4260; x_wconf 90' lang='lat' dir='ltr'><strong>multum</strong></span> <span class='ocrx_word' id='word_1_495' title='bbox 3466 4222 3498 4262; x_wconf 87' lang='lat' dir='ltr'><strong>a</strong></span> <span class='ocrx_word' id='word_1_496' title='bbox 3531 4207 3721 4264; x_wconf 83' lang='lat' dir='ltr'><strong>codice</strong></span> 
     </span>
    </p>
   </div>
   <div class='ocr_carea' id='block_1_73' title="bbox 466 4267 3085 4342">
    <p class='ocr_par' dir='ltr' id='par_1_73' title="bbox 466 4267 3085 4342">
     <span class='ocr_line' id='line_1_75' title="bbox 466 4267 3085 4342; baseline 0.003 -23"><span class='ocrx_word' id='word_1_497' title='bbox 466 4268 696 4342; x_wconf 69' lang='lat' dir='ltr'><strong>duceret</strong></span> <span class='ocrx_word' id='word_1_498' title='bbox 727 4267 1063 4342; x_wconf 64' lang='lat' dir='ltr'><strong>erroremab</strong></span> <span class='ocrx_word' id='word_1_499' title='bbox 1082 4269 1430 4342; x_wconf 73' lang='lat' dir='ltr'><strong>Artemidoro</strong></span> <span class='ocrx_word' id='word_1_500' title='bbox 1449 4271 1909 4342; x_wconf 43' lang='lat' dir='ltr'><strong>amovendum”,</strong></span> <span class='ocrx_word' id='word_1_501' title='bbox 1941 4273 2038 4326; x_wconf 90' lang='lat'><strong>79:</strong></span> <span class='ocrx_word' id='word_1_502' title='bbox 2147 4273 2467 4342; x_wconf 84' lang='lat' dir='ltr'><strong>discrepans</strong></span> <span class='ocrx_word' id='word_1_503' title='bbox 2499 4290 2512 4326; x_wconf 91' lang='lat'><strong>:</strong></span> <span class='ocrx_word' id='word_1_504' title='bbox 2543 4273 2612 4328; x_wconf 84' lang='lat' dir='ltr'><strong>cf.</strong></span> <span class='ocrx_word' id='word_1_505' title='bbox 2641 4289 2696 4342; x_wconf 89' lang='lat' dir='ltr'><strong>p.</strong></span> <span class='ocrx_word' id='word_1_506' title='bbox 2734 4274 2853 4338; x_wconf 76' lang='lat' dir='ltr'><strong>1M,</strong></span> <span class='ocrx_word' id='word_1_507' title='bbox 2886 4282 3003 4328; x_wconf 92' lang='lat' dir='ltr'><strong>not.</strong></span> <span class='ocrx_word' id='word_1_508' title='bbox 3034 4276 3085 4328; x_wconf 79' lang='lat' dir='ltr'><strong>l.</strong></span> 
     </span>
    </p>
   </div>
   <div class='ocr_carea' id='block_1_74' title="bbox 467 4336 2041 4419">
    <p class='ocr_par' dir='ltr' id='par_1_74' title="bbox 467 4336 2038 4419">
     <span class='ocr_line' id='line_1_76' title="bbox 467 4336 2038 4419; baseline 0.005 -30"><span class='ocrx_word' id='word_1_509' title='bbox 467 4337 828 4419; x_wconf 68' lang='grc' dir='ltr'>Ζηλοτυπίαν,</span> <span class='ocrx_word' id='word_1_510' title='bbox 862 4337 896 4408; x_wconf 76' lang='grc' dir='ltr'>ἢ</span> <span class='ocrx_word' id='word_1_511' title='bbox 927 4337 1128 4419; x_wconf 84' lang='grc' dir='ltr'>μᾶλλον</span> <span class='ocrx_word' id='word_1_512' title='bbox 1155 4336 1220 4390; x_wconf 80' lang='grc' dir='ltr'><strong>ἂν</strong></span> <span class='ocrx_word' id='word_1_513' title='bbox 1252 4339 1542 4419; x_wconf 36' lang='grc' dir='ltr'>ὲπὶετούτῳ</span> <span class='ocrx_word' id='word_1_514' title='bbox 1574 4336 1956 4411; x_wconf 57' lang='grc' dir='ltr'>γένοιτοίίωο</span> <span class='ocrx_word' id='word_1_515' title='bbox 1980 4342 2038 4411; x_wconf 72' lang='grc' dir='ltr'><strong>ἦ*</strong></span> 
     </span>
    </p>
   </div>
   <div class='ocr_carea' id='block_1_75' title="bbox 2145 4336 3720 4419">
    <p class='ocr_par' dir='ltr' id='par_1_75' title="bbox 2145 4336 3720 4419">
     <span class='ocr_line' id='line_1_77' title="bbox 2145 4336 3720 4419; baseline 0.001 -22"><span class='ocrx_word' id='word_1_516' title='bbox 2145 4411 2158 4419; x_wconf 85' lang='lat'>_</span> <span class='ocrx_word' id='word_1_517' title='bbox 2189 4336 2346 4419; x_wconf 56' lang='lat'><strong>_(69)&#39;</strong></span> <span class='ocrx_word' id='word_1_518' title='bbox 2365 4341 2552 4399; x_wconf 77' lang='lat' dir='ltr'><strong>Codex</strong></span> <span class='ocrx_word' id='word_1_519' title='bbox 2584 4336 2918 4410; x_wconf 42' lang='lat' dir='ltr'><strong>Vindobohn</strong></span> <span class='ocrx_word' id='word_1_520' title='bbox 2945 4343 3165 4415; x_wconf 83' lang='grc' dir='ltr'>θολοτῷ.</span> <span class='ocrx_word' id='word_1_521' title='bbox 3197 4345 3528 4412; x_wconf 85' lang='lat' dir='ltr'><strong>Guloniana,</strong></span> <span class='ocrx_word' id='word_1_522' title='bbox 3553 4345 3720 4419; x_wconf 88' lang='grc' dir='ltr'>Θρελ-</span> 
     </span>
    </p>
   </div>
   <div class='ocr_carea' id='block_1_76' title="bbox 465 4406 2301 4480">
    <p class='ocr_par' dir='ltr' id='par_1_76' title="bbox 465 4406 2301 4480">
     <span class='ocr_line' id='line_1_78' title="bbox 465 4406 2301 4480; baseline 0.003 -21"><span class='ocrx_word' id='word_1_523' title='bbox 465 4406 746 4480; x_wconf 61' lang='lat' dir='ltr'><strong>videturj</strong></span> <span class='ocrx_word' id='word_1_524' title='bbox 780 4406 900 4480; x_wconf 85' lang='lat' dir='ltr'><strong>esse</strong></span> <span class='ocrx_word' id='word_1_525' title='bbox 928 4415 1181 4480; x_wconf 78' lang='lat' dir='ltr'><strong>typorum</strong></span> <span class='ocrx_word' id='word_1_526' title='bbox 1205 4406 1525 4480; x_wconf 67' lang='lat' dir='ltr'><strong>mendum.&#39;</strong></span> <span class='ocrx_word' id='word_1_527' title='bbox 1586 4406 1597 4411; x_wconf 72' lang='grc'>⁷</span> <span class='ocrx_word' id='word_1_528' title='bbox 2003 4406 2014 4411; x_wconf 84' lang='grc'><em>’</em></span> <span class='ocrx_word' id='word_1_529' title='bbox 2141 4406 2301 4480; x_wconf 74' lang='grc' dir='ltr'>λέτῳ.</span> 
     </span>
    </p>
   </div>
   <div class='ocr_carea' id='block_1_77' title="bbox 557 4476 2041 4559">
    <p class='ocr_par' dir='ltr' id='par_1_77' title="bbox 557 4476 2004 4559">
     <span class='ocr_line' id='line_1_79' title="bbox 557 4476 2004 4559; baseline 0 -27"><span class='ocrx_word' id='word_1_530' title='bbox 680 4476 1029 4559; x_wconf 38' lang='grc' dir='ltr'>ξέοΙκεχείιξ,</span> <span class='ocrx_word' id='word_1_531' title='bbox 1061 4478 1346 4559; x_wconf 49' lang='lat' dir='ltr'><strong>M,_15._._</strong></span> <span class='ocrx_word' id='word_1_532' title='bbox 1410 4551 1424 4559; x_wconf 42' lang='lat'><strong><em>.</em></strong></span> <span class='ocrx_word' id='word_1_533' title='bbox 1465 4551 1481 4559; x_wconf 88' lang='lat'>_</span> <span class='ocrx_word' id='word_1_534' title='bbox 1640 4551 1700 4559; x_wconf 83' lang='lat'><strong>__</strong></span> <span class='ocrx_word' id='word_1_535' title='bbox 1895 4551 1908 4559; x_wconf 82' lang='lat'>_</span> <span class='ocrx_word' id='word_1_536' title='bbox 1991 4551 2004 4559; x_wconf 84' lang='lat'>_</span> 
     </span>
    </p>
   </div>
   <div class='ocr_carea' id='block_1_78' title="bbox 2145 4476 3716 4559">
    <p class='ocr_par' dir='ltr' id='par_1_78' title="bbox 2147 4476 3716 4559">
     <span class='ocr_line' id='line_1_80' title="bbox 2147 4476 3716 4559; baseline 0.004 -23"><span class='ocrx_word' id='word_1_537' title='bbox 2147 4550 2172 4559; x_wconf 81' lang='lat'>_</span> <span class='ocrx_word' id='word_1_538' title='bbox 2216 4476 2326 4559; x_wconf 75' lang='lat'><strong>(79)</strong></span> <span class='ocrx_word' id='word_1_539' title='bbox 2366 4480 2522 4559; x_wconf 84' lang='lat' dir='ltr'><strong>_Cod.</strong></span> <span class='ocrx_word' id='word_1_540' title='bbox 2584 4481 2868 4552; x_wconf 87' lang='grc' dir='ltr'>βασιλέων.</span> <span class='ocrx_word' id='word_1_541' title='bbox 2904 4484 3213 4541; x_wconf 88' lang='lat' dir='ltr'><strong>Vindobon.</strong></span> <span class='ocrx_word' id='word_1_542' title='bbox 3277 4495 3334 4542; x_wconf 92' lang='lat' dir='ltr'><strong>et</strong></span> <span class='ocrx_word' id='word_1_543' title='bbox 3389 4485 3716 4555; x_wconf 87' lang='lat' dir='ltr'><strong>Guloniana,</strong></span> 
     </span>
    </p>
   </div>
   <div class='ocr_carea' id='block_1_79' title="bbox 558 4545 2041 4623">
    <p class='ocr_par' dir='ltr' id='par_1_79' title="bbox 558 4545 2038 4623">
     <span class='ocr_line' id='line_1_81' title="bbox 558 4545 2038 4623; baseline 0.003 -22"><span class='ocrx_word' id='word_1_544' title='bbox 558 4545 649 4616; x_wconf 82' lang='lat'><strong>65)</strong></span> <span class='ocrx_word' id='word_1_545' title='bbox 688 4547 788 4604; x_wconf 83' lang='lat' dir='ltr'><strong>Hic</strong></span> <span class='ocrx_word' id='word_1_546' title='bbox 835 4547 1030 4619; x_wconf 90' lang='lat' dir='ltr'><strong>incipit</strong></span> <span class='ocrx_word' id='word_1_547' title='bbox 1071 4547 1243 4605; x_wconf 77' lang='lat' dir='ltr'><strong>codex</strong></span> <span class='ocrx_word' id='word_1_548' title='bbox 1287 4548 1598 4608; x_wconf 83' lang='lat' dir='ltr'><strong>Vindobon.</strong></span> <span class='ocrx_word' id='word_1_549' title='bbox 1640 4551 2038 4623; x_wconf 88' lang='lat' dir='ltr'><strong>Disputationis</strong></span> 
     </span>
    </p>
   </div>
   <div class='ocr_carea' id='block_1_80' title="bbox 2145 4545 2450 4623">
    <p class='ocr_par' dir='ltr' id='par_1_80' title="bbox 2145 4545 2450 4621">
     <span class='ocr_line' id='line_1_82' title="bbox 2145 4545 2450 4621; baseline 0 -15"><span class='ocrx_word' id='word_1_550' title='bbox 2145 4545 2450 4621; x_wconf 75' lang='grc' dir='ltr'>βασιλειῶν.</span> 
     </span>
    </p>
   </div>
   <div class='ocr_carea' id='block_1_81' title="bbox 561 3917 1232 3990">
    <p class='ocr_par' dir='ltr' id='par_1_81' title="bbox 561 3917 1232 3990">
     <span class='ocr_line' id='line_1_83' title="bbox 561 3917 1232 3990; baseline 0.003 -18"><span class='ocrx_word' id='word_1_551' title='bbox 561 3918 650 3979; x_wconf 73' lang='lat'><strong>82)</strong></span> <span class='ocrx_word' id='word_1_552' title='bbox 693 3917 850 3990; x_wconf 70' lang='lat' dir='ltr'><strong>Conf.</strong></span> <span class='ocrx_word' id='word_1_553' title='bbox 891 3935 947 3990; x_wconf 91' lang='lat' dir='ltr'><strong>p.</strong></span> <span class='ocrx_word' id='word_1_554' title='bbox 975 3919 1063 3982; x_wconf 78' lang='lat'><strong>73,</strong></span> <span class='ocrx_word' id='word_1_555' title='bbox 1088 3934 1146 3973; x_wconf 93' lang='lat' dir='ltr'><strong>n.</strong></span> <span class='ocrx_word' id='word_1_556' title='bbox 1179 3920 1232 3990; x_wconf 66' lang='grc' dir='ltr'>ἶ.</span> 
     </span>
    </p>
   </div>
   <div class='ocr_carea' id='block_1_82' title="bbox 561 3989 2042 4078">
    <p class='ocr_par' dir='ltr' id='par_1_82' title="bbox 561 3989 2042 4078">
     <span class='ocr_line' id='line_1_84' title="bbox 561 3989 2042 4078; baseline 0 -35"><span class='ocrx_word' id='word_1_557' title='bbox 707 3989 823 4078; x_wconf 51' lang='grc' dir='ltr'><strong>Ιεῇζ</strong></span> <span class='ocrx_word' id='word_1_558' title='bbox 835 3989 989 4078; x_wconf 47' lang='lat' dir='ltr'><strong>‘ltnt,l</strong></span> <span class='ocrx_word' id='word_1_559' title='bbox 1002 3991 1023 4042; x_wconf 72' lang='lat' dir='ltr'><strong>‘l</strong></span> <span class='ocrx_word' id='word_1_560' title='bbox 1035 3989 1110 4078; x_wconf 51' lang='grc' dir='ltr'><strong>Ξῖ</strong></span> <span class='ocrx_word' id='word_1_561' title='bbox 1131 3989 1529 4078; x_wconf 11' lang='grc' dir='ltr'>,Ἔσονταιῗὶοίη</span> <span class='ocrx_word' id='word_1_562' title='bbox 1553 3990 1814 4045; x_wconf 86' lang='grc' dir='ltr'>καταλελε</span> <span class='ocrx_word' id='word_1_563' title='bbox 1823 3989 2042 4078; x_wconf 36' lang='grc' dir='ltr'>ιμμένοιι</span> 
     </span>
    </p>
   </div>
   <div class='ocr_carea' id='block_1_83' title="bbox 467 4057 2038 4132">
    <p class='ocr_par' dir='ltr' id='par_1_83' title="bbox 467 4057 2038 4132">
     <span class='ocr_line' id='line_1_85' title="bbox 467 4057 2038 4132; baseline 0.001 -20"><span class='ocrx_word' id='word_1_564' title='bbox 467 4057 675 4132; x_wconf 66' lang='grc' dir='ltr'>ἔντιμοι</span> <span class='ocrx_word' id='word_1_565' title='bbox 701 4059 927 4132; x_wconf 44' lang='lat' dir='ltr'><strong>primo}</strong></span> <span class='ocrx_word' id='word_1_566' title='bbox 961 4058 995 4127; x_wconf 77' lang='grc' dir='ltr'><strong>ἢ</strong></span> <span class='ocrx_word' id='word_1_567' title='bbox 1032 4058 1095 4132; x_wconf 59' lang='lat' dir='ltr'><strong>to</strong></span> <span class='ocrx_word' id='word_1_568' title='bbox 1129 4060 1352 4132; x_wconf 77' lang='grc' dir='ltr'>χρυσίον</span> <span class='ocrx_word' id='word_1_569' title='bbox 1400 4060 1477 4132; x_wconf 61' lang='lat' dir='ltr'><strong>to</strong></span> <span class='ocrx_word' id='word_1_570' title='bbox 1496 4057 1963 4132; x_wconf 50' lang='grc' dir='ltr'>ἀπυρονσέῧόᾴ.</span> <span class='ocrx_word' id='word_1_571' title='bbox 2006 4060 2038 4132; x_wconf 81' lang='grc' dir='ltr'><strong>ἦ</strong></span> 
     </span>
    </p>
   </div>
   <div class='ocr_carea' id='block_1_84' title="bbox 466 4127 2038 4202">
    <p class='ocr_par' dir='ltr' id='par_1_84' title="bbox 466 4127 2038 4202">
     <span class='ocr_line' id='line_1_86' title="bbox 466 4127 2038 4202; baseline 0.002 -20"><span class='ocrx_word' id='word_1_572' title='bbox 466 4128 529 4182; x_wconf 77' lang='grc' dir='ltr'>τὸ</span> <span class='ocrx_word' id='word_1_573' title='bbox 563 4127 638 4202; x_wconf 71' lang='grc' dir='ltr'><strong>ὡς</strong></span> <span class='ocrx_word' id='word_1_574' title='bbox 666 4127 733 4180; x_wconf 88' lang='grc' dir='ltr'><strong>τδ</strong></span> <span class='ocrx_word' id='word_1_575' title='bbox 754 4145 844 4199; x_wconf 93' lang='grc' dir='ltr'>χρ.</span> <span class='ocrx_word' id='word_1_576' title='bbox 879 4128 1034 4202; x_wconf 72' lang='lat' dir='ltr'><strong>Fors.</strong></span> <span class='ocrx_word' id='word_1_577' title='bbox 1068 4128 1101 4198; x_wconf 76' lang='grc' dir='ltr'>ἦ</span> <span class='ocrx_word' id='word_1_578' title='bbox 1243 4129 1304 4181; x_wconf 82' lang='grc' dir='ltr'><strong>τὸ</strong></span> <span class='ocrx_word' id='word_1_579' title='bbox 1337 4147 1425 4201; x_wconf 86' lang='grc' dir='ltr'><strong>χρ.</strong></span> <span class='ocrx_word' id='word_1_580' title='bbox 1462 4127 1634 4202; x_wconf 76' lang='lat' dir='ltr'><strong>Malus</strong></span> <span class='ocrx_word' id='word_1_581' title='bbox 1665 4131 1893 4202; x_wconf 77' lang='lat' dir='ltr'><strong>spiritus</strong></span> <span class='ocrx_word' id='word_1_582' title='bbox 1916 4131 1971 4185; x_wconf 91' lang='lat' dir='ltr'><strong>in</strong></span> 
     </span>
    </p>
   </div>
  </div>
