4088 6528
467 436 574 497 623

1444 430 1484 487 s
1543 423 1973 488 GREGENTII
2015 423 2254 483 EPISC.
2300 386 2833 482 TAPHARENSIS

3617 417 3723 482 624

539 544 924 601 HERBANUS.
974 545 1030 599 Si
1083 544 1248 614 igitur
1274 540 1365 595 Sol
1403 552 1630 595 exortus
1658 541 1826 602 lucet,
1857 546 1913 591 et
1943 550 2043 589 nos

2220 531 2469 587 EPBAN.
2506 531 2568 584 Εί
2603 527 2697 584 οὖν
2731 533 2758 584 6
2791 529 2980 594 Ἤλιος
3010 528 3334 595 ἐξανέτειλε,
3361 528 3455 581 καὶ
3486 530 3645 600 ἡμεῖς
3671 528 3722 580 οί

469 639 564 707 qui
593 639 649 690 in
686 637 856 690 Deum
888 637 1024 705 legis
1053 634 1352 697 credimus,
1383 642 1442 685 ut
1485 639 1553 700 tu_
1580 630 1740 693 dicis,
1782 629 1901 698 ejus
1933 626 2044 681 luci

469 730 826 784 adversamur
856 744 870 781 :
901 736 1108 797 quanto
1154 725 1326 795 magis
1360 738 1479 789 vos,
1511 722 1606 791 qui
1642 730 1835 792 gentes
1863 729 2044 773 extra-

2145 627 2226 688 εἰς
2275 621 2366 677 τὸν
2411 623 2543 677 Θεὸν
2598 623 2693 676 τοῦ
2743 623 2908 692 νόμου
2956 623 3325 686 πιστεύοντες,
3355 621 3429 684 ὡς
3480 622 3544 673 σὺ
3593 620 3722 691 φὴς,

2144 715 2532 788 ἐναντιούμεθα
2564 716 2644 786 τῷ
2682 716 2824 784 φωτὶ
2852 713 3040 778 αὑτοῦ,
3073 715 3224 784 πόσῳ
3250 730 3312 782 γε
3339 713 3538 783 μᾶλλον
3567 713 3726 783 ὑμεῖς

470 836 587 876 nea:
618 820 773 884 estis,
806 828 860 874 et
882 819 977 888 qui
1007 833 1037 872 a
1061 818 1178 887 lege
1200 816 1386 870 divina
1414 823 1471 870 et
1494 829 1524 868 a
1561 814 1674 868 Deo
1703 812 1832 867 data
1863 811 2042 865 aliena

2141 809 2210 862 τὰ
2244 807 2505 878 ἀλλότρια
2538 807 2690 878 ἔθνη,
2726 806 2886 860 ἅτινα
2931 805 3190 875 ἀλλότρια
3231 803 3602 877 χρηματίζετε
3626 803 3722 858 τοῦ

471 911 712 966 statuitis
751 911 1010 979 tanquam
1049 908 1311 963 oracula?

541 1003 598 1056 S.
636 1000 841 1056 ABCH.
888 999 1057 1070 Cujus
1094 998 1259 1068 igitur
1288 1010 1501 1061 sumus,
1550 1008 1651 1048 nos
1679 991 1778 1063 qui
1809 1007 1875 1046 ex
1907 1005 2044 1062 gen-

473 1093 641 1157 tibus,
689 1101 945 1146 creatura
976 1099 1033 1144 et
1074 1089 1329 1143 factura?

542 1183 746 1239 HERB.
787 1181 882 1236 Dei
925 1179 1206 1236 videlicet.
1249 1179 1367 1249 Ipse
1393 1177 1544 1233 enim
1571 1175 1704 1230 fecit
1725 1188 1826 1229 nos
1859 1179 2044 1228 utros-

471 1286 601 1340 que.

545 1361 605 1416 8.
645 1357 853 1416 ARCH.
893 1358 1069 1426 Quam
1124 1356 1292 1427 igitur
1327 1354 1750 1426 praerogativam
1793 1367 1894 1408 vos
1935 1365 2046 1424 pra:

474 1452 636 1508 nobis
675 1450 932 1506 habetis?

545 1545 749 1600 HERB.
799 1543 975 1616 Quam
1008 1555 1171 1610 supra
1198 1536 1479 1608 Egyptios
1518 1534 1801 1590 consecuti
1832 1547 2043 1588 sumus.

545 1636 602 1690 8.
633 1633 838 1688 ARCH.
879 1630 1116 1686 Ostende
1154 1629 1343 1698 igitur,
1373 1642 1476 1696 qua
1504 1627 1558 1678 in
1610 1641 1669 1680 re
1712 1623 2044 1695 praaecllitis,

473 1736 530 1781 et
573 1726 777 1796 majore
816 1725 1027 1778 honore
1057 1719 1318 1790 diguandi
1359 1719 1513 1774 estis.

544 1817 747 1872 HERB.
791 1815 1014 1885 Ignoras
1049 1826 1240 1881 magna
1269 1810 1534 1864 miracula
1564 1819 1686 1878 quae
1736 1807 1792 1862 in
1813 1804 2045 1878 Egypto

2145 899 2430 959 θεοσδότου
2454 899 2625 968 νόμου
2647 899 2681 968 ἡ
2691 896 2811 967 μῶν
2845 897 2942 950 καὶ
2969 896 3119 950 θείου
3142 913 3157 963 ;

2216 989 2327 1043 Kal.
2360 989 2401 1043 0
2430 987 2650 1042 ᾹΓΙΟΣ.
2713 987 2868 1050 Τίνες
2900 986 2974 1058 (2)
3021 987 3191 1058 ἐσμὲν
3239 985 3350 1058 ἄρα
3388 986 3550 1057 ἡμεῖς
3576 985 3626 1038 ot
3663 983 3725 1050 ἐξ

2145 1079 2341 1141 ἐθνῶν,
2371 1080 2581 1150 κτίσμα
2607 1079 2703 1132 καὶ
2735 1078 2982 1148 ποίημας

2213 1172 2464 1226 EPBAN.
2493 1170 2602 1224 Τοῦ
2631 1166 2770 1223 Θεοῦ
2815 1169 3080 1241 δηλονότι.
3119 1167 3295 1233 Αὑτδς
3325 1167 3436 1240 γάρ
3465 1167 3724 1238 ἐποίησεν

2143 1256 2490 1329 ἀμφοτέρους
2516 1259 2687 1328 ἡμᾶς.

2215 1348 2328 1403 Kal.
2348 1345 2394 1402 Ὀ
2424 1349 2644 1406 ΑΓΙΟΣ.
2672 1349 2844 1406 Ποίαν
2875 1343 2968 1404 οὖν
3012 1347 3347 1421 προτίμησιν
3383 1349 3544 1422 ὑμεῖς
3581 1346 3724 1420 ὑπὲρ

2145 1442 2294 1512 ἡμᾶς
2317 1441 2590 1511 κέκτησθε
2610 1459 2626 1507 ;
3233 1471 3236 1475 ~

2215 1533 2463 1587 EPBAN.
2500 1533 2632 1586 O't'av
2661 1533 2858 1606 ἔχομεν
2883 1532 3025 1605 ὑπὲρ
3057 1533 3183 1597 τοὺς
3207 1534 3561 1602 Αἰγυπτίους.

2218 1625 2325 1677 Καὶ
2355 1627 2395 1677 Ο
2427 1625 2649 1680 ΑΓιυΣ.
2686 1626 2867 1693 Δεῖξον
2900 1622 2992 1680 οὖν
3021 1625 3120 1696 τὴν
3150 1627 3503 1697 προτίμησιν.

2219 1807 2465 1865 ΕΡΒΑΝ.
2501 1810 2614 1864 Οὑκ
2656 1809 2835 1878 ἔγνως
2891 1809 2960 1862 τὰ
3008 1806 3220 1878 μεγάλα
3263 1807 3544 1877 θαυμάσια
3579 1805 3724 1879 άπερ

473 1921 529 1966 et
554 1909 718 1981 600
739 1908 794 1962 in
826 1906 965 1961 mari
987 1905 1178 1960 Rubro
1206 1909 1266 1958 et
1291 1901 1346 1956 in
1373 1902 1593 1956 deserto
1634 1901 1781 1955 Deus
1806 1916 1904 1969 per
1928 1899 2043 1953 Mo-

2151 1905 2209 1958 ἐν
2257 1906 2328 1974 γῇ
2374 1903 2639 1973 Αἰγύπτῳ
2695 1903 2790 1955 καὶ
2831 1901 2889 1954 ἐν
2929 1899 3168 1972 Ἐρυθρᾷ
3202 1898 3472 1970 θαλάσσῃ,
3521 1899 3617 1952 καὶ
3663 1899 3724 1951 ἐν

474 2019 571 2057 sen
611 1999 933 2055 mirabiliter
976 1997 1128 2060 fecit,
1176 2010 1299 2048 cum
1327 2008 1584 2063 egressus
1611 2002 1696 2046 est
1730 1992 1917 2057 Israel,
1951 1990 2048 2047 de-

479 2093 673 2148 mersis
705 2100 760 2144 et
796 2105 935 2159 aqua
957 2087 1244 2143 exstinctis
1280 2085 1569 2156 Egyptiis,
1605 2086 1721 2155 ipse
1747 2099 1878 2139 vero
1911 2099 2044 2139 con-

477 2190 728 2238 servatus
771 2181 988 2235 evasit?

545 2273 602 2328 S.
647 2271 851 2326 ARCll.
895 2272 1042 2326 Inter
1072 2286 1169 2325 vos
1193 2278 1249 2324 et
1275 2267 1560 2339 Egyptios
1599 2266 1894 2322 discrimen
1927 2268 2048 2322 nul-

477 2367 593 2420 lum
624 2371 729 2418 est.
779 2363 912 2417 Nam
958 2363 1080 2416 illos
1116 2361 1251 2414 mari
1299 2361 1531 2415 obrutos
1577 2359 1906 2424 suﬂ‘ocavit';
1947 2371 2046 2413 vos

477 2471 606 2511 vero
655 2456 710 2508 in
745 2455 965 2509 deserto
1009 2453 1353 2523 prostravit:
1390 2459 1446 2506 et
1475 2451 1572 2520 qui
1614 2450 1858 2506 Rubrum
1894 2466 2045 2505 mare

479 2549 711 2603 incisum
737 2562 802 2600 ac
829 2545 1067 2600 divisum
1095 2542 1511 2614 pertransiistis,
1539 2551 1794 2612 tauquam
1817 2558 1913 2613 per
1941 2543 2047 2597 sic-

476 2657 599 2697 cum
633 2649 690 2694 et
718 2639 932 2693 aridum
973 2637 1182 2700 solum;
1218 2636 1270 2690 in
1327 2635 1446 2705 ipso
1489 2644 1651 2704 portu
1700 2633 2045 2704 naufragium

477 2729 708 2794 fecistis,
739 2729 880 2782 male
907 2727 961 2780 in
993 2725 1214 2780 deserto
1250 2725 1521 2780 ﬁnientes.
1554 2725 1689 2778 Nam
1713 2740 1777 2779 ex
1821 2739 2046 2780 sexcen-

475 2820 549 2874 tis
584 2827 641 2874 et
664 2818 898 2888 amplius
921 2817 1110 2888 populi
1151 2816 1397 2870 millibus
1419 2857 1433 2882 ,
1469 2814 1635 2870 Caleb
1666 2824 1722 2869 et
1748 2816 1873 2870 Jesu
1897 2813 2044 2870 Nave

475 2909 642 2974 ﬁlius,
686 2910 742 2963 hi
783 2909 884 2963 soli
911 2907 1062 2978 digni
1092 2917 1222 2965 sunt
1261 2907 1437 2962 habiti
1464 2907 1560 2976 qui
1588 2907 1774 2961 Terrae
1800 2906 2045 2962 Promis-

475 3017 549 3056 sa:
597 2999 973 3054 haereditatem
995 2998 1331 3068 acciperent.
1356 2998 1434 3052 En
1459 3013 1569 3067 quo
1590 2997 1752 3052 modo
1779 3012 1878 3052 vos
1899 2997 2044 3053 Deus

475 3091 652 3161 pluris
694 3105 856 3160 quam
887 3089 1168 3160 Egyptios
1212 3088 1360 3144 fecit.

543 3181 748 3236 llERB.
775 3181 874 3236 Cui
906 3195 1107 3234 manna
1135 3195 1165 3235 e
1187 3181 1326 3236 coelo
1349 3180 1494 3234 Deus
1522 3180 1576 3233 in
1609 3180 1826 3235 deserto
1851 3179 2042 3238 oluere

377 3323 380 3326 .
474 3273 628 3338 fecit,
655 3272 961 3325 Israelitico
994 3270 1220 3340 populo,
1253 3285 1322 3324 an
1348 3269 1615 3341 Egyptiis
1639 3271 1662 3323 ?

547 3447 603 3502 8.
645 3443 851 3499 ARCH.
883 3443 964 3498 Tu
995 3457 1126 3497 vero
1152 3453 1339 3497 utrum
1361 3457 1553 3498 censes
1589 3443 1908 3513 apparuisse
1937 3444 2042 3499 ho-

475 3535 782 3592 norabilius
826 3542 882 3588 et
919 3532 1306 3603 praestabilius,
1349 3531 1660 3604 Egyptium
1697 3532 1941 3587 edulium
1988 3543 2044 3589 et

475 3628 817 3684 esculentum
868 3623 1016 3695 quod
1060 3624 1283 3690 edebas,
1331 3640 1402 3679 an
1464 3639 1661 3679 manna
1706 3625 1928 3681 caeleste
1985 3626 2042 3680 in

474 3711 695 3775 deserto
714 3717 738 3770 ’ἲ

543 3809 748 3866 HERB.
788 3806 980 3862 Manna
1010 3821 1163 3861 sane.

543 3901 601 3957 8.
636 3899 844 3956 ARCH.
883 3897 1171 3964 Quomodo
1200 3896 1256 3951 in
1290 3896 1532 3961 deserto,
1566 3905 1749 3952 mente
1773 3906 1955 3953 vestra
1985 3906 2041 3952 et

474 3992 806 4063 cogitatione
834 3991 900 4044 ad
925 3989 1156 4058 pristina
1183 3988 1391 4042 reversi
1418 3987 1618 4054 fuistis,
1647 3989 2042 4059 concupiscen-

444 4095 558 4139 ‘tes
605 4098 752 4152 caepe
796 4090 852 4136 et
890 4081 1036 4143 allia,
1083 4089 1139 4135 et
1186 4094 1382 4134 carnes
1419 4080 1610 4134 suillas
1660 4080 1717 4133 in
1766 4080 2042 4137 lebetibus

473 4177 665 4238 elixas,
701 4186 1032 4242 omnemque
1077 4171 1451 4242 Aagyptiorum
1486 4170 1691 4238 cibum,
1740 4186 1939 4226 manna
1972 4172 2040 4228 ad

473 4267 661 4320 odium
695 4274 749 4320 et
788 4277 1047 4317 nauseant
1089 4261 1462 4317 fastidientes?

544 4355 747 4411 HERB.
791 4355 1082 4422 Perperam
1136 4363 1318 4424 patres
1366 4355 1542 4410 nostri
1595 4371 1781 4410 sacros
1827 4356 2042 4412 lsraelis

475 4449 658 4520 populi
708 4447 882 4500 libros
927 4446 1073 4499 ultro
1114 4452 1171 4499 et
1201 4453 1396 4514 sponte
1427 4447 1483 4500 in
1526 4446 1770 4518 linguam
1799 4449 2040 4505 Grzecam

2144 1995 2366 2068 ἐρήμῳ,
2391 1995 2422 2048 6
2449 1993 2582 2057 Θεὸς
2623 1993 2711 2047 διὰ
2734 1991 3010 2056 Μωσέως,
3041 1993 3110 2062 τῇ
3147 1991 3312 2060 ἐξόδῳ
3349 1989 3447 2042 τοῦ
3485 1987 3721 2060 Ἰσραὴλ,

2147 2083 2652 2155 ἐτερατούργησεν,
2703 2082 2895 2147 πνίξας
2953 2080 3083 2145 τοὺς
3135 2079 3470 2151 Αἰγυπτίους
3519 2079 3626 2132 ὑπὸ
3661 2079 3725 2132 τὸ

2149 2177 2315 2246 ὕδωρ,
2347 2177 2440 2229 καὶ
2470 2175 2632 2228 αὑτὸν
2652 2174 2956 2238 διασώσας;

2218 2269 2330 2322 Kal.
2365 2269 2406 2321 0
2450 2267 2669 2320 ΑΙἹΟΣ.
2702 2265 2942 2336 Οὐδεμία
2984 2264 3220 2334 διαφορὰ
3275 2261 3431 2333 ὑμῶν
3477 2262 3571 2315 καὶ
3606 2259 3718 2313 τῶν

2146 2356 2484 2428 Αἰγυπτίων.
2531 2355 2809 2418 Ἐκείνους
2853 2353 2961 2423 γὰρ
3006 2353 3222 2420 ἔπνιξεν
3255 2355 3313 2407 ἐν
3347 2354 3412 2423 τῇ
3455 2350 3720 2421 θαλάσσῃ,

2147 2453 2243 2506 καὶ
2276 2451 2419 2522 ὑμᾶς
2459 2449 2841 2519 κατέστρωσεν
2869 2447 2928 2500 ἐν
2964 2449 3030 2517 τῇ
3052 2447 3275 2517 ἐρήμῳ·
3311 2446 3404 2498 καλ⁸
3429 2445 3477 2497 οί
3505 2441 3724 2497 διαϐάν-

2145 2561 2238 2605 τες
2278 2542 2377 2612 τὴν
2422 2539 2690 2612 Ἐρυθρὰν
2732 2538 3012 2593 θάλασσαν
3064 2538 3140 2601 ὼς
3185 2535 3275 2590 διὰ
3311 2536 3506 2606 ξηρᾶς,
3543 2535 3602 2588 ἐν
3643 2532 3724 2603 τῷ

2145 2631 2328 2701 λιμένι
2377 2630 2776 2698 ἐναυαγήσατε,
2807 2629 2994 2690 κακῶς
3029 2631 3088 2682 ἐν
3127 2628 3322 2699 ἐρήμῳ
3364 2626 3684 2688 τελέσαντες
3707 2639 3723 2655 ⁸

2145 2725 2255 2777 ἀπὸ
2281 2723 2390 2793 γὰρ
2420 2722 2528 2775 τῶν
2576 2721 2873 2785 ἑξακοσίων
2923 2719 3018 2774 καὶ
3057 2720 3320 2773 ἐπέκεινα
3349 2717 3604 2788 χιλιάδων
3632 2715 3727 2769 τοῦ

2144 2813 2300 2879 λαοῦ,
2344 2812 2526 2867 Χαλέϐ
2559 2815 2653 2866 καὶ
2698 2798 2905 2883 Ἰησοῦς
2951 2812 2979 2864 6
3019 2810 3116 2864 τοῦ
3145 2810 3330 2879 Ναυῆ,
3377 2803 3525 2863 οὗτοι
3577 2808 3728 2879 μόνοι

2145 2904 2560 2975 κατηξιώθησαν
2595 2903 3006 2974 κληρονομῆσαι
3053 2902 3153 2972 τὴν
3188 2901 3293 2972 γῆν
3345 2901 3446 2970 τῆς
3487 2902 3728 2968 ἐπαγγει-

2144 2997 2287 3060 λίας.
2324 2995 2430 3048 Ἴδε
2480 2991 2573 3048 οὖν
2617 2995 2735 3058 πῶς
2770 2995 2915 3065 ὑμᾶς
2965 2993 3370 3066 προετιμήσατο
3402 2989 3513 3045 τῶν
3561 2992 3728 3060 Δίγυ-

2144 3089 2316 3142 πτίων
2350 3090 2378 3141 6
2405 3088 2558 3148 Θεός.

2218 3180 2330 3233 Kal.
2355 3179 2398 3234 Ο
2433 3178 2681 3233 ΕΡΒΑΝ.
2720 3178 2832 3232 Kal.
2871 3177 2977 3232 τίνι
3024 3176 3085 3230 τὸ
3131 3176 3305 3246 μάννα
3339 3175 3403 3228 ἐκ
3442 3173 3534 3228 τοῦ
3566 3173 3728 3244 ούρα-

2070 3238 2112 3294 C
2147 3271 2241 3324 νοῦ
2271 3270 2502 3342 ἔϐρεξεν
2527 3272 2584 3325 ὲν
2620 3272 2688 3341 τῇ
2727 3271 2940 3342 ἐρήμῳ,
2972 3268 3051 3340 τῷ
3091 3238 3323 3339 Ἰσραὴλ,
3354 3267 3388 3339 ἢ
3420 3269 3533 3331 τοῖς
3556 3238 3725 3334 Alvu-

2148 3362 2364 3427 πτίοις;

2218 3379 2296 3414 λιοι
2348 3379 2364 3427 ;

2218 3379 2329 3507 Ka:
2377 3455 2419 3507 Ο
2453 3453 2673 3508 ΔΓΙΟΣ.
2709 3453 2782 3506 Σὺ
2825 3453 2979 3506 ποῖον
3008 3451 3110 3506 οῐει
3149 3451 3450 3522 πεφηνέναι
3473 3448 3729 3520 τιμιώτε-

2152 3559 2265 3614 ρον,
2295 3541 2363 3594 τὰ
2402 3540 2638 3612 ἐδώδιμα
2686 3540 2831 3614 ἆπερ
2857 3540 3045 3612 ἧσθιες
3086 3541 3145 3595 ἐν
3179 3543 3246 3612 τῇ
3291 3537 3571 3609 Αἰγύπτῳ,
3599 3537 3634 3608 ἦ
3663 3536 3726 3591 τδ

2149 3634 2326 3704 μάννα
2365 3635 2424 3686 ἐν
2455 3636 2522 3705 τῇ
2553 3633 2770 3705 ἐρήμῳ;

2216 3807 2462 3861 EPBAN.
2491 3808 2564 3862 T6
2596 3807 2769 3878 μάννα
2796 3804 3057 3878 δηλονότι.

2215 3902 2327 3954 Kal
2355 3901 2397 3953 Ο
2429 3900 2648 3954 ΑΓῙΟΣ.
2687 3899 2797 3954 Kal
2826 3899 2945 3962 πῶς
2977 3897 3286 3969 ἐστράφητε
3325 3899 3384 3950 ἐν
3421 3897 3485 3969 τῇ
3531 3898 3726 3969 ἐρήμῳ

2145 3991 2210 4065 τῇ
2241 3994 2453 4066 διανοίᾳ
2483 3993 2637 4064 ὑμῶν
2656 3995 2734 4058 εἰς
2757 3993 2828 4046 τὰ
2856 3993 3050 4058 ὀπίσω,
3083 3993 3522 4064 ἐπιθυμήσαντες
3551 4009 3726 4062 κρομ-

2149 4085 2300 4155 μύων
2346 4088 2441 4140 καὶ
2493 4085 2788 4156 σκορόδων,
2817 4085 2927 4139 τῶν
2971 4087 3030 4140 ἐν
3072 4087 3187 4149 τοῖς
3231 4083 3423 4155 λέϐησι
3471 4100 3529 4137 τε
3561 4083 3723 4137 ὑείων

2147 4177 2349 4247 κρεῶν,
2375 4177 2469 4229 καὶ
2509 4176 2691 4248 πάσης
2722 4177 2823 4248 τῆς
2845 4175 3160 4246 Αἰγυπτίων
3185 4176 3414 4248 τροφῆς,
3450 4176 3720 4247 μισήσαν-

2145 4283 2239 4328 τες
2261 4265 2321 4318 τὸ
2355 4266 2530 4335 μάννα
2547 4281 2561 4330 ;

2217 4358 2465 4412 ΕΡΒΔΝ.
2503 4357 2704 4421 Κακῶς
2743 4357 3122 4428 κατέστρεψαν
3178 4358 3228 4412 οί
3285 4358 3523 4430 πατέρες
3563 4360 3720 4430 ἡμῶν

2125 4450 2332 4504 ’ἐκοντὶ
2385 4449 2484 4514 τὰς
2538 4449 2756 4520 βίϐλους
2811 4451 2906 4505 τοῦ
2959 4450 3177 4524 Ἰσραὴλ
3222 4453 3302 4516 είς
3359 4453 3460 4523 τὴν
3494 4453 3720 4509 Ἐλλάδα

473 4548 911 4595 converterunt:
945 4543 1005 4590 ut
1038 4535 1124 4590 his
1174 4551 1273 4591 vos
1321 4537 1564 4593 studiose
1611 4549 1667 4594 et
1710 4541 1911 4596 obnixe
1953 4542 2040 4596 in—

2146 4541 2424 4610 γλῶσσαν,
2459 4542 2546 4594 ἵνα
2593 4542 2824 4605 ταύταις
2868 4541 3376 4614 ἐμφιλοχωροῢντες
3408 4545 3565 4617 ὑμεῖς
3599 4548 3719 4600 ἐπι-

393 4633 398 4636 ’
442 4633 750 4692 'sistentes,
792 4627 955 4683 nobis
988 4627 1246 4682 omnibus
1276 4641 1338 4681 os
1378 4629 1758 4685 obstrueretis.

542 4722 598 4778 S.
637 4719 844 4776 ARCH.
880 4718 1018 4774 Cum
1055 4719 1285 4773 vidisset
1313 4719 1479 4784 Deus,
1531 4720 1674 4789 quod
1712 4737 1819 4775 non
1863 4722 1916 4776 in
1955 4723 2042 4778 his

473 4811 867 4885 probaremini,
892 4809 1082 4864 multis
1107 4809 1285 4864 modis
1314 4824 1409 4864 eos
1435 4795 1596 4864 nobis
1629 4819 1887 4880 tanquam
1924 4812 2042 4867 the-

473 4919 667 4959 sauros
693 4901 1011 4958 reconditos
1041 4899 1362 4956 asservavit.

447 4991 452 4995 ’
543 4993 747 5048 HERB.
790 4992 848 5049 Si
887 4993 1130 5062 quidem,
1160 5000 1220 5046 ut
1271 4991 1374 5056 ais,
1413 5006 1525 5046 non
1565 4992 1784 5063 probati
1825 5009 2039 5060 sumus,

477 5082 622 5138 unde
661 5083 1009 5137 deducuntur
1040 5081 1360 5152 prophetae?

544 5193 601 5250 8.
643 5192 850 5248 ARCH.
890 5193 1180 5263 Propheta:
1216 5209 1246 5247 a
1277 5193 1532 5260 Domino,
1569 5197 1722 5252 velut
1750 5197 1950 5268 angeli,
1985 5197 2040 5253 id

439 5282 445 5289 ’
476 5295 581 5350 est,
609 5283 934 5342 internuntii
959 5283 1201 5354 quidam,
1226 5283 1293 5337 ad
1314 5299 1415 5338 nos
1439 5284 1589 5341 missi
1617 5285 1860 5350 fuerunt,
1885 5288 2046 5344 nobis

441 5385 530 5465 ⁵οι
558 5376 896 5431 voluntatem
927 5386 984 5431 et
1011 5374 1301 5430 consilium
1345 5380 1698 5450 prapotentis
1733 5380 1830 5436 Dei
1857 5373 2042 5436 decla-

472 5475 678 5531 rantes,
711 5465 971 5535 quoniam
1011 5480 1079 5519 ex
1125 5463 1280 5519 vobis
1322 5479 1432 5520 non
1463 5466 1706 5523 luerunt.

539 5552 744 5611 HEBB.
788 5555 968 5611 Moses
995 5565 1052 5611 et
1084 5555 1288 5619 Aaron,
1323 5564 1378 5612 et
1401 5551 1560 5615 Jesus
1589 5559 1759 5628 Nave,
1792 5571 1848 5618 et
1874 5559 2037 5619 Sam-

2147 4634 2439 4703 στομίξητε
2469 4633 2678 4696 πάντας
2705 4635 2737 4704 ή
2745 4635 2872 4704 μᾶς.

2217 4725 2328 4778 Kal.
2370 4729 2411 4777 0
2447 4724 2665 4778 ΑΓΙΟΣ.
2704 4724 2998 4793 Ἐωρακὼς
3024 4725 3051 4778 6
3085 4725 3218 4788 Θεὸς
3252 4726 3334 4779 ὅτι
3383 4729 3483 4780 οὑκ
3516 4728 3720 4782 εὐδοκι-

2148 4819 2302 4888 μεῖτε
2335 4817 2393 4869 ἐν
2423 4816 2638 4880 αὑταῖς,
2671 4815 3029 4887 πολυτρόπως
3073 4817 3206 4888 ⁴ἡμῖν
3236 4817 3440 4881 ταύτας
3463 4819 3718 4890 ἐταμιεύ-

2148 4922 2298 4961 σατο.

2218 4997 2330 5070 Kal
2361 5000 2402 5051 Ο
2431 4997 2678 5051 EPBAN.
2712 4997 2884 5070 Εῐπερ
2922 5001 3024 5054 οὑκ
3052 4999 3520 5073 εὐδοκιμήσαμεν,
3551 5003 3626 5068 ὡς
3653 5004 3716 5058 σὺ

2147 5087 2278 5158 φὴς,
2307 5087 2472 5141 πόθεν
2498 5089 2828 5158 κατάγονται
2859 5093 2907 5144 οί
2938 5092 3209 5161 προφῆται
3236 5110 3252 5160 ;

2216 5199 2327 5253 Kal.
2362 5200 2403 5251 Ο
2459 5200 2676 5256 ΔΓΙΟΣ.
2723 5203 2788 5255 Οἱ
2845 5202 3121 5273 προφῆται
3182 5205 3333 5276 παρὰ
3380 5206 3607 5277 Κυρίου,
3644 5207 3720 5270 ὡς

2144 5289 2365 5358 ἄγγελοί
2402 5306 2549 5354 τινες
2583 5291 2721 5361 πρὸς
2765 5295 2915 5365 ἡμᾶς
2963 5295 3370 5365 ἀπεστάλησαν,
3399 5297 3721 5368 σαφηνίζον-

2143 5399 2235 5445 τες
2264 5383 2399 5451 ἡμῖν
2426 5381 2520 5435 τοῦ
2558 5386 3003 5456 παντοκράτορος
3035 5388 3098 5441 τὸ
3129 5387 3344 5461 θέλημά
3365 5402 3426 5444 τε
3466 5391 3563 5443 καὶ
3585 5389 3720 5460 βού-

2141 5475 2315 5544 λημα,
2347 5474 2473 5526 ἐπεὶ
2505 5475 2563 5542 ἐξ
2593 5476 2747 5547 ὑμῶν
2775 5479 2876 5532 οὐκ
2900 5480 3294 5551 ἐχρημάτισαν.

2214 5562 2461 5619 EPBAN.
2515 5567 2723 5638 Μωσῆς
2774 5570 2870 5624 καὶ
2923 5569 3156 5644 Ἀαρὼν,
3204 5573 3300 5627 καὶ
3340 5571 3570 5645 Ἰησοῦς,
3623 5569 3718 5626 καὶ

1974 5717 2208 5776 ΝΟΤᾸΞ.

533 5820 812 5894 ’(Ξ)Τινες.
844 5824 1004 5881 Forte
1036 5825 1197 5891 τινος.
1235 5827 1305 5880 In.
