4094 6528
340 520 446 585 625

1314 522 1767 584 DISPUTATIO
1799 522 1959 583 CUM
1992 523 2355 588 HERBANO
2393 530 2679 594 JUDIEO.

3489 540 3593 602 626

337 634 599 708 Σαμψὼν,
625 634 719 691 καὶ
738 634 1012 706 Σαμουὴλ,
1047 633 1142 688 καὶ
1165 632 1457 701 Aut/£6,200.
1471 634 1520 686 οἱ
1544 635 1660 704 μετ’
1688 632 1906 699 αὐτοὺς,

2022 650 2111 690 son
2144 646 2200 691 et
2230 637 2471 705 Samuel,
2503 650 2559 696 et
2587 642 2779 706 David,
2825 650 2881 698 et
2911 642 3006 714 qui
3035 652 3162 713 post
3198 643 3356 715 ipsos
3406 662 3591 705 nonne

338 725 449 803 ἆρα
480 728 581 782 οὐκ
607 728 717 782 εἰσὶ
750 727 977 797 σπέρμα
1016 726 1305 797 Ἀϐραάμς

410 820 521 873 Καὶ
557 819 599 873 Ο
626 819 845 871 ΑΓΙΟΣ.
883 816 1031 886 Φημὶ
1062 816 1239 884 κάγὼ,
1273 815 1495 885 σπέρμα
1524 814 1622 869 τοῦ
1660 815 1916 886 Ἀϐραὰμ

336 908 553 978 ἀληθῶς
600 909 728 962 εισι.
773 909 884 962 Καὶ
926 907 1034 978 γάρ
1068 909 1225 961 αὐτοὶ
1266 909 1335 961 τά
1363 908 1501 979 ἔργα
1531 907 1627 961 τοῦ
1665 907 1918 981 Ἀϐραάμ

337 1000 702 1065 ἐπεδείξαντο,
739 1000 836 1054 καὶ
870 1000 1096 1063 δικαίως
1144 1000 1252 1053 υἱοὶ
1301 1000 1469 1053 αὐτοῦ
1513 1000 1913 1071 ὀνομάζονται·

339 1094 500 1163 ὑμεῖς
546 1092 605 1145 δὲ
652 1092 841 1162 πόρρω
892 1091 1126 1161 ἀπέχετε
1178 1089 1289 1143 τῶν
1340 1091 1775 1162 δικαιοπραγιῶν
1820 1089 1915 1144 τοῦ

351 1186 618 1256 Ἀδραάμη
662 1184 943 1239 Ἐντεῦθεν
967 1180 1061 1237 οὖν
1082 1185 1425 1239 κατέπαυσεν
1444 1187 1473 1238 6
1500 1185 1633 1248 Θεὸς
1649 1184 1719 1237 τά
1739 1185 1769 1236 ι’)
1778 1184 1916 1255 μῶν,

337 1278 434 1329 καὶ
466 1277 616 1346 ἡμᾶς
644 1274 972 1343 ἐξανέστησε
1014 1273 1107 1328 τοῦ
1136 1270 1274 1327 εἶναι
1308 1276 1478 1328 τέκνα
1501 1275 1593 1329 τοῦ
1640 1274 1914 1344 Ἁϐραάμ.

339 1367 568 1438 Είρήκει
620 1366 730 1437 γάρ
784 1366 924 1436 πρὸς
974 1365 1136 1418 αὑτὸν
1165 1367 1194 1418 6
1219 1364 1391 1429 Θεός·
1426 1366 1535 1419 Καὶ
1589 1363 1919 1433 εὐλογηθή-

336 1472 551 1512 σονται
581 1457 650 1511 ἐν
675 1457 773 1511 σοὶ
808 1454 995 1511 πᾶσαι
1022 1459 1081 1510 αἱ
1110 1456 1297 1525 φυλαὶ
1330 1455 1441 1524 τῆς
1469 1456 1604 1525 γῆς.
1652 1456 1784 1511 Ἰδοὺ
1824 1452 1919 1511 οὖν

336 1547 627 1617 λελάληκε,
665 1547 761 1601 καὶ
792 1548 1033 1615 ἐγένετο.
1071 1546 1207 1600 Ἀπὸ
1244 1545 1354 1617 γὰρ
1401 1545 1511 1599 τῶν
1542 1546 1793 1616 περάτων
1818 1545 1918 1616 τῆς

338 1640 669 1709 οἰκουμένης
703 1638 1096 1700 πιστεύσαντες
1133 1637 1275 1701 λαοὶ,
1311 1637 1474 1705 φυλαὶ
1516 1639 1611 1690 καὶ
1650 1636 1915 1705 γλῶσσαι,

339 1731 421 1792 είς
458 1729 704 1799 Πατέρα,
735 1730 829 1782 καὶ
854 1729 1001 1793 Υίὸν,
1043 1728 1137 1783 καὶ
1168 1726 1392 1795 Πνεῦμα
1425 1728 1601 1795 ἅγιον,
1632 1726 1918 1794 εὐλογοῦν-

338 1840 430 1876 ται
465 1823 615 1889 παρά
645 1820 742 1875 τοῦ
778 1821 1248 1890 Παντοκράτορος,
1288 1820 1376 1872 διὰ
1414 1820 1514 1889 τὴν
1536 1819 1707 1890 καλὴν
1736 1821 1918 1873 πίστιν

2018 738 2147 784 sunt
2176 746 2363 786 semen
2396 734 2668 790 Abrahae?

2087 822 2144 876 S.
2185 822 2390 878 ARCIl.
2433 824 2547 893 Ego
2597 825 2853 894 equidem
2898 825 3046 891 dico,
3096 827 3243 896 quod
3284 842 3415 883 vere
3462 840 3593 886 sunt

2016 925 2207 966 semen
2239 912 2491 968 Abrahae.
2535 914 2752 968 Etenim
2788 915 2890 985 ipsi
2932 931 3099 985 opera
3138 916 3371 972 Abrahae
3400 928 3590 973 osten-

2016 1000 2221 1055 derunt
2267 1018 2280 1054 :
2322 1010 2378 1056 et
2426 1002 2628 1057 merito
2676 1000 2770 1057 ﬁlii
2818 1003 2993 1072 ipsius
3044 1004 3426 1059 nominantur.
3476 1007 3580 1063 νοτ

2016 1099 2201 1145 autem
2237 1091 2399 1162 longe
2426 1091 2633 1147 abestis
2674 1108 2703 1147 a
2725 1093 2889 1163 justis
2930 1093 3106 1163 ipsius
3143 1094 3381 1149 Abrahze
3410 1098 3588 1151 actio-

2016 1178 2199 1234 nibus.
2248 1179 2380 1234 Eam
2421 1180 2492 1235 ob
2530 1195 2752 1235 causam
2789 1196 2912 1251 quae
2963 1192 3148 1237 vestra
3181 1193 3330 1247 sunt,
3374 1200 3593 1241 cessare

2015 1268 2147 1324 fecit
2190 1270 2353 1333 Deus,
2393 1279 2449 1326 et
2497 1287 2599 1327 nos
2652 1272 3026 1338 exsuscitavit,
3075 1280 3135 1327 ut
3193 1290 3444 1336 essemus
3495 1276 3590 1331 ﬁlii

2015 1358 2251 1414 Abrahze
2278 1377 2292 1413 :
2326 1361 2454 1415 huic
2478 1361 2625 1415 enim
2652 1361 2865 1416 dixerat
2894 1363 3039 1417 Deus
3072 1381 3085 1416 :
3127 1364 3191 1417 Et
3221 1365 3590 1421 benedicentur

2015 1452 2072 1505 in
2103 1460 2152 1505 te
2185 1468 2363 1506 omnes
2396 1454 2561 1507 tribus
2592 1463 2746 1507 teme
2779 1455 2818 1509 ¹.
2852 1454 2994 1509 Ecce
3036 1456 3205 1525 igitur
3234 1458 3453 1513 locutus
3480 1469 3587 1522 est,

2014 1551 2073 1598 et
2116 1542 2318 1599 factum
2361 1552 2465 1599 est.
2500 1544 2635 1601 Nam
2668 1561 2699 1599 a
2747 1544 2951 1601 ﬁnibus
2991 1547 3146 1602 orbis
3181 1556 3450 1603 terrarum
3493 1552 3589 1621 qui

2013 1635 2201 1704 pepuli
2228 1643 2283 1690 et
2317 1636 2497 1691 tribus
2520 1643 2576 1690 et
2609 1637 2810 1707 linguae
2840 1637 2895 1693 in
2920 1638 3159 1703 Patrem,
3195 1648 3249 1694 et
3282 1641 3505 1707 Filium,
3531 1650 3588 1697 et

2016 1724 2284 1794 Spiritum
2305 1734 2553 1780 sanctum
2576 1727 2956 1792 crediderunt,
2980 1730 3047 1783 ab
3066 1728 3456 1801 Omnipotente
3486 1733 3588 1789 bc-

2015 1817 2349 1877 nedicuntur
2385 1826 2611 1887 propter
2640 1820 2914 1889 egregiam
2943 1820 3105 1876 ﬁdem
3152 1822 3419 1891 ipsorum,
3463 1839 3589 1879 cum

341 1914 543 1978 αὐτῶν,
586 1912 685 1967 σὺν
722 1913 800 1984 τῷ
837 1911 1012 1983 πιστῷ
1061 1911 1229 1965 αὑτοῦ
1274 1912 1368 1965 καὶ
1416 1912 1585 1982 τιμίῳ
1622 1910 1916 1982 θεράποντι

2022 1906 2165 1963 ﬁdeli
2210 1908 2380 1977 ipsius
2411 1918 2467 1962 ct
2500 1909 2811 1965 honorabili
2850 1911 3060 1967 famulo
3086 1911 3424 1969 Abrahamo.

354 2007 623 2078 Ἁϐραάμ.

410 2096 655 2151 EPBAN.
693 2094 862 2148 Πόθεν
887 2089 981 2147 οὖν
1015 2093 1333 2162 ὲξελάὸεσθε
1364 2095 1602 2166 Πατέρα,
1638 2095 1733 2149 καὶ
1767 2096 1915 2161 Υίὸν,

344 2192 440 2244 καὶ.
495 2187 721 2257 Πνεῦμα
776 2186 1077 2251 πιστεύειν,
1109 2187 1206 2241 καὶ
1248 2187 1534 2258 είσφέρετε
1564 2189 1642 2251 είς
1671 2187 1732 2241 τὸ
1755 2188 1920 2259 μέσον

339 2284 490 2353 τρεῖς
523 2281 679 2344 θεοὺς
706 2280 1032 2343 ἀλλοκότους
1050 2297 1065 2346 ;

412 2376 524 2428 Καὶ
553 2376 594 2428 0
621 2374 839 2427 ΑΓῙΟΣ.
882 2372 968 2437 Ὠς
996 2372 1283 2443 βλέποντες
1312 2375 1425 2435 τοῖς
1447 2373 1688 2437 διανοίας
1716 2374 1921 2443 ὀφθαλ-

345 2468 485 2538 μοῖς,
524 2464 668 2520 οὕτω
713 2464 1045 2535 φρονοῦμεν·
1074 2464 1167 2517 τὸν
1197 2465 1329 2517 Θεὸν
1352 2465 1449 2518 ἕνα
1489 2468 1547 2518 ὲν
1579 2469 1727 2537 τρισὶ
1755 2484 1918 2536 προσ-

340 2557 532 2621 ώποις,
610 2557 705 2609 καὶ
755 2556 934 2626 τρισὶν
986 2555 1338 2609 ὑποστάσεσι.
1398 2556 1559 2622 Τρεῖς
1604 2557 1659 2610 δὲ
1710 2557 1921 2621 θεοὺςό

343 2650 636 2718 είσφέρων,
678 2648 1098 2717 ὲπικατάρατος.
1130 2647 1233 2700 Τὸν
1266 2647 1377 2716 γάρ
1423 2648 1547 2701 νοῦν
1577 2648 1671 2701 τοῦ
1718 2650 1922 2703 Παντο-

343 2742 634 2811 κράτορος,
666 2740 743 2802 ὡς
789 2741 963 2793 αἴτιον
993 2740 1230 2802 πάντων,
1280 2738 1499 2807 Πατέρα
1543 2741 1882 2811 ὀνομάζομεν
1906 2755 1923 2771 ⁸

342 2835 437 2886 τὸν
462 2833 519 2886 δὲ
541 2833 737 2901 Λόγον,
767 2830 843 2894 ὡς
871 2831 980 2884 ἀπὸ
1002 2830 1097 2885 τοῦ
1135 2829 1229 2885 νοῦ
1253 2832 1567 2902 γενόμενον,
1593 2832 1721 2886 Υίὸν
1755 2833 1920 2898 ἀξίως

343 2922 842 2995 προσαγορεύομεν
855 2922 918 2976 τὸ
935 2922 993 2976 δὲ
1017 2920 1239 2991 Πνεῦμα
1254 2922 1314 2974 τὸ
1337 2920 1492 2989 ἆγιον
1516 2921 1591 2985 ὡς
1607 2923 1671 2975 ὲκ
1689 2921 1782 2976 τοῦ
1824 2923 1919 2976 νοῦ

345 3015 797 3085 ἔκπορευόμενον.
825 3016 886 3067 έν
916 3014 973 3068 δὲ
1019 3013 1100 3085 τῷ
1144 3014 1305 3083 Λόγῳ
1359 3014 1793 3084 ἀναπαυόμενον,
1830 3016 1921 3070 καὶ¹

346 3106 492 3178 ζωὴν
516 3110 630 3170 τοῖς
663 3109 799 3160 πᾶσι
831 3106 1230 3177 παρεχόμενον,
1263 3104 1490 3176 Πνεῦμα
1517 3105 1877 3177 ὀνομάζομεν.

418 3194 660 3247 ΕΡΒΔΝ.
691 3196 782 3266 Τῷ
821 3196 1027 3266 Μωῦσῇ
1065 3195 1159 3248 καὶ
1192 3196 1307 3257 τοῖς
1336 3195 1645 3265 προφήταις
1681 3196 1798 3259 πῶς
1822 3197 1920 3250 οὐκ

2091 2086 2293 2142 HERB.
2334 2086 2487 2141 Unde
2516 2087 2683 2158 igitur
2712 2088 2950 2152 Patrem,
2980 2096 3037 2144 et
3065 2089 3286 2154 Filium,
3318 2099 3376 2145 et
3409 2090 3590 2161 Spiri—

2018 2187 2135 2234 tum
2166 2187 2415 2233 sanctum
2444 2179 2672 2234 credere
2702 2181 3015 2250 accepistis,
3052 2189 3216 2251 atque
3260 2182 3314 2235 in
3348 2185 3590 2239 medium

2020 2280 2133 2326 tres
2164 2280 2506 2326 monstrosos
2551 2286 2616 2325 ac
2652 2280 3002 2341 portentosos
3031 2272 3163 2326 deos
3206 2272 3511 2327 inducitis?

2092 2359 2147 2414 S.
2186 2360 2391 2415 ARCH.
2419 2361 2703 2431 Tanquam
2738 2362 2941 2416 mentis
2973 2362 3151 2416 oculis
3185 2362 3487 2430 intuentes,
3515 2365 3595 2419 sic

2018 2451 2284 2506 sentimus
2318 2470 2329 2504 :
2369 2468 2539 2506 unum
2582 2454 2636 2507 in
2681 2455 2859 2508 tribus
2888 2455 3277 2526 hypostasibus
3314 2457 3429 2511 sive
3466 2472 3591 2526 per—

2020 2542 2169 2597 sonis
2208 2542 2511 2597 credentes.
2564 2544 2700 2598 Tres
2730 2554 2911 2599 autem
2962 2546 3095 2600 deos
3139 2546 3234 2616 qui
3289 2547 3499 2601 invehit
3540 2557 3595 2602 et

2025 2632 2262 2702 profert,
2292 2636 2680 2689 exsecrandus.
2716 2636 2853 2693 Nam
2894 2647 3132 2693 mentem
3163 2636 3591 2707 Omnipotentis,

2022 2734 2081 2778 ut
2114 2725 2359 2779 omnium
2407 2742 2650 2792 causam,
2686 2728 2902 2783 Patrem
2934 2731 3322 2785 nominamus:
3352 2732 3593 2787 Verbum

2019 2823 2228 2879 autem,
2279 2824 2341 2870 ut
2371 2833 2403 2872 a
2435 2827 2620 2873 mente
2654 2821 2923 2890 genitum,
2958 2822 3131 2877 ﬁlium
3164 2823 3327 2893 digne
3356 2825 3595 2894 appella-

2018 2921 2143 2960 mus
2179 2924 2191 2959 :
2226 2914 2282 2961 at
2311 2921 2444 2961 vero
2474 2906 2741 2977 Spiritum
2772 2921 3025 2967 sanctum
3072 2921 3133 2967 ut
3168 2929 3200 2966 a
3248 2923 3431 2968 mente
3463 2929 3593 2983 pro-

2020 2999 2328 3063 cedentem,
2376 3008 2433 3054 et
2473 3000 2528 3055 in
2581 3001 2763 3056 Verbo
2803 3003 3268 3072 requiescentem,
3311 3004 3594 3074 vitamque

2018 3090 2279 3145 omnibus
2306 3090 2652 3161 largientoin,
2695 3092 2963 3163 Spiritum
3000 3094 3258 3149 dicimus.

2090 3180 2294 3235 HERB.
2350 3181 2483 3236 Mosi
2524 3190 2581 3238 et
2630 3184 2921 3253 prophetis
2961 3183 3241 3253 quomodo
3291 3185 3438 3239 Deus
3484 3202 3592 3239 non

345 3283 556 3350 ἐξέθετο
580 3288 609 3339 6
636 3286 770 3350 Θεὸς
800 3285 1079 3341 πιστεύειν
1109 3288 1189 3351 είς
1219 3286 1460 3356 Πατέρα,
1509 3287 1601 3339 καὶ
1643 3287 1792 3353 Υἱὸν,
1823 3290 1918 3342 καὶ

2022 3271 2276 3340 pmcepit
2308 3271 2360 3325 in
2381 3273 2620 3339 Patrem,
2648 3282 2704 3326 et
2726 3274 2945 3337 Filium,
2968 3281 3023 3328 et
3045 3274 3313 3343 Spiritum
3345 3282 3593 3329 sanctum

347 3376 508 3445 ἅγιον
559 3376 802 3449 Πνεῦμα,
861 3378 976 3432 ἀλλ’
1010 3378 1042 3448 ή
1081 3379 1263 3449 μόνοις
1316 3379 1444 3448 ὑμῖν
1504 3380 1699 3432 νεωστὶ
1757 3379 1921 3433 τοῦτο

2022 3362 2269 3426 credere,
2302 3361 2398 3417 sed
2436 3362 2597 3417 vobis
2634 3362 2768 3417 solis
2807 3362 2902 3433 qui
2936 3379 3111 3433 nuper
3149 3364 3255 3419 hoc
3298 3366 3594 3419 commenti

347 3468 723 3540 ἐξευρηκόσιν,
757 3470 833 3533 ὡς
859 3470 1017 3540 ὑμεῖς
1046 3487 1217 3539 φατες

2022 3454 2177 3520 estis,
2224 3463 2285 3508 ut
2328 3469 2427 3509 vos
2473 3455 2840 3510 asseveratis?

419 3563 464 3614 0
493 3561 706 3616 ΑΓΙΟΣ.
734 3560 825 3633 Τῷ
868 3562 1119 3633 Ἀϐραάμ
1166 3563 1264 3631 μὲν
1314 3562 1374 3615 έν
1404 3562 1560 3632 τύπῳ
1588 3562 1865 3625 ὑπέδειξεν
1894 3564 1922 3616 6

2094 3545 2151 3601 S.
2193 3544 2399 3600 ARCH.
2459 3545 2770 3600 Abrahamo
2828 3546 3051 3617 quidem
3104 3548 3159 3601 in
3224 3546 3397 3616 ﬁgura
3450 3547 3597 3601 Deus

349 3654 502 3720 Θεὸς,
528 3654 609 3708 ὅτι
654 3654 769 3708 υἱὸν
808 3654 945 3725 ἔχει,
979 3654 1075 3709 καὶ
1103 3655 1185 3708 ὅτι
1220 3654 1405 3723 μέλλει
1451 3653 1737 3724 ἄνθρωπος
1769 3654 1922 3721 γένε-

2023 3634 2285 3697 ostendit,
2340 3635 2487 3704 quod
2535 3635 2707 3689 ﬁlium
2737 3636 2925 3700 habet,
2954 3644 3009 3690 et
3037 3636 3184 3706 quod
3217 3636 3381 3690 homo
3412 3636 3592 3690 nasci-

352 3746 500 3809 σθαι,
536 3748 631 3800 καὶ
663 3748 747 3800 ὅτι
795 3746 981 3817 μέλλει
1023 3745 1448 3814 σφαγιάζεσθαι.
1487 3745 1581 3798 καὶ
1627 3746 1710 3798 ὃτι
1740 3744 1922 3815 μέλλει

2026 3736 2184 3781 turus
2213 3735 2381 3790 esset,
2431 3726 2818 3792 immolandus,
2850 3727 3174 3790 moriturus,
3211 3736 3266 3780 et
3312 3742 3424 3781 non
3477 3742 3595 3781 mo-

348 3835 740 3907 ἀποθνήσκειν,
768 3837 863 3890 καὶ
892 3837 993 3890 ούκ
1018 3836 1406 3905 ἀποθνήσκειν.
1438 3835 1542 3888 Τὸν
1568 3836 1677 3906 γάρ
1718 3834 1922 3897 Ἰσαάκ,

2026 3820 2255 3873 riturus.
2283 3817 2630 3872 Abrahamus
2652 3818 2798 3873 enim
2827 3818 3072 3873 lsaacum
3105 3818 3277 3871 lilium
3313 3818 3596 3871 immolare

350 3927 421 3979 δι’
448 3928 671 3997 ἀγάπην
724 3926 862 3981 Θεοῦ
906 3927 1270 3998 προσταχθεὶς
1320 3926 1619 3995 σφαγιάσαι
1653 3926 1922 3995 Ἀϐραάμ,

2022 3912 2227 3979 jussus,
2271 3926 2369 3979 pro
2407 3925 2471 3964 ea
2515 3925 2677 3979 quam
2709 3925 2838 3980 erga
2866 3910 3038 3964 Deum
3084 3909 3278 3963 habuit
3306 3910 3594 3973 charitate,

350 4022 418 4090 τῇ
460 4020 777 4091 προαιρέσει
806 4019 1060 4089 ἔσφαξεν,
1091 4021 1184 4073 καὶ
1207 4020 1308 4073 οὐκ
1330 4019 1584 4088 ἔσφαξεν,
1620 4020 1924 4084 ἐτελείωσε,
2023 3999 2321 4091 Ῡοιψηδξθί
2341 4008 2398 4091 εἴ
2429 3999 2662 4054 (ῖοηείῙίο
2690 4010 2851 4068 εει)ιο
2888 4000 3180 4070 ,ἱυέυιθνίῑν
3207 4007 3262 4055 ει
3289 4014 3401 4053 ηοη
3439 4001 3599 4071 ἱυευ-

353 4112 445 4165 καὶ
468 4112 568 4166 οὐκ
590 4110 892 4167 ἐτελείωσε.
931 4112 1117 4166 Ζῶντα
1146 4112 1254 4180 γάρ
1296 4111 1458 4163 αὑτὸν
1488 4112 1551 4163 ὲκ
1581 4110 1690 4164 τῶν
1716 4112 1927 4182 ἀπροσ-

352 4204 595 4274 δοκήτων
624 4204 984 4276 ὑπέστρεψεν.
1010 4202 1167 4257 Οὕτω
1200 4204 1294 4257 καὶ
1322 4203 1526 4274 Κύριος
1548 4206 1576 4257 ό
1602 4204 1732 4268 Θεὸς
1761 4205 1925 4273 ἐσφα-

357 4295 411 4361 ξε
443 4297 535 4349 τὸν
564 4296 694 4351 Υῐὸν
728 4296 893 4351 αὑτοῦ
944 4297 1088 4366 ὑπὲρ
1117 4296 1218 4365 τῆς
1255 4296 1531 4365 σωτηρίας
1554 4294 1652 4348 τοῦ
1684 4297 1923 4367 κόσμου’

355 4388 493 4442 ἀλλά
511 4406 575 4457 γε
618 4392 685 4459 τῇ
711 4388 869 4460 τρίτῃ
909 4386 1091 4457 ήμέρᾳ
1135 4386 1376 4447 ἀναστὰς
1427 4387 1530 4439 κᾶν
1562 4388 1797 4457 ἐσφάγη,
1829 4389 1929 4441 οὐκ

356 4481 569 4550 ὲσφάγη
590 4497 602 4508 ·
643 4479 746 4533 κᾶν
774 4478 1068 4541 ἀπέθανεν,
1095 4478 1195 4530 οὐκ
1229 4475 1504 4530 ἀπέθανεν
1527 4492 1540 4507 ο
1570 4477 1792 4543 ἐνίκησε
1816 4478 1927 4549 γάρ

355 4574 456 4644 τὴν
484 4572 717 4643 σφαγὴν,
750 4572 845 4625 καὶ
892 4571 1132 4640 ἡττήσας
1162 4568 1243 4636 τῷ
1283 4569 1501 4638 θανάτῳ
1529 4569 1620 4622 τὸν
1671 4570 1920 4636 θάνατον,

2022 4089 2176 4153 lavit,
2236 4089 2394 4160 σοι
2451 4091 2851 4145 consummavit
2898 4100 2955 4145 et
3016 4106 3125 4144 non
3173 4092 3596 4145 consummavit.

2027 4183 2221 4239 Vivum
2256 4183 2403 4237 enim
2436 4183 2614 4253 ipsum
2643 4199 2711 4238 ex
2751 4183 3047 4254 inopinatis
3076 4190 3133 4237 et
3177 4182 3474 4253 insperatis
3503 4182 3601 4237 do-

2023 4290 2174 4329 mum
2206 4273 2447 4331 reduxit.
2472 4273 2562 4329 Sic
2582 4274 2847 4327 Dominus
2872 4274 3034 4335 Deus,
3059 4289 3159 4344 pro
3184 4274 3377 4328 mundi
3400 4274 3597 4337 salute,

2023 4366 2223 4420 Filium
2253 4380 2413 4419 suum
2443 4364 2712 4435 jugulavit
2756 4382 2768 4416 :
2800 4364 2896 4417 sed
2932 4364 3023 4419 hic
3073 4363 3236 4418 tertia
3288 4364 3379 4418 die
3412 4380 3599 4419 resur-

2025 4474 2179 4528 gens,
2214 4456 2431 4512 tametsi
2457 4456 2741 4526 jugulatus
2766 4455 2891 4517 fuit,
2932 4471 3039 4509 non
3081 4463 3267 4509 tamen
3313 4456 3596 4525 iugulatus

2026 4550 2157 4617 fuit;
2206 4550 2311 4605 etsi
2354 4558 2627 4613 mortuus,
2664 4563 2773 4602 non
2813 4555 2996 4602 tamen
3037 4554 3122 4603 est
3149 4556 3437 4614 mortuus;
3470 4548 3603 4601 vicit

355 4640 433 4728 ὡς
462 4640 846 4733 essedum);
889 4659 983 4713 καὶ
1016 4658 1222 4721 τέλειος
1256 4658 1566 4727 ἄνθρωπος,
1611 4658 1811 4725 ἔδειξεν
1864 4660 1922 4713 ιν

2028 4644 2175 4698 enim
2202 4640 2645 4713 jugulationem:
2700 4650 2756 4694 et
2811 4649 2988 4694 morte
3036 4647 3271 4694 mortem
3310 4653 3599 4707 superans,

355 4754 605 4825 ἀληθείᾳ,
627 4754 709 4808 ὅτι
736 4753 864 4816 Υἱὸς
886 4747 956 4824 ἢν
978 4750 1136 4805 Θεοῦ.
1169 4752 1279 4805 Καὶ
1310 4752 1339 4804 ό
1368 4751 1575 4821 Μωσῆς
1599 4750 1656 4804 δὲ
1678 4751 1835 4818 λέγει
1862 4752 1921 4804 ἐν

354 4850 423 4917 τῇ
460 4844 803 4916 Κοσμοποιίᾳ
848 4842 1132 4913 ἐμφαίνων
1181 4842 1273 4897 τὸν
1308 4842 1434 4894 Υίὸν
1479 4840 1575 4895 τοῦ
1633 4841 1790 4895 Θεοῦ’
1820 4841 1928 4897 Καὶ

355 4936 506 5005 εἷπε,
557 4938 711 5008 φησὶ,
756 4937 969 5005 Κύριος
1009 4938 1043 4989 ὁ
1085 4935 1251 5000 Θεός.
1282 4931 1484 5003 Κύριος
1507 4935 1537 4985 ό
1566 4934 1715 4997 Υίὸς,
1740 4933 1871 4995 Θεὸς
1902 4938 1931 4988 6

359 5031 567 5102 Πατὴρ,
623 5032 720 5083 καὶ
788 5030 929 5099 ὅπερ
980 5027 1267 5096 λελάληκε,
1301 5026 1361 5078 τὸ
1408 5024 1637 5095 Πνεῦμα
1684 5026 1745 5079 τὸ
1774 5026 1930 5094 ἀγιόν

358 5127 538 5178 εστιν·
570 5125 598 5176 6
629 5122 737 5193 γὰρ
774 5121 931 5191 λόγος
959 5122 1088 5176 ἀνευ
1127 5119 1439 5189 πνεύματος
1498 5118 1661 5189 ξηρὸς
1701 5119 1801 5173 οῦκ
1824 5116 1931 5173 οἵδε

358 5214 772 5288 προσέρχεσθαι.

432 5392 677 5446 ΕΡΒΑΝ.
706 5391 815 5446 Καὶ
847 5392 895 5444 εἰ
926 5389 1100 5453 οὕτως
1129 5387 1270 5453 ἐστὶ,
1300 5388 1367 5442 δι’
1402 5389 1468 5459 ἦν
1490 5386 1672 5441 αἰτίαν
1702 5386 1933 5457 λελάλη-

360 5499 457 5537 κεν
486 5484 515 5536 ό
543 5482 677 5546 Θεὸς
707 5482 785 5553 τῷ
812 5483 999 5551 οἰκείῳ
1030 5482 1263 5552 στόματι
1299 5479 1466 5533 αὐτοῦ
1500 5480 1577 5549 τῷ
1602 5479 1713 5548 λαῷ
1761 5481 1819 5533 ὲν
1861 5483 1929 5553 τῇ

359 5577 550 5645 ὲρήμῳ
586 5575 685 5644 τὴν
726 5574 1026 5645 λεγομένην
1057 5572 1379 5640 Δεκάλογον,
1410 5573 1468 5624 ὲν
1510 5566 1591 5634 οἷς
1613 5572 1675 5623 τὸ
1700 5571 1933 5643 πρῶτων

363 5669 516 5738 ῥῆμα
551 5666 716 5720 αὐτοῦ
749 5666 993 5719 τοιοῦτον
1014 5682 1027 5696 ·
1070 5667 1309 5728 Ἀκουε,
1341 5663 1591 5731 Ἰσραήλ
1614 5680 1627 5694 ’
1662 5665 1877 5731 Κύριος
1904 5666 1937 5717 ό

365 5759 514 5825 Sed;
550 5774 691 5822 σου,
719 5759 933 5826 Κύριος
961 5752 1048 5822 εἷς
1079 5758 1270 5821 ἐστιν,
1301 5754 1397 5809 καὶ
1422 5755 1590 5824 πλὴν
1606 5755 1793 5811 αὑτοῦ
1828 5759 1938 5811 οὐκ

364 5847 495 5901 ἐστι
520 5846 656 5913 θεὸς
683 5846 900 5915 ἕτερος.

440 5964 455 5994 ⁸
494 5962 629 6020 Gen.
662 5978 807 6032 χιιι,
838 5964 889 6019 4.
968 5964 987 5993 ⁸
1026 5962 1161 6018 Gen.
1207 5978 1263 6029 ll,
1308 5962 1392 6017 18.
1472 5964 1490 5995 ³
1523 5964 1679 6019 Deut.
1724 5979 1795 6025 vi,
1848 5962 1902 6015 4.

2029 4741 2092 4787 ιιι
2141 4732 2285 4786 Deus
2325 4744 2491 4784 verus
2537 4735 2591 4783 et
2625 4727 2903 4800 perfectus
2949 4728 3136 4793 homo,
3170 4728 3225 4781 in
3263 4725 3497 4781 veritate
3544 4741 3603 4780 se

2031 4823 2130 4879 Dei
2164 4822 2363 4879 Filium
2397 4835 2520 4875 esse
2549 4818 2966 4874 demonstravit.
2999 4819 3067 4872 Et
3096 4817 3270 4873 Moses
3298 4815 3522 4885 quidem
3547 4815 3601 4869 in

2030 4916 2177 4969 libro
2204 4913 2271 4967 de
2298 4910 2489 4966 mundi
2519 4909 2797 4964 creatione
2831 4908 2926 4962 Dei
2960 4909 3156 4963 Filium
3190 4906 3479 4961 manifeste
3510 4906 3605 4961 de-

2030 5007 2247 5060 clarans
2273 5019 2285 5054 :
2311 5002 2380 5056 Et
2400 5002 2552 5064 dixit,
2581 5000 2781 5069 inquit,
2813 4999 3067 5052 Dominus
3092 4998 3230 5051 Deus
3259 4998 3309 5062 ‘;
3338 4996 3605 5051 Dominus

2032 5111 2230 5164 nempe
2252 5093 2441 5157 Filius,
2464 5100 2520 5146 et
2542 5092 2705 5155 Deus,
2729 5090 2844 5159 ipse
2866 5090 3044 5154 Pater,
3064 5096 3118 5143 et
3144 5088 3235 5158 qui
3257 5088 3478 5142 locutus
3497 5095 3601 5150 est,

2035 5188 2276 5258 Spiritus
2316 5193 2539 5241 sanctus
2569 5201 2583 5238 :
2612 5199 2740 5239 nam
2780 5198 2965 5238 sermo
3006 5183 3125 5237 sine
3161 5180 3381 5251 spiritu,
3418 5179 3606 5235 aridus

2034 5278 2259 5351 prodire
2292 5277 2488 5333 nescit.

2107 5384 2310 5440 ilERB.
2349 5382 2505 5449 Quod
2537 5382 2582 5437 si
2628 5382 2705 5436 ita
2753 5387 2858 5445 est,
2904 5395 3070 5450 quam
3110 5379 3181 5435 ob
3209 5393 3431 5433 causam
3463 5377 3607 5432 Deus

2035 5476 2261 5548 prOprio
2288 5490 2406 5539 ore,
2436 5474 2493 5527 in
2532 5474 2755 5527 deserto
2789 5473 2992 5543 populo
3026 5486 3127 5526 suo
3162 5471 3382 5525 locutus
3409 5477 3516 5533 est,
3552 5478 3607 5522 et

2032 5566 2208 5624 edidit
2243 5580 2408 5635 quem
2429 5563 2663 5619 dicimus
2684 5564 3036 5632 Decalogum,
3061 5560 3153 5615 ubi
3176 5561 3415 5629 primum
3437 5557 3607 5627 ipsius

2032 5662 2264 5716 verbum
2295 5660 2401 5715 tale
2433 5668 2518 5715 est
2546 5676 2559 5712 :
2592 5659 2751 5721 Audi,
2782 5658 2954 5713 Israel
2977 5674 2995 5712 :
3015 5656 3270 5710 Dominus
3300 5654 3436 5708 Deus
3463 5662 3605 5713 tuus,

2041 5753 2294 5809 Dominus
2339 5768 2475 5808 unus
2524 5759 2636 5818 est,
2673 5758 2723 5805 et
2765 5756 2956 5822 preter
2998 5750 3171 5820 ipsum
3216 5763 3318 5800 non
3364 5752 3439 5798 est
3481 5743 3608 5797 deus

2038 5845 2176 5900 alius
2220 5845 2259 5896 ³.
