4094 6610
1421 539 1483 597 S.
1525 536 1948 597 GREGENTII
1991 534 2228 596 EPISC.
2263 537 2795 598 TAPHARENSIS
3599 533 3706 596 628

435 539 542 603 627

505 650 562 706 S.
599 648 806 706 ARCH.
846 649 1116 721 Equidem
1155 659 1212 704 et
1245 650 1361 719 ipse
1396 650 1472 704 ita
1499 663 1622 703 esse
1654 648 1853 704 fateor.
1884 646 2016 703 Cum

2197 646 2308 701 Kai
2351 650 2393 702 0
2431 649 2651 705 ΑΓΙΟΣ.
2719 649 3000 720 Ὁμολογῶ
3043 649 3140 703 καὶ
3186 647 3351 712 αύτὸς
3397 646 3479 700 ὅτι
3528 644 3706 710 οὕτως

432 741 580 798 enim
618 741 778 806 dixit,
824 742 1101 808 Dominus,
1131 742 1372 797 Verbum
1410 755 1570 796 suum
1604 748 1661 794 et
1683 738 1883 794 Filium
1912 754 2012 793 no-

2119 737 2225 808 ἕχει
2249 756 2262 768 ·
2312 740 2517 794 ὁπόταν
2551 741 2661 810 γὰρ
2708 741 2860 812 ετπῃ,
2898 741 3135 809 Κύριος,
3175 740 3268 794 τὸν
3303 739 3480 808 Λόγον
3509 736 3704 801 αὑτοῦ,

433 832 653 886 minans
677 831 952 898 ostendit;
985 841 1042 887 et
1076 848 1202 888 cum
1244 831 1403 896 dixit,
1433 832 1571 886 Deus
1595 848 1730 885 unus
1759 838 1856 894 est,
1885 845 2010 884 cum

2119 831 2208 881 καὶ
2228 829 2319 883 τὸν
2343 829 2474 883 Υίδν
2493 829 2775 900 ὀνομάζων
2802 831 3180 902 παρεμφαίνει
3199 848 3214 862 ο
3241 831 3337 884 καὶ
3357 829 3558 883 ὁπόταν
3577 826 3706 898 λέξῃ

435 923 543 977 boc
568 924 768 986 Verbo,
799 925 960 979 Pater
986 942 1000 978 :
1036 923 1277 994 Spiritus
1315 931 1540 979 sanctus
1567 932 1807 978 mentem
1841 923 2012 977 Deum

435 1017 642 1071 habere
687 1033 795 1071 non
827 1017 926 1070 tibi
967 1017 1210 1081 videtur,
1253 1013 1716 1086 quemadmodum
1751 1015 1865 1083 jam
1913 1012 2016 1066 tibi

435 1108 707 1178 praedixi?
732 1108 852 1163 Non
883 1108 980 1163 tibi
1011 1107 1234 1162 videtur
1259 1108 1373 1177 ipse
1409 1107 1617 1161 habere
1657 1115 1713 1160 et
1736 1103 2017 1158 Verbum?

436 1199 558 1254 Non
607 1201 774 1270 igitur
806 1199 973 1255 etiam
1009 1200 1251 1270 Spiritus
1275 1200 1394 1255 est?
1437 1200 1546 1254 Has
1589 1214 1690 1253 nos
1737 1207 1849 1252 tres
1891 1213 2018 1266 per-

439 1307 603 1346 sonas
653 1293 975 1361 accipimus.
1020 1307 1463 1362 unamquamque
1514 1305 1808 1360 personam
1862 1304 2020 1343 suam

439 1381 779 1454 bypostasim
809 1384 1014 1438 habere
1044 1383 1355 1438 credentes.
1385 1383 1520 1436 Tres
1555 1392 1738 1436 autem
1771 1396 2022 1450 personae

440 1475 498 1528 in
541 1491 706 1529 unam
734 1486 790 1530 et
828 1476 1081 1530 eamdem
1113 1476 1378 1530 deitatem
1410 1474 1747 1530 coalescunt.
1775 1473 2022 1528 Trinita-

440 1574 553 1620 tem
572 1567 739 1635 igitur
763 1582 1125 1634 personarum
1156 1567 1270 1620 sive
1299 1567 1676 1636 hypostaseon
1701 1565 1755 1618 in
1789 1579 1899 1618 una
1925 1578 2022 1618 ea-

439 1656 678 1725 demque
709 1657 915 1711 deitate
962 1657 1293 1712 conﬁtemur
1322 1676 1336 1712 :
1370 1667 1604 1724 utraque
1641 1656 1876 1725 (scilicet
1905 1654 2027 1708 Tri-

438 1749 670 1802 nitatem
711 1759 768 1803 et
807 1749 1098 1818 Deitatem)
1138 1765 1308 1803 unum
1345 1750 1517 1803 Deum
1558 1747 1872 1802 credentes.
1907 1747 2026 1801 Meo

439 1842 590 1898 dicto
619 1844 950 1913 astipulatur
985 1845 1149 1900 etiam
1190 1845 1360 1899 David
1410 1845 1506 1898 Dei
1562 1859 1784 1913 parens,
1833 1859 2025 1898 verum

440 1935 650 1997 dicens,
702 1935 1165 2004 quemadmodum
1199 1944 1255 1990 et
1287 1951 1388 2005 ego
1418 1937 1674 1997 enuntio,
1701 1950 1824 1989 cum
1851 1934 2024 1989 dicit:

2113 922 2196 984 τδ,
2231 925 2264 976 ό
2305 922 2451 988 Θεὸς
2489 919 2577 988 εἷς
2601 923 2754 988 ἐστι,
2797 924 2896 976 σὺν
2927 923 3005 993 τῷ
3051 923 3211 994 Λόγῳ
3261 923 3455 989 τούτω,
3479 922 3706 994 Πατήρ⁶

2118 1014 2348 1085 Πνεῦμα
2406 1017 2563 1084 ἅγιον
2611 1017 2672 1068 οὐ
2725 1015 2874 1068 δοκεῖ
2933 1033 3018 1068 σοι
3058 1015 3204 1085 ἔχειν
3254 1014 3380 1070 νοῦν
3426 1016 3520 1069 τὸν
3549 1014 3706 1081 Θεὸν,

2119 1105 2265 1159 καθά
2292 1123 2374 1159 σοι
2402 1105 2754 1177 προείρηκα;
2787 1107 2862 1159 Ού
2897 1106 3050 1160 δοκεῖ
3094 1125 3180 1160 σοι
3226 1107 3374 1178 ἔχειν
3411 1107 3579 1163 αὑτὸν
3610 1111 3707 1164 καὶ

2118 1197 2326 1266 Λόγον;
2359 1196 2568 1250 Οὐκοῦν
2605 1198 2705 1251 ούκ
2744 1197 2862 1251 ἔστι
2895 1199 2991 1258 καὶ
3022 1199 3288 1270 Πνεῦμα;
3327 1199 3521 1256 Ταῦτα
3543 1201 3707 1271 ἡμεῖς

2121 1291 2189 1344 τὰ
2209 1291 2336 1360 τρία
2369 1291 2639 1361 πρόσωπα
2682 1290 3125 1361 ὲκλαμϐάνομεν,
3157 1291 3389 1345 ’ἑκαστον
3413 1292 3708 1364 πρόσωπον

2120 1383 2222 1454 τὴν
2257 1381 2394 1434 ἰδίαν
2433 1381 2732 1436 ὑπόστασιν
2776 1383 2922 1452 ἔχειν
2971 1382 3348 1446 πιστεύοντες.
3381 1382 3708 1437 Συντελοῦσι

2122 1473 2180 1526 δὲ
2215 1472 2285 1526 τὰ
2302 1473 2429 1544 τρία
2453 1473 2710 1542 πρόσωτα
2735 1473 2816 1534 εἰς
2848 1471 2977 1542 μίαν
3006 1473 3101 1525 καὶ⁷
3129 1471 3229 1542 τὴν
3255 1471 3506 1542 θεότητα.
3534 1471 3708 1541 Τριά-

2123 1564 2190 1617 δα
2216 1565 2308 1618 οὖν
2342 1565 2718 1634 ὁμολογοῦμεν
2758 1564 3091 1635 προσώπων,
3121 1565 3240 1634 ἦτοι
3270 1565 3622 1619 ύποστάσεων
3651 1567 3708 1618 ὲν

2129 1661 2230 1731 μιᾷ
2259 1663 2324 1731 τῇ
2357 1660 2494 1730 αὐτῇ
2527 1659 2762 1730 θεότητι,
2795 1660 2891 1712 ἕνα
2938 1658 3070 1712 Θεὸν
3114 1659 3182 1713 τά
3217 1659 3460 1729 ἑκάτερα
3487 1657 3709 1711 πιστεύ-

2125 1770 2298 1816 οντες.
2330 1754 2618 1824 Μαρτυρεῖ
2645 1753 2753 1821 γάρ
2773 1768 2876 1822 μου
2903 1752 2984 1821 τῷ
3011 1751 3217 1821 ῥήματι
3246 1752 3340 1804 καὶ
3367 1753 3394 1804 6
3421 1749 3708 1820 θεοπάτωρ

2127 1845 2313 1908 Δαόὶδ,
2366 1845 2647 1916 ἀληθεύων
2701 1841 2999 1914 καθώσπερ
3040 1841 3196 1911 κάγὼ
3249 1841 3706 1912 ἀποφθέγγομαι’

2137 1937 2223 2003 Τῷ
2251 1939 2435 2006 ’λόγῳ
2473 1939 2721 2004 Κυρίου,
2772 1935 3023 2005 φάσκων,
3053 1938 3108 1990 οἱ
3133 1936 3380 2003 οὐρανοί
3424 1933 3710 2002 ἐστερεώ-

443 2025 604 2080 Verbo
638 2026 851 2081 Domini
878 2028 991 2082 εωιὶ
1037 2029 1246 2096 ﬁrmati
1289 2036 1446 2092 sunt;
1496 2028 1599 2082 hoc
1644 2028 1886 2083 Verbum
1938 2038 2016 2082 est

2119 2017 2357 2096 ’θησανο
2395 2022 2554 2090 οὗτος
2590 2029 2618 2080 6
2647 2027 2817 2096 Λόγος
2856 2027 3006 2080 ἐστὶν
3039 2029 3067 2080 ό
3097 2027 3226 2090 Υἱὸς
3275 2025 3369 2079 τοῦ
3402 2023 3563 2079 Θεοῦ.
3595 2023 3707 2079 Καὶ

438 2119 536 2174 Dei
585 2120 776 2174 Filius.
809 2120 879 2174 Et
899 2122 1089 2190 spiritu
1112 2122 1218 2174 oris
1248 2122 1362 2190 ejus
1387 2121 1556 2174 omnis
1580 2122 1745 2174 virtus
1777 2137 1958 2173 eorum
1975 2119 2019 2175 ‘.

438 2209 540 2265 Hic
573 2211 802 2281 spiritus
849 2227 1012 2281 quem
1045 2211 1182 2266 dicit
1209 2227 1330 2266 esse
1360 2212 1476 2266 oris
1504 2213 1646 2282 ejus,
1670 2221 1755 2267 est
1781 2211 2030 2281 Spiritus-

439 2311 684 2355 sanctus.
1836 2347 1839 2349 _

509 2392 712 2446 llERB.
754 2391 966 2462 Ecquid
1017 2406 1242 2447 necesse
1286 2393 1462 2450 estin
1505 2393 1602 2446 Dei
1641 2401 1890 2446 naturam
1924 2407 2022 2446 cu-

439 2484 644 2538 riosius
675 2485 980 2552 inquirere,
1004 2492 1060 2539 et
1080 2483 1330 2540 eamdem
1360 2499 1526 2538 unam
1562 2485 1735 2554 ipsam
1757 2484 2022 2539 exsistenn

437 2585 549 2630 tem
585 2575 867 2643 triplicare
887 2574 916 2627 ἲ

507 2665 566 2721 S.
606 2665 814 2721 ARCH.
854 2665 1027 2719 David
1055 2666 1198 2720 hanc
1242 2665 1441 2719 trinam
1474 2664 1626 2729 facit,
1663 2672 1720 2719 et
1761 2680 1862 2736 ego
1909 2681 2021 2722 non

439 2755 900 2832 trinamfaciam?
930 2755 1065 2810 Vide
1097 2755 1365 2810 orationis
1387 2756 1608 2810 seriem.
1631 2755 1742 2810 Vos
1771 2755 2018 2825 quidem,

432 2845 633 2912 Judmi,
669 2847 930 2901 deitatem
981 2847 1479 2916 singularissimam
1523 2856 1580 2900 et
1625 2847 1857 2901 nimium
1888 2848 2022 2902 soli-

435 2939 632 2994 tariam
656 2939 992 3004 confitendo,
1024 2940 1148 3009 ejus
1171 2939 1516 3008 simplicitati
1548 2947 1606 2994 et
1639 2940 1840 2994 unitati
1889 2955 2018 3011 ege-

434 3039 632 3087 statem
677 3045 742 3085 ac
777 3032 1067 3100 penuriam
1112 3031 1436 3095 enuntiatis,
1471 3031 1690 3086 exiliter
1722 3045 1787 3104 ae
1829 3031 2018 3102 jejune

433 3137 556 3191 qua:
582 3129 711 3176 sunt
746 3120 987 3184 deitatis,
1019 3120 1438 3177 constituentes.
1475 3121 1647 3176 Gnaei
1677 3130 1891 3186 contra,
1920 3137 2018 3178 va-

433 3211 524 3265 nis
571 3210 737 3265 idolis
781 3210 1108 3274 servientes,
1139 3225 1203 3264 ac
1250 3209 1514 3265 deitatem
1563 3211 2015 3280 multiplicantes,

2123 2121 2205 2186 τῷ
2234 2121 2529 2190 πνεύματι
2558 2120 2666 2174 τοῦ
2701 2122 3006 2188 στόματος
3040 2120 3232 2174 αὑτοῦ
3263 2119 3433 2175 πᾶσα
3457 2118 3497 2184 ἡ
3525 2117 3708 2172 adra-

2117 2231 2222 2282 μις
2255 2210 2475 2267 αὐτῶν.
2517 2213 2688 2265 Τοῦτο
2728 2211 2792 2265 τὸ
2829 2211 3048 2281 πνεῦμα
3079 2211 3108 2264 ὃ
3136 2210 3308 2278 λέγει,
3335 2212 3416 2265 ὅτι
3444 2210 3541 2265 τοῦ
3573 2211 3701 2264 στό-

2127 2322 2296 2375 ματος
2323 2303 2509 2369 αὐτοῦ,
2533 2302 2692 2356 τοῦτό
2722 2304 2840 2355 ἐστι
2862 2304 2921 2356 τὺ
2948 2301 3175 2373 Πνεῦμα
3200 2303 3262 2356 τὸ
3291 2303 3471 2373 ἅγιον.

2195 2394 2443 2451 ΕΡΒΑΝ.
2495 2394 2605 2447 Καὶ
2654 2393 2739 2457 τίς
2786 2395 2819 2465 ή
2874 2393 3033 2464 χρεία
3096 2393 3574 2464 πολυπραγμονεῖν
3600 2391 3707 2466 τὴν

2124 2479 2371 2560 θεότητα,
2409 2487 2504 2540 καὶ
2523 2485 2768 2557 τριάζειν
2793 2486 2963 2557 αὐτὴν
2995 2486 3125 2557 μίαν
3150 2487 3631 2558 χρηματίζουσανς

2193 2667 2304 2721 Καὶ
2339 2667 2382 2720 0
2420 2667 2638 2720 ΑΓιοΣ.
2690 2664 2856 2722 Δαόἰδ
2913 2665 3128 2738 τριάζει
3176 2664 3370 2737 αὐτὴν,
3414 2663 3570 2734 κάγὼ
3623 2664 3704 2737 μὴ

2121 2757 2366 2828 τριάσως
2399 2757 2542 2826 Ὅρα
2570 2755 2627 2808 δὲ
2662 2755 2760 2826 τὴν
2791 2755 3041 2810 σύνθεσιν
3070 2757 3150 2827 (5)
3174 2755 3270 2810 τοῦ
3293 2757 3480 2823 λόγου.
3513 2755 3704 2826 Ὑμεῖς

2125 2852 2223 2922 μὲν
2243 2851 2294 2904 oi
2309 2850 2550 2903 Ἰουδαῖοι
2573 2848 2965 2919 ὁμολογοῦντες
2985 2849 3084 2918 τὴν
3100 2848 3329 2920 θεότητα
3357 2851 3701 2920 μονωτάτην,

2122 2941 2316 2996 πενίαν
2346 2940 2672 3011 ἐκφέροντες
2703 2942 2770 3012 τῇ
2813 2941 2984 3010 αὐτῆς
3032 2939 3315 3010 ἁπλότητι,
3363 2942 3599 3007 εὐτελῶς
3629 2944 3702 2998 τὰ

2122 3038 2255 3108 περί
2286 3038 2386 3107 τῆς
2417 3037 2675 3108 θεότητος
2702 3035 3102 3107 διατιθέμενον
3136 3037 3192 3090 οἵ
3213 3029 3566 3107 τεἚλληνες
3585 3039 3704 3101 τοῖς

2124 3129 2376 3200 ματαίοις
2433 3126 2672 3189 εἰδώλοις
2724 3125 3158 3198 προσκυνοῦντες
3200 3127 3294 3180 καὶ
3331 3125 3705 3194 πληθύνοντες

2119 3220 2218 3290 τὴν
2243 3218 2496 3288 θεότητα,
2531 3216 2753 3280 πολλοῖς
2773 3217 2915 3280 θεοῖς
2945 3216 3003 3283 ἐξ
3029 3217 3276 3289 ἀνάγκης
3308 3217 3702 3290 προσκείμενοι
3816 3285 3820 3288 _

433 3301 626 3358 multis
672 3301 780 3356 diis
824 3302 1141 3356 necessario
1173 3301 1398 3356 addicti'
1413 3301 1519 3356 sibi
1553 3302 1690 3371 ipsis
1715 3302 2016 3358 adversan-

2121 3307 2553 3378 ὲναντιουμένοις
2585 3307 2857 3378 ἀλλήλοις,
2895 3311 2974 3370 εἰς
3005 3309 3106 3379 τὴν
3140 3309 3358 3380 ἀπάτην
3397 3311 3499 3380 τῆς
3540 3310 3697 3363 εἰδω-

434 3392 606 3457 tibus,
659 3393 715 3447 in
761 3409 1003 3448 errorem
1045 3408 1110 3448 ac
1155 3393 1402 3448 fraudem
1455 3393 1782 3448 idololatria:
1820 3393 2011 3449 devol-

431 3493 659 3540 vuntur.
681 3485 793 3540 Nos
817 3500 948 3538 vero
973 3483 1271 3540 Christiani
1298 3484 1561 3538 deitatem
1589 3485 1788 3538 trinam
1812 3484 2017 3540 facien-

431 3589 536 3644 tes,
571 3577 712 3633 hanc
737 3577 1016 3642 eximiam,
1068 3585 1126 3633 et
1169 3577 1382 3632 divitiis
1407 3592 1471 3632 ac
1499 3577 1743 3647 potentia
1785 3580 2014 3647 praecel-

428 3675 633 3732 lentem
677 3674 1041 3744 praadicamus
1077 3689 1091 3727 :
1125 3689 1298 3727 unum
1340 3672 1536 3737 Deum,
1595 3671 1806 3726 trinum
1837 3673 2012 3727 conﬂ-

428 3775 612 3822 tentes
659 3766 977 3836 imperium,
1021 3775 1263 3820 vestram
1313 3763 1622 3819 divinitatis
1660 3764 1927 3834 inopiam,
1957 3773 2013 3819 et

428 3856 650 3912 illorum
687 3856 1099 3911 multitudinem
1123 3855 1376 3921 deorum,
1413 3871 1481 3910 ex
1527 3871 1686 3926 aequo
1714 3856 2014 3911 extruden-

429 3957 514 4004 tes
541 3949 798 4017 fugimus.
821 3948 989 4002 Vides
1015 3948 1181 4018 igitur
1201 3946 1637 4003 Christianorum
1661 3949 2009 4018 prudentiam

429 4048 597 4110 atque
629 4039 1072 4110 intelligentiam.

499 4129 704 4186 HERB.
747 4130 1014 4185 Prwclare
1049 4131 1272 4200 quidem
1308 4133 1467 4187 dicis.
1513 4133 1703 4202 Neque
1741 4133 2011 4189 habemus

429 4224 734 4294 quidquam
768 4223 914 4293 quod
943 4222 1047 4277 hac
1089 4222 1144 4276 in
1179 4238 1239 4278 re
1274 4224 1372 4278 tibi
1409 4225 1769 4279 adversemur
1795 4237 1851 4280 et
1874 4241 2008 4280 con-

353 4388 358 4393 .
430 4315 791 4372 tradicamus.
846 4314 1243 4369 Verumtamen
1294 4315 1423 4368 audi
1481 4315 1654 4370 Deum
1705 4315 2006 4382 dicentem,

430 4407 563 4462 dum
604 4416 837 4460 testatur
878 4405 1134 4460 lsraelem
1184 4423 1213 4461 a
1247 4422 1305 4479 se
1345 4407 1464 4476 ipso
1498 4407 1651 4476 diligi
1697 4407 2011 4480 :Primoge—

428 4501 571 4553 nitus
598 4514 764 4560 meus,
791 4497 989 4566 inquit,
1018 4496 1163 4565 ﬁlius
1191 4497 1366 4552 Israel
1385 4499 1439 4564 ⁸;
1473 4498 1673 4553 deinde
1699 4516 1716 4553 :
1739 4499 1822 4554 Ex
1845 4501 2010 4572 ngy-

428 4600 519 4662 pto
563 4592 741 4645 vocavi
782 4589 954 4658 ﬁlium
997 4607 1167 4644 meum
1204 4591 1245 4643 ⁸.
1280 4589 1338 4644 Si
1370 4590 1537 4661 igitur
1566 4592 1710 4646 Deus
1750 4593 2007 4650 lsraelem

2119 3399 2438 3471 λολατρείας
2488 3398 2856 3454 ὲκκυλίονται.
2925 3399 3119 3469 Ἡμεῖς
3167 3399 3226 3454 δὲ
3281 3400 3331 3452 oi
3378 3400 3700 3469 Χριστιανοὶ

2119 3489 2436 3562 τριάζοντες
2484 3489 2582 3560 τὴν
2627 3490 2878 3556 θεότητα,
2905 3490 3216 3560 ὑπέρογκον
3247 3491 3418 3561 αὐτὴν
3439 3494 3497 3544 ὲν
3526 3489 3695 3544 πλούο

2118 3601 2196 3652 τῳ
2225 3584 2320 3635 καὶ
2343 3581 2632 3652 δυναστείᾳ
2667 3580 3021 3652 κηρύσσομεν
3043 3597 3056 3610 ·
3089 3582 3184 3635 ἕνα
3228 3581 3361 3635 Θεὸν
3399 3582 3462 3635 τὸ
3488 3582 3697 3653 τριαδι-

2119 3675 2214 3727 κδν
2273 3672 2665 3745 ὁμολογοῦντες
2716 3675 2940 3744 κράτος,
3000 3672 3154 3743 ὑμῶν
3206 3671 3305 3744 τὴν
3364 3672 3693 3744 πενηθεταν,

2118 3765 2387 3819 κάκείνων
2411 3765 2510 3836 τὴν
2532 3763 2844 3829 πολυθεῖαν,
2883 3761 2944 3828 ἐξ
2975 3762 3095 3834 ῐσης
3121 3764 3550 3836 ἀποκρουόμενοι
3582 3765 3694 3819 δια-

2119 3858 2414 3929 φεύγομεν.
2451 3856 2685 3922 Βλέπεις
2707 3853 2803 3912 οὖν
2833 3855 3049 3911 σύνεσιν
3081 3857 3445 3929 Χριστιανῶν.

2187 4118 2434 4173 ΕΡΒΑΝ.
2493 4116 2691 4182 Καλῶς
2741 4119 2840 4190 μὲν
2897 4123 3147 4189 φάσκεις,
3198 4121 3294 4173 καὶ
3344 4119 3445 4172 οὐκ
3493 4118 3695 4190 ἔχομεν

2115 4212 2246 4282 περὶ
2275 4212 2432 4265 τοῦτο
2475 4210 2714 4264 τοιονοῦν
2759 4212 3243 4281 ἀντιφθέγξασθαι.
3283 4212 3429 4285 Πλὴν
3457 4212 3690 4268 ἄκουσον

2114 4306 2208 4361 τοῦ
2227 4306 2359 4359 Θεοῦ
2379 4304 2648 4373 λέγοντος,
2674 4304 2821 4375 ἐντῷ
2835 4303 3312 4376 διαμαρτύρασθαι
3327 4305 3418 4358 τὸν
3449 4303 3686 4375 Ἰσραὴλ,

2115 4400 2196 4452 ὅτι
2226 4396 2461 4466 φιλεῖται
2503 4397 2592 4450 ὑπ’
2622 4396 2818 4448 αὑτοῦ·
2847 4396 3231 4464 Πρωτότοκός
3267 4413 3404 4464 μου,
3439 4398 3630 4466 φησὶν,
3655 4400 3692 4452 ό

2114 4491 2246 4556 υίὸς
2286 4489 2566 4557 Ἰσραήλ·
2589 4490 2685 4542 καὶ
2715 4489 2927 4543 ἔπειτα’
2961 4489 3066 4554 Ἐξ
3093 4491 3397 4559 Αἰγύπτου
3423 4488 3690 4543 ἐκάλεσα

2116 4584 2224 4637 τὸν
2254 4585 2390 4636 υἱόν
2407 4600 2548 4651 μου.
2586 4582 2649 4635 Ei
2684 4581 2868 4636 τοίνυν
2910 4581 3252 4653 πρωτότοκον
3283 4580 3447 4635 αὐτὸν
3490 4580 3687 4636 ἑαυτοῦ

428 4699 591 4739 suum
641 4681 812 4736 ﬁlium
866 4682 1293 4753 primogenitum
1323 4683 1592 4745 nominat,
1615 4686 1892 4754 quomodo
1913 4702 2011 4741 vos

2119 4672 2372 4744 ὀνομάζει
2423 4673 2537 4726 υἱὸν
2583 4675 2611 4726 6
2655 4673 2807 4736 Θεὸς,
2856 4673 2973 4736 πῶς
3000 4675 3158 4742 ὑμεῖς
3189 4673 3257 4728 τὰ
3294 4672 3688 4744 πεπλανημένα

426 4784 642 4847 gentes,
688 4791 812 4845 quae
859 4775 1067 4830 erroris
1117 4785 1174 4830 et
1219 4775 1523 4830 inscientiae
1576 4777 1820 4832 tenebris
1847 4787 2006 4834 tene-

2115 4765 2243 4835 ἔθνη
2273 4767 2340 4819 τὰ
2371 4764 2445 4835 μὴ
2477 4765 2638 4835 νόμον
2662 4763 2874 4835 ἔχοντα,
2907 4765 3127 4834 ἡγεῖσθε
3148 4766 3310 4818 αὐτὸν
3327 4765 3417 4818 τὸν
3449 4763 3683 4836 Ἰσραὴλ,

426 4868 586 4930 mini,
632 4883 814 4938 neque
849 4867 1022 4938 legem
1053 4867 1288 4932 habetis,
1326 4868 1503 4937 ipsum
1554 4869 1808 4924 lsraelem
1855 4871 2008 4924 velut

2119 4856 2300 4928 ὥσπερ
2346 4856 2627 4927 κάθαρμα,
2665 4857 2759 4909 καὶ
2809 4857 3001 4926 μιαρόν
3047 4873 3189 4922 τινα,
3226 4857 3318 4910 καὶ
3355 4856 3684 4927 ἀκάθαρτον,

425 4960 848 5026 exsecrabilem,
895 4959 1191 5014 scelestum
1221 4968 1278 5014 et
1331 4959 1610 5028 impurum
1654 4961 2003 5027 existimatis,

427 5063 554 5104 cum
597 5048 877 5103 deberetis
917 5063 1044 5102 eum
1092 5048 1304 5104 honore
1337 5049 1543 5118 potius,
1586 5052 1749 5118 quam
1799 5049 2004 5118 probro

425 5147 483 5194 et
508 5138 801 5204 dedecore,
847 5140 1100 5194 allicere?

496 5226 554 5281 S.
593 5226 800 5281 ARCH.
829 5228 948 5282 Non
978 5243 1110 5283 sane
1140 5243 1402 5298 negamus
1441 5229 1698 5283 lsraelem
1729 5229 2007 5301 primoge-

425 5315 606 5371 nitum
649 5333 789 5374 esse.
834 5319 930 5373 Est
982 5319 1131 5373 enim
1176 5335 1369 5374 revera
1426 5320 1853 5390 primogenitus,
1903 5337 2008 5377 nec

2109 4946 2412 5017 ὀφείλοντες
2437 4947 2606 5017 τιμᾷν
2632 4945 2794 5000 αύτδν
2821 4945 3042 5015 μᾶλλον,
3067 4945 3102 5016 ἢ
3132 4945 3455 5016 ἀτιμάζεινς

2183 5215 2286 5269 Καὶ
2333 5217 2373 5266 0
2418 5213 2634 5266 ΑΓΙΟΣ.
2691 5213 2805 5278 Οὐκ
2865 5211 3181 5283 ἀρνούμεθα
3212 5213 3295 5266 ὅτι
3340 5212 3684 5283 πρωτότοκος

2123 5305 2342 5376 Ἰσραὴλ
2482 5303 2571 5356 Ἐν
2621 5300 2850 5372 ἀληθείᾳ
2897 5300 3007 5371 γάρ
3049 5301 3418 5371 πρωτότοκος,
3456 5301 3550 5354 καὶ
3583 5302 3683 5355 οὐκ

426 5405 652 5459 mentiri
698 5405 848 5461 licet.
873 5407 983 5462 Vos
1007 5407 1174 5461 etiam
1220 5424 1288 5462 ex
1312 5407 1546 5480 Egyplo
1579 5411 1635 5464 in
1662 5409 2006 5466 Palaestinam

2119 5395 2185 5448 Evr.
2203 5393 2296 5447 τοῦ
2329 5391 2744 5462 διαψεύσασθαι.
2776 5393 2887 5446 Καὶ
2923 5393 3005 5446 ὅτι
3040 5391 3101 5456 ἐξ
3133 5391 3414 5461 Αἰγύπτου
3445 5392 3539 5445 ἐπὶ
3583 5392 3682 5462 τὴν

428 5494 684 5558 eductos,
703 5535 708 5538 -
729 5507 786 5552 et
814 5513 845 5552 a
888 5497 1152 5552 servitute
1178 5499 1339 5568 602
1372 5499 1636 5555 liberatos
1661 5499 1834 5555 fuisse
1860 5500 2007 5554 arbi-

2107 5487 2475 5555 Παλαιστίνην
2504 5485 2773 5555 ἐκλήθητε
2801 5484 3046 5548 δουλείας
3066 5484 3496 5553 ἀπαλλαγέντες,
3527 5480 3680 5553 οἶμαι

427 5592 566 5648 tror,
617 5594 672 5640 et
701 5585 880 5640 libens
920 5601 1176 5652 agnosco.
1207 5585 1314 5640 Sed
1364 5595 1494 5641 natu
1534 5587 1714 5642 minor
1743 5589 2004 5659 majorem

2119 5580 2262 5636 τοῦτο
2299 5579 2457 5648 κάγὼ
2499 5578 2724 5649 σφόδρα.
2777 5577 2923 5648 Πλὴν
2971 5578 3289 5650 ὲπτέρνισεν
3341 5580 3368 5631 6
3418 5576 3679 5644 νεώτερος

426 5675 823 5745 supplantavit.
857 5677 1060 5733 Verum
1106 5678 1327 5732 necne?
1379 5677 1556 5748 Atque
1592 5678 1756 5748 hujus
1793 5679 2004 5748 primo-

466 5785 489 5818 ⁵
522 5784 665 5841 Psal.
712 5802 878 5854 xxxn,
927 5787 980 5844 6.
1057 5788 1078 5820 '
1116 5787 1290 5845 Exod.
1330 5788 1538 5855 tv,'22.
1616 5789 1640 5820 ⁸
1700 5788 1860 5853 Osee,
1899 5805 1974 5854 xi,
2018 5788 2069 5840 1.

2105 5675 2218 5738 υίὸς
2254 5673 2346 5728 τὸν
2372 5669 2759 5741 πρεσϐύτερον.
2796 5667 2928 5733 Nai,
2956 5669 2990 5740 ἢ
3017 5669 3137 5739 οὑχί
3153 5685 3167 5733 ;
3206 5667 3288 5722 Τά
3315 5684 3372 5720 τε
3402 5665 3676 5737 πρωτοτό-

3707 5775 3736 5811 \.

1935 5876 2165 5932 NOTAE.

503 5969 578 6044 ('5)
609 5973 925 6032 Σύνθεσιν.
980 5977 1098 6034 Vet.
1149 5975 1270 6035 cod.
1315 5975 1548 6030 σύνεσιν.
1587 5973 1724 6030 illud
1767 5975 1988 6039 seriem,

2119 5987 2134 6026 :
2165 5983 2384 6025 sensum
2414 5976 2469 6024 et
2496 5968 2832 6025 intellectum
2870 5968 3161 6040 signiﬁcat.
3183 5966 3387 6023 Gotoa.
