4094 6536
336 433 442 497 629

1326 439 1783 501 DlSPU’l‘ATIO
1822 444 1981 504 CUM
2018 446 2380 508 HERBANO
2421 449 2705 509 JUD.EO-

3488 449 3594 513 630

336 560 432 596 κια
455 541 629 598 αὗτοῦ
654 543 906 617 εἴληφεν·
939 542 1042 618 ἦρε
1072 545 1165 599 xal
1193 545 1291 617 τὴν
1324 546 1573 616 εὐλογίαν
1601 550 1787 617 αὑτοῦ,
1823 552 1916 605 καὶ

2019 556 2215 624 genita,
2243 557 2468 629 sivejus
2489 558 2940 629 primogenitum
2971 560 3184 629 accepit
3216 578 3228 612 :
3264 560 3397 630 quln
3427 560 3593 615 etiam
3698 590 3704 599 -

336 634 551 705 ἀπέδρα
606 637 717 691 ἀπὸ
760 637 1057 708 προσώπου
1113 638 1213 707 τῆς
1268 639 1499 710 νομικῆς
1551 639 1811 712 λατρείας
1834 643 1916 707 είς

335 726 503 797 ἄλλην
549 726 758 799 χώραν.
809 731 904 792 El;
953 729 1053 801 τὴν
1090 728 1353 799 θάρευτον
1388 732 1487 799 (4),
1549 733 1715 803 φημὶ,
1760 732 1914 788 ἔκθε-

338 834 424 872 σιν
468 818 572 889 τῆς
622 821 813 893 τιμίας
857 821 1092 886 πίστεως
1135 820 1232 875 τοῦ
1277 821 1602 893 μονογενοῦς
1650 823 1785 877 Υἰοῦ
1817 824 1912 879 τοῦ

335 908 493 964 Θεοῦ.

408 1002 655 1060 EPBAN.
691 1003 752 1058 Ὀ
805 1004 999 1058 Ἰακὼϐ
1048 1005 1337 1077 ὲπτέρνισε
1396 1006 1487 1059 τὸν
1548 1006 1720 1061 Ἠσαῦ
1776 1009 1914 1080 μᾶλ-

334 1093 443 1147 λον.
478 1096 587 1149 Kal
614 1095 702 1149 ἵνα
749 1094 804 1150 τί
846 1096 1010 1161 αὐτὸς
1039 1095 1324 1168 ἀλλότριον
1358 1097 1695 1169 πτερνισμδν
1750 1116 1913 1171 περι-

334 1186 607 1255 εποιήσως
1118 1220 1129 1233 .

404 1276 516 1329 Kal
555 1277 596 1331 Ο
623 1276 839 1332 ΑΓῙΟΣ.
880 1277 1175 1349 Προοίμιον
1203 1274 1272 1351 ἦν
1308 1281 1337 1334 6
1375 1281 1677 1353 πτερισμδς
1704 1283 1913 1348 ἐκεῖνος

332 1366 427 1420 τοῦ
482 1368 754 1440 ἡμετέρου
804 1369 1179 1440 πτερνισμοῦο
1236 1372 1353 1425 ἐκεῖ
1408 1372 1519 1443 γὰρ
1561 1376 1590 1427 6
1643 1375 1912 1440 νεώτερος

334 1458 449 1520 υίὸς
496 1459 589 1510 τὸν
632 1459 1005 1530 πρεσϐύτερον
1060 1462 1414 1532 ὲπτέρνισεν·
1463 1464 1700 1518 ἐνταῦθα
1739 1466 1847 1538 γὰρ
1885 1469 1913 1520 6

333 1548 601 1620 νεώτερος
626 1550 785 1620 ὄχλος
812 1550 904 1603 τὸν
934 1553 1210 1622 πρεσϐῦτε
1222 1571 1311 1624 ρον
1334 1555 1459 1608 λαὸν
1499 1558 1838 1627 ὲπτέρνισεν.

405 1639 650 1694 EPBAN.
686 1640 779 1705 Et;
814 1642 864 1695 τί
891 1638 985 1696 οὖν
1012 1644 1407 1714 ἐπτερνίσατε;
1438 1646 1528 1716 Μὴ
1568 1647 1905 1713 ίουδαϊσατε,

334 1731 432 1784 καὶ
470 1732 633 1801 ἡμεῖς
669 1732 1050 1803 ἑλληνίζομεν;
1090 1734 1225 1804 Οὐχὶ
1279 1734 1521 1806 Ἐϐραῖοί
1573 1739 1763 1808 ὲσμεν,
1816 1739 1911 1792 καὶ

335 1824 496 1892 ὑμεῖς
525 1824 645 1893 οὐχὶ
668 1824 794 1895 ἔθνη
827 1826 973 1889 ἐστὲ,
1002 1826 1189 1897 ὥσπερ
1218 1822 1352 1895 ἧτες

2014 647 2188 716 ipsius
2243 649 2685 705 benedictionem
2748 650 2863 706 sive
2916 650 3153 706 faustam
3216 652 3591 721 precationem

2013 740 2314 811 praeripuit,
2344 751 2400 797 et
2438 758 2466 797 a
2518 742 2657 799 facie
2702 743 2895 814 legalis
2941 744 3122 798 cultus
3162 742 3301 813 fugit
3342 743 3397 797 in
3428 744 3592 799 aliam

2014 833 2315 902 regionem.
2354 833 2484 888 Dico
2527 833 2707 904 magni
2760 834 3098 888 aestimanda:
3126 832 3252 888 fidei
3293 834 3593 903 expositio-

2012 934 2161 981 nem,
2195 926 2317 989 quae
2345 929 2429 975 est
2461 922 2709 992 unigena;
2736 922 2859 976 Filii
2889 922 3008 976 Dei.

2082 1009 2286 1064 HERB.
2347 1011 2461 1065 lmo
2507 1026 2640 1066 vero
2700 1010 2872 1066 Jacob
2924 1008 3299 1079 supplantavit
3362 1008 3587 1063 fratrem

2012 1099 2178 1154 Esau.
2211 1100 2315 1155 Sed
2347 1117 2611 1171 quorsum
2642 1101 2783 1156 hanc
2810 1100 3045 1156 alienam
3085 1100 3587 1171 supplantationem

2015 1191 2113 1246 tibi
2148 1192 2435 1247 vindicasti
2460 1192 2483 1245 ?

2084 1283 2142 1339 8.
2182 1283 2386 1340 ARCH.
2427 1284 2811 1355 Supplantatio
2838 1284 2931 1339 illa
2981 1291 3065 1339 est
3103 1282 3467 1354 primordium
3492 1296 3591 1337 no-

2010 1384 2137 1430 strae
2160 1376 2638 1445 supplantationis.
2670 1375 2787 1429 Illic
2814 1374 3038 1444 quidem
3065 1373 3255 1444 junior
3284 1372 3429 1427 filius
3455 1380 3587 1425 natu

2012 1465 2273 1534 majorem
2324 1464 2694 1533 supplantavit
2727 1482 2739 1517 :
2778 1465 2868 1518 hic
2897 1478 3028 1518 vero
3058 1462 3217 1531 plebs
3254 1460 3444 1530 junior
3491 1475 3591 1529 po-

2010 1556 2199 1626 pulum
2246 1556 2613 1625 antiquiorem
2643 1556 3037 1625 supplantavit.

2082 1646 2287 1700 llERB.
2328 1646 2445 1713 Qua
2483 1647 2539 1701 iu
2589 1663 2649 1701 re
2680 1645 3106 1715 supplantastis?
3126 1642 3384 1713 Nunquid
3411 1640 3585 1698 Judati

2008 1736 2136 1795 facti
2171 1738 2324 1800 estis,
2357 1746 2412 1791 et
2438 1754 2540 1793 nos
2570 1737 2784 1793 Graeci?
2814 1738 2956 1791 Num
3002 1752 3104 1790 nos
3130 1735 3344 1790 Hebraei
3370 1748 3584 1799 sumus,

2012 1837 2068 1884 et
2097 1845 2195 1883 vos
2218 1838 2426 1899 gentes,
2457 1829 2599 1883 sicut
2628 1828 2850 1882 fuistis?

406 1917 516 1969 Kal
545 1892 833 1972 OKI‘IOZ
874 1918 1016 1973 Ἀλλ’
1056 1892 1377 1973 ἀπέστειλεν
1412 1919 1593 1984 ὀΘεὸς
1622 1920 1715 1973 τὸν
1750 1938 1910 1991 μονο-

2088 1919 2144 1974 8.
2184 1892 2539 1975 Ανῐὶϐιῐξ8οι1
2588 1921 2881 1991 unigenam
2924 1919 3120 1973 Filium
3168 1934 3328 1973 suum
3373 1918 3440 1973 ad
3488 1934 3590 1974 vos

333 2011 472 2080 γενῆ
520 2011 686 2066 αὑτοῦ
734 2012 865 2065 Υἱδν
900 2014 964 2065 ὲκ
1015 2011 1108 2065 τοῦ
1155 2011 1389 2083 οὐρανοῦ
1433 2012 1571 2085 πρὸς
1623 2013 1787 2083 ὑμᾶς,
1820 2014 1914 2067 καὶ

336 2102 435 2170 οὐχ
466 2099 797 2164 ὑπεδέξασθε
838 2101 1023 2156 αὐτόν.
1055 2102 1250 2154 Εῖασεν
1280 2102 1424 2172 ὑμᾶς
1453 2104 1481 2155 6
1518 2102 1651 2166 Θεὸς
1681 2104 1755 2167 ὼς
1790 2106 1916 2158 ἀσε-

337 2192 454 2255 ϐεῖς
494 2192 588 2243 xal
626 2190 998 2261 παρανόμους,
1062 2193 1154 2245 καὶ
1195 2188 1360 2264 ἦλθεν
1411 2192 1546 2263 πρὸς
1593 2196 1761 2264 ἡμᾶς,
1822 2196 1915 2248 καὶ

338 2282 721 2352 ὑπεδεξάμεθα
765 2284 960 2337 αὐτόν·
998 2287 1092 2337 καὶ
1118 2280 1221 2354 ἦρε
1255 2283 1325 2336 τὰ
1366 2283 1521 2354 ὑμῶν
1550 2286 1785 2350 ἅπαντα,
1817 2286 1912 2340 καὶ

338 2376 540 2430 εδωκεν
581 2378 737 2446 ἡμῖν.
778 2375 956 2446 ’Υμᾶς
987 2376 1045 2431 δὲ
1075 2376 1332 2445 ἐξέστησέ
1362 2393 1421 2429 τε
1470 2377 1563 2431 καὶ
1592 2378 1916 2447 ὲσκόρπισεν

340 2468 421 2531 εις
450 2467 519 2521 τὰ
538 2467 748 2535 πέρατα
770 2466 872 2538 τῆς
900 2469 1247 2539 οἰκουμένης,
1267 2468 1361 2521 καὶ
1392 2466 1812 2540 ἀπηλλοτριώθη
1837 2468 1914 2539 (5)

341 2559 439 2611 ἀπ’
463 2559 652 2613 αὐτοῦ.

414 2650 665 2707 EPBAN.
704 2651 817 2707 Kal
845 2649 968 2704 τίνα
1004 2649 1258 2720 ἀφείλετο
1288 2649 1349 2715 ἐξ
1378 2649 1559 2721 ἡμῶν,
1590 2651 1683 2705 xal
1713 2650 1916 2705 ἔδωκεν

343 2740 473 2810 ὑμῖν
492 2757 507 2805 ;

414 2831 526 2885 Kal
558 2833 599 2885 Ο
627 2831 842 2886 ΑΓῙΟΣ.
872 2824 1050 2901 Ἦρεν
1080 2829 1139 2895 ὲξ
1183 2828 1338 2901 ὑμῶν
1369 2832 1427 2884 ἒν
1453 2830 1693 2902 πρώτοις
1722 2834 1783 2885 τδ
1816 2831 1916 2899 βα-

346 2923 569 2988 σίλειον,
624 2918 727 2994 ἦρε
780 2922 875 2976 τὸν
925 2921 1112 2991 νόμον,
1142 2917 1246 2993 ἦρε
1295 2922 1420 2985 τοὺς
1472 2922 1781 2992 προφήτας,
1819 2922 1919 2986 τὰς

342 3014 620 3087 λατρείας,
657 3014 756 3079 τὰς
799 3013 1028 3077 θυσίας’
1080 3009 1217 3085 ἦρεν
1274 3014 1429 3083 ὑμῶν
1487 3014 1587 3083 τὴν
1639 3013 1811 3078 πόλιν,
1857 3013 1918 3067 τὸ

345 3108 511 3179 ιερὸν,
547 3106 607 3161 τδ
640 3107 769 3160 Σινὰ
801 3106 946 3173 ὅρος,
982 3104 1082 3176 τὴν
1130 3104 1293 3175 βάτον
1315 3121 1328 3134 °
1360 3105 1456 3158 καὶ
1493 3104 1677 3168 ἁπλῶς
1721 3107 1915 3171 εἰπεῖν,

2016 2010 2165 2064 misit
2208 2010 2352 2064 Deus
2383 2025 2414 2063 e
2455 2009 2615 2073 cmlo,
2662 2025 2842 2078 neque
2885 2008 3064 2077 ipsum
3100 2007 3443 2077 suscepistis.
3478 2008 3588 2061 Vos

2016 2102 2141 2157 ideo
2171 2110 2232 2157 ut
2278 2102 2476 2171 impios
2506 2110 2562 2156 et
2594 2101 2833 2157 nefarios
2862 2100 3078 2155 dimisit
3116 2101 3299 2166 Deus;
3331 2108 3388 2154 et
3431 2098 3587 2153 venit

2015 2190 2083 2245 ad
2118 2207 2238 2255 nos,
2264 2198 2319 2246 et
2351 2170 2528 2260 ipsum
2549 2191 2868 2260 excepimus
2897 2208 2909 2244 :
2936 2190 3206 2258 vobisque
3239 2188 3444 2243 ademit
3470 2203 3589 2242 om-

2016 2281 2106 2335 nia
2143 2297 2265 2351 quae
2304 2290 2489 2336 vestra
2522 2287 2700 2345 erant,
2744 2288 2802 2335 et
2845 2279 3002 2335 dedit
3032 2279 3194 2334 nobis
3228 2297 3242 2332 :
3276 2294 3375 2333 vos
3400 2287 3582 2333 autem

2016 2374 2319 2445 degeneres
2366 2373 2755 2429 exterminavit
2812 2380 2868 2427 et
2923 2372 3187 2442 dispersit
3238 2371 3291 2425 in
3348 2369 3486 2426 fines
3528 2377 3587 2424 et

2017 2466 2281 2521 terminos
2333 2464 2483 2519 orbis
2522 2473 2817 2529 terrarum,
2851 2472 3016 2533 atque
3064 2463 3134 2517 ab
3176 2462 3295 2532 ipso
3358 2460 3581 2515 alienati

2014 2557 2168 2612 estis.

2086 2647 2290 2701 HERB.
2327 2644 2538 2716 Ecquid
2579 2644 2741 2700 nobis
2790 2644 3040 2712 abstulit,
3089 2643 3236 2715 quod
3279 2643 3437 2698 vobis
3489 2642 3588 2697 de-

2017 2739 2207 2794 derit?

2088 2832 2143 2888 8.
2183 2830 2389 2887 ARCH.
2416 2831 2661 2886 Primum
2682 2830 2839 2885 vobis
2863 2845 3091 2900 regnum
3116 2828 3365 2894 abstulit,
3389 2827 3589 2883 deinde

2017 2925 2194 2996 legem
2229 2932 2285 2978 et
2330 2922 2629 2993 prophetas
2660 2943 2671 2977 :
2713 2929 2983 2992 praaterea
3014 2920 3153 2974 ritus
3207 2928 3263 2974 et
3286 2919 3469 2973 cultus
3506 2917 3590 2973 di-

2017 3016 2178 3071 vinos
2224 3024 2282 3071 et
2322 3014 2591 3071 sacrificia
2636 3014 2841 3069 ademit
2873 3032 2887 3067 :
2922 3012 3161 3081 denique
3188 3009 3466 3065 civitatem
3491 3022 3590 3064 ve-

2020 3113 2189 3160 stram
2218 3112 2274 3159 et
2296 3105 2558 3173 templum
2589 3103 2817 3173 eripuit,
2849 3100 3093 3156 montem
3124 3101 3255 3156 Sina
3282 3111 3338 3156 et
3364 3101 3586 3155 rubum.

346 3202 455 3254 πᾶν
487 3199 516 3253 ὃ
542 3216 596 3252 τι
626 3198 805 3268 τίμιον
836 3198 964 3267 ὑμῖν
1004 3197 1237 3269 προσῆν,
1276 3196 1435 3250 τοῦτο
1479 3190 1613 3266 ἦρεν
1653 3195 1711 3262 ἐξ
1742 3194 1913 3265 ὑμῶν,

2022 3195 2221 3266 Atque,
2252 3204 2313 3250 ut
2346 3210 2456 3250 uno
2497 3195 2670 3250 verbo
2716 3193 2919 3257 dicam,
2956 3192 3225 3263 quidquid
3257 3193 3469 3248 honore
3503 3191 3591 3246 di-

346 3293 443 3344 καὶ¹
494 3289 817 3361 παρέδωκεν
874 3290 1012 3358 ἡμῖν
1052 3291 1164 3352 τοῖς
1210 3289 1576 3358 Χριστιανοῖς.
1632 3286 1805 3357 ’Υμᾶς
1838 3287 1915 3351 δὲ,

346 3380 528 3444 καθὼς
577 3380 877 3449 λελάληκεν
925 3382 983 3432 ιν
1033 3379 1111 3450 τῷ
1145 3378 1585 3451 Δευτερονομίῳο
1622 3378 1744 3432 Ὅτι
1795 3378 1921 3433 δια-

347 3473 551 3551 catapli)
585 3473 828 3539 αὐτοὺς,
873 3470 1178 3544 διέσπειρε,
1233 3472 1347 3525 καί·
1389 3472 1520 3525 Ὀτι
1546 3472 1915 3526 καταπαύσω

348 3563 421 3627 ἐξ
451 3560 778 3630 ἀνθρώπων
796 3560 862 3614 τὸ
878 3561 1278 3631 μνημόσυνον
1292 3558 1510 3615 αὐτῶν.
1549 3561 1715 3633 Ὁρᾷς
1745 3562 1926 3618 πάντα

350 3655 434 3709 δτι
463 3656 830 3710 κατέπαυσεν.

422 3830 670 3886 ΕΡΒΑΝ.
718 3832 823 3886 Τὸν
866 3831 1192 3903 Ναζωραῖον
1242 3831 1443 3901 λέγεις.
1492 3832 1575 3885 ὅτι
1632 3832 1925 3904 μονογενὴς

353 3922 485 3988 Tib;
519 3925 615 3977 τοῦ
648 3924 784 3978 Θεοῦ
836 3926 1011 3990 tactv;
1056 3924 1295 3988 Ἐκεῖνος
1349 3923 1637 3994 ἄνθρωπος
1684 3925 1930 3995 ἐχρημά-

353 4016 520 4079 τιζεν,
546 4014 606 4081 ἐξ
649 4009 710 4069 οὗ
752 4018 847 4070 καὶ
879 4015 1213 4071 ἀπέκτειναν
1239 4015 1403 4070 αὐτδν
1431 4014 1507 4079 ὡς
1536 4014 1844 4086 κακοῦργον
1879 4017 1927 4069 οἱ

355 4107 592 4178 πατέρες
625 4107 804 4176 ἡμῶν.

427 4198 540 4252 Kal
562 4200 604 4252 Ο
637 4200 852 4253 ΑΓΙΟΣ.
885 4198 998 4252 Οὐκ
1048 4198 1380 4252 ἀπέκτειναν
1416 4196 1590 4260 οὕτως
1630 4196 1815 4261 ἁπλῶς
1857 4197 1931 4260 ὡς

359 4290 424 4342 σὺ
457 4290 852 4362 ὑπαγορεύειςο
885 4291 1020 4344 ἀλλὰ
1057 4291 1255 4361 μᾶλλον
1290 4290 1518 4360 νεκροὺς
1565 4282 1808 4360 ἤγειρεν,
1856 4282 1932 4342 ὧν

358 4375 439 4443 εἷς
462 4380 581 4435 ἔστι
611 4382 707 4434 καὶ
733 4383 761 4435 6
789 4384 1166 4453 τετραήμερος
1194 4381 1445 4452 Λάζαρος
1466 4383 1493 4435 6
1532 4380 1822 4451 μακάριος·

2021 3303 2186 3358 gnum
2222 3295 2278 3342 et
2334 3286 2742 3357 praedicandum
2790 3285 2949 3340 vobis
2991 3285 3215 3352 aderat,
3276 3286 3383 3340 hoc
3435 3284 3594 3340 vobis

2020 3380 2246 3446 ademit,
2291 3390 2349 3435 et
2391 3379 2555 3435 nobis
2607 3366 2940 3437 Christianis
2981 3379 3227 3435 tradidit.
3262 3379 3373 3434 Vos
3422 3377 3591 3439 enim.

2021 3473 2166 3528 sicut
2193 3473 2311 3542 ipse
2338 3471 2558 3527 locutus
2601 3479 2689 3527 est
2719 3472 2774 3526 in
2808 3470 3243 3528 Deuteronomio
3279 3488 3293 3524 :
3343 3468 3479 3535 Quia
3509 3469 3588 3523 di-

2021 3580 2265 3634 spergam
2302 3564 2441 3633 ipsa:
2469 3563 2513 3627 ",
2560 3562 2859 3633 dispersit;
2891 3572 2968 3629 et,
3002 3560 3139 3628 Quia
3170 3578 3373 3616 cessare
3402 3560 3596 3630 faciam

2023 3671 2088 3711 ea:
2102 3654 2393 3710 hominibus
2414 3655 2723 3709 memoriam
2744 3656 2980 3725 ipsorum
2994 3655 3036 3707 ⁸.
3059 3653 3225 3709 Vides
3245 3652 3429 3708 omnia
3450 3651 3596 3723 quod

2027 3763 2243 3805 cessare
2291 3747 2444 3803 fecit.

2097 3837 2303 3894 HERB.
2343 3837 2687 3892 Nazarenum
2723 3836 2877 3891 illum
2920 3835 3202 3905 intelligis,
3227 3843 3284 3889 et
3304 3849 3430 3891 eum
3472 3834 3599 3888 uni-

2027 3943 2221 4001 genam
2252 3926 2349 3981 Dei
2399 3926 2601 3981 Filium
2650 3940 2774 3981 esse
2814 3924 3063 3980 asseris?
3102 3924 3198 3979 Ille
3244 3922 3347 3978 fuit
3389 3923 3597 3978 homo:

2029 4036 2137 4091 qua
2176 4018 2245 4073 de
2278 4032 2444 4073 causa
2466 4016 2647 4087 ipsum
2677 4026 2739 4072 ut
2762 4024 2976 4072 sontem
3000 4023 3057 4070 et
3084 4014 3393 4070 maleficum
3420 4023 3603 4084 patres

2029 4110 2205 4166 nostri
2238 4108 2658 4164 interfecerunt.

2103 4202 2160 4258 8.
2201 4200 2408 4257 ABCII.
2436 4200 2557 4255 Non
2591 4201 2670 4255 sic
2694 4200 2854 4270 plane
2880 4207 2936 4255 et
2959 4198 3232 4263 funditus,
3258 4206 3318 4252 ut
3342 4195 3599 4261 allirmas,

2032 4294 2453 4351 interfecerunt.
2528 4293 2645 4348 lmo
2693 4307 2828 4347 vero
2869 4292 2962 4348 hic
3004 4300 3255 4346 mortuos
3299 4288 3602 4345 exsuscita-

2032 4389 2142 4454 vit,
2187 4402 2423 4457 quorum
2478 4401 2621 4441 unus
2674 4393 2761 4440 est
2811 4385 2903 4440 ille
2963 4383 3367 4455 quatriduanus
3410 4382 3605 4437 beatus

2034 4479 2294 4534 Lazarus.

434 4560 680 4614 EPBAN.
720 4562 777 4617 Ὀ
805 4562 895 4615 τὸν
924 4562 1173 4632 Λάζαρον
1211 4560 1542 4629 ἀναστήσας,
1568 4560 1643 4624 ὡς
1690 4561 1754 4615 σὺ
1798 4561 1918 4633 φὴς,

2103 4569 2307 4624 HERB.
2342 4567 2449 4635 Qui
2492 4567 2758 4622 Lazarum
2790 4568 2857 4622 ab
2896 4566 3089 4622 inferis
3126 4565 3409 4631 excitavit,
3457 4573 3517 4617 ut
3547 4571 3610 4618 tu

364 4653 501 4725 ποίῳ
534 4655 696 4717 αὐτὸς
718 4656 905 4725 τρόπῳ
936 4652 1270 4723 σταυρωθεὶς
1298 4652 1603 4718 ἁπέθανεν;

434 4748 544 4800 Kal
574 4746 618 4800 Ο
644 4748 859 4801 ΑΠΟΣ.
897 4746 1178 4815 ’Δνωτέρω
1210 4744 1665 4815 ὲπληροφορήθης
1690 4744 1935 4798 ὃτιέστὶν

366 4832 497 4897 Υἱὸς
526 4833 621 4886 τοῦ
639 4834 797 4895 Θεοῦ,
824 4835 918 4887 καὶ
940 4834 1175 4887 ἐνταῦθα
1194 4833 1398 4901 λέγεις,
1428 4834 1510 4885 ὅτι
1538 4835 1566 4885 6
1590 4833 1933 4905 Ναζωραῖος,

365 4924 448 4977 ὅτι
479 4924 579 4977 οὐκ
606 4924 751 4978 ἐστιν
777 4925 906 4988 Υἱὸς
932 4923 1029 4978 τοῦ
1056 4924 1214 4981 Θεοῦ.

438 5016 685 5069 EPBAN.
731 5015 973 5086 Εῖρηκας
1010 5015 1092 5068 ὅτι
1138 5015 1515 5086 Τρισσεύομεν
1559 5015 1655 5085 τὴν
1687 5014 1936 5083 θεότητα,

2033 4664 2134 4727 ais,
2176 4677 2285 4731 quo
2336 4660 2453 4729 ipse
2493 4659 2658 4714 modo
2706 4657 3024 4722 crucifixus,
3058 4666 3314 4711 mortuus
3343 4657 3469 4711 esti

2104 4755 2161 4810 8.
2199 4753 2404 4809 ARCH.
2448 4752 2716 4823 Superius
2736 4752 2939 4806 certior
2965 4752 3123 4821 plane
3159 4750 3336 4803 factus
3366 4763 3445 4813 es,
3478 4764 3627 4802 eum

2036 4846 2133 4901 Dei
2166 4860 2287 4899 esse
2320 4844 2495 4898 filium
2526 4861 2538 4897 :
2566 4852 2621 4899 et
2654 4844 2747 4898 hic
2778 4842 2939 4907 dicis,
2970 4841 3099 4912 quia
3133 4840 3450 4895 Nazarenus
3498 4853 3615 4892 non.

2038 4944 2123 4993 est
2168 4936 2265 4990 Dei
2304 4935 2494 4990 Filius.

2114 5027 2321 5083 HERB.
2362 5025 2553 5081 Dixisti
2602 5025 2864 5081 deitatem
2909 5024 3107 5078 trinam
3137 5037 3278 5086 esse,
3323 5035 3423 5075 nec
3456 5028 3635 5089 potes

371 5106 465 5161 καὶ
490 5107 591 5159 οὐκ
610 5106 748 5175 ἔχων
779 5106 855 5177 (6)
877 5123 941 5159 πε
950 5106 1006 5177 ρ).
1026 5105 1217 5159 τούτου
1234 5106 1571 5178 ἀντίρρησιν.
1592 5104 1855 5158 Ἐνταῦθα
1879 5105 1918 5158 δί

2040 5118 2440 5176 contradicere.
2464 5116 2621 5171 Nunc
2638 5125 2820 5171 autem
2844 5114 3268 5171 condemnatum
3292 5114 3455 5166 istum
3476 5110 3613 5166 dicis

370 5198 460 5253 τὸν
498 5198 829 5269 κατάκριτον
872 5199 1053 5267 λέγεις
1077 5193 1215 5251 εἶναι
1240 5200 1332 5252 τὸν
1356 5200 1527 5267 Λόγον
1562 5197 1654 5252 τοῦ
1684 5197 1841 5262 Θεοῦ,
1878 5198 1918 5250 δε

2042 5210 2285 5265 Verbum
2316 5208 2412 5263 Dei
2437 5223 2581 5272 esse,
2612 5222 2775 5278 quem
2799 5208 2980 5263 sciunt
3004 5206 3155 5261 orbis
3178 5215 3447 5261 terrarum
3478 5204 3613 5259 lines

371 5288 658 5343 ἐπίσταται
687 5290 755 5343 τὰ
779 5289 990 5361 πέρατα
1017 5289 1119 5359 τῆς
1144 5290 1485 5362 οἰκουμένης,
1513 5291 1593 5344 ὅτι
1620 5289 1918 5361 ὲσταυρὼθτ

2045 5298 2223 5355 ultimi
2256 5306 2313 5355 et
2360 5296 2687 5353 crucifixum
2721 5306 2778 5352 et
2822 5304 3100 5353 mortuum
3152 5312 3293 5352 esse.

373 5381 469 5436 καὶ
491 5379 781 5434 ἀπέθανεν.

323 5498 340 5552 3
446 5472 553 5525 Kal
582 5473 623 5525 Ο
649 5471 866 5526 ΑΓΙΟΣ.
901 5471 1062 5526 Καθά
1093 5472 1550 5543 προεμαρτύρατο
1579 5473 1607 5525 6
1633 5472 1796 5543 νόμος
1848 5475 1943 5527 καὶ

446 5584 469 5617 ⁷
506 5584 665 5639 Deut.
704 5600 779 5649 tv,
822 5584 909 5640 27.
986 5586 1008 5618 '
1044 5584 1203 5640 Deut.
1243 5600 1408 5649 xxxu,
1445 5584 1533 5641 26.

2117 5472 2175 5528 S.
2216 5471 2419 5528 ARCH.
2461 5470 2931 5538 Quemadmodum
2976 5471 3130 5543 prius
3184 5471 3270 5525 lex
3327 5468 3614 5526 testificata

1882 5676 2107 5735 NOTAE.

476 5764 529 5831 ι)
562 5765 877 5835 Θὰρευτον.
912 5766 1237 5837 Θεόρῤητον,
1275 5775 1370 5822 aut
1396 5767 1492 5821 θεά
1533 5784 1702 5821 εστον.
1725 5768 1929 5824 ςυιοπ.

452 5764 533 5901 ἱὸ)
578 5836 1071 5901 Ἀπηλλστριὼθη.
1122 5784 1639 5901 ’Δπηλλοτριώεητι
1673 5837 1746 5893 lo.

480 5835 533 5900 5)
578 5835 1071 5905 Ἀπηλλστριὼθη.
1113 5835 1639 5909 ⁷’Δπηλλοτριώθητι
1673 5837 1746 5893 lo.

2115 5768 2190 5841 (6)
2228 5769 2426 5839 Ἔχων.
2450 5767 2612 5826 Forte
2643 5768 2809 5841 εχιις.
2841 5769 2916 5824 In.
