4094 6548
455 394 560 464 631

1421 389 1481 450 8.
1534 386 1962 449 GREGENTII
1999 384 2238 445 EPISC.
2271 380 2804 443 TAPHARENSIS

3608 376 3716 439 632

457 522 564 577 est,
613 519 670 567 et
697 509 1001 582 prophetae,
1058 506 1378 561 incarnatus
1427 513 1535 569 est,
1583 504 1882 558 cruciﬁxus
1931 510 2037 566 est,

2142 501 2190 552 oi
2241 499 2541 570 προφῆται,
2583 495 2898 568 ὲσαρκώθη,
2954 495 3302 566 ἐσταυρώθη,
3353 493 3594 549 ἀπέθανε
3645 497 3713 565 τῇ

459 621 626 663 carne
661 613 915 659 mortuus
947 611 1054 666 est,
1088 615 1201 656 non
1231 599 1543 665 divinitate,
1577 605 1635 652 et
1660 605 1783 668 post
1813 595 2033 652 tertiam

2141 591 2318 664 σαρκὶ,
2349 591 2410 643 οὺ
2444 592 2511 661 τῇ
2543 587 2781 659 θεότητι,
2817 586 2912 638 καὶ
2950 587 3151 658 ἀνέστη
3201 586 3339 658 μετὰ
3377 585 3475 658 τὴν
3521 586 3715 659 τρίτην

460 696 606 753 diem
647 693 975 750 resurrexit.

537 786 742 842 HERB.
773 786 964 841 Recita
995 792 1262 856 praeterea
1283 781 1809 845 demonstrationes,
1837 780 1956 847 ubi,
1981 788 2038 836 et

463 897 606 952 quae,
638 889 694 934 et
735 889 939 948 quanta
969 878 1056 932 lex
1089 884 1146 930 et
1175 874 1462 946 prophetas
1505 874 1690 929 testati
1726 882 1877 928 sunt.

536 975 594 1030 8.
617 970 823 1028 ARCH.
854 971 1030 1026 Moses
1060 969 1328 1040 propheta
1359 965 1494 1022 dicit
1522 985 1534 1020 :
1560 969 1870 1038 prophetam
1899 963 2038 1020 vobis

466 1062 804 1119 exsuscitabit
831 1063 1088 1116 Dominus
1116 1060 1256 1114 Deus
1286 1075 1350 1113 ea:
1381 1057 1633 1130 fratribus
1671 1059 1875 1120 vestris,
1907 1057 2040 1110 sicut

468 1173 570 1210 me.
606 1154 788 1210 Omnis
813 1155 976 1225 igitur
1013 1152 1215 1213 anima,
1247 1165 1366 1220 qua:
1399 1147 1718 1217 Prop/retain
1747 1145 1901 1200 illum
1937 1163 2041 1199 non

469 1247 666 1308 audiet,
711 1262 738 1298 ο
774 1242 966 1314 papula
1012 1258 1108 1295 suo
1151 1240 1588 1294 exterminabitur
1615 1241 1659 1292 ’.
1701 1238 1838 1306 Quis
1874 1238 2043 1309 igitur

471 1337 747 1410 propheta
788 1334 905 1398 ille,
951 1334 1020 1388 de
1072 1347 1183 1403 quo
1223 1331 1408 1386 dixit?

543 1505 747 1560 HERB.
787 1506 1025 1561 Prorsus
1056 1505 1124 1559 de
1154 1504 1359 1559 Davide
1386 1503 1503 1557 haec
1525 1502 1878 1558 vaticinatur.
1905 1503 2044 1558 Nul-

475 1593 560 1650 lus
593 1597 741 1651 enim
787 1612 818 1651 a
868 1597 1015 1653 Mose
1063 1596 1131 1651 ad
1181 1597 1331 1650 hunc
1378 1610 1549 1665 usque
1599 1595 1872 1650 excitatus
1908 1605 2041 1651 est:

473 1686 618 1742 absit
643 1688 656 1740 l

544 1777 601 1832 8.
643 1775 848 1832 ARCll.
890 1777 973 1831 An
1006 1793 1142 1832 vero
1189 1778 1334 1834 sicut
1371 1778 1568 1842 Moses,
1618 1778 1700 1832 sic
1745 1777 1910 1832 etiam
1958 1786 2042 1832 est

410 1901 416 1905 -
472 1866 684 1921 David?
727 1866 892 1920 Nullo
946 1867 1110 1922 modo
1155 1885 1168 1920 :
1204 1867 1334 1937 quia
1370 1867 1460 1922 ille
1505 1866 1728 1938 quidem
1776 1867 2040 1936 propheta

471 1968 529 2012 et
570 1958 876 2029 legislator,
929 1975 1039 2013 non
1084 1970 1269 2014 autem
1321 1975 1437 2024 rex,
1489 1959 1753 2028 populum
1800 1974 1867 2012 ex
1897 1966 2040 2012 terra

471 2049 688 2122 Egypti
733 2050 947 2113 eduxit,
975 2059 1140 2119 atque
1172 2065 1203 2104 e
1249 2049 1389 2104 caelo
1437 2047 1652 2102 tabulas
1693 2049 1927 2116 accepit,
1986 2056 2042 2102 et

473 2158 675 2197 manna
720 2141 863 2196 filios
891 2141 1111 2196 lsraclis
1139 2140 1290 2211 pavit
1320 2159 1335 2194 :
1371 2140 1461 2194 hic
1495 2156 1628 2194 vero
1661 2155 1690 2194 e
1719 2148 2042 2208 paupertate

473 2233 541 2289 ad
573 2249 803 2305 regnum
846 2243 1075 2288 evectus
1102 2242 1209 2296 est,
1238 2241 1297 2287 et
1334 2232 1494 2286 bellis
1532 2231 1692 2301 603
1719 2239 2038 2308 occupatus,

473 2326 799 2379 Psalterium
821 2325 914 2380 ubi
938 2325 1309 2388 concinnavit,
1329 2324 1439 2378 vita
1459 2323 1754 2378 defunctus
1773 2331 1880 2382 est.
1900 2321 2041 2389 Quid

473 2415 640 2486 igitur
666 2417 833 2470 David
869 2416 935 2470 ad
983 2415 1205 2470 Mosen?
1235 2415 1404 2468 Nihil.

542 2503 747 2559 IiERB.
812 2505 988 2559 Ambo
1031 2505 1217 2575 populi
1273 2504 1600 2574 principes,
1667 2501 1916 2573 ejusdem
1987 2510 2044 2558 et

472 2597 638 2652 unius
664 2598 852 2666 populi
880 2597 1044 2650 ambo
1071 2597 1370 2666 prophetm.

544 2687 600 2742 8.
628 2686 836 2741 ARCH.
874 2686 1044 2740 David
1087 2687 1233 2742 crede
1280 2694 1336 2741 et
1369 2685 1646 2740 adulterio
1681 2685 1870 2754 lapsus
1917 2685 2041 2754 pol-

471 2777 627 2832 lutus
676 2784 781 2838 est,
819 2776 997 2830 Moses
1049 2791 1183 2830 vero
1235 2776 1321 2831 his
1354 2756 1681 2844 neutiquam
1737 2776 2043 2832 sceleribus

472 2864 883 2921 contaminatus
906 2873 1009 2919 est.

542 2957 748 3011 HERB.
780 2955 949 3028 Atqui
988 2956 1166 3012 Moses
1190 2956 1393 3012 caedem
1424 2958 1684 3028 patravit,
1717 2974 1831 3013 non
1857 2967 2040 3014 autem

469 3047 805 3103 adulterium
837 3050 1132 3104 commisit.

2135 682 2369 753 ἡμέραν.

2208 771 2454 825 ΕΡΒΛΝ.
2472 771 2611 839 Λέγε
2637 767 2822 823 λοιπὸν
2848 770 2949 836 τὰς
2972 769 3296 837 ἀποδείξεις,
3325 768 3450 837 ποῦ,
3483 772 3577 825 καὶ
3603 764 3714 838 ora,

2137 867 2236 919 καὶ
2268 864 2443 917 ὁπόσα
2473 862 2882 932 ἐμαρτύραντο.

2209 956 2320 1008 Καὶ
2357 955 2398 1007 0
2431 954 2649 1008 ΑΓΙΟΣ.
2688 954 2932 1024 Μωῦσῆς
2963 956 2992 1008 6
3020 955 3314 1027 προφήτης
3363 955 3514 1025 λέγει
3540 960 3718 1025 ’Προ-

2138 1044 2341 1114 φήτην
2394 1043 2540 1112 ὑμῖν
2583 1041 2916 1109 ἀναστήσει
2951 1046 3166 1112 Κύριος
3210 1049 3242 1099 ό
3291 1045 3438 1112 Θεὸς
3484 1045 3554 1098 ἐκ
3603 1044 3721 1099 τῶν

2140 1135 2420 1206 ἀδελφῶν
2447 1135 2634 1204 ὑμῶν,
2656 1137 2736 1203 ὠς
2761 1137 2886 1206 ἐμέ.
2913 1137 3127 1191 Ἔσται
3157 1133 3292 1203 οὖν,
3325 1135 3494 1192 πᾶσα
3522 1139 3716 1207 ψυχὴ,

2142 1229 2274 1297 ἥτις
2306 1231 2417 1282 οὐκ
2456 1228 2701 1282 ἀκούσει
2745 1228 2852 1282 τοῦ
2879 1207 3190 1298 προφήτου
3219 1230 3478 1292 ἐκείνου,
3510 1229 3720 1293 ἐξολο-

2142 1318 2539 1389 θρευθήσεται
2568 1319 2640 1372 ἐκ
2674 1319 2796 1398 τοῦ.
2818 1320 2974 1373 λαοῦ
3006 1318 3215 1386 αὐτῆς.
3261 1321 3357 1383 Τίς
3396 1314 3489 1373 οὖν
3516 1321 3664 1372 ἐστιν
3691 1323 3720 1374 6

2143 1413 2432 1484 προφήτης
2457 1412 2689 1475 ἐκεῖνος,
2721 1412 2851 1483 περὶ
2891 1405 2952 1465 οὗ
2981 1412 3236 1482 εἴρηκενς

2213 1502 2458 1555 ΕΡΒΑΝ.
2489 1501 2716 1563 Πάντως
2743 1501 2872 1571 περὶ
2902 1500 2996 1554 τοῦ
3021 1501 3184 1554 Δαϐὶδ
3205 1499 3375 1570 λέγει.
3402 1500 3588 1563 Οὐδεὶς
3612 1500 3722 1570 γάρ

2145 1593 2256 1647 ἀπὸ
2303 1592 2397 1646 τοῦ
2437 1592 2683 1656 Μωσέως
2735 1593 2816 1656 εἰς
2866 1591 3055 1646 τοῦτον
3119 1593 3451 1664 ἐγήγερται·
3500 1592 3577 1664 μὴ
3625 1593 3720 1661 γέ-

2146 1700 2312 1738 νοιτο.

2217 1777 2328 1829 Καὶ
2357 1777 2397 1828 0
2440 1773 2654 1827 ΔΓΙΟΣ.
2701 1769 2849 1845 Ἀρα
2902 1771 2997 1829 οὖν
3051 1774 3127 1838 ὡς
3173 1774 3400 1845 Μωσῆς,
3457 1774 3575 1826 ἐστὶ
3629 1775 3725 1828 καὶ

2074 1839 2113 1892 Β
2142 1867 2341 1938 Δαβίδ;
2393 1867 2688 1936 Οὐδαμῶς*
2737 1839 2820 1920 ὅτι
2869 1871 2898 1921 6
2935 1868 3054 1938 μὲν,
3105 1839 3392 1938 προφήτῆς
3431 1869 3523 1920 καὶ
3557 1883 3721 1937 νομο-

2144 1960 2326 2028 θέτης,
2359 1960 2418 2012 οὐ
2456 1958 2713 2028 βασιλεὺς
2767 1959 2844 2023 δὲ,
2895 1959 2986 2012 τὸν
3039 1959 3167 2013 λαὸν
3215 1959 3485 2029 ἐξήγαγεν
3513 1961 3576 2012 ὲκ
3619 1959 3723 2028 γῆς

2141 2052 2441 2121 Αἰγύπτου,
2499 2052 2595 2105 καὶ
2655 2050 2868 2114 πλάκας
2921 2051 2982 2116 ὲξ
3031 2052 3260 2122 ούρανοῦ
3320 2050 3560 2116 ἐδέξατο,
3629 2052 3724 2103 καὶ

2147 2145 2322 2215 μάννα
2357 2143 2549 2214 ἔθρεψε
2595 2143 2724 2206 τοὺς
2770 2145 2918 2206 υἱοὺς
2960 2144 3214 2215 Ἰσραήλ·
3259 2146 3287 2198 6
3333 2144 3391 2198 δὲ
3433 2145 3498 2197 ὲκ
3531 2143 3724 2206 πενίας

2141 2237 2351 2308 ἀνήχθη
2379 2239 2457 2300 εἰς
2489 2234 2790 2306 βασιλείαν,
2821 2235 2916 2287 καὶ
2945 2237 3205 2306 πολέμοις
3236 2236 3527 2306 σχολάσας,
3565 2235 3723 2288 Ψαλ-

2141 2326 2332 2397 τήριόν
2382 2342 2444 2378 τε
2495 2321 2874 2386 συντεθεικὼς,
2907 2323 3054 2375 τέλει
3103 2323 3196 2377 τοῦ
3239 2323 3355 2393 βίου
3427 2323 3720 2394 ἐχρήσατο.

2143 2418 2267 2478 Πῶς
2301 2412 2392 2470 οὖν
2425 2415 2592 2468 Δαϐὶδ
2616 2416 2757 2468 κατὰ
2790 2414 3027 2482 Mensa;
3062 2414 3350 2485 Οὐδαμῶς.

2216 2507 2459 2560 EPBAN.
2495 2508 2788 2577 ’Ἄρχοντες
2813 2505 2945 2559 λαοῦ
2977 2507 3298 2578 ἀμφότεροι,
3339 2507 3431 2560 καὶ
3449 2509 3722 2580 προφῆται

2143 2600 2238 2654 τοῦ
2271 2599 2433 2653 αὑτοῦ
2461 2600 2557 2652 καὶ
2592 2600 2710 2663 ἐνὸς
2739 2599 2895 2654 λαοῦ.

2215 2688 2326 2740 Καὶ
2367 2692 2408 2740 0
2443 2687 2658 2742 ΑΙΊΟΣ.
2683 2687 2848 2741 Δαόὶδ
2875 2690 2934 2740 ὲν
2996 2687 3145 2758 φόνῳ
3191 2689 3285 2741 καὶ
3337 2689 3551 2760 μοιχείᾳ
3596 2690 3723 2743 ὡλίο

2146 2779 2332 2851 σθησε,
2363 2781 2564 2851 Μωσῆς
2593 2779 2650 2833 δὲ
2667 2781 2760 2834 ἐπὶ
2779 2780 2996 2844 τούτοις
3016 2779 3292 2851 οὐδαμῶς.

2213 2960 2461 3014 EPBAN.
2500 2961 2614 3015 Καὶ
2657 2961 2867 3030 Μωσῆς
2925 2961 3086 3030 φόνον
3138 2961 3453 3032 εἰργάσατο,
3510 2961 3605 3013 καὶ
3655 2961 3717 3012 οὐ

2147 3069 2413 3123 μοιχειαν.

542 3137 602 3194 8.
632 3139 839 3195 ARCH.
869 3140 1268 3212 Alienigenam,
1310 3155 1508 3210 nempe
1547 3139 1884 3211 Egyptium,
1929 3139 2040 3195 Mo-

2219 3141 2392 3195 ΚαὶΟ
2441 3139 2662 3194 ΑΓΙΟΣ.
2731 3138 3054 3209 Ἀλλόφυλον
3109 3140 3315 3210 Μωσῆς
3368 3140 3719 3207 ἀποκτείνας,

470 3243 582 3295 ses,
608 3245 732 3285 eum
772 3232 1009 3295 occidit,
1041 3232 1206 3287 caedis
1235 3232 1507 3286 innocens
1538 3231 1661 3285 fuit.

547 3319 750 3406 HERB.
783 3323 894 3393 Age
915 3338 1047 3378 vero
1073 3323 1166 3379 dic
1192 3325 1328 3378 mihi
1359 3324 1429 3379 de
1449 3321 1704 3389 Christo,
1758 3331 1814 3378 et
1852 3323 2045 3380 omitte

471 3411 789 3480 prophetas.

546 3502 604 3558 S.
636 3504 844 3560 ARCH.
880 3505 1061 3562 Moses
1087 3506 1222 3561 dicit
1257 3525 1269 3560 ε
1313 3506 1554 3562 Videbitis
1605 3508 1770 3562 vitam
1815 3516 2047 3562 vestram

471 3607 653 3648 coram
686 3595 848 3649 oculis
877 3596 1060 3649 vestris
1089 3597 1399 3666 pendentem
1429 3597 1494 3651 ¹⁰.

543 3685 750 3741 HERB.
784 3687 1042 3751 Quaenam
1064 3686 1182 3741 haec
1209 3687 1322 3742 vita
1347 3695 1402 3741 et
1436 3685 1530 3742 ubi
1562 3688 1872 3758 pependit?

542 3777 599 3834 8.
621 3776 828 3833 ARCH.
855 3779 1016 3834 Jcsus
1042 3777 1296 3834 Christus
1329 3788 1411 3834 est
1443 3779 1555 3834 vita
1587 3822 1603 3848 ,
1647 3797 1810 3850 quem
1846 3797 1945 3838 vos
1986 3784 2044 3839 in

470 3869 642 3943 ligno,
680 3884 879 3940 nempe
913 3870 971 3924 in
999 3885 1188 3935 cruce,
1230 3870 1603 3942 suspendistis
1626 3887 1813 3927 coram
1861 3874 2044 3930 oculis

469 3963 691 4019 vestris.
991 3977 994 3980 '

540 4050 745 4105 HERB.
777 4051 960 4106 Moses
991 4066 1100 4106 non
1134 4051 1203 4107 de
1235 4052 1340 4106 hoc
1377 4052 1550 4119 dicit,
1601 4053 1751 4124 quod
1795 4054 2041 4110 Videbitis

469 4143 635 4198 vitam
661 4151 889 4196 vestram
938 4143 1268 4212 pendentem,
1298 4143 1394 4198 sed
1441 4143 1512 4199 de
1556 4145 1820 4200 continua
1861 4148 2042 4218 capti-

470 4234 665 4300 vitate,
713 4241 772 4289 et
803 4233 1138 4289 abductione
1185 4234 1468 4304 ipsorum,
1508 4252 1673 4306 quam
1724 4238 1794 4293 ab
1843 4238 2043 4295 adver-

470 4325 670 4391 sariis,
723 4335 970 4396 tempore
1018 4325 1432 4396 progrediente,
1485 4336 1644 4382 erant
1683 4313 2034 4401 perpessuri.

417 4418 424 4424 ’
468 4416 588 4472 Hoc
644 4417 792 4472 enim
849 4433 863 4471 :
925 4418 1168 4473 Videbitis
1218 4419 1383 4472 vitam
1433 4427 1662 4475 vestram
1703 4423 2036 4492 pendentem,

2145 3231 2322 3294 ἁθῶος
2356 3230 2520 3299 φόνου
2550 3230 2980 3302 κεχρημάτικεν.
3063 3247 3069 3251 '

2215 3321 2463 3377 EPBAN.
2498 3323 2635 3392 Περὶ
2666 3320 2904 3394 Χριστοῦ
2957 3338 3048 3392 μοι
3103 3321 3250 3391 λέγε,
3307 3322 3403 3377 καὶ
3446 3325 3721 3396 παρέασον

2143 3414 2270 3477 τοὺς
2308 3413 2619 3483 προφήτας.

2214 3505 2324 3558 Καὶ
2358 3508 2398 3558 0
2427 3502 2652 3558 ΑΓΙΟΣ.
2684 3502 2890 3566 Μωσῆς
2915 3502 3065 3571 λέγει
3095 3520 3110 3534 ⁸
3146 3504 3413 3572 Ὄψεσθε
3433 3502 3548 3572 τὴν
3568 3502 3722 3572 ζωὴν

2142 3596 2310 3665 ὑμῶν
2321 3595 2700 3666 κρεμαμένην
2709 3595 2998 3649 ἀπέναντι
3008 3593 3127 3648 τῶν
3139 3594 3421 3663 όφθαλῶν
3433 3595 3604 3664 ἡμῶν
3619 3596 3696 3666 (ἴ)
3707 3633 3720 3650 .

2214 3689 2464 3743 EPBAN.
2494 3688 2592 3751 Τις
2618 3688 2767 3741 ἐστιν
2799 3689 2832 3757 ἡ
2867 3686 3000 3756 ζωὴ,
3021 3687 3116 3740 καὶ
3132 3686 3234 3739 ποῦ
3253 3686 3336 3757 ἄρ’
3355 3686 3675 3759 ἐκρεμάσθη
3697 3689 3720 3753 ς’

2213 3779 2324 3834 Καὶ
2351 3785 2392 3832 υ
2420 3777 2636 3831 ΑΓΙΟΣ.
2702 3775 2910 3848 Ἰησοῦς
2941 3778 3090 3830 ἐστιν
3117 3778 3145 3829 6
3167 3777 3400 3846 Χριστὸς
3431 3779 3464 3847 ἡ
3497 3776 3634 3848 ζωὴ,
3661 3776 3721 3829 ὃν

2143 3875 2238 3927 ἐπὶ
2255 3873 2412 3940 ξύλου
2445 3874 2602 3944 ὑμεῖς
2627 3870 2976 3941 ὲκρεμάσατε
2998 3871 3056 3924 ὲν
3085 3869 3166 3942 τῷ
3194 3870 3433 3942 σταυρῷ,
3456 3870 3722 3925 ἀπέναντι

2143 3966 2249 4021 τῶν
2278 3964 2570 4036 ὀφθαλμῶν
2605 3963 2780 4036 ὑμῶν.

2215 4060 2462 4113 EPBAN.
2503 4058 2727 4128 Μοῦσῆς
2775 4058 2836 4110 οὐ
2888 4057 3019 4128 περὶ
3079 4055 3268 4109 τούτου
3327 4055 3570 4127 εἴρηκεν,
3637 4055 3722 4109 ὅτι

2147 4154 2412 4221 Ὄψεσθε
2440 4150 2556 4219 τὴν
2580 4149 2734 4219 ζωὴν
2761 4151 2929 4220 ὑμῶν
2957 4146 3356 4218 κρεμαμένην,
3411 4146 3548 4200 ἀλλὰ.
3591 4145 3724 4216 περὶ

2142 4244 2242 4314 τῆς
2276 4241 2532 4312 συνεχοῦς
2565 4241 2964 4312 αἰχμαλωσίας,
2994 4241 3090 4294 καὶ
3139 4239 3240 4310 τῆς
3279 4239 3580 4306 ὑπαγωγῆς
3616 4238 3721 4291 αύ-

2141 4334 2274 4399 τῶν,
2297 4333 2364 4404 ἢν
2397 4332 2623 4404 ἔμελλον
2650 4331 2945 4402 ὑποφέρειν
2968 4332 3250 4402 προϊόντος
3278 4329 3368 4382 τοῦ
3395 4329 3586 4401 χρόνου
3616 4329 3722 4382 ὑπὸ

2146 4427 2256 4481 τῶν
2284 4424 2564 4480 ἐναντίων.
2595 4424 2672 4477 Τδ
2723 4423 2856 4495 γὰρ,
2899 4425 3158 4493 Ὄψεσθε
3211 4421 3327 4490 τὴν
3363 4420 3518 4488 ζωὴν
3551 4419 3724 4489 ὑμῶν

465 4508 649 4579 ipsum
671 4509 936 4575 declarat,
971 4511 1089 4575 vel,
1136 4510 1360 4565 abducti
1420 4510 1476 4566 in
1519 4512 1921 4581 captivitatem,
1973 4517 2040 4573 de

2149 4516 2547 4588 κρεμαμένην,
2582 4515 2740 4570 τοῦτο
2766 4514 2936 4586 δηλοῖ,
2963 4514 3018 4585 ἢ,
3053 4515 3392 4584 ἀπαγόμενοι
3422 4513 3480 4565 ἐν
3515 4513 3719 4580 αἰχμα-

464 4599 578 4654 vita
617 4609 797 4655 vestra
831 4602 1032 4657 misere
1063 4601 1251 4658 afﬂicti
1297 4604 1491 4671 eritis;
1549 4604 1658 4669 vel,
1703 4621 1802 4660 vos
1831 4607 2043 4663 interii-

464 4692 659 4758 cient;
695 4691 802 4756 vel,
843 4708 941 4748 vos
971 4693 1076 4749 sibi
1111 4695 1452 4766 mancipatos
1475 4696 1861 4754 vindicabunt.

539 4783 596 4839 8.
651 4783 861 4840 ARCH.
931 4786 1204 4856 lnzequale
1253 4788 1488 4843 verbum
1538 4787 1710 4843 verbo
1757 4791 2036 4861 congeris.

462 4876 612 4931 Dixit
643 4877 793 4932 enim
824 4895 838 4931 :
877 4877 1051 4932 Vitam
1088 4879 1397 4949 pendentem
1439 4879 1697 4935 videbitis.
1754 4881 2038 4952 Quidquid

461 4979 646 5025 autem
681 4970 905 5040 pendet,
941 4970 1025 5024 vel
1053 4985 1275 5039 corpus,
1307 4970 1392 5025 vel
1417 4971 1648 5026 materia
1690 4971 1874 5041 aliqua
1905 4981 1990 5027 est
2016 4970 2046 5026 :'

461 5077 586 5131 quae
620 5075 732 5114 non
761 5061 1008 5130 pendent
1039 5061 1248 5131 absque
1273 5077 1345 5116 eo
1375 5061 1521 5132 quod
1564 5079 1662 5132 per
1690 5063 1804 5117 vim
1851 5065 2034 5119 conti-

461 5162 578 5210 net.
613 5154 744 5220 quia
772 5168 800 5205 a
833 5168 891 5206 se
918 5153 1052 5222 ipsis
1092 5153 1335 5223 pendere
1366 5163 1668 5224 nequeunt.
1718 5155 1837 5210 Non
1874 5156 2042 5228 igitur

464 5245 697 5301 dubium
719 5245 958 5313 estquin
987 5245 1056 5299 de
1109 5247 1453 5303 humanitate
1489 5248 1762 5319 unigeniti
1795 5249 1893 5303 Dei
1944 5249 2038 5304 Fi-

2146 4609 2338 4681 λωσίᾳ,
2401 4608 2678 4678 δυστυχῶς
2720 4606 2871 4674 ἕξετε
2926 4607 3055 4676 περὶ
3115 4607 3213 4678 τῆς
3271 4605 3416 4675 ζωῆς
3446 4603 3623 4674 ὑμῶν,
3659 4603 3715 4674 ἢ,

2148 4699 2541 4756 ἀποκτενοῦσιν
2575 4700 2718 4769 ὑμᾶς
2745 4700 2796 4752 οἱ
2816 4699 3140 4767 ἀπάγοντες,
3169 4697 3203 4767 ῆ
3236 4697 3714 4767 περιποιήσονται.

2219 4793 2332 4847 Καὶ
2372 4792 2413 4846 Ο
2460 4791 2680 4845 ΑΙΊΟΣ.
2738 4789 3048 4861 Ἀνώμαλον
3088 4789 3239 4860 ῥῆμα
3272 4787 3609 4854 συνεισάγεις
3641 4783 3720 4855 τῷ

2149 4886 2376 4956 ῥήματιο
2431 4880 2821 4952 κρεμαμένην
2864 4879 2974 4951 γὰρ
3019 4879 3206 4950 εἴρηκε
3258 4879 3373 4946 τὴν
3420 4875 3574 4944 ζωὴν
3635 4875 3716 4927 ὅτι

2147 4975 2392 5044 ὄψεσθε.
2427 4973 2542 5026 Πᾶν
2567 4970 2710 5026 δὲτὸ
2736 4972 3103 5043 κρεμάμενον,
3134 4969 3167 5040 ἢ
3207 4968 3387 5040 σῶμα,
3423 4968 3457 5038 ἢ
3493 4965 3596 5036 ῦλη
3634 4965 3714 5027 τίς

2146 5065 2293 5119 ἐστιν
2323 5081 2338 5096 ·
2371 5064 2529 5118 ἅτινα
2554 5063 2681 5118 ἄνευ
2711 5060 2804 5116 τοῦ
2825 5063 3144 5132 κατέχοντος
3171 5059 3284 5131 βίᾳ,
3302 5058 3363 5112 οὐ
3387 5057 3712 5129 κρέμανται.

2155 5157 2273 5225 Ἀφ’
2309 5155 2518 5209 ἑαυτῶν
2555 5154 2662 5224 γὰρ
2685 5153 3066 5224 κρεμασθῆναι
3095 5153 3157 5206 οὐ
3183 5152 3464 5205 δύνανται.
3507 5151 3714 5218 Ἀναμι-

2141 5247 2361 5314 φίσολον
2390 5243 2675 5315 τοιγαροῦν
2702 5245 2870 5308 ἐστιν,
2899 5245 2980 5297 ὅτι
3015 5245 3144 5314 περὶ
3168 5243 3269 5313 τῆς
3290 5241 3389 5296 ἀνθ
3401 5239 3713 5312 ρωπὸτητος

462 5335 522 5390 lii
543 5334 648 5389 hoc
670 5333 895 5400 dixerit,
917 5335 1064 5404 quod
1091 5335 1341 5392 futurum
1369 5345 1488 5392 erat
1520 5338 1669 5394 hunc
1699 5337 1944 5409 pendere
1979 5339 2039 5394 in

2141 5336 2234 5390 τοῦ
2267 5337 2590 5407 μονογενοῦς
2620 5335 2746 5388 Υίοῦ
2778 5336 2936 5388 τοῦτο
2976 5334 3217 5406 εἴρηκεν,
3253 5336 3334 5388 ὃτι
3373 5332 3559 5407 μέλλει
3585 5347 3712 5403 κρε-

459 5423 609 5495 ligno
639 5423 840 5479 crucis.

536 5573 560 5608 ³
598 5574 761 5631 Deut.
800 5555 949 5645 svnt,
1003 5578 1091 5644 15,
1149 5578 1232 5632 19.
1313 5581 1356 5612 ¹⁰
1378 5580 1539 5636 Deut.
1563 5598 1750 5651 xxvm,
1783 5583 1874 5641 66.

2145 5429 2416 5500 μασθῆναι
2450 5429 2613 5499 σαρκὶ
2643 5426 2734 5481 ἐπὶ
2758 5412 2914 5493 ξύλου
2945 5427 3037 5481 τοῦ
3061 5425 3319 5498 σταυροῦ.

2005 5691 2236 5751 NOTAE.

531 5777 610 5850 (7)
647 5780 860 5851 Ἠμῶν.
888 5781 1091 5853 ’Υμῶν.
1123 5781 1327 5839 Gueos.
