4088 6530
336 412 442 474 633

1328 415 1789 478 DISPUTATIO
1829 419 1988 479 CUM
2028 421 2394 485 HERBANO
2432 424 2721 486 ΙυῡίΕΟ.

3502 431 3608 495 634

406 525 657 583 ΕΡΒΑΝ.
696 527 794 580 Ὃν
836 526 1038 598 τρόπον
1069 528 1133 581 σὺ
1166 528 1277 590 τοῖς
1310 528 1465 598 ἐμοῖς
1496 531 1555 583 οὐ
1592 531 1777 606 πείθῃ,
1808 551 1913 586 παι

2091 536 2296 593 HERB.
2344 538 2824 605 Quemadmodum
2879 542 3016 596 meis
3064 542 3229 599 dictis
3281 542 3442 601 ﬁdem
3492 563 3604 605 non

339 620 653 689 ραπλησίως
677 618 798 672 οὐδὲ
826 617 936 688 ἐγὼ
966 622 1080 683 τοῖς
1104 623 1216 683 σοῖς
1247 620 1527 692 πείθομαι.

409 713 517 765 Καὶ
552 713 593 765 0
626 712 846 766 ΑΓΙΟΣ.
892 710 1087 765 Ἰακὼϐ
1123 712 1437 781 ὲπευλογῶν
1473 714 1600 777 τοὺς
1632 714 1782 779 υἱοὺς
1817 715 1918 767 αὑ-

338 804 432 858 τοῦ
460 799 614 858 εἶπεν
644 822 659 837 ο
694 807 816 859 Οὐκ
853 786 1125 874 ἐκλείψει
1169 804 1371 874 ἄρχων
1421 805 1491 871 ἐξ
1543 807 1761 873 Ἰούδα,
1820 806 1919 860 και

337 898 669 967 ἡγούμενος
706 897 776 950 ἐκ
824 898 943 952 τῶν
982 897 1191 966 μηρῶν
1228 898 1436 962 αὑτοῦ,
1488 899 1599 965 ἕως
1644 898 1722 953 ἂν
1769 899 1916 967 ἔλθῃ

338 990 368 1043 ὃ
403 992 479 1060 (8)
511 991 821 1045 ἀπόκειται
855 1005 868 1018 ·
902 989 998 1044 καὶ
1028 990 1212 1055 αὐτὸς
1238 990 1575 1057 προσδοκία
1601 989 1811 1045 ἐθνῶν.
1854 989 1919 1042 Τί

338 1078 430 1137 οὖν
454 1083 637 1149 λέγεις
660 1083 791 1153 περὶ
815 1080 1011 1136 τούτου
1039 1099 1054 1148 ;
1091 1082 1201 1153 ἄρα
1224 1099 1288 1151 γε
1313 1083 1413 1136 οὐκ
1446 1083 1563 1136 ἐστι
1591 1083 1765 1136 ταῦτα
1796 1099 1811 1147 ;

410 1175 656 1229 EPBAN.
684 1176 920 1244 Οἴδαμεν
961 1175 1042 1228 ὅτι
1094 1174 1280 1243 μέλλει
1334 1175 1758 1246 παραγίνεσθαι,
1802 1174 1918 1228 ἀλλ’

338 1269 491 1325 οὔπω
520 1267 655 1344 ἧκεν
682 1286 694 1298 ’
724 1271 926 1325 ὁπόταν
957 1270 1012 1324 δὲ
1042 1269 1193 1342 ἔλθῃ,
1228 1268 1596 1341 πιστεύσομεν
1625 1273 1705 1334 είς
1731 1269 1915 1324 αὐτόν.

410 1448 521 1501 Καὶ
545 1449 587 1501 0
610 1447 829 1501 ΑΓΙΟΣ.
861 1446 1075 1508 Μεστδς
1106 1439 1155 1498 εἶ
1213 1444 1401 1508 ἀνοίας
1425 1460 1439 1474 ·
1497 1444 1787 1516 προσέχεις
1836 1445 1918 1499 ὅτι

340 1539 513 1609 λέγει,
547 1539 887 1607 Προσδοκία
923 1537 1116 1593 ἐθνῶν
1140 1540 1169 1591 ὁ
1214 1537 1507 1609 ἐρχόμενος
1529 1554 1543 1572 ·
1583 1537 1678 1591 καὶ
1715 1536 1916 1605 λέγεις,

342 1634 510 1688 Οὔπω
554 1629 739 1704 ἦλθεν.
781 1632 843 1686 Ei
899 1628 993 1686 οὖν
1044 1632 1145 1685 οὐκ
1195 1632 1525 1684 ἐπίστευσαν
1576 1631 1646 1683 τὰ
1674 1628 1803 1700 ἔθνη
1838 1630 1919 1692 είς

342 1726 525 1788 αὑτὸν,
559 1724 741 1787 καθὼς
774 1721 929 1777 εἶπεν
962 1726 990 1778 ό
1035 1723 1250 1786 Ἰακὼϐ,
1284 1722 1520 1791 εὐλόγως
1550 1721 1616 1776 ἂν
1636 1722 1785 1790 λέγει
1816 1721 1914 1789 (9),

340 1821 421 1872 ὅτι
446 1820 504 1871 οὗ
547 1818 902 1887 παρεγένετο,
931 1818 993 1870 Εἰ
1022 1817 1078 1870 δὲ
1112 1816 1257 1870 κατᾶ
1306 1816 1403 1886 τὴν
1438 1815 1782 1887 προφητείαν
1820 1812 1916 1866 τοῦ

340 1911 704 1982 πατριάρχου,
736 1912 807 1964 τὰ
836 1910 964 1981 ἔθνη
994 1910 1231 1981 ἧλπισαν
1282 1911 1361 1972 είς
1414 1909 1597 1970 αὑτὸν,
1650 1905 1918 1978 πρόδηλον
1952 1893 1994 1948 Β

340 2004 424 2056 ότι
450 2003 543 2055 καὶ
574 2002 828 2073 ἐλήλυθε,
861 2004 955 2057 καὶ
990 2004 1168 2073 μάτην
1218 2002 1437 2072 ληρεῖτε
1463 2001 1645 2071 ὑμεῖς,
1694 2016 1922 2070 ματαιο-

344 2093 682 2163 πονούμενοι.

408 2186 657 2239 EPBAN.
688 2184 967 2255 Θαυμάζω
999 2184 1080 2236 ὅτι
1124 2182 1210 2236 ἐπ’
1261 2181 1457 2252 ἀτιμίᾳ
1489 2179 1582 2235 τοῦ
1618 2179 1917 2252 προσώπου

340 2275 506 2329 αὑτοῦ
562 2274 694 2337 Θεὸς
736 2272 1049 2343 ὲσαρκώθη,
1077 2272 1144 2326 δι’
1172 2271 1323 2323 οὐδὲν
1346 2271 1533 2341 ἕτερον
1564 2270 1819 2322 εἰσελθὼν
1841 2272 1921 2334 είς

338 2368 429 2421 τὸν
458 2366 667 2437 κόσμον
698 2384 773 2428 τι,
812 2364 886 2435 μὴ
914 2365 1003 2418 ἵνα
1030 2362 1328 2433 συλληφθῇ,
1360 2363 1455 2415 καὶ
1491 2362 1697 2431 αὐξηθῇ
1726 2380 1919 2431 γεννη-

338 2460 473 2524 θεὶς,
501 2460 597 2511 καὶ
624 2458 875 2529 πραθεὶς,
899 2458 995 2511 καὶ
1030 2456 1345 2526 κρατηθεὶς,
1388 2454 1482 2507 καὶ
1540 2455 1918 2524 φυλακισθεὶς,

340 2552 433 2605 καὶ
460 2550 815 2621 σταυρωθεὶς,
847 2550 945 2602 καὶ
969 2548 1107 2601 πιὼν
1130 2548 1245 2612 ὅξος
1278 2549 1375 2601 καὶ
1403 2547 1587 2618 χολὴν,
1621 2548 1717 2601 καὶ
1748 2548 1917 2620 λόγχῃ

339 2642 522 2708 νυγεὶς
546 2640 645 2709 τὴν
676 2639 937 2709 πλευρὰν,
960 2640 1054 2692 καὶ
1081 2639 1369 2708 κεκραγὼς
1412 2639 1721 2692 ἀποθανών.
1771 2637 1916 2690 Θαυ-

343 2730 498 2797 μάζω
527 2730 610 2781 ὅτι
640 2729 729 2783 διὰ
757 2729 950 2788 ταῦτα.
975 2723 1019 2781 ὦ
1042 2729 1461 2798 ἀρχιεπίσκοπε,
1480 2728 1555 2792 ὡς
1578 2730 1641 2781 σὺ
1662 2730 1915 2796 φάσκεις,

341 2820 695 2889 παρεγένετο.
734 2822 993 2890 Ἀμεινον
1026 2821 1107 2874 ὅτι
1152 2820 1260 2873 οὐδ’
1296 2822 1454 2890 ὑμεῖς
1506 2823 1557 2873 oi
1594 2820 1918 2891 Χριστιανοὶ

339 2912 633 2966 ἐπίστασθε
651 2912 775 2965 τίνα
795 2914 954 2979 εἰσὶν,
989 2914 1131 2985 ἅπερ
1154 2912 1251 2966 νῦν
1272 2912 1646 2984 διαγορεύετε.

410 3091 521 3144 Καὶ
548 3093 589 3145 0
619 3092 834 3143 ΑῙΊΟΣ.
862 3090 968 3143 Ναὶ
995 3092 1080 3142 ἐπ’
1101 3090 1297 3159 ἀτιμίᾳ
1317 3089 1410 3143 τοῦ
1434 3090 1726 3161 προσώπου
1752 3088 1915 3144 αὑτοῦ

2028 630 2283 693 adhibes,
2324 632 2404 686 sic
2432 648 2534 703 ego
2574 649 2753 703 neque
2793 634 2904 688 tuis
2935 635 3125 689 credo.

2099 724 2155 779 S.
2194 724 2400 780 ARCH.
2443 724 2612 779 Jacob
2670 726 2799 780 ﬁliis
2848 728 2966 782 suis
3009 727 3350 784 benedicens
3406 728 3549 785 dixit
3588 750 3602 787 :

2026 814 2141 869 Non
2173 816 2374 883 deﬁciet
2427 817 2669 887 princeps
2723 834 2785 871 ex
2814 817 2976 879 Iuda.
3034 827 3083 873 et
3140 821 3248 874 dua:
3304 823 3367 874 de
3410 822 3607 891 {emere

2026 908 2212 977 ipsius,
2245 908 2407 960 donec
2432 908 2606 961 veniat
2639 909 2776 978 quod
2817 922 3160 965 reservatur:
3187 920 3235 963 et
3286 914 3396 982 ipse
3445 930 3605 983 expe-

2027 999 2189 1051 ctatio
2214 1000 2449 1068 gentium
2478 1001 2543 1051 ¹¹.
2590 999 2731 1065 Quid
2774 1000 2941 1071 igitur
2988 1002 3056 1057 de
3083 1003 3189 1059 hoc
3221 1004 3487 1059 vaticinio
3517 1005 3606 1059 di-

2026 1089 2145 1143 cis?
2174 1106 2283 1143 non
2314 1092 2430 1145 hac
2456 1092 2530 1146 ita
2564 1093 2739 1147 sunt?

2098 1180 2301 1235 llERB.
2336 1181 2552 1237 Scimus
2582 1185 2807 1253 quidem
2831 1194 3129 1240 venturum
3160 1202 3305 1250 esse.
3346 1188 3441 1242 sed
3466 1202 3605 1244 non-

2026 1273 2160 1328 dum
2195 1275 2368 1331 venit.
2401 1274 2539 1331 Cum
2570 1287 2753 1332 autem
2796 1279 3038 1345 venerit,
3085 1278 3145 1333 in
3184 1280 3367 1349 ipsum
3412 1280 3607 1335 crede-

2025 1382 2169 1420 IDUS.

2097 1458 2153 1512 S.
2190 1458 2395 1514 ARCH.
2450 1459 2707 1515 Amentia
2756 1462 2955 1532 plenus
2993 1478 3053 1518 es
3095 1479 3109 1516 :
3160 1461 3403 1517 attendis
3455 1460 3605 1531 quod

2026 1548 2182 1613 dicit,
2214 1549 2550 1620 Exepectatio
2572 1555 2808 1622 gentium
2835 1555 2929 1623 qui
2961 1555 3115 1608 venit
3150 1572 3164 1607 :
3195 1564 3251 1609 et
3280 1553 3440 1619 dicis,
3467 1570 3609 1608 non-

2027 1643 2158 1698 dum
2190 1646 2427 1699 venisse.
2461 1646 2519 1699 Si
2550 1655 2743 1715 gentes
2781 1647 2834 1700 in
2864 1648 3041 1717 ipsum
3064 1662 3172 1701 non
3211 1646 3602 1710 credidissent,

2025 1736 2489 1805 quemadmodum
2519 1738 2688 1793 Jacob
2713 1740 2873 1803 dixit,
2909 1748 3347 1794 consentaneum
3380 1739 3603 1795 diceres

2025 1847 2151 1887 eum
2192 1848 2306 1885 non
2364 1832 2602 1887 venisse.
2661 1831 2767 1886 Sed
2824 1830 2869 1886 si
2930 1831 3239 1886 secundum
3271 1831 3601 1900 patriarcha:

2020 1924 2345 1979 vaticinium
2378 1931 2571 1994 gentes
2620 1924 2675 1977 in
2713 1925 2893 1994 ipsum
2942 1934 3341 1993 speraverant,
3391 1926 3606 1994 perspi-

2022 2030 2187 2068 cuum
2212 2013 2362 2083 quod
2387 2014 2562 2078 venit,
2589 2022 2645 2068 et
2672 2013 2876 2068 frustra
2918 2006 3187 2068 deliratis
3208 2029 3328 2079 vos,
3360 2014 3605 2069 inaniter

2022 2106 2362 2160 laborantes.

2093 2198 2300 2253 llERB.
2333 2198 2499 2253 Miror
2524 2199 2698 2255 Deum
2727 2198 2796 2253 ad
2820 2206 3202 2268 contemptum
3221 2214 3471 2268 persona:
3489 2214 3603 2253 sua:

2019 2303 2075 2347 et
2102 2290 2482 2361 ignominiam,
2539 2307 2765 2346 carnem
2815 2292 3116 2359 sumpsisse
3145 2308 3157 2343 :
3190 2306 3296 2346 nec
3333 2291 3404 2344 ob
3437 2291 3607 2344 aliam

2020 2396 2242 2436 causam
2270 2382 2324 2435 in
2354 2381 2624 2434 mundum
2659 2382 2898 2444 venisse,
2950 2381 3058 2434 nisi
3090 2389 3152 2435 ut
3185 2380 3599 2449 conciperetur,

2019 2483 2076 2528 et
2102 2484 2265 2529 natus
2294 2483 2592 2536 cresceret.
2628 2482 2685 2528 et
2713 2473 2991 2536 venditus,
3043 2481 3100 2528 et
3127 2483 3345 2543 captus,
3402 2480 3458 2526 et
3502 2488 3597 2526 cu-

2020 2566 2282 2630 stoditus,
2318 2576 2373 2621 et
2404 2568 2459 2620 in
2486 2582 2712 2620 crucem
2738 2575 2921 2629 actus,
2944 2576 3000 2620 et
3021 2575 3181 2620 aceto
3205 2576 3261 2620 et
3288 2565 3413 2620 felle
3444 2572 3599 2634 poto,

2019 2660 2324 2728 lanceaque
2354 2668 2581 2727 pectore
2616 2659 2897 2723 confosso,
2946 2659 3192 2712 clamore
3228 2657 3604 2717 cdito,more-

2024 2760 2198 2804 retur.
2246 2750 2434 2815 Miror,
2465 2750 2743 2819 ‘inquam,
2789 2765 2822 2803 o
2881 2749 3325 2818 archiepiscope,
3371 2756 3602 2817 propter

2020 2844 2162 2897 hanc
2200 2857 2443 2902 causam,
2466 2844 2611 2897 sicut
2634 2850 2690 2894 tu
2716 2841 2832 2909 ipse
2860 2855 3166 2904 asseveras,
3197 2854 3325 2893 eum
3350 2838 3598 2892 venisse.

2019 2932 2126 2989 Sed
2156 2941 2379 3002 praestat
2408 2941 2463 2986 et
2512 2932 2712 2985 melius
2745 2940 2831 2985 est
2883 2931 3141 3001 ignorare
3181 2944 3281 2985 vos
3310 2944 3374 2984 ea
3408 2930 3599 3000 cujus-

2019 3025 2169 3079 modi
2206 3034 2358 3089 sunt,
2390 3040 2513 3093 qua:
2536 3005 2876 3092 prmdicatis.

2092 3117 2150 3172 S.
2185 3116 2391 3172 ARCll.
2418 3116 2583 3171 Certe
2609 3116 2665 3170 in
2702 3113 3061 3185 ignominiam
3089 3111 3176 3166 sui
3214 3111 3399 3166 vultus
3423 3110 3596 3176 venit,

340 3179 498 3257 ἧκεν,
533 3186 620 3238 ἴνα
639 3185 727 3237 διὰ
761 3184 862 3250 τῆς
890 3182 1115 3259 ἀτιμίας
1176 3182 1341 3236 αὑτοῦ
1389 3183 1695 3253 τιμηθῶσιν
1733 3186 1782 3237 oi
1826 3202 1913 3236 πι-

2021 3217 2081 3264 ut
2114 3211 2235 3279 ejus
2271 3216 2595 3277 contemptu
2630 3215 2688 3262 et
2722 3179 2949 3277 probro,
2988 3205 3024 3258 ii
3051 3204 3147 3274 qui
3178 3204 3233 3257 in
3258 3203 3438 3273 ipsum
3472 3217 3597 3257 cre-

342 3277 620 3340 στεύοντες
668 3278 747 3340 εἰς
770 3276 954 3337 αὑτὸν,
1007 3274 1296 3344 ρυσθέντες
1320 3275 1419 3344 τῆς
1450 3276 1695 3343 ἀτιμίας,
1726 3278 1824 3346 τῆς
1856 3278 1913 3328 ὲν

353 3368 514 3437 Ἐδὲμ
543 3367 906 3437 παραϐάσεως
940 3383 952 3393 ·
987 3365 1125 3435 πλὴν
1171 3364 1442 3435 Ἱερεμίας
1471 3366 1524 3417 τί
1550 3365 1746 3433 λέγων,
1783 3383 1915 3436 προ-

340 3461 563 3533 φητεύει
593 3460 721 3531 περὶ
759 3460 857 3529 τῆς
884 3458 1048 3512 αὑτοῦ
1097 3458 1308 3525 ἐνδόξου
1353 3460 1677 3529 παρουσίας,
1727 3457 1912 3526 Οὗτος

340 3559 370 3608 ό
413 3554 557 3619 Θεὸς
590 3552 776 3621 ἡμῶν,
818 3554 889 3605 οὐ
922 3550 1350 3618 λογισθήσεται
1387 3551 1587 3619 ἕτερος
1626 3552 1774 3618 πρὸς
1804 3555 1911 3605 αὺ-

338 3647 463 3699 τόν’
495 3644 701 3711 ἐξεῦρε
728 3642 935 3697 πᾶσαν
964 3642 1107 3697 ὁδὸν
1135 3642 1497 3711 ἐπιστήμης,
1544 3644 1638 3697 καὶ
1692 3644 1915 3698 ἔδωκεν

352 3739 563 3793 Ἰακὼϐ
585 3736 665 3802 τῷ
698 3738 865 3790 παιδὶ
897 3736 1106 3802 αὑτοῦ,
1138 3737 1237 3790 καί
1277 3738 1528 3806 Ἰσραὴλ
1565 3738 1644 3804 τῷ
1679 3738 1910 3807 ἠγαπη-

336 3832 498 3903 μένῳ
526 3832 626 3887 ὑπ’
657 3829 843 3884 αὐτοῦ
861 3845 881 3893 ;

410 3922 658 3977 ΕΡΒΑΝ.
706 3921 842 3991 Περὶ
879 3918 973 3974 τοῦ
1002 3919 1139 3974 Θεοῦ
1173 3920 1267 3973 τοῦ
1318 3920 1485 3991 νόμου
1520 3922 1721 3986 πάντος
1755 3921 1913 3977 τοῦτο

340 4013 509 4083 ἔφησε
535 4028 550 4043 ⁸
583 4012 678 4064 καὶ
724 4013 847 4081 ἐμοὶ
888 4013 966 4074 είς
1002 4011 1251 4082 βοήθειαν
1287 4012 1552 4083 ἁρμόττει
1580 4012 1719 4083 αὕτη
1760 4015 1793 4084 ἡ
1823 4014 1913 4067 λέ-

341 4105 421 4171 ξις
451 4120 467 4134 ·
502 4100 684 4158 πᾶσαν
726 4104 836 4174 γὰρ
878 4102 996 4155 ὁδὸν
1047 4104 1360 4173 ἐπιστήμης
1414 4105 1550 4173 ἡμῖν
1613 4108 1727 4169 τοῖς
1777 4109 1912 4170 υἱοῖς

350 4196 542 4251 Ἰακὼϐ
566 4194 806 4265 ἐξευρὼν
840 4195 1073 4250 δέδωκεν
1116 4196 1144 4247 ὁ
1192 4194 1323 4256 Θεὸς
1358 4194 1433 4258 ὡς
1470 4196 1777 4265 ἀγαπητοῖς
1816 4200 1912 4252 αὑ-

337 4288 431 4344 τοῦ
455 4289 551 4342 κα.)⁸
583 4288 822 4352 τέκνοις,
854 4288 948 4340 καὶ
978 4286 1360 4355 κληρονόμοις.

408 4381 517 4437 Καὶ
571 4382 615 4434 0
670 4380 888 4433 ΛΓΙΟΣ.
934 4378 1147 4450 Ἰσραὴλ
1186 4379 1217 4431 ὁ
1257 4380 1684 4452 ἡγαπημένος,ό
1710 4383 1913 4455 Κύριός

341 4490 445 4541 μου
474 4472 741 4542 πέφυκεν,
774 4466 819 4525 ὧ
851 4473 1067 4542 ἀνοήτε,
1102 4471 1197 4526 καὶ
1236 4470 1431 4524 Ἰακὼϐ
1456 4471 1519 4526 τὸ
1551 4474 1784 4541 παιδίον,
1808 4477 1913 4548 Ἰη-

2022 3303 2182 3366 dunt,
2219 3302 2429 3355 honore
2462 3300 2769 3353 allieiantur
2792 3339 2805 3363 ,
2837 3296 3141 3368 ignominia
3178 3295 3428 3359 liberati,
3461 3310 3597 3349 con-

2022 3400 2195 3446 tracta
2220 3408 2288 3447 ex
2320 3391 2759 3461 transgressione
2793 3391 2937 3444 facta
2969 3390 3024 3443 in
3056 3389 3209 3443 Eden
3254 3404 3267 3440 :
3311 3396 3596 3443 verumta-

2022 3500 2146 3539 men
2174 3483 2306 3553 quid
2338 3484 2608 3539 Jeremias
2625 3483 2692 3538 de
2722 3484 2843 3552 ejus
2872 3483 3112 3552 glorioso
3132 3482 3371 3539 adventu
3407 3478 3597 3534 vatici-

2020 3585 2205 3641 natur,
2230 3576 2420 3630 dicens
2446 3593 2458 3627 :
2492 3575 2587 3629 Hic
2618 3575 2755 3628 Deus
2783 3584 2855 3628 est
2890 3583 3097 3639 noster;
3134 3591 3238 3626 non
3261 3572 3597 3642 reputabitur

2021 3665 2157 3719 alter
2196 3665 2265 3719 ad
2292 3681 2411 3718 eum
2436 3680 2453 3718 :
2481 3666 2679 3718 invenit
2700 3680 2909 3717 omnem
2937 3666 3075 3717 viam
3098 3663 3354 3727 screntiaz,
3375 3668 3425 3713 et
3454 3660 3596 3712 dedit

2019 3755 2179 3809 Iacob
2206 3772 2367 3824 puero
2389 3771 2504 3819 suo,
2524 3762 2571 3807 et
2597 3752 2788 3807 Israeli
2814 3752 3002 3805 dilecto
3035 3768 3130 3803 suo
3162 3753 3204 3781 ”
3229 3750 3251 3802 ’ί

2090 3934 2295 3990 HERB.
2326 3932 2402 3987 De
2434 3933 2545 3987 Deo
2576 3931 2715 4001 legis
2743 3944 2971 3999 prorsus
3003 3928 3110 3984 hoc
3154 3927 3314 3993 dixit,
3359 3935 3415 3981 et
3456 3926 3594 3982 mihi

2020 4025 2075 4079 in
2112 4024 2376 4079 auxilium
2427 4022 2684 4092 congruit
2738 4021 2856 4074 hac
2913 4018 3105 4072 dictio.
3162 4015 3394 4071 Omnem
3442 4016 3596 4069 enim

2020 4117 2165 4171 viam
2219 4114 2466 4171 scientiae
2515 4113 2677 4167 nobis
2713 4110 2840 4165 ﬁliis
2888 4109 3060 4164 Jacob
3105 4108 3385 4163 inventam
3442 4106 3597 4161 dedit

2020 4212 2166 4267 Deus
2196 4219 2453 4279 tanquam
2480 4205 2699 4261 dilectis
2729 4213 2785 4259 et
2821 4203 2949 4258 ﬁliis
2982 4202 3100 4258 suis
3136 4200 3476 4258 baeredibuS.

2088 4386 2257 4458 605
2284 4386 2341 4440 S.
2368 4382 2575 4439 ARCH.
2627 4384 2791 4439 Israel
2819 4383 3077 4447 dilectus,
3125 4381 3393 4437 Dominus
3438 4395 3597 4435 meus

2021 4478 2113 4535 ille
2143 4479 2268 4542 fuit,
2301 4492 2336 4531 o
2371 4478 2593 4543 insane;
2628 4485 2685 4531 et
2717 4476 2889 4531 Jacob
2919 4476 3126 4531 ﬁliolus
3151 4476 3270 4531 sive
3304 4475 3596 4545 parvulus.

341 4562 467 4627 συῦς
487 4564 767 4634 Χριστὸςό
799 4564 925 4627 Υἱὸς
952 4563 1046 4616 τοῦ
1067 4563 1206 4617 Θεοῦ
1246 4566 1415 4620 ἐστιν.
1464 4565 1642 4635 ’Υμᾶς
1672 4567 1729 4621 δὲ
1760 4568 1910 4631 υἱοὺς

2017 4572 2175 4628 Jesus
2197 4569 2452 4625 Christus
2484 4567 2631 4623 ﬁlius
2660 4568 2756 4624 Dei
2779 4576 2887 4623 est.
2918 4568 3027 4622 Vos
3062 4575 3248 4622 autem
3274 4566 3417 4621 ﬁlios
3450 4565 3591 4620 alie-

338 4655 653 4727 ἀλλοτρίους
672 4655 761 4709 διὰ
782 4655 949 4709 Δαϐὶδ
975 4655 1354 4725 κατωνόμασε,
1383 4658 1478 4711 καὶ
1510 4659 1600 4715 διὰ
1637 4660 1908 4726 Ἰωάννου,

338 4750 654 4819 γεννήματα
678 4747 921 4818 ἐχιδνῶν.
954 4747 1067 4803 Καὶ
1098 4749 1146 4801 εί
1185 4749 1455 4811 ἀπιστεῖς,
1489 4744 1535 4804 ὧ
1562 4751 1810 4816 ἀσύνετε,
1850 4751 1913 4805 τὸ

338 4839 466 4909 ἑξῆς
500 4840 600 4894 τοῦ
638 4839 826 4909 στίχου
853 4839 1127 4909 σκόπησον
1156 4856 1171 4871 ο
1197 4839 1360 4894 Μετά
1386 4840 1453 4893 δὲ
1486 4842 1691 4907 ταῦτα,
1724 4844 1909 4912 φησὶν,

339 4932 435 4986 ἐπὶ
461 4931 572 4997 τῆς
604 4930 715 5000 τῆς
749 4931 940 4999 ὤφθη.
974 4930 1073 4984 καὶ
1116 4930 1239 4995 τοῖς
1291 4930 1625 4997 ἀνθρώποις
1680 4949 1910 4987 συναν-

336 5024 630 5093 εστρὰφη.
682 5024 837 5078 Μετὰ
882 5026 1012 5076 ποῖα
1048 5022 1263 5087 suum;
1303 5024 1461 5079 Μετὰ
1495 5022 1557 5076 τὸ
1603 5025 1692 5078 τὸν
1745 5028 1909 5097 νόμον

338 5116 546 5177 δοῦναι,
576 5118 713 5186 μετὰ
740 5115 800 5169 τδ
837 5116 1123 5186 προφήτας
1150 5118 1473 5185 παρασχεῖν,
1511 5116 1650 5186 μετὰ
1678 5118 1737 5171 τὸ
1761 5120 1912 5173 τελέ-

339 5226 430 5261 σαι
464 5210 640 5261 πάντα
679 5209 781 5261 ὅσα
819 5210 875 5261 ὲν
904 5208 981 5276 τῷ
1018 5207 1169 5276 νόμῳ
1203 5207 1491 5277 ἠθέλησεν.

408 5301 654 5353 ΕΡΒΑΝ.
720 5300 1109 5364 ’Υποτοπάζεις
1146 5302 1226 5353 ὃτι
1274 5301 1479 5363 ἐκεῖνός
1519 5303 1667 5354 ἐστιν
1705 5305 1733 5356 ὁ
1779 5303 1912 5369 Θεὸς

335 5391 517 5461 ἡμῶν,
548 5394 678 5462 περὶ
701 5385 761 5446 οὗ
784 5389 938 5446 εἶπεν
966 5395 995 5445 ὁ
1019 5395 1325 5464 προφήτης,
1348 5394 1429 5447 ὅτι
1448 5396 1529 5449 Οὐ
1545 5396 1907 5467 λογισθήσε-

336 5501 430 5536 ται
459 5484 656 5552 ἔτερος
685 5486 834 5550 πρὸς
872 5487 1095 5549 αὐτόν;

410 5576 517 5628 Καὶ
545 5576 586 5626 0
612 5576 828 5631 ΑΓΙΟΣ,
861 5575 1158 5645 Προσέχεις
1180 5576 1258 5628 ὃτι
1286 5576 1455 5644 λέγει,
1489 5574 1676 5645 Οὗτος
1708 5584 1741 5635 ό
1765 5582 1908 5651 Θεὸς

410 5687 449 5717 ¹¹
481 5687 617 5743 Gen.
640 5704 785 5753 mx,
822 5688 905 5741 lO.
986 5690 1028 5719 ¹²
1074 5689 1287 5742 Baruch
1323 5706 1399 5755 ιιι,
1427 5691 1516 5755 56,
1548 5693 1636 5745 57.

2009 4679 2111 4720 nos
2131 4678 2230 4732 per
2270 4661 2885 4723 Davidemnominavit,
2937 4670 2994 4715 et
3020 4675 3119 4729 per
3156 4659 3451 4723 Joannem,
3505 4659 3593 4710 vi-

2008 4769 2269 4825 perarum
2292 4753 2632 4823 progeniem.
2660 4752 2818 4818 Quod
2839 4753 2885 4806 si
2917 4768 3027 4805 non
3052 4750 3255 4813 credis,
3280 4764 3314 4803 o
3338 4749 3590 4813 demens,

2008 4846 2165 4917 quod
2200 4845 2474 4913 reliquum
2510 4852 2596 4899 est
2643 4860 2858 4905 versus,
2906 4842 3196 4897 considera
3238 4858 3252 4894 :
3302 4840 3427 4894 Post
3482 4841 3598 4894 Ιιιεσ

2008 4938 2179 5002 enim,
2201 4937 2355 5000 dicit,
2382 4938 2435 4990 in
2462 4936 2615 4989 terris
2639 4938 2777 4989 visus
2800 4944 2895 4997 est,
2914 4942 2971 4999 [et
2994 4950 3113 4986 cum
3140 4933 3433 4987 hominibus
3462 4948 3591 4985 con-

2010 5038 2272 5084 uersatus.
2309 5027 2442 5081 Post
2480 5041 2602 5095 quae
2636 5026 2795 5081 btec?
2831 5025 2959 5078 Post
3006 5023 3183 5093 legem
3211 5022 3418 5088 datam,
3467 5029 3593 5092 post

1964 5146 1969 5149 -
2008 5120 2313 5191 prophetas
2369 5118 2587 5181 missos,
2626 5125 2917 5186 postquam
2965 5115 3199 5186 perfecit
3245 5116 3432 5171 omnia
3466 5131 3593 5186 qua:

2010 5216 2069 5270 in
2094 5216 2211 5283 lege
2248 5212 2444 5267 voluit.

2084 5306 2288 5361 HERB.
2317 5303 2607 5373 Conjectas
2645 5303 2794 5373 quod
2853 5303 2946 5357 ille
2968 5309 3054 5358 est
3095 5303 3243 5357 Deus
3272 5309 3482 5364 noster,
3519 5300 3588 5355 de

2012 5416 2125 5471 quo
2154 5397 2293 5453 dixit
2319 5398 2586 5468 propheta
2625 5437 2641 5463 ,
2686 5397 2834 5467 quod
2894 5396 3013 5450 Non
3034 5396 3422 5451 existimabitur
3450 5392 3591 5447 alter

2135 5491 2267 5543 um?

2135 5508 2165 5543 ιι
2243 5493 2267 5543 ?

2013 5493 2141 5639 ηαξ.
2172 5508 2382 5638 7ἒΡιΟΗ.
2417 5582 2673 5637 Attendis
2691 5581 2839 5652 quod
2868 5580 3004 5637 dicit
3038 5598 3050 5634 ε
3087 5580 3184 5635 Hic
3207 5581 3345 5635 Deus
3369 5586 3581 5642 noster,

1856 5785 2087 5842 NOTZE.

411 5866 486 5937 (8)
522 5870 583 5921 Ὀ
608 5871 933 5924 ἀπόκειται.
963 5872 1042 5924 Τὰ
1076 5874 1408 5942 ἀποκείμενα
1433 5874 1589 5943 αὐτῇ.
1626 5875 1695 5929 In.

2091 5879 2166 5949 (9)
2203 5877 2390 5946 Λέγει.
2430 5877 2649 5947 Ἐλεγες
2678 5886 2771 5931 aut
2796 5877 2991 5945 λέγεις.
3020 5875 3095 5929 Io.
