4094 6540
457 439 564 502 635

1471 437 1532 496 S.
1571 437 1997 498 GREGENTII
2040 437 2277 498 EPlSC.
2316 435 2849 499 TAPHARENSIS

3615 437 3720 501 686

454 565 512 611 et
542 553 688 624 quod
718 553 810 608 ille
835 552 952 623 ipse
988 560 1176 622 postea
1205 568 1217 605 :
1247 551 1309 606 In
1338 553 1494 607 terris
1534 555 1672 608 visus
1711 564 1806 614 est,
1837 562 1886 608 et
1910 572 2029 609 cum

2152 553 2324 622 ᾗμῶν.
2365 554 2460 608 καὶ
2496 555 2577 608 ὅτι
2601 555 2810 615 ἐκεῖνος
2840 549 3006 615 αύτὸς
3052 549 3190 621 μετὰ
3233 549 3430 617 ταῦτα,
3463 549 3564 606 ἐπὶ
3607 552 3719 622 τῆς

455 646 750 702 hominibus
786 653 1122 700 conversatus
1153 654 1229 698 est
1266 662 1284 700 :
1320 655 1378 700 et
1415 645 1576 710 dicis,
1615 648 1896 716 conjectas
1923 648 2038 703 sive

460 737 808 808 suspicaris?
850 737 1139 804 Quomodo
1177 738 1330 792 visus
1383 747 1468 793 est
1499 739 1857 794 hominibus?
1892 741 2039 794 nuda

461 830 698 899 simplici
723 829 1046 883 divinitate?
1070 829 1233 883 Nullo
1260 829 1446 885 modo.
1487 830 1624 896 Quis
1655 830 1805 885 enim
1854 839 2042 901 potest

461 921 626 997 nuda.
644 919 886 974 essentia
927 921 1126 984 Deum,
1177 920 1342 976 sicuti
1380 930 1488 985 est,
1547 921 1774 976 videre?
1819 921 2037 988 Nullus,

463 1013 682 1082 Opinor.
711 1010 818 1066 nisi
852 1028 1082 1081 prorsus
1111 1013 1427 1068 voluntarie
1462 1013 1628 1068 homo
1658 1015 1838 1070 factus
1869 1023 2037 1070 esset.

533 1102 739 1158 HERB.
789 1104 909 1158 Jam
959 1114 1087 1159 ante
1113 1105 1248 1170 dixi,
1306 1123 1432 1161 eum
1461 1107 1526 1161 ad
1575 1107 1932 1176 ignominiam
1987 1116 2044 1162 et

463 1197 856 1252 contumeliam
893 1197 979 1251 sui
1009 1197 1067 1251 in
1097 1198 1365 1253 mundum
1391 1201 1632 1255 venisse.

538 1285 595 1341 S.
631 1286 838 1342 ARCH.
877 1286 1300 1343 Contumeliane
1328 1299 1432 1353 est,
1485 1305 1518 1343 ο
1548 1305 1712 1352 caece,
1738 1289 1885 1358 quod
1919 1305 2044 1344 cum

478 1375 570 1430 hic
603 1375 775 1437 venit,
808 1380 1056 1446 leprosos
1101 1386 1336 1440 vestros,
1391 1393 1424 1430 ο
1477 1378 1662 1441 miser,
1714 1378 2046 1431 inundavit?

466 1465 613 1535 quod
646 1481 866 1520 omnem
914 1467 1170 1521 morbum
1230 1477 1284 1521 et
1335 1468 1656 1536 languorem
1709 1468 1901 1522 abhis
1949 1469 2044 1538 qui

467 1557 613 1612 inter
639 1573 736 1611 vos
763 1559 1124 1626 aegrotabant,
1153 1559 1482 1630 proﬂigavit,
1514 1567 1568 1613 et
1594 1559 1904 1614 daemonum
1931 1569 2047 1614 tur-

467 1649 568 1703 bas
599 1664 663 1702 ac
696 1649 942 1718 legiones
967 1649 1190 1718 abegit?
1217 1650 1364 1718 quod
1415 1665 1582 1719 super
1625 1651 1763 1704 mari
1811 1651 2048 1719 pedibus

476 1738 801 1801 ambulavit,
836 1748 892 1792 et
921 1739 1168 1808 quinque
1204 1742 1443 1810 panibus
1478 1743 1725 1811 quinque
1761 1743 2045 1796 hominum

466 1830 638 1884 millia
665 1831 975 1899 saturavit?
1009 1840 1174 1901 atque
1219 1833 1290 1887 ob
1342 1834 1459 1889 haec
1487 1835 1673 1889 omnia
1719 1836 1964 1890 animum
1990 1844 2048 1890 et

466 1930 707 1975 mentem
757 1923 809 1976 ei
862 1938 974 1977 non
1025 1923 1383 1979 adhibuistis.
1436 1926 1642 1981 Contra
1697 1944 1830 1982 vero
1874 1929 2046 1998 magis

465 2011 617 2065 hunc
639 2011 818 2080 ipsum
845 2013 1105 2067 aiilictum
1128 2024 1184 2067 et
1210 2024 1462 2068 vexatum
1492 2015 1900 2070 condemnastis
1933 2015 2048 2070 l‘ru-

467 2113 600 2169 stra,
626 2114 680 2161 et
709 2105 764 2160 in
805 2121 1026 2160 crucem
1063 2107 1391 2161 sustulistis.
1435 2105 1518 2160 Ob
1551 2122 1785 2176 eamque
1822 2122 2042 2160 causam

469 2195 807 2248 contumelia
838 2195 1099 2249 atl‘ectum
1134 2195 1296 2250 dicis.
1345 2194 1488 2262 Quin
1531 2196 1716 2264 potius
1748 2204 2044 2264 propterea

466 2284 734 2354 viiipendi
757 2293 812 2338 et
834 2285 1140 2354 ignominia
1170 2283 1310 2339 aﬂici
1347 2284 1637 2347 sustinuit,
1694 2292 1755 2337 ut
1791 2283 1919 2338 inde
1951 2301 2046 2338 ve-

467 2387 582 2432 stra
640 2375 970 2445 improbitas
1005 2392 1069 2432 ac
1101 2377 1344 2446 pravitas
1401 2376 1696 2430 manifesta
1735 2383 2048 2444 appareret,

469 2480 633 2533 quam
667 2465 833 2519 etiam
873 2477 1029 2520 extra
1053 2466 1234 2535 ipsum
1280 2467 1336 2521 in
1391 2468 1556 2522 corde
1605 2477 1794 2523 vestro
1834 2484 2052 2538 semper

469 2554 686 2623 geritis,
741 2564 797 2610 et
831 2572 960 2625 qua,
1007 2556 1330 2625 priusquam
1362 2558 1428 2611 ad
1464 2573 1567 2612 vos
1620 2558 1735 2628 ipse
1782 2561 2048 2623 venisset,

468 2646 685 2701 Naboth
717 2648 862 2701 saxis
914 2647 1177 2701 obrutum
1226 2647 1608 2713 interemistis,
1648 2650 1826 2704 Eliam
1871 2651 2051 2706 horri-

471 2736 571 2791 bili
601 2738 873 2808 gravitate
905 2739 1186 2807 persecuti
1238 2740 1376 2794 estis
1413 2740 1778 2810 quadraginta
1826 2742 2044 2797 dierum

471 2828 601 2892 iter,
662 2828 856 2883 Isaiam
905 2845 1058 2883 serra
1108 2831 1385 2894 secuistis,
1432 2831 1730 2886 Jeremiam
1795 2832 1850 2888 in
1886 2850 2046 2890 caeno

469 2917 670 2988 iaculis
683 2928 738 2974 et
757 2920 882 2973 telis
907 2919 1282 2989 impetivistis,
1317 2921 1610 2976 infantium
1636 2911 2045 2978 multitudinem

469 3010 794 3081 iugulastis,
829 3010 1150 3065 Zachariam
1205 3010 1588 3076 interfecistis,
1631 3012 1899 3068 Joannem
1943 3015 2046 3069 ob-

475 3103 797 3157 truncastis.
855 3103 1020 3169 Quid,
1056 3103 1206 3173 quod
1250 3103 1417 3158 etiam
1469 3105 1716 3174 ipsorum
1751 3106 2044 3162 Dominum

2139 644 2253 715 τῆς
2277 644 2463 714 ὤφθη,
2505 643 2604 698 καὶ
2645 643 2770 709 τοῖς
2809 641 3143 711 ἀνθρώποις
3196 644 3668 714 συνανεστράφη
3697 660 3714 676 ο

2139 735 2236 789 καὶ
2255 734 2868 804 λέγεις,⁹Υποτοπὰζεις
2895 751 2911 800 ;
2950 734 3071 796 Πῶς
3093 733 3148 788 δὲ
3185 733 3342 805 ὤφθη
3373 737 3488 799 τοῖς
3513 734 3721 808 ἀνθρὼ-

2142 845 2265 892 ποις
2295 846 2310 895 ς
2354 829 2540 900 Γυμνῇ
2586 832 2651 900 τῇ
2684 828 2896 898 θεότητι
2927 845 2942 893 ;
2971 827 3258 898 Οὐδαμῶς.
3291 828 3388 892 Τίς
3421 830 3530 900 γὰρ
3560 829 3722 883 δύνα·

2140 938 2232 975 ται
2265 921 2470 990 γυμνὸν
2497 923 2562 992 τῇ
2587 919 2768 990 οὐσία,
2809 919 2885 983 ὡς
2929 919 3068 983 ἐστι,
3109 920 3406 976 θεάσασθαι
3436 939 3452 989 ;
3507 922 3718 988 Οὐδεὶς,

2141 1008 2318 1082 οἶμαι,
2348 1015 2396 1066 εί
2434 1013 2508 1085 μὴ
2546 1014 2764 1074 πάντως
2795 1011 3121 1076 ἐθελουσίως
3153 1013 3370 1080 ἐγένετο
3411 1012 3718 1084 ἄνθρωπος.

2216 1103 2462 1157 EPBAN.
2511 1101 2804 1172 Προλασὼν
2859 1101 3081 1173 εἴρηκα,
3128 1103 3211 1156 ὅτι
3257 1104 3345 1157 ἐπ’
3393 1104 3590 1178 ἀτιμίᾳ
3629 1105 3722 1160 καὶ

2145 1195 2300 1264 ὕϐρει
2324 1196 2489 1249 αὐτοῦ
2522 1197 2601 1259 είς
2637 1195 2730 1249 τὸν
2763 1194 2968 1265 κόσμον
3007 1195 3368 1268 παρεγένετο.

2219 1288 2328 1342 Καὶ
2369 1290 2411 1341 Ο
2455 1287 2674 1342 ΑΓΙΟΣ.
2739 1288 2938 1358 ’Ὕϐρις
2987 1287 3105 1341 ἐστὶ
3164 1287 3342 1355 τοῦτο,
3403 1288 3590 1356 τυφλὲ,
3639 1290 3723 1344 ὅτι

2143 1381 2270 1442 τοὺς
2301 1377 2537 1450 λεπροὺς
2562 1377 2740 1448 ὑμῶν,
2787 1377 2961 1438 ἄθλιε,
3001 1379 3296 1450 ὲκαθάρισε
3340 1381 3722 1450 παραγενόμε-

2146 1487 2235 1533 νος
2262 1487 2276 1536 ;
2330 1470 2413 1522 ὅτι
2453 1472 2632 1522 πᾶσαν
2681 1471 2835 1522 νόσον
2865 1471 2958 1523 καὶ
2989 1471 3170 1522 πᾶσαν
3191 1469 3465 1540 μαλακίαν
3486 1471 3594 1524 ἀπὸ
3615 1471 3723 1524 τῶν

2147 1560 2520 1613 ἀσθενούντων
2548 1562 2605 1612 ὲν
2632 1559 2759 1628 ὑμῖν
2791 1559 3146 1628 ἐφυγάδευσε,
3181 1561 3276 1613 καὶ
3306 1559 3373 1613 τὰ
3403 1560 3585 1631 πλήθη
3617 1561 3723 1613 τῶν

2146 1651 2415 1720 δαιμόνων
2458 1651 2779 1720 ἁπήλασεν;
2851 1651 2934 1703 ὅτι
2989 1651 3081 1703 ἐπὶ
3127 1650 3409 1721 Θαλάσσης
3436 1649 3720 1714 ὲπὲζευσε,

2148 1744 2242 1796 καὶ
2289 1744 2353 1795 ὲκ
2402 1743 2563 1795 πέντε
2603 1743 2784 1811 ἄρτων
2827 1742 3302 1812 πεντακισχιλίους
3336 1742 3586 1813 διέθρεψε
3629 1743 3723 1796 καὶ

2151 1835 2452 1904 ὲχόρτασε;
2491 1834 2596 1887 Καὶ
2636 1834 2730 1886 ἐπὶ
2759 1833 2974 1896 τούτοις
3013 1836 3182 1886 πᾶσιν
3216 1834 3276 1886 ού
3309 1839 3724 1904 προσεσχηκατε

2151 1925 2299 1995 αὐτῷ
2328 1941 2342 1955 ·
2366 1925 2698 2002 ,τούναντίον
2723 1925 2786 1995 δὴ
2820 1925 3022 1996 μᾶλλον
3050 1925 3340 1995 θλίψαντες
3361 1925 3545 1992 αὑτὸν,
3593 1942 3727 1978 κατ-

2149 2020 2400 2087 εκρὶνατε
2442 2018 2652 2088 μάτην,
2701 2019 2795 2071 καὶ
2837 2017 3239 2088 ἐσταυρώσατε.
3297 2017 3397 2070 Διὰ
3439 2016 3596 2070 τοῦτο
3634 2012 3733 2069 οὖν

2151 2111 2404 2178 φάσκεις,
2457 2110 2540 2162 ὅτι
2585 2109 2887 2178 ὴτιμάσθη.
2922 2109 3022 2162 Διὰ
3071 2107 3230 2161 τοῦτο
3262 2104 3355 2161 οὖν
3403 2107 3602 2177 μᾶλλον
3638 2108 3733 2175 ὴν-

2148 2204 2338 2274 ἐσχετο
2361 2201 2853 2272 ἀτιμασθῆναι,ἴνα
2869 2202 2933 2255 ἐκ
2949 2201 3139 2255 τούτου
3154 2203 3293 2272 φανῇ
3319 2200 3411 2253 καὶ
3433 2202 3466 2260 ἡ
3489 2197 3729 2270 ὑμετέρα

2149 2295 2336 2355 κακία.
2364 2296 2428 2366 ἣν
2467 2293 2624 2358 ἐκτὸς
2656 2293 2822 2346 αὑτοῦ
2850 2295 2906 2346 ὲν
2927 2295 2994 2363 τῇ
3024 2292 3223 2363 καρδίᾳ
3253 2291 3586 2362 περιφέρετε
3617 2289 3727 2353 ἀεὶ,

2150 2385 2218 2438 δι’
2250 2379 2319 2456 ἦς
2349 2386 2447 2438 καὶ
2477 2383 2584 2453 πρὸ
2604 2382 2696 2437 τοῦ
2719 2383 2975 2450 γενέσθαι
3009 2382 3173 2436 αὐτὸν
3204 2384 3282 2445 είς
3302 2381 3470 2451 ὑμᾶς,
3498 2379 3589 2432 τὸν
3615 2378 3728 2433 Na-

2151 2475 2313 2530 ϐουθὲ
2342 2475 2784 2545 ἐλιθοσολήσατε,
2812 2474 2906 2527 τὸν
2950 2473 3135 2526 Ἠλίαν
3168 2473 3248 2542 τῷ
3285 2472 3504 2543 φοϐερῷ
3535 2471 3729 2542 ἐμϐρι-

2153 2568 2359 2637 θὴματι
2397 2567 2508 2637 (10)
2553 2566 2807 2632 ἐδιώξατε
2856 2565 3263 2630 τεσσαράκοντα
3315 2564 3539 2638 ἡμερῶν
3585 2563 3728 2627 ὁδὸν,

2152 2658 2242 2712 τὸν
2277 2655 2510 2711 Ἡσαΐαν
2561 2656 2846 2726 ὲπρίσατε,
2890 2655 2981 2707 τὸν
3039 2655 3316 2725 Ἰερεμίαν
3367 2657 3425 2708 ὲν
3486 2651 3732 2724 βορὸόρῳ

2151 2749 2496 2817 ὴκοντξσατε,
2528 2745 2590 2798 τὸ
2648 2743 2855 2812 πλῆθος
2891 2743 3000 2796 τῶν
3060 2743 3269 2814 νηπίων
3325 2743 3730 2811 κατεσφάξατε,

2153 2837 2244 2890 τὸν
2267 2837 2541 2906 Ζαχαρίαν
2561 2834 2827 2893 ἀνείλετε,
2862 2832 2954 2887 τὸν
2985 2834 3239 2904 Ἰωάννην
3265 2832 3728 2903 άπεκεφαλίσατε.

2157 2928 2223 2980 Τί
2253 2929 2333 2981 ὅτι
2364 2926 2584 2981 καὶ-τὸν
2616 2923 2897 2992 Δεσπότην
2953 2924 3131 2977 αὐτῶν
3191 2923 3519 2993 ἐφονεύσατε
3546 2941 3562 2989 ;
3627 2922 3734 2976 Ἐῶ

2157 3017 2266 3088 γὰρ
2301 3017 2481 3086 λέγειν
2507 3017 2576 3069 τὰ
2603 3014 2784 3068 λοιπά.
2823 3013 2946 3078 Πῶς
2973 3011 3066 3068 οῦν
3094 3015 3273 3084 λέγεις
3301 3015 3381 3068 ὅτι
3419 3015 3505 3068 ἐπ’
3535 3014 3734 3085 ἀτιμίᾳ

2157 3109 2321 3163 αὐτοῦ
2347 3109 2680 3178 παρεγένετο
2704 3125 2718 3171 ;
3391 3108 3397 3112 “

475 3193 843 3248 trucidastis?
871 3193 1083 3248 Omitto
1101 3195 1251 3248 enim
1277 3194 1464 3250 dicere
1498 3204 1717 3250 caetera.
1763 3196 2050 3264 Quomodo
2088 3200 2260 3272 igitur
2301 3199 2461 3264 dicis,
2493 3214 2620 3255 eum
2692 3199 2747 3253 in
2784 3214 2938 3254 suam
3009 3197 3186 3268 ipsius
3230 3194 3626 3251 contumeliam
3673 3201 3733 3248 et

477 3285 834 3355 ignominiam
876 3285 1215 3340 advenisse?

551 3377 753 3432 HERB.
791 3377 848 3432 Si
879 3378 1024 3432 Deus
1049 3386 1189 3444 erat,
1224 3380 1609 3448 quamobrem,
1641 3381 1918 3452 siquidem
1943 3399 2044 3454 po-

2220 3385 2467 3438 EPBAN.
2505 3383 2637 3446 Θεὸς
2675 3383 2771 3444 ὢν,
2801 3383 2889 3436 διὰ
2921 3384 3013 3449 τί,
3063 3384 3186 3437 ἐπεὶ
3218 3383 3470 3453 ἠδύνατο,
3501 3382 3600 3435 οὐκ
3633 3385 3734 3438 ἀν-

478 3478 646 3534 terat,
681 3484 904 3525 crucem
936 3484 1046 3524 non
1071 3471 1416 3540 abiiciebat?

549 3652 606 3708 S.
636 3653 841 3710 ARCH.
874 3654 933 3711 Si
964 3654 1276 3725 abiecisset,
1303 3655 1585 3727 quomodo
1611 3658 1876 3713 vaticinia
1905 3675 2057 3714 com-

479 3746 626 3817 pleta
663 3747 944 3801 fuissent?

549 3837 756 3894 HERB.
797 3839 873 3894 De
902 3853 1068 3894 cruce
1105 3840 1430 3910 prophetias
1483 3841 1598 3897 sive
1629 3843 1858 3898 oracula
1917 3843 2056 3898 mihi

478 3944 700 3994 enarra,
734 3937 790 3984 et
813 3929 1041 3999 quinam
1074 3931 1361 4001 pr0phetaa
1401 3931 1471 3987 de
1497 3933 1602 3988 hac
1629 3933 1803 3989 locuti
1835 3944 1984 3989 sunt.

550 4107 610 4162 S.
640 4105 846 4161 ARCH.
881 4107 1028 4162 Deus
1071 4122 1292 4162 crucem
1321 4117 1448 4162 ante
1479 4108 1775 4163 declarans
1818 4117 1878 4163 et
1920 4125 2060 4180 prae-

485 4197 824 4269 signiﬁcans,
868 4213 1006 4254 arcae
1032 4199 1182 4270 ligno
1209 4240 1223 4262 ,
1256 4200 1466 4253 Noachi
1500 4210 1774 4270 tempore,
1830 4201 2056 4256 humani

485 4288 706 4358 generis
739 4289 1114 4343 conservavit.
1157 4289 1392 4359 Lignum
1427 4291 1577 4345 enim
1633 4300 1755 4346 erat
1805 4307 1954 4357 arca,
2003 4301 2058 4346 et

395 4399 400 4404 ·
486 4394 622 4434 crux
650 4380 884 4450 lignum.
917 4380 1059 4435 Area
1094 4389 1226 4436 tunc
1252 4398 1348 4436 eos
1378 4383 1473 4451 qui
1509 4381 1758 4436 futurum
1787 4382 2058 4436 diluvium

485 4471 748 4526 omnibus
776 4472 1070 4527 exitiosum
1118 4473 1504 4538 crediderunt,
1543 4475 1597 4528 in
1640 4475 1811 4542 ipsam
1845 4474 2056 4543 ingres-

485 4577 578 4617 sos
613 4563 942 4616 mirabiliter
967 4566 1348 4619 conservavit:
1375 4565 1444 4618 Et
1465 4565 1709 4633 pretiosa
1737 4579 1877 4617 crux
1895 4573 2058 4633 atque

488 4654 697 4709 honore
715 4653 1015 4723 dignanda,
1034 4671 1130 4709 eos
1147 4656 1240 4725 qui
1270 4655 1442 4725 ipsam
1468 4655 1723 4714 adorant,
1745 4663 1800 4708 et
1825 4654 2058 4708 credunt

487 4747 542 4802 in
559 4762 684 4801 eum
705 4722 798 4817 qui
819 4748 873 4800 in
889 4747 1006 4816 ipsa
1021 4722 1234 4801 defixus
1253 4722 1423 4807 fuit,a
1451 4746 1746 4817 tyrannide
1765 4745 1982 4800 Satanae
1999 4754 2054 4800 et
2089 4722 2130 4775 θ

485 4839 556 4894 ab
577 4848 785 4894 aeterno
809 4839 1085 4909 supplicio
1102 4839 1322 4893 liberat.
1345 4838 1414 4891 Et
1430 4839 1612 4905 planta
1633 4837 1809 4891 Sabee
1825 4836 1913 4890 cui
1932 4835 2055 4890 vin-

486 4939 609 4984 ctus
637 4931 882 4986 haerebat
913 4931 1080 4994 aries,
1145 4939 1392 4998 tempore
1445 4927 1766 4992 Abrahami,
1819 4928 2057 4981 salutem

487 5017 672 5074 lsaaco
712 5019 964 5082 daturus,
990 5019 1372 5073 honoranda’m
1401 5033 1625 5071 crucem
1667 5015 2054 5071 adumbrabat.

489 5108 648 5168 Aries
669 5111 839 5177 enim,
857 5111 1023 5166 Verbi
1048 5111 1142 5166 Dei
1167 5110 1337 5165 clavis
1367 5109 1638 5164 conﬁxam
1665 5124 1884 5163 carnem
1907 5108 2059 5163 cruci

489 5201 877 5271 praetigurabat
927 5204 1160 5274 :planta
1207 5218 1343 5258 vero
1389 5202 1565 5258 Sabee
1609 5201 1785 5272 ipsam
1832 5215 2057 5256 crucem

489 5286 825 5346 declarabat.

561 5381 766 5440 HERB.
813 5385 979 5439 Multa
1029 5385 1126 5456 qui
1178 5384 1464 5452 didiceris,
1509 5385 1757 5457 apposite
1791 5403 1914 5458 quae
1961 5395 2056 5442 tuo

493 5477 747 5535 instituto
767 5475 1079 5542 conferunt,
1106 5477 1376 5548 exquiris.

2159 3476 2413 3531 εσάλλετο
2439 3477 2528 3531 τὸν
2561 3477 2792 3546 σταυρόν
2825 3495 2841 3543 ;

2226 3656 2336 3708 Καὶ
2364 3657 2406 3709 Ο
2429 3655 2644 3708 ΑΓΙΟΣ.
2675 3655 2735 3707 Et
2773 3653 3120 3720 ἀνεϐάλλετο,
3163 3653 3280 3718 πῶς
3317 3654 3551 3726 ημελλον
3596 3654 3734 3725 πλη-

2162 3745 2382 3817 ροῦσθαι
2417 3747 2472 3798 at
2503 3749 2830 3815 προφητεῖαι
2858 3762 2872 3810 ;

2228 3833 2474 3886 ΕΡΒΑΝ.
2517 3832 2867 3900 ’Λνάγγειλον
2887 3833 2943 3885 δέ
2967 3849 3058 3901 μοι
3091 3833 3333 3904 περὶτοῦ
3365 3833 3604 3904 σταυροῦ
3630 3835 3732 3899 τὰς

2159 3925 2516 3994 προφητείας,
2545 3927 2638 3978 καὶ
2661 3927 2804 3977 ποῖοι
2839 3923 3118 3995 προφῆται
3139 3925 3268 3995 περὶ
3289 3923 3481 3978 τούτου
3505 3925 3733 3997 λελαλή-

2158 4033 2338 4070 κασιν.

2228 4108 2339 4162 Καὶ
2369 4109 2410 4160 0
2429 4108 2644 4162 ΑΓΙΟΣ.
2685 4105 3102 4178 Προδηλοποιῶν
3132 4107 3224 4161 τὸν
3255 4106 3486 4178 σταυρὸν
3509 4108 3538 4159 6
3575 4106 3729 4176 Θεὸς,

2159 4198 2300 4269 ξύλῳ
2332 4198 2408 4268 τῷ
2444 4200 2544 4269 τῆς
2585 4198 2818 4252 κιϐωτοῦ
2840 4198 3064 4262 ἔσωσεν,
3096 4199 3190 4251 ἐπὶ
3222 4197 3315 4252 τοῦ
3352 4199 3499 4262 Νῶε,
3530 4199 3592 4253 τὸ
3620 4199 3731 4253 τῶν

2159 4290 2463 4362 ἀνθρώπων
2486 4290 2863 4359 κατάλειμμα.
2892 4289 3059 4343 Ξύλον
3088 4289 3198 4362 γὰρ
3239 4292 3270 4361 ἠ
3330 4291 3580 4355 κιϐωτὸς,
3635 4292 3732 4346 καὶ

2161 4380 2315 4448 ξύλον
2339 4383 2365 4435 6
2397 4381 2647 4451 σταυρός.
2687 4383 2749 4433 Ἡ
2786 4381 3018 4444 κιϐωτὸς
3039 4382 3161 4435 τότε
3187 4383 3313 4443 τοὺς
3335 4382 3731 4446 πιστεύσαντας

2158 4476 2240 4528 ὅτι
2269 4475 2422 4526 ἔσται
2447 4473 2835 4542 κατακλυσμὸς
2857 4472 3247 4540 πανωλέθρως,
3282 4472 3373 4524 καὶ
3393 4471 3732 4532 εἰσελθόντας

2159 4567 2218 4617 ὲν
2243 4565 2392 4634 αὐτῷ
2424 4563 2745 4632 παραδόξως
2778 4564 3025 4616 διέσωσε.
3058 4563 3167 4616 Καὶ
3189 4565 3216 4615 6
3241 4560 3473 4633 σταυρὸς
3499 4563 3528 4614 6
3551 4562 3732 4630 τίμιος

2159 4659 2286 4720 τοὺς
2317 4653 2764 4727 προσκυνοῦντας
2795 4655 2980 4719 αὑτὸν,
3013 4654 3108 4707 καὶ
3143 4653 3499 4716 πιστεύοντας
3530 4655 3612 4716 εἰς
3639 4652 3732 4705 τὸν

2162 4750 2219 4801 ὲν
2249 4749 2394 4817 αύτῴ
2421 4749 2685 4816 παγέντα,
2715 4746 3002 4816 λυτροῦται
3040 4749 3104 4800 ὲκ
3138 4746 3238 4816 τῆς
3275 4744 3588 4814 τυραννίδος
3635 4744 3730 4797 τοῦ

2160 4841 2393 4898 Σατανᾶ,
2431 4842 2522 4893 καὶ
2553 4841 2652 4910 τῆς
2682 4840 2903 4892 αἰωνίου
2931 4838 3227 4900 κολάσεως.
3259 4837 3367 4890 Καὶ
3399 4837 3458 4890 16
3487 4836 3654 4906 φυτὸν
3674 4836 3732 4889 δὲ

2160 4931 2254 4984 τοῦ
2277 4933 2473 4997 Σαὸὲκ,
2503 4934 2560 4984 ὲν
2578 4925 2621 4999 ᾧ
2641 4927 2708 5002 ἦν
2734 4931 2846 5000 (11)
2875 4931 3192 5001 προσδεθεὶς
3216 4930 3310 4983 ὲπὶ
3331 4929 3426 4983 106
3460 4927 3732 4999 Ἀϐραὰμ.

2163 5021 2437 5092 σωτηρίαν
2459 5020 2536 5090 τῷ
2580 5020 2768 5073 Ἰσαάκ
2799 5019 3201 5088 πορησάμενος,
3230 5015 3321 5070 τὸν
3347 5015 3577 5086 σταυρὸν
3603 5029 3734 5084 προ-

2161 5113 2361 5166 ετύπου
2402 5112 2492 5164 τὸν
2533 5113 2711 5181 τίμιον
2739 5126 2752 5141 ·
2799 5113 2828 5163 6
2877 5110 2975 5178 μὲν
3009 5109 3118 5179 γὰρ
3163 5107 3316 5179 κριὸς
3351 5105 3450 5177 τὴν
3477 5104 3570 5159 τοῦ
3598 5103 3732 5157 Θεοῦ

2161 5205 2333 5272 Λόγου
2357 5203 2802 5274 προσηλωθεῖσαν
2833 5201 3013 5271 σάρκα
3045 5199 3121 5269 τῷ
3147 5196 3368 5269 σταυρῷ
3401 5195 3731 5268 προετύπου,

2159 5295 2220 5349 τὸ
2249 5295 2304 5347 δὲ
2328 5294 2491 5362 φυτὸν
2518 5293 2611 5346 τοῦ
2661 5290 2837 5348 Σαόὲκ
2865 5291 3054 5362 ἐδήλου
3082 5290 3175 5343 τὸν
3196 5287 3452 5360 σταυρόν.

2231 5385 2477 5440 EPBAN.
2518 5384 2693 5438 Πολλὰ
2733 5385 2798 5438 σὺ
2820 5380 3174 5455 μεμαθηκὼς,
3207 5379 3444 5445 εὐθέτως
3475 5376 3733 5448 ἔτυμολο-

2160 5479 2275 5544 γεῖς
2295 5477 2365 5530 τά
2393 5475 2756 5546 συμφέροντα.

1979 5614 2214 5671 NOTAE.

595 5728 677 5800 ιο)
725 5726 1154 5800 Ἑμϐριθῄμιιςι.
1188 5728 1326 5782 forte
1365 5728 1769 5800 ἐμύριμήματι.
1798 5730 1859 5786 ν.
1906 5745 2050 5787 comm

2152 5730 2328 5785 ationc
2357 5736 2411 5784 et
2438 5726 2831 5798 indignatione.
2875 5724 3080 5782 GULon.

599 5799 680 5864 ll)
728 5795 829 5852 Ἐν
861 5797 908 5869 ᾧ
946 5795 1039 5868 ἦν.
1075 5797 1233 5852 Forte
1270 5795 1418 5869 κριὸς
1449 5795 1629 5854 deest.
1659 5799 1730 5855 In.
