4094 6530
330 472 432 535 637

1282 468 1741 529 DISPUTATIO
1779 469 1939 531 CUM
1976 470 2343 531 HERBANO
2382 469 2671 530 ΙΠΒΑΞΟ.

3485 471 3594 533 638

397 577 507 634 Kal.
537 578 579 632 Ο
598 576 817 631 ᾹΓΙΟΣ.
854 574 997 645 Ἐγὼ
1024 574 1123 646 μὲν
1151 574 1251 629 οὐκ
1280 575 1616 645 ὲτυμολογῶ,
1658 576 1771 629 ἀλλ’
1806 572 1901 629 οὖν

2076 578 2133 633 S.
2167 576 2374 633 ARCH.
2437 577 2552 648 Ego
2605 576 2830 647 quidem
2888 594 3002 635 non
3046 582 3278 651 exquiro
3326 583 3593 642 subtilius

322 671 432 727 ἀπὸ
454 674 553 741 τῆς
578 670 678 741 σῆς
711 669 937 738 Γραφῆς
984 666 1160 722 πείθω
1210 684 1269 721 σε
1313 668 1453 729 τέως
1498 667 1599 737 τῆς
1640 667 1902 737 ἀληθείας

322 762 691 834 ἀντεχομένης
721 777 734 791 ·
771 763 1006 832 πρόσεχε
1042 761 1099 814 δὲ
1116 763 1231 824 τοῖς
1263 760 1604 831 λεγομένοις.
1637 759 1834 814 Ἰακὼϐ
1872 761 1903 813 ό

323 855 669 926 πατριάρχης
704 853 915 923 μέλλων
944 852 1188 921 εὐλογεῖν
1210 852 1336 915 τοὺς
1379 854 1529 915 υἱοὺς
1562 851 1751 917 αὐτοῦ,
1784 853 1904 922 οὐχὶ

236 1003 247 1021 ζ
321 948 501 1017 ὀλίγον
544 946 797 1017 ἀνασχὼν
834 946 941 1001 ἀπὸ
971 946 1072 1016 τῆς
1101 946 1290 1015 κλίνης
1326 948 1385 998 ὲν
1420 940 1780 1019 ᾖκατέκειτο,
1808 946 1903 999 καὶ

248 1036 251 1037 ν
322 1042 418 1095 ἐπὶ
440 1042 498 1094 τὸ
532 1042 700 1111 ἄκρον
722 1042 820 1111 τῆς
856 1039 1055 1109 ῥάϐδου
1090 1038 1257 1091 αὐτοῦ
1307 1039 1744 1109 ὲπιστηριχθεὶς,
1784 1040 1905 1110 ἥτις

324 1133 515 1202 ἐδήλου
546 1132 637 1184 τὸν
660 1131 841 1200 τίμιον
872 1131 1128 1201 σταυρὸν,
1168 1132 1225 1183 ὲν
1253 1131 1330 1200 τῷ
1359 1129 1627 1200 σταυροῦν
1656 1130 1755 1193 τὰς
1791 1133 1905 1201 χεῖ-

326 1240 426 1297 ρας
454 1222 645 1287 αὐτοῦ,
677 1220 853 1284 οὕτως
886 1220 1099 1287 εὐλόγει
1128 1220 1326 1282 αὐτούς
1363 1237 1377 1285 ;
1409 1220 1545 1288 Οὐχὶ
1564 1220 1655 1272 τὸν
1693 1220 1907 1287 πρῶτον

325 1312 663 1373 καταλιπὼν,
693 1313 841 1374 ὅστις
878 1307 947 1382 ἦν
975 1310 1138 1363 εἰκὼν
1168 1311 1261 1362 τοῦ
1312 1311 1580 1381 ὑμετέρου
1630 1308 1782 1374 λαοῦ,
1815 1310 1907 1362 ἐπὶ

322 1408 415 1460 τὸν
447 1404 697 1474 δεύτερον
726 1404 787 1456 τὸ
816 1406 924 1457 πᾶν
957 1404 1057 1472 τῆς
1087 1403 1339 1471 εὐλογίας
1369 1402 1712 1471 παρέτεινεν,
1759 1402 1909 1464 ὅστις

322 1494 391 1569 ἦν
421 1496 586 1550 εἰκὼν
618 1494 711 1549 τοῦ
737 1498 847 1548 τῶν
871 1496 1217 1565 Χριστιανῶν
1247 1495 1376 1548 λαοῦ
1408 1496 1520 1557 ;Τὸ
1552 1494 1646 1546 ἐπὶ
1678 1494 1753 1564 τῷ
1798 1495 1910 1547 Ἰω-

324 1592 434 1661 σὴφ
457 1589 700 1659 πραχθέν
733 1605 815 1641 σοι
843 1588 1195 1659 ὐπαγορεύω.
1229 1586 1335 1639 Τοῦ
1359 1587 1601 1650 Μωσέως
1628 1589 1661 1656 ἡ
1688 1586 1905 1657 ῥάϐδος,

322 1683 393 1736 δι’
426 1678 493 1754 ἧς
516 1682 689 1734 ἐτέλει
723 1683 924 1752 σημεῖα
956 1683 1051 1734 καὶ
1085 1681 1312 1752 τέρατα,
1360 1681 1480 1750 οὐχὶ
1532 1681 1622 1734 τὸν
1677 1680 1909 1747 σταυρὸν

325 1776 526 1829 ὲτύπου
560 1793 575 1841 ;
615 1776 688 1827 Τὸ
716 1774 871 1838 ξύλον
909 1774 938 1827 δ
973 1774 1165 1827 ἔϐαλεν
1208 1772 1416 1842 Μωσῆς
1456 1776 1512 1825 ὲν
1554 1774 1772 1842 Μαρᾶς,
1815 1773 1909 1825 ita).

326 1868 632 1939 ὲγλυκάνθη
661 1869 722 1921 τὸ
756 1868 921 1939 ὕδωρ,
983 1868 1105 1938 οὐχὶ
1161 1867 1255 1921 τὸν
1302 1867 1535 1936 σταυρὸν
1594 1864 1907 1947 προετύπου

325 1964 419 2016 τὸν
461 1963 687 2033 τίμιον;
725 1963 856 2015 Ὅτε
905 1962 1004 2025 τὰς
1056 1964 1248 2031 χεῖρας
1300 1963 1506 2031 Μωσῆς
1550 1960 1910 2032 σταυροειδῶς

328 2054 584 2108 ἐκτείνων
612 2053 705 2107 τὸν
747 2052 989 2124 ’Δμαλὲκ
1017 2052 1337 2124 ὲτροποῦτο,
1381 2053 1503 2123 οὐχὶ
1550 2052 1643 2105 τὸν
1676 2050 1909 2123 σταυρὸν

328 2143 638 2214 προετύπου
666 2161 680 2209 ;

2003 686 2184 740 neque
2220 678 2468 740 argutor,
2498 671 2595 725 sed
2625 686 2694 725 ex
2724 681 2817 726 tua
2853 670 3147 743 Scriptura
3180 691 3305 745 qua:
3337 677 3594 734 veritatis

2004 762 2171 817 finem
2211 763 2486 826 continet,
2539 762 2640 815 tibi
2690 763 2944 818 suadeo:
2986 765 3075 818 his
3126 782 3249 835 qua-
3301 767 3591 834 dicuntur,

2004 862 2248 908 mentem
2305 852 2528 908 adhibe.
2562 853 2734 907 Jacob
2762 855 3086 923 patriarcha
3110 857 3228 912 suis
3249 857 3378 913 filiis
3413 860 3591 915 bene-

2007 947 2277 1009 dicturus,
2314 945 2564 1015 nunquid
2587 945 2874 1014 paululum
2909 963 3030 1003 sese
3063 948 3329 1003 attollens
3368 964 3399 1005 e
3446 951 3595 1007 lecto

2008 1039 2192 1108 inquo
2218 1037 2543 1100 recubabat,
2572 1038 2700 1091 etin
2723 1053 2944 1092 summo
2975 1038 3092 1093 sive
3123 1048 3376 1094 extremo
3407 1040 3594 1096 baculi

2007 1130 2092 1185 sui
2139 1130 2233 1200 qui
2271 1144 2495 1185 crucem
2539 1128 2700 1199 605
2739 1129 3042 1199 pretiosam
3085 1130 3455 1201 significabat,
3510 1132 3597 1187 in-

2008 1222 2191 1286 nixus,
2228 1237 2358 1276 suas
2389 1236 2586 1275 manus
2609 1222 2792 1276 crucis
2823 1222 2879 1277 in
2913 1222 3134 1277 modum
3172 1224 3588 1294 componendo,

2010 1315 2091 1369 sie
2134 1314 2273 1384 ipsis
2320 1314 2498 1368 fausta
2558 1323 2615 1369 et
2673 1315 2852 1370 felicia
2902 1316 3279 1385 precabatur?
3330 1317 3593 1388 Nunquid

2009 1406 2191 1476 primo
2226 1406 2417 1460 relicto
2449 1406 2543 1476 qui
2578 1416 2698 1461 erat
2726 1407 2905 1478 imago
2928 1409 3099 1462 vestri
3126 1409 3341 1479 populi,
3369 1425 3593 1465 omnem

2010 1512 2163 1550 suam
2206 1496 2657 1550 benedictionem
2696 1498 2812 1551 sive
2845 1498 3079 1552 faustam
3115 1500 3498 1568 precationem
3534 1502 3591 1555 in

2010 1589 2339 1653 secundum,
2383 1589 2477 1658 qui
2520 1598 2641 1643 erat
2690 1589 2989 1644 Christiani
3038 1592 3224 1660 populi
3267 1592 3445 1662 imago
3478 1592 3595 1647 sive

2011 1681 2205 1751 ﬁgura,
2243 1682 2525 1736 extendit?
2558 1682 2716 1749 Quod
2744 1683 2799 1736 in
2824 1683 3065 1752 Josepho
3099 1695 3283 1739 actum
3318 1686 3446 1749 fuit,
3479 1687 3585 1741 tibi

2012 1772 2157 1827 dico.
2193 1773 2462 1827 Prmterea
2491 1773 2655 1827 Musis
2702 1774 2856 1843 virga
2888 1789 2996 1842 qua
3046 1775 3203 1845 signa
3249 1784 3306 1829 et
3336 1777 3592 1847 prodigia

2013 1865 2358 1935 perficiebat,
2404 1881 2589 1918 nonne
2636 1867 2820 1919 crucis
2854 1877 3040 1935 typum
3073 1883 3184 1936 prae
3230 1883 3289 1923 se
3334 1869 3595 1925 ferebat?

2014 1957 2084 2010 Et
2116 1956 2347 2026 lignum,
2376 1956 2522 2025 quod
2559 1956 2611 2008 in
2640 1954 2838 2009 Maram
2882 1957 3059 2022 Moses
3083 1959 3344 2029 conjecit,
3391 1969 3447 2015 et
3474 1978 3587 2031 quo

2017 2064 2157 2118 aqua
2197 2048 2375 2101 dulcis
2394 2056 2449 2101 et
2490 2047 2753 2122 potabilis
2786 2048 2983 2103 effecta
3009 2057 3113 2113 est,
3148 2066 3334 2106 nonne
3363 2066 3590 2107 crucem

2016 2139 2392 2194 honorandum
2430 2139 2863 2209 praefigurabat?
2902 2140 3040 2195 Cum
3081 2141 3258 2197 Moses
3294 2144 3478 2199 crucis
3520 2145 3576 2199 in

324 2237 549 2292 modum
610 2252 804 2293 manus
842 2236 1167 2301 extendens,
1220 2233 1540 2289 Amalecum
1591 2234 1649 2289 in
1705 2232 1888 2303 fugam
1926 2233 2195 2297 vertebat,
2266 2247 2449 2287 nonne
2496 2248 2743 2287 ~crucem
2790 2233 2965 2287 forma
3030 2234 3267 2303 quadam
3321 2251 3593 2306 praemon-

323 2332 534 2387 strabat
554 2330 578 2384 ?

396 2425 642 2479 EPBAN.
668 2425 741 2478 Σύ
764 2425 894 2479 ἔνθα
918 2424 984 2479 ἂν
1008 2423 1176 2496 εὐρῃς
1206 2423 1365 2491 ξύλον
1390 2422 1727 2494 χρησιμεῦον
1754 2424 1814 2476 ἐν
1841 2424 1907 2493 τῇ

325 2518 560 2584 Παλαιᾶ,
594 2518 715 2589 ὥρα
744 2517 1047 2589 ἀφομοιοῦν
1077 2517 1211 2571 αὐτὸ
1246 2516 1323 2588 τῷ
1358 2515 1580 2587 σταυρῷ
1614 2532 1730 2571 σου.

396 2689 506 2741 Καὶ
541 2689 582 2741 0
608 2690 823 2742 ΑΙἸΟΣ.
850 2689 923 2742 Οὐ
966 2690 1126 2759 μόνον
1149 2688 1220 2743 τὰ
1244 2688 1379 2753 ξύλα
1401 2688 1795 2760 προετύπωσαν
1817 2690 1908 2743 τὸν

326 2783 580 2851 σταυρὸν,
617 2782 755 2836 ἀλλὰ
792 2783 886 2835 καὶ
933 2782 1196 2854 ἐπάρσεις
1234 2781 1455 2852 χειρῶν,
1510 2781 1605 2833 καὶ
1651 2781 1906 2851 πολέμων

327 2874 591 2945 συμϐολαὶ
622 2875 719 2927 καὶ
749 2874 817 2928 τά
844 2875 1051 2939 τούτοις
1082 2873 1463 2947 παραπλήσια.

398 3056 642 3111 ΕΡΒΑΝ.
682 3055 976 3128 Προλαϐὼν
1009 3057 1229 3126 εἴρηκα,
1279 3056 1360 3109 ὅτι
1394 3054 1457 3108 σὺ
1494 3053 1669 3107 πολλὰ
1723 3070 1906 3124 μεμα-

325 3146 528 3219 θηκὼς,
569 3149 656 3201 ἐπ’
689 3148 905 3212 εὐθείας
934 3148 1284 3219 ὲτυμολογεῖς
1315 3147 1384 3201 τὰ
1415 3145 1767 3218 συμφέροντά
1796 3162 1901 3198 σοι.

394 3327 506 3382 Καὶ
544 3329 585 3381 Ο
618 3328 832 3382 ΑΓῘΟΣ.
883 3326 1091 3399 Ἰησοῦς
1118 3327 1145 3379 ό
1168 3324 1263 3378 τοῦ
1294 3324 1475 3395 Ναυῆ,
1506 3324 1594 3378 ὅτε
1616 3326 1708 3378 τὸν
1737 3326 1903 3394 φοϐε-

328 3420 421 3487 ρὺν
469 3420 706 3488 πόλεμον
745 3422 952 3473 ἐκεῖνον
1018 3419 1283 3489 ἐκρότησε
1345 3418 1483 3489 μετὰ
1541 3417 1651 3470 τῶν
1707 3416 1902 3483 ἐθνῶν,

328 3513 565 3585 ἑσπέρας
606 3511 1042 3583 καταλαϐούσης,
1097 3512 1197 3564 οὐκ
1222 3510 1418 3579 ἔστησε
1445 3508 1537 3562 τὸν
1575 3508 1726 3579 ἥλιον
1759 3508 1905 3562 κατά

326 3607 544 3669 Γαϐαῶ,
578 3606 673 3660 καὶ
700 3605 797 3676 τὴν
830 3606 1062 3677 σελήνην
1090 3604 1289 3675 ὁμοίως
1326 3602 1471 3657 κατὰ
1495 3604 1779 3672 φάραγγα,
1818 3601 1904 3671 μέν

324 3714 449 3766 χρις
500 3697 624 3750 ὅτου
674 3697 773 3765 τὴν
818 3694 976 3767 νίκην
1017 3695 1161 3749 κατὰ
1216 3694 1324 3747 τῶν
1369 3694 1626 3746 ἐναντίων
1683 3694 1901 3761 ἦρατο;

324 3790 496 3844 Τοῦτο
517 3790 573 3842 δὲ
601 3789 697 3843 τοῦ
720 3788 928 3852 πάθους
956 3789 1049 3842 τοῦ
1085 3788 1296 3854 ἐνδόξου
1329 3787 1535 3856 Κυρίου
1578 3803 1679 3855 μου
1728 3784 1903 3854 Ἰησοῦ

322 3881 560 3953 Χριστοῦ
609 3881 959 3953 προτύπωσις
1002 3876 1092 3951 ἦν.
1153 3878 1360 3951 ἰησοῦς
1391 3878 1501 3951 γὰρ
1523 3878 1751 3941 ἐκεῖνος,
1799 3875 1904 3945 ’1η-

327 3974 453 4037 σοῦς
519 3974 615 4027 καὶ
676 3973 930 4027 ἐνταῦθα.
1001 3971 1469 4043 Ἀρχιστρατηγὸς
1527 3970 1741 4031 ἐκεῖνος
1809 3968 1903 4021 τοῦ

338 4066 576 4137 Ἰσραὴλ,
640 4066 893 4136 βασιλεὺς
934 4057 1089 4128 οὗτος
1144 4064 1241 4117 καὶ
1283 4064 1439 4129 Θεὸς,
1496 4064 1558 4116 οὐ
1618 4062 1779 4133 μόνον
1810 4060 1903 4114 τοῦ

338 4157 578 4228 Ἰσραὴλ,
604 4157 741 4209 ἀλλὰ
775 4157 869 4209 καὶ
902 4156 1085 4225 πάσης
1120 4156 1217 4225 τῆς
1248 4154 1602 4225 οἰκουμένης.
1660 4154 1905 4215 Ἐκεῖνος

325 4250 452 4320 εθνη
468 4250 783 4321 ὲτροποῦτο,
806 4249 899 4303 καὶ
915 4244 1066 4311 οὗτος
1082 4248 1189 4301 τῶν
1206 4248 1476 4316 δαιμόνων
1496 4246 1901 4317 στρατεύματα.

338 4343 575 4405 Ἐκεῖνος
607 4341 696 4393 τὸν
726 4341 876 4410 ἥλιον
910 4340 1105 4409 ἔστησε
1137 4339 1233 4391 καὶ
1266 4340 1364 4409 τὴν
1403 4338 1656 4408 σελήνην,
1710 4336 1902 4406 μέχρις

325 4434 447 4487 δτου
475 4432 667 4501 ἐξῆρεν
700 4431 917 4492 ἁπάσας
947 4432 1045 4492 τὰς
1070 4430 1358 4499 φάλαγγας
1396 4428 1506 4480 τῶν
1546 4427 1899 4481 ὑπεναντίων·

324 4528 419 4580 ἐπὶ
462 4525 517 4578 δὲ
559 4525 637 4594 τῷ
669 4524 830 4578 πάθει
869 4523 962 4576 τοῦ
1002 4523 1204 4594 Κυρίου
1240 4539 1342 4592 μου
1386 4524 1413 4574 ό
1449 4521 1601 4591 ἥλιος
1626 4519 1813 4591 ἔφριξέ
1842 4536 1901 4571 τε

326 4619 421 4671 καὶ
450 4617 736 4678 ὲσκότασε,
773 4618 867 4669 καὶ
905 4618 938 4686 ή
970 4615 1167 4685 σελήνη
1227 4616 1327 4667 οὐκ
1380 4613 1545 4665 ἔδωκε
1595 4612 1654 4664 τὸ
1703 4612 1904 4681 φέγγος

326 4711 515 4779 αὐτῆς,
553 4709 653 4778 τῆς
686 4709 901 4780 ἡμέρας
932 4709 1072 4778 τάχα
1105 4709 1214 4760 ἀπὸ
1252 4706 1345 4758 τοῦ
1388 4706 1551 4775 φόϐου
1593 4706 1672 4768 είς
1715 4705 1905 4767 σκότος

331 4801 716 4869 μετελθούσης.
788 4801 1024 4862 Ἐκεῖνος
1063 4799 1179 4867 δορὶ
1221 4798 1315 4850 καὶ
1368 4797 1539 4868 λόγχη
1602 4797 1779 4850 ἀνεῖλε
1838 4796 1905 4850 τά

328 4893 480 4961 ἔθνη,
512 4887 666 4955 οὗτος
707 4892 938 4970 δυνάμει
990 4891 1092 4959 τῆς
1124 4890 1376 4960 θεότητος
1407 4888 1574 4942 αὐτοῦ
1617 4888 1905 4959 συνέτριψε

326 4985 421 5037 τοῦ
470 4985 595 5055 ᾅδου
637 4984 703 5037 τά
744 4985 991 5056 κλεῖθρα,
1034 4984 1129 5035 καὶ
1162 4980 1241 5050 τῷ
1268 4980 1433 5050 τιμίῳ
1486 4979 1651 5033 αὐτοῦ
1689 4978 1906 5048 σταυρῷ

326 5078 684 5147 ἀπετέφρωσε
733 5076 1016 5147 δαίμονας.
1046 5076 1285 5136 Ἐκεῖνος
1316 5072 1457 5126 κατὰ
1499 5071 1699 5141 πλῆθος
1734 5088 1903 5142 στρα-

325 5170 615 5238 τευμάτων
642 5168 816 5220 ταῦτα
855 5166 1139 5237 κατώρθου
1167 5183 1180 5195 ·
1218 5164 1505 5236 ἄνθρωπος
1535 5163 1645 5233 γὰρ
1675 5160 1765 5233 ἦν,
1809 5163 1904 5217 καὶ

325 5260 477 5314 οὐδὲν
511 5260 671 5312 πλέον
696 5260 927 5329 ἠδύνατο
954 5280 968 5291 ·
1004 5253 1158 5321 οὗτος
1177 5257 1233 5310 δὲ
1264 5258 1421 5326 μόνος
1450 5257 1583 5327 (ιε),
1620 5256 1819 5325 μᾶλλον
1847 5255 1903 5308 δὲ

326 5348 547 5411 διπλοῦς
577 5351 717 5402 κατά
747 5366 806 5402 τε
839 5349 1070 5419 θεότητα
1123 5349 1217 5402 καὶ
1266 5347 1685 5419 ἀνθρωπότητα.
1742 5348 1903 5415 Λέγει

324 5440 434 5510 γάρ
456 5443 482 5493 ὁ
507 5442 792 5511 προφήτης
819 5442 947 5512 περὶ
971 5441 1157 5505 αὐτοῦ,
1194 5441 1395 5507 Ληνὸν
1413 5440 1691 5508 ἐπάτησα
1713 5438 1903 5510 μονώ-

324 5546 523 5596 τατος,
565 5530 668 5585 καὶ
692 5532 812 5584 τῶν
849 5532 1040 5587 ἐθνῶν
1064 5536 1176 5585 οὐκ
1203 5532 1375 5585 ἐστιν
1403 5532 1558 5599 ἀνὴρ
1581 5535 1709 5600 μετ’
1735 5533 1899 5603 ἐμοῦ.

336 5620 493 5675 Ἐπεὶ
515 5624 625 5694 γὰρ
642 5624 704 5677 τὸ
724 5624 895 5688 πάθος
919 5624 1083 5678 αὐτοῦ
1115 5624 1388 5694 σταφυλὴν
1403 5624 1608 5696 νοητῶς
1628 5625 1812 5694 ὠνόμα
1822 5644 1901 5689 σε,

405 5740 450 5772 ¹³
476 5742 578 5796 Isa.
606 5758 753 5807 LXIII,
788 5743 842 5798 5.

2079 2420 2283 2475 IIERB.
2315 2420 2395 2473 Tu
2450 2419 2541 2473 hic
2594 2419 2653 2473 in
2697 2420 2897 2475 Vetere
2927 2420 3213 2490 Scriptura
3267 2422 3313 2476 si
3370 2421 3595 2478 utileli-

2006 2525 2174 2579 gnum
2223 2507 2505 2562 inveneris
2532 2548 2547 2573 ,
2598 2508 2733 2563 hora
2774 2518 2859 2564 est
2909 2510 3043 2565 illud
3088 2523 3147 2565 ut
3177 2511 3451 2567 assimiles
3485 2521 3594 2569 tua:

2006 2601 2182 2655 cruci.

2078 2692 2133 2746 S.
2179 2693 2386 2749 ARCH.
2420 2694 2541 2750 Non
2591 2695 2768 2749 solum
2815 2694 2961 2766 ligna
3004 2710 3225 2751 crucem
3272 2695 3591 2767 prtefigura-

2008 2792 2157 2847 runt,
2209 2785 2304 2839 sed
2334 2786 2498 2840 etiam
2530 2801 2792 2840 manuum
2825 2786 3184 2849 sublationes,
3216 2796 3272 2842 et
3319 2787 3589 2844 bellorum

2009 2879 2288 2949 symbolae,
2312 2880 2365 2933 id
2396 2889 2480 2935 est
2509 2879 2799 2935 conflictus
2849 2882 2965 2935 sive
3007 2880 3386 2937 conflictiones
3449 2899 3590 2954 pra:-

2007 2969 2195 3033 liares,
2220 2979 2275 3024 et
2304 2986 2425 3040 qua:
2452 2970 2539 3024 his
2568 2980 2697 3025 sunt
2728 2970 2949 3026 similia.

2081 3061 2284 3115 HEBB.
2309 3063 2428 3117 Jam
2455 3063 2552 3118 tibi
2606 3063 2868 3133 praedixi,
2894 3064 3040 3134 quod
3069 3071 3125 3117 tu
3172 3064 3343 3118 multa
3372 3078 3595 3133 magna-

2008 3168 2116 3217 que
2151 3152 2397 3207 doctrina
2429 3154 2711 3224 prreditus,
2740 3154 2949 3209 directe
2987 3162 3043 3208 et
3085 3163 3298 3225 argute,
3331 3170 3453 3224 qua:
3488 3154 3591 3209 tibi

1932 3230 1975 3289 (ἶ
2010 3244 2347 3309 conducunt,
2372 3245 2651 3316 depromis
2679 3255 2735 3299 et
2760 3246 3057 3316 eloqueris.

2079 3336 2135 3390 S.
2164 3335 2369 3390 ARCII.
2414 3336 2574 3391 Jesus
2599 3336 2745 3391 filius
2783 3336 2953 3401 Nave,
3010 3352 3135 3391 cum
3184 3336 3391 3390 bellum
3452 3335 3591 3391 illud

2008 3426 2325 3480 horrificum
2354 3434 2409 3479 et
2442 3426 2849 3480 internecivum
2888 3442 3086 3496 magno
3116 3426 3382 3495 applausu
3423 3425 3595 3496 gessit

2007 3534 2131 3574 cum
2185 3518 2462 3588 gentibus,
2524 3533 2752 3588 vespere
2798 3519 3244 3589 superveniente,
3285 3534 3468 3573 nonne
3498 3519 3596 3573 ad-

2006 3626 2203 3666 versus
2249 3609 2581 3665 Gabaonitas
2635 3610 2805 3665 solem
2848 3610 3045 3665 sistere
3100 3625 3322 3664 cursum
3375 3609 3590 3680 jussit:

2006 3700 2261 3755 similiter
2292 3708 2347 3754 et
2372 3700 2559 3753 lunam
2590 3708 2783 3755 contra
2805 3701 3001 3755 vallem
3033 3700 3250 3765 Aialon,
3291 3700 3467 3754 donec
3507 3701 3593 3755 vi-

2006 3791 2235 3847 ctoriam
2265 3790 2333 3844 de
2365 3791 2617 3845 hostibus
2639 3792 2963 3846 retulisset?
2993 3790 3118 3845 Haec
3158 3790 3389 3845 illustris
3416 3800 3472 3845 et
3492 3790 3593 3844 ad-

2008 3884 2277 3937 mirabilis
2308 3883 2361 3936 in
2387 3883 2501 3937 sole
2526 3882 2746 3937 affectio
2785 3883 2901 3937 sive
2930 3882 3214 3952 perpessio
3240 3881 3344 3935 fuit
3374 3880 3591 3935 Domini

2007 3976 2118 4031 mei
2148 3976 2277 4029 Jesu
2311 3974 2513 4029 Christi
2577 3983 2893 4045 antegressa
2935 3973 3107 4045 figura
3157 3982 3213 4029 et
3258 3973 3589 4028 similitudo.

2005 4068 2165 4123 Jesus
2188 4068 2300 4134 ille,
2336 4068 2497 4123 Jesus
2532 4076 2587 4122 et
2619 4067 2729 4122 hic.
2767 4065 2859 4121 Ille
2893 4066 2998 4121 fuit
3034 4066 3293 4135 princeps
3317 4064 3595 4120 exercitus

2005 4160 2224 4215 Israelis
2253 4178 2265 4213 :
2298 4160 2388 4215 hic
2408 4175 2499 4214 rex
2531 4169 2585 4213 et
2606 4160 2774 4221 Deus,
2810 4174 2919 4213 non
2942 4159 3123 4213 solum
3154 4157 3395 4218 Israelis,
3419 4155 3515 4211 sed
3535 4164 3593 4211 et

2007 4253 2177 4305 totius
2207 4259 2479 4306 terrarum
2501 4251 2673 4305 orbis.
2692 4250 2785 4305 llIe
2810 4259 3001 4321 gentes
3021 4250 3073 4304 in
3096 4250 3276 4320 fugam
3306 4248 3591 4312 vertebat;

2009 4345 2097 4398 hic
2147 4344 2459 4397 daemonum
2491 4343 2788 4397 exercitus.
2827 4342 2921 4397 Ille
2962 4342 3133 4397 solem
3176 4349 3231 4395 et
3280 4342 3466 4395 lunam
3517 4339 3595 4395 si-

2006 4445 2152 4490 stere
2176 4435 2376 4504 potuit,
2413 4434 2589 4489 donec.
2618 4435 2923 4505 phalanges
2951 4433 3067 4487 sive
3094 4441 3307 4486 turmas
3334 4441 3389 4486 et
3416 4440 3595 4486 cater-

2006 4544 2103 4581 vas
2125 4527 2360 4579 militum
2391 4526 2835 4579 adversariorum
2860 4524 3202 4595 profligasset
3225 4541 3237 4576 :
3264 4524 3316 4577 in
3340 4522 3593 4592 passione

2009 4616 2226 4671 Domini
2249 4616 2355 4669 mei
2386 4616 2464 4669 sol
2492 4614 2770 4669 inhorruit
2794 4623 2848 4668 et
2875 4613 3203 4668 obscuratus
3233 4621 3337 4675 est,
3370 4620 3425 4665 et
3464 4612 3593 4664 luna

2010 4724 2172 4762 suum
2212 4708 2483 4777 fulgorem
2524 4723 2632 4761 non
2674 4706 2849 4770 dedit,
2880 4705 2969 4759 die
3018 4704 3200 4759 statim
3226 4718 3343 4772 pra:
3395 4702 3592 4755 timore

2008 4798 2061 4852 in
2092 4799 2346 4853 tenebras
2383 4807 2724 4854 transeunte.
2766 4798 2860 4851 Ille
2888 4796 3043 4851 hasta
3082 4804 3136 4849 et
3172 4796 3363 4848 lancea
3400 4800 3593 4863 gentes

2009 4891 2231 4945 sustulit
2262 4908 2275 4943 :
2306 4891 2395 4944 hic
2420 4906 2532 4944 sure
2550 4889 2857 4943 divinitatis
2876 4888 3082 4941 virtute
3116 4885 3418 4940 inferorum
3444 4884 3593 4938 clau-

2009 4991 2121 5036 stra
2154 4981 2435 5044 contrivit,
2468 4990 2524 5035 et
2571 4980 2813 5049 pretiosa
2862 4995 2960 5034 sua
2997 4993 3164 5033 cruce
3213 4977 3495 5031 daemonas
3535 4976 3593 5029 in

2007 5074 2225 5128 cineres
2255 5073 2482 5143 redegit.
2517 5073 2611 5127 Ille
2632 5083 2841 5127 armata
2875 5072 3110 5126 militum
3134 5086 3300 5125 manu
3331 5078 3388 5124 et
3419 5068 3595 5139 copiis

2010 5166 2250 5235 adjutus,
2306 5164 2421 5219 hazc
2469 5164 2704 5218 feliciter
2754 5172 2809 5219 et
2854 5178 3115 5234 prospere
3147 5162 3369 5233 gerebat
3406 5160 3594 5231 (homo

2014 5259 2161 5313 enim
2191 5266 2330 5321 erat,
2377 5272 2479 5312 nec
2521 5257 2760 5326 amplius
2804 5265 2897 5310 aut
2938 5256 3115 5326 majus
3162 5254 3439 5324 poterat):
3502 5251 3595 5307 hic

2010 5360 2195 5405 autem
2217 5350 2387 5413 solus,
2420 5348 2528 5403 imo
2554 5364 2685 5404 vero
2711 5349 2915 5419 duplex
2944 5356 3000 5404 et
3043 5346 3348 5403 secundum
3394 5344 3596 5400 divini-

2014 5452 2178 5498 tatem
2215 5450 2271 5496 et
2298 5441 2716 5498 humanitatem.
2745 5441 2885 5496 Dicit
2904 5440 3050 5497 enim
3074 5441 3341 5511 propheta
3359 5438 3426 5492 de
3450 5438 3592 5507 ipso,

2012 5536 2265 5591 Torcular
2291 5534 2493 5588 calcavi
2522 5534 2663 5587 solus
2687 5536 2935 5599 maxime,
2973 5543 3022 5587 et
3048 5549 3074 5587 ε
3103 5532 3338 5604 gentibus
3377 5547 3480 5585 non
3515 5537 3593 5584 est

2012 5630 2090 5682 vir
2119 5643 2321 5682 mecum
2354 5626 2394 5657 ’³
2424 5643 2435 5678 :
2470 5623 2738 5691 Quoniam
2792 5625 3102 5695 passionem
3149 5637 3303 5677 suam
3356 5617 3593 5692 spiritali

1842 5810 2068 5865 ΝΟΤᾸΞ.

398 5902 510 5973 (ιε)
551 5899 738 5972 Οὗτος
770 5905 837 5958 δὲ
896 5908 1105 5974 μόνος.
1157 5905 1513 5973 Θεάνθρωπος
1582 5915 1720 5960 erat.
1799 5904 2007 5961 GL'LON.
