4094 6564
479 476 586 542 639

1423 479 1485 539 S.
1519 477 1948 538 GREGENTII
1986 475 2221 540 EPISC.
2261 476 2791 538 TAPHARENSIS

3633 470 3752 532 610,

479 587 843 660 intelligentia
875 604 1037 644 uvam
1066 581 1394 655 nominavit,
1443 599 1498 644 et
1529 589 1676 660 quod
1705 589 1827 659 ejus
1881 588 2063 658 passio

2169 588 2264 642 καὶ
2293 588 2376 641 ὅτι
2399 590 2510 651 τοῖς
2549 587 2726 641 ἔθνεσι
2761 584 2944 656 μέλλει
2977 579 3117 637 εἶναι
3156 581 3216 635 τὸ
3239 581 3411 646 πάθος
3438 580 3604 635 αὑτοῦ
3639 598 3744 636 σω-

478 681 630 736 salus
676 681 934 752 gentibus
988 687 1136 736 esset
1166 680 1372 736 futura.
1423 681 1491 735 Ει
1516 680 1666 750 quod
1691 695 1760 734 ex
1811 679 2069 748 gentibus

479 773 668 830 nullus
722 788 850 827 cum
897 773 1017 842 ipso
1057 783 1360 839 concertat,
1404 772 1530 828 ideo
1574 771 1896 842 subjungit:
1935 770 2003 824 Et
2040 787 2069 825 ο

480 862 716 932 gentibus
750 877 855 915 non
877 872 953 915 est
981 863 1061 915 vir
1088 878 1310 916 mecum.
1339 861 1457 916 Non
1485 861 1633 931 quod
1667 862 1783 931 ipse
1821 864 2067 931 gentium

483 968 587 1022 ope
606 962 663 1008 et
683 953 885 1007 auxilio
907 953 1253 1024 indiguisset,
1279 953 1374 1009 sed
1399 963 1458 1008 ut
1483 957 1604 1026 ejus
1624 952 2068 1023 perpessionibus

480 1059 534 1099 et
567 1044 853 1099 doloribus
874 1053 1066 1115 gentes
1089 1046 1260 1101 fuisse
1290 1056 1646 1101 conservatas
1673 1046 1958 1101 indicaret.

553 1129 760 1190 HERB.
782 1135 1072 1201 Quomodo
1092 1153 1203 1193 non
1236 1146 1426 1208 aperte
1449 1139 1588 1192 dixit
1613 1138 1904 1208 quisquam
1934 1152 2066 1207 pro-

483 1227 775 1297 phetarum
799 1229 1060 1299 loquendi
1081 1231 1338 1286 libertate
1367 1240 1424 1287 et
1445 1233 1662 1298 ﬁducia,
1684 1247 1902 1302 nempe,
1935 1233 2068 1286 Vero

485 1319 618 1374 bum
639 1321 758 1384 Dei,
786 1322 839 1375 id
873 1331 959 1378 est
987 1323 1209 1386 Filium,
1233 1339 1265 1379 e
1287 1324 1428 1380 cmlo
1449 1323 1864 1388 descensurum,
1891 1339 1922 1379 e
1947 1340 2068 1377 mu-

483 1411 620 1467 liere
642 1414 809 1468 Maria
836 1430 1059 1471 carnem
1105 1425 1517 1487 assumpturutn
1557 1425 1614 1471 et
1653 1417 1930 1472 hominem
1964 1434 2065 1473 na-

486 1505 780 1571 sciturum,
814 1507 930 1562 l‘ore
950 1517 1011 1563 ut
1037 1509 1091 1562 in
1117 1525 1336 1564 crucem
1358 1519 1635 1578 ageretur,
1653 1525 1718 1565 ac
1733 1517 2064 1578 moreretur,

483 1603 541 1648 et
575 1594 738 1648 tertia
765 1593 855 1649 die
879 1610 910 1650 a
935 1595 1172 1650 mortuis
1209 1603 1548 1666 resurgeret,
1579 1604 1634 1652 et
1661 1599 1893 1653 caetera?

555 1681 613 1737 S.
645 1682 850 1738 ARCH.
891 1684 936 1739 0
961 1685 1209 1749 demens,
1237 1702 1345 1740 non
1377 1687 1546 1741 Isaias
1588 1688 1854 1757 prepheta
1892 1689 2066 1746 libere

484 1772 686 1830 clamat
714 1773 900 1828 omnia
925 1773 994 1830 de
1033 1775 1152 1844 ipso
1179 1776 1202 1829 ?
1231 1776 1352 1831 Non
1381 1778 1550 1830 etiam
1592 1778 1762 1832 David
1798 1779 2067 1835 vocifera-

2169 678 2352 748 τηρία,
2407 678 2500 730 καλ⁸
2526 678 2606 730 ὅτι
2639 677 2814 739 οὐδεὶς
2843 675 2951 728 ἀπὸ
2982 674 3090 728 τῶν
3123 674 3291 727 ἐθνῶν
3317 670 3742 740 συναγωνίζεται

2168 769 2339 838 αὐτῷ,
2371 769 2639 837 ἐπήγαγε,
2676 766 2786 822 Καὶ
2819 765 2938 819 τῶν
2984 763 3178 819 ἐθνῶν
3223 765 3333 817 οὐκ
3366 763 3540 816 ἐστιν
3587 763 3741 832 ἀνὴρ

2161 861 2290 930 μετ’
2339 860 2508 928 ἐμοῦ.
2544 860 2658 930 Ούχ
2694 859 2777 913 ὃτι
2817 857 3050 929 ἔχρῃζεν
3077 856 3239 918 αὐτὸς
3271 853 3520 925 βοηθείας
3550 853 3738 919 ἐθνῶν,

2167 953 2282 1008 ἀλλ’
2313 954 2396 1006 ὅτι
2426 952 2629 1023 έδήλων
2659 950 2933 1005 σεσῶσθαι
2957 950 3027 1004 τά
3057 949 3186 1019 ἔθνη
3213 945 3306 1008 διὰ,
3338 947 3448 1000 τῶν
3489 945 3743 1018 παθημά-

2166 1063 2275 1100 των
2295 1044 2482 1099 αὑτοῦ.

2238 1135 2485 1189 EPBAN.
2512 1133 2639 1198 Πῶς
2679 1133 2780 1187 ούκ
2837 1127 2990 1185 εἶπεν
3039 1131 3107 1184 ἂν
3158 1123 3238 1191 εἷς
3285 1127 3394 1181 τῶν
3448 1125 3742 1197 προφητῶν

2168 1226 2472 1298 παρρησία,
2505 1226 2586 1278 ὅτι
2628 1225 2811 1296 μέλλει
2842 1225 2870 1277 ὁ
2888 1223 3060 1292 Λόγος
3093 1221 3188 1274 τοῦ
3213 1219 3348 1274 Θεοῦ
3372 1218 3650 1272 κατελθεῖν
3677 1219 3741 1272 ἐκ

2166 1318 2259 1372 τοῦ
2286 1316 2540 1387 οὐρανοῦ,
2571 1317 2666 1370 καὶ.
2697 1315 3049 1386 σαρκωθῆναι
3088 1315 3152 1366 ὲκ
3197 1311 3459 1382 γυναικὸς
3499 1311 3740 1380 Μαρίας,

2167 1411 2262 1467 καὶ
2289 1409 2730 1479 ὲνανθρωπῆσαι,
2760 1408 2856 1460 καὶ
2879 1403 3284 1476 σταυρωθῆναι,
3308 1401 3404 1456 καὶ
3421 1400 3736 1468 ἀποθανεῖν,

2166 1503 2262 1556 καὶ
2289 1502 2586 1572 ἀναστῆναι
2610 1500 2770 1573 τρίτῃ
2801 1498 3010 1571 ἡμέρᾳ,
3033 1495 3217 1551 καὶτὰ
3248 1493 3413 1548 λοιπά
3443 1510 3458 1561 ;

2237 1718 2348 1771 Kal
2386 1722 2428 1771 0
2473 1716 2689 1770 ΑΓΙΟΣ.
2715 1709 2814 1767 ’Ὦ
2863 1714 3082 1783 ἁνοήτε,
3138 1712 3258 1782 οὐχὶ
3318 1709 3602 1782 παρρησίᾳ
3643 1710 3740 1780 βοᾷ

2177 1793 2406 1875 Ἡσαΐας
2439 1812 2468 1862 ὁ
2507 1809 2795 1880 προφήτης
2831 1808 3011 1860 πάντα
3042 1805 3108 1858 τὰ
3156 1804 3284 1874 περ)⁸
3339 1802 3504 1856 αύτοῦ
3539 1820 3554 1867 ;
3605 1803 3740 1872 Οὐχὶ

485 1869 642 1916 ratur
684 1862 737 1916 in
773 1865 999 1932 psalmis
1024 1866 1139 1921 sive
1171 1867 1421 1932 canticis,
1447 1878 1504 1922 et
1541 1868 1741 1936 reliqui
1783 1871 2063 1939 prophetae

2444 1862 2608 1952 Aa6.l6
2630 1862 2761 1962 τοῖς.
2775 1862 3034 1967 ᾇάλμοῖς,
3064 1896 3159 1949 καιὶ
3177 1862 3242 1948 οἱ.
3256 1894 3434 1947 λοιποὶ
3464 1862 3737 1963 πρθφῆτᾶι

485 1950 540 2003 in
577 1951 778 2007 virtute
807 1963 864 2007 et
909 1963 1178 2033 potestate
1205 1956 1394 2012 ?Audi
1427 1958 1560 2027 quid
1606 1959 1872 2014 Jereznias
1932 1976 2060 2029 pro-

483 2040 649 2109 pheta
679 2041 748 2097 de
787 2043 899 2098 tuis
925 2045 1175 2113 patribus
1203 2045 1369 2112 dicat,
1425 2048 1586 2117 longe
1617 2058 1744 2104 ante
1779 2050 2064 2106 declarans

483 2132 763 2201 quomodo
801 2135 1094 2191 consilium
1158 2136 1404 2192 habituri
1445 2148 1501 2192 et
1526 2139 1842 2194 meditaturi
1879 2150 2064 2196 essent

483 2222 751 2278 adversus
779 2240 938 2280 suum
974 2227 1268 2282 Dominum
1302 2247 1314 2281 :
1359 2229 1560 2294 Venite,
1615 2239 1664 2283 et
1717 2233 2063 2286 immittamus

485 2313 690 2383 lignum
720 2319 775 2370 in
808 2335 1000 2386 panem
1055 2321 1191 2389 ejus,
1224 2330 1273 2374 et
1334 2324 1506 2390 ipsum
1542 2339 1568 2375 e
1601 2330 1742 2376 terra
1782 2326 2064 2378 viventium

481 2407 786 2462 credamus.
824 2409 891 2464 Et
922 2409 1084 2479 paulo
1117 2419 1284 2465 ante:
1322 2412 1436 2481 Ego
1465 2414 1675 2488 quidem
1722 2417 1852 2467 sicut
1895 2432 2063 2485 agnus

480 2498 593 2552 sine
616 2497 827 2553 macula
846 2499 1102 2555 adductus
1118 2519 1238 2555 sum
1259 2503 1330 2556 ad
1352 2505 1636 2567 victimam,
1665 2516 1712 2558 et
1735 2508 1974 2575 ignoravi
1999 2508 2061 2561 η.

481 2587 723 2644 Ostende
748 2590 913 2655 mihi,
942 2592 1164 2646 ubinam
1189 2594 1474 2663 iugulatus
1502 2605 1586 2649 est
1619 2595 1881 2651 Jercmias
1902 2638 1915 2661 ,
1945 2598 2068 2653 ubi-

482 2693 610 2734 nam
653 2681 865 2750 lignum
905 2681 960 2736 in
991 2698 1188 2753 panem
1220 2686 1342 2755 ejus
1384 2686 1784 2743 immiserunt?
1812 2689 2064 2747 Fortasse

482 2770 550 2828 ad
580 2787 802 2826 sensum
834 2774 940 2828 hoc
965 2789 1073 2829 non
1094 2775 1272 2846 possis
1301 2777 1466 2848 606
1495 2777 1702 2834 dicere.
1733 2780 1868 2835 Nam
1887 2780 2070 2851 ipsum

483 2862 650 2918 fuisse
680 2864 738 2917 in
763 2879 985 2920 caenum
1010 2869 1314 2938 projectum
1337 2877 1502 2940 atque
1531 2871 1810 2938 obrutum,
1827 2888 2066 2944 eumque

482 2953 660 3008 solum
692 2957 1084 3025 comperimus.
1110 2959 1186 3013 De
1205 2959 1425 3016 Christo
1455 2962 1650 3030 igitur,
1684 2971 1740 3017 et
1774 2965 1894 3034 ejus
1946 2980 2069 3035 pas-

481 3043 658 3108 sione,
684 3047 1009 3118 prOphetam
1037 3049 1394 3107 vaticinatum
1416 3052 1584 3108 fuisse
1605 3054 1814 3124 liquido
1831 3065 2064 3114 constat.

552 3134 754 3190 HERB.
797 3136 922 3192 Haec
941 3137 1212 3194 Jeremias
1240 3141 1583 3211 aanigmatice
1613 3151 1780 3211 atque
1819 3145 2067 3200 involute

2165 2000 2222 2050 ὲν
2259 1993 2486 2064 δυνάμει
2513 2009 2528 2057 ;
2562 1992 2828 2044 ’Ἄκουσον
2849 1988 2902 2041 τί
2922 1988 3072 2056 λέγει
3110 1987 3381 2057 Ἱερεμίας
3403 1988 3430 2039 ὁ
3457 1986 3742 2056 προφήτης

2165 2088 2293 2156 περὶ
2323 2085 2430 2138 τῶν
2463 2084 2715 2153 πατέρων
2749 2099 2866 2144 σου,
2902 2078 3312 2150 προδηλοποιῶν
3349 2078 3517 2147 ὁποίῳ
3553 2077 3739 2147 τρόπῳ

2163 2175 2398 2248 ἦμελλον
2433 2169 2901 2242 συμϐουλεύεσθαι
2945 2170 3086 2222 κατὰ
3136 2168 3228 2222 τοῦ
3258 2166 3464 2238 Κυρίου
3519 2165 3698 2220 αὐτῶν
3721 2182 3736 2197 ·

2164 2267 2362 2329 Δεῦτε,
2381 2264 2478 2318 καί
2501 2262 2888 2332 ἐμϐάλλωμεν
2907 2260 3099 2324 ξύλον
3113 2262 3199 2324 εὶς
3216 2259 3322 2312 τὸν
3336 2257 3517 2326 ἄρτον
3533 2255 3740 2320 αὐτοῦ.

2166 2356 2656 2423 καὶέκτρίψωμεν
2676 2354 2862 2406 αὐτὸν
2891 2353 2958 2406 ἐκ
2984 2351 3096 2421 γῆς
3136 2350 3382 2411 ᾄῦντων.
3443 2348 3554 2402 Kal
3603 2349 3742 2402 ἀνω-

2163 2450 2308 2518 τέρω
2341 2464 2354 2477 ·
2399 2445 2547 2515 Ἐγὼ
2565 2444 2681 2514 μὲν
2711 2445 2790 2508 ὡς
2822 2444 3033 2512 ἀρνίον
3054 2441 3283 2494 ἄκακον
3305 2439 3603 2508 ἀγόμενον
3633 2437 3742 2491 τοῦ

2167 2542 2434 2600 θύεσθαι,
2465 2539 2578 2591 οὐκ
2615 2535 2827 2605 ἔγνων.
2865 2533 3048 2598 Δεῖξον
3082 2549 3176 2604 μοι
3222 2534 3286 2584 σὺ
3315 2529 3610 2600 τοιγαροῦν
3638 2529 3741 2582 ποῦ

2167 2633 2378 2701 ὲσφάγη
2421 2629 2717 2700 Ἱερεμίας,
2752 2625 2858 2680 ποῦ
2888 2626 3141 2680 ἐνέϐαλον
3165 2624 3320 2689 ξύλον
3348 2626 3428 2687 είς
3463 2623 3552 2676 τὸν
3578 2623 3742 2694 ἄρτον

2167 2721 2335 2777 αὑτοῦ
2365 2738 2379 2786 ;
2410 2719 2569 2780 Ἴσως
2599 2717 2872 2789 αἰσθητῶς
2907 2716 3066 2770 τοῦτο
3107 2717 3206 2769 ούκ
3246 2715 3310 2768 ἂν
3360 2714 3489 2784 ἔχῃς
3545 2714 3738 2770 εἰπεῖν.

2180 2815 2268 2866 Ἐν
2303 2810 2550 2883 βορϐόρῳ
2582 2810 2692 2880 γὰρ
2726 2808 3054 2879 εὑρίσκομεν
3085 2807 3248 2861 αὐτὸν
3289 2805 3597 2878 ἐρριφέναι,
3647 2805 3743 2859 καὶ

2172 2905 2355 2974 μόνον.
2391 2902 2530 2973 Περὶ
2557 2901 2612 2954 δὲ
2638 2899 2904 2971 Χριστοῦ,
2943 2900 3040 2954 καὶ
3068 2898 3276 2963 πάθους
3303 2897 3494 2966 αὐτοῦ,
3524 2896 3744 2965 εῦδηλον

2167 2996 2251 3050 ὅτι
2296 2990 2660 3065 προφητεύων
2693 2989 2904 3059 ἔλεγεν.

2239 3141 2482 3198 ΕΡΒΑΝ.
2532 3139 2721 3194 Ταῦτα
2775 3140 3192 3212 αἰνιγματωδῶς
3240 3135 3394 3194 εἶπεν
3452 3139 3740 3210 Ἱερεμίας,

480 3227 699 3282 locutus
743 3238 829 3282 est
860 3247 873 3282 :
904 3229 1018 3284 sive
1045 3230 1114 3285 de
1145 3247 1202 3286 se
1228 3232 1367 3301 ipso,
1391 3233 1506 3288 sive
1531 3232 1600 3288 de
1631 3234 1761 3300 alio,
1794 3251 1905 3290 non
1934 3252 2054 3292 mea

2166 3239 2258 3292 κᾶν
2297 3235 2427 3304 περὶ.
2463 3230 2651 3294 αὐτοῦ,
2695 3232 2800 3285 κᾶν
2849 3234 2977 3303 περὶ
3029 3232 3261 3302 ἐτέρου,
3311 3232 3372 3285 ού
3417 3231 3568 3300 μέλει
3627 3247 3739 3302 μοι.

481 3317 787 3371 refert.=-Tu
827 3334 977 3384 vero,
1010 3320 1100 3374 dic
1122 3321 1258 3376 mihi
1289 3323 1439 3390 quod
1463 3332 1514 3378 te
1542 3339 1695 3394 rogo,
1727 3326 1951 3394 quinam
1993 3344 2061 3383 ex

480 3407 768 3482 prophetis
795 3409 932 3464 meis
977 3409 1116 3464 dixit
1155 3411 1422 3480 loquendi
1451 3411 1696 3479 licentia,
1738 3423 1795 3470 et
1823 3431 1934 3470 non
1968 3433 2065 3486 pa-

481 3495 696 3560 rtemin,
723 3495 791 3550 de
816 3495 1040 3553 Christo
1067 3507 1162 3554 tuo
1185 3500 1208 3552 ?

553 3583 609 3640 S.
661 3583 868 3644 ARCH.
933 3587 1144 3642 Revera
1199 3589 1436 3645 carnalis
1486 3607 1612 3646 cum
1659 3592 1756 3658 sis,
1823 3597 2061 3652 carnalia

482 3677 758 3746 perquiris
781 3687 835 3732 et
862 3693 1045 3735 crassa
1069 3681 1238 3735 animi
1273 3696 1456 3740 sensa.
1487 3682 1746 3753 Nunquid
1782 3688 2062 3756 propheta:

483 3777 576 3823 tua
607 3768 825 3824 inscitia
853 3779 1018 3840 atque
1067 3772 1382 3842 insipientia
1434 3783 1490 3829 et
1535 3777 1773 3832 amentia
1813 3779 2063 3850 indigue-

482 3870 632 3925 runt,
677 3871 738 3917 ut
767 3863 934 3919 verba
992 3865 1306 3921 communia
1355 3875 1412 3922 et
1461 3867 1694 3924 triviaiia
1741 3870 2063 3940 simpliciter

481 3955 846 4011 vaticinantes
890 3956 1334 4026 proiunderent?
1365 3958 1508 4014 Audi
1550 3961 1716 4030 igitur
1747 3963 1879 4031 quid
1913 3964 2061 4018 dicat

482 4043 654 4098 David
692 4045 761 4099 de
796 4045 970 4115 ipsius
994 4047 1207 4104 caelesti
1232 4049 1505 4106 descensu
1543 4053 1613 4106 ad
1663 4053 1941 4124 Virginem
2000 4065 2061 4110 ut

481 4152 646 4192 carne
678 4137 1001 4194 indueretur
1033 4158 1046 4194 :
1082 4141 1374 4196 Descende:
1404 4145 1537 4198 sicut
1570 4144 1750 4214 pluvia
1792 4147 1848 4199 in
1893 4146 2060 4201 vellus

482 4236 532 4283 et
559 4229 691 4282 sicut
709 4239 858 4302 gutta
876 4231 1140 4288 distillant:
1162 4235 1217 4288 in
1237 4243 1439 4292 terram
1469 4237 1532 4290 ’⁸.

554 4411 759 4468 HERB.
802 4414 926 4470 Haec
973 4416 1042 4472 de
1069 4417 1362 4476 Solomone
1396 4421 1533 4478 dixit
1577 4423 1785 4492 David;
1824 4435 1881 4482 et
1911 4435 1968 4481 tu
2001 4426 2058 4484 in

483 4517 648 4574 quem
674 4505 789 4562 haec
817 4509 1088 4576 pervertis
1112 4519 1170 4565 et
1187 4514 1604 4570 accommodas?

2168 3328 2334 3394 Λέξον
2365 3325 2424 3379 δέ
2459 3342 2550 3395 μοι
2573 3325 2733 3377 τοῦτο
2761 3324 2788 3377 ὃ
2811 3325 2908 3382 ἐπε
2919 3324 3071 3395 ρωτῶ
3093 3324 3203 3394 (15)
3229 3341 3244 3356 ’
3273 3326 3424 3385 ποῖος
3451 3319 3569 3375 εἷπε
3597 3325 3740 3395 παρ-

2169 3418 2358 3490 ρησίᾳ,
2418 3415 2514 3469 καὶ
2561 3416 2681 3485 ούχὶ
2735 3415 3008 3488 παροιμίᾳ
3057 3415 3187 3486 περὶ
3235 3414 3330 3468 τοῦ
3375 3413 3612 3484 Χριστοῦ
3646 3429 3740 3467 σου

2167 3505 2277 3559 ἀπὸ
2307 3504 2415 3557 τῶν
2440 3503 2739 3574 προφητῶν
2767 3519 2868 3574 μου
2903 3521 2918 3570 ;

2238 3596 2347 3649 Kal
2375 3597 2416 3648 0
2441 3595 2659 3648 ΑΓΙΟΣ.
2693 3594 2812 3647 Ἐπ’
2838 3593 3096 3665 ἀληθείας
3123 3591 3385 3665 σαρκικδς
3406 3593 3481 3646 ὢν
3506 3592 3743 3664 σαρκικά

2165 3686 2444 3756 ἐπιζητεῖς
2488 3684 2581 3736 καὶ
2620 3683 2686 3737 τὰ
2727 3686 2996 3754 νοήματα.
3038 3685 3128 3755 Μὴ
3173 3684 3279 3755 γὰρ
3325 3684 3425 3751 τῆς
3471 3683 3741 3754 ἀμαθείας

2168 3795 2260 3831 σου
2315 3776 2686 3847 ἐχρημάτιζον
2741 3778 2790 3828 οἱ
2845 3776 3143 3845 προφῆται,
3175 3774 3209 3845 ἥ
3243 3774 3341 3845 τῆς
3375 3776 3472 3845 σῆς
3510 3773 3742 3843 ἀσοφίας

2166 3885 2224 3921 τε
2251 3869 2346 3920 καὶ
2369 3868 2580 3931 ἀνοίας,
2612 3868 2701 3922 ἴνα
2730 3867 3120 3939 προϐάλλοιντο
3163 3865 3275 3936 (14)
3324 3866 3478 3919 κοινὰ
3519 3867 3743 3937 ῥήματα

2167 3961 2353 4024 ἁπλῶς
2379 3959 2854 4032 προφητεύοντεςς
2888 3960 3153 4012 Ἀκουσον
3188 3952 3280 4011 οῦν
3309 3957 3361 4010 τί
3392 3957 3541 4027 λέγει
3572 3959 3599 4010 ὁ
3635 3960 3743 4012 Δα-

2165 4051 2249 4105 ϐὶδ
2279 4052 2536 4123 περὶτῆς
2563 4050 2622 4115 ἐξ
2662 4049 2892 4121 ούρανοῦ
2939 4049 3102 4104 αὑτοῦ
3140 4047 3602 4116 συγκαταϐάσεως
3647 4050 3741 4103 ἐπὶ

2166 4143 2263 4212 τὴν
2296 4142 2592 4213 Παρθένον,
2629 4141 2792 4194 ἓνεκα
2823 4141 2918 4193 τοῦ
2957 4139 3307 4211 σαρκωθῆναι
3335 4157 3350 4171 ·
3399 4140 3742 4207 Καταὸήσεο

2166 4247 2260 4282 ται
2299 4231 2381 4295 ὡς
2403 4229 2580 4293 ὑετὸς
2607 4229 2705 4282 ἐπὶ
2733 4231 2944 4295 πόκον,
2981 4230 3080 4284 καὶ
3108 4226 3251 4282 ὡσεὶ
3279 4228 3520 4296 σταγὼν
3540 4230 3576 4297 ἡ
3595 4231 3739 4282 στά-

2167 4319 2356 4380 ζουσα
2383 4319 2480 4372 ἐπὶ
2521 4319 2636 4386 τὴν
2666 4317 2812 4388 γῆν..
3089 4384 3098 4394 _

2236 4411 2482 4464 EPBAN.
2530 4408 2716 4462 Ταῦτα
2761 4409 2892 4480 περὶ
2932 4407 3026 4461 τοῦ
3086 4407 3432 4479 Σολομῶντος
3459 4410 3680 4480 εἴρηκεν
3713 4409 3742 4460 ὀ

2167 4502 2331 4556 Δαϐίδ
2362 4519 2376 4533 ο
2413 4501 2509 4554 καὶ
2549 4499 2653 4552 ποῦ
2683 4499 2858 4553 ταῦτα
2891 4499 2956 4554 σὺ
3003 4498 3373 4571 μεθαρμόζεις
3408 4515 3423 4564 ;

553 4593 610 4650 S.
635 4594 842 4652 ARCH.
873 4599 1239 4671 Pragrediens
1272 4605 1514 4673 psalmus
1547 4606 1680 4676 quid
1704 4607 1882 4664 dicit?
1909 4608 2061 4665 Orie-

2237 4593 2347 4646 Kal
2375 4594 2418 4646 0
2446 4593 2668 4646 ΑΓΙΟΣ.
2704 4591 2915 4661 Προϊὼν
2943 4592 2972 4644 ὁ
2999 4589 3208 4661 ψαλμὺς
3236 4590 3291 4643 τί
3319 4589 3468 4658 λέγει
3493 4607 3509 4655 ;
3574 4589 3743 4644 Ἀνα-

484 4698 570 4744 tur
603 4690 661 4744 in
689 4690 867 4745 diebus
899 4693 1014 4762 ejus
1049 4694 1266 4764 justitia
1290 4697 1356 4749 ¹⁶.
1409 4696 1478 4751 Et
1506 4699 1632 4768 quis
1686 4707 1932 4754 vestrum
1973 4701 2060 4772 ip-

484 4794 603 4836 sum
622 4791 816 4850 arguet
843 4784 1056 4852 peccati
1078 4784 1101 4837 ?
1121 4784 1381 4842 Solomon
1408 4802 1542 4842 vero
1572 4787 1774 4843 malum
1802 4798 2063 4859 operatus

484 4886 669 4935 coram
699 4873 832 4938 Deo,
868 4884 1122 4932 mortuus
1152 4886 1257 4933 est.
1490 4943 1506 4955 _

554 4957 762 5014 HEIlB.
819 4961 1314 5020 lnnumerabilium
1364 4965 1700 5021 seditionum
1749 4967 1805 5022 in
1863 4967 2061 5025 diebus

485 5051 600 5107 suis
624 5054 876 5121 patribus
923 5057 1126 5112 nostris
1151 5068 1345 5114 auctor
1373 5059 1602 5113 exstitit.

552 5142 610 5198 S.
641 5145 849 5200 ARCH.
879 5147 1030 5202 Heu!
1069 5150 1196 5219 quia
1219 5159 1431 5204 vestras
1473 5150 1822 5205 inﬁrmitates
1852 5151 2065 5222 bajula-

486 5231 583 5294 vit,
621 5241 678 5288 et
709 5234 932 5288 morbos
986 5237 1223 5299 sanavit,
1255 5244 1312 5290 et
1354 5246 1570 5297 vestros
1596 5246 1842 5294 mortuos
1872 5240 1940 5293 ab
1977 5239 2063 5292 in-

486 5323 617 5379 feris
645 5323 711 5378 ad
760 5326 928 5379 vitam
961 5329 1238 5382 revocavit
1287 5346 1300 5382 :
1337 5344 1434 5382 vos
1487 5330 1658 5383 veluti
1708 5345 1870 5384 canes
1907 5331 2059 5407 rabie

486 5415 752 5470 concitati
803 5417 1070 5471 adversus
1122 5418 1299 5488 ipsum
1354 5419 1639 5474 furebatis.
1709 5420 1846 5486 Quis
1891 5420 2059 5490 igitur

486 5506 820 5570 tumultuum
882 5517 1110 5574 auctor,
1144 5526 1314 5564 vosne
1357 5511 1482 5580 ipsi,
1543 5527 1612 5566 an
1669 5511 1805 5566 ille?
1855 5512 2058 5567 Verum

555 5624 601 5658 “
618 5624 822 5681 Jerem.
848 5643 943 5692 xu,
975 5627 1059 5681 l9.
1140 5629 1344 5683 "Psal.
1373 5645 1516 5692 uxr,
1558 5629 1608 5683 6.
1685 5630 1728 5660 “
1749 5628 1884 5684 ibid.
1928 5630 1979 5682 7.

2163 4685 2327 4741 τελεῖ
2341 4686 2414 4739 ἐν
2446 4684 2576 4752 ταῖς
2604 4685 2854 4754 ἡμέραις
2883 4682 3070 4737 αὐτοῦ
3107 4682 3484 4750 δικαιοσύνη.
3516 4682 3628 4736 Kal
3653 4683 3740 4745 τίς

2162 4776 2222 4842 ἐξ
2257 4777 2412 4846 ὑμῶν
2446 4775 2657 4844 ἐλέγξει
2691 4775 2854 4828 αὐτὸν
2883 4775 3014 4846 περὶ
3044 4773 3362 4846 ἀμαρτίας;
3400 4771 3656 4843 Σολομὼν
3679 4773 3739 4827 δὲ

2161 4869 2393 4939 ποιήσας
2414 4867 2474 4921 τὸ
2495 4867 2730 4939 πονηρὸν
2755 4865 2934 4920 ἔναντι
2962 4865 3192 4936 Κυρίου,
3215 4864 3553 4934 ἐτελεύτησε.

2236 4959 2482 5013 ΕΡΒΑΝ.
2514 4959 2884 5029 Διχοστασιῶν
2920 4958 3128 5028 μυρίων
3161 4958 3332 5018 αίτιος
3371 4957 3428 5008 ὲν
3449 4957 3571 5020 ταῖς
3599 4955 3737 5028 ἠμέ-

2171 5070 2294 5125 ραις
2319 5053 2487 5107 αὑτοῦ
2509 5055 2622 5115 τοῖς
2653 5052 2924 5122 πατράσιν
2953 5052 2984 5120 ὴ
2995 5051 3112 5120 μῶν
3141 5050 3360 5120 ἐγένετο
3384 5042 3562 5112 οὗτος.

2237 5147 2351 5200 Kal
2379 5147 2420 5198 0
2453 5145 2672 5202 ΑΓΙΟΣ.
2719 5143 2945 5198 ’Λϐἀλεῐ
2983 5144 3064 5195 ὅτι
3100 5143 3201 5206 τὰς
3249 5141 3538 5204 ἀσθενείας
3584 5139 3740 5211 ὑμῶν

2165 5237 2455 5301 ἐϐάστασε,
2485 5237 2577 5290 καὶ
2614 5235 2712 5300 τὰς
2755 5235 2944 5294 νόσους
3001 5235 3137 5299 lato,
3189 5235 3285 5286 καὶ
3334 5234 3462 5296 τοὺς
3509 5231 3738 5302 νεκροὺς

2165 5329 2321 5401 ὑμῶν
2351 5331 2565 5394 ἀνίστα,
2610 5328 2704 5382 καὶ
2739 5329 2899 5398 ὑμεῖς
2930 5327 3006 5390 ὡς
3036 5325 3198 5390 κύνες
3243 5326 3564 5389 λυττῶντες,
3601 5339 3738 5376 κατ·-

2163 5421 2452 5488 εμαίνεσθε
2485 5418 2673 5474 αὑτοῦ.
2695 5419 2792 5483 Τίς
2811 5415 2904 5473 οῦν
2935 5418 3121 5472 λοιπὸν
3145 5418 3319 5481 αἴτιος
3339 5416 3449 5470 τῶν
3465 5414 3733 5488 θορύϐων,

2164 5514 2343 5584 ὑμεῖς,
2375 5512 2408 5582 ἢ
2448 5513 2649 5581 αὐτός;
2703 5512 2970 5566 ’Ἄκουσον
2998 5510 3057 5565 δὲ
3087 5503 3186 5565 xal
3223 5510 3332 5565 τῶν
3360 5509 3508 5581 ἑξῆς·
3541 5511 3734 5563 Καταο

1995 5721 2038 5774 Ν
2045 5719 2222 5777 ΟΤᾹἙ.

555 5880 667 5945 (Η)
700 5880 1158 5947 Προϐάλιιίοιντο.
1185 5883 1312 5947 Leg.
1338 5884 1747 5950 προεϐάλλοντο.
1772 5887 1848 5940 ιι).

554 5808 668 5945 (l3;
714 5809 892 5864 Τοῦτο
925 5810 956 5864 ὃ
993 5811 1088 5866 ἐπ.
1135 5814 1254 5868 Vct.
1296 5815 1420 5869 cod.
1467 5816 1496 5867 ὅ
1535 5832 1616 5867 σοι
1659 5817 1771 5869 ὲπ..
1813 5815 1932 5867 ἀντὶ
1961 5815 2052 5868 τοῦ

555 5881 642 5944 (Η
700 5880 1158 5945 Προϐάλιιίοιντο.
1185 5883 1312 5945 Leg.
1338 5884 1747 5945 προεϐάλλοντο.
1772 5887 1848 5940 ιι).

2166 5856 2172 5869 .
2209 5813 2413 5870 ϐυιοιι.
