4094 6542
288 453 390 516 641

1246 435 1707 501 DISPUTATIO
1747 433 1905 496 CUM
1946 433 2309 497 HERBANO
2347 438 2635 501 JUDJEO.

3454 448 3561 512 bi?

286 561 592 624 κυριεύσει
665 558 798 628 γὰρ,
837 557 1027 630 φησὶν,
1084 556 1203 611 ἀπὸ
1237 554 1559 620 θαλάσσης
1603 552 1714 618 ἓως
1765 552 1865 603 θα-

1983 549 2092 603 iudi
2113 568 2234 621 quae
2260 565 2595 622 sequuntur:
2620 554 2685 611 Et
2707 557 3070 613 dominabitur
3088 601 3102 625 ,
3130 559 3331 632 inquit,
3363 582 3393 618 a
3418 571 3559 622 mari

285 656 552 721 .ldoonc,
604 651 701 705 καὶ
751 651 873 705 ἀπὸ
927 648 1209 719 ποταμῶν
1267 648 1379 713 ἕως
1436 644 1706 714 περάτων
1766 640 1876 711 τῆς

285 743 661 814 οὶκουμένης.
696 742 905 795 Οὐκοῦν
945 743 1045 795 οὐκ
1098 740 1247 793 ἔστιν
1303 739 1515 806 οὖτωςς
1575 737 1651 790 Οὐ
1708 752 1877 789 κατα-

289 837 500 905 λάμπει
532 835 567 904 η
596 833 803 895 πίστις,
835 834 869 902 ἡ
898 834 978 895 είς
1008 829 1191 893 αὑτὸν,
1234 830 1314 892 είς
1371 827 1441 879 τὰ
1505 828 1721 895 πέρατα
1776 822 1876 891 τῆς

278 924 656 995 οἰκουμένης
741 920 1036 976 Ἐνὼπιον
1060 918 1247 974 αὑτοῦ
1299 914 1743 987 προπεσοῦνται
1782 915 1878 966 Αί-

287 1019 514 1083 θίοπες.
547 1016 683 1087 Οὐχὶ
730 1017 879 1069 πᾶσα
911 1016 944 1084 ἡ
979 1011 1237 1068 Αἰθιοπία
1291 1010 1613 1063 ἐπίστευσεν
1662 1009 1743 1071 είς
1776 1006 1876 1060 αὐ-

284 1109 424 1177 τόν;
486 1110 597 1163 Καὶ
650 1108 775 1161 καθ’
828 1108 1069 1177 ἐκάστην
1120 1103 1337 1175 ἡμέραν
1404 1101 1702 1171 προσκυνεῖ
1781 1098 1879 1151 αὐ-

284 1202 425 1267 τὸν,
505 1201 581 1265 ὼς
647 1201 783 1253 Θεὸν
850 1192 1144 1269 ἀληθινόνς
1212 1196 1325 1251 Καὶ
1393 1198 1449 1249 oi
1507 1192 1707 1264 ἐχθροί
1766 1192 1875 1245 σὺ·

286 1294 395 1350 τοῦ
452 1294 606 1364 χοῦν
654 1293 991 1357 λείξουσιν.
1052 1290 1213 1353 τίνες
1273 1288 1330 1342 δὲ
1367 1288 1418 1341 oi
1462 1287 1649 1357 ἐχθροὶ
1686 1282 1876 1349 αὑτοῦ;

288 1386 403 1456 Οὐχ
443 1386 602 1456 ὑμεῖς
642 1383 693 1437 οῑ
760 1382 1030 1448 Ἰουδαῖοι,
1057 1379 1186 1451 χοῦν
1212 1378 1510 1450 λείχοντες,
1537 1375 1648 1430 ἀπὸ
1676 1374 1879 1446 πολλῆς

287 1479 486 1548 πείνης
519 1476 711 1544 ;τοῦτ’
748 1475 866 1529 ἐστι
906 1474 977 1529 τὰ
1008 1472 1184 1545 νεκρὰ
1219 1473 1315 1526 καὶ
1338 1471 1519 1543 χοῖκὰ,
1556 1468 1796 1541 σαρκικὰ
1818 1484 1877 1521 τε

288 1571 386 1625 καὶ
408 1568 629 1640 ἐμπαθῆ
652 1568 925 1639 νοήματα,
949 1565 1059 1621 ἀπὸ
1078 1564 1188 1619 τῶν
1237 1563 1584 1635 Χριστιανῶν
1635 1577 1879 1631 πνευμα-

286 1659 458 1715 τικῶν
487 1659 995 1731 νοημάτωνσφαγεῖν
1018 1656 1077 1709 οὐ
1109 1655 1421 1726 δυνάμενοι.

360 1830 611 1887 ΕΡΒΛΝ.
658 1828 903 1899 Ὕψηλὴν
934 1826 1182 1896 γλῶτταν
1213 1822 1554 1895 κεκτημένος
1581 1821 1750 1875 ταῦτα
1777 1792 1877 1872 ἐπ-

291 1922 518 1975 ίστασαι
545 1897 1019 1989 ἀποφθέγγεσθαι.
1053 1918 1118 1970 Τί
1147 1918 1204 1971 δὲ
1231 1917 1488 1988 ἐμφαίνει
1529 1914 1669 1985 αὕτη
1709 1917 1742 1984 ἡ
1780 1931 1877 1967 πε-
1905 1897 1947 1953 Β

293 2014 449 2084 ριοχὴ
474 2012 568 2067 τοῦ
591 2013 797 2083 στίχου·
825 2011 935 2065 Kal
963 2010 1196 2079 πλῆθος
1218 2008 1461 2080 εἰρήνης
1478 2008 1589 2074 ἓως
1617 2004 1691 2063 οὗ
1721 2010 1874 2061 άντ-

289 2103 577 2174 ιιναιρεθῆ
618 2105 655 2173 ἡ
696 2102 934 2171 σελήνη
957 2119 977 2167 ;
1016 2102 1082 2155 Τί
1122 2102 1242 2155 ἐστι
1303 2101 1365 2155 τὸ
1404 2099 1615 2172 πλῆθος
1658 2102 1760 2171 τῆς
1801 2101 1878 2151 εί-

296 2199 501 2268 vivnt;

365 2290 535 2343 Καὶο
552 2289 771 2342 ΑΓΙΟΣ.
796 2286 869 2340 Τὸ
893 2285 1097 2357 πλῆθος
1116 2283 1219 2355 τῆς
1239 2284 1463 2355 είρήνης
1488 2281 1746 2354 ἐμφαίνει
1780 2283 1878 2354 τὴν

295 2380 498 2452 πολλὴν
527 2380 750 2449 ἀγάπην
788 2379 899 2432 τῶν
940 2376 1078 2431 Θεοῦ
1142 2376 1503 2446 Ἐκκλησιῶν,
1558 2375 1625 2447 ἣν
1672 2374 1877 2444 μεταξὺ

292 2472 542 2542 ἀλλήλων
579 2471 901 2539 κέκτηνται.
936 2468 1179 2539 Σελήνην
1203 2467 1259 2520 δὲ
1286 2466 1385 2538 τὴν
1450 2466 1751 2536 καθολικὴν
1784 2465 1881 2519 καὶ

298 2563 666 2629 ἀποστολικὴν
722 2561 1054 2632 Ἐκκλησίαν
1092 2559 1374 2629 ἐμφαίνων
1395 2559 1701 2629 ὠνόμασεν.
1735 2559 1881 2621 Ἕως

297 2657 421 2709 ὅτου
446 2655 504 2708 δὲ
531 2655 636 2725 ἧξῃ
668 2654 891 2724 Κύριος,
924 2653 1017 2705 καὶ
1057 2650 1304 2723 παρέλθῃ
1347 2652 1380 2720 ἠ
1421 2650 1737 2718 Ἐκκλησία,
1776 2650 1881 2713 ἕως

296 2748 420 2800 τότε
472 2748 627 2800 ἐσται
679 2748 773 2799 καὶ
814 2746 1004 2815 είρήνη
1060 2742 1157 2796 τοῦ
1194 2742 1355 2806 Θεοῦ,
1387 2741 1796 2805 ἐπιπολάζουσα
1823 2742 1882 2793 ἐν

303 2841 457 2910 μέσῳ
487 2839 595 2892 τῶν
646 2836 1007 2907 Ἐκκλησιῶν.
1051 2834 1287 2887 Ὀπόταν
1316 2833 1373 2887 δὲ
1400 2833 1660 2904 περιέλθῃ
1689 2835 1721 2904 ἡ
1756 2834 1883 2886 Ἐκ-

300 2930 525 3002 κλησία,
585 2930 709 2983 τότε
752 2928 848 2981 καὶ
902 2928 1093 2997 εἰρήνη
1142 2928 1209 2980 ἐκ
1242 2926 1413 2997 μέσου
1442 2928 1752 2997 γενήσεται,
1784 2924 1883 2994 τῆς

303 3021 615 3084 συντελείας
641 3020 884 3091 δηλονότι
909 3019 1238 3089 ἐγγισάσης.
1272 3019 1392 3071 Ἵνα
1417 3019 1473 3071 δὲ
1524 3021 1589 3071 ἐκ
1625 3012 1720 3070 τοῦ
1750 3016 1884 3087 ψαλ-

304 3113 410 3185 μοῦ
439 3113 631 3167 τούτου
670 3114 873 3177 ἱκανῶς
903 3112 1214 3183 ὠφεληθῇς,
1247 3112 1481 3183 πρόσεχε
1510 3114 1621 3173 τοῖς
1655 3111 1886 3179 λεγομέ-

1977 656 2138 710 usque
2160 644 2229 695 ad
2250 660 2416 708 mare,
2439 654 2487 697 et
2505 663 2535 697 (ι
2556 649 2726 716 ﬂuviis
2748 666 2909 719 usque
2927 652 2995 703 ad
3021 655 3274 707 terminos
3291 655 3429 709 orbis
3447 664 3551 710 ter-

1977 746 2165 783 rarum
2193 732 2257 783 ¹⁷.
2294 733 2489 786 Annon
2536 733 2607 787 ita
2659 745 2743 789 est
2772 736 2794 788 ?
2830 736 2947 791 Non
2983 741 3035 792 in
3068 755 3192 793 eum
3224 741 3360 797 ﬁdes
3384 759 3557 814 usque

1977 822 2045 875 ad
2086 823 2354 879 terminos
2394 825 2547 879 orbis
2575 836 2848 881 terrarum
2901 829 3183 901 refulget?
3217 831 3411 888 Coram
3444 836 3558 905 ipso

1977 916 2601 988 procumbenththiopes
2636 920 2699 973 ’⁸.
2730 921 2848 975 Non
2875 923 3058 977 omnis
3076 923 3355 995 Ethiopia
3386 928 3442 981 in
3470 927 3556 998 ip-

1977 1021 2099 1060 sum
2134 1007 2391 1073 credidit,
2446 1020 2501 1064 et
2552 1010 2800 1079 quotidie
2832 1012 3008 1081 ipsum
3046 1024 3104 1069 ut
3142 1016 3313 1070 Deum
3364 1033 3557 1074 verum

1977 1100 2213 1156 adorat?
2246 1110 2294 1154 et
2314 1102 2515 1156 inimici
2552 1104 2665 1175 ejus
2705 1113 2903 1158 terram
2923 1106 3142 1177 liugent.
3174 1108 3407 1174 Quinam
3438 1112 3559 1182 ejus

1979 1194 2190 1250 inimici
2216 1195 2239 1248 ?
2262 1194 2379 1251 Non
2406 1212 2506 1251 vos
2558 1197 2754 1263 Judaei,
2788 1199 2883 1268 qui
2932 1215 3047 1269 pra:
3075 1202 3248 1255 multa
3278 1211 3335 1256 et
3367 1203 3558 1258 rabida

1978 1288 2121 1343 fame
2173 1289 2457 1359 pulverem
2487 1289 2735 1360 lingitis?
2780 1290 2835 1345 id
2868 1301 2974 1356 est,
3025 1301 3245 1347 terrena
3276 1306 3331 1349 et
3363 1295 3560 1364 pulve-

1981 1378 2200 1431 rulenta
2257 1378 2611 1447 earnaliaquc
2663 1388 2720 1433 et
2761 1380 3086 1448 perturbata
3117 1382 3284 1435 animi
3314 1376 3471 1437 sensa
3504 1390 3562 1437 et

1979 1465 2240 1536 cogitata,
2267 1481 2299 1520 a
2341 1465 2674 1522 Christianis
2696 1478 2753 1523 et
2798 1468 3177 1537 spiritualibus
3238 1471 3562 1528 hominibus

1979 1552 2261 1622 spiritales
2315 1562 2373 1607 et
2421 1553 2638 1610 divinas
2700 1556 2956 1611 notiones
3006 1572 3071 1611 ac
3097 1558 3399 1614 sententias
3424 1559 3560 1613 ede-

1982 1661 2063 1708 re,
2116 1645 2170 1698 id
2238 1655 2345 1711 est,
2406 1655 2591 1703 mente
2649 1647 2937 1719 percipere
2990 1659 3048 1704 et
3098 1649 3402 1721 intelligere
3449 1666 3560 1706 non

1980 1738 2262 1792 valentes?

2054 1832 2262 1886 HERB.
2292 1832 2562 1903 Linguam
2593 1833 2756 1888 altam
2784 1844 2840 1888 et
2866 1835 3272 1905 magniloquam
3302 1833 3555 1905 adeptus,

1978 1925 2087 1979 scis
2114 1924 2217 1978 ista
2244 1926 2523 1994 proloqui.
2552 1925 2658 1979 Sed
2689 1927 2822 1995 quid
2851 1926 2958 1980 sibi
2986 1927 3107 1980 vult
3130 1934 3187 1981 et
3210 1926 3419 1981 indicat
3442 1927 3563 1980 iure

1977 2032 2174 2071 versus
2227 2017 2493 2080 clausula,
2543 2016 2611 2072 Et
2637 2019 2736 2071 erit
2794 2018 3123 2073 abundantia
3176 2020 3342 2090 pacis,
3400 2019 3564 2072 donec

1978 2105 2261 2174 auferatur
2314 2104 2504 2159 luna?
2558 2104 2819 2172 Quaenam
2883 2115 2968 2161 est
3014 2106 3130 2161 haec
3183 2107 3333 2176 pacis
3391 2106 3565 2161 abun-

1970 2194 2163 2248 dantia
2189 2195 2230 2225 ’θ
2255 2194 2278 2247 ?

2050 2284 2107 2340 S.
2146 2280 2353 2339 ARCH.
2400 2285 2527 2340 Haec
2561 2286 2717 2356 pacis
2748 2286 3048 2340 multitudo
3084 2287 3200 2341 sive
3226 2286 3567 2341 abundantia

1980 2376 2227 2429 declarat
2256 2386 2573 2432 sanctarum
2622 2377 2719 2431 Dei
2746 2376 3117 2431 Ecclesiarum
3161 2376 3485 2432 charitatem
3511 2385 3570 2432 et

1980 2468 2360 2532 dilectionem,
2388 2485 2551 2537 quam
2587 2469 2826 2539 indepta
2847 2478 2999 2532 sunt,
3021 2475 3078 2522 et
3102 2486 3210 2539 qua
3229 2484 3349 2525 sese
3373 2476 3567 2523 mutuo

1981 2570 2445 2639 complectuntur.
2483 2568 2694 2622 Lunam
2743 2569 2921 2633 enim,
2972 2568 3304 2624 catholicam
3346 2578 3402 2623 et
3438 2585 3570 2640 apo-

1978 2662 2233 2716 stolicam
2256 2662 2560 2716 Ecclesiam
2590 2661 2999 2723 demonstrans,
3022 2662 3345 2716 nominavit.
3382 2662 3569 2717 Donec

1978 2760 2167 2806 autem
2225 2753 2442 2805 venerit
2468 2752 2776 2827 Dominus,
2806 2760 2865 2804 et
2920 2749 3258 2820 praeterierit
3296 2751 3566 2815 Ecclesia,

1980 2859 2051 2898 eo
2096 2859 2272 2913 usque
2303 2845 2411 2899 erit
2438 2859 2540 2914 pax
2566 2843 2695 2908 Dei,
2730 2844 2783 2897 in
2817 2843 3000 2897 medio
3056 2843 3426 2897 Eeclesiarum
3472 2858 3569 2897 su-

1986 2946 2287 3006 pernatans
2308 2946 2365 2991 et
2398 2936 2713 2991 abundans.
2740 2934 2878 2990 Cum
2908 2950 3041 2991 vero
3074 2936 3317 2991 Ecclesia
3348 2943 3575 3005 praeter-

1984 3024 2146 3089 ierit,
2201 3033 2335 3079 tunc
2364 3025 2529 3078 etiam
2571 3040 2676 3095 pax
2724 3041 2755 3079 e
2786 3025 2969 3078 medio
3005 3024 3228 3078 tolletur
3258 3041 3270 3077 :
3305 3024 3570 3079 nimirum

1987 3114 2467 3169 consummatione
2490 3115 2651 3170 facta.
2686 3116 2755 3171 Ut
2787 3124 2970 3170 autem
2991 3115 3097 3169 hoc
3114 3114 3324 3184 psalmo
3350 3114 3571 3169 abunde

303 3223 436 3268 νοις.
460 3206 525 3257 Τί
549 3204 809 3275 ἀνωτέρω
836 3204 984 3273 λέγει
1012 3200 1169 3267 οὗτος
1195 3206 1225 3256 6
1250 3202 1465 3273 ψαλμός
1498 3218 1512 3267 ;
1544 3201 1884 3259 Καλταπει-

1983 3206 2216 3277 juveris,
2258 3205 2500 3259 animum
2540 3205 2743 3260 adbibe
2781 3206 2846 3259 ad
2883 3221 2947 3258 ea
2970 3220 3091 3275 quae
3116 3206 3397 3259 dicuntur.
3426 3204 3569 3271 Quid

302 3299 503 3362 νὼσει,
542 3299 697 3367 φησὶ,
736 3295 1154 3364 συκοφάντην,
1197 3294 1297 3347 καὶ
1327 3292 1787 3362 συμπαραμενεῖ
1808 3292 1886 3357 τῷ

306 3389 459 3457 ἡλίῳ
491 3386 623 3457 (15).
675 3386 837 3459 Ὁρᾷς
878 3387 989 3455 γὰρ
1036 3384 1115 3436 ὅτι
1162 3382 1505 3452 ἐτελεύτησε.
1554 3380 1660 3434 Ποῦ
1708 3381 1765 3435 δὲ
1820 3376 1887 3452 ἦν

303 3478 470 3541 αὐτὸς
508 3477 865 3548 χρηματίζων
894 3476 1002 3546 πρὸ
1033 3476 1129 3545 τῆς
1158 3474 1391 3544 σελήνης
1424 3492 1438 3539 ;
1474 3474 1753 3542 Τετάρτην
1780 3474 1888 3544 γὰρ

306 3574 522 3644 ἡμέραν
549 3574 607 3625 ἐν
632 3575 698 3643 τῇ
728 3570 1078 3640 κοσμοποιίᾳ,
1100 3570 1329 3638 σελήνην
1351 3569 1446 3622 καὶ
1468 3567 1704 3636 ἀστέρας
1720 3566 1889 3628 ὁΘεὸς

310 3662 732 3734 ἐδημιούργησε.
766 3661 1093 3731 Σολομῶντα
1138 3660 1195 3711 δὲ
1230 3658 1329 3711 πού
1358 3675 1487 3710 ποτε
1519 3656 1683 3709 Δαὸὶδ
1709 3658 1774 3709 ὲκ
1792 3658 1889 3726 τῆς

306 3756 403 3809 τοῦ
440 3755 640 3827 Οὐρίου
668 3755 939 3823 γεγένηκε
965 3770 979 3784 ·
1021 3757 1128 3821 πρὸ
1150 3751 1244 3805 τοῦ
1280 3750 1434 3821 ἡλίου
1468 3750 1548 3813 δὲ,
1579 3749 1682 3802 ποῦ
1715 3745 1784 3821 ἦν
1830 3750 1892 3801 τὸ

309 3849 484 3921 ὃνομα
516 3848 684 3903 αὑτοῦ
719 3865 736 3915 ;
772 3847 896 3902 Οὐδ’
929 3847 997 3902 ἂν
1032 3845 1206 3899 ταῦτα
1238 3847 1269 3897 ὁ
1302 3844 1466 3897 Δαὸὶδ
1502 3843 1887 3914 ἐχρημάτιζεν.

382 4028 631 4083 ΕΡΒΑΝ.
676 4027 800 4081 ’Ὁτι
857 4024 959 4096 μέν
1003 4024 1338 4077 ἐταπείνωσε
1379 4022 1741 4091 συκοφάντην,
1782 4021 1892 4091 ἔχω

313 4139 397 4175 σοι
428 4121 618 4185 δεῖξαι,
652 4120 734 4173 ὅτι
757 4119 857 4188 οὑχ
885 4119 981 4171 ἐνα
1015 4117 1173 4187 μόνον
1194 4116 1579 4169 ἐταπείνωσεψ
1601 4106 1894 4168 ἀλλ’ἀπεί-

315 4232 444 4284 ρους
475 4214 576 4284 μὲν
610 4213 909 4284 τυράννους
941 4211 1185 4279 πτοήσας
1250 4206 1483 4273 ὑπέταξε
1511 4225 1525 4240 ·
1569 4207 1787 4261 πάντων
1834 4208 1891 4261 δὲ

310 4310 422 4361 τῶν
462 4305 717 4377 πονηρῶν
768 4304 1038 4374 δαιμόνων
1067 4301 1363 4371 ἐκράτησε,
1401 4300 1493 4353 καὶ
1517 4300 1767 4369 δεσμίους
1799 4302 1896 4353 αὑ-

312 4401 439 4462 τοὺς
467 4398 827 4468 ἠσφαλίσατο.
863 4397 990 4449 ’Ότι
1024 4394 1079 4447 δὲ
1124 4394 1546 4462 συμπαραμενεί
1597 4392 1752 4462 ἠλίῳ,
1796 4391 1895 4462 τὴν

314 4491 681 4561 λαμπρότητα
720 4489 823 4558 τῆς
863 4487 1144 4558 βασιλείας
1179 4486 1420 4557 ᾐνίξατο,
1453 4483 1543 4537 διὰ
1564 4484 1625 4536 τὸ
1656 4500 1894 4555 στρατη-

1988 3298 2246 3367 superius
2268 3296 2406 3351 dicit
2438 3297 2529 3351 hic
2554 3297 2844 3367 psalmus?
2878 3297 2944 3350 Et
2980 3296 3301 3361 humiliabit,
3354 3297 3567 3366 inquit,

1986 3390 2448 3455 calumniatorem,
2476 3400 2524 3444 et
2544 3390 2869 3461 permanebit
2894 3407 3013 3443 cum
3053 3389 3183 3443 sole.
3232 3389 3398 3443 Vides
3424 3398 3571 3444 certe

1984 3481 2134 3552 quod
2159 3482 2423 3536 Solomon
2446 3482 2559 3536 vita
2584 3481 2807 3537 functus
2829 3490 2933 3535 est.
2956 3481 3061 3537 Ubi
3090 3490 3274 3535 autem
3305 3490 3424 3536 erat
3454 3481 3572 3551 ipse

1988 3583 2115 3629 ante
2138 3576 2323 3629 lunam
2350 3576 2374 3627 ?
2402 3574 2609 3641 Quarto
2637 3575 2786 3629 enim
2821 3574 2932 3635 die,
2964 3574 3017 3628 in
3046 3573 3237 3627 mundi
3268 3574 3567 3634 creatione,

1990 3667 2176 3720 lunam
2223 3677 2279 3721 et
2317 3668 2503 3721 stellas
2530 3667 2673 3721 Deus
2727 3666 2999 3720 condidit.
3042 3665 3395 3719 Solomonem
3438 3679 3572 3718 vero

1990 3759 2271 3828 quondam
2318 3758 2485 3813 David
2512 3774 2579 3812 ex
2613 3774 2676 3812 ea
2705 3774 2825 3827 quae
2847 3758 2951 3812 fuit
2979 3758 3142 3822 Uriaa,
3177 3757 3367 3826 genuit
3402 3774 3415 3808 :
3444 3765 3571 3810 ante

1990 3852 2161 3905 solem
2181 3861 2362 3905 autem
2387 3850 2481 3903 ubi
2500 3860 2619 3904 erat
2644 3865 2842 3903 nomen
2865 3850 2984 3919 ejus
3007 3848 3031 3900 ?
3054 3848 3240 3917 Neque
3263 3860 3377 3902 tum
3402 3846 3571 3901 David

1992 3941 2108 3996 base
2138 3941 2562 3995 vaticinabatur.

2062 4033 2269 4088 HERB.
2310 4033 2466 4099 Quod
2488 4032 2711 4101 quidem
2738 4031 3196 4086 calumniatorem
3224 4031 3570 4095 humiliavit,

1992 4140 2217 4195 possum
2279 4124 2380 4179 tibi
2434 4125 2777 4179 ostendere:
2831 4124 2958 4193 quia
3018 4140 3127 4178 non
3178 4141 3349 4179 unum
3397 4125 3573 4179 solum

1994 4216 2347 4281 humiliavit,
2392 4217 2489 4271 sed
2541 4217 2786 4271 inﬁnitos
2812 4217 3035 4287 quidem
3081 4228 3341 4290 tyrannos
3389 4218 3575 4271 animo

1993 4309 2156 4380 607
2193 4309 2482 4378 perculsos
2511 4317 2566 4363 et
2602 4318 2987 4363 consternatos
3045 4310 3281 4381 subjecit
3322 4325 3334 4360 :
3380 4323 3576 4361 omnes

1996 4401 2267 4470 malignos
2289 4400 2569 4454 daemonas
2601 4415 2701 4453 suo
2746 4400 2980 4469 imperio
3012 4400 3262 4455 devictos
3306 4399 3571 4463 reddidit,

1995 4504 2204 4559 eosque
2236 4488 2474 4543 vinculis
2495 4496 2551 4543 et
2577 4487 2792 4542 catenis
2826 4489 3158 4543 constrictos
3218 4498 3337 4542 tuto
3372 4489 3573 4543 tenuit.

312 4584 411 4652 γον
436 4579 577 4637 εἶναι
599 4582 695 4637 τὸν
714 4582 865 4652 ἥλιον
891 4582 992 4649 τῆς
1012 4578 1245 4649 ἡμέρας,
1270 4576 1622 4645 ἀφομοιώσας
1644 4575 1811 4628 αὐτοῦ
1834 4574 1887 4628 τὲ

1996 4580 2153 4647 Quod
2175 4594 2309 4635 vero
2332 4580 2493 4634 simul
2516 4594 2642 4633 cum
2672 4579 2786 4633 sole
2816 4579 3180 4648 permanebit,
3207 4578 3357 4649 regni
3389 4580 3576 4646 splen-

315 4676 517 4748 κράτος
544 4674 623 4745 τῷ
640 4673 798 4744 ἡλίῳ.
825 4670 1057 4742 Πρώτην
1078 4670 1134 4723 δὲ
1162 4668 1392 4737 σελήνην
1414 4668 1634 4737 εἴρηκεν
1656 4666 1887 4737 ἡμέραν¹

1995 4674 2186 4727 dorem
2238 4671 2584 4726 subobscure
2640 4668 2925 4732 indicavit,
2991 4677 3284 4738 propterea
3320 4668 3468 4738 quod
3494 4668 3575 4723 sol

314 4772 416 4837 τὴν
432 4768 684 4835 γέννησιν
704 4763 894 4819 αὐτοῦ.
919 4763 1030 4815 Καὶ
1050 4759 1239 4814 ἐκτοτέ
1260 4776 1417 4828 φησι,
1447 4757 1719 4819 Διαμενεῖ
1735 4758 1887 4823 σῶος

1992 4773 2080 4819 est
2109 4765 2220 4819 diei
2250 4764 2362 4817 dux
2396 4781 2409 4816 :
2449 4762 2659 4816 idcirco
2694 4762 2867 4816 robur
2895 4763 3015 4831 ejus
3045 4768 3100 4815 et
3136 4760 3428 4830 imperium
3472 4760 3576 4814 soli

316 4858 403 4921 εις
432 4854 645 4926 γενεὰς
666 4852 910 4924 γενεῶν.
957 4852 1067 4904 Καὶ
1103 4847 1386 4913 ὡσαύτως,
1418 4848 1538 4915 Πρὸ
1571 4846 1676 4900 τοῦ
1712 4848 1887 4914 ἡλίου

1995 4857 2177 4913 simile
2214 4871 2339 4911 esse
2372 4855 2532 4909 dixit.
2570 4854 2809 4909 Primam
2839 4862 3021 4908 autem
3071 4853 3282 4915 lunam,
3320 4851 3463 4905 diem
3495 4851 3578 4905 di-

315 4947 579 5018 διαμένει
602 4947 671 5002 τὸ
709 4947 900 5016 ὄνομα
936 4942 1148 5005 αὑτοῦ,
1206 4941 1367 4994 τοῦτο
1421 4939 1591 5010 δηλοῖ,
1638 4941 1745 5011 πρὸ
1792 4940 1887 5009 τῆς

1996 4951 2096 5014 xit,
2131 4957 2313 5003 ortum
2362 4948 2541 5017 ipsius
2591 4946 2851 5000 innuens.
2892 4946 3131 5012 Ideoque
3156 4944 3324 4999 dicit:
3356 4943 3579 4998 Perma-

308 5038 601 5112 βασιλείας
629 5042 689 5092 ἐν
712 5038 820 5109 ὅλῳ
840 5036 918 5107 τῷ
942 5037 1136 5108 κόσμῳ
1167 5034 1280 5102 ἕξει
1319 5032 1381 5087 τὸ
1433 5032 1603 5103 γέρας
1657 5034 1755 5117 καὶ
1792 5032 1887 5104 τὴν

2001 5040 2140 5095 nebit
2178 5038 2362 5093 salvus
2381 5039 2437 5093 in
2457 5038 2823 5108 generationes
2842 5037 3261 5107 generationum.
3287 5034 3572 5101 Similiter,

314 5131 482 5201 τιμὴν
516 5130 576 5183 τὸ
597 5130 768 5199 ὄνομα
795 5130 984 5184 αὑτοῦ.

1999 5132 2287 5187 Permanet
2335 5137 2459 5182 ante
2512 5126 2677 5181 solem
2729 5142 2916 5180 nomen
2943 5126 3076 5197 ejus,
3127 5127 3235 5181 hoc
3284 5126 3573 5181 declarat:

316 5231 445 5277 ante
502 5237 733 5293 regnum
793 5221 850 5276 in
909 5220 1175 5276 universo
1229 5216 1460 5283 mundo.
1508 5231 1712 5272 nomen
1760 5222 1883 5293 ejus
1910 5224 2177 5281 eximium
2230 5223 2421 5289 decus,
2476 5230 2533 5278 et
2598 5218 2919 5291 praemium,
2982 5226 3041 5273 et
3113 5218 3382 5275 honorem
3444 5232 3579 5273 con-

318 5326 600 5387 sequetur.

392 5408 436 5439 ”
458 5408 603 5464 Psal.
634 5424 777 5474 un,
814 5406 867 5462 8.
941 5406 985 5438 ¹⁸
1011 5406 1145 5462 ibid.
1181 5406 1235 5461 9.
1312 5406 1357 5437 ¹⁹
1380 5403 1518 5461 ibid.
1554 5406 1606 5459 7.
1684 5405 1731 5437 ²⁰
1756 5405 1891 5463 ibid.
1928 5410 1981 5464 4.

1838 5498 2069 5556 NOTAE.

419 5593 504 5656 l5)
538 5591 622 5658 Τῷ
649 5592 819 5661 ἡλίῳ.
851 5592 987 5663 Post
1023 5591 1151 5663 haec
1190 5590 1379 5663 Verba,
1432 5590 1616 5663 insere
1648 5605 1678 5644 e
1717 5593 1891 5663 veteri
2000 5612 2056 5648 κ.
2086 5611 2137 5647 τ.
2170 5597 2229 5647 λ.
2265 5593 2378 5647 Hoc
2402 5600 2524 5663 est:
2569 5609 2587 5663 ι
2620 5590 2688 5644 Et
2715 5600 2837 5644 ante
2856 5590 3065 5663 tunam,
3099 5592 3460 5663 generatione:
3484 5606 3577 5661 ge-

320 5660 550 5732 codice:
592 5681 610 5713 ι
650 5664 761 5715 Καὶ
790 5662 896 5732 πρὸ
942 5662 1039 5732 τῆς
1080 5662 1329 5732 σελήνης,
1373 5661 1564 5732 γενεὰς
1608 5661 1829 5732 γενεῶν.
1869 5681 1887 5714 ι

2002 5666 2359 5717 nerationum.
2402 5681 2420 5715 ι
2450 5662 2541 5717 Ais
2567 5662 2729 5732 igitur
2751 5663 2814 5716 de
2842 5660 3121 5718 Solomone
3142 5664 3251 5717 haec
3279 5662 3418 5715 dicta
3431 5660 3575 5732 esse,

321 5736 396 5789 Συ
432 5729 527 5787 οὖν
562 5732 739 5801 λέγεις
772 5728 854 5785 δτι
902 5728 1030 5801 περὶ
1066 5728 1428 5802 Σολομῶντος-
1454 5728 1627 5802 ταῦτῌα
1660 5731 1887 5802 ἐρρήθη.

2001 5732 2225 5789 Ostende
2269 5749 2391 5801 ergo
2430 5734 2557 5786 mihi
2589 5728 2888 5802 'quemnam
2934 5732 3374 5787 catumniatorem
3420 5728 3576 5802 solo-

321 5802 505 5871 Δείξόν
529 5796 742 5873 μοιξοῦν
770 5804 921 5855 ποῖον
943 5796 1287 5873 συκοφάντην,
1319 5796 1642 5873 ὀμΣολομῶν
1672 5796 1887 5873 ἐταπεί-

1998 5820 2124 5873 mon
2147 5796 2462 5873 humiliavit.
2484 5796 2706 5861 Ubinam
2727 5818 2847 5858 vero
2875 5822 2893 5855 ι
2913 5803 3238 5873 permanebit
3260 5817 3378 5856 cum
3403 5799 3573 5855 sole?»

323 5868 650 5927 νωσινίιῐοῦ
688 5872 766 5936 δὲ,
810 5890 827 5924 ι
872 5868 1291 5941 συμπαραμενεϊ
1322 5868 1397 5939 τῷ
1447 5868 1613 5940 qua;
1647 5887 1665 5920 ι
1707 5870 1887 5941 Ὀρᾶς,

2003 5872 2173 5946 Vides,
2204 5880 2311 5927 etc.
2335 5872 2408 5926 In.
