4088 6546
522 425 629 489 M3

1488 420 1552 482 S.
1574 417 2025 482 GREGENTII
2059 414 2298 477 EPISC.
2337 415 2875 478 TAPHARENSIS

3685 416 3792 480 644

592 534 652 592 S.
682 531 891 588 ARCH.
933 530 1198 587 Solomon
1229 528 1509 585 daemonas
1533 529 1849 584 humiliavit
1868 528 1892 582 ’ἒ
1913 524 2107 582 Nescis

2282 523 2394 578 Καὶ
2413 523 2455 577 0
2475 524 2692 578 ΑΙΊΟΣ.
2719 524 2972 595 Σολομῶν
2994 524 3326 580 ἐταπείνωσε
3345 525 3609 598 δαίμονας
3630 541 3646 592 ;
3679 527 3796 581 Ούκ

522 628 658 700 quid
690 624 959 698 loquaris.
994 623 1076 679 Ad
1110 631 1330 692 tempus
1363 621 1595 692 quidem
1617 636 1714 677 eos
1737 619 1886 675 vasis
1928 617 2109 673 inclu—

524 737 618 778 sos
658 728 716 776 et
741 725 928 788 septos
962 714 1164 774 tenuit.
1189 722 1244 769 et
1279 713 1460 784 sigillo
1481 712 1814 769 constrictos
1850 722 2110 781 terraque

525 813 760 868 obrutos
822 807 1088 865 occuluit.
1147 805 1256 861 Sed
1318 821 1537 861 mecum
1590 804 1902 870 considera,
1963 801 2112 873 quod

527 913 713 957 mente
748 908 805 953 et
826 897 1027 968 spiritu
1054 895 1378 966 proﬂigatus
1405 895 1474 950 ab
1509 895 1644 965 ipsis
1689 894 2034 950 dzemonibus
2059 902 2114 949 et

529 993 804 1055 devictus,
837 990 905 1044 de
930 989 1106 1044 salute
1135 988 1485 1058 periclitatus
1512 997 1617 1053 est,
1647 987 2111 1057 quemadmodum

530 1092 767 1138 testatur
804 1078 1111 1148 Scriptura.
1143 1078 1278 1132 Nam
1309 1078 1609 1133 mulierum
1648 1088 1900 1132 armenta
1958 1077 2114 1132 velut

531 1191 709 1246 equus
741 1173 1072 1228 feminarum
1103 1186 1293 1225 amore
1344 1171 1607 1226 incensus
1655 1187 1719 1226 ac
1772 1170 2004 1225 libidine
2033 1170 2116 1224 in-

532 1267 864 1331 ﬂammatus,
891 1274 1181 1335 postquam
1221 1263 1592 1333 congregavit,
1632 1263 1831 1332 templa
1869 1261 2117 1317 condidit

533 1359 715 1418 idolis,
750 1358 942 1426 eisque
987 1353 1236 1418 servivit,
1298 1362 1355 1407 et
1408 1353 1619 1408 erroris
1678 1352 2119 1408 abominationes

531 1451 794 1512 adolevit,
843 1458 1006 1517 atque
1028 1447 1350 1518 alienigena:
1403 1445 1620 1500 mulieri
1671 1445 1907 1515 turpiter
1963 1460 2117 1500 com-

535 1544 756 1606 mistus,
802 1541 896 1595 ubi
944 1540 1084 1595 sein
1123 1539 1327 1609 regiam
1379 1538 1495 1593 sive
1552 1538 1819 1608 palatium
1872 1537 2116 1608 recepit,

535 1642 764 1704 repente
790 1632 960 1686 vitam
980 1629 1160 1685 ﬁnivit
1189 1647 1201 1683 :
1233 1630 1439 1684 malum
1473 1645 1661 1684 coram
1696 1630 1808 1684 Deo
1831 1639 2114 1700 operatus,

533 1724 746 1779 nullum
781 1719 1127 1791 paenitentia:
1157 1719 1451 1789 vestigium
1506 1718 1888 1774 demonstrare
1913 1720 2113 1788 potuit.

532 1815 648 1870 Hoc
678 1821 861 1868 autem
910 1811 1057 1882 quod
1106 1811 1308 1867 cecinit
1374 1811 1567 1877 David,
1619 1810 1794 1866 Simul
1844 1829 1962 1866 cum
2007 1811 2118 1866 sole

2209 612 2358 682 οἴδας
2397 616 2451 671 τί
2474 617 2840 688 διαγορεύεις.
2873 617 3020 690 Πρὸς
3068 617 3263 690 καιρὸν
3307 618 3405 689 μὲν
3453 618 3796 690 ἠσφαλίσατο

2211 708 2436 774 τούτους
2473 711 2532 762 ἐν
2555 712 2668 774 τοῖς
2697 710 2966 779 ἀγγείοις,
3001 711 3095 764 καὶ
3123 710 3432 781 σφραγίσας
3454 711 3794 784 κατέχωσεν.

2224 801 2387 854 Ἀλλά
2423 818 2488 870 γε
2517 801 2578 855 τὸ
2604 799 2912 872 τηνικαῦτά
2947 819 3038 871 μοι
3079 802 3296 868 σκόπει,
3333 803 3415 856 ὅτι
3450 805 3661 874 νοητῶν
3691 823 3796 860 κα-

2211 893 2620 964 ταπολεμηθεὶς
2662 892 2755 946 ὑπ’
2799 892 2980 945 αὐτῶν
3027 892 3138 947 τῶν
3171 893 3461 963 δαιμόνων,
3503 896 3600 950 καὶ
3629 897 3800 966 ἡττη-

2215 985 2330 1049 θεὶς
2367 985 2498 1056 περὶ
2522 985 2799 1054 σωτηρίαν
2831 985 3000 1039 αὐτοῦ
3033 985 3436 1051 ἐκινδύνευσεν,
3460 986 3536 1050 ὡς
3553 989 3585 1058 ὴ
3603 987 3796 1060 Γραφὴ

2218 1079 2506 1150 μαρτυρεῖ.
2555 1077 2927 1149 Συναθροίσας
2977 1078 3111 1148 γὰρ,
3162 1077 3238 1141 ὡς
3265 1079 3431 1142 ἵππος
3454 1079 3795 1150 θηλυμανὴς,

2214 1170 2419 1242 ἀγέλην
2449 1170 2749 1240 γυναικῶν,
2780 1169 2954 1234 κτίζει
2993 1172 3106 1233 τοῖς
3166 1169 3428 1236 εἰδώλοις,
3492 1174 3586 1227 καὶ
3635 1171 3799 1241 θυμι-

2217 1262 2354 1326 άσας
2379 1262 2447 1316 τὰ
2478 1261 2826 1334 βδελύγματα
2856 1262 2956 1333 τῆς
2990 1263 3222 1334 πλάνης,
3249 1265 3344 1318 καὶ
3388 1267 3452 1336 τῇ
3515 1265 3801 1338 ἀλλοφύλῳ

2217 1352 2461 1422 αἰσχρῶς
2500 1353 2819 1424 συμμιγεὶς,
2843 1351 3171 1407 καταλαϐὼν
3199 1353 3267 1406 τὰ
3299 1353 3571 1424 βασίλεια,
3600 1358 3801 1427 αἴφνης

2218 1444 2478 1499 καταλύει
2535 1444 2626 1496 τὸν
2660 1443 2793 1514 βίον,
2829 1443 3010 1498 ἔναντι
3051 1444 3253 1515 Κυρίου
3282 1445 3345 1498 τὸ
3372 1447 3604 1518 πονηρὸν
3633 1450 3798 1519 ἐργα-

2220 1536 2474 1606 σάμενος,
2507 1535 2645 1606 μήτε
2691 1535 2837 1605 ἴχνος
2869 1536 3159 1607 μετανοίας
3220 1537 3587 1602 ἐπιδείξασθαι
3641 1543 3804 1612 δυνη-
3843 1574 3851 1579 -

2220 1628 2354 1691 θείς.
2388 1628 2460 1680 Τὸ
2485 1627 2564 1693 δὲ,
2584 1627 3046 1698 Συμπαραμενεῖ
3060 1628 3140 1695 τῷ
3157 1628 3330 1695 ἡλίῳ,
3356 1632 3415 1685 ού
3440 1632 3803 1705 λαμπρότητα

2218 1716 2529 1787 διαγορεύει
2565 1715 2862 1785 βασιλείας,
2921 1716 3058 1771 ἀλλὰ
3109 1717 3365 1790 περὶτοῦ
3399 1720 3533 1790 ἐμοῦ
3563 1723 3802 1793 Χριστοῦ

2219 1811 2314 1864 καὶ
2347 1809 2482 1863 Θεοῦ
2516 1810 2931 1881 παρεδήλωσεν,
2969 1810 3052 1863 ὃτι
3087 1816 3520 1883 συμπαραμενεῖ
3547 1813 3625 1886 τῷ
3668 1815 3805 1886 ήλίῳ

533 1906 883 1978 permanebit,
916 1921 1025 1958 non
1086 1903 1241 1974 regni
1279 1903 1631 1973 splendorem
1686 1902 1878 1967 edicit,
1924 1902 2021 1958 sed
2049 1903 2118 1957 de

2224 1902 2281 1955 ἐν
2327 1903 2392 1972 τῇ
2431 1902 2730 1972 ἀπορρήτῳ
2775 1899 3125 1972 λαμπρότητι
3160 1902 3258 1969 τῆς
3289 1902 3544 1974 θεότητος
3574 1883 3739 1960 αὐτοῦ

534 2014 660 2054 meo
689 1997 910 2052 Christo
929 2004 987 2050 et
1009 1996 1122 2050 Deo
1156 1995 1432 2065 praedixit,
1480 1994 1629 2064 quod
1681 2009 1806 2048 cum
1841 1995 1956 2049 sole
1992 2010 2120 2065 per-

533 2089 782 2146 manebit
836 2088 894 2142 in
939 2103 1050 2142 non
1101 2087 1403 2142 enarrabili
1463 2087 1762 2157 splendore
1811 2086 2120 2141 divinitatis

539 2199 654 2238 sua:
690 2183 979 2252 impolluta
1013 2180 1189 2250 ipsius
1219 2180 1575 2234 humanitas:
1600 2195 1668 2234 eo
1697 2178 1846 2250 quod
1869 2187 1989 2233 erat
2017 2179 2119 2233 du-

533 2276 682 2346 plex,
717 2286 774 2330 et
801 2275 969 2338 Deus,
996 2281 1052 2326 et
1075 2272 1241 2326 homo
1276 2289 1288 2324 :
1317 2280 1484 2342 atque
1509 2286 1612 2326 suo
1640 2271 1788 2327 Patri
1822 2279 1878 2326 et
1919 2271 2032 2326 Deo
2062 2271 2118 2326 in

535 2368 706 2424 cmlos
736 2373 1056 2436 assumptus
1090 2381 1105 2429 ;
1136 2373 1193 2417 et
1221 2363 1423 2418 sedens
1451 2363 1520 2418 ad
1539 2363 1822 2418 dexteram
1848 2363 1968 2434 ejus
2010 2363 2121 2416 vir-

536 2459 673 2514 tutis
699 2457 816 2512 sive
846 2457 1164 2526 potestatis.
1196 2453 1333 2508 Illud
1367 2461 1582 2520 autem,
1604 2463 1730 2507 ante
1759 2453 1964 2518 lunam,
2008 2469 2118 2508 non

535 2549 854 2605 manifestat
881 2546 1123 2617 primum
1153 2546 1300 2600 lunae
1333 2545 1503 2611 diem,
1539 2561 1642 2601 nec
1663 2546 1988 2610 secundum,
2016 2561 2121 2600 ncc

536 2639 763 2695 tertium
793 2654 806 2691 :
833 2636 933 2690 sed
967 2635 1295 2690 catholicam
1330 2645 1386 2690 et
1415 2636 1781 2704 apostolicam
1811 2636 2117 2692 Ecclesiam

537 2733 791 2791 nominat
838 2732 1047 2786 lunam.
1091 2730 1421 2799 Priusquam
1478 2729 1626 2784 enim
1658 2729 1774 2784 haec
1808 2739 1990 2795 esset,
2031 2731 2118 2785 in-

534 2825 679 2896 quit,
705 2840 814 2879 una
842 2839 968 2879 cum
995 2824 1111 2878 sole
1140 2823 1391 2877 Patre‘et
1420 2823 1535 2878 Deo
1565 2833 1704 2889 erat,
1729 2838 1840 2877 non
1867 2823 2044 2878 solum
2064 2823 2152 2878 in~

535 2917 624 2972 his
653 2931 777 2988 quas
817 2916 888 2971 ab
940 2915 1099 2970 initio
1150 2915 1380 2971 fuerunt
1431 2915 1904 2986 generationibus,
1941 2915 2037 2970 sed
2067 2925 2123 2971 ct

534 3019 664 3064 ante
701 3009 886 3064 omnia
936 3008 1156 3063 sarcula.
1194 3007 1264 3062 At
1304 3023 1437 3063 vero
1461 3009 1568 3063 hoc
1597 3008 1767 3062 :Ante
1788 3009 1952 3063 solem
2005 3025 2125 3080 per-
2157 3014 2162 3019 '

537 3108 719 3153 manet
775 3113 967 3150 nomen
1009 3097 1143 3165 ejus,
1171 3096 1411 3151 obscure
1436 3106 1493 3151 et
1522 3097 1628 3151 hoc
1660 3096 1975 3153 declarasti.
2001 3100 2121 3154 Non

533 3188 684 3242 enim
710 3187 795 3241 sol
824 3201 1052 3256 regnum
1085 3185 1318 3250 indicat,
1345 3185 1442 3238 sed
1474 3201 1612 3254 pure
1632 3185 2016 3242 etindubitate
2041 3187 2126 3242 di-

2221 1991 2490 2062 ἄχραντος
2521 1989 2689 2044 αὑτοῦ
2723 1989 3106 2062 ἀνθρωπότης,
3139 1993 3224 2062 ἐφ’
3255 1986 3301 2061 ᾧ
3328 1993 3553 2060 διπλοῦς
3580 1991 3671 2066 ἦν,
3709 1999 3806 2052 καὶ

2221 2083 2377 2148 Θεὸς,
2412 2083 2508 2137 καὶ
2540 2083 2851 2154 ἄνθρωπος,
2884 2084 2996 2136 εἴτε
3034 2085 3130 2138 καὶ
3171 2085 3252 2154 τῷ
3304 2085 3420 2154 ίδίῳ
3475 2088 3652 2158 Πατρὶ
3708 2091 3806 2144 καὶ

2221 2173 2340 2245 Θεῷ
2362 2173 2699 2246 ἀναληφθεὶς
2726 2175 2807 2238 είς
2835 2175 3124 2247 οὐρανοὺς,
3156 2176 3253 2230 καὶ
3280 2178 3513 2243 καθίσας
3556 2181 3613 2233 ἐν
3632 2201 3634 2203 >
3653 2181 3806 2252 δεξιᾷ

2221 2265 2333 2337 τῆς
2363 2266 2530 2322 αὐτοῦ
2564 2267 2872 2338 δυνάμεως.
2897 2267 2971 2320 Τὸ
2997 2266 3076 2333 δὲ,
3106 2267 3222 2337 πρὸ
3252 2267 3363 2336 τῆς
3385 2270 3676 2340 σελήνης,
3704 2273 3807 2328 ούκ

2223 2361 2483 2430 ἐμφαίνει
2513 2360 2739 2432 πρώτην
2789 2362 3022 2432 σελήνης
3075 2363 3312 2433 ἡμέραν,
3371 2364 3468 2417 καὶ
3514 2364 3799 2437 δευτέραν,

2221 2454 2314 2505 καὶ
2334 2451 2548 2524 τρίτην,
2584 2453 2723 2507 ἀλλά
2753 2469 2818 2521 γε
2847 2455 2949 2522 τὴν
2985 2453 3280 2525 καθολικὴν
3311 2457 3404 2509 καὶ
3433 2458 3801 2529 ἀποστολικήν

2235 2545 2566 2617 Ἐκκλησίαν
2592 2545 2851 2616 ὀνομάζει
2883 2546 3137 2617 σελήνην.
3167 2547 3280 2618 Πρὸ
3309 2547 3418 2620 γὰρ
3450 2546 3545 2601 τοῦ
3575 2548 3805 2620 ταύτην,

2223 2636 2382 2708 φησὶ,
2412 2637 2716 2706 γεγονέναι,
2741 2639 3037 2710 συμπαρῆν
3067 2637 3144 2708 τῷ
3171 2638 3307 2710 ήλίῳ
3335 2641 3512 2711 Πατρὶ
3545 2641 3640 2696 καὶ⁵
3664 2641 3808 2712 Θεῷ,

2221 2719 2284 2779 οὐ
2329 2727 2495 2796 μόνον
2538 2728 2596 2779 ἐν
2635 2729 2760 2791 ταῖς
2792 2729 2888 2781 ἀπ’
2929 2728 3106 2799 ἀρχῆς
3145 2732 3381 2797 γενεαῖς,
3409 2731 3546 2785 ἀλλὰ
3575 2731 3672 2786 καὶ
3702 2735 3811 2802 πρὸ

2224 2819 2444 2873 πάντων
2475 2820 2708 2874 αἰώνων.
2737 2820 2812 2873 Τὸ
2846 2820 2926 2888 δὲ,
2954 2821 3076 2889 Πρὸ
3098 2821 3208 2876 τοῦ
3237 2823 3419 2890 ἡλίου
3439 2822 3705 2893 διαμένει
3740 2826 3812 2879 τὸ

2227 2910 2418 2980 ὄνομα
2442 2911 2653 2974 αὑτοῦ,
2685 2911 2900 2984 ἀδήλως
2929 2913 3025 2966 καὶ
3055 2912 3217 2966 τοῦτο
3244 2913 3544 2986 ἐδήλωσας.
3585 2916 3662 2969 Ού
3697 2916 3810 2990 γὰρ

2226 3002 2484 3074 ἐμφαίνει
2512 3003 2792 3073 βασιλείαν
2829 3005 2857 3057 ό
2883 3003 3060 3074 ἥλιος,
3089 3003 3228 3059 ἀλλὰ
3258 3005 3517 3077 καθαρῶς
3544 3008 3637 3062 καὶ
3667 3008 3811 3062 ἀπε-

2229 3095 2466 3166 ριέργως
2513 3094 2738 3164 φάσκει,
2787 3096 2872 3150 ὅτι
2925 3095 3034 3168 πρὸ
3081 3095 3176 3150 τοῦ
3220 3098 3476 3166 γενέσθαι
3510 3098 3601 3152 τὸν
3655 3099 3809 3170 ἣλιον

2225 3186 2436 3253 τοῦτον,
2460 3182 2529 3258 ἦν
2558 3187 2621 3240 τὸ
2646 3189 2819 3258 ὄνομα
2855 3187 3022 3242 αὑτοῦ
3053 3187 3383 3260 θαυμαστόν.

533 3283 630 3345 cit,
651 3279 797 3350 quod
826 3287 1124 3348 antequam
1165 3279 1255 3333 hic
1281 3280 1361 3334 sol
1386 3281 1563 3334 factus
1579 3289 1748 3345 esset,
1777 3291 1899 3337 erat
1913 3297 2116 3337 nomen
2151 3282 2271 3352 ejus
2296 3283 2642 3338 admirabile.

606 3370 816 3425 HERB.
844 3370 928 3423 Tu
955 3380 1064 3424 tua:
1093 3370 1238 3439 parti
1267 3372 1535 3438 consulis,
1569 3381 1625 3426 et
1648 3373 1874 3442 quidvis
1904 3389 2120 3430 accom-

2299 3375 2554 3430 EPBAN.
2609 3376 2681 3430 Σὺ
2717 3377 2848 3446 περὶ¹
2880 3376 3110 3430 σεαυτοῦ
3145 3377 3400 3442 σπεύδεις
3431 3379 3491 3433 τὸ
3534 3381 3665 3444 πᾶν,
3717 3376 3814 3435 καὶ

536 3461 732 3517 ntodas
755 3502 770 3528 ,

535 3555 651 3628 Ego
723 3569 861 3609 vero
927 3553 1262 3621 decertans,
1326 3565 1383 3611 et
1452 3572 1552 3626 pro
1604 3572 1693 3612 me
1744 3558 1907 3613 anxie
1963 3559 2122 3615 labo-

852 3475 1145 3530 meamque
1210 3461 1724 3533 interpretationem
1797 3466 2120 3536 detorques.

2229 3467 2521 3533 καθέλκεις
2548 3467 2648 3540 τὴν
2673 3469 2814 3540 ἐμὴν
2844 3470 3163 3541 ἑρμηνείαν.
3199 3471 3370 3540 Κάγὼ
3397 3473 3455 3526 δὲ
3483 3474 3614 3545 περὶ
3638 3475 3811 3544 ἐμαυο

2229 3560 2325 3614 τοῦ
2350 3562 2778 3632 ἀγωνιζόμενος,
2809 3562 2872 3615 ού
2897 3561 3126 3634 δέχομαί
3157 3576 3252 3618 σου
3285 3565 3383 3638 τήν
3416 3567 3737 3639 σαφήνειαν,

534 3667 696 3718 rans,
755 3659 906 3706 tuam
971 3651 1400 3720 explicationem
1463 3669 1573 3708 non
1641 3654 1876 3709 admitto
1939 3671 2120 3726 neque
2157 3658 2427 3729 approbo.

605 3743 662 3799 S.
686 3740 896 3798 ARCH.
929 3742 1146 3796 Veritas
1176 3749 1228 3796 te
1261 3741 1536 3798 trabitvel
1562 3744 1844 3799 nolentem
1871 3761 2119 3802 annuere

532 3848 592 3894 et
639 3835 922 3892 assentiri.
953 3834 1112 3902 Quod
1162 3849 1297 3889 vero
1344 3836 1512 3905 paulo
1545 3836 1780 3893 inferius
1834 3839 2115 3904 habetur,

535 3930 638 3984 tibi
674 3930 838 3994 dico;
865 3927 934 3982 Et
968 3926 1413 4004 benedicenturjn
1457 3929 1570 3999 ipso
1603 3945 1783 3984 omnes
1829 3931 1994 3985 tribus
2020 3939 2122 3986 ter-

537 4036 614 4076 ra:
656 4022 721 4074 ’³.
757 4019 963 4075 Omnes
993 4028 1188 4090 gentes
1237 4018 1460 4074 beatum
1502 4020 1685 4090 ipsum
1715 4022 2116 4091 praedicabunt.

537 4113 606 4167 Et
630 4112 797 4182 paulo
825 4121 990 4165 ante:
1032 4111 1153 4165 Erit
1192 4126 1383 4164 nomen
1413 4113 1527 4182 ejus
1564 4112 1896 4168 benedictum
1927 4117 1983 4169 in
2015 4132 2119 4171 saa-

538 4204 663 4258 cula
689 4205 758 4258 “.
796 4203 878 4257 Tu
905 4202 1130 4272 quidem
1158 4203 1248 4257 dic
1296 4204 1482 4268 modo,
1536 4203 1761 4259 ubinam
1819 4207 2120 4277 aliquando

539 4296 847 4352 benedictae
866 4296 1093 4349 fuerunt
1117 4294 1171 4348 in
1191 4294 1490 4350 Solomone
1513 4311 1706 4351 omnes
1733 4298 1910 4353 tribus
1935 4309 2117 4365 terra).

539 4386 628 4441 vel
662 4401 772 4455 quo
795 4391 1043 4453 tempore
1073 4383 1298 4438 beatum
1330 4385 1776 4454 praedicaverunt
1801 4388 2003 4457 ipsum,
2032 4391 2119 4445 vel

541 4477 750 4549 quibus
774 4476 992 4532 saeculis
1030 4475 1383 4531 benedictum
1421 4476 1527 4532 fuit
1547 4493 1749 4534 nomen
1773 4481 1936 4550 ejus?
1986 4481 2120 4547 Quis

541 4569 693 4624 enim
727 4566 1013 4622 benedicit
1042 4566 1324 4622 Solomoni
1345 4568 1368 4621 ?
1391 4567 1596 4624 Omnes
1614 4571 1761 4625 enim
1786 4571 1966 4641 ipsum
1991 4589 2122 4628 con-

541 4661 861 4718 demnatum
899 4659 1128 4725 habent,
1161 4669 1353 4729 utpote
1402 4676 1590 4715 coram
1617 4662 1729 4717 Deo
1757 4663 1961 4717 malum
1986 4680 2122 4735 ope-

542 4764 743 4810 ratum.

611 4845 817 4902 HERB.
859 4845 982 4901 Non
1031 4844 1297 4901 Solomon
1353 4843 1557 4899 librum
1614 4845 1988 4901 Ecclesiasten
2037 4847 2124 4902 in-

540 4940 810 5010 scriptum
847 4937 1076 4994 edidit?
1134 4953 1245 4992 non
1299 4937 1466 4992 etiam
1499 4952 1661 4992 omne
1715 4939 2121 4994 Proverbium?

2299 3750 2414 3804 Καὶ
2483 3751 2524 3804 0
2577 3750 2794 3805 ΑΓΙΟΣ.
2843 3750 2908 3806 Ἦ
2960 3752 3194 3823 ἀλήθειά
3240 3771 3298 3807 σε
3358 3754 3528 3818 ἕλκει,
3584 3757 3678 3810 καὶ
3734 3756 3811 3829 μὴ

2231 3843 2553 3914 βουλόμενον
2586 3846 2681 3898 τοῦ
2711 3845 3044 3900 κατανεῦσαι
3069 3848 3165 3901 καὶ
3188 3849 3641 3920 συνομολογῆσαι.
3665 3851 3812 3922 Πρὸς

2229 3936 2290 3990 σέ
2318 3937 2374 3990 δὲ
2423 3937 2486 3990 τὸ
2515 3939 2811 4004 κατωτέρω
2845 3937 2989 4006 λέγω
3013 3954 3028 3970 ο
3059 3939 3166 3994 Καί
3195 3939 3714 4008 εὐλογηθήσονται
3741 3942 3813 3995 ἐν·

2228 4027 2389 4093 αὐτῷ
2420 4028 2614 4084 πᾶσαι
2637 4031 2698 4082 αἱ
2731 4029 2923 4097 φυλαί
2975 4030 3086 4098 τῆς
3131 4030 3267 4102 γῆς.
3322 4031 3506 4085 Πάντα
3553 4033 3620 4086 τὰ
3681 4033 3809 4104 ἔθνη

2231 4118 2596 4190 μακαριοῦσιν
2625 4121 2808 4175 αὐτόν.
2847 4121 2957 4174 Καὶ
2989 4122 3268 4192 ἁνωτέριιν
3308 4124 3515 4177 Ἔσται
3543 4124 3608 4176 τὸ
3624 4123 3813 4193 ὄνομα

2228 4212 2417 4265 αὑτοῦ
2445 4210 2860 4281 εὐλογημένον
2883 4216 2972 4278 είς
2997 4213 3141 4280 τοὺς
3160 4211 3401 4280 αἰῶνας.
3425 4213 3593 4279 Λέξον
3626 4233 3715 4285 μοι
3744 4217 3811 4269 σὺ

2227 4305 2525 4377 τοιγαροῦν
2579 4307 2808 4377 ἀρτίως,
2859 4307 2966 4361 ποῦ
3011 4325 3144 4362 ποτε
3194 4307 3568 4380 εύλογήθησαν
3629 4311 3688 4362 ἐν
3732 4308 3813 4378 τῷ

2230 4398 2540 4468 Σολομῶντι
2579 4400 2754 4452 πᾶσαι
2790 4400 2846 4452 ai
2880 4399 3047 4469 φυλαὶ
3079 4401 3178 4471 τῆς
3211 4403 3339 4471 γῆς,
3381 4401 3415 4471 ἢ
3459 4401 3600 4472 ποίῳ
3631 4402 3814 4473 χρόνῳ

2232 4491 2586 4560 ἐμακάρισαν
2616 4492 2799 4555 αὐτὸν,
2830 4491 2862 4562 ἢ
2897 4493 2955 4546 ἐν
2994 4493 3170 4556 ποίοις
3199 4492 3358 4546 αίῶσι
3385 4493 3631 4562 πέφυκεν
3657 4493 3813 4547 εὐλοο

2230 4583 2475 4652 γημένον
2499 4583 2559 4636 τὸ
2597 4583 2768 4654 ὄνομα
2807 4583 2974 4638 αὐτοῦ
3007 4602 3022 4652 ;
3059 4585 3155 4647 Τίς
3202 4585 3260 4639 δέ
3301 4588 3450 4638 ἐστιν
3493 4585 3522 4637 ό
3573 4585 3811 4654 εὐλογῶν

2230 4673 2557 4744 Σολομῶντα
2587 4692 2601 4740 ;
2637 4675 2911 4738 Ἅπαντες
2951 4675 3061 4746 γὰρ
3101 4676 3432 4747 κατάκριτον
3464 4675 3680 4746 ἔχουσιν
3716 4677 3815 4729 αύ-

2227 4764 2341 4829 τδν,
2381 4765 2458 4828 ὼς
2481 4765 2542 4817 τὸ
2582 4765 2818 4836 πονηρὸν
2839 4766 3178 4835 πεποιηκότα
3202 4766 3379 4820 ἔναντι
3406 4767 3634 4837 Κυρίου.

2301 4855 2547 4908 ΕΡΒΑΝ.
2588 4857 2701 4908 Ούκ
2729 4853 2942 4920 ἐξέθετο
2967 4856 3219 4926 Σολομῶν
3247 4855 3337 4909 τὸν
3384 4857 3814 4930 Ἐκκλησιαστὴν

2230 4944 2567 5016 ἐγγράφως;
2604 4945 2741 4999 ἀλλὰ
2774 4946 2870 4999 καὶ
2900 4946 3122 5000 ἃπασαν
3148 4945 3248 5016 τὴν
3275 4947 3589 5018 Παροιμίαν
3618 4963 3634 5013 ;
3674 4947 3814 5021 πρό-

538 5031 686 5100 quod
709 5030 932 5100 quidem
959 5030 1327 5094 demonstrat,
1365 5029 1496 5099 quia
1523 5029 1616 5085 hic
1651 5038 1755 5086 est.
1787 5031 1980 5088 Nonne
2003 5022 2120 5103 ejus

2228 5036 2390 5107 δηλον
2413 5037 2496 5119 ότι
2525 5030 2701 5100 οὗτος.
2739 5039 2853 5092 Οὐκ
2876 5038 3343 5106 ἀναγινώσκονται
3375 5038 3542 5094 αὑτοῦ
3578 5040 3648 5093 τὰ
3686 5057 3819 5110 συγ-

539 5122 748 5190 scripta
768 5122 1066 5192 leguntur?
1093 5122 1231 5177 Vide
1255 5122 1423 5192 igitur
1447 5123 1653 5193 quibus
1671 5124 1727 5178 in
1747 5125 1885 5180 locis
1905 5127 2126 5196 sapien-

543 5213 632 5268 tiae
666 5211 845 5282 ipsius
873 5213 1048 5283 gratia
1083 5223 1345 5284 personat
1379 5223 1436 5270 et
1492 5216 1829 5283 celebratur,
1866 5218 2126 5274 laudatur

540 5304 610 5359 ab
636 5303 996 5359 audientibus
1049 5313 1106 5359 et
1146 5305 1488 5375 gloriﬁcatur
1511 5324 1542 5362 a
1577 5309 1916 5380 legentibus,
1950 5320 2005 5366 et
2031 5310 2131 5366 be-

541 5395 828 5450 ncdicitur
877 5395 947 5448 ab
981 5395 1068 5450 bis
1098 5397 1190 5466 qui
1247 5398 1367 5468 ejus
1405 5399 1730 5469 sapientiam
1792 5402 2129 5473 intelligunt.

537 5488 827 5557 Quomodo
880 5487 1070 5544 dixisti
1128 5490 1276 5558 quod
1326 5491 1510 5546 nullus
1565 5500 1652 5547 est
1706 5492 1800 5562 qui
1850 5494 1982 5551 huic
2033 5495 2132 5551 be-

538 5581 792 5637 nedicat?

614 5696 656 5726 "
686 5695 827 5749 Psal.
862 5712 1003 5762 ωτι,
1044 5697 1129 5752 l7.
1209 5697 1253 5728 ”
1280 5696 1414 5752 ibid.

2234 5129 2544 5200 γράμματα
2571 5146 2586 5195 ;
2621 5129 2726 5184 Ἴδε
2753 5125 2846 5182 οὖν
2879 5129 2962 5182 ὅτι
2999 5132 3059 5184 ἐν
3085 5131 3214 5195 οἵοις
3245 5131 3435 5195 τόποις
3465 5134 3818 5203 περιηχεῖται

2231 5221 2334 5290 τῆς
2369 5222 2566 5288 σοφίας
2615 5218 2783 5274 αὐτοῦ
2836 5220 2897 5274 τὸ
2947 5223 3216 5293 χάρισμα,
3265 5223 3498 5277 αίνεῖται
3547 5223 3655 5277 ὑπὸ
3707 5224 3819 5278 τῶν

2235 5311 2570 5376 ἀκουόντων,
2601 5312 2696 5365 καὶ
2730 5311 3016 5378 δοξάζεται
3055 5313 3209 5384 παρὰ
3249 5313 3361 5368 τῶν
3408 5315 3819 5384 ἀναγινωσκόν-

2233 5419 2366 5468 των,
2400 5404 2497 5457 καὶ
2527 5402 2833 5472 εὐλογεῖται
2864 5405 3018 5478 παρὰ
3045 5407 3341 5461 συνιέντων
3371 5407 3444 5461 τὰ
3482 5407 3693 5462 ἐκείνου
3731 5422 3821 5460 σοι·

2235 5495 2522 5566 φίσματαο
2557 5496 2675 5561 πῶς
2705 5497 2934 5570 εἴρηκας
2976 5499 3112 5570 (ιθ),
3162 5500 3245 5553 ὃτι
3298 5499 3475 5565 οὐδείς
3537 5500 3707 5566 ἐστιν,
3759 5497 3821 5564 δς

2235 5589 2424 5644 τοῦτον
2453 5590 2667 5661 εύλογεϊ
2699 5608 2714 5658 ;

2056 5767 2291 5828 ΝΟΤΑΕ.

620 5856 731 5928 (16)
767 5855 897 5924 Πῶς
920 5859 1166 5930 είρΝεῐ.
1195 5859 1318 5916 cod.
1346 5859 1459 5925 πῶς
1489 5861 1544 5914 δὲ
1575 5861 1677 5932 εἴρ.
1709 5861 1914 5918 ῦυιοη.
