4094 6526
333 5658 344 5688 1

353 439 459 505 645

1313 417 1769 486 DISPUTATIO
1807 412 1966 474 CUM
2004 408 2368 470 HERBANO
2403 406 2690 471 JUDrliO.

3516 408 3623 473 646

430 545 543 603 Καὶ
593 544 636 598 0
680 542 899 600 ΔῙΊΟΣ.
940 542 1016 597 Τδ
1073 539 1243 608 ὄνομα
1273 531 1441 588 αὑτοῦ
1492 526 1859 597 εὑλογημένον
1909 523 1937 575 6

2116 518 2172 573 S.
2209 517 2416 573 ARCH.
2449 518 2661 573 Nomen
2695 516 2816 588 ejus
2846 517 3201 573 benedictum
3228 519 3283 574 in
3311 520 3511 590 spiritu
3542 523 3628 577 di-

353 636 569 710 ψάλλων
587 636 645 687 ὲν
677 632 950 704 πνεύματι
982 630 1132 699 λέγει
1163 645 1177 658 ·
1205 625 1299 680 καὶ
1333 623 1393 676 οὐ
1439 621 1608 710 μάνον
1632 614 1933 710 εὐλογημέ-

353 705 465 793 νον,
487 724 625 780 ἀλλά
652 724 746 779 καὶ
766 725 847 786 εἰς
871 724 1000 785 τοὺς
1032 718 1257 780 αἰῶνας.
1298 713 1422 776 Πῶς
1458 706 1552 765 οὖν
1588 709 1738 761 ἔσται
1779 705 1934 758 εὐλο-

354 818 594 888 τημένον
630 814 692 868 τὸ
712 815 883 884 ὄνομα
913 811 1008 865 τοῦ
1044 807 1413 878 Σολομῶντος,
1438 806 1494 857 ἐν
1523 802 1819 872 ἁμαρτίαις
1844 796 1935 849 τὸν

357 909 471 982 βίον
503 905 673 961 αὑτοῦ
708 904 1122 967 καταλύσαντος
1156 917 1170 966 ;
1201 899 1294 970 Μὴ
1324 900 1432 969 γὰρ
1462 895 1596 958 Θεὸς
1622 890 1713 964 ἦν,
1748 890 1781 960 ἢ
1808 889 1934 951 Υἱὸς

355 999 514 1062 Θεοῦ,
542 999 604 1052 ὃν
655 998 858 1066 τρόπον
909 999 937 1049 6
976 992 1182 1063 Κύριός
1245 1007 1346 1062 μου
1409 986 1619 1059 Ἰησοῦς
1673 982 1930 1053 Χριστός.

358 1091 467 1145 Καὶ
508 1088 618 1161 γὰρ
652 1090 761 1142 οὐδ’
798 1087 917 1150 ἑνός
944 1087 1094 1139 ἐστιν
1127 1083 1316 1153 ἑτέρου
1356 1080 1417 1132 τὸ
1474 1078 1646 1147 ὄνομα
1710 1074 1937 1141 εὐλογη-

362 1182 523 1254 μένον
558 1183 637 1242 εἰς
671 1180 799 1242 τοὺς
829 1178 1056 1241 αἰῶνας,
1084 1174 1258 1245 ἀλλ’ἢ
1295 1174 1456 1244 μόνον
1478 1170 1569 1255 τοῦ
1600 1166 1806 1239 Κυρίου
1835 1182 1935 1235 μου

373 1272 546 1345 Ἰησοῦ
590 1271 830 1343 Χριστοῦ
870 1272 965 1325 καὶ
1003 1269 1276 1339 Σωτῆρος.
1309 1263 1561 1335 Σολομῶν
1587 1262 1643 1313 δὲ
1667 1256 1936 1327 διεφθάρη

360 1368 499 1438 πρὸς
526 1366 595 1418 τὰ
623 1364 776 1432 τέλη.
798 1365 893 1416 καὶ
917 1361 1105 1432 ὄλωλε,
1144 1363 1244 1430 τῆς
1284 1358 1503 1426 ἀγάπης
1534 1352 1629 1407 τοῦ
1665 1350 1799 1405 Θεοῦ
1834 1368 1940 1419 χω·-

367 1456 594 1528 ρισθεὶς,
619 1456 710 1509 καὶ
734 1458 854 1511 ταῖς
882 1452 1193 1521 ἀσελγείαις
1228 1450 1336 1503 τῶν
1361 1447 1628 1518 δαιμόνων
1650 1441 1935 1503 κωλυθείς.

365 1550 477 1604 Καὶ
499 1552 547 1602 εί
579 1550 652 1619 μὴ
682 1549 711 1601 6
736 1546 936 1617 Κύριος
962 1543 1120 1615 ἡμῶν
1163 1540 1369 1613 Ἰησοῦς
1392 1538 1646 1609 Χριστὸς,
1668 1537 1756 1587 ὅτε
1780 1550 1938 1587 σταυ-

367 1641 563 1711 ρωθεῖς
592 1640 686 1692 καί
721 1638 898 1691 θανὼν
932 1635 1138 1705 κατέϐη
1172 1638 1252 1696 εἰς
1281 1632 1371 1685 τὸν
1411 1630 1565 1701 ᾇδην,
1597 1630 1755 1698 χεῖρα
1793 1624 1940 1694 αὐτῷ

365 1731 641 1802 σωτηρίοις
684 1729 939 1793 δέδωκεν,
994 1727 1096 1805 οῦκ
1147 1725 1304 1795 ἔσχεν
1333 1723 1503 1776 οὐδέν.
1534 1720 1607 1773 Οὔ
1647 1718 1806 1788 μόνον
1833 1717 1940 1786 γὰρ

362 1822 731 1895 εὐλογημένον
768 1821 923 1873 ἔσται
961 1819 1021 1873 τὸ
1056 1819 1228 1889 ὄνομα
1267 1814 1453 1877 αὑτοῦ,
1501 1812 1573 1873 ὡς
1613 1810 1811 1878 λέγεις,
1863 1809 1942 1868 εἰς

2041 613 2119 668 cit
2166 610 2381 666 Cantici
2436 620 2678 666 auctor:
2713 626 2818 666 nec
2873 613 3049 667 solum
3087 614 3473 682 benedictum,
3528 616 3627 672 sed

2040 704 2207 759 etiam
2249 705 2305 757 in
2336 704 2557 758 smcula.
2603 703 2892 769 Quomodo
2934 704 3244 759 Solomonis
3291 722 3492 761 nomen
3521 708 3630 763 erit

2041 797 2418 862 benedictum,
2437 798 2530 866 qui
2557 797 2609 851 in
2630 797 2873 866 peccatis
2890 798 3058 851 vitam
3082 798 3410 867 suam608
3424 798 3628 853 ﬁnivit?

2040 889 2162 943 Non
2207 890 2355 944 enim
2381 889 2526 943 Deus
2580 896 2722 949 erat,
2758 903 2939 958 neque
2971 888 3068 942 Dei
3121 888 3314 949 Filius.
3352 890 3627 957 quomodo

2040 982 2313 1035 Dominus
2362 997 2520 1035 meus
2560 981 2720 1035 Jesus
2756 980 3031 1035 Christus.
3075 981 3292 1036 Etenim
3336 996 3447 1035 non
3486 981 3629 1035 alius

2041 1077 2367 1147 cujusquam
2388 1090 2591 1129 nomen
2625 1084 2710 1128 est
2734 1074 3092 1129 benedictum
3126 1074 3181 1127 in
3207 1075 3427 1137 saecula,
3461 1089 3627 1143 quam

2042 1168 2218 1221 solum
2242 1182 2443 1221 nomen
2470 1164 2686 1218 Domini
2717 1164 2821 1217 mei
2839 1165 2968 1219 Jesu
2989 1164 3194 1218 Christi
3215 1174 3270 1217 et
3294 1164 3622 1219 Servatoris.

2044 1255 2305 1311 Solomon
2342 1271 2476 1310 vero
2515 1255 2735 1309 tandem
2760 1262 3053 1323 corruptus
3096 1264 3199 1313 est.
3229 1263 3284 1308 et
3313 1255 3495 1322 periit,
3528 1254 3625 1308 Dei

2043 1362 2231 1401 amore
2258 1354 2313 1399 et
2345 1345 2614 1398 charitate
2646 1345 3062 1419 disjunctus,/et
3092 1342 3403 1395 daemonum
3435 1341 3626 1394 intem-

2043 1436 2214 1506 periis
2239 1451 2302 1489 ac
2348 1434 2632 1488 furoribus
2682 1434 2960 1487 cohibitus
3003 1448 3069 1487 ac
3102 1432 3381 1486 detentus.
3412 1432 3480 1484 Et
3517 1431 3625 1485 nisi

2044 1527 2311 1581 Dominus
2355 1535 2545 1580 noster
2576 1526 2736 1579 Jesus
2765 1524 3039 1587 Christus,
3096 1539 3219 1577 cum
3249 1524 3547 1577 cruciﬁxus
3570 1532 3628 1577 et

2044 1626 2298 1672 mortuus
2325 1615 2389 1669 ad
2421 1614 2628 1669 inferos
2658 1614 2966 1679 descendit,
2991 1615 3039 1668 ei
3061 1630 3281 1668 manum
3332 1615 3628 1668 salutarem

2045 1710 2308 1770 dedisset,
2343 1708 2483 1761 nihil
2516 1708 2743 1761 omnino
2805 1708 3055 1762 haberet.
3106 1708 3225 1761 Non
3256 1708 3402 1760 enim
3451 1707 3627 1761 solum

2045 1817 2155 1854 non
2174 1799 2531 1854 benedictum
2555 1799 2663 1852 erit
2690 1815 2890 1853 nomen
2918 1801 3059 1869 ejus,
3088 1806 3149 1852 ut
3171 1798 3327 1861 dicis,
3352 1797 3405 1850 in
3434 1813 3628 1866 perpe-

361 1915 424 1967 τὸ
454 1881 727 1983 διἠνιεκὲς,
757 1911 894 1965 ἀλλά
927 1927 991 1979 γε
1014 1909 1111 1963 καὶ
1131 1881 1210 1969 ε’ίς
1231 1907 1357 1970 τοὺς
1387 1903 1785 1969 ἀτελευτήτους
1809 1897 1939 1951 αἰῶ⁸

2048 1901 2237 1947 tuum:
2266 1907 2457 1946 verum
2491 1890 2657 1943 etiam
2691 1891 2746 1943 in
2781 1889 2996 1945 inﬁnita
3047 1891 3246 1946 saecula
3281 1904 3406 1944 cum
3434 1904 3628 1959 pecca-

363 2022 459 2067 νας
492 2002 944 2076 τιμωρηθήσεται
1004 2001 1141 2073 μετά
1176 1997 1285 2052 τῶν
1324 1993 1687 2069 ἁμαρτωλῶν,
1726 1990 1799 2055 ὡς
1834 2008 1943 2044 πα-

365 2096 606 2169 ραϐάτης
633 2095 728 2147 καὶ
748 2094 1028 2156 ἕκπτωτος
1052 2089 1145 2145 τοῦ
1172 2088 1394 2151 παντός.

432 2187 680 2243 EPBAN.
748 2186 806 2239 '0
864 2185 1101 2256 Χριστός
1148 2200 1242 2237 σου
1301 2180 1398 2234 καὶ
1446 2176 1756 2241 ἀποθανὼν,
1821 2176 1942 2229 εἰπέ

292 2302 300 2308 ·
366 2296 481 2350 μοι,
516 2276 748 2346 δύναμιν
778 2275 937 2346 εσχεν
957 2276 1036 2339 είς
1067 2275 1127 2328 τὸ
1166 2273 1363 2336 σώζειν
1393 2288 1409 2337 ;
1437 2271 1642 2323 Θέασαι
1669 2268 1784 2330 πῶς
1819 2269 1944 2320 ἑαυ-

362 2371 457 2425 τὸν
502 2368 775 2441 ἐρρύσατο
805 2367 1028 2440 ἀρτίως,
1067 2366 1164 2420 καὶ
1212 2363 1539 2434 Σολομῶντα
1590 2362 1746 2432 ἔσχεν
1799 2358 1945 2433 ἐξερ-

364 2460 681 2532 ρύσασθαις

436 2641 549 2696 Καὶ
582 2642 622 2694 0
656 2639 875 2696 ΔΓῙΟΣ.
907 2636 972 2690 Τί
1000 2632 1113 2700 οὖν,
1150 2633 1271 2689 εἰπέ
1306 2650 1421 2704 μοι,
1479 2631 1681 2702 φάσκει
1730 2631 1758 2683 6
1814 2647 1946 2702 προ-

251 2704 259 2711 .
371 2736 571 2806 φήτης,
610 2732 703 2786 καὶ
741 2731 874 2801 περὶ
896 2730 1043 2792 τίνος
1079 2744 1094 2760 ·
1149 2727 1276 2780 Ὀτι
1329 2726 1442 2779 οὐκ
1492 2723 1945 2794 ἐγκαταλείψεις

370 2824 489 2895 τὴν
523 2824 739 2895 ψυχήν
760 2840 863 2894 μοι
894 2821 1043 2875 ἰδεῖν
1071 2817 1401 2889 διαφθοράν
1431 2832 1450 2879 ;

444 3001 689 3058 EPBAN.
750 3002 893 3072 Περὶ
947 2996 1139 3054 ἑαυτοῦ
1174 2998 1392 3060 πάντως
1424 2995 1648 3066 φάσκει,
1687 2993 1945 3057 ίκετικῶς

372 3093 712 3166 παρακαλῶν
732 3092 826 3146 τὸν
850 3091 1007 3145 Θεόν.

446 3186 557 3237 Καὶ
580 3185 622 3238 Ο
644 3183 864 3236 ΔΓΙΟΣ.
903 3180 1110 3252 Ὀρθῶς
1137 3178 1349 3249 ἐψεύσω
1372 3175 1517 3230 κατά
1537 3174 1641 3245 τῆς
1663 3173 1941 3244 ἀληθείας.

375 3274 586 3328 Οὐκοῦν
621 3275 723 3327 οὐκ
760 3273 879 3325 ἔστι
912 3271 972 3324 τὸ
1006 3270 1197 3340 μνῆμα
1227 3266 1395 3322 Δαϐὶδ
1416 3268 1474 3320 ὲν
1497 3269 1561 3337 τῇ
1588 3264 1943 3336 Παλαιστίνῃ,

373 3368 470 3422 καὶ
503 3367 563 3419 τὸ
601 3366 761 3435 σῶμα
796 3361 963 3417 αὑτοῦ
998 3363 1057 3416 ὲν
1102 3361 1180 3431 τῷ
1211 3361 1454 3431 μνήματι
1484 3376 1497 3422 ;
1562 3357 1687 3420 Πῶς
1724 3354 1817 3409 οὖν
1873 3355 1949 3407 δι-

379 3458 656 3531 αγορεύει,
680 3459 801 3510 ’Ότι
831 3457 944 3511 οὐκ
969 3454 1423 3525 ἐγκαταλείψεις
1449 3450 1564 3517 τὴν
1591 3448 1802 3518 ψυχήν
1826 3465 1946 3517 μου

377 3554 466 3619 εις
499 3552 673 3619 ᾅδην,
703 3549 847 3605 οὐδὲ
868 3548 1084 3614 δώσεις
1116 3547 1223 3601 τὸν
1260 3545 1436 3599 ὅσιόν
1460 3558 1576 3597 σου
1605 3542 1755 3596 ἰδεῖν
1818 3540 1947 3594 δια-

376 3643 627 3716 φθορὰν,
658 3640 912 3712 οὐδαμῶς
953 3639 1222 3700 ἀναστὰς,
1273 3636 1390 3690 ἀλλ’
1440 3637 1499 3689 ἐν
1551 3635 1631 3705 τῷ
1678 3635 1834 3705 τάφῳ
1866 3632 1947 3686 έτι

377 3734 800 3804 κατακείμενος,
836 3732 933 3784 καὶ¹
956 3728 1276 3800 διαφθαρεὶς
1309 3727 1478 3798 ἄρδην
1509 3742 1524 3791 ;
1572 3724 1732 3778 Ἀλλά
1755 3725 1789 3795 ἡ
1815 3723 1946 3793 ἀλή-

379 3827 501 3881 θεια
523 3826 798 3880 δείκνυσιν
834 3825 916 3876 ὅτι
963 3822 1091 3893 περὶ
1142 3820 1237 3874 τοῦ
1290 3818 1426 3889 ἐμοῦ
1486 3815 1725 3887 Χριστοῦ
1775 3815 1950 3893 ταῦτα

376 3916 623 3988 ᾐνίξατο,
649 3914 800 3976 εἰδὼς
828 3913 910 3966 ὅτι
943 3886 1084 3983 μετά
1111 3911 1301 3981 τρίτην
1325 3886 1948 3979 ἡμέρανάναστήσεται,

382 4008 460 4079 μὴ
491 4005 795 4076 ὑπομείνας
828 4003 1058 4074 φθορὰν,
1090 4003 1163 4065 ὡς
1195 3999 1422 4062 δυνατός
1453 4014 1468 4028 °
1508 3998 1874 4067 ἰδιοποιήσατο
1894 3995 1951 4047 δὲ

376 4095 441 4153 τὸ
464 4098 650 4170 ῥητὸν,
675 4096 835 4160 λέξας
868 4095 944 4158 ὼς
975 4095 1105 4164 περὶ
1134 4090 1323 4155 αὑτοῦ,
1366 4090 1728 4160 ἐπιστάμενος
1767 4088 1848 4140 ὃτι
1887 4088 1951 4139 ἐκ

377 4191 472 4244 τοῦ
516 4189 696 4261 μηροῦ
752 4187 918 4243 αὐτοῦ
971 4187 1128 4239 ἔσται
1182 4183 1414 4238 τὸκατά
1465 4183 1644 4252 σάρκα
1695 4178 1949 4251 Χριστὸς,

379 4283 744 4353 ἀνιστάμενος
778 4280 1077 4351 ἄφθαρτος.

449 4460 696 4515 ΕΡΒΑΝ.
723 4458 874 4520 Τέως
904 4456 953 4509 εί
994 4455 1090 4508 καὶ
1138 4451 1310 4515 οὓτως
1350 4448 1465 4519 ἔχει
1516 4445 1701 4509 καθὼς
1747 4445 1950 4514 λέγεις,

2045 1984 2260 2039 toribus
2288 1981 2557 2037 aﬁicietur
2579 1982 2877 2050 supplicio,
2930 1992 2990 2037 ut
3018 1991 3417 2052 transgressor,
3444 1989 3502 2035 et
3530 1980 3625 2050 qui

2044 2074 2195 2128 omni
2228 2073 2375 2127 bono
2394 2073 2682 2128 exciderit.

2111 2164 2317 2218 HERB.
2358 2165 2511 2219 Tuus
2542 2164 2799 2219 Christus
2829 2163 2996 2218 etiam
3032 2173 3306 2227 mortuus,
3339 2163 3431 2217 dic
3464 2162 3624 2226 mihi,

2045 2258 2239 2312 salutis
2287 2256 2479 2311 dandre
2504 2264 2835 2326 potestatem
2890 2255 3153 2320 obtinuit,
3188 2265 3245 2310 et
3274 2270 3497 2309 servare
3532 2269 3630 2324 po-

2044 2349 2217 2402 test?
2269 2348 2528 2416 Perspice
2589 2347 2871 2417 quomodo
2929 2362 2989 2402 se
3052 2348 3233 2417 ipsum
3316 2362 3494 2416 nuper
3563 2347 3630 2401 li-

2044 2437 2278 2501 beravit,
2341 2446 2397 2491 et
2446 2436 2796 2491 Solomonem
2836 2437 3055 2507 eripere
3083 2447 3140 2492 et
3192 2437 3404 2492 salvum
3445 2436 3628 2501 facere

2044 2530 2267 2601 potuit?

2119 2645 2175 2701 S.
2205 2644 2414 2699 ARCH.
2455 2646 2565 2714 Age
2607 2643 2795 2714 igitur,
2827 2642 2917 2698 dic
2944 2644 3102 2710 mihi,
3138 2648 3293 2716 quid,
3344 2660 3400 2706 et
3429 2652 3497 2708 de
3517 2669 3630 2723 quo

2046 2738 2182 2792 dicit
2230 2737 2501 2806 PrOpheta
2534 2755 2547 2791 :
2575 2736 2837 2802 Quoniam
2884 2754 2989 2791 non
3043 2740 3370 2813 derelinquas
3393 2747 3629 2802 animam

2048 2844 2219 2882 meam
2245 2829 2300 2881 in
2340 2826 2587 2893 inferno,
2629 2843 2725 2881 nec
2765 2825 2914 2881 dabis
2965 2838 3210 2885 sanctum
3264 2842 3412 2888 tuum
3455 2838 3631 2893 videre

2048 2922 2442 2989 corruptionem
2471 2918 2560 2971 “‘3

2121 3009 2323 3062 llERB.
2352 3008 2427 3062 De
2478 3023 2536 3063 se
2587 3008 2708 3078 ipso
2743 3010 2905 3079 plane
2954 3010 3059 3066 hoc
3100 3012 3256 3079 dicit,
3305 3016 3630 3086 suppliciter

2048 3100 2218 3156 Deum
2241 3098 2565 3168 deprecans.

2119 3194 2175 3246 S.
2206 3190 2411 3246 ARCll.
2460 3192 2675 3245 Directe
2717 3191 2984 3248 adversus
3031 3196 3321 3251 veritatem
3366 3198 3631 3256 mentitus

2050 3298 2129 3337 es.
2159 3282 2352 3336 Nonne
2388 3281 2611 3336 Davidis
2657 3295 3079 3339 monumentum
3111 3296 3196 3340 est
3228 3286 3284 3341 in
3318 3289 3629 3355 Palaestina,

2049 3383 2104 3428 et
2137 3389 2344 3443 corpus
2388 3375 2507 3443 ejus
2544 3375 2596 3427 in
2639 3376 2940 3444 sepulcro?
2971 3377 3260 3442 Quomodo
3297 3381 3465 3451 igitur
3506 3397 3633 3451 pro-

2049 3465 2269 3519 nuntiat
2294 3482 2307 3517 :
2342 3463 2605 3529 Quoniam
2638 3483 2743 3519 non
2762 3466 3092 3536 derelinques
3117 3471 3355 3524 animam
3378 3488 3551 3526 meam
3575 3473 3630 3527 in

2048 3556 2278 3625 inferno,
2313 3570 2480 3625 neque
2511 3555 2658 3608 dabis
2680 3565 2923 3609 sanctum
2948 3566 3096 3610 tuum
3132 3560 3306 3612 videre
3332 3563 3631 3631 corruptio-

2051 3660 2191 3708 nem,
2244 3643 2339 3713 qui
2371 3645 2523 3697 nullo
2560 3644 2725 3699 modo
2781 3647 3105 3713 resurrexit,
3139 3648 3237 3703 sed
3283 3651 3340 3703 in
3375 3652 3632 3720 sepulcro

2050 3735 2231 3789 adhuc
2265 3735 2434 3805 jacet.
2479 3736 2803 3805 jampridem
2848 3745 3145 3806 corruptus
3193 3738 3451 3808 penitus?
3522 3742 3631 3797 Sed

2051 3827 2254 3880 veritas
2285 3826 2492 3895 arguit,
2520 3825 2667 3895 quod
2704 3826 2773 3880 de
2798 3822 2923 3881 meo
2957 3826 3180 3883 Christo
3218 3829 3333 3884 hac
3360 3832 3631 3900 propheta

2053 3916 2338 3981 indicavit,
2376 3917 2676 3985 praescicns
2714 3916 2862 3971 hunc
2898 3928 3339 3973 resurrecturum
3368 3931 3491 3990 post
3518 3932 3633 3976 ter-

2056 4009 2190 4062 tium
2223 4008 2392 4072 diem,
2430 4023 2538 4061 non
2573 4017 2891 4077 exspectata
2920 4010 3299 4079 corruptione,
3322 4020 3512 4081 utpote
3537 4014 3633 4083 qui

2053 4107 2250 4167 potens
2266 4105 2435 4152 esset.
2462 4098 2788 4153 Vaticinium
2811 4109 2996 4153 autem
3039 4098 3146 4153 sibi
3172 4102 3455 4169 proprium
3481 4101 3630 4167 fecit,

2054 4191 2202 4245 velut
2225 4190 2293 4244 de
2321 4205 2377 4244 se
2417 4189 2534 4258 ipso
2586 4190 2824 4254 locutus,
2888 4190 3071 4245 sciens
3128 4191 3275 4260 quod
3328 4193 3633 4248 secundum

2054 4297 2276 4337 carnem
2306 4280 2373 4335 de
2391 4296 2493 4335 suo
2513 4280 2721 4335 femore
2743 4280 3060 4337 nasciturus
3079 4292 3226 4338 esset
3245 4281 3522 4351 Christus,
3543 4301 3634 4340 re-

2055 4393 2288 4447 surgens
2323 4376 2781 4445 incorruptibilis.

2124 4468 2329 4523 HERB.
2371 4468 2595 4522 Interim
2632 4468 2734 4523 etsi
2772 4469 2845 4523 ita
2870 4477 2973 4529 est.
2995 4468 3140 4523 sicut
3170 4469 3329 4535 dicis,
3374 4486 3485 4526 non
3518 4472 3635 4527 hazc

377 4555 442 4609 οὐ
468 4550 764 4621 δεσποτικὴ
819 4549 993 4619 φωνὴ,
1045 4546 1125 4610 τὸ,
1181 4546 1300 4598 Οὐκ
1345 4542 1795 4612 ἑγνιαταλείψεις
1841 4536 1944 4605 τὴν

2056 4576 2165 4616 vox
2193 4561 2444 4615 Domini:
2482 4560 2601 4614 Non
2640 4560 2969 4629 derelinquas
3000 4562 3237 4615 animam
3266 4579 3437 4616 meam
3463 4565 3518 4616 in
3551 4566 3636 4617 in-

381 4644 597 4715 ψυχήν
627 4660 741 4711 μου
764 4643 852 4706 εις
877 4639 1052 4707 ᾅδην,
1077 4636 1192 4699 ἀλλ’
1223 4633 1436 4687 οίκέτου
1488 4632 1654 4697 τινὸς,
1697 4630 1729 4700 ἢ
1785 4645 1954 4682 κατα-

378 4737 667 4807 δεεστέρου
704 4734 839 4804 πρὸς
876 4731 1099 4804 μείζονα
1138 4726 1482 4799 παράκλησιν
1517 4725 1765 4793 ἄγοντος.
1805 4720 1955 4773 Είδέ-

380 4844 471 4883 ναι
503 4824 797 4895 τοιγαροῦν
821 4839 881 4876 σε
902 4821 1003 4888 δεῖ,
1025 4821 1108 4874 ὃτι
1132 4819 1232 4873 οὐκ
1262 4813 1330 4888 ἦν
1371 4816 1499 4879 Υίὺς
1522 4812 1681 4877 Θεοῦ,
1724 4812 1840 4866 ἀλλ’
1877 4811 1956 4864 ol-

381 4919 565 4982 κέτης.

589 5008 630 5060 Ο
659 5005 878 5060 ΛΓΙΟΣ.
915 5002 974 5057 '0
1001 5002 1278 5072 Δεσπότης
1336 5001 1365 5054 6
1413 4998 1563 5068 ἐμὸς,
1608 4997 1701 5050 καὶ
1747 4994 1956 5065 ἄνθρω-

384 5116 486 5163 πος
527 5099 639 5171 (l7)
674 5099 1075 5171 κεχρημάτικε,
1120 5097 1214 5150 δύο
1247 5095 1439 5165 φύσεις
1468 5092 1828 5162 κεκτημένος,
1860 5090 1955 5143 καὶ

381 5191 477 5245 δύο
501 5190 710 5255 οὐσίας,
750 5190 963 5243 καὶδύο
1000 5188 1306 5259 θελήματα,
1344 5187 1474 5256 μίαν
1504 5186 1560 5238 δὲ
1589 5184 1688 5255 τὴν
1719 5183 1829 5255 (l8)
1855 5183 1956 5235 αὑ-

382 5284 483 5354 τὴν
514 5284 833 5339 ὑπόστασιν.
856 5284 954 5337 Διά
979 5278 1073 5336 οὖν
1094 5280 1191 5351 τὴν
1213 5281 1375 5351 φύσιν
1396 5279 1493 5348 τῆς
1513 5277 1952 5348 ἀνθρωπότητος,

379 5376 461 5440 ὡς
487 5376 710 5447 κτιστὴν
750 5376 1079 5444 πεφυκυῖαν,
1115 5372 1211 5425 καὶ
1258 5372 1542 5442 ἡνωμένην
1584 5373 1650 5440 τῇ
1715 5369 1951 5439 θεότητι,

381 5465 589 5538 ταύτην
626 5466 726 5538 τὴν
773 5462 1146 5533 ὑποτακτικὴν
1202 5461 1408 5531 φωνὴν,
1461 5456 1550 5513 οἷα
1608 5460 1952 5530 παράκλησιν

450 5604 497 5636 ⁸³
528 5601 673 5660 Psal.
708 5617 797 5668 xv,
839 5598 927 5656 l0.

2056 4650 2226 4719 ferno,
2276 4649 2373 4703 sed
2405 4648 2692 4719 cujusdam
2727 4648 2916 4701 famuli
2945 4686 2959 4709 ,
2987 4649 3077 4702 vel
3113 4648 3393 4705 inferioris
3432 4651 3500 4704 ad
3537 4667 3634 4706 su-

2056 4740 2363 4810 periorem,
2431 4739 2891 4809 supplicationem
2932 4738 3246 4808 dirigentis.
3320 4740 3477 4796 Scire
3530 4742 3633 4813 igi-

2055 4839 2146 4885 tur
2182 4841 2236 4886 te
2276 4839 2529 4900 oportet,
2586 4830 2734 4900 quod
2794 4846 2905 4884 non
2967 4840 3087 4885 erat
3130 4830 3228 4885 Dei
3278 4832 3486 4898 Filius,
3535 4835 3633 4890 sed

2053 4922 2313 4978 famulus.
2382 4936 2387 4939 ‘

2132 5014 2190 5069 S.
2212 5013 2416 5069 ARCH.
2454 5015 2723 5069 Dominus
2763 5028 2940 5078 meus,
2977 5022 3033 5068 et
3058 5014 3203 5069 Deus
3230 5022 3287 5069 et
3318 5013 3483 5071 homo
3506 5015 3632 5083 fuit,

2059 5104 2197 5159 duas
2242 5113 2472 5159 naturas
2513 5105 2793 5175 indeptus,
2836 5105 3060 5160 etduas
3123 5106 3395 5160 essentias
3419 5115 3475 5160 et
3495 5107 3634 5163 duas

2060 5195 2388 5258 voluntates,
2416 5194 2509 5249 sed
2538 5209 2704 5247 unam
2722 5194 3082 5265 eamdemque
3110 5194 3466 5266 hypostasim.
3488 5196 3634 5268 Ergo

2061 5295 2289 5356 propter
2312 5297 2566 5341 naturam
2596 5286 2957 5342 humanitatis
2979 5296 3038 5341 ut
3066 5296 3329 5352 creatam,
3353 5296 3408 5342 et
3433 5288 3635 5343 divini-

2062 5375 2156 5430 tati
2185 5375 2418 5441 unitam,
2449 5376 2589 5431 hanc
2618 5376 2987 5447 adjunctivam
3017 5391 3205 5431 vocem
3229 5377 3380 5431 velut
3408 5377 3634 5433 invoca-

2060 5467 2265 5522 tionem
2296 5468 2502 5536 posuit.
2550 5468 2739 5539 Neque
2771 5468 2877 5523 hoc
2920 5482 3040 5523 esse
3078 5467 3244 5524 debet
3289 5467 3629 5525 scandalum.

1896 5668 2124 5723 NOTAE.

623 5770 815 5839 Ἐμὸς,
846 5765 1131 5839 ,καὶ-ἄνθ.
1182 5765 1490 5839 Ιμεςηλὲμὸς
1540 5764 1630 5839 κα]
1676 5766 1804 5829 Θεὸς
1860 5768 1954 5820 καὶ
1990 5768 2106 5825 ἄνθ.
2135 5769 2335 5825 GULON.

456 5771 571 5913 ξίτζ
623 5771 812 5839 Ἐμὸς,
859 5771 956 5821 καὶ
1000 5771 1131 5820 ἀνθ.
1182 5771 1311 5835 Leg.
1361 5771 1490 5833 ἐμὸς
1540 5771 1630 5817 καὶ
1676 5782 1679 5799 <

483 5842 548 5895 18
608 5842 766 5897 Μίαν
792 5838 859 5892 δὲ
889 5854 941 5895 τ.
978 5836 1109 5905 Leg.
1152 5836 1279 5906 μίαν
1304 5836 1359 5888 δὲ
1393 5835 1485 5887 καὶ
1517 5852 1567 5888 τ.
1604 5834 1679 5889 In.
