4094 6530
504 430 608 494 647

1445 425 1506 481 S.
1557 422 1982 485 GREGENTII
2023 421 2260 482 EPISC.
2310 421 2843 484 TAPHARENSIS

3662 424 3766 490 648

506 545 642 600 Nam
676 538 1012 597 resurrectio
1057 537 1304 608 corporis
1350 538 1490 607 ejus,
1519 537 1668 606 quod
1702 538 1822 608 ejus
1855 554 1983 592 caro
2021 538 2076 590 in

2181 536 2414 591 τέθεικε.
2439 536 2550 590 Kal
2583 537 2684 590 οὐκ
2711 535 2827 588 ἔστι
2853 531 3013 586 τοῦτο
3047 531 3344 587 σκάνδαλον
3370 549 3385 563 °
3439 535 3471 602 ὴ
3501 531 3615 605 γὰρ
3633 536 3768 590 ἀνά-

502 639 865 690 monumento
899 647 1010 684 non
1045 629 1215 683 fuerit
1248 637 1532 698 corrupta,
1582 628 1686 682 hoc
1711 644 1740 681 a
1766 628 1952 681 divina
1985 643 2083 697 po-

502 735 700 781 testa'e
747 733 804 778 et
850 723 1054 777 virtute
1112 721 1335 775 deitatis
1391 721 1448 774 in
1507 720 1903 774 humanitatem
1964 721 2082 790 ejus

501 817 763 872 eﬂ'eetum
821 825 927 870 est.
999 812 1139 868 Cum
1197 812 1369 882 igitur
1438 813 1755 866 humanitas
1816 812 1935 882 ejus
1994 809 2083 864 di-

505 912 794 966 vinilatem
856 907 1134 977 implorat,
1168 921 1280 960 non
1341 920 1444 975 ego
1489 904 1772 974 reliquum
1809 918 2032 958 vereor.

574 1087 779 1146 HEBB.
823 1087 940 1143 Hoc
963 1087 1010 1141 si
1052 1086 1128 1141 ita
1156 1095 1260 1149 est,
1295 1099 1644 1156 consequens
1681 1093 1787 1148 est,
1835 1093 1897 1138 ut
1938 1083 2082 1138 idem

504 1180 578 1235 sit
605 1181 722 1251 ipse
767 1189 824 1233 et
887 1192 1081 1233 servus
1119 1187 1176 1232 et
1211 1175 1514 1230 Dominus:
1545 1192 1610 1230 ac
1649 1191 1872 1231 necesse
1901 1184 1984 1230 est
2023 1183 2084 1229 ut

505 1275 650 1329 idem
700 1281 960 1341 tanquam
1018 1283 1212 1324 servus
1259 1268 1365 1323 sibi
1409 1267 1514 1338 ipsi
1558 1268 1888 1323 succumbat
1934 1267 2086 1322 velut

498 1366 756 1421 Domino.

579 1457 636 1513 S.
665 1453 871 1512 ARCH.
895 1453 1133 1523 Nugaris
1170 1453 1374 1507 frustra
1417 1458 1698 1521 argutans.
1743 1449 1897 1516 Quod
1935 1449 2084 1504 enim

505 1548 576 1603 sit
601 1560 657 1602 et
686 1561 880 1600 servus
906 1553 962 1598 et
998 1543 1294 1615 Dominus,_
1320 1556 1502 1610 neque
1534 1555 1638 1612 ego
1670 1540 1906 1595 inlicior.
1929 1540 2085 1597 Unus

503 1640 651 1694 enim
683 1646 769 1692 est
804 1637 976 1700 idem,
1009 1645 1066 1690 et
1091 1635 1262 1689 Filius
1293 1634 1412 1697 Dei,
1453 1634 1581 1704 quia
1611 1633 1683 1689 sit
1711 1635 1764 1688 in
1794 1632 2084 1688 divinitate

504 1745 601 1784 sua
641 1737 695 1782 et
727 1726 1068 1782 humanitate
1097 1726 1151 1779 in
1210 1740 1319 1780 una
1356 1727 1634 1797 hypostasi
1658 1766 1672 1789 ,
1711 1741 1818 1794 qua
1863 1724 2086 1779 Verbum

503 1819 603 1874 Dei
635 1835 762 1872 caro
812 1819 1014 1888 factum
1064 1827 1161 1880 est,
1217 1817 1362 1871 sicut
1408 1826 1643 1872 testatur
1671 1816 1980 1887 Scriptura,
2018 1815 2084 1869 Et

503 1912 759 1967 habitavit
781 1916 834 1964 in
867 1911 1013 1964 nobis
1051 1911 1119 1962 ".

576 2092 780 2146 HERB.
805 2089 962 2157 Quod
991 2089 1257 2144 Dominus
1283 2097 1430 2152 tuus,
1449 2087 1710 2157 praeclare
1735 2086 1864 2142 εδει]
1891 2101 2083 2142 servus

504 2175 862 2246 quamobrem
892 2175 916 2227 ἲ

578 2268 634 2323 S.
662 2265 865 2323 ARCH.
898 2267 1160 2322 Dominus
1179 2264 1424 2335 quidem,
1444 2273 1502 2318 ut
1524 2263 1910 2334 praeexsistens
1932 2281 1946 2328 ;
1972 2279 2087 2317 ser-

504 2374 606 2412 vus
637 2373 774 2413 vero
799 2359 870 2411 ob
902 2356 958 2411 id
987 2357 1179 2412 volens
1209 2354 1384 2409 factus
1401 2363 1585 2419 est,ut
1620 2353 1676 2406 in
1703 2354 1845 2409 servi
1885 2354 2081 2419 forma,

506 2451 826 2506 adversario
857 2450 1005 2504 lucta
1047 2456 1326 2518 prostrato
1365 2457 1420 2500 et
1445 2446 1694 2509 devicto,
1741 2461 1770 2499 a
1809 2445 2081 2500 servitute

505 2553 564 2599 et
594 2542 887 2597 maledicto
914 2541 1178 2594 liberaret
1207 2555 1357 2603 eum,
1397 2539 1491 2607 qui
1547 2537 1619 2590 in.
1647 2537 1900 2607 paradiso
1941 2537 2083 2591 male

506 2640 734 2702 propter
769 2629 1286 2701 praevaricationem
1335 2637 1564 2697 peccato
1598 2628 1945 2696 mancipatus
1965 2643 2085 2681 ser-

489 2722 682 2776 vierat
697 2760 712 2776 .

579 2813 784 2870 HERB.
823 2811 1104 2882 Vertigine
1125 2810 1318 2865 laboro
1350 2820 1407 2864 et
1432 2819 1624 2873 aestuo,
1647 2824 1752 2864 nec
1788 2825 1907 2864 sum
1937 2811 2081 2880 apud

505 2920 614 2969 me,
639 2907 684 2959 si
713 2903 938 2973 Josephi
970 2902 1112 2957 fabri
1145 2910 1202 2957 et
1221 2902 1402 2957 Mariae
1440 2904 1560 2972 eius
1609 2903 1858 2973 conjugis
1889 2903 2079 2970 Filius,

497 3004 591 3053 est
616 2996 730 3066 ipse
748 2994 844 3048 Dei
867 2993 1058 3058 Filius,
1089 2993 1182 3062 qui
1208 2993 1262 3046 in
1282 2994 1428 3047 hunc
1443 2993 1608 3063 609
1623 2992 1889 3046 mundum
1909 2992 2079 3047 venit.

577 3087 634 3142 S.
669 3084 874 3140 ARCH.
904 3085 994 3140 Sic
1033 3094 1187 3154 puto.
1219 3085 1295 3138 De
1327 3083 1446 3153 ipso
1496 3085 1644 3138 Deus
1668 3099 1762 3138 ore
1793 3084 2083 3153 prophetae

2186 645 2376 692 στασις
2410 628 2506 682 τοῦ
2548 631 2797 696 σώματος
2829 625 3020 689 αὐτοῦ,
3069 625 3163 678 καὶ
3212 625 3286 696 μὴ
3345 624 3622 695 φθαρῆναι
3667 627 3768 698 τὴν

2186 721 2369 790 σάρκα
2402 719 2570 773 αὑτοῦ
2606 721 2664 772 ὲν
2695 718 2774 789 τῷ
2815 717 3082 788 μνήματι,
3131 715 3237 767 ὑπὸ
3273 715 3372 785 τῆς
3422 715 3574 778 θείας
3607 717 3769 771 δυνά-

2187 829 2336 882 μεως
2363 813 2462 882 τῆς
2488 811 2750 880 θεότητος
2779 808 2945 862 αὑτοῦ
2993 806 3272 881 ἐνηργήθη
3308 809 3390 870 είς
3417 807 3520 875 τὴν
3547 807 3766 878 ἀνθρω-

2183 905 2397 973 πότητα
2419 903 2606 958 αὑτοῦ.
2633 904 2802 956 Ὅταν
2823 900 2917 954 οῦν
2947 901 2983 969 ἡ
3008 899 3366 969 ἁνθρωπότης
3393 898 3560 954 αὑτοῦ
3586 916 3766 970 παρα-

2183 994 2340 1047 καλεῖ
2363 995 2462 1063 τὴν
2483 993 2715 1063 θεότητα
2733 990 2921 1056 αὐτοῦ,
2947 989 3058 1060 ἐγὼ
3079 990 3269 1042 λοιπὸν
3288 989 3390 1043 οὒκ
3411 988 3762 1060 αἰσχύνομαι.

2257 1086 2498 1140 ΕΡΒΑΝ.
2538 1087 2600 1138 Εἰ
2631 1085 2805 1148 οὕτως
2835 1083 3008 1147 ἐστὶν,
3043 1081 3229 1134 λοιπὸν
3261 1083 3290 1134 6
3329 1081 3493 1144 αὑτός
3526 1082 3640 1134 ἐστι
3670 1082 3766 1133 καὶ

2183 1177 2370 1260 δοῦλος
2413 1178 2517 1260 iul
2543 1176 2848 1258 κΔεσπότης
2881 1189 2897 1203 ο
2963 1173 3060 1226 καὶ
3103 1173 3433 1245 ἐπάναγκες
3465 1171 3636 1242 αὐτῷ,
3677 1170 3764 1225 [va

2184 1254 2501 1343 πρόσπτᾶίῃ
2536 1254 2612 1332 ὧς
2643 1267 2830 1332 δοῦλος
2860 1268 3023 1331 αὐτὸς
3051 1265 3230 1336 ἐαυτῷ
3261 1265 3335 1329 ὡς
3369 1265 3638 1337 Δεσπότῃ.

3053 1381 3070 1410 a
3113 1374 3229 1421 ιδ’,

2255 1448 2366 1502 Καὶ
2415 1449 2458 1501 0
2512 1446 2735 1501 ΑΙΊΟΣ.
2797 1385 3196 1513 Ματαιολῖἲὲίς
3221 1411 3758 1514 Ἀάποφθεγγόμενος.

2187 1542 2308 1596 Ὅτι
2335 1543 2445 1613 γάρ
2474 1542 2590 1594 ἐστι
2618 1539 2803 1604 δοῦλος
2819 1539 2913 1592 καὶ
2935 1539 3235 1608 Δεσπὺτης.
3259 1537 3370 1592 οὐδ’
3391 1537 3556 1601 αὐτὸς
3578 1537 3761 1591 ἀπαν-

2191 1635 2418 1708 αίνομαι
2443 1650 2457 1665 ·
2521 1629 2603 1696 εἷς
2626 1633 2684 1687 δέ
2713 1630 2911 1686 ὲστινὸ
2940 1631 3103 1693 αὐτὸς
3142 1632 3237 1684 καὶ
3282 1629 3410 1693 Υίὸς
3457 1629 3553 1682 τοῦ
3598 1628 3757 1694 Θεοῦ,

2185 1727 2271 1780 διὰ
2307 1727 2367 1780 τὸ
2399 1721 2538 1778 εῖναι
2568 1727 2626 1777 ἐν
2655 1727 2720 1797 τῇ
2757 1724 2971 1794 Οεότητι
3013 1721 3177 1778 αὑτοῦ
3205 1721 3302 1775 καὶ
3355 1724 3424 1792 τῇ
3479 1720 3759 1791 ἀνθρωπό-

2187 1835 2328 1888 τητι,
2373 1819 2430 1869 ὲν
2465 1817 2563 1886 μιᾷ
2610 1819 2676 1887 τῇ
2730 1801 3049 1878 ὑποστάσει,
3105 1813 3229 1868 καθ’
3275 1813 3304 1866 6
3347 1815 3376 1866 6
3419 1813 3610 1881 Λόγος
3650 1811 3759 1866 τοῦ

2113 1880 2157 1939 Β
2189 1880 2337 1962 Θεοῦ
2371 1880 2549 1974 σὰρξ-
2583 1880 2971 1975 ἐχρημάτισε,
3007 1903 3189 1968 καθὼς
3243 1919 3406 1974 φησιν
3453 1905 3487 1972 ἡ
3513 1880 3519 1881 7
3545 1903 3755 1975 Γραφὴ.

2186 2001 2281 2054 καὶ
2304 2000 2657 2066 ἐσκήνωσεν
2679 1998 2748 2051 ἐν
2775 1997 2940 2067 ἡμῖν.

2254 2089 2497 2146 EPBAN.
2523 2091 2800 2161 Δεσπότης
2827 2093 2857 2144 6
2879 2090 2991 2154 σὸς,
3019 2089 3200 2154 καλῶς
3223 2106 3238 2122 ·
3261 2088 3448 2153 δοῦλος
3471 2088 3530 2142 6's
3559 2088 3646 2141 διὰ
3667 2088 3754 2154 τίς

2252 2267 2363 2321 Καὶ
2398 2269 2440 2320 0
2475 2267 2694 2321 ΑῙΊΟΣ.
2759 2265 3038 2335 Δεσπότης
3085 2267 3185 2336 μὲν
3237 2264 3313 2329 ὼς
3363 2263 3754 2334 προῦπάρχων,

2183 2356 2370 2420 δοῦλος
2395 2357 2472 2420 δὲ,
2503 2356 2592 2410 διὰ
2616 2357 2775 2410 τοῦτο
2808 2355 3132 2426 βουλόμενος
3157 2355 3400 2422 ἐγένετο,
3444 2355 3532 2408 ἵνα
3569 2357 3628 2407 ἐν
3686 2357 3753 2424 τῇ

2182 2449 2278 2503 τοῦ
2307 2449 2496 2502 δούλου
2533 2453 2739 2520 μορφῇ,
2777 2449 3046 2511 παλαίσας
3073 2448 3163 2501 τὸν
3199 2447 3514 2510 ἀντίπαλον,
3541 2449 3635 2502 καὶ
3656 2449 3754 2516 ἡτ-

2182 2543 2356 2612 τήσας
2386 2541 2568 2606 αὑτὸν,
2599 2539 2946 2612 ἐλευθερώσῃ
2987 2541 3086 2610 τῆς
3113 2540 3356 2601 δουλείας
3381 2538 3478 2592 καὶ
3512 2539 3612 2608 τῆς
3652 2555 3754 2592 κα-

2183 2635 2376 2705 τάρας,
2410 2633 2500 2686 τὸν
2546 2635 2604 2686 ἐν
2631 2633 2710 2703 τῷ
2741 2632 3053 2705 παραδείσῳ
3093 2632 3281 2696 κακῶς
3311 2630 3650 2685 δουλωθέντα
3686 2633 3752 2701 τῇ

2181 2725 2432 2795 ἁμαρτίᾳ
2459 2723 2547 2776 διὰ
2573 2724 2670 2794 τῆς
2703 2721 3092 2792 παραϐάσεως.

2255 2814 2497 2869 ΕΡΒΛΝ.
2543 2813 2782 2883 ’ἰλιγγιῶ
2829 2814 2926 2867 καὶ
2979 2813 3292 2882 ἐξίσταμαι,
3332 2810 3509 2866 εἰτοῦ
3551 2811 3752 2882 Ἰωσὴφ

2182 2909 2210 2960 6
2244 2909 2358 2970 υίὸς
2378 2907 2471 2960 τοῦ
2501 2907 2755 2968 τέκτονος
2781 2906 2878 2958 καὶ
2905 2905 3124 2974 Μαρίας
3154 2905 3252 2975 τῆς
3279 2904 3446 2956 αὐτοῦ
3473 2902 3751 2972 γυναικὸς,

2181 2998 2330 3050 ἐστιν
2357 2997 2486 3060 Υἱὸς
2517 2995 2614 3048 τοῦ
2647 2993 2784 3048 Θεοῦ
2808 2995 2837 3046 6
2863 2997 2942 3057 είς
2973 2993 3067 3047 τδν
3087 2995 3294 3064 κόσμον
3328 2993 3646 3064 ἐρχόμενος.

2252 3089 2362 3142 Καὶ
2416 3090 2458 3140 0
2498 3088 2714 3140 ΑΓΙΟΣ.
2757 3086 2944 3149 Οὕτως
2994 3083 3169 3156 οἶμαι.
3207 3086 3342 3155 Περὶ
3366 3085 3534 3138 αὐτοῦ
3565 3088 3594 3138 6
3619 3085 3753 3149 Θεὸς

503 3177 679 3234 dixit:
711 3177 966 3230 Dominus
987 3177 1119 3230 dixit
1145 3175 1216 3229 ad
1245 3191 1365 3230 me:
1389 3173 1561 3229 Filius
1598 3192 1742 3228 meus
1774 3191 1828 3229 es
1862 3185 1953 3241 tu;
1986 3192 2079 3245 ego

2181 3180 2267 3234 διὰ
2320 3179 2584 3250 στόματος
2610 3178 2706 3232 τοῦ
2753 3180 3034 3248 προφήτου
3087 3177 3279 3250 εἴρηκε
3306 3191 3322 3207 ⁶
3365 3177 3585 3246 Κύριος
3623 3173 3753 3231 εἷπε

503 3269 655 3324 hodie
679 3267 837 3339 genui
869 3273 919 3320 te
950 3267 1018 3320 “.

2180 3272 2330 3338 πρός
2369 3288 2446 3340 με
2477 3287 2489 3300 ·
2541 3270 2674 3337 Υἱός
2724 3287 2842 3340 μου
2874 3268 2980 3338 σὺ,
3043 3268 3159 3340 ἐγὼ
3223 3269 3494 3339 σήμερον
3553 3269 3754 3338 τετάν-

2178 3379 2337 3429 νηκα
2368 3379 2464 3418 σε.

583 3453 792 3510 HERB.
834 3452 1191 3521 Quacunque
1223 3451 1294 3507 de
1327 3467 1387 3507 se
1441 3453 1558 3522 ipso
1615 3452 1788 3507 David
1821 3453 2076 3522 protulit,

2251 3457 2497 3510 EPBAN.
2527 3457 2667 3510 ’Ὀσα
2698 3456 2918 3527 εἴρηκεν
2956 3456 2984 3508 6
3011 3453 3172 3508 Δαὸὶδ
3200 3453 3329 3526 περὶ
3365 3452 3551 3520 αὑτοῦ,
3597 3454 3753 3525 ὑμεῖς

503 3562 571 3602 ea
599 3561 699 3600 vos
733 3543 1083 3598 vindicantes
1102 3543 1164 3596 .in
1195 3541 1477 3597 Christum
1507 3556 1756 3596 vestrum
1783 3542 2076 3596 invertitis.

2181 3546 2562 3618 σφετερίζεσθε
2596 3546 2766 3600 ταῦτα
2800 3547 2882 3608 είς
2910 3546 3001 3598 τὸν
3022 3545 3256 3615 Χριστὸν
3294 3545 3472 3616 ὑμῶν.

582 3635 641 3691 S.
676 3633 885 3689 ARCH.
914 3632 1147 3694 Deliras,
1173 3646 1355 3700 neque
1390 3646 1515 3694 usu,
1540 3646 1722 3700 neque
1745 3630 1958 3686 ratione
1988 3647 2078 3685 sa-

2251 3639 2360 3693 Καὶ
2387 3639 2432 3692 0
2465 3637 2681 3692 ΔΙἾΟΣ.
2739 3638 2962 3706 Ληρεῖς,
3010 3638 3086 3707 μὴ
3130 3636 3270 3690 κατὰ
3303 3639 3498 3708 πεῖραν
3553 3634 3753 3690 συνιὼν

508 3743 660 3783 cram
689 3727 1038 3796 Scripturam
1072 3724 1408 3794 intelligens.
1442 3722 1679 3778 Attende
1721 3738 1843 3791 quae
1887 3734 2080 3792 postea

2181 3731 2278 3803 τὴν
2337 3731 2582 3801 Γραφήν.
2647 3731 2888 3800 Πρόσεχε
2941 3729 3000 3781 δὲ
3040 3729 3094 3781 τί
3148 3728 3298 3798 λέγει
3347 3729 3488 3800 μετὰ
3538 3728 3750 3781 ταῦτα’

504 3820 644 3875 dicit
673 3836 686 3872 :
714 3817 935 3872 Postulo
974 3834 1008 3870 a
1032 3833 1139 3882 me,
1173 3825 1220 3870 et
1245 3815 1379 3870 dabo
1404 3815 1498 3869 tibi
1526 3824 1700 3886 gentes
1722 3814 2080 3868 hereditatem

2181 3825 2428 3890 Αίτησαι
2453 3822 2590 3890 παρ’
2625 3821 2793 3890 ἐμοῦ,
2834 3821 2932 3876 καί
2971 3821 3143 3876 δώσω
3166 3836 3266 3876 σοι
3291 3821 3435 3889 ἔθνη
3463 3821 3580 3888 τὴν
3605 3823 3753 3886 πλην

508 3920 678 3978 ιααηι,
705 3919 756 3965 et
782 3912 1158 3982 possessionem
1191 3919 1338 3964 tuam
1370 3911 1619 3962 terminos
1653 3917 1808 3962 terra:
1835 3908 1902 3960 ".

579 4089 785 4143 llERB.
837 4088 1004 4158 Atqui
1063 4102 1172 4141 non
1210 4086 1403 4156 paucis
1461 4085 1718 4156 gentibus
1765 4085 2081 4140 dominatus

509 4190 596 4236 est
627 4180 821 4242 David,
857 4195 996 4248 quas
1023 4174 1227 4232 devicit
1259 4187 1315 4231 et
1345 4177 1677 4248 proﬂigavit.

586 4274 643 4327 S.
671 4270 880 4326 ARCH.
905 4270 988 4324 An
1014 4271 1137 4340 ejus
1168 4269 1446 4339 possessio
1471 4284 1649 4337 usque
1668 4267 1735 4321 ad
1785 4267 1937 4321 orbis
1973 4277 2084 4320 ter-

514 4381 700 4420 rarum
741 4364 1008 4417 terminos
1038 4372 1340 4434 propagata
1367 4361 1510 4416 fuit?
1533 4360 1834 4416 Palaestina:
1869 4370 2082 4415 tantum

512 4457 742 4512 omnino
768 4455 1087 4525 imperavit,
1119 4462 1177 4510 et
1200 4453 1522 4510 Judaeoru'm
1579 4469 1675 4508 rex
1706 4452 1851 4508 fuit:
1887 4452 2083 4508 ﬁnium

2173 3916 2466 3986 ρονομίαν
2492 3928 2633 3980 σου,
2669 3914 2768 3968 καὶ
2810 3913 2926 3982 τὴν
2962 3912 3340 3982 κατάσχεσιν
3384 3929 3503 3968 σου
3540 3913 3614 3966 τὰ
3649 3911 3754 3966 πέ-

2173 4023 2328 4076 ρατα
2356 4023 2466 4074 της
2500 4023 2635 4074 της.

2254 4097 2499 4151 EPBAN.
2558 4095 2666 4150 Kal
2717 4095 2793 4167 μὴ
2846 4093 3044 4165 ὀλίγων
3093 4094 3262 4149 ἐθνῶν
3305 4090 3473 4167 ἧρξεν
3521 4095 3550 4148 6
3591 4094 3758 4149 Aa6l6

2184 4191 2416 4260 νικήσας
2447 4189 2541 4242 καὶ
2570 4187 2840 4254 πατάξας.

2254 4283 2363 4334 Καὶ
2401 4283 2442 4335 Ο
2479 4281 2698 4338 ΑΓΙΟΣ.
2741 4282 2850 4334 Καὶ
2887 4282 2922 4350 ἡ
2967 4278 3296 4350 κατάσχεσις
3359 4277 3524 4333 αὑτοῦ
3581 4277 3663 4340 είς
3687 4277 3758 4330 τὰ

2183 4373 2401 4443 πέρατα
2427 4373 2526 4443 τῆς
2555 4373 2882 4444 οἰκουμένης
2911 4372 3157 4440 ἐγεγόνει
3185 4372 3439 4437 πάντως;
3471 4370 3759 4424 Παλαιστί-

2184 4483 2281 4538 νης
2341 4465 2500 4535 μόνον
2547 4464 2842 4535 ἐκράτησε,
2899 4465 2996 4518 καὶ
3062 4463 3333 4516 Ἰουδαίων
3395 4461 3750 4515 ἐϐασίλευσε·

509 4549 666 4603 orbis
688 4558 962 4603 terrarum
988 4561 1358 4616 nequaquam.
1379 4544 1536 4611 Quod
1556 4543 1603 4600 si
1623 4544 1786 4599 etiam
1805 4553 1998 4615 gentes
2015 4543 2081 4600 ad

2191 4553 2446 4625 περάτων
2471 4552 2529 4606 δὲ
2554 4553 2682 4622 γῆς,
2707 4552 2981 4623 οὐδαμῶς.
3030 4553 3092 4606 El
3137 4553 3196 4606 δὲ
3234 4552 3328 4606 καὶ
3367 4551 3495 4622 ἔθνη
3527 4551 3664 4622 πρὸς
3695 4550 3760 4604 τὸ

511 4651 734 4710 tempus
760 4638 1003 4709 subegit,
1030 4637 1126 4693 sed
1165 4653 1279 4692 non
1310 4653 1555 4709 semper:
1605 4637 1756 4692 aliud
1786 4638 1953 4708 igitur
1970 4646 2079 4705 est,

510 4731 837 4795 terminum,
873 4737 930 4785 et
985 4729 1159 4794 aliud,
1213 4736 1432 4800 gentem
1469 4729 1742 4784 devictam
1789 4728 2078 4798 accipere;

508 4823 744 4878 fortasse
778 4833 1019 4894 gentem,
1053 4838 1176 4892 qua:
1197 4821 1270 4876 sit
1297 4830 1410 4875 tota
1449 4828 1508 4874 et
1540 4821 1752 4890 integra
1769 4819 2080 4874 hereditas.

508 4917 590 4971 Ad
625 4918 742 4972 haec
787 4916 957 4986 igitur
985 4913 1214 4985 nugaris
1260 4922 1317 4967 et
1369 4913 1607 4966 blateras
1648 4929 1662 4964 :
1696 4911 1970 4982 siquidem
2010 4912 2079 4967 ad

512 5007 808 5062 Dominum
866 5016 1121 5062 nostrum
1170 5005 1360 5060 Jesum
1417 5003 1701 5058 Christum
1755 5003 2084 5073 spiritaliter

514 5106 840 5167 regnantem
865 5095 1173 5150 inveheris.
1201 5095 1278 5150 De
1309 5109 1377 5150 eo
1407 5094 1579 5165 igitur
1617 5094 1789 5149 David
1812 5095 2081 5150 vaticina-

507 5200 602 5245 tus
627 5197 732 5244 est.
786 5188 1181 5243 Animadverte
1227 5187 1395 5242 etiam
1436 5186 1584 5257 quod
1621 5186 2082 5242 Christianismus

491 5281 719 5350 ubique
752 5279 1120 5350 principatum
1142 5278 1380 5340 obtinet,
1403 5286 1461 5332 et
1489 5293 1590 5348 per
1604 5292 1798 5332 omnes
1829 5278 2080 5335 nationes

495 5381 641 5428 sunt
660 5372 712 5427 ei
737 5373 832 5442 qui
854 5371 1009 5426 cruci
1033 5369 1259 5425 suﬂixus
1298 5369 1425 5436 luit,
1458 5378 1658 5424 erectae
1683 5369 1937 5434 et,veluti
1963 5370 2080 5438 cip-

509 5465 590 5536 pi,
611 5464 840 5533 ﬁrmata:
862 5464 1134 5520 ecclesiae.
1185 5462 1344 5530 Quod
1394 5471 1580 5516 autem
1611 5477 1722 5518 non
1771 5464 1840 5518 de
1871 5463 2077 5517 Davide

508 5558 753 5630 quidem,
808 5557 902 5612 sed
937 5557 1006 5612 de
1062 5557 1294 5611 Domino
1325 5572 1450 5611 meo
1490 5566 1547 5611 et
1598 5557 1711 5611 Deo
1757 5571 1938 5610 sermo
1971 5565 2075 5616 est,

509 5649 640 5704 audi
671 5649 803 5720 quid
825 5661 1133 5706 extremum
1161 5648 1358 5719 psalmi
1395 5647 1742 5704 subiudicat:
1782 5647 1974 5702 Pasces
1993 5663 2078 5715 eos

570 5827 632 5856 “
655 5825 811 5882 Joan.
849 5843 887 5893 ι,
923 5825 1008 5878 ιι.
1086 5826 1132 5858 ³⁵
1164 5825 1306 5882 Psal.
1369 5841 1425 5890 η,
1457 5825 1509 5876 7.
1587 5823 1632 5854 "
1690 5821 1822 5876 ibid.
1854 5823 1905 5876 8.

2180 4646 2353 4717 παρὸν
2378 4643 2666 4709 ὑπέταξεν,
2700 4643 2817 4697 ἀλλ’
2851 4644 2911 4696 οὐ
2937 4644 3024 4697 διὰ
3053 4643 3253 4706 παντός
3277 4660 3292 4675 ο
3329 4643 3521 4712 ἓτερον
3565 4638 3660 4695 οὖν
3696 4641 3760 4693 τδ

2183 4741 2384 4809 πέρας,
2415 4738 2509 4792 καὶ
2540 4737 2673 4790 ἄλλο
2697 4736 2758 4789 τὸ
2794 4735 3131 4806 δορυάλωτον
3161 4735 3405 4789 ἑλέσθαιο
3451 4735 3580 4796 ῐσως
3609 4732 3759 4795 ἔθνος

2181 4828 2491 4902 ὁλόκληρον.
2529 4827 2925 4896 Ματαιολογεϊς
2947 4825 3235 4897 τοιγαροῦν
3267 4825 3406 4895 πρὸς
3441 4823 3635 4878 ταῦτα.
3665 4824 3758 4886 Et;

2183 4921 2294 4990 γὰρ
2322 4920 2412 4974 τὸν
2439 4920 2646 4990 Κύριον
2665 4919 2824 4990 ἡμῶν
2861 4918 3072 4989 Ἰησοῦν
3100 4919 3336 4990 Χριστὸν
3363 4918 3433 4971 τὰ
3461 4918 3588 4988 τῇδε
3623 4917 3757 4970 ἀνα-

2187 5014 2430 5085 φέρεται.
2469 5013 2594 5066 Ἐὰν
2619 5011 2729 5084 γὰρ
2751 5011 2987 5083 ἀπέλθῃς
3014 5013 3094 5076 είς
3119 5011 3184 5064 τὰ
3217 5010 3432 5082 πέρατα
3453 5011 3556 5080 τῆς
3579 5011 3760 5063 οίκου-
3795 5007 3798 5010 ’

2191 5106 2381 5177 μένης,
2448 5104 2703 5176 εὑρήσεις
2754 5104 2845 5156 τὸν
2879 5103 3114 5173 Χριστὸν
3161 5100 3548 5171 πνευματικῶς
3601 5101 3757 5171 βασι-

2185 5194 2430 5249 λεύοντα.
2459 5193 2594 5263 Περὶ
2621 5191 2812 5246 τούτου
2841 5189 2934 5246 οὖν
2957 5195 2986 5247 6
3021 5191 3186 5247 Aa6l6
3227 5192 3472 5264 ᾐνίξατο.
3514 5191 3758 5261 Προσεχε

2185 5287 2294 5358 γὰρ
2319 5286 2402 5340 ὅτι
2421 5287 2449 5339 6
2477 5285 2901 5357 Χριστιανισμδς
2922 5285 3194 5357 πανταχοῦ
3207 5287 3537 5357 κεκράτηκε,
3561 5283 3655 5337 καὶ
3679 5284 3760 5346 είς

2186 5379 2364 5432 πάντα
2385 5375 2454 5429 τὰ
2479 5376 2608 5448 ἔθνη
2641 5377 2926 5449 ἐκκλησίαι
2975 5377 3054 5448 τῷ
3096 5377 3497 5448 ὲσταυρωμένῳ
3529 5378 3758 5444 ἀνεστη-

2181 5465 2457 5538 λώθησαν.
2488 5467 2610 5520 Ὅτι
2649 5468 2707 5522 δὲ
2750 5469 2812 5521 οὐ
2853 5469 3105 5539 περὶτοῦ
3142 5468 3362 5522 Δαϐίδὸ
3399 5467 3582 5536 λόγος,
3621 5463 3759 5520 ἀλλὰ

2185 5558 2316 5627 περὶ
2341 5556 2436 5610 τοῦ
2475 5559 2686 5631 Κυρίου
2723 5559 2818 5612 καὶ
2843 5558 2980 5613 Θεοῦ
3015 5576 3137 5629 μου,
3179 5559 3412 5614 ἄκουσον
3433 5557 3486 5611 τί
3514 5557 3575 5612 τδ
3605 5557 3758 5618 τέλος

2184 5646 2278 5701 τοῦ
2335 5648 2555 5722 ψαλμοῦ
2624 5650 2944 5720 ὑποφαίνει·
3024 5649 3343 5720 Ποιμανεῖς
3413 5647 3636 5715 αὐτοὺς
3689 5648 3759 5700 ἐν
