4094 6544
482 479 582 546 651

1452 470 1512 530 8.
1548 465 1971 530 GREGENTII
2007 460 2242 524 EPISC.
2283 458 2810 521 TAPHARENSIS
2869 456 2878 461 ’

3640 445 3746 512 652

483 596 690 650 exitum
715 590 928 645 habuit.
957 587 1093 644 Nam
1125 586 1296 642 ﬂexus
1348 585 1401 638 iu
1434 598 1722 654 vesperam
1759 581 1880 636 dies
1912 581 2060 650 ipso-

2184 575 2263 626 ιύκ
2292 573 2471 641 ἔσχεν.
2514 571 2752 641 Ἐσπέρα
2781 569 2888 640 γὰρ
2922 564 3309 622 καταλαϐοῦσα
3339 561 3536 633 ἔκοψεν
3563 561 3747 617 αὖτῶθ

486 699 607 739 rum
639 679 1089 737 dissertationem
1117 685 1174 732 et
1213 690 1393 730 causa:
1438 674 1714 744 judicium
1751 669 2054 726 intercidit.

482 774 808 831 Gaudebant
841 780 1025 826 autem
1053 767 1228 825 Judaei
1276 782 1444 836 super
1468 766 1748 829 llerbano,
1789 762 1938 833 quod
1968 761 2060 814 hic

483 879 678 923 contra
705 863 1182 934 archiepiscopum
1213 861 1268 914 in
1327 857 1703 927 disputatione
1737 863 1883 910 stare
1915 853 2060 906 inte-

486 974 580 1030 gre
597 968 653 1012 ct
676 956 896 1010 fortiter
914 953 1208 1024 potuisset,
1233 965 1337 1005 nec
1370 948 1696 1004 defecisset:
1739 957 1906 1016 atque
1940 959 2064 999 om-

489 1064 588 1103 nes
622 1047 800 1118 ipsum
824 1042 1309 1104 deosculabantur,
1348 1049 1403 1094 et
1435 1054 1631 1109 magna
1670 1035 2060 1092 benevolentia

488 1133 1309 1210 prosequebantur.llerhauus
1333 1143 1518 1185 autem
1557 1129 1693 1199 ipsis
1740 1128 1911 1182 dixit:
1944 1127 2064 1181 [mo

489 1246 644 1294 vero,
671 1231 890 1293 fratres,
921 1225 1266 1295 Deumlegis,
1298 1223 1537 1277 utnobis
1565 1220 1709 1275 adsit
1737 1228 1794 1274 et
1826 1219 2066 1289 opitule-

491 1335 604 1387 tur,
631 1317 1136 1391 precemurzquia,
1188 1313 1575 1375 sicutvidetis,
1612 1310 2070 1380 archiepiscopus

489 1423 576 1470 est
628 1413 796 1466 homo
850 1408 1008 1462 valde
1055 1407 1252 1466 solers.
1291 1415 1347 1458 et
1400 1403 1718 1471 disputator
1775 1399 1832 1453 in
1891 1399 2068 1454 sacris

491 1504 800 1575 Scripturis
835 1500 1115 1556 subtiliter
1165 1496 1530 1551 exercitatus:
1587 1501 1643 1546 et
1691 1491 1776 1544 vis
1811 1489 2066 1560 quaedam

2155 664 2254 734 τὴν
2283 663 2460 734 δίκην.
2495 664 2755 734 Ἐχαιρον
2805 662 2864 716 δέ
2911 665 2958 716 ot
3001 661 3246 715 Ἰουδαῖοι
3268 657 3362 711 ἐπὶ
3403 656 3484 727 τῷ
3519 655 3744 727 Ἑρϐᾶν,

2158 756 2243 808 ὃτι.
2297 755 2435 817 ὅλως
2469 755 2788 827 ηὑτάρκησε
2833 758 3025 826 στῆναι
3073 751 3214 824 μετὰ
3248 749 3345 804 τοῦ
3387 748 3750 821 ἀρχιεπισιό-

2160 863 2264 899 που
2289 849 2346 899 ἐν
2374 844 2607 911 λέξεσιν,
2645 849 2742 901 καὶ
2764 845 3089 916 κατεφίλουν
3112 843 3276 898 αὑτὸν
3305 844 3547 904 ἅπαντες
3581 841 3751 911 εὐμε-

2161 936 2285 1001 νῶς.
2325 938 2384 992 Ὀ
2415 939 2471 992 δὲ
2513 939 2713 1010 Ἐρϐᾶν
2741 935 2898 993 εἶπεν
2935 939 3141 1001 αὐτοῖς·
3177 934 3478 1006 Εὑξὼμεθα
3506 932 3710 1003 μᾶλλον
3733 972 3750 992 .

2162 1031 2405 1101 ἀδελφοὶ,
2442 1033 2593 1098 ὅπως
2634 1032 2876 1105 βοηθήσῃ
2914 1034 3049 1104 ἡμῖν
3077 1035 3106 1085 ὁ
3133 1030 3266 1095 Θεὸς
3293 1029 3388 1082 τοῦ
3417 1027 3606 1098 νόμου,
3643 1027 3749 1086 ὅτι.

2161 1123 2238 1185 ὡς
2279 1124 2463 1194 δρᾶτε,
2499 1125 2529 1177 ό
2561 1125 2994 1196 ἀρχιεπίσκοπος
3033 1122 3422 1192 πολυμήχανος
3460 1119 3753 1193 ἄνθρωπός

2161 1214 2312 1266 ἐστιν
2358 1215 2418 1267 ἐν
2459 1218 2580 1280 ταῖς
2619 1217 2887 1286 Γραφαῖς,
2922 1215 3017 1270 καὶ
3053 1215 3142 1286 βία
3171 1214 3255 1279 τίς
3287 1217 3436 1268 ἐστιν
3465 1213 3528 1268 οὐ
3556 1212 3750 1284 μικρὰ,

2164 1305 2255 1358 ἵνα
2313 1307 2593 1380 πείσωμεν
2627 1309 2812 1364 αὐτόν.
2864 1293 3052 1380 Ὑμεῖς
3077 1307 3254 1362 οἴδατε
3294 1309 3375 1361 δτι
3423 1307 3564 1379 ὑπὲρ
3601 1307 3754 1377 ἡμᾶς

2162 1400 2452 1455 ἐπίσταται
2483 1402 2552 1455 τὰ
2585 1401 2776 1473 ἡμῶν·
2836 1403 2886 1455 oi
2928 1402 2986 1456 δὲ
3044 1400 3437 1474 έθαρσοποίουν
3481 1397 3649 1452 αὐτὸν
3677 1397 3755 1468 μὴ

2166 1491 2471 1559 φοϐεῖσθαι.

491 1607 576 1653 est
607 1611 718 1651 non
751 1607 940 1664 parva,
1000 1597 1060 1644 ut
1093 1589 1146 1643 ei
1195 1586 1358 1642 fidem
1405 1585 1692 1639 faciamus.
1729 1581 1839 1638 Vos
1890 1581 2069 1646 scitis,
2113 1584 2262 1652 quod
2293 1600 2462 1655 supra
2489 1600 2592 1640 nos
2627 1595 2816 1640 nostra
2885 1585 3142 1657 dogmata
3188 1587 3293 1641 scit
3330 1595 3386 1641 et
3458 1583 3752 1656 intelligit:

490 1693 665 1752 ,ιυόωί
685 1704 815 1746 vero
840 1689 1018 1758 ipsum
1041 1681 1443 1740 confirmabant
1498 1689 1554 1735 et
1608 1677 1779 1733 animi
1821 1675 2176 1748 praesentiam
2207 1679 2339 1735 huic
2362 1679 2664 1747 addebant,
2689 1697 2759 1736 ne
2806 1690 2956 1736 metu
2980 1683 3307 1738 labasceret.

1566 1863 2077 1928 CONGRESSUS
2128 1864 2463 1930 SECUNDI
2500 1868 2686 1929 DIE].

561 1979 818 2038 Crastino
843 1990 1038 2032 rursus
1061 1973 1149 2028 die
1179 1985 1276 2025 rex
1305 1981 1628 2024 consessum
1659 1975 1715 2022 et
1735 1964 2074 2036 disputatio-

492 2095 621 2135 nem
641 2093 766 2134 cum
781 2074 1049 2144 applausu
1069 2067 1232 2140 jussit
1250 2065 1568 2120 instaurari.
1590 2063 1861 2118 Ceterum
1880 2060 2074 2116 eadem

2247 1970 2325 2040 Τῇ
2358 1968 2623 2040 ἐπαύριον
2651 1968 2814 2024 πάλιν
2837 1969 3122 2024 ἐκέλευσεν
3156 1971 3184 2022 ό
3209 1968 3462 2039 βασιλεὺς
3490 1969 3760 2041 κροτηθῆ·

2177 2077 2266 2114 ναι
2291 2061 2567 2133 συνέδριον
2586 2079 2600 2094 ·
2636 2062 2730 2116 καὶ
2757 2062 3075 2132 έτοιμασίας
3100 2061 3286 2116 λοιπὸν
3311 2061 3632 2134 γενομένης,
3664 2063 3763 2117 καὶ

495 2168 781 2225 alacritate
837 2177 965 2232 rege
997 2161 1052 2214 in
1093 2157 1274 2228 primo
1305 2155 1426 2209 loco
1468 2153 1696 2208 sedente
1742 2159 1800 2206 et
1857 2149 2074 2205 archiea

2184 2153 2612 2222 προκαθίσαντος
2633 2153 2730 2208 τοῦ
2757 2154 3022 2225 βασιλέ’ως
3052 2155 3147 2208 καὶ
3175 2153 3270 2208 τοῦ
3301 2155 3762 2225 ἀρχιεπισκόπου,

497 2264 746 2334 piseopo,
771 2256 1118 2311 advenerunt
1142 2249 1342 2310 Judaei,
1368 2247 1571 2302 deinde
1595 2245 1913 2301 Herbanum
1945 2257 2073 2298 con-

497 2357 818 2412 stituerunt.
855 2348 932 2403 Ac
955 2359 1178 2401 sanctus
1208 2341 1664 2410 archiepiscopus
1683 2338 1762 2393 ait
1787 2354 1800 2390 :

569 2448 626 2502 S.
658 2441 866 2500 ARCH.
903 2438 1030 2494 lleri
1062 2433 1249 2490 dixisti
1301 2433 1504 2487 Mosem
1546 2430 1873 2501 prophetam
1907 2427 2076 2482 male-

501 2540 712 2594 dictum
741 2545 794 2589 et
824 2528 1266 2586 exsecrationem
1294 2523 1502 2581 Judaeis
1531 2521 1860 2592 imposuisse
1885 2535 1915 2573 a
1938 2519 2072 2583 Deo,

499 2637 557 2683 et
598 2627 668 2682 ab
695 2623 993 2695 angelis,et
1017 2612 1495 2680 elementis.Quod
1522 2627 1700 2681 neque
1718 2613 1834 2682 ipse
1857 2608 2074 2664 dubito.

501 2724 578 2776 Ac
597 2717 858 2789 praeclare
883 2711 1108 2782 quidem
1138 2707 1408 2778 propheta
1441 2704 1590 2769 fecit,
1624 2705 1808 2759 sciens
1837 2710 2077 2756 vestram

501 2811 772 2867 lubricam
794 2804 979 2866 fidem,
995 2809 1053 2856 et
1071 2798 1272 2855 mentis
1295 2812 1360 2852 ac
1382 2795 1600 2852 consilii
1625 2792 2074 2849 inconstantiam.

503 2904 559 2958 Si
594 2901 742 2956 enim
769 2912 893 2952 cum
940 2893 1046 2946 hoc
1093 2892 1168 2946 ita
1220 2889 1424 2943 factum
1474 2887 1546 2941 sit
1574 2895 1632 2940 et
1689 2885 2076 2946 constitutum,

503 3001 718 3048 vestros
752 2997 933 3042 tamen
974 2981 1115 3035 filios
1142 2989 1198 3034 et
1231 2977 1371 3032 filias
1397 2974 1686 3030 daemoniis
1713 2973 2077 3028 immolastis:

501 3083 639 3156 quid
663 3096 775 3136 non
804 3057 1023 3133 facturi.
1041 3082 1096 3128 et
1120 3069 1558 3128 demonstraturi
1581 3066 1852 3130 fuissetis,
1873 3066 1919 3120 si
1936 3065 2082 3119 hanc

502 3172 943 3234 exsecrationem
956 3182 1067 3221 non
1090 3165 1248 3220 vobis
1272 3171 1533 3230 tanquam
1552 3163 1608 3215 in
1625 3160 1890 3215 thesauro
1907 3172 2026 3212 rese
2035 3174 2086 3210 r-

505 3266 726 3325 vasset?
747 3264 862 3319 Nos
903 3268 1088 3314 autem
1108 3257 1434 3320 Christiani,
1449 3253 1702 3325 nunquid
1727 3249 2085 3306 idoliscredi-

506 3351 921 3426 mus?nunquid
939 3351 1176 3406 alienum
1205 3349 1368 3404 deum
1399 3348 1455 3402 in
1476 3346 1718 3401 medium
1739 3341 2089 3398 inducimus?

507 3455 748 3512 Verbum
759 3447 938 3520 magni
950 3455 1006 3500 et
1017 3443 1370 3515 praepotentis
1381 3441 1620 3510 Dei,ejus
1635 3438 1858 3508 inquam
1873 3433 2088 3506 Dei,qui

2169 2240 2334 2316 ἦλθον
2369 2247 2418 2298 οί
2466 2247 2733 2310 Ἰουδαῖοι,
2767 2242 2868 2300 εἷθ’
2922 2245 3096 2310 οὕτως
3147 2246 3501 2318 παρέστησαν
3539 2246 3762 2318 Ἐρϐἄν.

2182 2338 2292 2391 Καὶ
2329 2338 2644 2408 προστάξας
2673 2337 2786 2410 (22)
2816 2342 2844 2393 ό
2875 2339 3054 2408 ἅγιος,
3086 2339 3190 2410 ἔφη
3219 2379 3234 2392 .

2247 2437 2288 2485 0
2322 2431 2538 2486 ΛῐΊυΣ.
2600 2430 2742 2495 Χθές
2787 2429 2948 2491 εἶπας
2986 2433 3069 2485 ὅτι
3131 2431 3371 2502 Μωῦσῆς
3405 2433 3433 2486 ό
3477 2433 3767 2504 προφήτης

2176 2521 2423 2591 κατάραν
2465 2519 2666 2590 τέθηκε
2698 2523 2812 2586 τοῖς
2857 2521 3136 2583 Ἰουδαίοις
3176 2522 3284 2574 ἀπὸ
3325 2520 3422 2574 τοῦ
3466 2521 3626 2587 Θεοῦ,
3671 2523 3768 2575 καὶ

2175 2615 2286 2667 τῶν
2335 2612 2603 2682 ἀγγέλων,
2653 2612 2750 2666 καὶ
2784 2612 2894 2664 τῶν
2937 2615 3254 2682 στοιχείων⁸
3313 2612 3410 2666 καὶ
3453 2612 3562 2666 οὐδ’
3605 2613 3774 2675 αὐτὸς

2179 2701 2526 2774 ἀμφιϐόιλλω.
2561 2703 2671 2757 Καὶ
2701 2703 2884 2768 καλῶς
2911 2703 3250 2775 πεποίηκενὸ
3273 2706 3581 2776 προφήτης,
3609 2703 3769 2768 εἰδὼς

2180 2794 2334 2866 ὑμῶν
2357 2795 2418 2848 τὸ
2449 2794 2736 2865 ὀλισθηρὸν
2759 2797 2860 2866 τῆς
2880 2797 3126 2868 γνώμης,
3163 2797 3258 2851 καὶ
3286 2797 3346 2850 τὸ
3374 2797 3477 2867 τῆς
3505 2798 3770 2868 προαιρέ-

2182 2904 2320 2952 σεως
2365 2889 2622 2944 ἄστατον.
2665 2889 2729 2943 Εἰ
2757 2888 2867 2960 γὰρ
2913 2889 3010 2943 καὶ
3063 2889 3257 2943 τούτου
3303 2889 3600 2959 γενομένου
3640 2891 3770 2953 τοὺς

2183 2981 2336 3044 υἱοὺς
2388 2981 2544 3051 ὑμῶν
2571 2979 2790 3044 καὶτὰς
2823 2981 3130 3052 θυγατέρας
3172 2981 3403 3036 ἐθύσατε
3435 2985 3551 3046 τοῖς
3578 2983 3771 3054 δαιμο-

2183 3075 2337 3139 νίοις,
2364 3073 2417 3126 τί
2438 3074 2537 3126 ούκ
2565 3071 2631 3127 ἂν
2662 3072 3024 3138 ἐνεδείξασθε,
3062 3075 3111 3126 εί
3153 3073 3362 3144 ταύτην
3403 3072 3501 3144 τὴν
3539 3075 3680 3146 ἀρὰν
3707 3076 3780 3135 οὐ,

2184 3163 2584 3236 τεθησαύρικεν
2629 3165 2796 3234 dph;
2854 3164 2965 3217 Kal
3011 3166 3175 3236 ἡμεῖς
3205 3160 3299 3218 οῦν
3328 3167 3378 3218 oi
3427 3167 3772 3236 Χριστιανοὶ,

2190 3257 2266 3329 μὴ
2297 3255 2493 3310 είδωλα
2535 3255 2900 3327 πιστεύομεν;
2957 3257 3032 3328 μὴ
3079 3257 3362 3327 ἀλλότριον
3416 3257 3536 3312 θεὸν
3585 3261 3666 3322 είς
3710 3260 3774 3313 τὸ

2193 3351 2356 3420 μέσον
2410 3349 2769 3419 είσφέρομενς
2825 3348 2917 3403 τὸν
2966 3349 3141 3418 Λόγον
3195 3350 3286 3403 τοῦ
3325 3351 3562 3421 μεγάλου
3610 3351 3774 3418 Θεοῦ,

2190 3441 2284 3495 τοῦ
2325 3440 2416 3494 τὸν
2461 3439 2712 3512 Ἀϐραὰμ
2757 3441 3144 3510 ἀγαπήσαντος
3207 3442 3460 3503 καὶτοὺς
3503 3444 3600 3496 ἀπ’
3625 3444 3771 3496 ἐκεί-

513 3543 896 3599 Abrahamum
921 3535 1127 3592 amavit
1154 3542 1212 3590 et
1228 3534 1379 3588 illius
1393 3544 1668 3604 posteros,
1693 3530 1841 3601 quod
1863 3544 2082 3584 carnem

2191 3551 2301 3600 νου,
2336 3533 2712 3606 σαρκωθέντος
2747 3536 2812 3588 ἐκ
2861 3533 3177 3605 Πνεύματος
3214 3536 3372 3603 ἁγίου
3415 3537 3509 3588 καὶ
3556 3536 3775 3607 Μαρίας

509 3633 816 3705 assumpsit
848 3631 1058 3684 virtute
1081 3626 1329 3698 Spiritus
1347 3626 1522 3680 sancti
1546 3641 1613 3680 ex
1636 3625 1865 3695 Virgine
1890 3622 2083 3684 Maria,

511 3725 876 3798 integerrima
904 3724 974 3792 et|
1001 3719 1311 3775 castissima
1369 3718 1465 3773 Dei
1500 3717 1815 3779 Genitrice,‘
1865 3724 2091 3785 propter

509 3823 743 3878 salutem
767 3826 1012 3873 nostram
1023 3820 1442 3885 cognoscentes,
1465 3825 1588 3864 cum
1606 3809 1722 3878 ipso
1740 3807 1906 3862 etiam
1929 3805 2089 3858 Patre

509 3925 568 3971 et
593 3921 785 3969 sancto
815 3909 1031 3980 Spiritu
1069 3907 1213 3978 ejus,
1240 3917 1410 3958 unum
1453 3916 1645 3956 verum
1668 3901 1841 3954 Deum
1889 3897 2088 3952 adora-

512 3993 714 4060 mus'et
749 4001 1018 4064 colimus;
1047 4012 1226 4066 neque
1252 3994 1608 4075 detrahentes
1637 3991 1962 4061 quidquam,
1995 4004 2092 4043 ne-

512 4112 621 4167 que
651 4093 998 4164 adjicientes,
1020 4097 1220 4159 praeter
1241 4099 1405 4155 quam
1428 4082 1572 4153 quod
1608 4082 1794 4135 verius
1819 4090 1873 4135 et
1895 4080 2091 4149 purius

514 4203 680 4260 quam
707 4201 806 4239 vos
839 4183 1101 4238 deitatem
1135 4187 1534 4248 cognoscentes
1567 4175 1866 4230 credimus.
1886 4173 2091 4227 Mosem

515 4295 668 4341 vero,
694 4288 750 4332 et
769 4291 891 4346 quas
921 4273 990 4328 ab
1047 4271 1141 4325 illo
1172 4279 1301 4324 sunt
1329 4269 1591 4338 praeclare
1617 4275 1675 4320 et
1705 4266 1809 4320 rite
1837 4264 2093 4319 instituta

514 4383 572 4429 et
592 4370 825 4434 sancita,
854 4366 1112 4438 praeclare
1143 4363 1309 4418 etiam
1334 4360 1654 4428 adimpleta,
1674 4367 1730 4413 et
1759 4373 1882 4426 quae
1905 4370 2090 4410 cessa-

520 4471 746 4527 verunt,
803 4458 1196 4530 approbamus.
1237 4455 1374 4510 lllud
1405 4461 1619 4508 autem:
1647 4451 1795 4504 Dixit
1835 4449 2093 4503 Dominus

517 4557 746 4612 Domino
769 4569 884 4608 meo
921 4551 989 4614 ³³,
1026 4548 1197 4604 David
1221 4549 1442 4602 locutus
1467 4555 1569 4599 est.
1600 4543 1678 4597 lbi
1699 4541 1851 4597 enim
1879 4541 2096 4595 hester-

516 4667 588 4706 na
610 4649 699 4704 die
723 4657 978 4702 sermone
990 4640 1228 4696 deducto
1244 4637 1464 4693 tandem
1482 4634 1938 4705 conquievimus:
1965 4630 2096 4686 inde

517 4745 701 4800 denuo
731 4737 976 4796 exordiri
1011 4743 1252 4804 oportet.
1302 4731 1359 4786 Si
1415 4731 1585 4801 igitur
1609 4727 1781 4783 David
1837 4725 2096 4781 dominus

515 4844 638 4891 erat
667 4845 828 4888 terra:
858 4829 1017 4900 cujus
1074 4842 1171 4881 rex
1226 4833 1366 4888 erat,
1392 4822 1540 4892 quod
1593 4821 1791 4885 fateor,
1829 4819 2092 4874 dominus

2188 3626 2286 3696 τῆς
2309 3626 2587 3698 Παρθένου
2617 3627 2710 3679 καὶ
2737 3627 3016 3695 πανάγνου
3054 3626 3322 3680 Θεοτόκου
3347 3628 3650 3696 ἐγνωκότες
3685 3628 3776 3682 διὰ

2186 3717 2285 3790 τὴν
2312 3718 2586 3790 ἡμετέραν
2631 3717 2926 3790 σωτηρίαν,
2996 3718 3092 3771 σὺν
3149 3717 3301 3788 αύτῷ
3347 3718 3428 3789 τῷ
3467 3721 3566 3772 καὶ
3596 3721 3778 3792 Πατρὶ

2190 3811 2285 3865 καὶ
2305 3809 2446 3882 ἁγίῳ
2477 3808 2762 3880 Πνεύματι
2795 3809 2984 3872 αὑτοῦ,
3029 3809 3126 3861 ἕνα
3164 3809 3297 3862 Θεὸν
3329 3809 3584 3880 ἀληθινὸν
3609 3828 3780 3882 προσ-

2189 3901 2462 3970 κυνοῦμεν
2499 3901 2592 3955 καὶ
2638 3901 2996 3972 λατρεύομεν,
3047 3900 3172 3954 οὗτε
3210 3902 3502 3970 ἀφελόντες
3531 3921 3606 3970 τι,
3661 3901 3751 3956 ἁλὶ

2189 3992 2313 4046 οὔτε
2338 3991 2742 4064 προστιθέντες,
2784 3991 2922 4061 πλὴν
2952 3991 3276 4062 τρανότερον
3313 3993 3411 4046 καὶ
3461 3991 3781 4064 καθαρώτε-

2196 4108 2287 4161 ρον
2346 4089 2498 4158 ὑμῶν
2556 4086 2931 4154 ἐπεγνωκότες
2971 4085 3068 4155 τὴν
3117 4085 3370 4155 θεότητα,
3428 4087 3778 4158 πιστεύομεν.

2191 4179 2430 4236 Μωῦσέα
2450 4179 2506 4232 δέ
2531 4178 2710 4232 καὶτὰ
2742 4177 2836 4232 ὑπ’
2865 4177 3074 4231 ἐκείνου
3113 4177 3297 4242 καλῶς
3326 4177 3779 4249 νομοθετηθέντα,

2193 4273 2288 4326 καὶ
2327 4272 2506 4333 καλῶς
2536 4269 2920 4341 πληρωθέντα,
2971 4271 3066 4323 καὶ
3113 4266 3547 4324 καταπαύσαντα
3587 4271 3784 4324 ἀποδε-

2195 4363 2424 4436 χόμεθα.
2489 4363 2562 4415 Τὸ
2625 4363 2704 4428 δὲ,
2747 4359 2933 4416 Εἶπεν
2958 4366 2991 4416 ό
3029 4363 3248 4431 Κύριος
3282 4360 3364 4428 τῷ
3401 4364 3597 4431 Κυρίῳ
3639 4381 3780 4432 μου,

2193 4455 2358 4507 Δαϐὶδ
2414 4454 2730 4522 λελάληκεν.
2797 4453 3066 4508 Ἐνταῦθα
3126 4457 3236 4525 γὰρ
3303 4456 3431 4525 χθὲς
3484 4456 3576 4509 τὸν
3624 4455 3783 4524 λόγον

2195 4548 2632 4618 καταντήσαντες
2657 4547 3034 4618 ἡσυχάσαμεν,
3065 4549 3156 4600 καὶ
3191 4548 3309 4600 δέον
3332 4547 3583 4602 ἐντεῦθεν
3621 4548 3784 4602 πάλιν

2195 4639 2568 4710 ἀπάρξασθαι.
2607 4635 2671 4692 Εἴ
2701 4639 2796 4692 οὖν
2844 4639 3010 4692 Δαϐὶδ
3057 4639 3247 4712 κύριος
3295 4635 3364 4710 ἦν
3411 4641 3514 4711 τῆς
3565 4642 3666 4710 γῆς
3714 4636 3785 4712 ἧς

2195 4731 2566 4796 ἐϐασίλευσεν,
2590 4731 2860 4802 ὁμολογῶ,
2894 4732 3083 4802 κύριος
3113 4732 3169 4785 δὲ
3210 4735 3370 4796 σκιᾶς
3394 4734 3664 4797 ἀνάπλεος
3687 4734 3785 4787 καὶ

2198 4825 2475 4888 ἐνυπνίου,
2506 4825 2650 4879 καθὰ
2675 4825 2772 4879 καὶ
2801 4826 3005 4890 πάντες
3045 4827 3210 4897 ἡμεῖς
3247 4827 3299 4880 οί
3331 4825 3633 4897 ἄνθρωποι.
3660 4829 3783 4881 Ὅτι

515 4936 658 4990 erat,
687 4924 886 4978 umbra
909 4929 966 4977 et
990 4919 1268 4975 insomnio
1299 4917 1518 4987 plenus,
1546 4913 2014 4985 quemadmodum
2036 4922 2082 4967 el

2195 4919 2252 4974 δὲ
2288 4918 2384 4972 καὶ
2423 4917 2618 4971 ἐαυτὸν
2653 4917 2848 4988 κύριον
2883 4918 3353 4989 προσηγόρευσεν,
3385 4919 3648 4974 ἀϐέϐαιον
3691 4919 3787 4973 καὶ

517 5033 621 5072 nos
655 5031 847 5071 omnes
873 5012 1146 5068 homines.
1182 5010 1340 5077 Quod
1365 5019 1551 5063 autem
1599 5022 1657 5062 se
1689 5007 1870 5076 ipsum
1908 5005 2096 5060 domi-

518 5122 653 5161 num
690 5102 1008 5174 appellavit,
1046 5101 1350 5156 invalidum
1395 5107 1453 5154 et
1497 5099 1820 5162 infirmum,
1870 5097 2096 5151 imbelle

519 5205 687 5263 atque
738 5192 1008 5255 dubium,
1069 5206 1174 5244 nec
1225 5189 1357 5243 dum
1410 5189 1742 5259 iudicatum.
1803 5187 2097 5258 Nunquam

517 5288 666 5342 enim
691 5287 835 5340 hanc
857 5283 1319 5340 consuetudinem
1351 5282 1686 5347 invenimus,
1734 5292 1797 5336 ut
1836 5282 1962 5351 quis
2008 5296 2096 5336 se-

520 5380 822 5449 metipsum
877 5376 1163 5430 dominum
1224 5391 1386 5430 suum
1425 5376 1684 5446 appellet.
1720 5375 1868 5430 Dixit
1908 5386 2094 5431 autem

517 5474 678 5544 61],
699 5471 966 5532 Dominus
987 5469 1170 5524 Verbo
1186 5485 1310 5534 suo,
1332 5469 1383 5524 id
1408 5478 1514 5535 est,
1531 5470 1672 5525 Filio
1695 5487 1708 5522 :
1735 5469 1810 5534 ei,
1845 5470 2093 5540 inquam,

519 5563 616 5632 qui
647 5560 1220 5629 factusesthomo,qui
1248 5568 1503 5614 mortuus
1522 5570 1688 5626 est,et
1709 5562 1804 5631 qui
1819 5562 1985 5615 tertio
2006 5561 2096 5615 die

519 5671 552 5709 a
583 5656 822 5708 mortuis
839 5652 1134 5717 revixit,et
1155 5660 1280 5722 post
1309 5651 1672 5722 quadraginta
1697 5653 1816 5707 dies
1854 5669 1885 5708 e
1911 5663 2098 5707 monte

590 5747 636 5778 ³³
666 5746 810 5801 Psal.
848 5762 957 5806 clx.
997 5744 1048 5799 l.

2195 5011 2511 5083 ἀνίσχυρον,
2543 5010 2639 5064 καὶ
2687 5010 3048 5081 ἀσύγκριτον.
3089 5011 3165 5064 ού
3197 5011 3306 5083 γὰρ
3348 5011 3608 5083 τοιαύτην
3654 5029 3784 5066 συν-

2195 5106 2387 5176 ήθειαν
2418 5103 2654 5175 εῦρομεν
2679 5101 2922 5168 πώποτε,
2948 5103 3035 5156 ἵνα
3050 5121 3135 5166 τις
3154 5103 3346 5175 κύριον
3365 5103 3563 5158 ἑαυτὸν
3592 5101 3785 5158 ἐαυτοῦ

2197 5195 2642 5267 προσαγορεύσῃ.
2670 5190 2807 5246 Εῐπε
2835 5193 2892 5246 δὲ
2925 5195 2953 5247 ὁ
2982 5193 3190 5265 Κύριος
3209 5195 3290 5266 τῷ
3317 5193 3477 5265 Λόγῳ
3505 5193 3674 5248 αὑτοῦ
3694 5195 3789 5248 καὶ

2205 5290 2341 5362 Υίῷ,
2386 5289 2465 5360 τῷ
2513 5289 2610 5342 καὶ
2657 5280 3144 5360 ἐνανθρωπήσαντι
3178 5291 3273 5344 καὶ
3298 5288 3649 5354 ἀποθανόντι,
3690 5288 3790 5342 καὶ

2203 5383 2496 5436 ἀναστάντι
2527 5385 2592 5453 τῇ
2625 5382 2783 5453 τρίτῃ
2813 5383 3017 5454 ἡμέρᾳ,
3056 5383 3150 5436 καὶ
3199 5381 3339 5454 μετὰ
3379 5381 3790 5453 τεσσαράκοντα

2205 5473 2311 5540 ὴμέ
2322 5488 2420 5540 ρας
2435 5471 2543 5524 ἀπὸ
2559 5471 2652 5524 τοῦ
2670 5471 2832 5542 ὅρους
2857 5471 2966 5525 τῶν
2994 5471 3220 5527 Ἐλαιῶν
3251 5474 3330 5536 είς
3361 5471 3627 5542 ούρανοὺς
3661 5471 3793 5523 ἀνα-

2204 5563 2484 5634 ληφθέντι,
2544 5562 2776 5618 ἐνώπιον
2829 5564 2937 5618 τῶν
2986 5565 3160 5633 ἁγίων
3200 5562 3369 5617 αὐτοῦ
3401 5563 3662 5635 μαθητῶν
3698 5561 3792 5614 καὶ

2207 5656 2545 5719 ἀποστόλων,
2600 5659 2695 5709 καὶ
2750 5655 3076 5728 παρελθόντι
3141 5659 3324 5712 πᾶσαν
3371 5655 3471 5726 τὴν
3521 5653 3630 5706 τῶν
3677 5651 3792 5705 ἄνω

2037 5816 2262 5872 NOTAE.

594 5909 708 5985 (9.2)
758 5910 1129 5981 Προστάξας.
1160 5910 1320 5966 Forte
1351 5907 1506 5980 σιγὴν
1539 5925 1757 5979 προστ..
1808 5908 2001 5962 indicto
2039 5910 2082 5962 si

2184 5911 2268 5968 rio.
2308 5908 2514 5964 GULON.
