4094 6556
347 491 454 557 653

1305 491 1759 554 DISPUTATIO
1797 491 1956 554 CUM
1994 494 2359 557 HERBANO
2396 497 2678 558 JUDzEO.

3496 507 3601 573 654

337 597 624 669 δυνάμεων
678 596 952 663 σύνταξιν,
995 597 1088 650 καὶ
1117 600 1176 651 ἐν
1204 596 1352 669 δεξιᾷ
1390 599 1497 671 τῆς
1545 600 1918 672 μεγαλοσύνης

2026 602 2306 659 Olivarum
2337 604 2391 658 in
2423 605 2594 662 caelos
2618 615 2933 678 assumptus
2975 619 3057 665 est
3090 626 3275 669 coram
3310 617 3600 691 discipulis

339 688 502 744 αὑτοῦ
557 689 864 744 καθίσαντι.
900 689 1072 742 Τοῦτο
1110 691 1220 762 γὰρ
1265 685 1418 745 εἶπεν
1465 693 1498 762 ἡ
1545 691 1776 763 δύναμις
1819 693 1920 763 τῆς

338 782 503 837 αὑτοῦ
567 782 842 852 θεότητος,
891 785 957 852 τῇ
1007 782 1262 854 ἁχρόιντῳ
1311 784 1479 838 αὐτοῦ
1539 784 1923 857 ἀνθρωπότητι

2025 697 2142 752 suis
2193 705 2249 752 et
2273 699 2574 767 apostolis:
2606 708 2662 754 et
2692 701 2784 770 qui
2834 715 3054 757 omnem
3093 708 3445 775 superiorum
3503 732 3602 784 po-

2027 796 2285 843 testatum
2312 788 2561 844 ordinem
2612 793 2918 860 superavit,
2943 804 3000 850 et
3030 797 3125 865 qui
3167 797 3221 852 in
3251 799 3446 858 dextra
3491 821 3607 860 ma-

337 876 593 944 λέγουσα,
632 875 830 931 Κάθου
869 876 937 930 ἐκ
980 877 1195 941 δεξιῶν
1231 894 1373 945 μου,
1420 877 1526 940 ἕως
1585 878 1652 932 ἂν
1699 879 1805 952 ἦξῃ
1860 881 1921 934 τὸ

2026 881 2237 951 iestatis
2266 882 2388 952 ejus
2414 883 2682 938 consedit.
2721 885 2838 940 Hoc
2861 887 3008 941 enim
3033 888 3176 945 dixit
3208 902 3459 963 potestas
3484 899 3602 954 sive

336 967 491 1032 τέλος
525 967 618 1022 τοῦ
650 968 879 1040 κόσμου,
912 970 1008 1023 καὶ
1055 968 1339 1024 ἀποστελῶ
1381 986 1441 1023 σε
1471 973 1666 1044 κριτὴν
1701 971 1922 1036 ζώντων

337 1061 435 1114 καὶ
467 1061 695 1131 νεκρῶν.
729 1061 836 1114 Καὶ
866 1063 986 1114 τότε
1016 1061 1226 1133 κάμψει
1259 1065 1369 1118 πᾶν
1403 1065 1531 1131 γόνυ
1558 1065 1916 1136 ἐπουρανίων,

337 1153 434 1207 καὶ
489 1153 769 1222 ἐπιγείων,
828 1157 922 1208 καὶ
950 1156 1342 1227 καταχθονίων,
1384 1160 1450 1229 τῇ
1483 1157 1701 1229 ἐξουσίᾳ
1727 1160 1793 1228 τῇ
1827 1160 1917 1228 σῇ,

339 1244 435 1298 καὶ
465 1246 514 1298 οἱ
541 1244 726 1316 ἐχθροί
755 1263 849 1299 σου
871 1245 1189 1318 τεθήσονται
1234 1248 1312 1312 ὡς
1352 1249 1752 1321 καταπάτημα,
1781 1250 1919 1302 ὑπο-

340 1336 525 1390 πόδιον
579 1337 689 1389 τῶν
754 1336 932 1391 ποδῶν
986 1355 1117 1405 σου,
1178 1342 1274 1395 καὶ
1343 1340 1648 1405 ἀποδώσεις
1703 1340 1921 1411 ἑκάστῳ

339 1431 483 1484 κατὰ
523 1431 594 1484 τὰ
645 1431 783 1500 ἔργα
835 1430 1022 1486 αὐτοῦ.
1067 1430 1253 1488 Ταῦτα
1290 1434 1324 1504 ἡ
1349 1433 1582 1506 ἀλήθεια
1600 1432 1921 1507 ἐρμηνεύει,

338 1523 497 1593 εἴπερ
527 1523 620 1576 καὶ
654 1523 837 1594 βούλει
866 1526 1288 1592 καταδέξασθαι.

2025 971 2203 1028 virtus
2229 973 2539 1029 divinitatis
2564 977 2707 1045 ejus,
2741 977 3046 1049 impolluta:
3093 983 3271 1053 ipsius
3307 996 3473 1058 atque
3518 991 3605 1045 in-

2028 1065 2417 1120 contaminata:
2482 1067 2811 1123 humanitati
2865 1071 3086 1128 dicens:
3152 1074 3285 1132 Sede
3326 1097 3359 1133 a
3406 1081 3608 1136 dextris

2033 1154 2187 1218 meis,
2213 1155 2394 1212 donec
2411 1159 2604 1213 mundi
2634 1161 2760 1216 finis
2775 1171 2832 1217 et
2856 1168 3262 1223 consummatio
3285 1173 3521 1237 venerit,
3551 1186 3608 1230 et

2027 1246 2242 1302 mittam
2275 1249 2584 1320 tejudicem
2617 1252 2870 1308 vivorum
2893 1263 2949 1309 et
2977 1265 3348 1314 mortuorum.
3379 1262 3445 1316 Et
3475 1276 3608 1319 tunc

2027 1338 2213 1395 ﬂectet
2239 1357 2404 1396 omne
2428 1359 2574 1414 genu
2609 1349 3116 1417 supercmlestium,
3161 1357 3508 1412 terrestrium
3550 1368 3608 1414 et

2027 1431 2356 1498 inferorum,
2381 1438 2643 1504 potentia:
2689 1449 2827 1494 tuae:
2862 1443 3052 1512 tuique
3100 1446 3310 1503 inimici
3363 1463 3610 1519 proster-

2026 1535 2230 1580 ncntur
2258 1527 2428 1582 veluti
2449 1529 2774 1586 calcandum
2800 1535 3101 1590 scabellum
3116 1539 3318 1609 pedum
3349 1550 3595 1598 tuorum:

335 1623 394 1669 et
417 1614 617 1670 reddes
650 1616 947 1686 unicuique
967 1618 1273 1674 secundum
1299 1633 1467 1688 opera
1497 1634 1617 1673 sua.
1649 1619 1773 1672 Haec
1804 1616 2008 1672 veritas
2030 1617 2112 1672 sic
2142 1617 2542 1690 interpretatur
2597 1630 2652 1676 et
2689 1627 2934 1694 exponit,
2997 1628 3043 1683 si
3103 1632 3268 1687 modo
3325 1634 3462 1692 velis
3521 1653 3608 1694 as-

337 1708 533 1766 sentiri
567 1718 622 1764 et
651 1712 983 1781 approbare.

406 1802 655 1876 ΕΡΒᾼΝ.
697 1803 957 1874 Μεγάλην
1007 1804 1362 1876 βλασφημίαν
1408 1790 1686 1876 εἰσφέρεις
1732 1804 1798 1856 σὺ
1838 1804 1920 1866 είς

337 1894 428 1946 τὸν
459 1893 687 1964 κόσμον,
720 1894 810 1948 τὸν
834 1896 1254 1967 ἐσταυρωμένον
1292 1896 1469 1964 λέγων
1513 1890 1655 1949 εἶναι
1686 1897 1743 1947 ἐν
1767 1895 1920 1965 δεξιᾷ

338 1987 437 2056 τῆς
461 1988 749 2059 δυνάμεως
771 1989 828 2040 ἐν
851 1991 962 2051 τοῖς
988 1989 1252 2060 ὑψίστοις.

409 2078 523 2132 Καὶ
569 2081 612 2133 0
641 2080 859 2133 ΑΓΙΟΣ.
901 2083 963 2134 Ei
1007 2081 1386 2151 ἐσταύρωται,
1428 2081 1618 2135 τούτου
1668 2098 1750 2135 σοι
1800 2079 1920 2132 ἓνε-

340 2187 434 2223 κεν
480 2173 508 2224 6
555 2173 784 2243 σταυρὸς
832 2173 996 2227 αὐτοῦ
1051 2174 1263 2244 πέφυκε
1321 2173 1648 2240 σκάνδαλονς
1699 2173 1821 2226 Ἷνα
1863 2170 1920 2224 δὲ

341 2260 666 2335 βεϐαιωθῇς,
702 2265 783 2318 ὅτι
831 2265 1012 2328 καλῶς
1052 2267 1376 2337 ἡρμήνευσα
1413 2265 1494 2332 τὸ,
1527 2261 1715 2320 Εἶπεν
1745 2267 1778 2318 ὁ
1801 2265 1918 2318 Κύ-

332 2370 465 2421 ριος
496 2353 577 2420 τῷ
597 2357 790 2423 Κυρίῳ
816 2375 935 2426 μου
969 2373 981 2386 ·
1017 2357 1214 2411 Κάθου
1236 2358 1304 2410 ὲκ
1342 2357 1556 2420 δεξιῶν
1583 2375 1725 2426 μου,
1751 2356 1920 2428 πρόσ-

339 2463 430 2516 εχε
467 2449 561 2500 καὶ
614 2447 692 2518 τῷ
739 2448 863 2518 ἑξῆς
905 2449 1093 2521 στίχῳ,
1143 2451 1292 2513 ὅπως
1336 2449 1500 2521 χάριν
1545 2448 1639 2502 τοῦ
1683 2446 1920 2514 σταυροῦ

341 2542 653 2611 ὑποφαίνει,
679 2544 808 2612 περὶ⁸
841 2537 902 2596 οὗ
932 2545 993 2597 σὺ
1027 2546 1263 2614 προαιρῇ
1297 2543 1409 2613 (25)
1448 2541 1919 2606 σκανδαλίζεσθαιο

354 2634 606 2689 Ῥὰϐδον
630 2636 957 2706 δυνάμεως,
997 2638 1182 2708 φησιν,
1229 2635 1630 2701 ἐξαποστελεῖ
1672 2652 1770 2690 σοι
1808 2637 1922 2688 Κύ-

334 2746 468 2796 ριος
513 2728 582 2781 ἐκ
651 2728 824 2792 Σιὼν,
893 2731 986 2783 καί
1020 2722 1417 2799 κατακυρίευε
1474 2731 1543 2783 ἐν
1588 2729 1758 2799 μέσῳ
1803 2727 1922 2781 τῶν

340 2819 573 2889 ἐχθρῶν
602 2836 742 2882 σου,

416 2911 662 2963 ΕΡΒΑΝ.
689 2911 801 2982 Τὴν
829 2913 1044 2984 ῥάϐδον,
1079 2913 1146 2983 ἢν
1177 2911 1562 2983 προαγορεύει,
1596 2910 1828 2981 σταυρὸν
1857 2911 1919 2963 σὺ

344 3004 785 3074 ύπολαμϐἀνειςς
812 3006 871 3056 ΕΞ
910 3001 1002 3058 οὖν
1041 3003 1217 3067 οὕτως
1241 2999 1330 3075 ἦν,
1365 3002 1474 3056 ἔδει
1506 3002 1667 3056 αὑτὸν
1690 3001 1921 3071 σταυρὸν

345 3096 652 3166 εἰρηκέναι,
693 3099 786 3150 καὶ
813 3099 874 3151 ού
905 3097 1099 3168 ῥάϐδον
1157 3098 1279 3148 Ὅτι
1325 3095 1381 3148 δὲ
1415 3095 1478 3147 ἐκ
1511 3094 1650 3147 Σιὼν
1678 3094 1918 3148 ἀποστα-

343 3185 507 3257 λῆναι
549 3187 649 3258 τὴν
684 3188 875 3260 ῥάϐδον
923 3188 1278 3258 ὑπαγορεύει,
1338 3185 1414 3256 μὴ
1469 3184 1578 3239 ἀπὸ
1627 3184 1722 3237 τοῦ
1761 3183 1924 3252 ὅρους

345 3276 477 3331 Σινὰ
500 3278 712 3350 ἐτμήθη
746 3280 804 3331 τὸ
835 3279 990 3344 ξύλον
1014 3280 1213 3343 ἐκεῖνο,
1239 3277 1331 3346 ἀφ’
1353 3269 1414 3329 οὗ
1443 3277 1472 3329 6
1497 3274 1726 3346 σταυρός
1751 3273 1920 3338 ,Ἀλλ’

345 3367 448 3422 οὐκ
477 3369 543 3424 ἂν
575 3369 721 3439 ἔχεις
750 3370 917 3434 δεῖξαι
949 3370 1077 3439 περὶ
1104 3367 1318 3423 τούτου.

418 3463 527 3516 Καὶ
552 3465 592 3516 Ο
619 3464 837 3516 ΛΓΙΟΣ.
879 3464 1266 3532 ’Λναγωγικῶς
1309 3464 1338 3516 6
1379 3462 1683 3532 προφήτης,
1707 3461 1921 3529 ἀνόητε,

344 3554 444 3625 τὴν
477 3554 674 3625 ῥάϐδον
731 3557 971 3626 ᾐνίξατο.
1038 3557 1135 3609 Ὃν
1198 3555 1398 3626 τρόπον
1463 3555 1497 3625 ἡ
1569 3553 1764 3624 ῥάϐδος
1831 3552 1924 3618 ἀφ’

347 3649 550 3718 ἑαυτῆς
608 3650 899 3721 κινηθῆναι
942 3651 1003 3703 ού
1055 3649 1389 3719 δύναται,ἢ
1447 3645 1719 3716 τυπτῆσαί
1783 3661 1922 3710 τινα,

348 3739 425 3811 μὴ
445 3738 613 3811 οὔσης
639 3743 840 3813 χειρὸς,
867 3743 968 3813 τῆς
993 3740 1401 3810 ἐνδυναμούσης
1435 3739 1603 3808 αὐτὴν
1629 3741 1692 3809 τῇ
1723 3737 1925 3806 ἑαυτῆς

347 3835 491 3905 ἀφῇ⁶
547 3835 949 3907 παραπλησίως
981 3835 1076 3888 καὶ
1128 3835 1158 3888 6
1205 3833 1388 3904 τίμιος
1433 3830 1702 3902 σταυρὸς·
1763 3828 1923 3892 αὐτὸς

350 3925 448 3994 μὲν
500 3925 610 3997 γὰρ
649 3922 716 3997 ἦν
756 3925 864 3979 ἀπὸ
912 3930 1010 3996 τῆς
1055 3927 1182 3995 γῆς,
1225 3925 1406 3978 ἐδέετο
1442 3925 1499 3976 δέ
1549 3923 1832 3992 δυνάμεως
1863 3925 1924 3973 ἐκ

347 4018 509 4081 Σιὼν,
560 4021 648 4072 ἵνα
688 4020 829 4091 ἀρθῇ
877 4023 1020 4073 κατὰ
1067 4018 1178 4071 τῶν
1224 4017 1437 4088 ἐχθρῶν
1499 4013 1594 4068 τοῦ
1660 4011 1924 4084 βασιλέως

347 4112 606 4182 Χριστοῦ,
647 4113 848 4182 μᾶλλον
874 4112 929 4166 δὲ
965 4110 1105 4165 κατὰ
1127 4111 1238 4165 τῶν
1271 4109 1530 4164 ἐναντίων
1559 4108 1653 4161 τοῦ
1674 4106 1926 4174 πλάσμα-

344 4221 439 4268 τος
471 4204 564 4258 τοῦ
608 4205 874 4273 βασιλέως
921 4204 1149 4274 Κυρίου.
1198 4204 1298 4258 Ἐκ
1320 4202 1473 4256 Σιὼν
1500 4202 1554 4254 δὲ
1585 4201 1821 4264 ἀκούων,
1849 4201 1923 4269 μὴ

347 4299 500 4351 κᾶτω
558 4298 915 4368 περιϐλέπου.
971 4298 1044 4350 Τὸ
1091 4296 1222 4350 Σινᾶ
1271 4294 1382 4366 (ει)
1429 4295 1553 4365 ὅρος
1608 4293 1748 4348 κατὰ
1800 4292 1924 4345 νοῦν

346 4389 721 4459 λογιζόμενος
783 4390 876 4442 καὶ
933 4389 1090 4442 τοῦτο
1123 4387 1232 4458 γὰρ
1277 4385 1640 4454 ἁναγωγικῶς
1681 4385 1919 4456 εἴρηται.

345 4479 484 4533 Σιὼν
514 4480 621 4550 γάρ
646 4482 793 4532 ἐστιν
823 4481 854 4549 ἠ
890 4479 1003 4534 ἄνω
1045 4476 1379 4551 μητρόπολις
1416 4477 1644 4548 Κυρίου,
1682 4479 1739 4528 ἐν
1779 4470 1923 4546 ᾗπερ

345 4573 507 4634 αὐτὸς
540 4573 802 4632 κατοικεῖ,
836 4572 930 4624 καὶ
959 4570 1163 4632 πάντες
1190 4570 1241 4622 οἱ
1271 4568 1496 4638 ἄγγελοι
1541 4567 1728 4621 αὐτοῦ.
1769 4568 1921 4639 Παρ-

2098 1803 2302 1859 llERB.
2339 1805 2582 1877 Magnam
2623 1819 2773 1866 certe
2806 1811 3206 1883 blasphemiam
3247 1818 3303 1873 in
3333 1822 3604 1880 mundum

2025 1896 2243 1952 invehis
2285 1897 2522 1953 dicendo
2573 1901 2698 1970 palo
2757 1913 2814 1959 et
2871 1907 3024 1960 cruci
3056 1907 3276 1964 allixum
3321 1912 3519 1970 sedere
3573 1931 3605 1972 a

2025 1987 2238 2043 dextris
2267 1991 2570 2060 majestatis
2603 1992 2806 2050 divina:
2833 1996 2886 2050 in
2910 1998 3216 2054 altissimis.

2099 2081 2154 2135 S.
2213 2080 2420 2137 ARCll.
2477 2084 2533 2139 Si
2575 2087 2725 2142 cruci
2788 2089 3038 2146 conﬁxus
3075 2091 3200 2156 fuit,
3269 2109 3338 2148 an
3392 2096 3604 2154 idcirco

2027 2189 2160 2228 crux
2186 2175 2307 2245 ejus
2336 2175 2435 2230 tibi
2460 2185 2546 2232 est
2585 2179 2950 2235 scandalum?
2982 2181 3050 2237 Ut
3085 2193 3273 2239 autem
3300 2187 3604 2245 conﬁrme-

2030 2267 2126 2329 ris,
2153 2268 2300 2336 quod
2337 2277 2489 2324 recte
2551 2286 2673 2326 sum
2731 2272 3130 2344 interpretatus
3190 2277 3602 2352 illud,nempe:

2027 2355 2174 2411 Dixit
2207 2358 2461 2413 Dominus
2491 2359 2717 2416 Domino
2740 2379 2854 2416 meo
2881 2379 2900 2417 :
2938 2363 3070 2420 Sede
3127 2384 3159 2421 a
3187 2369 3390 2425 dextris
3451 2374 3602 2443 meis,

2031 2448 2257 2505 adverte
2288 2451 2436 2521 quod
2475 2450 2530 2506 in
2557 2455 2812 2523 sequenti
2849 2457 3132 2513 versiculo
3157 2461 3436 2530 sequitur,
3467 2479 3606 2535 quo-

2029 2545 2192 2598 modo
2238 2546 2420 2602 crucis
2451 2547 2681 2617 gratiam
2739 2549 3076 2615 subindicat,
3111 2555 3270 2623 cujus
3330 2570 3498 2613 causa
3541 2567 3604 2614 tu

2027 2635 2234 2690 otlendi
2260 2637 2465 2692 mavis:
2532 2638 2748 2710 Virgam
2781 2644 3010 2708 virtutis,
3040 2645 3244 2714 inquit,
3293 2650 3492 2704 emittet
3513 2651 3607 2707 tibi

2031 2723 2283 2780 Dominus
2340 2742 2403 2780 ex
2437 2725 2561 2782 Sion
2593 2745 2609 2782 :
2647 2731 2920 2786 dominare
2960 2735 3014 2787 in
3064 2737 3232 2790 medio
3271 2739 3606 2797 inimicorum

2028 2826 2235 2870 tuorum
2270 2819 2334 2872 ³⁸.
2869 2871 2871 2878 λ

2102 2906 2304 2960 l-IERB.
2344 2908 2559 2978 Virgam
2609 2925 2772 2980 quam
2824 2912 2982 2977 dicit,
3005 2930 3228 2971 crucem
3267 2933 3392 2975 esse
3419 2921 3606 2990 suspi-

2027 2997 2205 3051 caris?
2229 2998 2383 3063 Quod
2409 3001 2544 3055 siita
2575 3011 2744 3066 esset,
2795 3003 2967 3074 ipsam
3002 3022 3244 3072 crucem,
3275 3017 3333 3064 et
3355 3025 3466 3065 non
3494 3013 3606 3066 vir-

2027 3105 2146 3155 gam
2171 3088 2374 3145 dixisse
2402 3095 2668 3160 oportuit.
2701 3094 2856 3160 Quod
2885 3108 3070 3152 autem
3098 3115 3164 3154 ex
3193 3101 3362 3157 Sione
3393 3102 3602 3172 virgam

2028 3197 2085 3236 se
2119 3183 2451 3238 emissurum
2507 3201 2626 3240 esse
2677 3185 2931 3250 atlirmat,
2968 3206 3097 3243 num
3142 3205 3208 3245 ev
3257 3200 3445 3248 monte
3471 3192 3605 3251 Sina

1979 3331 1992 3344 ,
2028 3275 2274 3328 excisum
2307 3275 2441 3330 illud
2491 3275 2702 3348 lignum
2730 3277 2858 3344 fuit,
2894 3295 2958 3333 cx
2987 3295 3097 3349 quo
3133 3297 3269 3336 crux
3312 3281 3453 3339 facta
3482 3283 3609 3340 est?

1983 3375 1990 3383 ‘
2030 3366 2136 3421 Sed
2166 3384 2276 3422 non
2302 3385 2494 3438 posses
2525 3371 2659 3425 illud
2690 3372 2951 3441 probare.

2099 3459 2154 3512 S.
2195 3459 2400 3515 ARCll.
2437 3460 2482 3516 Ο
2507 3462 2758 3529 demens,
2798 3465 3098 3534 anagogice
3136 3475 3192 3520 et
3238 3481 3339 3538 per
3361 3469 3600 3539 mnigma

2031 3551 2302 3618 propheta
2343 3553 2550 3624 virgam
2579 3554 2741 3609 dixit.
2764 3554 3242 3622 Quemadmodum
3261 3559 3412 3614 enim
3447 3563 3601 3633 virga

2025 3657 2056 3695 a
2091 3657 2150 3696 se
2177 3643 2290 3712 ipsa
2328 3646 2536 3700 moveri
2590 3662 2699 3701 non
2727 3656 2930 3718 potest,
2972 3649 3057 3702 vel
3117 3650 3359 3720 aliquem
3412 3651 3600 3714 ferire,

2027 3733 2070 3787 si
2105 3733 2247 3788 absit
2285 3752 2481 3791 manus
2547 3752 2670 3806 quae
2720 3753 2823 3793 suo
2861 3749 3122 3794 contactu
3167 3756 3285 3794 eam
3329 3741 3598 3797 roboret:

2026 3825 2106 3880 sic
2146 3835 2202 3880 et
2222 3843 2355 3882 crux
2377 3829 2637 3898 pretiosa,
2669 3829 2942 3901 siquidem
2975 3832 3092 3901 ipsa
3148 3840 3269 3888 erat
3332 3850 3364 3889 e
3417 3844 3598 3890 terra:

2026 3919 2228 3972 virtute
2266 3932 2449 3975 autem
2475 3937 2540 3974 ex
2595 3921 2761 3977 Sione
2817 3923 3124 3995 indigebat,
3157 3926 3604 3984 utextolleretur

2026 4012 2294 4068 adversus
2327 4013 2582 4068 inimicos
2613 4015 2760 4084 regis
2796 4014 3035 4071 Christi:
3065 4016 3176 4071 imo
3237 4033 3368 4074 vero
3406 4027 3606 4078 contra

2027 4105 2376 4160 adversarios
2408 4116 2681 4164 creatum
2711 4109 2854 4179 regis
2908 4109 3146 4164 Domini.
3191 4109 3272 4164 Ea:
3311 4110 3470 4168 Sione
3502 4127 3603 4166 au-

2029 4207 2135 4253 tem
2161 4215 2287 4253 cum
2320 4199 2502 4262 audis,
2535 4216 2603 4254 ne
2645 4210 2701 4254 tu
2733 4201 2993 4257 deorsum
3051 4202 3439 4273 circumspice.
3468 4203 3604 4260 Sina

2027 4309 2207 4356 mons,
2238 4293 2330 4362 qui
2368 4301 2552 4346 mente
2602 4301 2659 4346 et
2719 4293 2904 4347 animo
2969 4295 3255 4350 cernitur:
3315 4297 3419 4353 hoc
3453 4297 3632 4353 enim'

2026 4383 2324 4453 anagogice
2355 4383 2470 4437 sive
2506 4383 2732 4455 mystice
2771 4383 2979 4438 dictum
3022 4394 3128 4440 est.
3159 4386 3293 4442 Sion
3345 4388 3495 4442 enim
3520 4399 3607 4445 est

2027 4489 2264 4544 superna
2322 4473 2609 4529 civitatum
2665 4483 2844 4528 mater
2895 4475 3091 4531 civitas
3121 4477 3362 4545 Domini,
3395 4478 3450 4532 in
3497 4496 3604 4550 qua

2027 4565 2144 4634 ipse
2180 4563 2414 4626 habitat,
2444 4572 2500 4618 et
2528 4578 2723 4619 omnes
2762 4565 2944 4636 angeli
2991 4566 3135 4636 ejus.
3170 4566 3266 4622 Vis
3293 4567 3464 4638 igitur
3488 4570 3605 4622 sive

345 4663 562 4730 εγένετο
606 4663 787 4717 τοίνυν
832 4664 865 4732 ἡ
906 4661 1026 4715 θεία
1076 4660 1307 4730 δύναμις
1365 4662 1430 4714 ἐκ
1468 4659 1566 4728 τῆς
1605 4660 1718 4714 ἄνω
1759 4657 1921 4724 Σιὼν,

2029 4667 2271 4727 potestas
2305 4655 2494 4710 divina
2519 4671 2587 4710 ex
2636 4672 2878 4727 superna
2919 4658 3108 4722 Sione,
3147 4657 3203 4712 id
3233 4667 3339 4725 est,
3389 4675 3421 4715 e
3463 4663 3607 4716 coelo

344 4753 492 4807 τοῦτ’
542 4752 689 4807 ἐστιν
732 4755 795 4808 ἐκ
824 4753 917 4807 τοῦ
947 4753 1180 4824 ούρανοῦ
1225 4755 1252 4805 6
1291 4752 1461 4819 Λόγος
1503 4749 1597 4804 τοῦ
1632 4749 1790 4812 Θεοῦ,
1830 4741 1926 4802 καὶ

344 4839 447 4916 ἦρε
473 4843 571 4916 τὴν
603 4844 801 4916 ῥάϐδον
853 4843 962 4898 ἀπὸ
999 4844 1098 4913 τῆς
1130 4843 1264 4912 γῆςο
1313 4842 1402 4894 τὸν
1443 4841 1624 4910 τίμιον
1655 4839 1798 4908 λέγω
1833 4841 1926 4894 καὶ

347 4934 614 4997 ζωοποιὺν
647 4935 902 5006 σταυρόν.
956 4937 1067 4988 Καὶ
1103 4934 1351 4996 ἐκτείνας
1402 4933 1502 5004 τὴν
1548 4932 1731 4999 δεξιὰν
1766 4935 1924 5002 χεῖρα

346 5027 442 5080 καὶ
486 5027 578 5080 τὸν
643 5026 846 5098 ὑψηλὸν
901 5027 1179 5098 βραχίονα,
1224 5024 1463 5089 ἐπάταξε
1528 5025 1739 5088 πάντας
1798 5026 1924 5086 τοὺς

346 5119 724 5185 ὑπεναντίους,
781 5120 876 5173 καὶ
914 5120 1191 5189 νενίκηκε⁸
1254 5117 1398 5172 τοῦτ’
1451 5117 1570 5170 ἔστι
1612 5117 1704 5170 τὸν
1762 5115 1919 5186 ᾅδην,

342 5209 435 5263 τὸν
467 5210 714 5275 θάνατον,
744 5211 844 5281 τὴν
874 5211 1168 5282 ἁμαρτίαν,
1199 5209 1260 5262 τὸ
1281 5209 1622 5280 κατάκριμα,
1648 5210 1745 5262 καὶ
1760 5207 1920 5260 αὑτὸν

343 5302 552 5358 ἐκεῖνον
582 5304 675 5358 τὸν
703 5306 1043 5376 κακότροπον
1093 5304 1236 5373 ὅφιν,
1267 5303 1359 5356 τὸν
1411 5303 1510 5376 τὴν
1537 5301 1680 5356 Εὔαν
1719 5303 1814 5355 σὺν
1844 5299 1922 5371 τῷ

354 5398 530 5468 Ἀδὰμ
591 5398 652 5450 ἐν
717 5399 784 5468 τῇ
833 5395 994 5466 Ἐδέμ
1036 5395 1494 5466 ἐξαπατήσαντα·
1563 5393 1658 5447 καὶ
1719 5392 1923 5455 εὐθέως

342 5487 771 5558 κατεκυρίευσεν
817 5489 876 5540 ἐν
935 5487 1084 5556 μέσῳ
1112 5486 1221 5540 τῶν
1264 5485 1477 5556 ἐχθρῶν
1505 5483 1691 5538 αὐτοῦ.
1734 5482 1922 5552 Τούτῳ

339 5579 422 5650 τῷ
439 5577 647 5649 βασιλεί
671 5578 906 5632 δέδωκεν
926 5579 953 5630 6
981 5577 1112 5641 Θεὸς
1136 5577 1228 5630 καὶ
1256 5576 1575 5648 Πατὴρ,τοῦ
1597 5576 1782 5646 κρῖναι
1804 5573 1918 5644 (‘25)

414 5673 462 5708 “
482 5673 627 5729 Psal.
663 5690 771 5739 crx,
793 5674 849 5728 2.

2030 4749 2272 4804 Verbum
2321 4747 2441 4814 Dei,
2485 4747 2565 4820 (id
2591 4758 2675 4804 est
2724 4749 2918 4819 Filius)
2958 4749 3265 4814 descendit,
3317 4757 3430 4804 ete
3459 4760 3606 4806 terra

2028 4842 2238 4912 virgam
2273 4841 2537 4896 sustulit:
2579 4843 2879 4912 pretiosam
2917 4850 2973 4895 et
3018 4841 3412 4907 venerandam,
3439 4854 3605 4913 atque

2028 4930 2304 4984 viviticam
2337 4946 2562 4985 crucem
2612 4932 2883 5002 intelligo.
2930 4933 2997 4986 Et
3024 4931 3331 4987 extendens
3381 4949 3603 4989 manum

2030 5023 2300 5088 dextram,
2333 5033 2389 5078 et
2423 5025 2705 5079 excelsum
2754 5024 3065 5089 brachium,
3101 5039 3233 5080 suos
3275 5039 3470 5082 omnes
3511 5032 3608 5084 ad-

2028 5116 2305 5169 versarios
2346 5117 2639 5186 percussit,
2688 5125 2745 5171 et
2795 5117 2958 5172 vicit:
3013 5117 3067 5171 id
3111 5127 3215 5185 est,
3264 5133 3456 5175 orcum
3490 5121 3606 5175 sive

2029 5205 2333 5271 infernum,
2361 5217 2623 5267 mortem,
2654 5219 2967 5279 peccatum,
3013 5209 3306 5279 judicium,
3341 5221 3397 5267 et
3447 5213 3602 5268 illum

2027 5299 2206 5368 ipsum
2239 5301 2536 5372 malignum
2561 5311 2894 5371 serpentem,
2915 5317 3041 5356 eum
3061 5302 3284 5372 inquam
3317 5302 3411 5372 qui
3434 5304 3603 5360 Evam

2030 5406 2154 5444 cum
2189 5391 2399 5446 Adamo
2432 5392 2485 5446 in
2530 5392 2703 5448 Edent
2744 5392 2860 5446 sive
2907 5392 3162 5462 paradiso
3198 5392 3367 5463 impia
3409 5393 3606 5449 fraude

2030 5482 2363 5538 obstrinxit:
2407 5492 2575 5554 atque
2610 5485 2758 5539 illico
2784 5485 2837 5538 in
2868 5484 3052 5539 medio
3080 5499 3311 5540 suorum
3345 5484 3608 5541 inimico-

2034 5592 2156 5630 rum
2181 5575 2501 5631 dominatus
2534 5586 2637 5632 est.
2664 5576 2804 5633 lluie
2836 5577 2971 5649 Regi
2995 5575 3148 5634 dedit
3169 5577 3316 5634 Deus
3343 5585 3400 5634 et
3419 5578 3604 5644 Pater,

1859 5739 2092 5797 NOTAE.

566 5837 845 5920 [Ιροριρῇ.
870 5839 1040 5920 forte
1067 5837 1427 5920 προείρηὲας.
1460 5834 1678 5920 (ﬁctam.

417 5907 530 5990 (εει)
570 5907 640 5966 T6
670 5907 838 5990 ξινᾶ.
865 5908 1173 5990 Cotelerius
1198 5908 1268 5990 ad
1294 5907 1574 5990 Barnalize
1596 5907 1757 5990 epist.
1783 5920 1916 5990 gap.

343 5983 407 6037 ll
428 5975 804 6054 'Gregentium
824 5979 1091 6051 coarguit.
1105 5977 1360 6049 Oportuit
1376 5976 1546 6041 enim,
1563 5975 1760 6046 inquit,
1783 5975 1922 6031 Σιὼν

2029 5837 2233 5901 dicere,
2264 5854 2372 5891 non
2397 5839 2543 5893 Σινᾶ.

2101 5909 2212 5979 (25)
2249 5906 2363 5962 Τοῦ
2403 5926 2494 5976 κρ.
2531 5907 2690 5966 Forte
2712 5909 2790 5963 τό.
2830 5909 3035 5965 CULON.
