4088 6556
464 448 569 516 655

1447 436 1510 498 S.
1544 432 1970 498 GREGENTII
2007 432 2240 496 EPISC.
2281 431 2811 503 TAPHARENSIS

3618 431 3725 498 656

464 573 527 622 ut
550 558 820 619 mundum
852 552 1174 611 universum
1201 548 1432 623 judicet,
1480 564 1605 603 cum
1635 547 1760 603 finis
1803 552 1860 602 et
1902 560 2039 601 con-

2152 555 2234 601 τον
2266 545 2470 617 κόσμον
2496 543 2665 600 αὑτοῦ
2696 545 2934 623 ἅπαντα,
2969 540 3173 596 ὁπόταν
3196 540 3295 613 ἒξῃ
3331 539 3395 595 τὸ
3429 539 3605 609 τέλος,
3630 546 3727 598 καὶ
3804 596 3807 597 ν

467 652 767 716 summatio
797 646 1035 712 venerit,
1063 654 1123 702 ει
1143 643 1483 701 resurrectio
1509 642 1652 698 facta
1678 640 1868 696 fuerit.
1892 639 2039 706 Quin

465 761 637 809 etiam
661 747 842 806 sancti
876 757 1072 800 omnes
1100 741 1310 796 circum
1333 739 1513 809 ipsum
1548 737 1843 807 fulgebunt
1866 732 2041 790 veluti

466 839 781 913 luminaria.
811 838 889 892 Ac
914 834 1042 890 vide
1069 829 1350 903 quomodo
1374 828 1546 884 infert
1574 827 1767 883 dicens
1794 842 1808 879 :
1853 824 2043 880 Tecum

466 933 785 1006 principium
817 929 873 982 in
898 925 982 980 die
1007 922 1217 979 virtutis
1245 929 1370 987 ture,
1401 921 1458 974 in
1502 915 1866 990 splendoribus
1917 930 2046 1002 san-

466 1036 642 1080 torum
674 1031 886 1075 tuorum
919 1016 986 1069 ³⁸.

544 1113 751 1171 HEBB.
803 1111 1041 1171 Eumne,
1073 1104 1168 1176 qui
1197 1118 1265 1159 ex
1292 1099 1534 1171 Josepho
1575 1104 1904 1169 procreatus
1935 1103 2044 1161 est,
2088 1148 2089 1151 η

468 1208 609 1265 dicis
659 1213 960 1261 venturum
988 1198 1057 1254 ad
1091 1194 1361 1253 mundum
1404 1189 1803 1264 iudicandum?
1848 1187 2042 1257 Papae!

469 1317 503 1356 o
542 1313 740 1371 magna
766 1292 1045 1364 deceptio,
1069 1298 1128 1345 et
1158 1293 1352 1359 ingens
1378 1285 1569 1340 errori

539 1393 598 1449 S.
620 1370 830 1446 ARCH.
864 1386 1099 1447 Revera,
1132 1380 1227 1450 qui
1257 1376 1499 1441 caecutit,
1518 1374 1691 1429 solem
1710 1370 1915 1427 intueri
1934 1384 2046 1424 non

470 1492 672 1557 potest.
696 1477 973 1549 Josephus
1017 1473 1111 1528 ille
1137 1487 1247 1526 non
1290 1484 1392 1524 suo
1413 1466 1624 1523 semine
1656 1478 1840 1519 meum
1870 1463 2048 1518 Deum

470 1554 769 1633 Dominum
789 1565 1126 1641 procreavit,
1147 1561 1310 1636 (absit
1330 1561 1370 1633 ι)
1397 1556 1866 1631 quemadmodum
1883 1554 2048 1627 612

471 1679 531 1726 tu
585 1664 888 1723 caacutiens
944 1656 1171 1722 asseris,
1218 1662 1402 1709 mente
1464 1658 1662 1721 captus
1712 1658 1770 1704 et
1826 1647 2047 1703 illusus.

470 1762 865 1817 Verumtamen
900 1749 998 1806 tibi
1050 1747 1255 1810 dicam,
1294 1743 1443 1799 unde
1484 1756 1640 1797 meus
1679 1739 1918 1796 dilectus
1944 1738 2050 1792 Do-

468 1851 653 1908 minus
684 1849 846 1904 Jesus
876 1842 1134 1899 Christus
1181 1845 1340 1893 ortus
1359 1833 1638 1891 efﬂoruit?
1681 1831 1826 1887 Dicit
1874 1829 2048 1901 igitur

469 1894 617 1998 Deus
644 1939 713 1994 de
741 1951 845 1992 eo:
873 1933 957 1989 Ea:
982 1940 1128 1985 utero
1182 1936 1307 1984 ante
1350 1926 1630 1996 luciferum
1676 1922 1834 1995 genui
1880 1930 1930 1976 te
1975 1922 2043 1974 ³⁸.
2078 1894 2122 1953 η

467 2035 549 2092 Νε
574 2047 709 2088 vero
736 2040 819 2095 tu,
848 2027 945 2098 qui
978 2030 1166 2079 mente
1186 2030 1243 2076 et
1270 2017 1640 2089 intelligentia
1675 2030 1857 2081 cares,
1885 2014 2046 2081 dixe-

471 2125 569 2190 ris,
601 2119 750 2193 quod
774 2130 1031 2175 sermone
1060 2112 1215 2168 tenui
1239 2119 1297 2167 et
1329 2107 1481 2164 nudo
1531 2107 1741 2162 dictum
1767 2113 1875 2172 est,
1909 2104 2045 2160 sub-

464 2213 684 2289 junxit:
737 2209 948 2266 Iuravit
982 2205 1263 2269 Dominus,
1305 2211 1356 2256 et
1391 2216 1498 2255 non
1521 2197 1788 2270 paenitebit
1825 2197 2044 2289 eum".

469 2287 622 2365 Neve
639 2304 808 2362 etiam
828 2301 985 2355 dicas
1017 2303 1232 2372 postea.
1269 2290 1419 2363 quod
1451 2305 1563 2344 non
1612 2297 1698 2343 est
1745 2288 1816 2344 de
1873 2287 2049 2358 ipsius

470 2400 570 2458 Dei
621 2394 864 2454 essentia
890 2432 905 2458 ,
967 2386 1212 2447 vicissim
1259 2382 1547 2456 adiunxit:
1590 2381 1675 2437 Ex
1721 2389 1872 2435 utero
1926 2388 2050 2434 ante

474 2493 753 2565 luciferum
805 2485 962 2559 genui
997 2490 1067 2536 te.
1120 2476 1356 2542 iuravit,
1405 2472 1782 2565 inquit,Deus
1837 2478 2050 2565 noster,

472 2562 624 2660 quod
668 2591 729 2637 tu
785 2594 847 2636 es
878 2593 946 2633 ex
979 2588 1103 2630 mea
1141 2567 1406 2627 essentia.
1465 2564 1673 2621 Deinde
1714 2579 1782 2619 ne
1821 2562 2049 2660 dixeris,

474 2652 847 2731 sacerdotium
904 2663 1138 2723 Aaronis
1188 2676 1297 2717 non
1353 2658 1666 2713 transferri.
1733 2656 1919 2709 dixit:
1974 2652 2050 2707 Tu

476 2787 530 2825 es
559 2765 805 2824 sacerdos
824 2764 880 2818 in
907 2768 1189 2821 cateruam,
1221 2751 1511 2809 secundum
1557 2748 1800 2803 ordinem
1830 2746 2052 2802 Melchi-

473 2860 624 2916 sedec
667 2857 734 2910 ⁸⁸.
793 2849 1081 2921 Quomodo
1137 2853 1323 2902 autem
1390 2840 1706 2897 humanitas
1762 2838 1935 2909 ipsius
1998 2836 2053 2891 in

478 2949 690 3006 mundo
720 2953 941 3003 versata
969 2952 1081 3007 est,
1125 2937 1298 2993 Isaias
1321 2933 1493 2989 dicit:
1537 2932 1669 2986 Ecce
1699 2932 1844 3002 virgo
1877 2928 2052 2983 conci-

476 3045 585 3117 piet
638 3043 693 3097 in
730 3047 904 3104 utero,
949 3043 997 3090 et
1025 3033 1198 3106 pariet
1235 3028 1433 3100 ﬁlium,
1466 3034 1513 3079 et
1558 3024 1814 3079 vocabunt
1864 3037 2055 3077 nomen

476 3114 592 3207 ejus
614 3129 976 3193 Emmanuel;
1029 3122 1177 3196 quod
1208 3127 1317 3187 est,
1375 3119 1423 3174 si
1476 3116 1618 3172 velis
1666 3114 2053 3207 interpretari,

2141 616 2432 703 ἀνάστασις
2469 638 2716 708 γένηται.
2765 616 2875 690 Kal
2934 636 3137 699 πάντες
3202 634 3253 687 ol
3314 633 3462 703 ἅγιοι
3495 634 3728 706 περικῦο

2141 729 2256 800 κλῳ
2305 728 2471 784 αὐτοῦ
2529 728 2836 801 λάμψουσιν
2866 729 2943 794 ὡς
3002 729 3309 801 φωστῆρες.
3342 727 3451 782 Καὶ
3476 728 3579 801 δρα
3607 726 3728 791 πῶς

2143 823 2341 891 ἐπάγει
2389 822 2595 892 λέγων’
2633 821 2797 878 Μετὰ
2833 821 2951 878 σοῦ
2990 822 3028 890 ἠ
3085 819 3245 891 ἀρχὴ
3281 821 3352 875 ἐν
3386 819 3576 890 ἡμέρᾳ
3616 818 3730 890 τῆς

2144 906 2453 985 δύνὰμεώς
2481 928 2621 982 σου,
2657 912 2729 969 ἐν
2766 913 2898 981 ταῖς
2949 914 3335 985 λαμπρότησι
3383 911 3504 967 τῶν
3541 911 3730 982 ἁγίων

2145 1022 2466 1151 0’olt'l’i’BAN.
2525 1094 2630 1151 Τδν
2668 1098 2733 1152 ὲκ
2762 1095 2858 1151 τοῦ
2902 1095 3104 1168 Ἰωσὴφ
3142 1095 3476 1166 γεννηθέντα
3521 1095 3726 1167 λέγεις,

2145 1190 2235 1244 ὅτι.
2260 1188 2381 1260 ἥξει
2415 1192 2598 1261 κρῖναι
2621 1191 2715 1243 τὸν
2744 1189 2986 1262 κόσμον;
3022 1187 3196 1248 Βασαὶ
3240 1188 3341 1261 τῆς
3388 1189 3731 1261 περιπλανή-

2147 1299 2259 1336 σεω
2309 1283 2322 1337 ι

2221 1300 2330 1427 Κῑιὶ
2385 1377 2426 1428 0
2483 1373 2702 1428 ΑΓΙΟΣ.
2766 1370 2884 1425 Ἐπ’
2941 1371 3202 1444 ἀληθείας
3251 1370 3576 1443 τυφλώττων
3620 1390 3725 1440 τις,

2145 1465 2297 1537 ἥλιον
2352 1464 2571 1535 βλέπειν
2621 1466 2682 1518 οὐ
2716 1464 2964 1519 δύναται.
3016 1463 3215 1536 Ἰωσὴφ
3266 1466 3360 1519 τὸν
3417 1465 3550 1535 ἐμὸν
3595 1465 3731 1521 Θεὸν

2128 1558 2428 1629 λΔεσπότην
2481 1559 2582 1611 οὐκ
2632 1557 2875 1630 ἔσπειρε,
2934 1556 3012 1629 μὴ
3071 1558 3320 1627 γένοιτοι
3366 1559 3621 1631 καθάπερ
3663 1559 3730 1613 σὺ

2152 1649 2468 1721 μυωπάζων
2498 1648 2626 1721 φὴς,
2664 1647 3184 1722 φρεναπατὼμενος.
3231 1649 3373 1704 Ἀλλ’
3418 1650 3570 1720 ὅμως
3617 1649 3733 1723 ὲρῶ

2151 1759 2255 1809 σοι,
2290 1741 2462 1796 Πόθεν
2494 1742 2524 1796 6
2551 1742 2837 1814 ἀγαπητός
2872 1758 2978 1813 μου
3004 1740 3211 1814 Κύριος
3249 1739 3462 1812 Ἰησοῦς
3491 1740 3734 1813 Χριστὸς

2150 1834 2488 1907 ἐϐλάστησες
2537 1835 2703 1905 Λέγει
2744 1834 2924 1889 τοίνυν
2966 1836 2997 1888 6
3029 1833 3164 1899 Θεὸς
3206 1834 3338 1906 περὶ
3379 1824 3581 1888 αὐτοῦ’
3634 1836 3733 1890 Ἐκ

2147 1927 2410 1998 γαστρὸς
2435 1927 2547 1996 πρὸ
2576 1927 2890 1998 ἑωσφόρον
2918 1925 3224 1997 (irent-uad
3263 1943 3357 1983 σε.
3394 1928 3506 1983 Καὶ
3533 1925 3623 1982 ἵνα
3655 1928 3735 1998 μὴ

2146 2021 2308 2096 εἴπῃς
2334 2021 2398 2076 σὺ
2430 2022 2459 2075 6
2490 2022 2772 2088 ἀσύνετος,
2813 2022 2898 2077 ὅτι
2922 2020 3070 2092 λόγῳ
3096 2020 3239 2093 ψιλῷ
3266 2021 3493 2094 έρῤέθη,
3520 2022 3734 2092 ἐπήγα-

2147 2130 2243 2182 γεν
2265 2129 2279 2145 ·
2344 2115 2566 2183 Ὠμοσε
2606 2114 2841 2183 Κύριος,
2891 2112 2993 2168 καὶ
3033 2115 3108 2168 οὐ
3149 2113 3730 2185 μεταμεληθήσεται.

2150 2206 2271 2260 Ἵνα
2294 2205 2353 2259 δὲ
2380 2206 2456 2276 μὴ
2489 2204 2630 2276 μετὰ
2659 2204 2837 2261 ταῦτα
2874 2207 3057 2278 εῐπῃς,
3098 2206 3181 2260 ότι
3208 2190 3310 2260 οὐκ
3349 2204 3499 2260 ἔστιν
3534 2208 3600 2262 ἐκ
3630 2207 3736 2278 τῆς

2148 2299 2339 2363 οὐσίας
2367 2297 2462 2353 τοῦ
2511 2296 2669 2360 Θεοῦ,
2727 2298 3134 2369 ἀντεπήγαγεν,
3184 2297 3267 2353 ὅτι
3328 2297 3431 2353 Ἐκ
3472 2298 3738 2369 γαστρὸς

2150 2389 2266 2460 πρὸ
2308 2388 2619 2459 ἑωσφόρον
2656 2388 2965 2460 ἐγέννησα
2982 2403 3078 2444 σε.
3101 2390 3331 2460 Ὠμοσε,
3349 2391 3537 2461 φησιν,
3553 2392 3583 2444 6
3601 2389 3737 2455 Θεὸς

2151 2481 2328 2556 ήμῶν,
2360 2482 2446 2536 ὅτι
2480 2483 2548 2536 ὲκ
2578 2481 2678 2553 τῆς
2705 2480 2895 2546 οὐσίας
2930 2497 3035 2553 μου
3066 2474 3117 2534 εἶ
3156 2480 3244 2536 σύ.
3278 2481 3510 2543 Ἔπειτα
3533 2482 3621 2536 (va
3656 2482 3736 2555 μὴ

2153 2574 2337 2647 εἴπῃς,
2398 2572 2537 2628 Οὐδὲ
2595 2571 2864 2644 ἱερωσύνη
2921 2572 3019 2627 τοῦ
3093 2572 3306 2645 Ἀαρὼν
3362 2573 3735 2645 μετατίθεται,

2152 2666 2403 2741 εἴρηκεν
2441 2665 2527 2721 Σὺ
2550 2665 2742 2735 ἱερεὺς
2764 2667 2851 2733 είς
2875 2666 2984 2720 τὸν
3012 2665 3201 2720 αἰῶνα
3226 2666 3379 2722 κατὰ
3406 2666 3525 2734 τὴν
3559 2666 3739 2734 τάξιν

2153 2754 2552 2826 Μελχισεδέκ.
2581 2755 2773 2820 Ὅπως
2816 2754 2919 2825 δὲή
2939 2755 3300 2828 ἁνθρωπότης
3327 2755 3496 2812 αὑτοῦ
3524 2758 3738 2831 προέση

2153 2851 2234 2913 είς
2265 2847 2356 2904 τὸν
2394 2847 2623 2919 κόσμον,
2651 2848 2680 2901 6
2715 2847 2942 2913 Ἡσαΐας
2964 2848 3114 2916 λέγει
3139 2864 3154 2879 ο
3190 2847 3347 2905 Ἰδοὺ
3374 2849 3413 2918 ἡ
3438 2850 3739 2920 παρθένος

2153 2941 2224 2996 ὲν
2261 2939 2473 3011 γαστρὶ
2502 2938 2788 3008 λήψεται,
2839 2940 2938 2993 καὶ
2966 2939 3198 3005 τέξεται
3225 2940 3385 3006 υιὸν,
3415 2941 3517 2996 καί
3556 2941 3742 2996 καλέ-

2154 3048 2343 3089 σουσι
2361 3032 2427 3087 τὸ
2449 3031 2637 3102 ὄνομα
2664 3031 2851 3087 αὑτοῦ
2892 3031 3293 3102 Ἑμμανουὴλ,
3325 3034 3354 3087 ὃ
3386 3034 3500 3088 ἐστι
3540 3034 3741 3105 μεθερ-

2158 3126 2549 3199 μηνευόμενον,
2574 3124 2717 3179 Μεθ’
2744 3123 2915 3194 ἡμῶν
2945 3128 2979 3179 d
3015 3127 3178 3193 Θεός.
3213 3127 3425 3181 Ἑκεῖσε
3462 3126 3557 3184 οὖν
3586 3126 3740 3198 λέγει

477 3205 761 3281 Nobiscum
813 3219 957 3274 Deus
985 3216 1052 3269 ιο.
1084 3212 1208 3269 Illic
1236 3211 1410 3282 igitur
1432 3207 1607 3264 David
1652 3205 1881 3271 eﬂ'atur,
1918 3220 2054 3275 quo-

2159 3218 2344 3286 Δαόὶδ,
2375 3217 2495 3282 πῶς
2541 3219 2723 3289 γυμνῇ
2774 3219 2839 3288 τῇ
2887 3217 3126 3289 θεότητι,
3162 3219 3268 3273 Ἐκ
3315 3219 3577 3290 γαστρὸς
3619 3220 3739 3289 πρὸ

478 3315 647 3371 modo
702 3310 852 3367 nuda
917 3304 1237 3369 divinitate,
1271 3302 1357 3357 Ea:
1404 3309 1556 3355 utero
1598 3305 1725 3353 ante
1778 3298 2054 3369 luciferum

2162 3308 2472 3378 ἑωσφόρον
2493 3306 2797 3379 ἐγέννησα
2820 3322 2913 3361 σε.
2960 3306 3225 3362 Ἐνταῦθα
3254 3308 3312 3363 δὲ
3351 3309 3576 3374 Ἡσαΐας
3606 3312 3741 3381 περὶ

478 3407 638 3480 genui
667 3413 752 3459 te:
776 3402 870 3457 hic
887 3412 1022 3455 vero
1045 3397 1238 3461 Isaias,
1267 3395 1336 3452 de
1374 3410 1441 3451 ea
1466 3410 1589 3466 quae
1626 3401 1713 3450 est
1746 3390 2056 3448 secundum

481 3511 707 3554 carnem
771 3491 1134 3566 generatione
1179 3491 1377 3562 ipsius,
1436 3489 1719 3562 quomodo
1743 3503 1811 3544 ex
1840 3500 2061 3557 semper

440 3636 452 3644 .
480 3589 707 3660 Virgine
735 3594 792 3642 et
823 3585 1059 3657 Deipara
1091 3591 1260 3639 natus
1301 3591 1407 3639 εει.
1446 3583 1504 3640 Si
1538 3591 1726 3638 autem
1763 3596 1887 3653 quae
1917 3594 2059 3650 prae-

481 3682 620 3738 dicit
656 3678 847 3745 David,
907 3678 963 3732 in
996 3677 1147 3732 hunc
1186 3676 1367 3747 ipsum
1401 3674 1704 3730 transfers:
1760 3689 1831 3729 an
1863 3671 2057 3736 David,

480 3792 552 3832 an
573 3774 718 3829 alius
748 3770 931 3843 quivis
971 3778 1099 3824 ante
1133 3767 1430 3824 luciferum
1458 3766 1682 3837 genitus
1713 3765 1835 3820 est?
1869 3779 1938 3818 an
1966 3777 2060 3817 so-

480 3868 569 3923 ius
595 3866 769 3920 herus
802 3878 983 3929 meus,
1008 3870 1066 3918 et
1097 3862 1245 3917 Deus
1273 3875 1454 3925 meus,
1477 3868 1534 3915 et
1575 3856 1846 3913 Dominus
1872 3853 2062 3908 meus?

552 3956 761 4013 HERB.
798 3953 925 4011 Scio
951 3952 1100 4024 quod
1141 3961 1268 4009 tuus
1291 3951 1548 4009 Christus
1597 3959 1764 4005 natus
1793 3956 1919 4004 est:
1961 3945 2059 4002 sed

480 4048 631 4123 quod
652 4049 879 4103 omnino
899 4060 967 4100 ex
989 4044 1201 4100 semine
1231 4043 1459 4114 Josephi
1490 4051 1642 4098 satus
1687 4041 1780 4106 sit,
1808 4040 1917 4095 hoc
1938 4037 2061 4093 cui-

478 4141 566 4197 vis
596 4138 955 4209 perspicuum
985 4148 1043 4191 et
1072 4144 1267 4189 notum
1297 4143 1403 4197 est,
1431 4142 1495 4188 ut
1525 4131 1856 4204 praedictum
1893 4129 2020 4185 fuit.

551 4231 611 4286 S.
646 4228 857 4285 ARCH.
888 4227 968 4283 Ne
997 4227 1304 4282 insolenter
1333 4233 1391 4281 et
1443 4224 1614 4296 impie
1647 4222 1915 4294 loquaris.
1937 4220 2060 4277 Non

481 4325 632 4381 enim
665 4339 736 4379 ex
764 4321 991 4392 Josephi
1017 4329 1162 4382 satu,
1198 4328 1259 4375 ut
1290 4327 1346 4375 tu
1382 4318 1652 4390 opinaris,
1695 4317 1793 4375 sed
1818 4331 1888 4372 ex
1932 4315 2062 4388 Spi-

483 4416 593 4471 ritu
651 4421 843 4475 sancto
891 4411 1118 4483 genitus
1176 4418 1284 4466 est.
1333 4409 1472 4465 Nam
1514 4410 1583 4466 de
1635 4409 1757 4481 ipso
1782 4407 2059 4479 propheta

480 4505 702 4560 locutus
746 4508 855 4565 est.
885 4509 945 4556 et
992 4498 1354 4556 subindicans
1382 4498 1531 4569 quod
1585 4499 1749 4568 Virgo
1786 4512 1899 4553 non
1928 4512 2058 4552 cor-

2158 3402 2256 3472 τῆς
2283 3401 2425 3457 κατὰ
2457 3402 2633 3472 σάρκα
2665 3401 2974 3473 γεννήσεως
3000 3400 3187 3469 αὑτοῦ,
3226 3403 3343 3468 πῶς
3378 3403 3643 3477 ἐγεννήθη
3674 3406 3742 3460 ἐκ.

2159 3494 2260 3566 τῆς
2298 3494 2681 3567 Ἀειπαρθένου
2715 3495 2810 3550 καὶ
2857 3494 3148 3550 Θεοτόκου.
3197 3496 3262 3550 Et
3304 3496 3363 3551 δὲ
3410 3497 3448 3552 ἃ
3480 3496 3740 3569 προλέγει

2159 3587 2344 3652 Amm.
2381 3590 2462 3653 είς
2490 3586 2654 3643 αὐτὸν
2684 3586 2861 3642 ταῦτα
2896 3588 3174 3658 μετάγεις,
3193 3589 3416 3661 Δαὸὶδῆ
3446 3606 3532 3653 τις
3549 3590 3740 3662 ἕτερος

2161 3678 2269 3748 πρὸ
2305 3678 2582 3749 ἐωσφόρου
2615 3676 2940 3747 γεγέννηται
2963 3677 3032 3750 ﬂ)
3071 3678 3233 3749 μόνος
3252 3678 3282 3731 6
3306 3679 3583 3752 Δεσπότης
3607 3696 3737 3752 μου,

2161 3769 2254 3824 καὶ
2284 3768 2417 3833 Θεός
2443 3785 2569 3840 μου,
2595 3767 2690 3822 καὶ
2723 3766 2964 3841 Κύριοςς

2235 3946 2484 4001 ΕΡΒΑΝ.
2525 3940 2661 4002 Οἶδα
2703 3946 2786 4001 ὅτι
2825 3948 2855 4001 6
2887 3947 3126 4020 Χριστός
3154 3964 3249 4002 σου
3292 3948 3579 4023 ἐγεννήθη,
3620 3949 3741 4006 ἀλλ’

2160 4039 2244 4093 ὅτι
2273 4039 2492 4103 πάντως
2519 4041 2585 4091 ὲκ
2620 4038 2940 4111 σπέρματος
2978 4039 3197 4113 Ἰωσὴφ,
3240 4043 3401 4096 παντί
3432 4059 3536 4096 που
3555 4042 3739 4115 δῆλον,

2161 4131 2312 4187 ὥσπε
2320 4148 2350 4203 ρ
2389 4131 2737 4203 προείρηται.

2234 4225 2346 4279 Καὶ
2382 4224 2425 4277 0
2455 4223 2675 4278 ΑΓΙΟΣ.
2707 4223 2799 4296 Μὴ
2829 4224 3119 4292 σολοίκιξε.
3151 4226 3226 4280 Οὐ
3265 4226 3377 4299 γάρ
3405 4226 3470 4281 ὲκ
3500 4227 3743 4300 σπέρμα-

2162 4333 2254 4382 τος
2300 4315 2519 4386 Ἰωσὴφ,
2582 4315 2659 4381 ὡς
2707 4317 2770 4371 σὺ
2822 4316 3085 4388 νομίζεις,
3131 4317 3250 4372 ἀλλ’
3309 4319 3375 4373 ὲκ
3421 4319 3743 4390 Πνεύματος

2165 4409 2321 4478 ἁγίου
2354 4408 2697 4480 γεγέννηται.
2730 4408 3010 4480 Λελάληκε
3032 4411 3141 4485 γὰρ
3170 4412 3300 4483 περὶ
3344 4411 3511 4467 αὑτοῦ
3545 4413 3576 4467 6
3602 4430 3743 4485 προ-

2165 4503 2360 4575 φήτης,
2408 4501 2505 4557 καὶ
2543 4502 2913 4557 ὑποδεικνύων
2944 4505 3028 4558 ὃτι
3068 4505 3169 4559 οὐκ
3200 4503 3416 4577 ἐφθάρη
3456 4506 3610 4578 παρὰ
3644 4507 3739 4561 τοῦ

483 4601 645 4665 rupta
667 4592 776 4648 fuit
800 4592 871 4648 ab
891 4591 1156 4662 Josepho,
1192 4591 1311 4646 haec
1335 4590 1501 4646 dicit:
1533 4588 1763 4644 Dabitur
1806 4589 2053 4660 obsigna-

2172 4593 2366 4667 Ἰωσὴφ
2406 4596 2441 4667 ἡ
2492 4595 2788 4667 Παρθένος,
2856 4596 2986 4651 τάδε
3056 4597 3224 4669 φησί’
3285 4598 3613 4667 Δοθήσεται
3672 4601 3742 4654 τὸ

481 4697 565 4741 tus
601 4685 730 4741 liber
759 4686 871 4739 viro
895 4684 1081 4738 scienti
1103 4683 1349 4738 litteras:
1386 4692 1435 4736 et
1476 4682 1612 4736 dicet
1651 4682 1769 4737 vir:
1793 4679 1913 4735 Non
1936 4696 2057 4751 pos-

477 4794 597 4833 sum
623 4784 832 4847 tegere;
862 4774 992 4829 liber
1013 4777 1155 4829 enim
1183 4774 1488 4846 obsignatas
1517 4784 1593 4827 est
1628 4773 1695 4827 ".
1729 4770 1872 4839 Quid
1903 4771 2056 4827 aliud

478 4870 621 4925 liber
642 4869 826 4940 sigillo
874 4866 1222 4938 obsignatus,
1252 4882 1418 4938 quam
1462 4866 1632 4937 Virgo
1660 4874 1717 4921 et
1762 4864 1857 4921 Dei
1885 4863 2057 4921 Geni-

478 4961 626 5018 trix?
654 4961 791 5029 Quis
824 4960 917 5017 ille
947 4961 1068 5016 vir?
1114 4960 1392 5031 Josephus
1442 4958 1619 5013 faber.
1647 4957 1791 5024 Quid
1822 4956 1970 5028 quod
2000 4966 2058 5012 et

476 5053 690 5108 litteras
720 5053 940 5119 scienti,
984 5053 1041 5109 id
1095 5063 1199 5118 est,
1255 5052 1352 5124 qui
1386 5052 1511 5107 aliis
1542 5050 1756 5122 nuptiis
1793 5065 1920 5105 cum
1947 5051 2056 5107 alia

476 5145 712 5214 conjuge
740 5137 1071 5215 congressus
1101 5154 1206 5209 est,
1268 5145 1337 5200 de
1380 5159 1488 5214 qua
1543 5143 1750 5198 liberos
1789 5142 2059 5199 sustulit?

475 5233 619 5303 Quid
648 5243 835 5290 autem
869 5236 1019 5307 quod
1082 5237 1130 5292 is
1157 5237 1403 5291 divinam
1439 5235 1707 5299 tabulam,
1736 5250 1938 5306 nempe
1981 5235 2055 5290 li-

473 5327 640 5381 brum
670 5326 857 5399 legere
875 5342 986 5383 non
1015 5328 1296 5399 potuerit?
1320 5328 1375 5383 id
1401 5339 1508 5394 est,
1538 5342 1663 5382 cum
1694 5327 1810 5398 ipsa
1838 5327 2055 5400 virgine

472 5417 824 5474 commisceri
858 5433 970 5475 non
1011 5419 1216 5492 potuit,
1243 5434 1311 5475 ex
1351 5421 1463 5476 Deo
1514 5418 1849 5490 intelligens,
1904 5418 2053 5490 quod

2157 4685 2647 4757 ἐσφραγισμένον
2690 4688 2937 4753 βιϐλίον
2970 4689 3144 4759 ἀνδρὶ
3173 4689 3356 4745 εἰδότι
3388 4690 3697 4763 γράμματα
3720 4709 3738 4727 ο

2158 4776 2257 4832 καὶ
2282 4776 2408 4846 ἐρεῖ
2426 4780 2460 4833 ὁ
2484 4778 2661 4848 ἀνὴρ,
2694 4781 2778 4835 Οὐ
2811 4778 3070 4851 δύναμαι
3101 4780 3440 4852 ἀναγνῶναι
3460 4797 3476 4814 ⁶
3529 4783 3598 4840 τὸ
3629 4785 3743 4855 γὰρ

2154 4869 2399 4935 βιϐλίον
2411 4870 2832 4942 ὲσφράγισται.
2861 4871 2927 4926 Τί
2954 4872 3015 4927 τὸ
3049 4872 3258 4945 βιὸλίον
3280 4874 3343 4929 τὸ
3365 4876 3742 4948 ἐσφραγισμέ-

2159 4978 2271 5028 νον,
2308 4961 2425 5016 ἀλλ’
2458 4962 2491 5033 ἢ
2525 4964 2560 5034 ή
2587 4962 2865 5035 Παρθένος
2910 4965 3005 5019 καὶ⁸
3037 4965 3336 5036 Θεοτόκος;
3375 4968 3472 5032 Τίς
3500 4970 3529 5023 6
3558 4968 3739 5040 ἀνήρς

2174 5054 2373 5127 Ἰωσὴφ
2395 5058 2423 5109 6
2448 5056 2675 5113 τέκτων.
2711 5057 2778 5111 Τί
2806 5056 2866 5112 δι
2901 5058 2984 5114 ὅτι
3044 5061 3140 5114 καὶ
3189 5060 3496 5134 γράμματα
3538 5061 3737 5128 εἰδότι,

2151 5146 2298 5201 τοῦτ’
2320 5148 2436 5202 ἔστι
2458 5149 2621 5220 γάμῳ
2637 5150 2695 5204 ἐν
2708 5150 2843 5224 ἄλλῃ
2865 5151 3086 5222 γυναικὶ⁸
3112 5151 3228 5224 (26)
3250 5153 3737 5227 προσομιλήσαντι,

2153 5240 2238 5308 ἐφ’
2289 5232 2579 5314 ᾗγυναικὶ
2626 5240 2723 5295 καὶ
2772 5242 2941 5296 τέκνα
2970 5243 3254 5316 ἐκέκτητο.
3307 5244 3373 5298 Τί
3406 5244 3464 5299 δὲ
3509 5246 3592 5299 ὃτι
3634 5247 3737 5302 οὐκ

2151 5326 2388 5398 ἠδύνατο
2428 5329 2740 5398 ἀναγνῶναι
2789 5333 2890 5404 τὴν
2945 5333 3098 5388 θείαν
3130 5334 3336 5401 δέλτον,
3387 5334 3450 5388 τὸ
3501 5334 3732 5406 βιϐλίον,

2151 5417 2298 5472 τοῦτ’
2337 5417 2505 5487 ἔστιν,
2537 5421 2639 5476 οὐκ
2678 5422 2914 5494 ἠδύνατο
2969 5425 3329 5495 συγγενέσθαι
3380 5428 3502 5498 μετ’
3543 5426 3737 5499 αὐτῆς,

470 5505 589 5562 haec
608 5506 844 5563 Domino
869 5507 1002 5564 Jesu
1031 5517 1180 5564 esset
1208 5511 1394 5565 clausa
1432 5519 1489 5564 et
1520 5515 1826 5573 reservata,
1861 5507 2053 5563 incor-

2155 5509 2341 5566 θεόθεν
2394 5517 2760 5588 κατανοήσας,
2813 5518 2895 5572 ὅτι
2961 5518 3040 5592 τῷ
3096 5518 3289 5592 Κυρίῳ
3353 5517 3530 5592 Ἰησοῦ
3586 5519 3737 5574 ἔστιν

540 5661 585 5694 ³⁵
616 5663 760 5718 Psal.
813 5680 918 5730 (ιιι,
948 5666 1000 5721 ὅ.
1080 5666 1126 5698 ³⁸
1166 5665 1302 5721 ibid.
1335 5665 1390 5719 5.
1467 5666 1510 5697 ⁸⁷
1541 5664 1676 5720 ibid.
1708 5658 1761 5720 όξ
1843 5663 1887 5698 ³⁸
1911 5663 2048 5722 ibid.

2152 5667 2169 5700 '
2200 5667 2306 5724 Isa.
2356 5686 2448 5737 vn,
2486 5672 2573 5726 ii.
2650 5673 2695 5706 ⁸⁸
2725 5675 2827 5730 lsa.
2879 5692 3022 5743 xxix,
3049 5677 3133 5732 Η.

1983 5798 2221 5861 NOTAE.

534 5888 646 5962 (ἐϋ)
682 5888 863 5960 Γάμῳ
888 5889 958 5944 ἐν
981 5889 1143 5961 ἄλλῃ
1178 5908 1315 5962 γυν.
1355 5891 1493 5947 Nota
1542 5893 1690 5950 hunc
1723 5896 1903 5951 locum
1939 5911 2049 5951 non

2152 5898 2300 5955 obari
2328 5903 2588 5959 omnibus
2615 5902 2967 5960 orthodoxis-
