  <div class='ocr_page' id='page_1' title='image "/cluster/home/n/w/nwhite01/storage/ocr_20150623/86:1/hvd.32044019208909/336.png"; bbox 0 0 4094 6556; ppageno 0'>
   <div class='ocr_carea' id='block_1_1' title="bbox 362 434 463 495">
    <p class='ocr_par' dir='ltr' id='par_1_1' title="bbox 362 434 463 495">
     <span class='ocr_line' id='line_1_1' title="bbox 362 434 463 495; baseline 0 0"><span class='ocrx_word' id='word_1_1' title='bbox 362 434 463 495; x_wconf 74' lang='grc'><strong>657</strong></span> 
     </span>
    </p>
   </div>
   <div class='ocr_carea' id='block_1_2' title="bbox 1319 429 2697 494">
    <p class='ocr_par' dir='ltr' id='par_1_2' title="bbox 1319 429 2697 494">
     <span class='ocr_line' id='line_1_2' title="bbox 1319 429 2697 494; baseline -0.001 -5"><span class='ocrx_word' id='word_1_2' title='bbox 1319 429 1777 491; x_wconf 82' lang='lat' dir='ltr'><strong>DISPUTATIO</strong></span> <span class='ocrx_word' id='word_1_3' title='bbox 1815 433 1973 494; x_wconf 86' lang='lat' dir='ltr'><strong>CUM</strong></span> <span class='ocrx_word' id='word_1_4' title='bbox 2011 433 2375 493; x_wconf 71' lang='lat' dir='ltr'><strong>IIERBANO</strong></span> <span class='ocrx_word' id='word_1_5' title='bbox 2413 430 2697 493; x_wconf 69' lang='lat' dir='ltr'><strong>JUDEO.</strong></span> 
     </span>
    </p>
   </div>
   <div class='ocr_carea' id='block_1_3' title="bbox 3506 428 3614 496">
    <p class='ocr_par' dir='ltr' id='par_1_3' title="bbox 3506 428 3614 496">
     <span class='ocr_line' id='line_1_3' title="bbox 3506 428 3614 496; baseline 0.037 -3"><span class='ocrx_word' id='word_1_6' title='bbox 3506 428 3614 496; x_wconf 81' lang='lat'><strong>658</strong></span> 
     </span>
    </p>
   </div>
   <div class='ocr_carea' id='block_1_4' title="bbox 359 532 1955 608">
    <p class='ocr_par' dir='ltr' id='par_1_4' title="bbox 359 533 1940 608">
     <span class='ocr_line' id='line_1_4' title="bbox 359 533 1940 608; baseline 0 -18"><span class='ocrx_word' id='word_1_7' title='bbox 359 533 790 605; x_wconf 78' lang='grc' dir='ltr'>ὲγκεκλεισμένη</span> <span class='ocrx_word' id='word_1_8' title='bbox 830 550 889 587; x_wconf 88' lang='grc' dir='ltr'>τε</span> <span class='ocrx_word' id='word_1_9' title='bbox 926 534 1021 587; x_wconf 74' lang='grc' dir='ltr'>καὶ</span> <span class='ocrx_word' id='word_1_10' title='bbox 1043 534 1356 607; x_wconf 82' lang='grc' dir='ltr'><strong>τηρουμένη</strong></span> <span class='ocrx_word' id='word_1_11' title='bbox 1384 537 1442 588; x_wconf 84' lang='grc' dir='ltr'><strong>ὲν</strong></span> <span class='ocrx_word' id='word_1_12' title='bbox 1457 535 1763 608; x_wconf 78' lang='grc' dir='ltr'>ἀφθαρσίᾳ,</span> <span class='ocrx_word' id='word_1_13' title='bbox 1792 538 1940 601; x_wconf 79' lang='grc' dir='ltr'>ὅπως</span> 
     </span>
    </p>
   </div>
   <div class='ocr_carea' id='block_1_5' title="bbox 2050 532 3617 608">
    <p class='ocr_par' dir='ltr' id='par_1_5' title="bbox 2050 532 3617 607">
     <span class='ocr_line' id='line_1_5' title="bbox 2050 532 3617 607; baseline 0.002 -17"><span class='ocrx_word' id='word_1_14' title='bbox 2050 548 2204 607; x_wconf 88' lang='lat' dir='ltr'><strong>rupta</strong></span> <span class='ocrx_word' id='word_1_15' title='bbox 2231 546 2288 592; x_wconf 92' lang='lat' dir='ltr'><strong>et</strong></span> <span class='ocrx_word' id='word_1_16' title='bbox 2340 538 2574 607; x_wconf 88' lang='lat' dir='ltr'><strong>integra,</strong></span> <span class='ocrx_word' id='word_1_17' title='bbox 2633 542 2693 588; x_wconf 88' lang='lat' dir='ltr'><strong>ut</strong></span> <span class='ocrx_word' id='word_1_18' title='bbox 2737 534 2805 588; x_wconf 92' lang='lat' dir='ltr'><strong>de</strong></span> <span class='ocrx_word' id='word_1_19' title='bbox 2840 532 3049 602; x_wconf 91' lang='lat' dir='ltr'><strong>Spiritu</strong></span> <span class='ocrx_word' id='word_1_20' title='bbox 3086 544 3276 589; x_wconf 88' lang='lat' dir='ltr'><strong>sancto</strong></span> <span class='ocrx_word' id='word_1_21' title='bbox 3315 535 3462 591; x_wconf 87' lang='lat' dir='ltr'><strong>Deus</strong></span> <span class='ocrx_word' id='word_1_22' title='bbox 3492 554 3617 593; x_wconf 77' lang='lat' dir='ltr'><strong>car-</strong></span> 
     </span>
    </p>
   </div>
   <div class='ocr_carea' id='block_1_6' title="bbox 359 626 1941 699">
    <p class='ocr_par' dir='ltr' id='par_1_6' title="bbox 359 626 1941 699">
     <span class='ocr_line' id='line_1_6' title="bbox 359 626 1941 699; baseline 0 -17"><span class='ocrx_word' id='word_1_23' title='bbox 359 632 424 682; x_wconf 85' lang='grc' dir='ltr'>ὲκ</span> <span class='ocrx_word' id='word_1_24' title='bbox 456 627 774 696; x_wconf 83' lang='grc' dir='ltr'>Πνεῦματος</span> <span class='ocrx_word' id='word_1_25' title='bbox 801 626 961 694; x_wconf 84' lang='grc' dir='ltr'>ἁγίου</span> <span class='ocrx_word' id='word_1_26' title='bbox 997 628 1338 698; x_wconf 83' lang='grc' dir='ltr'>σαρκοφόρος</span> <span class='ocrx_word' id='word_1_27' title='bbox 1368 631 1396 681; x_wconf 88' lang='grc' dir='ltr'><strong>ό</strong></span> <span class='ocrx_word' id='word_1_28' title='bbox 1436 626 1589 693; x_wconf 88' lang='grc' dir='ltr'>Θεὸς,</span> <span class='ocrx_word' id='word_1_29' title='bbox 1618 628 1723 698; x_wconf 68' lang='lat' dir='ltr'><strong>{ita}.</strong></span> <span class='ocrx_word' id='word_1_30' title='bbox 1749 628 1941 699; x_wconf 87' lang='grc' dir='ltr'>βροτὸς</span> 
     </span>
    </p>
   </div>
   <div class='ocr_carea' id='block_1_7' title="bbox 358 718 1447 790">
    <p class='ocr_par' dir='ltr' id='par_1_7' title="bbox 358 718 1447 790">
     <span class='ocr_line' id='line_1_7' title="bbox 358 718 1447 790; baseline -0.001 -16"><span class='ocrx_word' id='word_1_31' title='bbox 358 724 419 774; x_wconf 91' lang='grc' dir='ltr'>τὸ</span> <span class='ocrx_word' id='word_1_32' title='bbox 451 718 574 773; x_wconf 84' lang='grc' dir='ltr'>κατ’</span> <span class='ocrx_word' id='word_1_33' title='bbox 610 720 801 773; x_wconf 87' lang='grc' dir='ltr'>ούσίαν</span> <span class='ocrx_word' id='word_1_34' title='bbox 840 718 1124 790; x_wconf 74' lang='grc' dir='ltr'>γεννηθεὶς</span> <span class='ocrx_word' id='word_1_35' title='bbox 1162 722 1221 786; x_wconf 66' lang='lat' dir='ltr'><strong>eg</strong></span> <span class='ocrx_word' id='word_1_36' title='bbox 1255 720 1447 790; x_wconf 83' lang='grc' dir='ltr'>αὐτῆς.</span> 
     </span>
    </p>
   </div>
   <div class='ocr_carea' id='block_1_8' title="bbox 432 812 1943 883">
    <p class='ocr_par' dir='ltr' id='par_1_8' title="bbox 432 812 1943 883">
     <span class='ocr_line' id='line_1_8' title="bbox 432 812 1943 883; baseline 0.001 -17"><span class='ocrx_word' id='word_1_37' title='bbox 432 813 682 867; x_wconf 79' lang='lat' dir='ltr'><strong>EPBAN.</strong></span> <span class='ocrx_word' id='word_1_38' title='bbox 717 813 840 866; x_wconf 85' lang='grc' dir='ltr'>’Ὁτι</span> <span class='ocrx_word' id='word_1_39' title='bbox 866 812 1091 868; x_wconf 80' lang='grc' dir='ltr'>πλεῖστα</span> <span class='ocrx_word' id='word_1_40' title='bbox 1124 813 1567 883; x_wconf 84' lang='grc' dir='ltr'>κατεμελέτησας</span> <span class='ocrx_word' id='word_1_41' title='bbox 1590 813 1827 879; x_wconf 84' lang='grc' dir='ltr'>πάντως,</span> <span class='ocrx_word' id='word_1_42' title='bbox 1855 815 1943 868; x_wconf 85' lang='grc' dir='ltr'>ἵνα</span> 
     </span>
    </p>
   </div>
   <div class='ocr_carea' id='block_1_9' title="bbox 358 904 1943 979">
    <p class='ocr_par' dir='ltr' id='par_1_9' title="bbox 358 904 1943 979">
     <span class='ocr_line' id='line_1_9' title="bbox 358 904 1943 979; baseline 0 -20"><span class='ocrx_word' id='word_1_43' title='bbox 358 904 535 961; x_wconf 86' lang='grc' dir='ltr'>ταῦτα</span> <span class='ocrx_word' id='word_1_44' title='bbox 567 905 798 979; x_wconf 80' lang='grc' dir='ltr'>ὲξεύρῃς</span> <span class='ocrx_word' id='word_1_45' title='bbox 822 922 835 936; x_wconf 69' lang='grc' dir='ltr'><strong>ο</strong></span> <span class='ocrx_word' id='word_1_46' title='bbox 870 905 1155 976; x_wconf 75' lang='grc' dir='ltr'>ἄνθρωπον</span> <span class='ocrx_word' id='word_1_47' title='bbox 1181 905 1236 959; x_wconf 86' lang='grc' dir='ltr'>δὲ</span> <span class='ocrx_word' id='word_1_48' title='bbox 1263 905 1409 972; x_wconf 77' lang='grc' dir='ltr'>ἅπαξ</span> <span class='ocrx_word' id='word_1_49' title='bbox 1443 908 1475 977; x_wconf 78' lang='grc' dir='ltr'>ἡ</span> <span class='ocrx_word' id='word_1_50' title='bbox 1522 907 1711 978; x_wconf 87' lang='grc' dir='ltr'>Μαρία</span> <span class='ocrx_word' id='word_1_51' title='bbox 1749 908 1943 975; x_wconf 82' lang='grc' dir='ltr'>γεγέν-</span> 
     </span>
    </p>
   </div>
   <div class='ocr_carea' id='block_1_10' title="bbox 360 998 1941 1070">
    <p class='ocr_par' dir='ltr' id='par_1_10' title="bbox 360 998 1941 1070">
     <span class='ocr_line' id='line_1_10' title="bbox 360 998 1941 1070; baseline 0.001 -19"><span class='ocrx_word' id='word_1_52' title='bbox 360 1016 515 1068; x_wconf 83' lang='grc' dir='ltr'>νηκε,</span> <span class='ocrx_word' id='word_1_53' title='bbox 539 998 633 1052; x_wconf 81' lang='grc' dir='ltr'>καὶ</span> <span class='ocrx_word' id='word_1_54' title='bbox 653 999 714 1052; x_wconf 87' lang='grc' dir='ltr'>οὐ</span> <span class='ocrx_word' id='word_1_55' title='bbox 744 999 898 1053; x_wconf 87' lang='grc' dir='ltr'>Θεόν.</span> <span class='ocrx_word' id='word_1_56' title='bbox 934 1000 1077 1069; x_wconf 84' lang='grc' dir='ltr'>Ποίῳ</span> <span class='ocrx_word' id='word_1_57' title='bbox 1106 998 1291 1070; x_wconf 84' lang='grc' dir='ltr'>τρόπῳ</span> <span class='ocrx_word' id='word_1_58' title='bbox 1315 1000 1379 1053; x_wconf 84' lang='grc' dir='ltr'>σὺ</span> <span class='ocrx_word' id='word_1_59' title='bbox 1403 998 1536 1053; x_wconf 90' lang='grc' dir='ltr'>Θεὸν</span> <span class='ocrx_word' id='word_1_60' title='bbox 1561 998 1941 1069; x_wconf 74' lang='grc' dir='ltr'>ἐπονομάζεις,</span> 
     </span>
    </p>
   </div>
   <div class='ocr_carea' id='block_1_11' title="bbox 361 1090 1192 1161">
    <p class='ocr_par' dir='ltr' id='par_1_11' title="bbox 361 1090 1192 1161">
     <span class='ocr_line' id='line_1_11' title="bbox 361 1090 1192 1161; baseline 0 -18"><span class='ocrx_word' id='word_1_61' title='bbox 361 1090 451 1143; x_wconf 89' lang='grc' dir='ltr'>τὸν</span> <span class='ocrx_word' id='word_1_62' title='bbox 483 1092 549 1144; x_wconf 84' lang='grc' dir='ltr'>ὲκ</span> <span class='ocrx_word' id='word_1_63' title='bbox 577 1091 797 1160; x_wconf 82' lang='grc' dir='ltr'>Μαρίας</span> <span class='ocrx_word' id='word_1_64' title='bbox 827 1091 1192 1161; x_wconf 84' lang='grc' dir='ltr'>γεννηθέντα;</span> 
     </span>
    </p>
   </div>
   <div class='ocr_carea' id='block_1_12' title="bbox 435 1269 1944 1343">
    <p class='ocr_par' dir='ltr' id='par_1_12' title="bbox 435 1269 1944 1343">
     <span class='ocr_line' id='line_1_12' title="bbox 435 1269 1944 1343; baseline 0.004 -20"><span class='ocrx_word' id='word_1_65' title='bbox 435 1271 548 1324; x_wconf 69' lang='grc' dir='ltr'><strong>Καὶ</strong></span> <span class='ocrx_word' id='word_1_66' title='bbox 601 1271 643 1322; x_wconf 92' lang='grc' dir='ltr'>Ο</span> <span class='ocrx_word' id='word_1_67' title='bbox 699 1269 919 1325; x_wconf 77' lang='grc' dir='ltr'><strong>ΑΓΙΟΣ.</strong></span> <span class='ocrx_word' id='word_1_68' title='bbox 978 1269 1112 1322; x_wconf 83' lang='grc' dir='ltr'>Θεὸν</span> <span class='ocrx_word' id='word_1_69' title='bbox 1178 1271 1272 1323; x_wconf 79' lang='grc' dir='ltr'>καὶ</span> <span class='ocrx_word' id='word_1_70' title='bbox 1327 1270 1617 1343; x_wconf 74' lang='grc' dir='ltr'>ἄνθρωπον</span> <span class='ocrx_word' id='word_1_71' title='bbox 1654 1273 1744 1327; x_wconf 89' lang='grc' dir='ltr'>τὸν</span> <span class='ocrx_word' id='word_1_72' title='bbox 1781 1275 1944 1329; x_wconf 84' lang='grc' dir='ltr'>αὐτὸν</span> 
     </span>
    </p>
   </div>
   <div class='ocr_carea' id='block_1_13' title="bbox 363 1360 913 1430">
    <p class='ocr_par' dir='ltr' id='par_1_13' title="bbox 363 1360 913 1430">
     <span class='ocr_line' id='line_1_13' title="bbox 363 1360 913 1430; baseline -0.002 -12"><span class='ocrx_word' id='word_1_73' title='bbox 363 1364 532 1430; x_wconf 78' lang='grc' dir='ltr'>ἀξίως</span> <span class='ocrx_word' id='word_1_74' title='bbox 562 1360 913 1430; x_wconf 83' lang='grc' dir='ltr'><strong>γεγέννηκεν.</strong></span> 
     </span>
    </p>
   </div>
   <div class='ocr_carea' id='block_1_14' title="bbox 438 1454 1945 1529">
    <p class='ocr_par' dir='ltr' id='par_1_14' title="bbox 438 1454 1945 1529">
     <span class='ocr_line' id='line_1_14' title="bbox 438 1454 1945 1529; baseline 0.002 -19"><span class='ocrx_word' id='word_1_75' title='bbox 438 1456 686 1511; x_wconf 82' lang='grc' dir='ltr'><strong>ΕΡΒΑΝ.</strong></span> <span class='ocrx_word' id='word_1_76' title='bbox 716 1456 826 1508; x_wconf 77' lang='lat' dir='ltr'><strong>Kal.</strong></span> <span class='ocrx_word' id='word_1_77' title='bbox 868 1456 984 1518; x_wconf 87' lang='grc' dir='ltr'>πῶς</span> <span class='ocrx_word' id='word_1_78' title='bbox 1018 1454 1298 1528; x_wconf 78' lang='grc' dir='ltr'><strong>ἐχώρησεν</strong></span> <span class='ocrx_word' id='word_1_79' title='bbox 1336 1460 1369 1526; x_wconf 83' lang='grc' dir='ltr'>ἡ</span> <span class='ocrx_word' id='word_1_80' title='bbox 1411 1459 1595 1529; x_wconf 84' lang='grc' dir='ltr'>μήτρα</span> <span class='ocrx_word' id='word_1_81' title='bbox 1624 1460 1723 1528; x_wconf 82' lang='grc' dir='ltr'>τῆς</span> <span class='ocrx_word' id='word_1_82' title='bbox 1752 1476 1945 1527; x_wconf 79' lang='grc' dir='ltr'>γυναι·-</span> 
     </span>
    </p>
   </div>
   <div class='ocr_carea' id='block_1_15' title="bbox 366 1546 1523 1618">
    <p class='ocr_par' dir='ltr' id='par_1_15' title="bbox 366 1546 1523 1618">
     <span class='ocr_line' id='line_1_15' title="bbox 366 1546 1523 1618; baseline 0.002 -17"><span class='ocrx_word' id='word_1_83' title='bbox 366 1548 461 1607; x_wconf 86' lang='grc' dir='ltr'><strong>κὸ;</strong></span> <span class='ocrx_word' id='word_1_84' title='bbox 485 1547 547 1599; x_wconf 91' lang='grc' dir='ltr'>τὸ</span> <span class='ocrx_word' id='word_1_85' title='bbox 571 1546 803 1616; x_wconf 73' lang='grc' dir='ltr'>φοϐερὸν</span> <span class='ocrx_word' id='word_1_86' title='bbox 838 1547 1069 1617; x_wconf 86' lang='grc' dir='ltr'>μέγεθος</span> <span class='ocrx_word' id='word_1_87' title='bbox 1096 1548 1195 1618; x_wconf 84' lang='grc' dir='ltr'>τῆς</span> <span class='ocrx_word' id='word_1_88' title='bbox 1226 1549 1482 1618; x_wconf 82' lang='grc' dir='ltr'><strong>θεότητος</strong></span> <span class='ocrx_word' id='word_1_89' title='bbox 1506 1568 1523 1618; x_wconf 87' lang='lat'><strong>;</strong></span> 
     </span>
    </p>
   </div>
   <div class='ocr_carea' id='block_1_16' title="bbox 441 1637 1946 1716">
    <p class='ocr_par' dir='ltr' id='par_1_16' title="bbox 441 1637 1946 1716">
     <span class='ocr_line' id='line_1_16' title="bbox 441 1637 1946 1716; baseline 0.007 -27"><span class='ocrx_word' id='word_1_90' title='bbox 441 1638 550 1690; x_wconf 73' lang='lat' dir='ltr'><strong>Kal</strong></span> <span class='ocrx_word' id='word_1_91' title='bbox 577 1639 618 1690; x_wconf 92' lang='grc' dir='ltr'><strong>Ο</strong></span> <span class='ocrx_word' id='word_1_92' title='bbox 638 1637 859 1691; x_wconf 81' lang='grc' dir='ltr'><strong>ΑΓΙΟΣ.</strong></span> <span class='ocrx_word' id='word_1_93' title='bbox 901 1637 991 1702; x_wconf 83' lang='grc' dir='ltr'>Ὣς</span> <span class='ocrx_word' id='word_1_94' title='bbox 1023 1639 1084 1691; x_wconf 89' lang='grc' dir='ltr'><strong>ού</strong></span> <span class='ocrx_word' id='word_1_95' title='bbox 1124 1640 1457 1708; x_wconf 76' lang='grc' dir='ltr'>κατέφλεξεν</span> <span class='ocrx_word' id='word_1_96' title='bbox 1478 1640 1577 1712; x_wconf 82' lang='grc' dir='ltr'>τὴν</span> <span class='ocrx_word' id='word_1_97' title='bbox 1607 1642 1768 1712; x_wconf 82' lang='grc' dir='ltr'>βάτον</span> <span class='ocrx_word' id='word_1_98' title='bbox 1800 1647 1858 1699; x_wconf 84' lang='grc' dir='ltr'><strong>ὲν</strong></span> <span class='ocrx_word' id='word_1_99' title='bbox 1878 1648 1946 1716; x_wconf 76' lang='grc' dir='ltr'>τῇ</span> 
     </span>
    </p>
   </div>
   <div class='ocr_carea' id='block_1_17' title="bbox 369 1728 1947 1805">
    <p class='ocr_par' dir='ltr' id='par_1_17' title="bbox 369 1728 1947 1805">
     <span class='ocr_line' id='line_1_17' title="bbox 369 1728 1947 1805; baseline 0.006 -24"><span class='ocrx_word' id='word_1_100' title='bbox 369 1730 565 1800; x_wconf 68' lang='grc' dir='ltr'>ἐρήμῳ</span> <span class='ocrx_word' id='word_1_101' title='bbox 605 1728 667 1781; x_wconf 91' lang='grc' dir='ltr'>τὸ</span> <span class='ocrx_word' id='word_1_102' title='bbox 728 1728 868 1800; x_wconf 89' lang='grc' dir='ltr'>πῦρ·</span> <span class='ocrx_word' id='word_1_103' title='bbox 933 1730 1029 1783; x_wconf 81' lang='grc' dir='ltr'>καὶ</span> <span class='ocrx_word' id='word_1_104' title='bbox 1077 1730 1214 1800; x_wconf 85' lang='grc' dir='ltr'>πρὸς</span> <span class='ocrx_word' id='word_1_105' title='bbox 1241 1731 1460 1794; x_wconf 84' lang='grc' dir='ltr'><strong>τούτοις</strong></span> <span class='ocrx_word' id='word_1_106' title='bbox 1488 1733 1768 1804; x_wconf 89' lang='grc' dir='ltr'>Παρθένος</span> <span class='ocrx_word' id='word_1_107' title='bbox 1795 1736 1947 1805; x_wconf 75' lang='grc' dir='ltr'>ἐγέν-</span> 
     </span>
    </p>
   </div>
   <div class='ocr_carea' id='block_1_18' title="bbox 366 1820 1875 1897">
    <p class='ocr_par' dir='ltr' id='par_1_18' title="bbox 366 1820 1875 1897">
     <span class='ocr_line' id='line_1_18' title="bbox 366 1820 1875 1897; baseline 0.01 -29"><span class='ocrx_word' id='word_1_108' title='bbox 366 1836 521 1889; x_wconf 83' lang='grc' dir='ltr'>νησε,</span> <span class='ocrx_word' id='word_1_109' title='bbox 551 1820 647 1874; x_wconf 76' lang='grc' dir='ltr'>καὶ</span> <span class='ocrx_word' id='word_1_110' title='bbox 686 1820 823 1890; x_wconf 82' lang='grc' dir='ltr'>μετὰ</span> <span class='ocrx_word' id='word_1_111' title='bbox 860 1820 1040 1885; x_wconf 84' lang='grc' dir='ltr'>τόκον,</span> <span class='ocrx_word' id='word_1_112' title='bbox 1089 1822 1251 1876; x_wconf 90' lang='grc' dir='ltr'>πάλιν</span> <span class='ocrx_word' id='word_1_113' title='bbox 1287 1824 1563 1895; x_wconf 81' lang='grc' dir='ltr'>Παρθένος</span> <span class='ocrx_word' id='word_1_114' title='bbox 1582 1826 1875 1897; x_wconf 83' lang='grc' dir='ltr'><strong>διέμεινεν.</strong></span> 
     </span>
    </p>
   </div>
   <div class='ocr_carea' id='block_1_19' title="bbox 439 1884 2021 1992">
    <p class='ocr_par' dir='ltr' id='par_1_19' title="bbox 439 1884 2021 1992">
     <span class='ocr_line' id='line_1_19' title="bbox 439 1884 2021 1992; baseline 0.008 -27"><span class='ocrx_word' id='word_1_115' title='bbox 439 1884 909 1967; x_wconf 70' lang='grc' dir='ltr'><strong>ΕΡΒΑΝξΛοιπδν</strong></span> <span class='ocrx_word' id='word_1_116' title='bbox 933 1915 991 1966; x_wconf 85' lang='grc' dir='ltr'><strong>ὲν</strong></span> <span class='ocrx_word' id='word_1_117' title='bbox 1018 1915 1288 1987; x_wconf 74' lang='grc' dir='ltr'>φαντασίᾳ.</span> <span class='ocrx_word' id='word_1_118' title='bbox 1316 1884 1413 1969; x_wconf 73' lang='grc' dir='ltr'><strong>κσὶι</strong></span> <span class='ocrx_word' id='word_1_119' title='bbox 1441 1884 1756 1989; x_wconf 50' lang='lat' dir='ltr'><strong>saxiﬁcae:</strong></span> <span class='ocrx_word' id='word_1_120' title='bbox 1777 1922 1947 1992; x_wconf 81' lang='grc' dir='ltr'>αὐτῆς</span> <span class='ocrx_word' id='word_1_121' title='bbox 1979 1884 2021 1939; x_wconf 70' lang='grc' dir='ltr'><strong><em>Β</em></strong></span> 
     </span>
    </p>
   </div>
   <div class='ocr_carea' id='block_1_20' title="bbox 366 2005 1944 2084">
    <p class='ocr_par' dir='ltr' id='par_1_20' title="bbox 366 2005 1944 2084">
     <span class='ocr_line' id='line_1_20' title="bbox 366 2005 1944 2084; baseline 0.006 -27"><span class='ocrx_word' id='word_1_122' title='bbox 366 2005 657 2075; x_wconf 80' lang='grc' dir='ltr'><strong>ἐγεννήθη,</strong></span> <span class='ocrx_word' id='word_1_123' title='bbox 720 2005 816 2059; x_wconf 80' lang='grc' dir='ltr'>καὶ</span> <span class='ocrx_word' id='word_1_124' title='bbox 847 2007 950 2059; x_wconf 83' lang='grc' dir='ltr'>οὐκ</span> <span class='ocrx_word' id='word_1_125' title='bbox 982 2005 1245 2078; x_wconf 78' lang='grc' dir='ltr'>ἀληθείᾳ·</span> <span class='ocrx_word' id='word_1_126' title='bbox 1293 2007 1554 2064; x_wconf 86' lang='grc' dir='ltr'>ἀδύνατον</span> <span class='ocrx_word' id='word_1_127' title='bbox 1605 2010 1716 2084; x_wconf 86' lang='grc' dir='ltr'>γὰρ</span> <span class='ocrx_word' id='word_1_128' title='bbox 1765 2013 1944 2078; x_wconf 88' lang='grc' dir='ltr'>τοῦτο,</span> 
     </span>
    </p>
   </div>
   <div class='ocr_carea' id='block_1_21' title="bbox 365 2094 1108 2150">
    <p class='ocr_par' dir='ltr' id='par_1_21' title="bbox 365 2094 1108 2150">
     <span class='ocr_line' id='line_1_21' title="bbox 365 2094 1108 2150; baseline 0.001 -1"><span class='ocrx_word' id='word_1_129' title='bbox 365 2096 460 2149; x_wconf 73' lang='grc' dir='ltr'>καὶ</span> <span class='ocrx_word' id='word_1_130' title='bbox 484 2094 833 2148; x_wconf 86' lang='grc' dir='ltr'>παντάπασιν</span> <span class='ocrx_word' id='word_1_131' title='bbox 861 2096 1108 2150; x_wconf 76' lang='grc' dir='ltr'>ἄπιστον.</span> 
     </span>
    </p>
   </div>
   <div class='ocr_carea' id='block_1_22' title="bbox 435 2185 1949 2259">
    <p class='ocr_par' dir='ltr' id='par_1_22' title="bbox 435 2185 1949 2259">
     <span class='ocr_line' id='line_1_22' title="bbox 435 2185 1949 2259; baseline 0.003 -20"><span class='ocrx_word' id='word_1_132' title='bbox 435 2185 548 2239; x_wconf 79' lang='grc' dir='ltr'><strong>Καὶ</strong></span> <span class='ocrx_word' id='word_1_133' title='bbox 579 2186 619 2238; x_wconf 94' lang='grc'>0</span> <span class='ocrx_word' id='word_1_134' title='bbox 649 2185 872 2240; x_wconf 83' lang='grc' dir='ltr'><strong>ΑΓῙΟΣ.</strong></span> <span class='ocrx_word' id='word_1_135' title='bbox 927 2186 1017 2239; x_wconf 85' lang='grc' dir='ltr'><strong>Ἐν</strong></span> <span class='ocrx_word' id='word_1_136' title='bbox 1075 2189 1195 2251; x_wconf 85' lang='grc' dir='ltr'>ταῖς</span> <span class='ocrx_word' id='word_1_137' title='bbox 1247 2187 1483 2259; x_wconf 79' lang='grc' dir='ltr'>ἡμέραις</span> <span class='ocrx_word' id='word_1_138' title='bbox 1534 2188 1772 2251; x_wconf 81' lang='grc' dir='ltr'><strong>ἐκείναις</strong></span> <span class='ocrx_word' id='word_1_139' title='bbox 1832 2191 1949 2255; x_wconf 87' lang='grc' dir='ltr'><strong>πῶς</strong></span> 
     </span>
    </p>
   </div>
   <div class='ocr_carea' id='block_1_23' title="bbox 366 2277 1948 2353">
    <p class='ocr_par' dir='ltr' id='par_1_23' title="bbox 366 2277 1948 2353">
     <span class='ocr_line' id='line_1_23' title="bbox 366 2277 1948 2353; baseline 0.004 -24"><span class='ocrx_word' id='word_1_140' title='bbox 366 2277 618 2347; x_wconf 76' lang='grc' dir='ltr'>εἰσῆλθεν</span> <span class='ocrx_word' id='word_1_141' title='bbox 660 2278 980 2350; x_wconf 76' lang='grc' dir='ltr'>Ἀὁόακοὺμ</span> <span class='ocrx_word' id='word_1_142' title='bbox 1020 2280 1164 2352; x_wconf 87' lang='grc' dir='ltr'>πρὸς</span> <span class='ocrx_word' id='word_1_143' title='bbox 1190 2281 1389 2351; x_wconf 83' lang='grc' dir='ltr'>Δανιὴλ</span> <span class='ocrx_word' id='word_1_144' title='bbox 1430 2283 1488 2335; x_wconf 80' lang='grc' dir='ltr'>ἐν</span> <span class='ocrx_word' id='word_1_145' title='bbox 1517 2281 1594 2351; x_wconf 86' lang='grc' dir='ltr'>τῷ</span> <span class='ocrx_word' id='word_1_146' title='bbox 1615 2281 1805 2353; x_wconf 81' lang='grc' dir='ltr'><strong>λάκκῳ</strong></span> <span class='ocrx_word' id='word_1_147' title='bbox 1836 2282 1948 2335; x_wconf 82' lang='grc' dir='ltr'>τῶν</span> 
     </span>
    </p>
   </div>
   <div class='ocr_carea' id='block_1_24' title="bbox 364 2371 1949 2446">
    <p class='ocr_par' dir='ltr' id='par_1_24' title="bbox 364 2371 1949 2446">
     <span class='ocr_line' id='line_1_24' title="bbox 364 2371 1949 2446; baseline 0.004 -22"><span class='ocrx_word' id='word_1_148' title='bbox 364 2371 618 2439; x_wconf 80' lang='grc' dir='ltr'><strong>λεόντων,</strong></span> <span class='ocrx_word' id='word_1_149' title='bbox 646 2372 748 2443; x_wconf 81' lang='grc' dir='ltr'>τῆς</span> <span class='ocrx_word' id='word_1_150' title='bbox 773 2372 945 2443; x_wconf 82' lang='grc' dir='ltr'>θύρας</span> <span class='ocrx_word' id='word_1_151' title='bbox 963 2372 1057 2426; x_wconf 90' lang='grc' dir='ltr'><strong>τοῦ</strong></span> <span class='ocrx_word' id='word_1_152' title='bbox 1076 2373 1282 2428; x_wconf 81' lang='grc' dir='ltr'><strong>λάκκου</strong></span> <span class='ocrx_word' id='word_1_153' title='bbox 1307 2373 1527 2444; x_wconf 79' lang='grc' dir='ltr'>δεσμοῖς</span> <span class='ocrx_word' id='word_1_154' title='bbox 1543 2372 1639 2428; x_wconf 75' lang='grc' dir='ltr'>καὶ</span> <span class='ocrx_word' id='word_1_155' title='bbox 1653 2391 1722 2443; x_wconf 86' lang='grc' dir='ltr'>σφ</span> <span class='ocrx_word' id='word_1_156' title='bbox 1731 2376 1949 2446; x_wconf 85' lang='grc' dir='ltr'>ραγίσιν</span> 
     </span>
    </p>
   </div>
   <div class='ocr_carea' id='block_1_25' title="bbox 364 2464 1949 2538">
    <p class='ocr_par' dir='ltr' id='par_1_25' title="bbox 364 2464 1949 2538">
     <span class='ocr_line' id='line_1_25' title="bbox 364 2464 1949 2538; baseline 0.005 -24"><span class='ocrx_word' id='word_1_157' title='bbox 364 2464 870 2535; x_wconf 74' lang='grc' dir='ltr'>περιεσφιγμένης;</span> <span class='ocrx_word' id='word_1_158' title='bbox 911 2464 1272 2534; x_wconf 78' lang='grc' dir='ltr'>Ἀπάγγειλον</span> <span class='ocrx_word' id='word_1_159' title='bbox 1308 2464 1371 2536; x_wconf 84' lang='grc' dir='ltr'><strong>δή</strong></span> <span class='ocrx_word' id='word_1_160' title='bbox 1416 2482 1509 2537; x_wconf 92' lang='grc' dir='ltr'><strong>μοι</strong></span> <span class='ocrx_word' id='word_1_161' title='bbox 1546 2465 1664 2530; x_wconf 83' lang='grc' dir='ltr'>πῶς</span> <span class='ocrx_word' id='word_1_162' title='bbox 1698 2468 1949 2538; x_wconf 77' lang='grc' dir='ltr'>εἰσῆλθεν</span> 
     </span>
    </p>
   </div>
   <div class='ocr_carea' id='block_1_26' title="bbox 364 2556 1946 2630">
    <p class='ocr_par' dir='ltr' id='par_1_26' title="bbox 364 2556 1946 2630">
     <span class='ocr_line' id='line_1_26' title="bbox 364 2556 1946 2630; baseline 0.004 -22"><span class='ocrx_word' id='word_1_163' title='bbox 364 2558 594 2619; x_wconf 74' lang='grc' dir='ltr'>ἐκεῖνος,</span> <span class='ocrx_word' id='word_1_164' title='bbox 646 2556 740 2609; x_wconf 76' lang='grc' dir='ltr'>καὶ</span> <span class='ocrx_word' id='word_1_165' title='bbox 779 2556 991 2627; x_wconf 76' lang='grc' dir='ltr'>ἐξῆλθε,</span> <span class='ocrx_word' id='word_1_166' title='bbox 1026 2558 1119 2611; x_wconf 69' lang='grc' dir='ltr'>καὶ</span> <span class='ocrx_word' id='word_1_167' title='bbox 1150 2556 1274 2611; x_wconf 76' lang='grc' dir='ltr'>οὔτε</span> <span class='ocrx_word' id='word_1_168' title='bbox 1320 2558 1419 2630; x_wconf 83' lang='grc' dir='ltr'><strong>τὴν</strong></span> <span class='ocrx_word' id='word_1_169' title='bbox 1470 2558 1643 2630; x_wconf 90' lang='grc' dir='ltr'>θύραν</span> <span class='ocrx_word' id='word_1_170' title='bbox 1686 2560 1946 2630; x_wconf 80' lang='grc' dir='ltr'><strong>ἀνέῳξεν,</strong></span> 
     </span>
    </p>
   </div>
   <div class='ocr_carea' id='block_1_27' title="bbox 363 2645 1334 2719">
    <p class='ocr_par' dir='ltr' id='par_1_27' title="bbox 363 2645 1334 2719">
     <span class='ocr_line' id='line_1_27' title="bbox 363 2645 1334 2719; baseline 0.002 -20"><span class='ocrx_word' id='word_1_171' title='bbox 363 2645 489 2700; x_wconf 73' lang='grc' dir='ltr'>οὔτε</span> <span class='ocrx_word' id='word_1_172' title='bbox 525 2648 626 2710; x_wconf 76' lang='grc' dir='ltr'>τὰς</span> <span class='ocrx_word' id='word_1_173' title='bbox 664 2647 970 2717; x_wconf 69' lang='grc' dir='ltr'>σφραγίδας</span> <span class='ocrx_word' id='word_1_174' title='bbox 1001 2648 1334 2719; x_wconf 82' lang='grc' dir='ltr'>ἐλυμήνατο.</span> 
     </span>
    </p>
   </div>
   <div class='ocr_carea' id='block_1_28' title="bbox 440 2738 1949 2811">
    <p class='ocr_par' dir='ltr' id='par_1_28' title="bbox 440 2738 1949 2811">
     <span class='ocr_line' id='line_1_28' title="bbox 440 2738 1949 2811; baseline 0.002 -21"><span class='ocrx_word' id='word_1_175' title='bbox 440 2738 685 2792; x_wconf 78' lang='grc' dir='ltr'><strong>ΕΡΒΑΝ.</strong></span> <span class='ocrx_word' id='word_1_176' title='bbox 738 2739 827 2804; x_wconf 77' lang='grc' dir='ltr'><strong>Ἐξ</strong></span> <span class='ocrx_word' id='word_1_177' title='bbox 859 2739 1078 2808; x_wconf 76' lang='grc' dir='ltr'>ἑτοίμου</span> <span class='ocrx_word' id='word_1_178' title='bbox 1120 2739 1219 2802; x_wconf 81' lang='grc' dir='ltr'>τὰς</span> <span class='ocrx_word' id='word_1_179' title='bbox 1252 2740 1599 2811; x_wconf 75' lang='grc' dir='ltr'>ἀντιρρήσεις</span> <span class='ocrx_word' id='word_1_180' title='bbox 1629 2738 1849 2810; x_wconf 74' lang='grc' dir='ltr'>ἐξεῦρες</span> <span class='ocrx_word' id='word_1_181' title='bbox 1875 2742 1949 2805; x_wconf 82' lang='grc' dir='ltr'>ὡς</span> 
     </span>
    </p>
   </div>
   <div class='ocr_carea' id='block_1_29' title="bbox 340 2820 1949 2901">
    <p class='ocr_par' dir='ltr' id='par_1_29' title="bbox 340 2820 1949 2901">
     <span class='ocr_line' id='line_1_29' title="bbox 340 2820 1949 2901; baseline 0.001 -17"><span class='ocrx_word' id='word_1_182' title='bbox 340 2820 540 2893; x_wconf 51' lang='grc' dir='ltr'>ὀὐδεὶς</span> <span class='ocrx_word' id='word_1_183' title='bbox 572 2829 683 2901; x_wconf 70' lang='grc'>(27)</span> <span class='ocrx_word' id='word_1_184' title='bbox 703 2830 891 2901; x_wconf 72' lang='grc' dir='ltr'>ἕτερος</span> <span class='ocrx_word' id='word_1_185' title='bbox 914 2847 928 2861; x_wconf 77' lang='grc' dir='ltr'><strong>ο</strong></span> <span class='ocrx_word' id='word_1_186' title='bbox 952 2830 1113 2901; x_wconf 80' lang='grc' dir='ltr'>πλὴν,</span> <span class='ocrx_word' id='word_1_187' title='bbox 1138 2830 1198 2882; x_wconf 89' lang='grc' dir='ltr'>τὸ</span> <span class='ocrx_word' id='word_1_188' title='bbox 1225 2829 1541 2900; x_wconf 83' lang='grc' dir='ltr'>βιοθάνατον</span> <span class='ocrx_word' id='word_1_189' title='bbox 1564 2832 1844 2898; x_wconf 81' lang='grc' dir='ltr'>γεγονέναι</span> <span class='ocrx_word' id='word_1_190' title='bbox 1861 2832 1949 2885; x_wconf 84' lang='grc' dir='ltr'>τὸν</span> 
     </span>
    </p>
   </div>
   <div class='ocr_carea' id='block_1_30' title="bbox 364 2922 1630 2996">
    <p class='ocr_par' dir='ltr' id='par_1_30' title="bbox 364 2922 1630 2996">
     <span class='ocr_line' id='line_1_30' title="bbox 364 2922 1630 2996; baseline 0.001 -20"><span class='ocrx_word' id='word_1_191' title='bbox 364 2922 606 2993; x_wconf 81' lang='grc' dir='ltr'>Χριστόν</span> <span class='ocrx_word' id='word_1_192' title='bbox 634 2941 749 2989; x_wconf 88' lang='grc' dir='ltr'>σου,</span> <span class='ocrx_word' id='word_1_193' title='bbox 775 2923 1116 2988; x_wconf 76' lang='grc' dir='ltr'>σκανδαλίζει</span> <span class='ocrx_word' id='word_1_194' title='bbox 1149 2923 1210 2978; x_wconf 88' lang='grc' dir='ltr'>τὸ</span> <span class='ocrx_word' id='word_1_195' title='bbox 1247 2923 1466 2995; x_wconf 87' lang='grc' dir='ltr'>πνεῦμά</span> <span class='ocrx_word' id='word_1_196' title='bbox 1504 2941 1630 2996; x_wconf 87' lang='grc' dir='ltr'>μου.</span> 
     </span>
    </p>
   </div>
   <div class='ocr_carea' id='block_1_31' title="bbox 438 3106 1950 3176">
    <p class='ocr_par' dir='ltr' id='par_1_31' title="bbox 438 3106 1950 3176">
     <span class='ocr_line' id='line_1_31' title="bbox 438 3106 1950 3176; baseline 0.004 -17"><span class='ocrx_word' id='word_1_197' title='bbox 438 3106 549 3161; x_wconf 74' lang='grc' dir='ltr'><strong>Καὶ</strong></span> <span class='ocrx_word' id='word_1_198' title='bbox 575 3107 617 3160; x_wconf 94' lang='lat'>0</span> <span class='ocrx_word' id='word_1_199' title='bbox 646 3107 865 3163; x_wconf 82' lang='grc' dir='ltr'><strong>ΑΓΙΟΣ.</strong></span> <span class='ocrx_word' id='word_1_200' title='bbox 910 3108 1147 3176; x_wconf 85' lang='grc' dir='ltr'>Ἀγνοῶν</span> <span class='ocrx_word' id='word_1_201' title='bbox 1172 3109 1234 3163; x_wconf 91' lang='grc' dir='ltr'>τὸ</span> <span class='ocrx_word' id='word_1_202' title='bbox 1260 3109 1357 3163; x_wconf 89' lang='grc' dir='ltr'><strong>τοῦ</strong></span> <span class='ocrx_word' id='word_1_203' title='bbox 1416 3110 1627 3174; x_wconf 84' lang='grc' dir='ltr'>πάθους</span> <span class='ocrx_word' id='word_1_204' title='bbox 1658 3109 1754 3164; x_wconf 92' lang='grc' dir='ltr'><strong>τοῦ</strong></span> <span class='ocrx_word' id='word_1_205' title='bbox 1785 3111 1950 3166; x_wconf 91' lang='grc' dir='ltr'>θανά-</span> 
     </span>
    </p>
   </div>
   <div class='ocr_carea' id='block_1_32' title="bbox 2041 626 3612 690">
    <p class='ocr_par' dir='ltr' id='par_1_32' title="bbox 2041 626 3612 690">
     <span class='ocr_line' id='line_1_32' title="bbox 2041 626 3612 690; baseline 0.001 -6"><span class='ocrx_word' id='word_1_206' title='bbox 2041 645 2165 684; x_wconf 91' lang='lat' dir='ltr'><strong>nem</strong></span> <span class='ocrx_word' id='word_1_207' title='bbox 2200 629 2406 690; x_wconf 84' lang='lat' dir='ltr'><strong>ferens,</strong></span> <span class='ocrx_word' id='word_1_208' title='bbox 2444 638 2500 684; x_wconf 91' lang='lat' dir='ltr'><strong>et</strong></span> <span class='ocrx_word' id='word_1_209' title='bbox 2528 627 2777 682; x_wconf 77' lang='lat' dir='ltr'><strong>mortalis</strong></span> <span class='ocrx_word' id='word_1_210' title='bbox 2812 626 2903 680; x_wconf 90' lang='lat' dir='ltr'><strong>hic</strong></span> <span class='ocrx_word' id='word_1_211' title='bbox 2954 626 3260 680; x_wconf 89' lang='lat' dir='ltr'><strong>secundum</strong></span> <span class='ocrx_word' id='word_1_212' title='bbox 3314 630 3612 685; x_wconf 77' lang='lat' dir='ltr'><strong>essentiam</strong></span> 
     </span>
    </p>
   </div>
   <div class='ocr_carea' id='block_1_33' title="bbox 2041 710 3157 791">
    <p class='ocr_par' dir='ltr' id='par_1_33' title="bbox 2041 710 3157 791">
     <span class='ocr_line' id='line_1_33' title="bbox 2041 710 3157 791; baseline -0.01 -14"><span class='ocrx_word' id='word_1_213' title='bbox 2041 737 2107 777; x_wconf 87' lang='lat' dir='ltr'><strong>ex</strong></span> <span class='ocrx_word' id='word_1_214' title='bbox 2141 721 2255 791; x_wconf 89' lang='lat' dir='ltr'><strong>ipsa</strong></span> <span class='ocrx_word' id='word_1_215' title='bbox 2280 726 2624 775; x_wconf 88' lang='lat' dir='ltr'><strong>nasceretur.</strong></span> <span class='ocrx_word' id='word_1_216' title='bbox 3154 710 3157 711; x_wconf 61' lang='grc'><strong><em>⁷</em></strong></span> 
     </span>
    </p>
   </div>
   <div class='ocr_carea' id='block_1_34' title="bbox 2116 808 3617 880">
    <p class='ocr_par' dir='ltr' id='par_1_34' title="bbox 2116 808 3617 880">
     <span class='ocr_line' id='line_1_34' title="bbox 2116 808 3617 880; baseline -0.001 -14"><span class='ocrx_word' id='word_1_217' title='bbox 2116 812 2323 867; x_wconf 83' lang='lat' dir='ltr'><strong>HERB.</strong></span> <span class='ocrx_word' id='word_1_218' title='bbox 2372 811 2491 867; x_wconf 83' lang='lat' dir='ltr'><strong>Jam</strong></span> <span class='ocrx_word' id='word_1_219' title='bbox 2526 809 2756 880; x_wconf 75' lang='lat' dir='ltr'><strong>praedixi</strong></span> <span class='ocrx_word' id='word_1_220' title='bbox 2809 818 2861 863; x_wconf 91' lang='lat' dir='ltr'><strong>te</strong></span> <span class='ocrx_word' id='word_1_221' title='bbox 2892 824 3054 880; x_wconf 89' lang='lat' dir='ltr'><strong>quam</strong></span> <span class='ocrx_word' id='word_1_222' title='bbox 3090 808 3327 879; x_wconf 86' lang='lat' dir='ltr'><strong>plurima</strong></span> <span class='ocrx_word' id='word_1_223' title='bbox 3394 826 3617 879; x_wconf 87' lang='lat' dir='ltr'><strong>prorsus</strong></span> 
     </span>
    </p>
   </div>
   <div class='ocr_carea' id='block_1_35' title="bbox 2042 901 3614 975">
    <p class='ocr_par' dir='ltr' id='par_1_35' title="bbox 2042 901 3614 975">
     <span class='ocr_line' id='line_1_35' title="bbox 2042 901 3614 975; baseline -0.001 -18"><span class='ocrx_word' id='word_1_224' title='bbox 2042 903 2486 975; x_wconf 70' lang='lat' dir='ltr'><strong>prmmeditatum</strong></span> <span class='ocrx_word' id='word_1_225' title='bbox 2514 918 2657 964; x_wconf 89' lang='lat' dir='ltr'><strong>esse,</strong></span> <span class='ocrx_word' id='word_1_226' title='bbox 2682 909 2743 955; x_wconf 90' lang='lat' dir='ltr'><strong>ut</strong></span> <span class='ocrx_word' id='word_1_227' title='bbox 2776 901 2892 957; x_wconf 54' lang='lat' dir='ltr'><strong>haec</strong></span> <span class='ocrx_word' id='word_1_228' title='bbox 2920 902 3297 972; x_wconf 86' lang='lat' dir='ltr'><strong>excogitarcs:</strong></span> <span class='ocrx_word' id='word_1_229' title='bbox 3330 902 3614 957; x_wconf 85' lang='lat' dir='ltr'><strong>hominem</strong></span> 
     </span>
    </p>
   </div>
   <div class='ocr_carea' id='block_1_36' title="bbox 2042 993 3616 1063">
    <p class='ocr_par' dir='ltr' id='par_1_36' title="bbox 2042 993 3616 1063">
     <span class='ocr_line' id='line_1_36' title="bbox 2042 993 3616 1063; baseline -0.003 -12"><span class='ocrx_word' id='word_1_230' title='bbox 2042 1006 2228 1051; x_wconf 90' lang='lat' dir='ltr'><strong>autem</strong></span> <span class='ocrx_word' id='word_1_231' title='bbox 2255 995 2519 1050; x_wconf 82' lang='lat' dir='ltr'><strong>duntaxat</strong></span> <span class='ocrx_word' id='word_1_232' title='bbox 2544 993 2712 1048; x_wconf 85' lang='lat' dir='ltr'><strong>Maria</strong></span> <span class='ocrx_word' id='word_1_233' title='bbox 2762 994 2999 1063; x_wconf 84' lang='lat' dir='ltr'><strong>peperit,</strong></span> <span class='ocrx_word' id='word_1_234' title='bbox 3028 1001 3087 1047; x_wconf 91' lang='lat' dir='ltr'><strong>et</strong></span> <span class='ocrx_word' id='word_1_235' title='bbox 3108 1008 3217 1048; x_wconf 93' lang='lat' dir='ltr'><strong>non</strong></span> <span class='ocrx_word' id='word_1_236' title='bbox 3245 994 3438 1047; x_wconf 90' lang='lat' dir='ltr'><strong>Deum.</strong></span> <span class='ocrx_word' id='word_1_237' title='bbox 3466 993 3616 1060; x_wconf 88' lang='lat' dir='ltr'><strong>Quo-</strong></span> 
     </span>
    </p>
   </div>
   <div class='ocr_carea' id='block_1_37' title="bbox 2044 1086 3617 1158">
    <p class='ocr_par' dir='ltr' id='par_1_37' title="bbox 2044 1086 3617 1158">
     <span class='ocr_line' id='line_1_37' title="bbox 2044 1086 3617 1158; baseline -0.002 -16"><span class='ocrx_word' id='word_1_238' title='bbox 2044 1104 2171 1142; x_wconf 88' lang='lat' dir='ltr'><strong>nam</strong></span> <span class='ocrx_word' id='word_1_239' title='bbox 2204 1088 2373 1158; x_wconf 91' lang='lat' dir='ltr'><strong>igitur</strong></span> <span class='ocrx_word' id='word_1_240' title='bbox 2404 1086 2569 1141; x_wconf 86' lang='lat' dir='ltr'><strong>modo</strong></span> <span class='ocrx_word' id='word_1_241' title='bbox 2607 1095 2665 1141; x_wconf 90' lang='lat' dir='ltr'><strong>tu</strong></span> <span class='ocrx_word' id='word_1_242' title='bbox 2700 1086 2852 1140; x_wconf 91' lang='lat' dir='ltr'><strong>illum</strong></span> <span class='ocrx_word' id='word_1_243' title='bbox 2901 1088 3074 1142; x_wconf 90' lang='lat' dir='ltr'><strong>Deum</strong></span> <span class='ocrx_word' id='word_1_244' title='bbox 3109 1086 3385 1151; x_wconf 86' lang='lat' dir='ltr'><strong>nominas,</strong></span> <span class='ocrx_word' id='word_1_245' title='bbox 3415 1086 3511 1156; x_wconf 85' lang='lat' dir='ltr'><strong>qui</strong></span> <span class='ocrx_word' id='word_1_246' title='bbox 3550 1101 3617 1141; x_wconf 86' lang='lat' dir='ltr'><strong>ex</strong></span> 
     </span>
    </p>
   </div>
   <div class='ocr_carea' id='block_1_38' title="bbox 2044 1179 2560 1235">
    <p class='ocr_par' dir='ltr' id='par_1_38' title="bbox 2044 1179 2560 1235">
     <span class='ocr_line' id='line_1_38' title="bbox 2044 1179 2560 1235; baseline -0.002 -1"><span class='ocrx_word' id='word_1_247' title='bbox 2044 1180 2214 1235; x_wconf 86' lang='lat' dir='ltr'><strong>Maria</strong></span> <span class='ocrx_word' id='word_1_248' title='bbox 2245 1189 2409 1234; x_wconf 89' lang='lat' dir='ltr'><strong>natus</strong></span> <span class='ocrx_word' id='word_1_249' title='bbox 2436 1179 2560 1234; x_wconf 79' lang='lat' dir='ltr'><strong>est?</strong></span> 
     </span>
    </p>
   </div>
   <div class='ocr_carea' id='block_1_39' title="bbox 2115 1270 3618 1341">
    <p class='ocr_par' dir='ltr' id='par_1_39' title="bbox 2115 1270 3618 1341">
     <span class='ocr_line' id='line_1_39' title="bbox 2115 1270 3618 1341; baseline -0.004 -12"><span class='ocrx_word' id='word_1_250' title='bbox 2115 1271 2412 1329; x_wconf 78' lang='lat' dir='ltr'><strong>S.ARCH.</strong></span> <span class='ocrx_word' id='word_1_251' title='bbox 2466 1272 2638 1327; x_wconf 90' lang='lat' dir='ltr'><strong>Deum</strong></span> <span class='ocrx_word' id='word_1_252' title='bbox 2697 1281 2754 1326; x_wconf 90' lang='lat' dir='ltr'><strong>et</strong></span> <span class='ocrx_word' id='word_1_253' title='bbox 2803 1270 3084 1326; x_wconf 86' lang='lat' dir='ltr'><strong>hominem</strong></span> <span class='ocrx_word' id='word_1_254' title='bbox 3141 1270 3396 1325; x_wconf 90' lang='lat' dir='ltr'><strong>eumdem</strong></span> <span class='ocrx_word' id='word_1_255' title='bbox 3455 1270 3618 1341; x_wconf 82' lang='lat' dir='ltr'><strong>digne</strong></span> 
     </span>
    </p>
   </div>
   <div class='ocr_carea' id='block_1_40' title="bbox 2044 1366 2256 1437">
    <p class='ocr_par' dir='ltr' id='par_1_40' title="bbox 2044 1366 2256 1437">
     <span class='ocr_line' id='line_1_40' title="bbox 2044 1366 2256 1437; baseline 0 -17"><span class='ocrx_word' id='word_1_256' title='bbox 2044 1366 2256 1437; x_wconf 79' lang='lat' dir='ltr'><strong>genuit.</strong></span> 
     </span>
    </p>
   </div>
   <div class='ocr_carea' id='block_1_41' title="bbox 2116 1453 3616 1528">
    <p class='ocr_par' dir='ltr' id='par_1_41' title="bbox 2116 1453 3616 1528">
     <span class='ocr_line' id='line_1_41' title="bbox 2116 1453 3616 1528; baseline -0.005 -15"><span class='ocrx_word' id='word_1_257' title='bbox 2116 1458 2324 1513; x_wconf 80' lang='lat' dir='ltr'><strong>HERB.</strong></span> <span class='ocrx_word' id='word_1_258' title='bbox 2352 1459 2421 1513; x_wconf 88' lang='lat' dir='ltr'><strong>Et</strong></span> <span class='ocrx_word' id='word_1_259' title='bbox 2453 1457 2735 1528; x_wconf 87' lang='lat' dir='ltr'><strong>quomodo</strong></span> <span class='ocrx_word' id='word_1_260' title='bbox 2758 1456 3011 1511; x_wconf 86' lang='lat' dir='ltr'><strong>mulieris</strong></span> <span class='ocrx_word' id='word_1_261' title='bbox 3058 1468 3253 1511; x_wconf 85' lang='lat' dir='ltr'><strong>uterus</strong></span> <span class='ocrx_word' id='word_1_262' title='bbox 3279 1453 3616 1509; x_wconf 86' lang='lat' dir='ltr'><strong>horrendam</strong></span> 
     </span>
    </p>
   </div>
   <div class='ocr_carea' id='block_1_42' title="bbox 2047 1547 3305 1620">
    <p class='ocr_par' dir='ltr' id='par_1_42' title="bbox 2047 1547 3305 1620">
     <span class='ocr_line' id='line_1_42' title="bbox 2047 1547 3305 1620; baseline -0.003 -17"><span class='ocrx_word' id='word_1_263' title='bbox 2047 1549 2195 1604; x_wconf 87' lang='lat' dir='ltr'><strong>illam</strong></span> <span class='ocrx_word' id='word_1_264' title='bbox 2228 1549 2453 1604; x_wconf 85' lang='lat' dir='ltr'><strong>deitatis</strong></span> <span class='ocrx_word' id='word_1_265' title='bbox 2484 1551 2825 1620; x_wconf 71' lang='lat' dir='ltr'><strong>maiestatem</strong></span> <span class='ocrx_word' id='word_1_266' title='bbox 2867 1562 3062 1617; x_wconf 85' lang='lat' dir='ltr'><strong>capere</strong></span> <span class='ocrx_word' id='word_1_267' title='bbox 3088 1547 3305 1617; x_wconf 85' lang='lat' dir='ltr'><strong>potuit?</strong></span> 
     </span>
    </p>
   </div>
   <div class='ocr_carea' id='block_1_43' title="bbox 2119 1631 3623 1707">
    <p class='ocr_par' dir='ltr' id='par_1_43' title="bbox 2119 1631 3623 1707">
     <span class='ocr_line' id='line_1_43' title="bbox 2119 1631 3623 1707; baseline -0.007 -12"><span class='ocrx_word' id='word_1_268' title='bbox 2119 1639 2176 1695; x_wconf 89' lang='lat' dir='ltr'><strong>S.</strong></span> <span class='ocrx_word' id='word_1_269' title='bbox 2204 1639 2411 1695; x_wconf 81' lang='lat' dir='ltr'><strong>ARCII.</strong></span> <span class='ocrx_word' id='word_1_270' title='bbox 2440 1637 2915 1705; x_wconf 86' lang='lat' dir='ltr'><strong>Quemadmodum</strong></span> <span class='ocrx_word' id='word_1_271' title='bbox 2972 1636 3117 1707; x_wconf 83' lang='lat' dir='ltr'><strong>ignis</strong></span> <span class='ocrx_word' id='word_1_272' title='bbox 3170 1635 3371 1689; x_wconf 87' lang='lat' dir='ltr'><strong>rubum</strong></span> <span class='ocrx_word' id='word_1_273' title='bbox 3419 1633 3475 1686; x_wconf 88' lang='lat' dir='ltr'><strong>in</strong></span> <span class='ocrx_word' id='word_1_274' title='bbox 3523 1631 3623 1686; x_wconf 85' lang='lat' dir='ltr'><strong>de-</strong></span> 
     </span>
    </p>
   </div>
   <div class='ocr_carea' id='block_1_44' title="bbox 2047 1723 3622 1799">
    <p class='ocr_par' dir='ltr' id='par_1_44' title="bbox 2047 1723 3622 1799">
     <span class='ocr_line' id='line_1_44' title="bbox 2047 1723 3622 1799; baseline -0.008 -10"><span class='ocrx_word' id='word_1_275' title='bbox 2047 1745 2194 1789; x_wconf 85' lang='lat' dir='ltr'><strong>serto</strong></span> <span class='ocrx_word' id='word_1_276' title='bbox 2228 1749 2339 1788; x_wconf 93' lang='lat' dir='ltr'><strong>non</strong></span> <span class='ocrx_word' id='word_1_277' title='bbox 2389 1731 2722 1787; x_wconf 85' lang='lat' dir='ltr'><strong>combussit:</strong></span> <span class='ocrx_word' id='word_1_278' title='bbox 2759 1730 2840 1785; x_wconf 91' lang='lat' dir='ltr'><strong>sic</strong></span> <span class='ocrx_word' id='word_1_279' title='bbox 2872 1736 3140 1799; x_wconf 74' lang='lat' dir='ltr'><strong>praeterea</strong></span> <span class='ocrx_word' id='word_1_280' title='bbox 3170 1728 3335 1797; x_wconf 76' lang='lat' dir='ltr'><strong>Virgo</strong></span> <span class='ocrx_word' id='word_1_281' title='bbox 3384 1723 3622 1795; x_wconf 85' lang='lat' dir='ltr'><strong>peperit,</strong></span> 
     </span>
    </p>
   </div>
   <div class='ocr_carea' id='block_1_45' title="bbox 2046 1818 3266 1894">
    <p class='ocr_par' dir='ltr' id='par_1_45' title="bbox 2046 1818 3266 1894">
     <span class='ocr_line' id='line_1_45' title="bbox 2046 1818 3266 1894; baseline -0.007 -15"><span class='ocrx_word' id='word_1_282' title='bbox 2046 1833 2103 1879; x_wconf 91' lang='lat' dir='ltr'><strong>ct</strong></span> <span class='ocrx_word' id='word_1_283' title='bbox 2128 1831 2252 1894; x_wconf 88' lang='lat' dir='ltr'><strong>post</strong></span> <span class='ocrx_word' id='word_1_284' title='bbox 2281 1832 2498 1892; x_wconf 86' lang='lat' dir='ltr'><strong>partum</strong></span> <span class='ocrx_word' id='word_1_285' title='bbox 2530 1836 2724 1876; x_wconf 90' lang='lat' dir='ltr'><strong>rursus</strong></span> <span class='ocrx_word' id='word_1_286' title='bbox 2752 1820 2910 1889; x_wconf 83' lang='lat' dir='ltr'><strong>virgo</strong></span> <span class='ocrx_word' id='word_1_287' title='bbox 2938 1818 3266 1889; x_wconf 88' lang='lat' dir='ltr'><strong>permansit.</strong></span> 
     </span>
    </p>
   </div>
   <div class='ocr_carea' id='block_1_46' title="bbox 2119 1908 3624 1980">
    <p class='ocr_par' dir='ltr' id='par_1_46' title="bbox 2119 1908 3624 1980">
     <span class='ocr_line' id='line_1_46' title="bbox 2119 1908 3624 1980; baseline -0.006 -10"><span class='ocrx_word' id='word_1_288' title='bbox 2119 1916 2327 1970; x_wconf 79' lang='lat' dir='ltr'><strong>IIERB.</strong></span> <span class='ocrx_word' id='word_1_289' title='bbox 2376 1914 2650 1969; x_wconf 71' lang='lat' dir='ltr'><strong>Creterum</strong></span> <span class='ocrx_word' id='word_1_290' title='bbox 2685 1913 2899 1967; x_wconf 77' lang='lat' dir='ltr'><strong>visione</strong></span> <span class='ocrx_word' id='word_1_291' title='bbox 2951 1912 3067 1965; x_wconf 88' lang='lat' dir='ltr'><strong>sive</strong></span> <span class='ocrx_word' id='word_1_292' title='bbox 3126 1908 3519 1980; x_wconf 85' lang='lat' dir='ltr'><strong>imaginatione</strong></span> <span class='ocrx_word' id='word_1_293' title='bbox 3567 1917 3624 1962; x_wconf 87' lang='lat' dir='ltr'><strong>et</strong></span> 
     </span>
    </p>
   </div>
   <div class='ocr_carea' id='block_1_47' title="bbox 2049 2007 3624 2080">
    <p class='ocr_par' dir='ltr' id='par_1_47' title="bbox 2049 2007 3624 2080">
     <span class='ocr_line' id='line_1_47' title="bbox 2049 2007 3624 2080; baseline -0.005 -15"><span class='ocrx_word' id='word_1_294' title='bbox 2049 2010 2331 2080; x_wconf 87' lang='lat' dir='ltr'><strong>opinione,</strong></span> <span class='ocrx_word' id='word_1_295' title='bbox 2391 2025 2501 2064; x_wconf 91' lang='lat' dir='ltr'><strong>non</strong></span> <span class='ocrx_word' id='word_1_296' title='bbox 2531 2008 2789 2071; x_wconf 85' lang='lat' dir='ltr'><strong>veritate,</strong></span> <span class='ocrx_word' id='word_1_297' title='bbox 2833 2021 2898 2060; x_wconf 85' lang='lat' dir='ltr'><strong>ex</strong></span> <span class='ocrx_word' id='word_1_298' title='bbox 2954 2007 3071 2075; x_wconf 85' lang='lat' dir='ltr'><strong>ipsa</strong></span> <span class='ocrx_word' id='word_1_299' title='bbox 3103 2012 3268 2060; x_wconf 91' lang='lat' dir='ltr'><strong>natus</strong></span> <span class='ocrx_word' id='word_1_300' title='bbox 3292 2012 3378 2058; x_wconf 89' lang='lat' dir='ltr'><strong>est</strong></span> <span class='ocrx_word' id='word_1_301' title='bbox 3406 2025 3417 2059; x_wconf 89' lang='lat'><strong>:</strong></span> <span class='ocrx_word' id='word_1_302' title='bbox 3442 2017 3624 2071; x_wconf 87' lang='lat' dir='ltr'><strong>neque</strong></span> 
     </span>
    </p>
   </div>
   <div class='ocr_carea' id='block_1_48' title="bbox 2050 2095 3462 2170">
    <p class='ocr_par' dir='ltr' id='par_1_48' title="bbox 2050 2095 3462 2170">
     <span class='ocr_line' id='line_1_48' title="bbox 2050 2095 3462 2170; baseline -0.006 -13"><span class='ocrx_word' id='word_1_303' title='bbox 2050 2102 2154 2157; x_wconf 89' lang='lat' dir='ltr'><strong>hoc</strong></span> <span class='ocrx_word' id='word_1_304' title='bbox 2183 2101 2299 2156; x_wconf 88' lang='lat' dir='ltr'><strong>lleri</strong></span> <span class='ocrx_word' id='word_1_305' title='bbox 2328 2108 2531 2170; x_wconf 87' lang='lat' dir='ltr'><strong>potest,</strong></span> <span class='ocrx_word' id='word_1_306' title='bbox 2558 2098 2707 2169; x_wconf 90' lang='lat' dir='ltr'><strong>quod</strong></span> <span class='ocrx_word' id='word_1_307' title='bbox 2738 2113 2969 2168; x_wconf 90' lang='lat' dir='ltr'><strong>prorsus</strong></span> <span class='ocrx_word' id='word_1_308' title='bbox 2991 2108 3075 2151; x_wconf 88' lang='lat' dir='ltr'><strong>est</strong></span> <span class='ocrx_word' id='word_1_309' title='bbox 3114 2095 3462 2150; x_wconf 84' lang='lat' dir='ltr'><strong>incredibile.</strong></span> 
     </span>
    </p>
   </div>
   <div class='ocr_carea' id='block_1_49' title="bbox 2121 2183 3625 2256">
    <p class='ocr_par' dir='ltr' id='par_1_49' title="bbox 2121 2183 3625 2256">
     <span class='ocr_line' id='line_1_49' title="bbox 2121 2183 3625 2256; baseline -0.006 -10"><span class='ocrx_word' id='word_1_310' title='bbox 2121 2192 2178 2247; x_wconf 84' lang='lat' dir='ltr'><strong>S.</strong></span> <span class='ocrx_word' id='word_1_311' title='bbox 2208 2190 2412 2246; x_wconf 76' lang='lat' dir='ltr'><strong>ARCIL</strong></span> <span class='ocrx_word' id='word_1_312' title='bbox 2441 2191 2499 2245; x_wconf 93' lang='lat' dir='ltr'><strong>In</strong></span> <span class='ocrx_word' id='word_1_313' title='bbox 2526 2188 2724 2244; x_wconf 88' lang='lat' dir='ltr'><strong>diebus</strong></span> <span class='ocrx_word' id='word_1_314' title='bbox 2777 2188 2887 2243; x_wconf 90' lang='lat' dir='ltr'><strong>illis</strong></span> <span class='ocrx_word' id='word_1_315' title='bbox 2931 2186 3214 2256; x_wconf 87' lang='lat' dir='ltr'><strong>quomodo</strong></span> <span class='ocrx_word' id='word_1_316' title='bbox 3274 2185 3535 2240; x_wconf 89' lang='lat' dir='ltr'><strong>IIabacuc</strong></span> <span class='ocrx_word' id='word_1_317' title='bbox 3558 2183 3625 2238; x_wconf 87' lang='lat' dir='ltr'><strong>ad</strong></span> 
     </span>
    </p>
   </div>
   <div class='ocr_carea' id='block_1_50' title="bbox 2001 2277 3627 2361">
    <p class='ocr_par' dir='ltr' id='par_1_50' title="bbox 2001 2277 3627 2361">
     <span class='ocr_line' id='line_1_50' title="bbox 2001 2277 3627 2361; baseline -0.006 -21"><span class='ocrx_word' id='word_1_318' title='bbox 2001 2356 2005 2361; x_wconf 27' lang='grc' dir='ltr'><em>ι</em></span> <span class='ocrx_word' id='word_1_319' title='bbox 2049 2285 2328 2341; x_wconf 87' lang='lat' dir='ltr'><strong>Danielem</strong></span> <span class='ocrx_word' id='word_1_320' title='bbox 2358 2284 2640 2355; x_wconf 84' lang='lat' dir='ltr'><strong>ingressus</strong></span> <span class='ocrx_word' id='word_1_321' title='bbox 2682 2290 2767 2337; x_wconf 90' lang='lat' dir='ltr'><strong>est</strong></span> <span class='ocrx_word' id='word_1_322' title='bbox 2822 2282 2875 2335; x_wconf 93' lang='lat' dir='ltr'><strong>in</strong></span> <span class='ocrx_word' id='word_1_323' title='bbox 2906 2282 3131 2335; x_wconf 88' lang='lat' dir='ltr'><strong>leonum</strong></span> <span class='ocrx_word' id='word_1_324' title='bbox 3162 2280 3343 2333; x_wconf 88' lang='lat' dir='ltr'><strong>lacum</strong></span> <span class='ocrx_word' id='word_1_325' title='bbox 3398 2277 3515 2332; x_wconf 91' lang='lat' dir='ltr'><strong>sive</strong></span> <span class='ocrx_word' id='word_1_326' title='bbox 3547 2278 3627 2330; x_wconf 82' lang='lat' dir='ltr'><strong>fo-</strong></span> 
     </span>
    </p>
   </div>
   <div class='ocr_carea' id='block_1_51' title="bbox 2048 2370 3631 2445">
    <p class='ocr_par' dir='ltr' id='par_1_51' title="bbox 2048 2370 3631 2445">
     <span class='ocr_line' id='line_1_51' title="bbox 2048 2370 3631 2445; baseline -0.006 -12"><span class='ocrx_word' id='word_1_327' title='bbox 2048 2392 2229 2442; x_wconf 83' lang='lat' dir='ltr'><strong>veam,</strong></span> <span class='ocrx_word' id='word_1_328' title='bbox 2256 2378 2400 2432; x_wconf 83' lang='lat' dir='ltr'><strong>ostio</strong></span> <span class='ocrx_word' id='word_1_329' title='bbox 2451 2377 2729 2445; x_wconf 69' lang='lat' dir='ltr'><strong>speluncae</strong></span> <span class='ocrx_word' id='word_1_330' title='bbox 2751 2374 2991 2430; x_wconf 83' lang='lat' dir='ltr'><strong>vinculis</strong></span> <span class='ocrx_word' id='word_1_331' title='bbox 3039 2382 3095 2429; x_wconf 89' lang='lat' dir='ltr'><strong>et</strong></span> <span class='ocrx_word' id='word_1_332' title='bbox 3119 2372 3318 2443; x_wconf 80' lang='lat' dir='ltr'><strong>sigillis</strong></span> <span class='ocrx_word' id='word_1_333' title='bbox 3343 2370 3631 2426; x_wconf 85' lang='lat' dir='ltr'><strong>obserato?</strong></span> 
     </span>
    </p>
   </div>
   <div class='ocr_carea' id='block_1_52' title="bbox 2050 2468 3624 2539">
    <p class='ocr_par' dir='ltr' id='par_1_52' title="bbox 2050 2468 3624 2539">
     <span class='ocr_line' id='line_1_52' title="bbox 2050 2468 3624 2539; baseline -0.005 -14"><span class='ocrx_word' id='word_1_334' title='bbox 2050 2470 2221 2525; x_wconf 84' lang='lat' dir='ltr'><strong>Narra</strong></span> <span class='ocrx_word' id='word_1_335' title='bbox 2274 2468 2410 2523; x_wconf 91' lang='lat' dir='ltr'><strong>mihi</strong></span> <span class='ocrx_word' id='word_1_336' title='bbox 2445 2468 2727 2538; x_wconf 89' lang='lat' dir='ltr'><strong>quomodo</strong></span> <span class='ocrx_word' id='word_1_337' title='bbox 2772 2468 3056 2539; x_wconf 88' lang='lat' dir='ltr'><strong>ingressus</strong></span> <span class='ocrx_word' id='word_1_338' title='bbox 3094 2472 3179 2521; x_wconf 88' lang='lat' dir='ltr'><strong>est</strong></span> <span class='ocrx_word' id='word_1_339' title='bbox 3236 2474 3293 2520; x_wconf 86' lang='lat' dir='ltr'><strong>et</strong></span> <span class='ocrx_word' id='word_1_340' title='bbox 3346 2479 3624 2535; x_wconf 87' lang='lat' dir='ltr'><strong>egressus.</strong></span> 
     </span>
    </p>
   </div>
   <div class='ocr_carea' id='block_1_53' title="bbox 2050 2554 3627 2631">
    <p class='ocr_par' dir='ltr' id='par_1_53' title="bbox 2050 2554 3627 2631">
     <span class='ocr_line' id='line_1_53' title="bbox 2050 2554 3627 2631; baseline -0.006 -15"><span class='ocrx_word' id='word_1_341' title='bbox 2050 2577 2231 2631; x_wconf 88' lang='lat' dir='ltr'><strong>nequc</strong></span> <span class='ocrx_word' id='word_1_342' title='bbox 2261 2560 2464 2615; x_wconf 88' lang='lat' dir='ltr'><strong>ostium</strong></span> <span class='ocrx_word' id='word_1_343' title='bbox 2512 2560 2756 2629; x_wconf 87' lang='lat' dir='ltr'><strong>aperuit,</strong></span> <span class='ocrx_word' id='word_1_344' title='bbox 2817 2573 2996 2628; x_wconf 88' lang='lat' dir='ltr'><strong>neque</strong></span> <span class='ocrx_word' id='word_1_345' title='bbox 3052 2558 3227 2629; x_wconf 88' lang='lat' dir='ltr'><strong>sigilla</strong></span> <span class='ocrx_word' id='word_1_346' title='bbox 3257 2566 3314 2611; x_wconf 87' lang='lat' dir='ltr'><strong>et</strong></span> <span class='ocrx_word' id='word_1_347' title='bbox 3364 2571 3515 2611; x_wconf 87' lang='lat' dir='ltr'><strong>seras</strong></span> <span class='ocrx_word' id='word_1_348' title='bbox 3543 2554 3627 2607; x_wconf 78' lang='lat' dir='ltr'><strong>ef-</strong></span> 
     </span>
    </p>
   </div>
   <div class='ocr_carea' id='block_1_54' title="bbox 2051 2653 2234 2722">
    <p class='ocr_par' dir='ltr' id='par_1_54' title="bbox 2051 2653 2234 2722">
     <span class='ocr_line' id='line_1_54' title="bbox 2051 2653 2234 2722; baseline -0.016 -14"><span class='ocrx_word' id='word_1_349' title='bbox 2051 2653 2234 2722; x_wconf 81' lang='lat' dir='ltr'><strong>fregit.</strong></span> 
     </span>
    </p>
   </div>
   <div class='ocr_carea' id='block_1_55' title="bbox 2122 2740 3627 2812">
    <p class='ocr_par' dir='ltr' id='par_1_55' title="bbox 2122 2740 3627 2812">
     <span class='ocr_line' id='line_1_55' title="bbox 2122 2740 3627 2812; baseline -0.003 -15"><span class='ocrx_word' id='word_1_350' title='bbox 2122 2742 2327 2797; x_wconf 82' lang='lat' dir='ltr'><strong>HERB.</strong></span> <span class='ocrx_word' id='word_1_351' title='bbox 2368 2742 2426 2796; x_wconf 90' lang='lat' dir='ltr'><strong>In</strong></span> <span class='ocrx_word' id='word_1_352' title='bbox 2467 2752 2723 2812; x_wconf 90' lang='lat' dir='ltr'><strong>promptu</strong></span> <span class='ocrx_word' id='word_1_353' title='bbox 2781 2741 3254 2797; x_wconf 84' lang='lat' dir='ltr'><strong>contradictiones</strong></span> <span class='ocrx_word' id='word_1_354' title='bbox 3302 2740 3627 2810; x_wconf 85' lang='lat' dir='ltr'><strong>excogitasti</strong></span> 
     </span>
    </p>
   </div>
   <div class='ocr_carea' id='block_1_56' title="bbox 2051 2833 3631 2907">
    <p class='ocr_par' dir='ltr' id='par_1_56' title="bbox 2051 2833 3631 2907">
     <span class='ocr_line' id='line_1_56' title="bbox 2051 2833 3631 2907; baseline -0.001 -19"><span class='ocrx_word' id='word_1_355' title='bbox 2051 2852 2191 2907; x_wconf 86' lang='lat' dir='ltr'><strong>quas</strong></span> <span class='ocrx_word' id='word_1_356' title='bbox 2217 2836 2403 2890; x_wconf 91' lang='lat' dir='ltr'><strong>nullus</strong></span> <span class='ocrx_word' id='word_1_357' title='bbox 2425 2835 2567 2890; x_wconf 89' lang='lat' dir='ltr'><strong>alius</strong></span> <span class='ocrx_word' id='word_1_358' title='bbox 2588 2854 2600 2888; x_wconf 90' lang='lat'><strong>:</strong></span> <span class='ocrx_word' id='word_1_359' title='bbox 2620 2842 3000 2890; x_wconf 84' lang='lat' dir='ltr'><strong>verumtamen</strong></span> <span class='ocrx_word' id='word_1_360' title='bbox 3025 2833 3173 2904; x_wconf 88' lang='lat' dir='ltr'><strong>quod</strong></span> <span class='ocrx_word' id='word_1_361' title='bbox 3194 2833 3435 2888; x_wconf 88' lang='lat' dir='ltr'><strong>violenta</strong></span> <span class='ocrx_word' id='word_1_362' title='bbox 3454 2841 3631 2887; x_wconf 84' lang='lat' dir='ltr'><strong>morte</strong></span> 
     </span>
    </p>
   </div>
   <div class='ocr_carea' id='block_1_57' title="bbox 2053 2926 3631 2997">
    <p class='ocr_par' dir='ltr' id='par_1_57' title="bbox 2053 2926 3631 2997">
     <span class='ocr_line' id='line_1_57' title="bbox 2053 2926 3631 2997; baseline -0.001 -16"><span class='ocrx_word' id='word_1_363' title='bbox 2053 2938 2184 2983; x_wconf 89' lang='lat' dir='ltr'><strong>tuus</strong></span> <span class='ocrx_word' id='word_1_364' title='bbox 2216 2927 2470 2983; x_wconf 88' lang='lat' dir='ltr'><strong>Christus</strong></span> <span class='ocrx_word' id='word_1_365' title='bbox 2498 2929 2683 2997; x_wconf 87' lang='lat' dir='ltr'><strong>periit,</strong></span> <span class='ocrx_word' id='word_1_366' title='bbox 2724 2928 2830 2981; x_wconf 88' lang='lat' dir='ltr'><strong>hoc</strong></span> <span class='ocrx_word' id='word_1_367' title='bbox 2848 2942 3031 2982; x_wconf 90' lang='lat' dir='ltr'><strong>meum</strong></span> <span class='ocrx_word' id='word_1_368' title='bbox 3055 2926 3311 2996; x_wconf 88' lang='lat' dir='ltr'><strong>spiritum</strong></span> <span class='ocrx_word' id='word_1_369' title='bbox 3334 2926 3631 2980; x_wconf 81' lang='lat' dir='ltr'><strong>vehemen-</strong></span> 
     </span>
    </p>
   </div>
   <div class='ocr_carea' id='block_1_58' title="bbox 2056 3017 2873 3075">
    <p class='ocr_par' dir='ltr' id='par_1_58' title="bbox 2056 3017 2873 3075">
     <span class='ocr_line' id='line_1_58' title="bbox 2056 3017 2873 3075; baseline -0.004 -2"><span class='ocrx_word' id='word_1_370' title='bbox 2056 3028 2141 3075; x_wconf 89' lang='lat' dir='ltr'><strong>ter</strong></span> <span class='ocrx_word' id='word_1_371' title='bbox 2162 3019 2503 3075; x_wconf 85' lang='lat' dir='ltr'><strong>scandalizat</strong></span> <span class='ocrx_word' id='word_1_372' title='bbox 2530 3028 2586 3072; x_wconf 90' lang='lat' dir='ltr'><strong>et</strong></span> <span class='ocrx_word' id='word_1_373' title='bbox 2614 3017 2873 3073; x_wconf 74' lang='lat' dir='ltr'><strong>oﬂendit.</strong></span> 
     </span>
    </p>
   </div>
   <div class='ocr_carea' id='block_1_59' title="bbox 2125 3107 3631 3180">
    <p class='ocr_par' dir='ltr' id='par_1_59' title="bbox 2125 3107 3631 3180">
     <span class='ocr_line' id='line_1_59' title="bbox 2125 3107 3631 3180; baseline -0.004 -14"><span class='ocrx_word' id='word_1_374' title='bbox 2125 3111 2182 3167; x_wconf 88' lang='lat' dir='ltr'><strong>S.</strong></span> <span class='ocrx_word' id='word_1_375' title='bbox 2217 3110 2425 3166; x_wconf 84' lang='lat' dir='ltr'><strong>ARCH.</strong></span> <span class='ocrx_word' id='word_1_376' title='bbox 2456 3110 2719 3180; x_wconf 84' lang='lat' dir='ltr'><strong>Ignorans</strong></span> <span class='ocrx_word' id='word_1_377' title='bbox 2741 3110 3117 3179; x_wconf 86' lang='lat' dir='ltr'><strong>perpessionis</strong></span> <span class='ocrx_word' id='word_1_378' title='bbox 3148 3117 3203 3163; x_wconf 87' lang='lat' dir='ltr'><strong>et</strong></span> <span class='ocrx_word' id='word_1_379' title='bbox 3234 3110 3436 3162; x_wconf 87' lang='lat' dir='ltr'><strong>mortis</strong></span> <span class='ocrx_word' id='word_1_380' title='bbox 3464 3107 3631 3177; x_wconf 81' lang='lat' dir='ltr'><strong>hujus</strong></span> 
     </span>
    </p>
   </div>
   <div class='ocr_carea' id='block_1_60' title="bbox 363 3197 1955 3277">
    <p class='ocr_par' dir='ltr' id='par_1_60' title="bbox 363 3198 1949 3276">
     <span class='ocr_line' id='line_1_60' title="bbox 363 3198 1949 3276; baseline 0.005 -24"><span class='ocrx_word' id='word_1_381' title='bbox 363 3217 461 3253; x_wconf 88' lang='grc' dir='ltr'><strong>του</strong></span> <span class='ocrx_word' id='word_1_382' title='bbox 518 3198 685 3253; x_wconf 89' lang='grc' dir='ltr'>αύτοῦ</span> <span class='ocrx_word' id='word_1_383' title='bbox 746 3198 890 3253; x_wconf 88' lang='grc' dir='ltr'>θεῖον</span> <span class='ocrx_word' id='word_1_384' title='bbox 939 3200 1258 3271; x_wconf 85' lang='grc' dir='ltr'>μυστήριον,</span> <span class='ocrx_word' id='word_1_385' title='bbox 1332 3202 1547 3265; x_wconf 86' lang='grc' dir='ltr'>είκότος</span> <span class='ocrx_word' id='word_1_386' title='bbox 1598 3203 1949 3276; x_wconf 79' lang='grc' dir='ltr'>σκανδαλίζῃ.</span> 
     </span>
    </p>
   </div>
   <div class='ocr_carea' id='block_1_61' title="bbox 2050 3197 3630 3277">
    <p class='ocr_par' dir='ltr' id='par_1_61' title="bbox 2055 3197 3630 3273">
     <span class='ocr_line' id='line_1_61' title="bbox 2055 3197 3630 3273; baseline -0.003 -16"><span class='ocrx_word' id='word_1_387' title='bbox 2055 3202 2306 3258; x_wconf 86' lang='lat' dir='ltr'><strong>divinum</strong></span> <span class='ocrx_word' id='word_1_388' title='bbox 2347 3200 2693 3273; x_wconf 82' lang='lat' dir='ltr'><strong>mysterium,</strong></span> <span class='ocrx_word' id='word_1_389' title='bbox 2752 3200 2956 3257; x_wconf 86' lang='lat' dir='ltr'><strong>merito</strong></span> <span class='ocrx_word' id='word_1_390' title='bbox 3006 3200 3332 3255; x_wconf 79' lang='lat' dir='ltr'><strong>oﬂ‘enderis.</strong></span> <span class='ocrx_word' id='word_1_391' title='bbox 3374 3197 3517 3254; x_wconf 86' lang='lat' dir='ltr'><strong>Audi</strong></span> <span class='ocrx_word' id='word_1_392' title='bbox 3575 3199 3630 3253; x_wconf 89' lang='lat' dir='ltr'><strong>in</strong></span> 
     </span>
    </p>
   </div>
   <div class='ocr_carea' id='block_1_62' title="bbox 370 3290 1953 3369">
    <p class='ocr_par' dir='ltr' id='par_1_62' title="bbox 370 3290 1953 3369">
     <span class='ocr_line' id='line_1_62' title="bbox 370 3290 1953 3369; baseline 0.004 -24"><span class='ocrx_word' id='word_1_393' title='bbox 370 3290 639 3347; x_wconf 81' lang='grc' dir='ltr'>Ἀκουσον</span> <span class='ocrx_word' id='word_1_394' title='bbox 673 3292 729 3345; x_wconf 81' lang='grc' dir='ltr'>δὲ</span> <span class='ocrx_word' id='word_1_395' title='bbox 754 3291 878 3346; x_wconf 89' lang='grc' dir='ltr'>τίνα</span> <span class='ocrx_word' id='word_1_396' title='bbox 905 3293 934 3346; x_wconf 82' lang='grc' dir='ltr'><strong>ὁ</strong></span> <span class='ocrx_word' id='word_1_397' title='bbox 966 3293 1260 3365; x_wconf 83' lang='grc' dir='ltr'>Προφήτης</span> <span class='ocrx_word' id='word_1_398' title='bbox 1290 3292 1438 3362; x_wconf 80' lang='grc' dir='ltr'>λέγει</span> <span class='ocrx_word' id='word_1_399' title='bbox 1464 3294 1522 3346; x_wconf 83' lang='grc' dir='ltr'>ὲν</span> <span class='ocrx_word' id='word_1_400' title='bbox 1550 3298 1785 3366; x_wconf 85' lang='grc' dir='ltr'>πρώτοις</span> <span class='ocrx_word' id='word_1_401' title='bbox 1820 3298 1953 3369; x_wconf 81' lang='grc' dir='ltr'>περὶ</span> 
     </span>
    </p>
   </div>
   <div class='ocr_carea' id='block_1_63' title="bbox 322 3384 1950 3459">
    <p class='ocr_par' dir='ltr' id='par_1_63' title="bbox 322 3384 1950 3459">
     <span class='ocr_line' id='line_1_63' title="bbox 322 3384 1950 3459; baseline 0.004 -21"><span class='ocrx_word' id='word_1_402' title='bbox 322 3454 327 3459; x_wconf 25' lang='grc' dir='ltr'><strong>η</strong></span> <span class='ocrx_word' id='word_1_403' title='bbox 365 3384 460 3439; x_wconf 91' lang='grc' dir='ltr'><strong>τοῦ</strong></span> <span class='ocrx_word' id='word_1_404' title='bbox 485 3386 746 3457; x_wconf 86' lang='grc' dir='ltr'>προδότου</span> <span class='ocrx_word' id='word_1_405' title='bbox 783 3384 984 3439; x_wconf 81' lang='grc' dir='ltr'>Ἰούδα·</span> <span class='ocrx_word' id='word_1_406' title='bbox 1029 3385 1093 3439; x_wconf 89' lang='lat'><strong>&#39;0</strong></span> <span class='ocrx_word' id='word_1_407' title='bbox 1126 3385 1347 3441; x_wconf 78' lang='grc' dir='ltr'><strong>ἐσθίων</strong></span> <span class='ocrx_word' id='word_1_408' title='bbox 1387 3387 1607 3455; x_wconf 75' lang='grc' dir='ltr'>ἄρτους</span> <span class='ocrx_word' id='word_1_409' title='bbox 1638 3406 1780 3457; x_wconf 87' lang='grc' dir='ltr'>μου,</span> <span class='ocrx_word' id='word_1_410' title='bbox 1816 3390 1950 3459; x_wconf 80' lang='grc' dir='ltr'>ἐμε-</span> 
     </span>
    </p>
   </div>
   <div class='ocr_carea' id='block_1_64' title="bbox 367 3477 1952 3549">
    <p class='ocr_par' dir='ltr' id='par_1_64' title="bbox 367 3477 1952 3549">
     <span class='ocr_line' id='line_1_64' title="bbox 367 3477 1952 3549; baseline 0.003 -18"><span class='ocrx_word' id='word_1_411' title='bbox 367 3477 636 3549; x_wconf 77' lang='grc' dir='ltr'>γάλυνεν</span> <span class='ocrx_word' id='word_1_412' title='bbox 662 3479 757 3532; x_wconf 78' lang='grc' dir='ltr'>ἐπ’</span> <span class='ocrx_word' id='word_1_413' title='bbox 785 3478 890 3547; x_wconf 81' lang='grc' dir='ltr'>ἐμὲ</span> <span class='ocrx_word' id='word_1_414' title='bbox 917 3478 1303 3546; x_wconf 82' lang='grc' dir='ltr'>πτερνισμόν.</span> <span class='ocrx_word' id='word_1_415' title='bbox 1333 3478 1445 3532; x_wconf 80' lang='grc' dir='ltr'><strong>Καὶ</strong></span> <span class='ocrx_word' id='word_1_416' title='bbox 1476 3480 1774 3549; x_wconf 86' lang='grc' dir='ltr'>μετέπειτα</span> <span class='ocrx_word' id='word_1_417' title='bbox 1804 3481 1952 3549; x_wconf 76' lang='grc' dir='ltr'>λέγει</span> 
     </span>
    </p>
   </div>
   <div class='ocr_carea' id='block_1_65' title="bbox 368 3567 1949 3641">
    <p class='ocr_par' dir='ltr' id='par_1_65' title="bbox 368 3567 1949 3641">
     <span class='ocr_line' id='line_1_65' title="bbox 368 3567 1949 3641; baseline 0.004 -20"><span class='ocrx_word' id='word_1_418' title='bbox 368 3568 499 3637; x_wconf 77' lang='grc' dir='ltr'>περὶ</span> <span class='ocrx_word' id='word_1_419' title='bbox 516 3567 706 3630; x_wconf 81' lang='grc' dir='ltr'>αὑτοῦ,</span> <span class='ocrx_word' id='word_1_420' title='bbox 759 3567 869 3622; x_wconf 87' lang='lat' dir='ltr'><strong>Kal</strong></span> <span class='ocrx_word' id='word_1_421' title='bbox 926 3567 1257 3622; x_wconf 80' lang='grc' dir='ltr'>ἐνεδύσατο</span> <span class='ocrx_word' id='word_1_422' title='bbox 1285 3568 1551 3636; x_wconf 79' lang='grc' dir='ltr'>κατάραν</span> <span class='ocrx_word' id='word_1_423' title='bbox 1585 3571 1666 3637; x_wconf 86' lang='grc' dir='ltr'>ὠς</span> <span class='ocrx_word' id='word_1_424' title='bbox 1695 3571 1949 3641; x_wconf 77' lang='grc' dir='ltr'>ἱμάτιον.</span> 
     </span>
    </p>
   </div>
   <div class='ocr_carea' id='block_1_66' title="bbox 368 3657 1952 3730">
    <p class='ocr_par' dir='ltr' id='par_1_66' title="bbox 368 3657 1952 3730">
     <span class='ocr_line' id='line_1_66' title="bbox 368 3657 1952 3730; baseline 0.004 -18"><span class='ocrx_word' id='word_1_425' title='bbox 368 3660 468 3712; x_wconf 75' lang='grc' dir='ltr'>καὶ</span> <span class='ocrx_word' id='word_1_426' title='bbox 497 3658 784 3726; x_wconf 73' lang='grc' dir='ltr'>εἰσῆλθεν</span> <span class='ocrx_word' id='word_1_427' title='bbox 810 3658 951 3711; x_wconf 78' lang='grc' dir='ltr'>ὡσεὶ</span> <span class='ocrx_word' id='word_1_428' title='bbox 976 3657 1132 3727; x_wconf 80' lang='grc' dir='ltr'>ὕδωρ</span> <span class='ocrx_word' id='word_1_429' title='bbox 1157 3662 1244 3726; x_wconf 81' lang='grc' dir='ltr'>εὶς</span> <span class='ocrx_word' id='word_1_430' title='bbox 1274 3661 1346 3714; x_wconf 86' lang='grc' dir='ltr'>τὰ</span> <span class='ocrx_word' id='word_1_431' title='bbox 1370 3662 1591 3730; x_wconf 73' lang='grc' dir='ltr'>ἔγκατα</span> <span class='ocrx_word' id='word_1_432' title='bbox 1613 3663 1822 3729; x_wconf 86' lang='grc' dir='ltr'>αὐτοῦ,</span> <span class='ocrx_word' id='word_1_433' title='bbox 1853 3665 1952 3719; x_wconf 75' lang='grc' dir='ltr'>καὶ</span> 
     </span>
    </p>
   </div>
   <div class='ocr_carea' id='block_1_67' title="bbox 366 3748 1951 3817">
    <p class='ocr_par' dir='ltr' id='par_1_67' title="bbox 366 3748 1951 3817">
     <span class='ocr_line' id='line_1_67' title="bbox 366 3748 1951 3817; baseline 0.004 -14"><span class='ocrx_word' id='word_1_434' title='bbox 366 3750 513 3803; x_wconf 79' lang='grc' dir='ltr'>ὡσεὶ</span> <span class='ocrx_word' id='word_1_435' title='bbox 543 3748 750 3803; x_wconf 75' lang='grc' dir='ltr'>ἔλαιον</span> <span class='ocrx_word' id='word_1_436' title='bbox 778 3750 849 3803; x_wconf 85' lang='grc' dir='ltr'><strong>ἐν</strong></span> <span class='ocrx_word' id='word_1_437' title='bbox 876 3749 1003 3816; x_wconf 83' lang='grc' dir='ltr'>τοῖς</span> <span class='ocrx_word' id='word_1_438' title='bbox 1035 3750 1272 3817; x_wconf 84' lang='grc' dir='ltr'>ὀστέοις</span> <span class='ocrx_word' id='word_1_439' title='bbox 1314 3751 1504 3805; x_wconf 86' lang='grc' dir='ltr'>αὐτοῦ</span> <span class='ocrx_word' id='word_1_440' title='bbox 1539 3768 1553 3783; x_wconf 90' lang='grc'><strong>·</strong></span> <span class='ocrx_word' id='word_1_441' title='bbox 1582 3754 1790 3808; x_wconf 80' lang='grc' dir='ltr'>καθότι</span> <span class='ocrx_word' id='word_1_442' title='bbox 1838 3756 1951 3809; x_wconf 80' lang='grc' dir='ltr'>οὐκ</span> 
     </span>
    </p>
   </div>
   <div class='ocr_carea' id='block_1_68' title="bbox 366 3839 1953 3909">
    <p class='ocr_par' dir='ltr' id='par_1_68' title="bbox 366 3839 1953 3909">
     <span class='ocr_line' id='line_1_68' title="bbox 366 3839 1953 3909; baseline 0.003 -14"><span class='ocrx_word' id='word_1_443' title='bbox 366 3840 677 3907; x_wconf 70' lang='grc' dir='ltr'>ἠθέλησεν</span> <span class='ocrx_word' id='word_1_444' title='bbox 706 3840 994 3909; x_wconf 74' lang='grc' dir='ltr'><strong>εὐλογίαν</strong></span> <span class='ocrx_word' id='word_1_445' title='bbox 1020 3878 1035 3903; x_wconf 93' lang='grc'><strong>,</strong></span> <span class='ocrx_word' id='word_1_446' title='bbox 1072 3839 1173 3893; x_wconf 72' lang='grc' dir='ltr'>καὶ</span> <span class='ocrx_word' id='word_1_447' title='bbox 1194 3844 1684 3909; x_wconf 78' lang='grc' dir='ltr'>μακρυνθήσεται</span> <span class='ocrx_word' id='word_1_448' title='bbox 1713 3845 1815 3899; x_wconf 78' lang='grc' dir='ltr'><strong>ἀπ’</strong></span> <span class='ocrx_word' id='word_1_449' title='bbox 1846 3847 1953 3899; x_wconf 84' lang='grc' dir='ltr'><strong>αὐ-</strong></span> 
     </span>
    </p>
   </div>
   <div class='ocr_carea' id='block_1_69' title="bbox 369 3931 1953 4007">
    <p class='ocr_par' dir='ltr' id='par_1_69' title="bbox 369 3931 1953 4007">
     <span class='ocr_line' id='line_1_69' title="bbox 369 3931 1953 4007; baseline 0.004 -22"><span class='ocrx_word' id='word_1_450' title='bbox 369 3932 499 3986; x_wconf 87' lang='grc' dir='ltr'>τοῦ.</span> <span class='ocrx_word' id='word_1_451' title='bbox 532 3934 643 3986; x_wconf 82' lang='grc' dir='ltr'><strong>Καὶ</strong></span> <span class='ocrx_word' id='word_1_452' title='bbox 675 3933 803 4001; x_wconf 77' lang='grc' dir='ltr'>περὶ</span> <span class='ocrx_word' id='word_1_453' title='bbox 828 3931 936 3986; x_wconf 84' lang='grc' dir='ltr'>τῶν</span> <span class='ocrx_word' id='word_1_454' title='bbox 969 3932 1352 4003; x_wconf 86' lang='grc' dir='ltr'>Γραμματέων</span> <span class='ocrx_word' id='word_1_455' title='bbox 1381 3934 1476 3987; x_wconf 77' lang='grc' dir='ltr'>καὶ</span> <span class='ocrx_word' id='word_1_456' title='bbox 1497 3934 1824 4007; x_wconf 82' lang='grc' dir='ltr'>ἀρχιερέων,</span> <span class='ocrx_word' id='word_1_457' title='bbox 1856 3939 1953 3991; x_wconf 76' lang='grc' dir='ltr'>καὶ</span> 
     </span>
    </p>
   </div>
   <div class='ocr_carea' id='block_1_70' title="bbox 366 4022 1953 4097">
    <p class='ocr_par' dir='ltr' id='par_1_70' title="bbox 366 4022 1953 4097">
     <span class='ocr_line' id='line_1_70' title="bbox 366 4022 1953 4097; baseline 0.006 -22"><span class='ocrx_word' id='word_1_458' title='bbox 366 4025 471 4093; x_wconf 84' lang='grc' dir='ltr'>τῆς</span> <span class='ocrx_word' id='word_1_459' title='bbox 504 4023 648 4077; x_wconf 84' lang='grc' dir='ltr'>κατὰ</span> <span class='ocrx_word' id='word_1_460' title='bbox 702 4022 799 4078; x_wconf 89' lang='grc' dir='ltr'><strong>τοῦ</strong></span> <span class='ocrx_word' id='word_1_461' title='bbox 838 4023 1047 4095; x_wconf 83' lang='grc' dir='ltr'>Κυρίου</span> <span class='ocrx_word' id='word_1_462' title='bbox 1089 4024 1289 4094; x_wconf 79' lang='grc' dir='ltr'>βουλῆς</span> <span class='ocrx_word' id='word_1_463' title='bbox 1329 4025 1511 4079; x_wconf 82' lang='grc' dir='ltr'>αὐτῶν</span> <span class='ocrx_word' id='word_1_464' title='bbox 1536 4068 1551 4089; x_wconf 88' lang='grc'><strong>,</strong></span> <span class='ocrx_word' id='word_1_465' title='bbox 1584 4026 1773 4097; x_wconf 83' lang='grc' dir='ltr'>λέγει·</span> <span class='ocrx_word' id='word_1_466' title='bbox 1809 4032 1953 4084; x_wconf 76' lang='grc' dir='ltr'>Κατ’</span> 
     </span>
    </p>
   </div>
   <div class='ocr_carea' id='block_1_71' title="bbox 367 4112 1951 4191">
    <p class='ocr_par' dir='ltr' id='par_1_71' title="bbox 367 4112 1951 4191">
     <span class='ocr_line' id='line_1_71' title="bbox 367 4112 1951 4191; baseline 0.004 -26"><span class='ocrx_word' id='word_1_467' title='bbox 367 4112 517 4181; x_wconf 93' lang='grc' dir='ltr'>ἐμοῦ</span> <span class='ocrx_word' id='word_1_468' title='bbox 534 4113 899 4181; x_wconf 72' lang='grc' dir='ltr'>ἐψιθύρισαν</span> <span class='ocrx_word' id='word_1_469' title='bbox 923 4112 1149 4179; x_wconf 84' lang='grc' dir='ltr'>πάντες</span> <span class='ocrx_word' id='word_1_470' title='bbox 1178 4116 1232 4168; x_wconf 81' lang='grc' dir='ltr'>οἱ</span> <span class='ocrx_word' id='word_1_471' title='bbox 1270 4114 1473 4185; x_wconf 83' lang='grc' dir='ltr'>ἐχθροί</span> <span class='ocrx_word' id='word_1_472' title='bbox 1499 4135 1624 4187; x_wconf 84' lang='grc' dir='ltr'>μοι,</span> <span class='ocrx_word' id='word_1_473' title='bbox 1654 4121 1782 4174; x_wconf 82' lang='grc' dir='ltr'>κατ’</span> <span class='ocrx_word' id='word_1_474' title='bbox 1803 4120 1951 4191; x_wconf 83' lang='grc' dir='ltr'>ἐμοῦ</span> 
     </span>
    </p>
   </div>
   <div class='ocr_carea' id='block_1_72' title="bbox 367 4204 1954 4278">
    <p class='ocr_par' dir='ltr' id='par_1_72' title="bbox 367 4204 1954 4278">
     <span class='ocr_line' id='line_1_72' title="bbox 367 4204 1954 4278; baseline 0.005 -21"><span class='ocrx_word' id='word_1_475' title='bbox 367 4204 708 4275; x_wconf 74' lang='grc' dir='ltr'>ἐλογίζοντο</span> <span class='ocrx_word' id='word_1_476' title='bbox 740 4204 894 4259; x_wconf 80' lang='grc' dir='ltr'>κακά</span> <span class='ocrx_word' id='word_1_477' title='bbox 916 4222 1017 4274; x_wconf 89' lang='grc' dir='ltr'><strong>μοι</strong></span> <span class='ocrx_word' id='word_1_478' title='bbox 1048 4222 1063 4239; x_wconf 87' lang='grc'><strong>·</strong></span> <span class='ocrx_word' id='word_1_479' title='bbox 1089 4208 1277 4276; x_wconf 79' lang='grc' dir='ltr'>λόγον</span> <span class='ocrx_word' id='word_1_480' title='bbox 1308 4208 1659 4278; x_wconf 83' lang='grc' dir='ltr'>παράνομον</span> <span class='ocrx_word' id='word_1_481' title='bbox 1680 4211 1954 4267; x_wconf 81' lang='grc' dir='ltr'>κατέθεν-</span> 
     </span>
    </p>
   </div>
   <div class='ocr_carea' id='block_1_73' title="bbox 368 4297 1950 4368">
    <p class='ocr_par' dir='ltr' id='par_1_73' title="bbox 368 4297 1950 4368">
     <span class='ocr_line' id='line_1_73' title="bbox 368 4297 1950 4368; baseline 0.004 -17"><span class='ocrx_word' id='word_1_482' title='bbox 368 4314 438 4351; x_wconf 84' lang='grc' dir='ltr'><strong>το</strong></span> <span class='ocrx_word' id='word_1_483' title='bbox 469 4298 597 4351; x_wconf 82' lang='grc' dir='ltr'>κατ’</span> <span class='ocrx_word' id='word_1_484' title='bbox 623 4297 770 4367; x_wconf 85' lang='grc' dir='ltr'>ἐμοῦ</span> <span class='ocrx_word' id='word_1_485' title='bbox 794 4314 809 4330; x_wconf 76' lang='grc' dir='ltr'><strong><em>ο</em></strong></span> <span class='ocrx_word' id='word_1_486' title='bbox 863 4298 962 4352; x_wconf 76' lang='grc' dir='ltr'>καὶ</span> <span class='ocrx_word' id='word_1_487' title='bbox 996 4298 1205 4354; x_wconf 78' lang='grc' dir='ltr'>ἔθεντο</span> <span class='ocrx_word' id='word_1_488' title='bbox 1240 4302 1366 4353; x_wconf 80' lang='grc' dir='ltr'>κατ’</span> <span class='ocrx_word' id='word_1_489' title='bbox 1405 4300 1553 4368; x_wconf 83' lang='grc' dir='ltr'>ἐμοῦ</span> <span class='ocrx_word' id='word_1_490' title='bbox 1611 4302 1771 4357; x_wconf 81' lang='grc' dir='ltr'>κακὰ</span> <span class='ocrx_word' id='word_1_491' title='bbox 1817 4304 1950 4358; x_wconf 78' lang='grc' dir='ltr'>ἀντὶ</span> 
     </span>
    </p>
   </div>
   <div class='ocr_carea' id='block_1_74' title="bbox 368 4387 1947 4463">
    <p class='ocr_par' dir='ltr' id='par_1_74' title="bbox 368 4387 1947 4463">
     <span class='ocr_line' id='line_1_74' title="bbox 368 4387 1947 4463; baseline 0.004 -22"><span class='ocrx_word' id='word_1_492' title='bbox 368 4387 630 4455; x_wconf 70' lang='grc' dir='ltr'>ἀγαθῶν,</span> <span class='ocrx_word' id='word_1_493' title='bbox 689 4388 788 4442; x_wconf 76' lang='grc' dir='ltr'>καὶ</span> <span class='ocrx_word' id='word_1_494' title='bbox 826 4388 1010 4458; x_wconf 87' lang='grc' dir='ltr'>μῖσος</span> <span class='ocrx_word' id='word_1_495' title='bbox 1064 4388 1199 4444; x_wconf 78' lang='grc' dir='ltr'>ἀντὶ</span> <span class='ocrx_word' id='word_1_496' title='bbox 1248 4388 1361 4459; x_wconf 81' lang='grc' dir='ltr'>τῆς</span> <span class='ocrx_word' id='word_1_497' title='bbox 1398 4389 1760 4460; x_wconf 77' lang='grc' dir='ltr'>ἀγαπήσεώς</span> <span class='ocrx_word' id='word_1_498' title='bbox 1806 4411 1947 4463; x_wconf 85' lang='grc' dir='ltr'>μου.</span> 
     </span>
    </p>
   </div>
   <div class='ocr_carea' id='block_1_75' title="bbox 369 4478 1951 4554">
    <p class='ocr_par' dir='ltr' id='par_1_75' title="bbox 369 4478 1951 4554">
     <span class='ocr_line' id='line_1_75' title="bbox 369 4478 1951 4554; baseline 0.004 -22"><span class='ocrx_word' id='word_1_499' title='bbox 369 4480 482 4532; x_wconf 68' lang='grc' dir='ltr'>Καὶ</span> <span class='ocrx_word' id='word_1_500' title='bbox 511 4480 567 4531; x_wconf 82' lang='grc' dir='ltr'><strong>ὲν</strong></span> <span class='ocrx_word' id='word_1_501' title='bbox 608 4479 782 4550; x_wconf 78' lang='grc' dir='ltr'>ἑτέρῳ</span> <span class='ocrx_word' id='word_1_502' title='bbox 833 4478 985 4548; x_wconf 88' lang='grc' dir='ltr'>λέγει</span> <span class='ocrx_word' id='word_1_503' title='bbox 1017 4478 1046 4530; x_wconf 85' lang='grc' dir='ltr'><strong>ὁ</strong></span> <span class='ocrx_word' id='word_1_504' title='bbox 1082 4479 1334 4545; x_wconf 76' lang='grc' dir='ltr'>Ἡσαΐας,</span> <span class='ocrx_word' id='word_1_505' title='bbox 1365 4482 1429 4534; x_wconf 81' lang='grc' dir='ltr'>ὲκ</span> <span class='ocrx_word' id='word_1_506' title='bbox 1459 4482 1759 4553; x_wconf 81' lang='grc' dir='ltr'>πρόσωπον</span> <span class='ocrx_word' id='word_1_507' title='bbox 1795 4484 1951 4554; x_wconf 82' lang='grc' dir='ltr'>ὑμῶν</span> 
     </span>
    </p>
   </div>
   <div class='ocr_carea' id='block_1_76' title="bbox 2050 3288 3633 3363">
    <p class='ocr_par' dir='ltr' id='par_1_76' title="bbox 2050 3288 3633 3363">
     <span class='ocr_line' id='line_1_76' title="bbox 2050 3288 3633 3363; baseline -0.004 -16"><span class='ocrx_word' id='word_1_508' title='bbox 2050 3292 2249 3363; x_wconf 90' lang='lat' dir='ltr'><strong>primis</strong></span> <span class='ocrx_word' id='word_1_509' title='bbox 2272 3307 2393 3362; x_wconf 68' lang='lat' dir='ltr'><strong>qua:</strong></span> <span class='ocrx_word' id='word_1_510' title='bbox 2422 3291 2696 3360; x_wconf 89' lang='lat' dir='ltr'><strong>Propheta</strong></span> <span class='ocrx_word' id='word_1_511' title='bbox 2749 3290 2817 3345; x_wconf 89' lang='lat' dir='ltr'><strong>de</strong></span> <span class='ocrx_word' id='word_1_512' title='bbox 2868 3290 3009 3346; x_wconf 86' lang='lat' dir='ltr'><strong>Juda</strong></span> <span class='ocrx_word' id='word_1_513' title='bbox 3052 3290 3333 3360; x_wconf 87' lang='lat' dir='ltr'><strong>proditore</strong></span> <span class='ocrx_word' id='word_1_514' title='bbox 3361 3290 3523 3360; x_wconf 77' lang='lat'><strong>613</strong></span> <span class='ocrx_word' id='word_1_515' title='bbox 3549 3288 3633 3342; x_wconf 84' lang='lat' dir='ltr'><strong>di—</strong></span> 
     </span>
    </p>
   </div>
   <div class='ocr_carea' id='block_1_77' title="bbox 2052 3380 3632 3453">
    <p class='ocr_par' dir='ltr' id='par_1_77' title="bbox 2052 3380 3632 3453">
     <span class='ocr_line' id='line_1_77' title="bbox 2052 3380 3632 3453; baseline -0.004 -14"><span class='ocrx_word' id='word_1_516' title='bbox 2052 3384 2166 3440; x_wconf 90' lang='lat' dir='ltr'><strong>cit:</strong></span> <span class='ocrx_word' id='word_1_517' title='bbox 2194 3380 2296 3449; x_wconf 97' lang='lat' dir='ltr'><strong>Qui</strong></span> <span class='ocrx_word' id='word_1_518' title='bbox 2320 3382 2501 3436; x_wconf 84' lang='lat' dir='ltr'><strong>edebat</strong></span> <span class='ocrx_word' id='word_1_519' title='bbox 2527 3398 2690 3452; x_wconf 88' lang='lat' dir='ltr'><strong>panes</strong></span> <span class='ocrx_word' id='word_1_520' title='bbox 2712 3398 2876 3445; x_wconf 89' lang='lat' dir='ltr'><strong>meos,</strong></span> <span class='ocrx_word' id='word_1_521' title='bbox 2908 3381 3269 3453; x_wconf 78' lang='lat' dir='ltr'><strong>magniﬁcavil</strong></span> <span class='ocrx_word' id='word_1_522' title='bbox 3316 3382 3373 3435; x_wconf 88' lang='lat' dir='ltr'><strong>in</strong></span> <span class='ocrx_word' id='word_1_523' title='bbox 3398 3397 3479 3435; x_wconf 89' lang='lat' dir='ltr'><strong>me</strong></span> <span class='ocrx_word' id='word_1_524' title='bbox 3506 3398 3632 3447; x_wconf 79' lang='lat' dir='ltr'><strong>sup-</strong></span> 
     </span>
    </p>
   </div>
   <div class='ocr_carea' id='block_1_78' title="bbox 2052 3469 3633 3545">
    <p class='ocr_par' dir='ltr' id='par_1_78' title="bbox 2052 3469 3633 3545">
     <span class='ocr_line' id='line_1_78' title="bbox 2052 3469 3633 3545; baseline -0.003 -18"><span class='ocrx_word' id='word_1_525' title='bbox 2052 3473 2441 3545; x_wconf 88' lang='lat' dir='ltr'><strong>plantationem</strong></span> <span class='ocrx_word' id='word_1_526' title='bbox 2472 3472 2538 3525; x_wconf 71' lang='lat'><strong>“.</strong></span> <span class='ocrx_word' id='word_1_527' title='bbox 2578 3472 2647 3526; x_wconf 88' lang='lat' dir='ltr'><strong>Et</strong></span> <span class='ocrx_word' id='word_1_528' title='bbox 2693 3480 2885 3541; x_wconf 87' lang='lat' dir='ltr'><strong>postea</strong></span> <span class='ocrx_word' id='word_1_529' title='bbox 2907 3471 3044 3526; x_wconf 89' lang='lat' dir='ltr'><strong>dicit</strong></span> <span class='ocrx_word' id='word_1_530' title='bbox 3100 3471 3170 3525; x_wconf 89' lang='lat' dir='ltr'><strong>de</strong></span> <span class='ocrx_word' id='word_1_531' title='bbox 3201 3485 3303 3524; x_wconf 86' lang='lat' dir='ltr'><strong>eo:</strong></span> <span class='ocrx_word' id='word_1_532' title='bbox 3358 3469 3426 3523; x_wconf 86' lang='lat' dir='ltr'><strong>Et</strong></span> <span class='ocrx_word' id='word_1_533' title='bbox 3461 3469 3633 3523; x_wconf 81' lang='lat' dir='ltr'><strong>induit</strong></span> 
     </span>
    </p>
   </div>
   <div class='ocr_carea' id='block_1_79' title="bbox 2053 3561 3632 3627">
    <p class='ocr_par' dir='ltr' id='par_1_79' title="bbox 2053 3561 3632 3627">
     <span class='ocr_line' id='line_1_79' title="bbox 2053 3561 3632 3627; baseline -0.005 -6"><span class='ocrx_word' id='word_1_534' title='bbox 2053 3565 2477 3621; x_wconf 86' lang='lat' dir='ltr'><strong>maledictionem</strong></span> <span class='ocrx_word' id='word_1_535' title='bbox 2516 3565 2649 3617; x_wconf 75' lang='lat' dir='ltr'><strong>sicut</strong></span> <span class='ocrx_word' id='word_1_536' title='bbox 2699 3563 3103 3627; x_wconf 80' lang='lat' dir='ltr'><strong>vestimentum,</strong></span> <span class='ocrx_word' id='word_1_537' title='bbox 3146 3569 3196 3615; x_wconf 91' lang='lat' dir='ltr'><strong>et</strong></span> <span class='ocrx_word' id='word_1_538' title='bbox 3242 3561 3462 3615; x_wconf 80' lang='lat' dir='ltr'><strong>intravit</strong></span> <span class='ocrx_word' id='word_1_539' title='bbox 3499 3562 3632 3613; x_wconf 82' lang='lat' dir='ltr'><strong>sicut</strong></span> 
     </span>
    </p>
   </div>
   <div class='ocr_carea' id='block_1_80' title="bbox 2055 3654 3626 3730">
    <p class='ocr_par' dir='ltr' id='par_1_80' title="bbox 2055 3654 3626 3730">
     <span class='ocr_line' id='line_1_80' title="bbox 2055 3654 3626 3730; baseline -0.004 -18"><span class='ocrx_word' id='word_1_540' title='bbox 2055 3675 2194 3730; x_wconf 85' lang='lat' dir='ltr'><strong>aqua</strong></span> <span class='ocrx_word' id='word_1_541' title='bbox 2224 3658 2280 3711; x_wconf 87' lang='lat' dir='ltr'><strong>in</strong></span> <span class='ocrx_word' id='word_1_542' title='bbox 2306 3659 2507 3711; x_wconf 83' lang='lat' dir='ltr'><strong>viscera</strong></span> <span class='ocrx_word' id='word_1_543' title='bbox 2530 3657 2668 3727; x_wconf 83' lang='lat' dir='ltr'><strong>ejus,</strong></span> <span class='ocrx_word' id='word_1_544' title='bbox 2689 3663 2738 3708; x_wconf 88' lang='lat' dir='ltr'><strong>et</strong></span> <span class='ocrx_word' id='word_1_545' title='bbox 2775 3656 2910 3708; x_wconf 85' lang='lat' dir='ltr'><strong>sicut</strong></span> <span class='ocrx_word' id='word_1_546' title='bbox 2948 3654 3123 3708; x_wconf 90' lang='lat' dir='ltr'><strong>oleum</strong></span> <span class='ocrx_word' id='word_1_547' title='bbox 3156 3655 3213 3707; x_wconf 89' lang='lat' dir='ltr'><strong>in</strong></span> <span class='ocrx_word' id='word_1_548' title='bbox 3255 3654 3454 3707; x_wconf 82' lang='lat' dir='ltr'><strong>ossibus</strong></span> <span class='ocrx_word' id='word_1_549' title='bbox 3492 3654 3626 3723; x_wconf 83' lang='lat' dir='ltr'><strong>ejus.</strong></span> 
     </span>
    </p>
   </div>
   <div class='ocr_carea' id='block_1_81' title="bbox 2055 3746 3625 3817">
    <p class='ocr_par' dir='ltr' id='par_1_81' title="bbox 2055 3746 3625 3817">
     <span class='ocr_line' id='line_1_81' title="bbox 2055 3746 3625 3817; baseline -0.005 -13"><span class='ocrx_word' id='word_1_550' title='bbox 2055 3750 2193 3816; x_wconf 84' lang='lat' dir='ltr'><strong>Quia</strong></span> <span class='ocrx_word' id='word_1_551' title='bbox 2228 3750 2398 3804; x_wconf 81' lang='lat' dir='ltr'><strong>noluit</strong></span> <span class='ocrx_word' id='word_1_552' title='bbox 2429 3750 2863 3804; x_wconf 80' lang='lat' dir='ltr'><strong>benedictionem.</strong></span> <span class='ocrx_word' id='word_1_553' title='bbox 2892 3755 2941 3801; x_wconf 86' lang='lat' dir='ltr'><strong>et</strong></span> <span class='ocrx_word' id='word_1_554' title='bbox 2969 3746 3303 3817; x_wconf 86' lang='lat' dir='ltr'><strong>elongabitur</strong></span> <span class='ocrx_word' id='word_1_555' title='bbox 3341 3746 3405 3799; x_wconf 92' lang='lat' dir='ltr'><strong>ab</strong></span> <span class='ocrx_word' id='word_1_556' title='bbox 3453 3761 3511 3798; x_wconf 90' lang='lat' dir='ltr'><strong>eo</strong></span> <span class='ocrx_word' id='word_1_557' title='bbox 3561 3746 3625 3796; x_wconf 64' lang='grc' dir='ltr'><strong>δ’.</strong></span> 
     </span>
    </p>
   </div>
   <div class='ocr_carea' id='block_1_82' title="bbox 2052 3837 3629 3913">
    <p class='ocr_par' dir='ltr' id='par_1_82' title="bbox 2052 3837 3629 3913">
     <span class='ocr_line' id='line_1_82' title="bbox 2052 3837 3629 3913; baseline -0.005 -15"><span class='ocrx_word' id='word_1_558' title='bbox 2052 3843 2232 3913; x_wconf 83' lang='lat' dir='ltr'><strong>Atque</strong></span> <span class='ocrx_word' id='word_1_559' title='bbox 2267 3842 2400 3897; x_wconf 89' lang='lat' dir='ltr'><strong>item</strong></span> <span class='ocrx_word' id='word_1_560' title='bbox 2424 3841 2493 3897; x_wconf 90' lang='lat' dir='ltr'><strong>de</strong></span> <span class='ocrx_word' id='word_1_561' title='bbox 2533 3840 2745 3896; x_wconf 89' lang='lat' dir='ltr'><strong>Scribis</strong></span> <span class='ocrx_word' id='word_1_562' title='bbox 2764 3848 2820 3895; x_wconf 92' lang='lat' dir='ltr'><strong>et</strong></span> <span class='ocrx_word' id='word_1_563' title='bbox 2867 3838 3220 3895; x_wconf 90' lang='lat' dir='ltr'><strong>sacerdotum</strong></span> <span class='ocrx_word' id='word_1_564' title='bbox 3262 3837 3629 3907; x_wconf 90' lang='lat' dir='ltr'><strong>principibus.</strong></span> 
     </span>
    </p>
   </div>
   <div class='ocr_carea' id='block_1_83' title="bbox 2053 3928 3623 4005">
    <p class='ocr_par' dir='ltr' id='par_1_83' title="bbox 2053 3928 3623 4005">
     <span class='ocr_line' id='line_1_83' title="bbox 2053 3928 3623 4005; baseline -0.008 -12"><span class='ocrx_word' id='word_1_565' title='bbox 2053 3944 2111 3993; x_wconf 88' lang='lat' dir='ltr'><strong>et</strong></span> <span class='ocrx_word' id='word_1_566' title='bbox 2149 3936 2217 3991; x_wconf 91' lang='lat' dir='ltr'><strong>de</strong></span> <span class='ocrx_word' id='word_1_567' title='bbox 2255 3936 2503 4005; x_wconf 89' lang='lat' dir='ltr'><strong>ipsorum</strong></span> <span class='ocrx_word' id='word_1_568' title='bbox 2560 3942 2752 3988; x_wconf 92' lang='lat' dir='ltr'><strong>contra</strong></span> <span class='ocrx_word' id='word_1_569' title='bbox 2796 3930 3091 3985; x_wconf 90' lang='lat' dir='ltr'><strong>Dominum</strong></span> <span class='ocrx_word' id='word_1_570' title='bbox 3135 3929 3392 3992; x_wconf 89' lang='lat' dir='ltr'><strong>consilio,</strong></span> <span class='ocrx_word' id='word_1_571' title='bbox 3448 3928 3623 3983; x_wconf 91' lang='lat' dir='ltr'><strong>dicit:</strong></span> 
     </span>
    </p>
   </div>
   <div class='ocr_carea' id='block_1_84' title="bbox 2055 4018 3632 4081">
    <p class='ocr_par' dir='ltr' id='par_1_84' title="bbox 2055 4018 3632 4081">
     <span class='ocr_line' id='line_1_84' title="bbox 2055 4018 3632 4081; baseline -0.006 0"><span class='ocrx_word' id='word_1_572' title='bbox 2055 4024 2256 4081; x_wconf 85' lang='lat' dir='ltr'><strong>Contra</strong></span> <span class='ocrx_word' id='word_1_573' title='bbox 2292 4041 2374 4079; x_wconf 90' lang='lat' dir='ltr'><strong>me</strong></span> <span class='ocrx_word' id='word_1_574' title='bbox 2399 4030 2808 4079; x_wconf 87' lang='lat' dir='ltr'><strong>murmurarunt</strong></span> <span class='ocrx_word' id='word_1_575' title='bbox 2830 4037 3008 4076; x_wconf 86' lang='lat' dir='ltr'><strong>omnes</strong></span> <span class='ocrx_word' id='word_1_576' title='bbox 3048 4021 3253 4075; x_wconf 87' lang='lat' dir='ltr'><strong>inimici</strong></span> <span class='ocrx_word' id='word_1_577' title='bbox 3279 4020 3400 4073; x_wconf 88' lang='lat' dir='ltr'><strong>mei.</strong></span> <span class='ocrx_word' id='word_1_578' title='bbox 3433 4018 3632 4075; x_wconf 86' lang='lat' dir='ltr'><strong>Contra</strong></span> 
     </span>
    </p>
   </div>
   <div class='ocr_carea' id='block_1_85' title="bbox 2055 4115 3628 4192">
    <p class='ocr_par' dir='ltr' id='par_1_85' title="bbox 2055 4115 3628 4192">
     <span class='ocr_line' id='line_1_85' title="bbox 2055 4115 3628 4192; baseline -0.005 -16"><span class='ocrx_word' id='word_1_579' title='bbox 2055 4137 2138 4177; x_wconf 90' lang='lat' dir='ltr'><strong>me</strong></span> <span class='ocrx_word' id='word_1_580' title='bbox 2167 4120 2470 4192; x_wconf 84' lang='lat' dir='ltr'><strong>cogitabant</strong></span> <span class='ocrx_word' id='word_1_581' title='bbox 2498 4119 2643 4173; x_wconf 88' lang='lat' dir='ltr'><strong>mala</strong></span> <span class='ocrx_word' id='word_1_582' title='bbox 2671 4118 2817 4172; x_wconf 86' lang='lat' dir='ltr'><strong>mihi.</strong></span> <span class='ocrx_word' id='word_1_583' title='bbox 2868 4115 3093 4170; x_wconf 83' lang='lat' dir='ltr'><strong>Verbum</strong></span> <span class='ocrx_word' id='word_1_584' title='bbox 3124 4115 3391 4185; x_wconf 82' lang='lat' dir='ltr'><strong>nefarium</strong></span> <span class='ocrx_word' id='word_1_585' title='bbox 3439 4124 3628 4169; x_wconf 87' lang='lat' dir='ltr'><strong>contra</strong></span> 
     </span>
    </p>
   </div>
   <div class='ocr_carea' id='block_1_86' title="bbox 2056 4206 3632 4283">
    <p class='ocr_par' dir='ltr' id='par_1_86' title="bbox 2056 4206 3632 4283">
     <span class='ocr_line' id='line_1_86' title="bbox 2056 4206 3632 4283; baseline -0.005 -15"><span class='ocrx_word' id='word_1_586' title='bbox 2056 4229 2137 4268; x_wconf 90' lang='lat' dir='ltr'><strong>me</strong></span> <span class='ocrx_word' id='word_1_587' title='bbox 2156 4220 2444 4283; x_wconf 85' lang='lat' dir='ltr'><strong>posuerunt</strong></span> <span class='ocrx_word' id='word_1_588' title='bbox 2467 4210 2533 4264; x_wconf 73' lang='lat'><strong>“.</strong></span> <span class='ocrx_word' id='word_1_589' title='bbox 2560 4210 2627 4264; x_wconf 83' lang='lat' dir='ltr'><strong>Et</strong></span> <span class='ocrx_word' id='word_1_590' title='bbox 2650 4215 2936 4279; x_wconf 88' lang='lat' dir='ltr'><strong>posuerunt</strong></span> <span class='ocrx_word' id='word_1_591' title='bbox 2980 4216 3168 4261; x_wconf 87' lang='lat' dir='ltr'><strong>contra</strong></span> <span class='ocrx_word' id='word_1_592' title='bbox 3201 4222 3285 4261; x_wconf 89' lang='lat' dir='ltr'><strong>me</strong></span> <span class='ocrx_word' id='word_1_593' title='bbox 3336 4206 3483 4260; x_wconf 86' lang='lat' dir='ltr'><strong>mala</strong></span> <span class='ocrx_word' id='word_1_594' title='bbox 3536 4223 3632 4277; x_wconf 92' lang='lat' dir='ltr'><strong>pro</strong></span> 
     </span>
    </p>
   </div>
   <div class='ocr_carea' id='block_1_87' title="bbox 2055 4292 3632 4373">
    <p class='ocr_par' dir='ltr' id='par_1_87' title="bbox 2055 4292 3632 4373">
     <span class='ocr_line' id='line_1_87' title="bbox 2055 4292 3632 4373; baseline -0.004 -14"><span class='ocrx_word' id='word_1_595' title='bbox 2055 4306 2225 4369; x_wconf 84' lang='lat' dir='ltr'><strong>bonis,</strong></span> <span class='ocrx_word' id='word_1_596' title='bbox 2253 4312 2303 4359; x_wconf 85' lang='lat' dir='ltr'><strong>et</strong></span> <span class='ocrx_word' id='word_1_597' title='bbox 2328 4303 2505 4357; x_wconf 89' lang='lat' dir='ltr'><strong>odium</strong></span> <span class='ocrx_word' id='word_1_598' title='bbox 2523 4318 2618 4373; x_wconf 89' lang='lat' dir='ltr'><strong>pro</strong></span> <span class='ocrx_word' id='word_1_599' title='bbox 2646 4300 2928 4355; x_wconf 84' lang='lat' dir='ltr'><strong>dilectione</strong></span> <span class='ocrx_word' id='word_1_600' title='bbox 2983 4292 3101 4353; x_wconf 76' lang='lat' dir='ltr'><strong>m&#39;ea</strong></span> <span class='ocrx_word' id='word_1_601' title='bbox 3126 4299 3192 4353; x_wconf 78' lang='lat'><strong>“.</strong></span> <span class='ocrx_word' id='word_1_602' title='bbox 3231 4299 3300 4354; x_wconf 88' lang='lat' dir='ltr'><strong>Et</strong></span> <span class='ocrx_word' id='word_1_603' title='bbox 3334 4300 3444 4354; x_wconf 89' lang='lat' dir='ltr'><strong>alio</strong></span> <span class='ocrx_word' id='word_1_604' title='bbox 3471 4300 3525 4354; x_wconf 91' lang='lat' dir='ltr'><strong>in</strong></span> <span class='ocrx_word' id='word_1_605' title='bbox 3548 4299 3632 4353; x_wconf 93' lang='lat' dir='ltr'><strong>lo-</strong></span> 
     </span>
    </p>
   </div>
   <div class='ocr_carea' id='block_1_88' title="bbox 2055 4390 3629 4462">
    <p class='ocr_par' dir='ltr' id='par_1_88' title="bbox 2055 4390 3629 4462">
     <span class='ocr_line' id='line_1_88' title="bbox 2055 4390 3629 4462; baseline -0.005 -12"><span class='ocrx_word' id='word_1_606' title='bbox 2055 4410 2122 4451; x_wconf 92' lang='lat' dir='ltr'><strong>co</strong></span> <span class='ocrx_word' id='word_1_607' title='bbox 2148 4395 2285 4449; x_wconf 90' lang='lat' dir='ltr'><strong>dicit</strong></span> <span class='ocrx_word' id='word_1_608' title='bbox 2305 4395 2472 4449; x_wconf 89' lang='lat' dir='ltr'><strong>Isaias</strong></span> <span class='ocrx_word' id='word_1_609' title='bbox 2498 4394 2600 4448; x_wconf 90' lang='lat' dir='ltr'><strong>sub</strong></span> <span class='ocrx_word' id='word_1_610' title='bbox 2628 4407 2864 4462; x_wconf 88' lang='lat' dir='ltr'><strong>persona</strong></span> <span class='ocrx_word' id='word_1_611' title='bbox 2894 4401 3081 4447; x_wconf 84' lang='lat' dir='ltr'><strong>vestra</strong></span> <span class='ocrx_word' id='word_1_612' title='bbox 3115 4390 3212 4460; x_wconf 90' lang='lat' dir='ltr'><strong>qui</strong></span> <span class='ocrx_word' id='word_1_613' title='bbox 3265 4390 3400 4445; x_wconf 87' lang='lat' dir='ltr'><strong>estis</strong></span> <span class='ocrx_word' id='word_1_614' title='bbox 3435 4391 3589 4459; x_wconf 92' lang='lat' dir='ltr'><strong>impii</strong></span> <span class='ocrx_word' id='word_1_615' title='bbox 3617 4410 3629 4442; x_wconf 87' lang='lat'><strong>:</strong></span> 
     </span>
    </p>
   </div>
   <div class='ocr_carea' id='block_1_89' title="bbox 2056 4483 3633 4557">
    <p class='ocr_par' dir='ltr' id='par_1_89' title="bbox 2056 4483 3633 4557">
     <span class='ocr_line' id='line_1_89' title="bbox 2056 4483 3633 4557; baseline -0.003 -15"><span class='ocrx_word' id='word_1_616' title='bbox 2056 4488 2539 4557; x_wconf 86' lang='lat' dir='ltr'><strong>Insidiemurjusto</strong></span> <span class='ocrx_word' id='word_1_617' title='bbox 2573 4488 2826 4557; x_wconf 87' lang='lat' dir='ltr'><strong>quoniam</strong></span> <span class='ocrx_word' id='word_1_618' title='bbox 2852 4484 3057 4539; x_wconf 80' lang='lat' dir='ltr'><strong>inutilis</strong></span> <span class='ocrx_word' id='word_1_619' title='bbox 3078 4493 3155 4539; x_wconf 87' lang='lat' dir='ltr'><strong>est</strong></span> <span class='ocrx_word' id='word_1_620' title='bbox 3202 4485 3348 4538; x_wconf 87' lang='lat' dir='ltr'><strong>nobis</strong></span> <span class='ocrx_word' id='word_1_621' title='bbox 3371 4485 3437 4538; x_wconf 73' lang='grc'><strong>⁸³.</strong></span> <span class='ocrx_word' id='word_1_622' title='bbox 3478 4483 3633 4538; x_wconf 85' lang='lat' dir='ltr'><strong>Etdc</strong></span> 
     </span>
    </p>
   </div>
   <div class='ocr_carea' id='block_1_90' title="bbox 368 4559 1955 4651">
    <p class='ocr_par' dir='ltr' id='par_1_90' title="bbox 368 4570 1952 4642">
     <span class='ocr_line' id='line_1_90' title="bbox 368 4570 1952 4642; baseline 0.005 -18"><span class='ocrx_word' id='word_1_623' title='bbox 368 4571 479 4624; x_wconf 84' lang='grc' dir='ltr'>τῶν</span> <span class='ocrx_word' id='word_1_624' title='bbox 507 4570 719 4625; x_wconf 79' lang='grc' dir='ltr'>ἀσεϐῶν</span> <span class='ocrx_word' id='word_1_625' title='bbox 740 4586 755 4603; x_wconf 79' lang='grc' dir='ltr'><strong>ο</strong></span> <span class='ocrx_word' id='word_1_626' title='bbox 797 4571 1277 4641; x_wconf 83' lang='grc' dir='ltr'>Ἐνεδρεύσωμεν</span> <span class='ocrx_word' id='word_1_627' title='bbox 1301 4573 1409 4626; x_wconf 79' lang='grc' dir='ltr'>τὸν</span> <span class='ocrx_word' id='word_1_628' title='bbox 1431 4572 1684 4642; x_wconf 81' lang='grc' dir='ltr'>δίκαιον,</span> <span class='ocrx_word' id='word_1_629' title='bbox 1702 4574 1793 4630; x_wconf 84' lang='grc' dir='ltr'>ὅτι</span> <span class='ocrx_word' id='word_1_630' title='bbox 1806 4576 1952 4632; x_wconf 74' lang='grc' dir='ltr'>δύσ-</span> 
     </span>
    </p>
   </div>
   <div class='ocr_carea' id='block_1_91' title="bbox 2050 4559 3633 4651">
    <p class='ocr_par' dir='ltr' id='par_1_91' title="bbox 2056 4576 3633 4651">
     <span class='ocr_line' id='line_1_91' title="bbox 2056 4576 3633 4651; baseline -0.003 -16"><span class='ocrx_word' id='word_1_631' title='bbox 2056 4580 2239 4651; x_wconf 88' lang='lat' dir='ltr'><strong>pretio</strong></span> <span class='ocrx_word' id='word_1_632' title='bbox 2261 4580 2383 4650; x_wconf 88' lang='lat' dir='ltr'><strong>ejus</strong></span> <span class='ocrx_word' id='word_1_633' title='bbox 2430 4578 2568 4633; x_wconf 91' lang='lat' dir='ltr'><strong>dicit</strong></span> <span class='ocrx_word' id='word_1_634' title='bbox 2603 4578 2894 4642; x_wconf 86' lang='lat' dir='ltr'><strong>Jeremias,</strong></span> <span class='ocrx_word' id='word_1_635' title='bbox 2941 4578 3090 4648; x_wconf 91' lang='lat' dir='ltr'><strong>quod</strong></span> <span class='ocrx_word' id='word_1_636' title='bbox 3127 4578 3369 4648; x_wconf 87' lang='lat' dir='ltr'><strong>pretium</strong></span> <span class='ocrx_word' id='word_1_637' title='bbox 3398 4576 3633 4631; x_wconf 88' lang='lat' dir='ltr'><strong>dedistis</strong></span> 
     </span>
    </p>
   </div>
   <div class='ocr_carea' id='block_1_92' title="bbox 370 4661 1951 4736">
    <p class='ocr_par' dir='ltr' id='par_1_92' title="bbox 370 4661 1951 4736">
     <span class='ocr_line' id='line_1_92' title="bbox 370 4661 1951 4736; baseline 0.005 -21"><span class='ocrx_word' id='word_1_638' title='bbox 370 4676 635 4734; x_wconf 83' lang='grc' dir='ltr'>χρηστος</span> <span class='ocrx_word' id='word_1_639' title='bbox 701 4661 867 4732; x_wconf 77' lang='grc' dir='ltr'>ἡμῖν.</span> <span class='ocrx_word' id='word_1_640' title='bbox 916 4664 1029 4717; x_wconf 78' lang='grc' dir='ltr'>Καὶ</span> <span class='ocrx_word' id='word_1_641' title='bbox 1090 4668 1220 4735; x_wconf 83' lang='grc' dir='ltr'>περὶ</span> <span class='ocrx_word' id='word_1_642' title='bbox 1269 4665 1363 4719; x_wconf 90' lang='grc' dir='ltr'><strong>τοῦ</strong></span> <span class='ocrx_word' id='word_1_643' title='bbox 1420 4668 1732 4736; x_wconf 83' lang='grc' dir='ltr'>τιμήματος</span> <span class='ocrx_word' id='word_1_644' title='bbox 1786 4669 1951 4723; x_wconf 81' lang='grc' dir='ltr'>αὐτοῦ</span> 
     </span>
    </p>
   </div>
   <div class='ocr_carea' id='block_1_93' title="bbox 371 4753 1952 4830">
    <p class='ocr_par' dir='ltr' id='par_1_93' title="bbox 371 4753 1952 4830">
     <span class='ocr_line' id='line_1_93' title="bbox 371 4753 1952 4830; baseline 0.002 -24"><span class='ocrx_word' id='word_1_645' title='bbox 371 4755 572 4821; x_wconf 84' lang='grc' dir='ltr'>φάσκει</span> <span class='ocrx_word' id='word_1_646' title='bbox 612 4753 905 4825; x_wconf 83' lang='grc' dir='ltr'>Ἱερεμίας.</span> <span class='ocrx_word' id='word_1_647' title='bbox 934 4755 1074 4824; x_wconf 84' lang='grc' dir='ltr'>ὅπερ</span> <span class='ocrx_word' id='word_1_648' title='bbox 1110 4755 1330 4826; x_wconf 80' lang='grc' dir='ltr'>τίμημα</span> <span class='ocrx_word' id='word_1_649' title='bbox 1372 4755 1613 4809; x_wconf 77' lang='grc' dir='ltr'>ἐδώκατε</span> <span class='ocrx_word' id='word_1_650' title='bbox 1658 4759 1831 4829; x_wconf 65' lang='grc' dir='ltr'>Ἰούδᾳ,</span> <span class='ocrx_word' id='word_1_651' title='bbox 1874 4760 1952 4830; x_wconf 79' lang='grc' dir='ltr'>τῷ</span> 
     </span>
    </p>
   </div>
   <div class='ocr_carea' id='block_1_94' title="bbox 370 4845 1959 4918">
    <p class='ocr_par' dir='ltr' id='par_1_94' title="bbox 370 4845 1959 4918">
     <span class='ocr_line' id='line_1_94' title="bbox 370 4845 1959 4918; baseline 0.004 -19"><span class='ocrx_word' id='word_1_652' title='bbox 370 4845 632 4918; x_wconf 78' lang='grc' dir='ltr'>προδότῃ,</span> <span class='ocrx_word' id='word_1_653' title='bbox 672 4845 868 4917; x_wconf 84' lang='grc' dir='ltr'>μισθοῦ</span> <span class='ocrx_word' id='word_1_654' title='bbox 895 4846 1059 4900; x_wconf 73' lang='grc' dir='ltr'>ἕνεκα</span> <span class='ocrx_word' id='word_1_655' title='bbox 1086 4848 1401 4917; x_wconf 82' lang='grc' dir='ltr'>μιαιφονίας</span> <span class='ocrx_word' id='word_1_656' title='bbox 1430 4865 1444 4879; x_wconf 88' lang='grc'><strong>·</strong></span> <span class='ocrx_word' id='word_1_657' title='bbox 1479 4848 1589 4902; x_wconf 75' lang='grc' dir='ltr'><strong>Καὶ</strong></span> <span class='ocrx_word' id='word_1_658' title='bbox 1614 4850 1839 4904; x_wconf 75' lang='grc' dir='ltr'>ἔλαϐον</span> <span class='ocrx_word' id='word_1_659' title='bbox 1880 4850 1959 4905; x_wconf 76' lang='grc' dir='ltr'>τὰ</span> 
     </span>
    </p>
   </div>
   <div class='ocr_carea' id='block_1_95' title="bbox 370 4934 1953 5010">
    <p class='ocr_par' dir='ltr' id='par_1_95' title="bbox 370 4934 1953 5010">
     <span class='ocr_line' id='line_1_95' title="bbox 370 4934 1953 5010; baseline 0.003 -18"><span class='ocrx_word' id='word_1_660' title='bbox 370 4938 690 5006; x_wconf 83' lang='grc' dir='ltr'>τριάκοντα</span> <span class='ocrx_word' id='word_1_661' title='bbox 710 4938 961 5007; x_wconf 77' lang='grc' dir='ltr'>ἀργύρια</span> <span class='ocrx_word' id='word_1_662' title='bbox 979 4934 1095 5005; x_wconf 79' lang='grc' dir='ltr'>τήν</span> <span class='ocrx_word' id='word_1_663' title='bbox 1113 4937 1293 5008; x_wconf 82' lang='grc' dir='ltr'>τιμὴν</span> <span class='ocrx_word' id='word_1_664' title='bbox 1311 4939 1419 4993; x_wconf 89' lang='grc' dir='ltr'><strong>τοῦ</strong></span> <span class='ocrx_word' id='word_1_665' title='bbox 1446 4940 1855 5010; x_wconf 75' lang='grc' dir='ltr'>τετιμημένου,</span> <span class='ocrx_word' id='word_1_666' title='bbox 1880 4942 1953 4997; x_wconf 84' lang='grc' dir='ltr'><strong>δν</strong></span> 
     </span>
    </p>
   </div>
   <div class='ocr_carea' id='block_1_96' title="bbox 367 5029 1952 5100">
    <p class='ocr_par' dir='ltr' id='par_1_96' title="bbox 367 5029 1952 5100">
     <span class='ocr_line' id='line_1_96' title="bbox 367 5029 1952 5100; baseline 0.003 -15"><span class='ocrx_word' id='word_1_667' title='bbox 367 5031 734 5099; x_wconf 80' lang='grc' dir='ltr'>ἐτιμήσαντο</span> <span class='ocrx_word' id='word_1_668' title='bbox 791 5030 909 5084; x_wconf 80' lang='grc' dir='ltr'><strong>ἀπὸ</strong></span> <span class='ocrx_word' id='word_1_669' title='bbox 940 5029 1087 5083; x_wconf 78' lang='grc' dir='ltr'>υἱῶν</span> <span class='ocrx_word' id='word_1_670' title='bbox 1114 5029 1377 5100; x_wconf 82' lang='grc' dir='ltr'>Ἰσραὴλ,</span> <span class='ocrx_word' id='word_1_671' title='bbox 1416 5031 1515 5085; x_wconf 82' lang='grc' dir='ltr'>καὶ</span> <span class='ocrx_word' id='word_1_672' title='bbox 1538 5031 1773 5087; x_wconf 78' lang='grc' dir='ltr'>ἔδωκαν</span> <span class='ocrx_word' id='word_1_673' title='bbox 1797 5035 1952 5090; x_wconf 81' lang='grc' dir='ltr'>αὐτὰ</span> 
     </span>
    </p>
   </div>
   <div class='ocr_carea' id='block_1_97' title="bbox 366 5121 1950 5195">
    <p class='ocr_par' dir='ltr' id='par_1_97' title="bbox 366 5121 1950 5195">
     <span class='ocr_line' id='line_1_97' title="bbox 366 5121 1950 5195; baseline 0.004 -20"><span class='ocrx_word' id='word_1_674' title='bbox 366 5125 456 5189; x_wconf 80' lang='grc' dir='ltr'><strong>είς</strong></span> <span class='ocrx_word' id='word_1_675' title='bbox 488 5123 597 5177; x_wconf 81' lang='grc' dir='ltr'>τὸν</span> <span class='ocrx_word' id='word_1_676' title='bbox 621 5121 809 5192; x_wconf 68' lang='grc' dir='ltr'>ἀτιοὸν</span> <span class='ocrx_word' id='word_1_677' title='bbox 834 5121 942 5176; x_wconf 87' lang='grc' dir='ltr'><strong>τοῦ</strong></span> <span class='ocrx_word' id='word_1_678' title='bbox 976 5122 1293 5194; x_wconf 81' lang='grc' dir='ltr'>κεραμέως.</span> <span class='ocrx_word' id='word_1_679' title='bbox 1331 5124 1483 5178; x_wconf 80' lang='grc' dir='ltr'>καθὰ</span> <span class='ocrx_word' id='word_1_680' title='bbox 1524 5125 1825 5190; x_wconf 79' lang='grc' dir='ltr'>συνέταξέ</span> <span class='ocrx_word' id='word_1_681' title='bbox 1846 5145 1950 5195; x_wconf 88' lang='grc' dir='ltr'><strong>μοι</strong></span> 
     </span>
    </p>
   </div>
   <div class='ocr_carea' id='block_1_98' title="bbox 369 5214 1947 5287">
    <p class='ocr_par' dir='ltr' id='par_1_98' title="bbox 369 5214 1947 5287">
     <span class='ocr_line' id='line_1_98' title="bbox 369 5214 1947 5287; baseline 0.004 -17"><span class='ocrx_word' id='word_1_682' title='bbox 369 5216 608 5284; x_wconf 84' lang='grc' dir='ltr'>Κύριος.</span> <span class='ocrx_word' id='word_1_683' title='bbox 640 5214 753 5269; x_wconf 74' lang='grc' dir='ltr'><strong>Καὶ</strong></span> <span class='ocrx_word' id='word_1_684' title='bbox 783 5216 915 5287; x_wconf 70' lang='grc' dir='ltr'>περὶ</span> <span class='ocrx_word' id='word_1_685' title='bbox 943 5217 1045 5286; x_wconf 83' lang='grc' dir='ltr'>τῆς</span> <span class='ocrx_word' id='word_1_686' title='bbox 1078 5217 1371 5287; x_wconf 83' lang='grc' dir='ltr'>προδοσίας</span> <span class='ocrx_word' id='word_1_687' title='bbox 1396 5216 1562 5271; x_wconf 84' lang='grc' dir='ltr'>αὑτοῦ</span> <span class='ocrx_word' id='word_1_688' title='bbox 1595 5218 1745 5287; x_wconf 78' lang='grc' dir='ltr'>λέγει</span> <span class='ocrx_word' id='word_1_689' title='bbox 1779 5239 1792 5253; x_wconf 88' lang='grc'><strong>·</strong></span> <span class='ocrx_word' id='word_1_690' title='bbox 1822 5222 1947 5276; x_wconf 87' lang='grc' dir='ltr'>Ἵνα</span> 
     </span>
    </p>
   </div>
   <div class='ocr_carea' id='block_1_99' title="bbox 372 5304 1945 5377">
    <p class='ocr_par' dir='ltr' id='par_1_99' title="bbox 372 5304 1945 5377">
     <span class='ocr_line' id='line_1_99' title="bbox 372 5304 1945 5377; baseline 0.009 -23"><span class='ocrx_word' id='word_1_691' title='bbox 372 5307 429 5360; x_wconf 71' lang='grc' dir='ltr'><strong>τί</strong></span> <span class='ocrx_word' id='word_1_692' title='bbox 450 5304 759 5375; x_wconf 72' lang='grc' dir='ltr'>ἐφρύαξαν</span> <span class='ocrx_word' id='word_1_693' title='bbox 785 5306 955 5373; x_wconf 78' lang='grc' dir='ltr'>ἔθνη,</span> <span class='ocrx_word' id='word_1_694' title='bbox 992 5304 1092 5359; x_wconf 78' lang='grc' dir='ltr'>καὶ</span> <span class='ocrx_word' id='word_1_695' title='bbox 1130 5306 1290 5370; x_wconf 79' lang='grc' dir='ltr'>λαοὶ,</span> <span class='ocrx_word' id='word_1_696' title='bbox 1340 5306 1717 5376; x_wconf 78' lang='grc' dir='ltr'>ἐμελέτησαν</span> <span class='ocrx_word' id='word_1_697' title='bbox 1754 5314 1945 5377; x_wconf 70' lang='grc' dir='ltr'>κενάς</span> 
     </span>
    </p>
   </div>
   <div class='ocr_carea' id='block_1_100' title="bbox 2054 4668 3633 4740">
    <p class='ocr_par' dir='ltr' id='par_1_100' title="bbox 2054 4668 3633 4740">
     <span class='ocr_line' id='line_1_100' title="bbox 2054 4668 3633 4740; baseline -0.005 -14"><span class='ocrx_word' id='word_1_698' title='bbox 2054 4670 2211 4726; x_wconf 72' lang='lat' dir='ltr'><strong>Juda:</strong></span> <span class='ocrx_word' id='word_1_699' title='bbox 2240 4669 2510 4740; x_wconf 92' lang='lat' dir='ltr'><strong>proditori</strong></span> <span class='ocrx_word' id='word_1_700' title='bbox 2546 4684 2649 4739; x_wconf 89' lang='lat' dir='ltr'><strong>pro</strong></span> <span class='ocrx_word' id='word_1_701' title='bbox 2679 4670 2938 4725; x_wconf 88' lang='lat' dir='ltr'><strong>mercede</strong></span> <span class='ocrx_word' id='word_1_702' title='bbox 2968 4669 3133 4725; x_wconf 65' lang='lat' dir='ltr'><strong>caadis</strong></span> <span class='ocrx_word' id='word_1_703' title='bbox 3161 4687 3174 4722; x_wconf 92' lang='lat'><strong>:</strong></span> <span class='ocrx_word' id='word_1_704' title='bbox 3214 4668 3286 4723; x_wconf 86' lang='lat' dir='ltr'><strong>Et</strong></span> <span class='ocrx_word' id='word_1_705' title='bbox 3320 4676 3633 4737; x_wconf 84' lang='lat' dir='ltr'><strong>acceperunt</strong></span> 
     </span>
    </p>
   </div>
   <div class='ocr_carea' id='block_1_101' title="bbox 2056 4756 3633 4832">
    <p class='ocr_par' dir='ltr' id='par_1_101' title="bbox 2056 4756 3633 4832">
     <span class='ocr_line' id='line_1_101' title="bbox 2056 4756 3633 4832; baseline -0.006 -18"><span class='ocrx_word' id='word_1_706' title='bbox 2056 4761 2278 4832; x_wconf 85' lang='lat' dir='ltr'><strong>triginta</strong></span> <span class='ocrx_word' id='word_1_707' title='bbox 2300 4767 2598 4831; x_wconf 87' lang='lat' dir='ltr'><strong>argenteos,</strong></span> <span class='ocrx_word' id='word_1_708' title='bbox 2645 4759 2873 4828; x_wconf 86' lang='lat' dir='ltr'><strong>pretium</strong></span> <span class='ocrx_word' id='word_1_709' title='bbox 2925 4759 3089 4828; x_wconf 83' lang='lat' dir='ltr'><strong>ipsius</strong></span> <span class='ocrx_word' id='word_1_710' title='bbox 3138 4756 3429 4819; x_wconf 68' lang='lat' dir='ltr'><strong>aestimati,</strong></span> <span class='ocrx_word' id='word_1_711' title='bbox 3480 4768 3633 4824; x_wconf 82' lang='lat' dir='ltr'><strong>quem</strong></span> 
     </span>
    </p>
   </div>
   <div class='ocr_carea' id='block_1_102' title="bbox 2055 4847 3633 4919">
    <p class='ocr_par' dir='ltr' id='par_1_102' title="bbox 2055 4847 3633 4919">
     <span class='ocr_line' id='line_1_102' title="bbox 2055 4847 3633 4919; baseline -0.006 -10"><span class='ocrx_word' id='word_1_712' title='bbox 2055 4855 2450 4909; x_wconf 72' lang='lat' dir='ltr'><strong>wstimavernnt</strong></span> <span class='ocrx_word' id='word_1_713' title='bbox 2475 4869 2506 4905; x_wconf 89' lang='lat' dir='ltr'><strong>a</strong></span> <span class='ocrx_word' id='word_1_714' title='bbox 2538 4850 2666 4919; x_wconf 78' lang='lat' dir='ltr'><strong>ﬁliis</strong></span> <span class='ocrx_word' id='word_1_715' title='bbox 2696 4848 2914 4905; x_wconf 85' lang='lat' dir='ltr'><strong>Israelis</strong></span> <span class='ocrx_word' id='word_1_716' title='bbox 2934 4866 2951 4904; x_wconf 90' lang='lat'><strong>:</strong></span> <span class='ocrx_word' id='word_1_717' title='bbox 2974 4858 3023 4902; x_wconf 88' lang='lat' dir='ltr'><strong>et</strong></span> <span class='ocrx_word' id='word_1_718' title='bbox 3052 4848 3425 4919; x_wconf 84' lang='lat' dir='ltr'><strong>impenderunt</strong></span> <span class='ocrx_word' id='word_1_719' title='bbox 3459 4863 3544 4900; x_wconf 89' lang='lat' dir='ltr'><strong>eos</strong></span> <span class='ocrx_word' id='word_1_720' title='bbox 3577 4847 3633 4900; x_wconf 88' lang='lat' dir='ltr'><strong>in</strong></span> 
     </span>
    </p>
   </div>
   <div class='ocr_carea' id='block_1_103' title="bbox 2057 4936 3634 5016">
    <p class='ocr_par' dir='ltr' id='par_1_103' title="bbox 2057 4936 3634 5016">
     <span class='ocr_line' id='line_1_103' title="bbox 2057 4936 3634 5016; baseline -0.004 -18"><span class='ocrx_word' id='word_1_721' title='bbox 2057 4958 2247 5016; x_wconf 79' lang='lat' dir='ltr'><strong>agrum</strong></span> <span class='ocrx_word' id='word_1_722' title='bbox 2265 4940 2441 5013; x_wconf 76' lang='lat' dir='ltr'><strong>ﬁguli,</strong></span> <span class='ocrx_word' id='word_1_723' title='bbox 2464 4942 2600 4994; x_wconf 85' lang='lat' dir='ltr'><strong>sicut</strong></span> <span class='ocrx_word' id='word_1_724' title='bbox 2621 4940 2869 5010; x_wconf 63' lang='lat' dir='ltr'><strong>pracepit</strong></span> <span class='ocrx_word' id='word_1_725' title='bbox 2896 4939 3022 4993; x_wconf 86' lang='lat' dir='ltr'><strong>mihi</strong></span> <span class='ocrx_word' id='word_1_726' title='bbox 3068 4938 3322 4992; x_wconf 87' lang='lat' dir='ltr'><strong>Dominus</strong></span> <span class='ocrx_word' id='word_1_727' title='bbox 3361 4937 3426 4990; x_wconf 70' lang='grc'><strong>⁸⁸.</strong></span> <span class='ocrx_word' id='word_1_728' title='bbox 3464 4937 3533 4991; x_wconf 85' lang='lat' dir='ltr'><strong>Et</strong></span> <span class='ocrx_word' id='word_1_729' title='bbox 3565 4936 3634 4991; x_wconf 86' lang='lat' dir='ltr'><strong>de</strong></span> 
     </span>
    </p>
   </div>
   <div class='ocr_carea' id='block_1_104' title="bbox 2059 5028 3635 5105">
    <p class='ocr_par' dir='ltr' id='par_1_104' title="bbox 2059 5028 3635 5105">
     <span class='ocr_line' id='line_1_104' title="bbox 2059 5028 3635 5105; baseline -0.006 -16"><span class='ocrx_word' id='word_1_730' title='bbox 2059 5033 2376 5105; x_wconf 90' lang='lat' dir='ltr'><strong>proditione</strong></span> <span class='ocrx_word' id='word_1_731' title='bbox 2408 5032 2529 5102; x_wconf 88' lang='lat' dir='ltr'><strong>ejus</strong></span> <span class='ocrx_word' id='word_1_732' title='bbox 2550 5030 2687 5085; x_wconf 86' lang='lat' dir='ltr'><strong>dicit</strong></span> <span class='ocrx_word' id='word_1_733' title='bbox 2714 5047 2726 5083; x_wconf 94' lang='lat'><strong>:</strong></span> <span class='ocrx_word' id='word_1_734' title='bbox 2752 5028 2930 5094; x_wconf 88' lang='lat' dir='ltr'><strong>Quare</strong></span> <span class='ocrx_word' id='word_1_735' title='bbox 2974 5028 3304 5099; x_wconf 77' lang='lat' dir='ltr'><strong>fremuerunt</strong></span> <span class='ocrx_word' id='word_1_736' title='bbox 3361 5037 3560 5096; x_wconf 84' lang='lat' dir='ltr'><strong>gentes,</strong></span> <span class='ocrx_word' id='word_1_737' title='bbox 3584 5038 3635 5080; x_wconf 83' lang='lat' dir='ltr'><strong>et</strong></span> 
     </span>
    </p>
   </div>
   <div class='ocr_carea' id='block_1_105' title="bbox 2055 5123 3631 5201">
    <p class='ocr_par' dir='ltr' id='par_1_105' title="bbox 2055 5123 3631 5201">
     <span class='ocr_line' id='line_1_105' title="bbox 2055 5123 3631 5201; baseline -0.006 -18"><span class='ocrx_word' id='word_1_738' title='bbox 2055 5128 2234 5201; x_wconf 87' lang='lat' dir='ltr'><strong>populi</strong></span> <span class='ocrx_word' id='word_1_739' title='bbox 2268 5127 2506 5181; x_wconf 85' lang='lat' dir='ltr'><strong>meditati</strong></span> <span class='ocrx_word' id='word_1_740' title='bbox 2535 5132 2659 5180; x_wconf 91' lang='lat' dir='ltr'><strong>sunt</strong></span> <span class='ocrx_word' id='word_1_741' title='bbox 2683 5124 2866 5177; x_wconf 76' lang='lat' dir='ltr'><strong>inertia</strong></span> <span class='ocrx_word' id='word_1_742' title='bbox 2892 5123 2917 5177; x_wconf 72' lang='lat'><strong>.9</strong></span> <span class='ocrx_word' id='word_1_743' title='bbox 2945 5124 3240 5177; x_wconf 81' lang='lat' dir='ltr'><strong>Astiterunt</strong></span> <span class='ocrx_word' id='word_1_744' title='bbox 3267 5136 3410 5189; x_wconf 83' lang='lat' dir='ltr'><strong>reges</strong></span> <span class='ocrx_word' id='word_1_745' title='bbox 3452 5129 3631 5179; x_wconf 81' lang='lat' dir='ltr'><strong>terrw,</strong></span> 
     </span>
    </p>
   </div>
   <div class='ocr_carea' id='block_1_106' title="bbox 2053 5212 3631 5291">
    <p class='ocr_par' dir='ltr' id='par_1_106' title="bbox 2053 5212 3631 5291">
     <span class='ocr_line' id='line_1_106' title="bbox 2053 5212 3631 5291; baseline -0.007 -16"><span class='ocrx_word' id='word_1_746' title='bbox 2053 5231 2102 5275; x_wconf 90' lang='lat' dir='ltr'><strong>et</strong></span> <span class='ocrx_word' id='word_1_747' title='bbox 2125 5220 2385 5291; x_wconf 87' lang='lat' dir='ltr'><strong>principes</strong></span> <span class='ocrx_word' id='word_1_748' title='bbox 2415 5219 2834 5272; x_wconf 80' lang='lat' dir='ltr'><strong>conveneruntin</strong></span> <span class='ocrx_word' id='word_1_749' title='bbox 2857 5233 3022 5270; x_wconf 88' lang='lat' dir='ltr'><strong>unum</strong></span> <span class='ocrx_word' id='word_1_750' title='bbox 3049 5216 3296 5269; x_wconf 86' lang='lat' dir='ltr'><strong>adversus</strong></span> <span class='ocrx_word' id='word_1_751' title='bbox 3324 5212 3631 5275; x_wconf 87' lang='lat' dir='ltr'><strong>Dominum,</strong></span> 
     </span>
    </p>
   </div>
   <div class='ocr_carea' id='block_1_107' title="bbox 2054 5308 2891 5381">
    <p class='ocr_par' dir='ltr' id='par_1_107' title="bbox 2054 5308 2891 5381">
     <span class='ocr_line' id='line_1_107' title="bbox 2054 5308 2891 5381; baseline -0.006 -13"><span class='ocrx_word' id='word_1_752' title='bbox 2054 5323 2103 5368; x_wconf 89' lang='lat' dir='ltr'><strong>et</strong></span> <span class='ocrx_word' id='word_1_753' title='bbox 2135 5314 2382 5368; x_wconf 84' lang='lat' dir='ltr'><strong>adversus</strong></span> <span class='ocrx_word' id='word_1_754' title='bbox 2409 5308 2678 5366; x_wconf 87' lang='lat' dir='ltr'><strong>Christum</strong></span> <span class='ocrx_word' id='word_1_755' title='bbox 2695 5310 2808 5381; x_wconf 87' lang='lat' dir='ltr'><strong>ejus</strong></span> <span class='ocrx_word' id='word_1_756' title='bbox 2826 5309 2891 5364; x_wconf 80' lang='lat'><strong>&quot;.</strong></span> 
     </span>
    </p>
   </div>
   <div class='ocr_carea' id='block_1_108' title="bbox 372 5396 3634 5475">
    <p class='ocr_par' dir='ltr' id='par_1_108' title="bbox 372 5396 3634 5475">
     <span class='ocr_line' id='line_1_108' title="bbox 372 5396 3634 5475; baseline 0 -23"><span class='ocrx_word' id='word_1_757' title='bbox 372 5396 776 5465; x_wconf 82' lang='grc' dir='ltr'>Παρέστησαν</span> <span class='ocrx_word' id='word_1_758' title='bbox 802 5400 858 5451; x_wconf 87' lang='grc' dir='ltr'><strong>οί</strong></span> <span class='ocrx_word' id='word_1_759' title='bbox 876 5396 1161 5463; x_wconf 74' lang='grc' dir='ltr'>βασιλεῖς</span> <span class='ocrx_word' id='word_1_760' title='bbox 1183 5397 1295 5465; x_wconf 84' lang='grc' dir='ltr'>τῆς</span> <span class='ocrx_word' id='word_1_761' title='bbox 1317 5396 1450 5468; x_wconf 77' lang='grc' dir='ltr'>γῆς,</span> <span class='ocrx_word' id='word_1_762' title='bbox 1470 5400 1568 5454; x_wconf 80' lang='grc' dir='ltr'>καὶ</span> <span class='ocrx_word' id='word_1_763' title='bbox 1592 5404 1644 5455; x_wconf 82' lang='grc' dir='ltr'>οὶ</span> <span class='ocrx_word' id='word_1_764' title='bbox 1664 5401 1952 5472; x_wconf 78' lang='grc' dir='ltr'>ἄρχοντες</span> <span class='ocrx_word' id='word_1_765' title='bbox 1990 5405 2397 5475; x_wconf 78' lang='grc' dir='ltr'>συνήχθησαν</span> <span class='ocrx_word' id='word_1_766' title='bbox 2425 5403 2525 5457; x_wconf 76' lang='grc' dir='ltr'>ἐπὶ</span> <span class='ocrx_word' id='word_1_767' title='bbox 2560 5405 2626 5457; x_wconf 82' lang='grc' dir='ltr'>τὸ</span> <span class='ocrx_word' id='word_1_768' title='bbox 2664 5404 2832 5467; x_wconf 80' lang='grc' dir='ltr'>αὐτὸ,</span> <span class='ocrx_word' id='word_1_769' title='bbox 2896 5403 3045 5455; x_wconf 79' lang='grc' dir='ltr'>κατὰ</span> <span class='ocrx_word' id='word_1_770' title='bbox 3106 5401 3212 5456; x_wconf 92' lang='grc' dir='ltr'><strong>τοῦ</strong></span> <span class='ocrx_word' id='word_1_771' title='bbox 3240 5401 3483 5470; x_wconf 85' lang='grc' dir='ltr'>Κυρίου,</span> <span class='ocrx_word' id='word_1_772' title='bbox 3534 5399 3634 5454; x_wconf 77' lang='grc' dir='ltr'>και</span> 
     </span>
    </p>
   </div>
   <div class='ocr_carea' id='block_1_109' title="bbox 369 5487 1173 5558">
    <p class='ocr_par' dir='ltr' id='par_1_109' title="bbox 369 5487 1173 5558">
     <span class='ocr_line' id='line_1_109' title="bbox 369 5487 1173 5558; baseline 0.004 -17"><span class='ocrx_word' id='word_1_773' title='bbox 369 5489 523 5542; x_wconf 83' lang='grc' dir='ltr'>κατὰ</span> <span class='ocrx_word' id='word_1_774' title='bbox 546 5487 656 5542; x_wconf 91' lang='grc' dir='ltr'><strong>τοῦ</strong></span> <span class='ocrx_word' id='word_1_775' title='bbox 681 5488 945 5558; x_wconf 86' lang='grc' dir='ltr'>Χριστοῦ</span> <span class='ocrx_word' id='word_1_776' title='bbox 966 5489 1173 5544; x_wconf 86' lang='grc' dir='ltr'>αὐτοῦ.</span> 
     </span>
    </p>
   </div>
   <div class='ocr_carea' id='block_1_110' title="bbox 442 5605 2073 5682">
    <p class='ocr_par' dir='ltr' id='par_1_110' title="bbox 442 5605 2073 5682">
     <span class='ocr_line' id='line_1_110' title="bbox 442 5605 2073 5682; baseline 0.006 -22"><span class='ocrx_word' id='word_1_777' title='bbox 442 5607 484 5638; x_wconf 63' lang='grc' dir='ltr'><strong>δί</strong></span> <span class='ocrx_word' id='word_1_778' title='bbox 504 5606 657 5682; x_wconf 54' lang='lat' dir='ltr'><strong>25a].</strong></span> <span class='ocrx_word' id='word_1_779' title='bbox 687 5623 774 5666; x_wconf 79' lang='lat' dir='ltr'><strong>XL.</strong></span> <span class='ocrx_word' id='word_1_780' title='bbox 806 5605 893 5659; x_wconf 79' lang='grc'><strong>10.</strong></span> <span class='ocrx_word' id='word_1_781' title='bbox 928 5676 950 5682; x_wconf 84' lang='lat'>_</span> <span class='ocrx_word' id='word_1_782' title='bbox 971 5606 1014 5638; x_wconf 78' lang='lat'>“</span> <span class='ocrx_word' id='word_1_783' title='bbox 1038 5607 1179 5682; x_wconf 45' lang='lat' dir='ltr'><strong>115a}.</strong></span> <span class='ocrx_word' id='word_1_784' title='bbox 1204 5622 1348 5682; x_wconf 77' lang='lat' dir='ltr'><strong>cvm,</strong></span> <span class='ocrx_word' id='word_1_785' title='bbox 1379 5608 1461 5682; x_wconf 60' lang='lat' dir='ltr'><strong>i8.</strong></span> <span class='ocrx_word' id='word_1_786' title='bbox 1555 5611 1598 5643; x_wconf 73' lang='lat'>“</span> <span class='ocrx_word' id='word_1_787' title='bbox 1634 5611 1775 5667; x_wconf 86' lang='lat' dir='ltr'><strong>Psal.</strong></span> <span class='ocrx_word' id='word_1_788' title='bbox 1805 5616 1888 5679; x_wconf 73' lang='grc' dir='ltr'>ιιι,</span> <span class='ocrx_word' id='word_1_789' title='bbox 1931 5616 1984 5682; x_wconf 90' lang='lat'><strong>8,</strong></span> <span class='ocrx_word' id='word_1_790' title='bbox 2023 5617 2073 5669; x_wconf 81' lang='grc'><strong>9.</strong></span> 
     </span>
    </p>
   </div>
   <div class='ocr_carea' id='block_1_111' title="bbox 368 5676 1535 5743">
    <p class='ocr_par' dir='ltr' id='par_1_111' title="bbox 368 5676 1535 5743">
     <span class='ocr_line' id='line_1_111' title="bbox 368 5676 1535 5743; baseline 0.003 -12"><span class='ocrx_word' id='word_1_791' title='bbox 368 5677 469 5743; x_wconf 72' lang='lat'><strong>1:2;</strong></span> <span class='ocrx_word' id='word_1_792' title='bbox 503 5677 693 5732; x_wconf 84' lang='lat' dir='ltr'><strong>Matth.</strong></span> <span class='ocrx_word' id='word_1_793' title='bbox 729 5692 889 5743; x_wconf 75' lang='lat' dir='ltr'><strong>xxv&quot;,</strong></span> <span class='ocrx_word' id='word_1_794' title='bbox 923 5676 976 5732; x_wconf 94' lang='lat'><strong>9.</strong></span> <span class='ocrx_word' id='word_1_795' title='bbox 1052 5677 1097 5708; x_wconf 70' lang='grc'><strong>⁸⁷</strong></span> <span class='ocrx_word' id='word_1_796' title='bbox 1125 5676 1262 5732; x_wconf 85' lang='lat' dir='ltr'><strong>Psal.</strong></span> <span class='ocrx_word' id='word_1_797' title='bbox 1302 5694 1375 5743; x_wconf 71' lang='lat' dir='ltr'><strong>xv,</strong></span> <span class='ocrx_word' id='word_1_798' title='bbox 1408 5680 1457 5742; x_wconf 88' lang='lat' dir='ltr'><strong>-l,</strong></span> <span class='ocrx_word' id='word_1_799' title='bbox 1483 5681 1535 5734; x_wconf 75' lang='lat'><strong>2.</strong></span> 
     </span>
    </p>
   </div>
   <div class='ocr_carea' id='block_1_112' title="bbox 2173 5612 3628 5682">
    <p class='ocr_par' dir='ltr' id='par_1_112' title="bbox 2173 5612 3628 5682">
     <span class='ocr_line' id='line_1_112' title="bbox 2173 5612 3628 5682; baseline 0.002 -14"><span class='ocrx_word' id='word_1_800' title='bbox 2173 5615 2217 5644; x_wconf 64' lang='grc'><strong>³⁵</strong></span> <span class='ocrx_word' id='word_1_801' title='bbox 2241 5615 2381 5669; x_wconf 85' lang='lat' dir='ltr'><strong>Psal.</strong></span> <span class='ocrx_word' id='word_1_802' title='bbox 2418 5631 2562 5678; x_wconf 86' lang='lat' dir='ltr'><strong>cvm,</strong></span> <span class='ocrx_word' id='word_1_803' title='bbox 2762 5612 2803 5643; x_wconf 61' lang='grc'><strong>⁵⁵</strong></span> <span class='ocrx_word' id='word_1_804' title='bbox 2838 5614 2944 5682; x_wconf 79' lang='lat' dir='ltr'><strong>Sap</strong></span> <span class='ocrx_word' id='word_1_805' title='bbox 3014 5630 3070 5673; x_wconf 85' lang='grc' dir='ltr'><strong>ιι,</strong></span> <span class='ocrx_word' id='word_1_806' title='bbox 3105 5612 3185 5665; x_wconf 73' lang='lat' dir='ltr'><strong>I5.</strong></span> <span class='ocrx_word' id='word_1_807' title='bbox 3264 5612 3310 5645; x_wconf 77' lang='lat'><strong>“</strong></span> <span class='ocrx_word' id='word_1_808' title='bbox 3347 5612 3513 5668; x_wconf 87' lang='lat' dir='ltr'><strong>Zach.</strong></span> <span class='ocrx_word' id='word_1_809' title='bbox 3548 5627 3628 5671; x_wconf 68' lang='grc' dir='ltr'>ιι.</span> 
     </span>
    </p>
   </div>
   <div class='ocr_carea' id='block_1_113' title="bbox 1892 5773 2123 5831">
    <p class='ocr_par' dir='ltr' id='par_1_113' title="bbox 1892 5773 2123 5831">
     <span class='ocr_line' id='line_1_113' title="bbox 1892 5773 2123 5831; baseline 0.004 -3"><span class='ocrx_word' id='word_1_810' title='bbox 1892 5773 2123 5831; x_wconf 61' lang='lat' dir='ltr'><strong>NOTAE.</strong></span> 
     </span>
    </p>
   </div>
   <div class='ocr_carea' id='block_1_114' title="bbox 442 5858 1526 5927">
    <p class='ocr_par' dir='ltr' id='par_1_114' title="bbox 442 5858 1526 5927">
     <span class='ocr_line' id='line_1_114' title="bbox 442 5858 1526 5927; baseline 0.009 -16"><span class='ocrx_word' id='word_1_811' title='bbox 442 5858 557 5927; x_wconf 75' lang='lat'><strong>(‘27)</strong></span> <span class='ocrx_word' id='word_1_812' title='bbox 601 5858 698 5926; x_wconf 86' lang='grc' dir='ltr'>Ὧς</span> <span class='ocrx_word' id='word_1_813' title='bbox 721 5861 851 5916; x_wconf 83' lang='grc' dir='ltr'>οὐδ.</span> <span class='ocrx_word' id='word_1_814' title='bbox 888 5862 1050 5917; x_wconf 87' lang='lat' dir='ltr'><strong>Fortc</strong></span> <span class='ocrx_word' id='word_1_815' title='bbox 1078 5863 1142 5925; x_wconf 76' lang='grc' dir='ltr'>ἃς</span> <span class='ocrx_word' id='word_1_816' title='bbox 1177 5864 1286 5919; x_wconf 71' lang='grc' dir='ltr'>οὐδ.</span> <span class='ocrx_word' id='word_1_817' title='bbox 1321 5863 1526 5921; x_wconf 76' lang='lat' dir='ltr'><strong>GULON.</strong></span> 
     </span>
    </p>
   </div>
  </div>
