4088 6534
463 428 568 493 659

1435 429 1497 489 s.
1525 427 1951 490 GREGENTII
1990 427 2223 493 EPISC.
2263 417 2794 493 TAPHARENSIS

3621 426 3726 493 660

534 537 743 594 HERB.
774 537 886 593 Nos
910 545 1102 609 gentes
1133 535 1277 593 sicut
1302 538 1491 610 populi
1525 537 1760 595 fortasse
1782 538 2049 594 nominati

2225 536 2470 594 EPBAN.
2499 538 2693 604 Ἐθνος
2717 540 2901 610 ήμεῖς,
2918 531 3043 592 οἷον
3084 537 3205 593 λαοὶ
3233 535 3366 603 ῐσως
3394 538 3725 611 ὠνομάσθη-

462 646 656 684 sumus
689 649 703 686 :
737 629 833 686 sed
871 645 1028 701 reges
1060 645 1224 700 quam
1258 630 1330 686 ob
1361 646 1584 687 causam
1620 631 1798 686 vocati
1823 631 2053 686 sumus?

535 722 592 778 S.
647 721 852 777 ARCll.
907 714 1103 778 Nonne
1153 723 1300 778 Deus
1338 723 1651 779 Ahrahamo
1683 723 1904 780 locutus
1933 731 2048 787 est,

464 814 658 869 dicens
682 831 696 869 :
720 814 938 869 Faciam
969 823 1019 869 te
1051 816 1107 869 in
1130 825 1336 887 gentem
1364 832 1617 886 magnam
1640 824 1690 869 et
1723 815 1948 871 multam
1971 815 2055 869 ⁵⁸2

464 907 547 962 Ex
593 923 661 963 eo
709 916 902 979 gentes
948 907 1116 963 etiam
1169 923 1269 964 vos
1320 909 1740 979 nuncupamini.
1792 908 2052 980 Nunquid

465 1000 632 1054 etiam
665 1000 808 1055 dixit
839 1000 1015 1056 Moses
1055 999 1125 1056 ad
1163 1000 1335 1055 Deum
1369 1019 1382 1053 :
1421 998 1573 1066 Quod
1599 1000 1935 1071 gloriﬁcabor
1961 1017 2055 1073 ego

466 1099 517 1145 et
542 1093 625 1146 hic
648 1092 873 1164 populus
900 1108 1066 1162 supra
1095 1108 1274 1146 omnes
1301 1098 1478 1163 gentes
1502 1090 1584 1144 "7
1607 1091 1687 1146 Ac
1715 1099 1903 1162 postea
1927 1091 2052 1163 qui-

468 1181 592 1236 dem
627 1199 641 1236 :
680 1181 1035 1255 Cognoscam,
1086 1183 1297 1253 inquit,
1332 1184 1471 1255 quod
1511 1182 1734 1255 populus
1778 1191 1898 1237 tuus
1929 1198 2055 1254 gens

468 1275 599 1341 haec,
641 1284 692 1330 et
730 1287 959 1347 populus
1004 1287 1054 1331 et
1095 1294 1222 1348 gens
1257 1278 1323 1331 ⁸³⁸.
1367 1277 1481 1333 Hoc
1520 1289 1726 1342 autem,
1757 1276 2054 1332 Astiterunt

472 1381 619 1437 reges
650 1374 825 1432 terrm,
852 1375 901 1420 et
924 1368 1185 1438 principes
1211 1377 1562 1422 convenerunt
1591 1370 1646 1422 in
1676 1385 1842 1422 unum
1865 1369 2054 1423 aduer-

470 1474 561 1511 sus
604 1456 871 1513 Christum
917 1460 1052 1529 ejus.
1087 1457 1160 1514 Ut
1195 1459 1375 1529 regale
1410 1458 1634 1528 quidem
1684 1459 2055 1515 sacerdotium

472 1548 731 1619 appellati
778 1550 914 1605 estis
953 1566 984 1605 a
1027 1550 1175 1606 Mose
1209 1551 1276 1614 “,
1314 1565 1471 1622 reges
1503 1568 1517 1605 :
1546 1559 1627 1606 ut,
1652 1558 1835 1607 autem
1885 1552 2054 1622 primi

470 1638 633 1693 electi
676 1654 844 1709 supra
872 1654 1067 1695 omnes
1103 1648 1314 1711 gentes,
1348 1640 1651 1711 principes.
1679 1640 1881 1697 Coistis
1906 1642 2055 1696 enim

470 1729 735 1784 adversus
765 1730 1056 1785 Dominum
1087 1730 1334 1801 quidem,
1379 1740 1441 1787 ut
1470 1732 1644 1787 Deum
1692 1740 1749 1789 et
1793 1733 2055 1789 Servato-

471 1836 588 1875 rem
615 1838 629 1874 :
655 1820 925 1877 adversus
946 1837 1081 1878 vero
1102 1821 1407 1888 Christum,
1435 1830 1498 1877 ut
1525 1823 1805 1879 hominem
1831 1840 2054 1892 verum;

2156 647 2280 701 μεν.
2324 630 2579 695 Βασιλεῖς
2606 630 2663 684 δέ
2701 629 2769 684 δι’
2802 630 2867 702 ἣν
2894 628 3078 685 αἰτίαν
3108 630 3426 704 κεκλήμεθα
3451 649 3468 700 ;

2221 723 2332 779 Kal
2362 727 2403 778 0
2437 723 2654 778 ΑΓΙΟΣ.
2693 722 2769 776 Οὐ
2794 722 3101 794 λελάληκεν
3125 723 3154 777 6
3173 722 3307 788 Θεὸς
3331 722 3411 796 τῷ
3450 722 3725 796 ⁹Δύραὰμ,

2151 813 2349 884 λέγων,
2381 815 2623 885 ιιοιήσω
2655 829 2730 870 σε
2766 817 2854 882 εις
2882 814 3058 882 ἔθνος
3079 814 3237 887 μέγα
3261 816 3362 873 καὶ
3391 816 3593 880 πολύς
3633 816 3730 870 Ἐκ

2152 906 2346 961 τούτου
2368 907 2519 971 ἐθνος
2550 908 2646 962 καὶ
2675 907 2831 979 ὑμεῖς
2861 907 3366 979 προσαγορεύεσθε.
3389 908 3502 962 Καὶ
3520 908 3730 980 Μωσῆς

2153 998 2210 1053 δέ
2241 999 2343 1052 οὐκ
2372 992 2528 1052 εἷπεν
2555 998 2692 1070 πρὸς
2730 998 2823 1053 τὸν
2854 998 3012 1067 Θεὸν,
3045 998 3171 1053 Ὅτι
3200 998 3733 1067 ἐνδοξασθήσομαι

2152 1089 2268 1160 ἐγώ
2293 1107 2377 1155 τε,
2414 1091 2512 1145 καὶ
2550 1094 2585 1145 ό
2623 1092 2774 1158 λαός
2820 1086 2998 1158 οὗτος
3031 1090 3190 1159 παρὰ
3217 1089 3416 1146 πάντα
3440 1090 3514 1146 τὰ
3536 1090 3682 1159 ἔθνη
3710 1108 3733 1159 ἲ

2154 1183 2267 1238 Καὶ
2322 1181 2643 1255 μετέπειτα,
2695 1183 2807 1237 Καί
2864 1181 3189 1253 γνώσομαι,
3223 1182 3408 1254 φησὶν,
3437 1180 3528 1238 δτι
3581 1183 3735 1251 ,ιαός

2155 1289 2274 1330 σου
2302 1274 2369 1329 τὸ
2405 1274 2584 1342 ἔθνος
2605 1272 2805 1338 τοῦτο,
2832 1273 2932 1328 καὶ
2958 1274 3130 1340 λαὸς,
3165 1274 3265 1328 καί
3290 1273 3489 1342 ἔθνος.
3520 1273 3596 1328 Τὸ
3646 1274 3729 1341 δέ,

2156 1367 2560 1436 Παρέστησαν
2594 1370 2650 1422 ol
2702 1366 2990 1432 ,βασιλεῖς
3028 1364 3142 1435 τῆς
3195 1365 3331 1436 τῆς,
3377 1364 3479 1421 καὶ
3535 1369 3593 1423 al
3629 1367 3735 1439 ἄρ-

2156 1475 2372 1529 χοντες
2408 1456 2816 1528 συνήχθησαν
2839 1456 2936 1510 ἐπὶ
2978 1455 3047 1510 τὸ
3093 1456 3240 1511 αὐτὸ
3291 1456 3443 1511 κατὰ
3478 1457 3587 1513 τοῦ
3617 1462 3735 1514 Κυ-

2148 1551 2290 1618 ρίου
2343 1548 2442 1604 και
2491 1549 2643 1604 κατὰ
2714 1546 2824 1602 τοῦ
2880 1547 3142 1618 Χριστοῦ
3193 1548 3403 1603 αὐτοῦ.
3485 1549 3574 1614 Ὡς
3635 1549 3737 1620 μὲν

2159 1641 2435 1715 βασίλειον
2486 1641 2792 1713 ἱεράτευμα
2845 1641 3383 1713 προσαγορευθέντες
3414 1641 3567 1712 παρὰ
3596 1642 3732 1696 Μω-

2160 1733 2317 1799 σέως,
2351 1731 2591 1804 βασιλεῖς
2621 1749 2634 1762 ·
2663 1732 2740 1797 ὡς
2792 1732 2849 1786 δέ
2909 1732 3126 1804 πρῶτον
3189 1732 3538 1803 ἐκλεχθέντες
3583 1733 3738 1805 παρὰ

2160 1826 2338 1881 πάντα
2361 1824 2432 1879 τὰ
2457 1823 2607 1895 ἔθνη,
2643 1823 2931 1895 ἄρχοντες.
2966 1824 3281 1897 Συνήχθητε
3315 1825 3415 1895 μὲν
3446 1824 3560 1896 (28)
3591 1825 3738 1880 κατὰ

469 1911 743 1983 siquidem
788 1913 934 1970 Deus
982 1922 1122 1978 erat,
1152 1924 1209 1971 et
1242 1915 1410 1971 homo
1449 1925 1611 1972 natus
1642 1926 1783 1973 erat.
1818 1917 1973 1986 Quod
2011 1891 2056 1973 si

2161 1916 2254 1972 τοῦ
2304 1916 2514 1989 Κυρίου
2842 1916 2979 1971 Θεοῦ
3017 1891 3415 1990 καῖτΣωτῆ-ρος
3442 1891 3465 1950 ί
3494 1891 3635 1972 κατὰ
3678 1918 3738 1973 δὲ

468 2003 553 2059 vis
575 2006 764 2060 verius
789 2011 847 2061 et
872 2005 1223 2083 explanatius
1252 2007 1575 2079 intelligere,
1613 2008 1859 2067 Herodes
1886 2020 1942 2067 et
1965 2012 2057 2067 Pi-

467 2096 615 2153 latus
641 2099 959 2166 astiterunt,
994 2108 1051 2155 et
1074 2102 1262 2156 Annas
1291 2110 1348 2157 et
1387 2101 1625 2173 Caiphas
1660 2119 1786 2159 cum
1817 2107 2054 2173 caneris,

468 2189 737 2246 adversus
767 2190 1082 2257 Dominum,
1113 2200 1170 2248 et
1208 2192 1477 2249 adversus
1504 2193 1786 2250 Christum
1818 2196 1958 2267 ejus.
1987 2198 2059 2254 Ut

469 2292 656 2340 autem
689 2283 1059 2349 conﬁrmeris,
1097 2286 1246 2355 quod
1280 2286 1553 2358 ejusmodi
1595 2288 1862 2345 adversus
1885 2290 2057 2345 Deum

469 2375 839 2442 fremuerunt,
867 2378 1373 2433 remunerationem
1401 2379 1644 2449 ipsorum
1685 2395 1717 2435 a
1748 2380 1882 2445 Deo,
1916 2390 1972 2437 et
2003 2381 2058 2437 id

470 2467 618 2539 quod
666 2467 799 2537 ipsis
830 2467 999 2539 hujus
1031 2468 1288 2524 fremitus
1314 2483 1478 2524 causa
1518 2469 1849 2525 retributum
1877 2487 1942 2527 ac
1970 2487 2059 2527 re-

469 2575 703 2629 pensum
752 2559 878 2626 fuit,
923 2559 1264 2633 subjungens
1307 2561 1510 2618 deinde
1551 2562 1825 2634 Propheta
1866 2563 2004 2619 dicit
2042 2583 2056 2619 :

472 2652 576 2719 Qui
596 2654 798 2709 habitat
822 2656 877 2710 in
897 2656 1059 2718 caelis.
1085 2656 1323 2711 irridebit
1346 2674 1452 2724 eos,
1482 2668 1530 2713 et
1553 2658 1810 2715 Dominus
1836 2660 2061 2716 subsan-

472 2746 619 2800 nabit
647 2763 753 2803 eos.
785 2746 926 2802 Tunc
968 2748 1208 2820 loquetur
1231 2750 1302 2804 ad
1329 2766 1416 2805 eos
1453 2753 1509 2806 in
1538 2752 1623 2807 ira
1656 2768 1776 2819 sua,
1811 2761 1860 2807 et
1890 2754 1944 2808 in
1972 2754 2061 2824 fu-

471 2856 591 2893 rore
614 2857 709 2894 suo
738 2841 967 2895 turbabit
990 2858 1076 2896 eos
1104 2842 1170 2896 ".
1192 2842 1363 2899 Vides
1394 2843 1492 2899 Dei
1512 2853 1569 2900 et
1591 2845 1771 2901 Patris
1793 2846 2061 2904 adversus

471 2946 567 2986 eos
616 2932 710 3002 qui
741 2932 921 3002 ipsum
966 2935 1119 2990 cruci
1173 2934 1542 3001 confixerunt,
1584 2936 2063 3010 indignationem?

471 3019 628 3086 Quod
659 3030 842 3077 autem
876 3022 1073 3080 falsum
1104 3025 1482 3081 testimonium
1520 3026 1573 3083 in
1604 3044 1731 3083 eum
1775 3028 2057 3097 dicebant,

471 3108 703 3166 allirmat
729 3129 744 3166 :
776 3112 917 3179 Quid
943 3116 1352 3171 insurrexerunt
1382 3120 1439 3173 in
1482 3136 1563 3174 me
1599 3128 1751 3176 testes
1792 3122 1981 3193 iniqui,
2011 3133 2060 3178 et

2154 2008 2252 2064 τοῦ
2304 2006 2573 2080 Χριστοῦ,
2604 2008 2681 2072 ὡς
2722 2006 3017 2079 ἀνθρώπου
3068 2006 3304 2081 ἀληθοῦς
3329 2024 3347 2060 :
3379 2009 3571 2082 ἐπειδὴ
3600 2009 3737 2074 Θεὸς

2154 2096 2244 2171 ἦν,
2280 2100 2375 2154 καὶ
2421 2098 2710 2170 ἄνθρωπος
2764 2099 3028 2168 ἐγεγόνει.
3067 2101 3128 2154 El
3161 2100 3219 2154 δέ
3251 2100 3435 2172 βούλει
3470 2102 3736 2173 τρανότε-

2160 2209 2252 2263 ρον
2303 2190 2586 2244 συνιέναι.·
2636 2190 2884 2264 Ἡρώδης
2922 2194 3019 2247 καὶ
3068 2193 3305 2259 Πιλᾶτος
3355 2195 3735 2268 παρέστησαν,

2157 2285 2253 2340 καὶ
2282 2286 2483 2348 Ἀννας
2537 2286 2632 2340 καὶ
2680 2287 2939 2356 Καϊάφας
3002 2286 3101 2341 σὺν
3122 2348 3127 2353 η
3152 2288 3268 2352 τοῖς
3330 2288 3573 2356 λοιποῖς,
3638 2307 3740 2344 κα-

2158 2378 2228 2431 τὰ
2279 2375 2376 2431 τοῦ
2442 2377 2651 2448 Κυρίου
2721 2377 2816 2431 καὶ
2879 2381 3025 2434 κατὰ
3075 2378 3172 2433 τοῦ
3243 2380 3481 2452 Χριστοῦ
3543 2381 3735 2439 αὑτοῦ.

2162 2469 2284 2524 Ἵνα
2316 2468 2413 2524 καὶ
2468 2467 2797 2541 βεϐαιωθῇς,
2839 2471 2923 2524 ὅτι
2976 2470 3121 2525 κατὰ
3171 2470 3268 2525 τοῦ
3326 2472 3465 2526 Θεοῦ
3527 2473 3740 2546 ἐφρυά-

2162 2565 2322 2631 ξαντο
2383 2563 2638 2632 τοιοῦτοι,
2703 2565 2767 2620 τὸ
2812 2566 3163 2640 ἀνταπόδομα
3240 2570 3419 2625 αὐτῶν
3476 2571 3536 2625 τὸ
3586 2570 3742 2644 παρὰ

2159 2657 2256 2712 τοῦ
2311 2658 2449 2713 Θεοῦ
2485 2658 2650 2714 ἕνεκα
2681 2659 2782 2732 τῆς
2833 2660 3124 2733 φρυάξεως
3170 2662 3351 2717 αὐτῶν
3380 2665 3743 2735 ἀντινεμηθὲν

2161 2755 2383 2822 αὐτοῖς,
2415 2756 2641 2825 ἐπάγων
2693 2754 2990 2827 μετέπειτα
3043 2758 3072 2811 6
3112 2759 3406 2831 Προφήτης
3441 2758 3589 2829 λέγει
3617 2777 3633 2793 ο
3674 2761 3741 2814 '0

2161 2847 2457 2903 κατοικῶν
2485 2847 2556 2903 ἐν
2578 2849 2857 2918 οὐρανοῖς
2880 2849 3274 2921 ἐκγελάσεται
3308 2854 3550 2921 αὐτοὺς,
3586 2854 3686 2909 καί
3705 2858 3743 2911 ό

2162 2940 2381 3009 Κύριος
2414 2938 2802 3010 ἐκμυκτηριεῖ
2815 2942 3057 3009 αὐτούς.
3090 2941 3235 2998 Τότε
3278 2943 3539 3012 λαλήσει
3586 2944 3743 3015 πρὸς

2161 3032 2387 3100 αὐτοὺς
2426 3033 2498 3087 ἐν
2534 3031 2685 3103 ὀργῇ
2735 3033 2946 3101 αὐτοῦ,
2979 3035 3081 3090 καὶ
3135 3036 3206 3090 ἐν
3239 3035 3321 3103 τῷ
3355 3037 3520 3107 θυμῷ
3550 3036 3742 3093 αὐτοῦ

2162 3120 2407 3192 ταράξει
2428 3124 2673 3192 αὐτούς.
2718 3123 2884 3196 Ὁρᾷς
2912 3126 3015 3197 τὴν
3050 3127 3193 3182 κατά
3230 3126 3340 3183 τῶν
3385 3128 3744 3201 σταυρωσὰν-

473 3201 695 3254 mentita
725 3210 802 3255 est
835 3204 1090 3273 iniquitas
1115 3206 1214 3260 sibi
1241 3207 1307 3262 ⁸³.
1344 3208 1411 3263 Et
1443 3210 1591 3280 quod
1629 3210 1815 3282 ﬂagris
1840 3213 2057 3269 cecide-

2161 3233 2271 3270 των
2297 3216 2462 3272 αὐτὸν
2492 3216 2590 3271 τοῦ
2625 3216 2764 3272 Θεοῦ
2795 3218 2893 3272 καὶ
2927 3218 3144 3291 Πατρδς
3169 3222 3549 3294 ἀγανάκτησιν
3577 3223 3744 3288 ;”Ὀτι

471 3297 606 3343 runt
638 3289 843 3359 ipsum,
890 3300 948 3348 et
989 3295 1254 3365 colaphos
1303 3297 1355 3352 ei
1409 3298 1774 3371 impegerunt,
1810 3311 1867 3358 et
1899 3317 2058 3358 eum-

473 3380 601 3434 dem
636 3394 1039 3453 eonspuerunt,
1075 3397 1312 3446 testatur
1342 3408 1444 3447 suo
1480 3393 1744 3449 vaticinio
1788 3397 2058 3466 propheta

472 3471 644 3528 Isaias
669 3491 682 3527 :
708 3473 939 3533 Dorsum
980 3496 1151 3535 meum
1195 3483 1314 3539 dedi
1356 3486 1426 3540 ad
1451 3486 1692 3558 ﬂagella,
1721 3497 1773 3542 et
1799 3506 1962 3561 genas
1991 3492 2061 3547 ad

473 3563 720 3636 colaphos
749 3584 768 3623 :
792 3570 979 3641 faciem
1018 3590 1191 3630 meam
1222 3593 1326 3631 non
1356 3581 1524 3634 averti
1549 3598 1582 3634 a
1613 3581 1846 3651 fmditate
1876 3593 2058 3654 sputo-

476 3674 595 3713 rum
617 3658 684 3714 ⁸¹¹.
718 3660 786 3716 Ει
811 3662 857 3717 si
892 3663 1104 3721 dixeris
1134 3665 1313 3737 ipsum
1341 3684 1453 3739 prie
1485 3670 1699 3726 insania
1737 3682 1795 3728 et
1818 3675 2061 3730 amentia

474 3749 592 3805 haec
638 3753 989 3823 sustinuisse,
1020 3772 1131 3814 non
1184 3760 1453 3818 invenies.
1484 3762 1641 3831 Quod
1674 3780 1808 3822 vero
1857 3766 2060 3824 ductus

473 3853 580 3910 est,
610 3853 672 3900 ut
713 3849 1154 3922 cruciﬁgeretur,
1186 3854 1325 3910 nihil
1368 3856 1778 3924 contradicens,
1805 3859 2061 3931 praedixit

475 3950 673 3992 rursus
702 3938 913 3996 Isaias:
956 3942 1232 4016 Tanquam
1263 3948 1370 4003 ovis
1412 3950 1483 4003 ad
1522 3951 1832 4007 occisionem
1873 3953 2059 4008 ductus

475 4036 553 4081 est
578 4043 599 4084 :
621 4038 671 4083 et
698 4032 829 4085 sicut
855 4051 1027 4103 agnus
1053 4053 1235 4093 coram
1276 4040 1521 4095 tondente
1544 4058 1601 4096 se
1628 4050 1805 4098 mutus
1836 4044 1930 4114 (sic
1953 4061 2058 4099 non

477 4121 647 4188 aperit
669 4136 725 4176 os
746 4122 837 4194 ⁸⁸).
858 4123 1017 4191 Quod
1038 4137 1222 4184 autem
1249 4130 1301 4185 ei
1331 4130 1628 4188 illuserunt
1650 4134 1874 4201 milites,
1900 4151 2059 4191 eum-

476 4223 585 4281 que
633 4215 787 4269 cruci
834 4229 1148 4286 panxerunt
1180 4238 1193 4274 :
1227 4230 1284 4277 et
1312 4223 1461 4292 quod
1496 4225 1590 4279 lux
1623 4225 1918 4283 obscurata
1951 4237 2058 4290 est.

475 4312 534 4360 et
573 4305 657 4360 sol
704 4308 951 4365 tenebris
980 4298 1209 4381 repente
1246 4314 1543 4383 obductus,
1582 4326 1640 4373 et
1667 4319 1798 4374 luna
1827 4321 2060 4393 caligine

472 4393 675 4484 offusa.
707 4398 978 4457 Praeterea
1010 4404 1159 4474 quod
1205 4416 1422 4463 acetum
1457 4420 1514 4465 et
1544 4410 1614 4467 fel
1662 4422 1853 4484 potum
1898 4416 2058 4472 dedi-

475 4482 597 4544 stis,
618 4492 675 4539 et
696 4487 1025 4545 vestimenta
1045 4493 1166 4563 ejus
1186 4497 1373 4565 partiti
1392 4499 1549 4566 estis,
1571 4482 1826 4571 praedixit
1846 4506 2015 4562 David
2042 4526 2056 4561 :

2164 3310 2330 3366 δὲκαὶ
2351 3310 2868 3385 ἐψευδομαρτύρουν
2892 3315 3015 3368 κατ’
3035 3315 3223 3381 αὑτοῦ,
3236 3316 3543 3386 λέγει,Ὅτι
3563 3316 3748 3372 ἐπαν-

2165 3401 2443 3473 έστησάν
2479 3423 2584 3476 μοι
2623 3403 2926 3477 μάρτυρες
2961 3406 3158 3463 ἄδικοι
3182 3449 3197 3475 ,
3226 3407 3327 3463 καί
3367 3408 3676 3479 ἐψεύσατο
3701 3409 3743 3478 ή

2166 3494 2368 3552 ἀδικία
2395 3496 2602 3567 ἑαυτῇ.
2636 3497 2758 3553 Ὅτι
2788 3499 3173 3571 ἐμαστίγωσαν
3216 3499 3400 3565 αὑτὸν,
3436 3517 3532 3556 και
3578 3500 3748 3574 ἐρρά-

2167 3605 2353 3656 πισαν,
2390 3589 2484 3645 καὶ
2517 3590 2845 3657 ἐνέπτυσαν,
2875 3590 3213 3664 προφητεύει
3255 3594 3285 3647 6
3331 3593 3594 3657 Ἡσαΐας·
3633 3592 3748 3648 Τὸν

2166 3681 2360 3736 νῶτόν
2381 3700 2503 3753 μου
2532 3682 2726 3738 ἔδωκα
2751 3685 2838 3750 είς
2861 3682 3187 3756 μάστιγας,
3213 3685 3322 3753 τὰς
3357 3685 3426 3739 δὲ
3455 3685 3748 3756 σιαγόνας

2167 3789 2287 3841 μου
2325 3775 2414 3840 είς
2451 3774 2808 3844 ῥαπίσματα
2832 3791 2846 3806 σ
2881 3776 2950 3830 τὸ
2986 3773 3055 3828 δὲ
3110 3776 3442 3844 πρόσωπόν
3473 3794 3595 3846 μου
3629 3777 3747 3832 οὐκ

2174 3865 2526 3935 ἀπέστρεψα
2552 3865 2672 3921 ἀπὸ
2694 3866 2994 3936 αἰσχύνης
3014 3865 3479 3938 ἐμπτυσμάτων.
3510 3867 3623 3923 Καὶ
3644 3867 3746 3923 ἐὰν

2169 3956 2352 4031 εἴπῃς,
2383 3956 2467 4011 ὅτι
2500 3957 2561 4023 ἐξ
2590 3956 2904 4029 ἀφροσύνης
2949 3949 3123 4013 ταῦτα
3164 3959 3606 4031 ύπομεμένηκεν,
3642 3960 3745 4031 οὐχ

2167 4049 2446 4121 εὑρήσεις.
2479 4049 2602 4103 Ὅτι
2646 4049 2705 4103 δέ
2748 4049 2913 4121 ήγετο
2945 4050 3025 4114 εἰς
3058 4049 3120 4105 τὸ
3161 4051 3545 4124 σταυρωθῆναι
3577 4052 3745 4125 μηδὲν

2167 4141 2484 4210 ἀντιλέγων,
2517 4136 2641 4195 εἷπε
2674 4142 2769 4196 καὶ
2800 4141 2964 4196 πάλιν
3002 4143 3239 4208 Ἡσαΐας
3270 4161 3286 4177 ο
3317 4144 3414 4211 Ὠς
3444 4147 3747 4214 πρόϐατον

2165 4233 2266 4289 ἐπὶ
2323 4232 2571 4304 σφαγὴν
2601 4235 2777 4303 ἢχθη,
2819 4233 2918 4288 καὶ
2972 4234 3053 4301 ὡς
3092 4235 3285 4305 ἀμνὸς
3319 4236 3601 4292 ἐναντίον
3634 4239 3746 4295 τοῦ

2168 4326 2478 4394 κείραντος
2524 4324 2714 4380 αὐτὸν
2744 4325 2985 4396 ἄφωνος
3016 4326 3150 4398 (29).
3184 4327 3306 4381 Ὀτι
3345 4328 3402 4382 δέ
3451 4328 3746 4395 ἐνέπαιξαν

2167 4419 2332 4471 αὐτὸν
2369 4418 2419 4471 oi
2458 4417 2811 4489 στρατιῶται,
2850 4419 2946 4471 καὶ
2986 4417 3346 4491 ἐσταύρωσαν
3376 4437 3391 4451 ·
3467 4422 3562 4474 καὶ
3614 4437 3746 4474 συνο

2167 4512 2429 4565 εσκότασε
2460 4509 2521 4564 τδ
2569 4508 2688 4581 φῶς
2727 4509 2825 4564 καὶ
2855 4511 2884 4564 6
2926 4510 3102 4582 ἥλιος,
3132 4511 3230 4565 καὶ
3269 4512 3303 4581 ή
3347 4511 3547 4584 σελήνη
3594 4511 3747 4585 ζόφῳ

473 4574 641 4648 614
679 4577 942 4644 Quoniam
982 4585 1444 4646 subsannaverunt
1480 4610 1564 4647 me
1592 4595 2002 4655 subsannatione
2044 4618 2057 4656 :

2171 4600 2563 4672 περιεϐάλλετο
2581 4574 2607 4629 ⁷·
2639 4599 2760 4665 ὅξος
2806 4617 2868 4653 τε
2893 4574 2992 4655 καὶ
3022 4574 3188 4673 χολήν
3218 4574 3512 4655 ἐποτίσατε
3533 4574 3742 4667 ἀὀτὸςῇ

476 4665 822 4734 frenduerunt
846 4689 1007 4745 super
1029 4692 1110 4730 me
1140 4677 1378 4735 dentibus
1406 4681 1536 4739 suis.
1578 4683 1821 4752 Domine,
1850 4690 2063 4759 quando

474 4757 720 4829 inspicies
745 4762 829 4817 '°?
851 4764 921 4821 Et
942 4766 1211 4826 Jeremias
1233 4770 1302 4826 de
1328 4788 1495 4830 cruce
1525 4793 1537 4829 :
1570 4775 1768 4843 Venite,
1802 4757 2063 4837 immitta-

476 4868 593 4907 mus
620 4852 822 4926 lignum
841 4859 896 4912 in
919 4878 1111 4931 panem
1138 4864 1274 4934 ejus,
1295 4872 1344 4920 et
1371 4866 1655 4922 eradamus
1675 4869 1848 4941 ipsum
1868 4880 2062 4926 eterra

474 4946 779 5014 viventium,
813 4960 862 5005 et
892 4968 1081 5008 nomen
1115 4956 1229 5026 ejus
1253 4974 1358 5011 non
1391 4968 1712 5014 memoretur
1739 4962 1969 5033 amplius
1992 4965 2059 5018 ³⁷.

473 5034 546 5090 Et
579 5036 649 5093 de
675 5039 744 5095 iis
766 5043 860 5112 qui
890 5060 1017 5099 eum
1052 5049 1272 5116 probris
1301 5049 1632 5117 adiciebant,
1667 5069 1793 5109 cum
1827 5055 1881 5109 in
1911 5056 2059 5127 ligno

476 5127 963 5203 penderetf‘Dai'd
993 5137 1130 5193 dicit
1159 5157 1172 5194 :
1204 5139 1396 5197 Omnes
1420 5146 1513 5215 qui
1537 5146 1784 5201 videbant
1817 5165 1917 5214 me,
1938 5151 2061 5205 sub-

477 5236 842 5311 sannaverunt
875 5245 973 5283 me.
1007 5230 1190 5287 Locuti
1223 5244 1344 5289 sunt
1382 5235 1552 5303 labiis,
1587 5249 1857 5295 moverunt
1880 5250 2059 5311 caput.

478 5309 722 5380 Speravit
770 5317 825 5370 in
868 5316 1115 5386 Domino,
1161 5322 1338 5378 liberet
1381 5327 1551 5397 ipsum
1592 5345 1609 5382 .'
1647 5328 1850 5386 salvum
1901 5309 2064 5401 faciat

2166 4691 2263 4746 καὶ
2325 4690 2393 4745 τὰ
2454 4691 2647 4760 ἱμάτια
2705 4690 2874 4746 αὐτοῦ
2922 4690 3308 4763 διεμερίσασθε
3340 4736 3357 4764 ,
3413 4694 3678 4766 προεῖπεν
3715 4693 3747 4746 6

2162 4779 2327 4835 Aa6i6
2356 4794 2372 4810 °
2412 4780 2540 4834 Ὅτι
2622 4780 3103 4850 ἐξεμυκτψισὰν
3174 4799 3253 4850 με
3307 4779 3702 4854 μυκτηρισμῷ
3726 4822 3744 4848 ,

2162 4871 2423 4940 ἐϐρυεαν
2443 4873 2538 4926 ἐπ’
2558 4872 2664 4942 ἐμὲ
2688 4871 2833 4940 τοὺς
2859 4873 3112 4940 ὀδόντας
3132 4873 3353 4929 αὐτῶν.
3376 4875 3576 4943 Κύριε,
3599 4874 3747 4928 πότε

2162 4965 2377 5035 ἑπόψει
2392 4965 2548 5035 ,‘ﬁKal
2572 4966 2601 5019 6
2647 4964 2922 5036 Ἱερεμίας
2955 4966 3083 5037 περὶ
3111 4966 3205 5022 τοῦ
3235 4965 3473 5039 σταυροῦ
3494 5008 3509 5034 ,
3541 4966 3740 5032 Δεῦτε,

2164 5055 2265 5111 καί
2311 5054 2659 5127 ἐμϐάλωμεν
2714 5056 2907 5122 ξύλον
2941 5059 3029 5123 είς
3055 5058 3162 5112 τὸν
3185 5056 3371 5128 ἄρτον
3399 5057 3611 5124 αὐτοῦ,
3643 5055 3744 5113 καί

2164 5150 2538 5219 ἐκτρίψωμεν
2569 5149 2757 5205 αὑτὸν
2791 5149 2913 5205 ἀπὸ
2938 5150 3052 5220 γῆς
3083 5149 3339 5216 ζώντων,
3375 5149 3475 5205 καί
3505 5150 3574 5204 τὸ
3605 5149 3742 5203 ὄνο-

2160 5256 2246 5308 μα
2274 5237 2462 5293 αὐτοῦ
2489 5241 2561 5293 οὐ
2586 5230 2667 5308 μὴ
2690 5238 2937 5309 μνησθῇ
2961 5239 3068 5296 ἔτι.
3109 5239 3222 5294 Καὶ
3262 5239 3390 5311 περὶ
3419 5239 3528 5293 τῶν
3556 5239 3741 5294 ὀνειδι-

2168 5331 2372 5396 ζόντων
2402 5330 2586 5396 αὑτὸν,
2621 5331 2709 5385 ὅτε
2745 5331 3022 5402 ἐκρέματο
3051 5332 3142 5385 ἐπὶ
3169 5330 3350 5396 ξύλου,
3377 5330 3543 5384 Δαύὶδ
3569 5329 3742 5398 λέγει,

558 5477 601 5508 δ’
627 5477 764 5559 Gen.
796 5496 937 5559 ηιμ,
953 5481 1004 5537 6.
1083 5484 1331 5559 "Exod.
1364 5505 1549 5559 χχχιιι,
1587 5492 1648 5546 16
1677 5508 1788 5548 sec.
1822 5490 1985 5547 LXX.

2169 5491 2281 5547 bid.
2320 5492 2404 5546 15.
2483 5492 2523 5523 ⁸³
2553 5489 2725 5545 Exod.
2760 5506 2868 5559 xix.
2903 5490 2954 5545 6.
3034 5491 3078 5522 "
3111 5491 3253 5546 Psal.
3280 5507 3339 5553 ιι,
3369 5488 3422 5544 4.
3517 5490 3564 5521 ⁸⁸
3592 5488 3734 5545 Psal.

482 5561 627 5611 xxvi,
676 5550 763 5605 12.
836 5551 884 5584 ”
918 5553 1018 5609 lsa.
1052 5571 1103 5619 ι,
1134 5556 1186 5611 6.
1267 5559 1311 5591 "
1342 5560 1445 5616 lsa.
1475 5550 1585 5630 uti,
1618 5564 1671 5618 7.
1748 5564 1795 5595 ⁵⁸
1826 5563 1971 5618 Psal.
1998 5579 2057 5619 xx

2167 5604 2180 5626 ,
2219 5561 2301 5617 16.
2380 5560 2426 5593 ’τ
2455 5559 2658 5619 lerem.
2695 5576 2768 5623 χι,
2806 5558 2889 5615 l9.

1984 5692 2217 5748 ΝΟΤᾹΣ.

484 5771 666 5913 μάθε)
701 5771 927 5852 Συνήχ.
956 5783 1090 5853 μέν.
1127 5784 1283 5841 Forte
1318 5789 1504 5859 συνήχ.
1548 5788 1677 5861 γάρ,
1721 5788 1791 5843 ob
1816 5800 2052 5864 sequens

2233 5784 2344 5857 (29)
2377 5786 2669 5857 ’Ἀφωνορ
2701 5785 2996 5857 Sequentia
3026 5785 3245 5854 desunt,
3279 5784 3448 5849 οὕτως
3474 5784 3570 5839 οὐκ
3602 5786 3741 5840 ἀνα.-

2166 5855 2253 5927 γει
2280 5855 2341 5909 τὸ
2373 5857 2565 5928 στόμα.
2589 5855 2795 5912 ϐυιοιι.
