4094 6534
388 376 495 441 661

1354 392 1811 455 DISPUTATIO
1850 396 2007 457 CUM
2049 398 2411 461 HERBANO
2448 400 2731 462 JUDxEO.

3545 404 3648 467 662

387 490 619 583 Πάντες
670 494 724 547 ol
774 496 1145 565 θεωροῦντές
1183 518 1260 571 με
1298 502 1793 577 ’ἐξεμυκτῴισὰν
1852 524 1964 579 με’

2078 510 2267 580 ipsum,
2301 514 2426 583 quia
2471 512 2581 566 vult
2616 528 2733 567 eum
2774 514 2840 565 ⁵³⁸.
2890 514 2965 567 ι)ε
3008 513 3180 568 clavis
3210 513 3412 583 quibus
3444 514 3651 570 dellxe-

382 579 704 646 ἐλάλησαν
777 583 849 636 ἐν
910 588 1187 655 χείλεσιν
1219 632 1233 655 ,
1288 593 1589 664 ἐκίνησαν
1648 599 1927 668 κεφαλήν
1952 618 1965 631 ·

388 674 685 727 Ἦλπισεν
723 674 823 729 ἐπὶ
865 679 1105 747 Κύριον,
1131 683 1427 750 ῥυσάσθω
1454 690 1646 743 αὐτόν
1670 708 1684 723 ·
1715 691 1972 746 σωσάτω

383 765 592 830 αὐτὸν,
623 766 713 821 ὅτι
766 768 924 824 θέλει
974 775 1182 830 αὐτόν.
1215 779 1327 831 Καὶ
1377 780 1509 850 περὶ
1552 780 1661 834 τῶν
1694 782 1860 853 ἥλων,
1896 776 1971 837 ὧν

387 857 608 925 ἥλωσαν
660 861 742 923 εὶς
791 865 918 927 τοὺς
966 866 1133 930 πόδας
1177 870 1269 923 καὶ
1304 873 1401 934 τὰς
1436 875 1623 943 χεῖρας
1663 875 1851 939 αὑτοῦ,
1882 878 1971 930 ὅτε

386 947 730 1018 ἐκρέμασαν.
757 953 853 1006 τοῦ
889 954 1020 1010 λαοῦ
1051 958 1240 1031 κύκλῳ
1266 964 1364 1033 τῆς
1406 965 1761 1037 Ἰερουσαλὴμ
1800 969 1971 1021 ἑστῶ-

386 1055 477 1101 τος
531 1042 623 1093 καὶ¹
676 1043 1030 1116 θεωροῦντος,
1096 1054 1232 1122 φησὶ
1263 1094 1279 1117 ,
1336 1060 1835 1125 Περιεκύκλωσὰν
1895 1078 1972 1129 με

388 1131 567 1198 κύνες
589 1137 830 1191 πολλοί.
859 1138 981 1194 Ὅτι
1013 1144 1109 1195 καὶ
1148 1146 1213 1197 ὲκ
1234 1150 1333 1215 τῆς
1356 1151 1678 1221 συναγωγῆς
1702 1147 1846 1221 ἦσαν
1872 1152 1971 1220 τῆς

390 1225 812 1297 κεκρατημένης
842 1229 980 1299 (30),
1016 1234 1116 1304 τῆς
1181 1236 1239 1301 ἐξ
1300 1239 1477 1310 ὑμῶν,
1511 1243 1765 1309 ἄκουσον,
1815 1249 1970 1299 Συν-

387 1314 587 1383 αγωγή
658 1325 1161 1392 πονηρευομένων
1248 1333 1577 1404 περιέσχον
1669 1354 1765 1405 με.
1862 1340 1972 1393 Καὶ

391 1407 519 1474 περὶ
568 1409 676 1460 τῶν
729 1410 898 1482 ἥλων,
941 1415 1198 1484 Ὄρυξαν
1249 1422 1453 1491 χεῖράς
1485 1444 1603 1493 μου
1646 1429 1744 1482 καὶ
1779 1430 1971 1496 πόδας

392 1678 592 1770 ζμάτιά
623 1700 744 1751 μου
777 1686 1009 1755 ἑαυτοῖς
1034 1730 1049 1755 ,
1076 1693 1174 1745 καὶ
1210 1695 1307 1747 ἐπὶ
1360 1697 1466 1750 τὸν
1502 1700 1825 1770 ἱματισμόν
1852 1720 1971 1770 μου

389 1768 611 1824 ἔϐαλον
641 1772 887 1843 κλῆρον.
924 1780 1029 1832 Καὶ
1073 1784 1195 1852 περὶ
1237 1785 1331 1837 τοῦ
1369 1785 1559 1854 ὄξους,
1592 1784 1654 1842 οὗ
1680 1768 1964 1861 ἐποτίσθη,

391 1862 484 1914 καὶ
524 1863 624 1933 τῆς
678 1868 879 1940 χολῆς,
921 1871 1181 1927 Ἕδοσαν
1227 1879 1313 1942 εἰς
1342 1878 1408 1931 τὸ
1448 1880 1662 1949 βρῶμά
1707 1902 1826 1952 μου
1864 1903 1952 1953 χο-

388 1953 534 2021 λὴν,
564 1957 662 2010 καὶ
708 1961 794 2027 εἰς
842 1962 957 2029 τὴν
998 1964 1189 2034 δίψαν
1219 1987 1339 2037 μου
1369 1972 1664 2027 ἐπότισάν
1696 1993 1769 2044 με
1801 1976 1963 2043 ὅξος.

392 2046 502 2099 Καὶ
554 2052 683 2120 περὶ
731 2051 823 2104 τοῦ
877 2059 1193 2127 σκοτασμοῦ
1251 2062 1352 2132 τῆς
1405 2064 1640 2135 ἡμέρας,
1687 2068 1969 2138 Ἀμμὼςὸ

392 2140 677 2210 προφήτης
709 2142 931 2212 ᾐνίξατο
957 2164 970 2177 ο
1008 2150 1262 2204 Δύσεται
1288 2155 1320 2205 ὀ
1354 2153 1526 2221 ἣλιος
1573 2162 1965 2229 μεσημϐρίας,

389 2229 583 2296 εεπὼν,
618 2235 714 2287 καὶ
750 2239 1125 2294 συσκοτιὶσει
1163 2242 1262 2295 ἐπὶ
1311 2245 1417 2313 τῆς
1452 2245 1563 2315 γῆς
1596 2249 1665 2302 ἐν
1694 2251 1881 2321 ἡμέρᾳ
1904 2255 1968 2308 τὸ

384 2322 537 2392 φῶς.
574 2326 698 2380 ’Ὁτι
728 2329 1043 2400 τελευτήσει
1081 2335 1176 2387 ἐπὶ
1218 2338 1475 2409 σταυροῦ,
1530 2341 1754 2406 Ἡσαΐας
1783 2345 1965 2413 λέγει·

396 2416 507 2467 ’⁸ον
545 2418 769 2485 τρόπον
795 2420 1201 2490 ἐκστήσονται
1234 2427 1333 2481 ἐπὶ
1366 2429 1440 2482 σὲ
1468 2435 1693 2487 πολλοί
1713 2450 1727 2463 ⁸
1765 2437 1971 2507 σημεῖά

393 2525 452 2561 σε
510 2510 619 2580 πρὸ
676 2513 772 2566 τοῦ
828 2514 1035 2580 πάθους
1101 2519 1337 2591 ὁρῶντες
1406 2524 1700 2580 τελοῦντα·
1770 2530 1970 2598 οὕτως

388 2600 685 2671 ἀδοξήσει
722 2606 793 2671 ἐξ
838 2608 1168 2677 ἀνθρώπων
1206 2614 1272 2667 τὸ
1316 2610 1474 2683 εἶδός
1503 2632 1641 2684 σου,
1674 2621 1785 2689 καὶ,
1822 2622 1968 2690 ἔθνη

390 2697 511 2749 πολ
524 2697 595 2748 λὰ
620 2696 1030 2766 θαυμὰσονται
1075 2702 1173 2757 ἐπὶ
1208 2705 1283 2759 σέ
1309 2723 1323 2737 ·
1341 2707 1598 2778 Ετὸομεν
1625 2712 1734 2782 γὰρ
1761 2714 1968 2778 αὐτὸν,

390 2786 492 2839 καὶ
528 2788 639 2843 οὐκ
687 2786 853 2859 εἶχεν
911 2788 1093 2859 εἶδος,
1130 2796 1275 2851 οὐδὲ
1313 2799 1561 2868 κάλλος,
1590 2804 1729 2859 οὔτε
1757 2805 1969 2877 δόξαν,

390 2884 554 2939 ἀλλὰ
605 2885 671 2939 τὸ
709 2884 870 2956 εἶδος
898 2892 1086 2946 αὐτοῦ
1119 2893 1350 2963 ἄτιμον,
1379 2898 1666 2954 ἐκλεῖπον
1710 2902 1778 2956 τὸ
1809 2902 1973 2973 εἶδος

391 2976 578 3030 αὑτοῦ
620 2977 740 3032 ἀπὸ
791 2980 910 3034 τῶν
965 2982 1113 3037 υἱῶν
1176 2984 1295 3039 τῶν
1355 2988 1696 3056 ἀνθρώπων.
1734 2992 1855 3048 Ὀτι
1916 2996 1974 3049 δὲ

396 3067 667 3141 ἑκεντήθη
697 3070 797 3143 τὴν
823 3072 1068 3144 πλευρὰν
1091 3079 1157 3147 τῇ
1185 3077 1379 3149 λόγχῃ,
1412 3079 1559 3149 λέγει
1589 3099 1602 3113 ·
1636 3084 1973 3153 Ἀνθρωπος

2075 613 2204 659 runt
2237 606 2405 676 pedes
2430 617 2487 661 et
2519 624 2714 662 manus
2745 609 2884 678 ejus,
2923 623 3047 661 cum
3090 607 3521 676 suspenderunt,
3552 623 3652 678 po-

2072 702 2205 767 pulo
2249 698 2747 770 llierosolymitano
2803 700 3198 754 circumstante
3246 707 3303 753 et
3345 709 3651 768 spectante,

2072 790 2147 844 ait
2178 808 2190 843 :
2219 790 2688 846 Circumdederunt
2720 809 2800 846 me
2828 809 2981 846 canes
3003 792 3157 845 multi
3188 793 3254 844 ⁸⁸.
3281 790 3437 856 Quod
3469 800 3655 845 autem

2071 897 2139 936 ex
2169 891 2351 937 vestra
2396 898 2667 953 synagoga
2702 884 2950 945 fuerunt,
2994 898 3117 951 qua:
3168 881 3369 935 aﬂlicta
3420 888 3476 934 et
3521 894 3656 949 pro~

2071 984 2239 1030 strata
2289 984 2407 1039 est,
2456 975 2585 1029 audi
2624 974 2958 1029 :Concilium
2996 973 3404 1043 malignantium
3455 971 3657 1024 obsedit

2073 1086 2154 1122 me
2185 1070 2250 1122 ⁶⁰.
2287 1068 2355 1122 Ει
2382 1067 2450 1122 de
2478 1067 2647 1122 clavis
2686 1085 2698 1120 :
2731 1066 2997 1120 Foderunt
3032 1082 3219 1120 manus
3254 1081 3397 1118 meas
3427 1072 3474 1117 et
3505 1063 3659 1132 pedes

2072 1178 2235 1226 meos,
2281 1162 2746 1215 dinumeraverunt
2795 1161 2975 1213 omnia
3021 1177 3139 1213 ossa
3190 1174 3308 1211 mea
3356 1157 3421 1209 ⁶¹.
3477 1156 3545 1209 Ει
3590 1154 3658 1207 de

2072 1254 2375 1324 partitione
2430 1253 2887 1308 vestimentorum
2938 1253 3058 1321 ejus
3104 1270 3117 1304 :
3166 1249 3357 1304 Partiti
3399 1257 3522 1301 sunt
3564 1246 3660 1300 sibi

2072 1346 2380 1400 vestimenta
2416 1362 2553 1408 mea,
2581 1354 2629 1397 et
2656 1362 2816 1415 super
2839 1354 3031 1399 vestem
3062 1360 3235 1398 meam
3260 1344 3518 1396 miserunt
3546 1356 3661 1393 sor—

2073 1445 2176 1488 tem
2204 1436 2268 1487 ⁶².
2302 1435 2370 1489 Ει
2399 1436 2466 1489 de
2510 1444 2667 1488 aceto
2694 1450 2805 1503 quo
2842 1444 3005 1504 potus
3040 1433 3164 1497 fuit,
3199 1443 3256 1487 et
3284 1432 3411 1487 felle
3446 1450 3457 1484 :
3490 1431 3660 1485 Dede-

2073 1537 2197 1580 runt
2221 1528 2276 1580 in
2305 1543 2478 1581 escam
2504 1543 2676 1580 meam
2708 1525 2798 1594 fel,
2830 1537 2877 1578 et
2901 1528 2954 1579 in
2986 1527 3075 1579 siti
3105 1542 3221 1579 mea
3249 1531 3561 1595 potaverunt
3581 1540 3663 1577 me

1952 1615 1972 1666 ’l
2074 1628 2219 1672 aceto
2246 1619 2310 1672 ⁸³.
2340 1618 2407 1672 Ει
2439 1619 2507 1672 de
2540 1617 2998 1672 obtenebratione
3037 1618 3168 1681 diei,
3200 1617 3365 1671 Amos
3396 1614 3661 1685 propheta

2072 1711 2362 1781 aenigmate
2416 1709 2653 1779 quodam
2705 1709 2842 1763 dixit
2883 1728 2895 1762 :
2937 1709 3145 1764 Occidet
3190 1710 3272 1763 sol
3319 1710 3373 1761 in
3424 1708 3662 1768 meridie,

2073 1802 2232 1856 simul
2263 1804 2422 1856 etiam
2462 1804 2515 1855 in
2549 1812 2693 1855 terra
2730 1819 2823 1872 per
2868 1803 3005 1855 diem
3053 1802 3144 1855 lux
3183 1802 3571 1855 obtenebrascet
3597 1800 3661 1852 “.

2076 1894 2232 1961 Quod
2267 1895 2320 1948 in
2348 1909 2511 1948 cruce
2538 1894 2839 1949 moriturus
2874 1903 3041 1957 esset,
3074 1893 3240 1949 Isaias
3270 1894 3443 1948 dicit:
3470 1892 3666 1957 Quem-

2078 1988 2362 2042 admodum
2388 1987 2747 2058 obstupescent
2773 2004 2930 2057 super
2965 1999 3012 2041 te
3044 1987 3218 2047 multi,
3250 1988 3403 2057 signa
3444 1995 3496 2041 te
3539 1995 3667 2041 ante

2077 2080 2390 2150 passionem
2414 2080 2669 2134 videntes
2686 2079 2983 2135 facientem
3015 2098 3027 2133 :
3056 2078 3144 2133 Sic
3170 2079 3568 2132 dedecorabitur
3602 2078 3665 2130 ab

2076 2172 2370 2225 hominibus
2404 2179 2497 2225 tua
2525 2174 2721 2243 species
2749 2189 2766 2227 :
2795 2179 2843 2226 et
2891 2182 3070 2243 gentes
3104 2171 3283 2225 multa’
3317 2168 3666 2224 admirabun-

2076 2273 2165 2325 tur
2194 2281 2353 2335 super
2388 2275 2436 2319 te
2481 2266 2545 2319 ⁸⁵.
2582 2266 2813 2319 Vidimus
2844 2283 2984 2329 eum,
3031 2274 3080 2317 et
3126 2281 3229 2317 non
3276 2263 3498 2317 habebat
3546 2278 3667 2332 spe-

2077 2360 2227 2422 ciem,
2260 2376 2427 2429 neque
2451 2360 2915 2429 iulcliritudinem,
2943 2374 3109 2429 neque
3135 2357 3362 2429 gloriam
3388 2372 3406 2410 :
3430 2356 3523 2411 sed
3550 2372 3669 2426 spe—

2076 2453 2178 2505 cies
2220 2453 2333 2522 ejus
2383 2461 2561 2523 spreta
2612 2462 2661 2505 et
2712 2461 3047 2523 contempta,
3101 2450 3399 2521 relinquens
3444 2450 3667 2519 speciem

2075 2562 2230 2598 suam
2262 2564 2293 2598 a
2338 2545 2463 2613 ﬁliis
2497 2548 2767 2600 hominum
2802 2546 2869 2599 “.
2910 2545 3067 2610 Quod
3104 2559 3239 2598 vero
3290 2545 3433 2598 latus
3474 2543 3666 2596 lancea

2076 2637 2385 2705 perfossum
2438 2637 2653 2699 habuit,
2689 2637 2864 2692 dicit:
2910 2635 3077 2690 Homo
3126 2637 3216 2706 qui
3252 2634 3469 2705 plagam
3505 2633 3663 2703 ferat,

2077 2738 2126 2783 et
2158 2730 2248 2800 qui
2294 2727 2438 2782 scivit
2484 2729 2619 2797 ferre
2658 2726 2989 2797 languorem.
3022 2724 3178 2792 Quod
3212 2739 3402 2779 aversa
3438 2731 3558 2777 erat
3592 2721 3667 2775 fa—

2078 2821 2193 2877 cies
2230 2819 2349 2889 ejus
2392 2836 2403 2871 :
2442 2817 2781 2885 Contemptus
2832 2816 2950 2883 fuit,
2997 2825 3045 2868 et
3099 2832 3202 2869 non
3253 2821 3546 2884 reputatus.
3597 2810 3669 2865 lit

2081 2913 2401 2968 ostenderet
2426 2909 2892 2981 propheta,'quod
2928 2908 3288 2963 incumbebat
3319 2907 3499 2976 ipsum
3528 2904 3664 2975 pati,

2081 3020 2189 3058 non
2226 3012 2454 3073 propter
2498 3018 2557 3057 se
2591 3001 2772 3071 ipsum
2808 3000 2942 3070 (non
2971 2999 3120 3054 enim
3164 2998 3362 3053 habuit
3392 2997 3508 3067 ipse
3545 3010 3669 3066 pec-

2082 3097 2313 3165 catum),
2345 3094 2440 3150 sed
2487 3104 2715 3164 propter
2750 3101 2942 3148 nostra
2972 3102 3218 3161 peccata,
3248 3089 3551 3161 subiungit,
3580 3089 3666 3143 di-

392 3163 463 3271 εν
487 3165 704 3271 ,πληγῇ
740 3166 861 3230 ὢν,
886 3170 982 3223 καὶ
1023 3170 1195 3238 εἰδὼς
1231 3174 1437 3243 φέρειν
1476 3180 1813 3245 μαλακίαν.
1847 3182 1972 3237 Ὀτι

2081 3203 2215 3244 cens
2243 3163 2405 3257 :ilpse
2436 3163 2641 3256 bajulat
2679 3193 2861 3239 nostra
2926 3192 3161 3254 peccata,
3197 3192 3246 3236 et
3276 3198 3370 3252 pro
3399 3180 3544 3235 nobis
3572 3181 3667 3234 do-

393 3257 745 3327 ἁπέστρεπτο
779 3260 892 3333 (51)
920 3262 983 3316 τὸ
1000 3264 1292 3333 πρόσωπον
1312 3267 1500 3333 αὑτοῦ,
1534 3270 1848 3342 Ἠτιμάσθη
1876 3275 1975 3329 καὶ

394 3354 505 3406 οὐκ
561 3352 871 3423 ἐλογίσθη.
912 3356 1030 3411 Ἵνα
1081 3357 1230 3429 δείξῃ
1267 3360 1295 3411 ὁ
1322 3362 1634 3434 προφήτης,
1660 3364 1742 3418 ὅτι
1794 3366 1977 3422 ἔκειτο

393 3446 555 3499 αὑτὸν
590 3447 805 3512 παθεῖν,
842 3449 903 3501 οὐ
935 3448 1003 3502 δι’
1040 3452 1234 3505 ἑαυτὸν
1267 3453 1407 3523 (οὐδὲ
1434 3456 1543 3525 γὰρ
1574 3457 1842 3528 ἐκέκτητο
1872 3462 1972 3515 αὺ-

393 3536 487 3602 τδς
524 3539 847 3610 ἁμαρτίαν),
871 3542 1007 3597 ἀλλὰ
1054 3543 1144 3617 διᾲ
1183 3545 1251 3598 τὰ
1289 3546 1535 3618 ἡμέτερα
1576 3550 1971 3623 ἁμαρτήματα,

396 3631 595 3699 ἐπάγει
624 3632 801 3700 λέγων
826 3649 841 3663 ”
873 3635 1061 3701 Αὐτὸς
1093 3636 1199 3703 τὰς
1232 3638 1524 3707 ἁμαρτίας
1575 3640 1745 3709 ἡμῶν
1787 3644 1973 3712 φέρει,

399 3723 496 3774 καὶ
538 3722 690 3792 ὑπὲρ
729 3724 898 3792 ἡμῶν
921 3725 1244 3791 ὀδυνᾶται,
1280 3730 1376 3782 καὶ
1417 3731 1587 3800 ἡμεῖς
1619 3733 1977 3804 ἐλογισάμε-

401 3817 475 3866 θα
499 3814 683 3867 αὑτὸν
712 3815 782 3868 ἐν
809 3820 976 3882 πόνῳ
996 3819 1094 3873 καὶ
1120 3820 1327 3890 πληγῇ
1352 3820 1450 3877 καὶ
1477 3824 1548 3877 ἐν
1576 3826 1836 3881 κακώσει
1859 3828 1979 3883 ὑπὸ

399 3903 571 3959 Θεοῦ.
604 3906 798 3971 Αὐτὸς
824 3906 892 3959 δὲ
925 3908 1023 3963 διὰ
1048 3910 1153 3976 τὰς
1185 3911 1477 3979 ἁμαρτίας
1506 3914 1676 3983 ἡμῶν
1713 3916 1941 3987 πάσχει
1962 3959 1976 3982 ,

396 3998 866 4069 ἐτραυματίσθη,
902 4002 1001 4056 καὶ
1028 4003 1495 4073 μεμαλάκισται.
1536 4008 1840 4081 Προσέχεις
1861 4008 1977 4076 οὖν,

398 4082 443 4143 ὦ
485 4091 689 4164 Ἐρδᾶν
728 4094 989 4160 ἰουδαῖε,
1036 4097 1090 4149 τί
1149 4098 1299 4167 λέγει
1340 4102 1567 4167 Ἡσαΐας
1615 4104 1643 4155 ὁ
1693 4106 1981 4177 προφήτης

396 4184 659 4255 περὶτῶν
695 4187 887 4241 παθῶν
910 4188 1004 4242 τοῦ
1036 4190 1301 4259 Χριστοῦ,
1335 4196 1429 4248 καὶ
1458 4195 1527 4248 δι’
1556 4196 1624 4268 ῆν
1669 4198 1852 4253 αἰτίαν
1885 4200 1983 4253 πέ-

398 4277 583 4338 πονθε.
606 4280 712 4334 Καὶ
730 4281 894 4352 αὐτὸς
927 4282 1126 4351 λέγεις,
1151 4285 1236 4339 ὃτι
1273 4287 1387 4357 Ἐφ’
1408 4281 1640 4356 ᾧέπαθε
1697 4292 1980 4347 σκανδαλί-

398 4367 569 4439 ζομαι
591 4371 796 4441 μᾶλλον
823 4372 904 4443 τῷ
925 4374 1221 4445 πνεύματι.
1237 4376 1402 4449 Ὁρᾷς
1426 4380 1508 4433 ὅτι
1527 4378 1662 4452 [διὰ]
1683 4384 1779 4447 τὰς
1802 4383 1983 4456 ἁμαρ-

398 4462 520 4527 τίας
546 4465 726 4534 ἡμῶν,
766 4466 886 4536 ἦτοι
926 4466 1020 4520 τοῦ
1051 4469 1283 4540 κόσμου,
1308 4472 1583 4543 παρεδόθη
1616 4476 1696 4538 εἰς
1728 4474 1980 4532 θάνατον.

2080 3281 2191 3336 lore
2229 3280 2499 3335 cruciatur
2533 3297 2550 3333 :
2592 3287 2640 3332 et
2676 3296 2769 3333 nos
2806 3277 3167 3349 reputavimus
3207 3277 3379 3346 ipsum
3413 3276 3467 3328 in
3492 3272 3669 3327 labore

2079 3382 2128 3427 et
2157 3372 2396 3437 vulnere,
2427 3380 2475 3425 et
2506 3372 2559 3425 in
2587 3354 2862 3441 afﬂictione
2886 3388 2918 3424 a
2945 3368 3076 3424 Deo.
3106 3368 3225 3440 Ipse
3253 3377 3429 3422 autem
3458 3375 3670 3436 prapter

2080 3472 2293 3537 peccata
2316 3471 2497 3519 nostra
2518 3464 2740 3533 patitur,
2763 3462 3071 3517 vulneratus
3092 3470 3187 3522 est,
3213 3468 3259 3514 et
3281 3460 3496 3514 attritus
3522 3457 3671 3512 elan-

2080 3561 2191 3631 guit
2210 3559 2275 3613 ⁶⁷.
2296 3557 2563 3627 lntclligis
2589 3556 2777 3626 igitur,
2796 3572 2829 3611 ο
2846 3556 3101 3612 Herbane
3122 3555 3330 3617 iudice,
3349 3552 3479 3623 quid
3503 3553 3671 3607 Isaias

2078 3653 2350 3723 propheta
2372 3650 2503 3705 dicit
2530 3649 2598 3704 de
2620 3648 2826 3703 Christi
2852 3647 3195 3702 cruciatibus
3218 3655 3274 3699 et
3294 3644 3667 3714 passionibus,

2077 3752 2134 3797 et
2166 3758 2331 3812 quam
2373 3741 2445 3795 ob
2472 3754 2693 3794 causam
2724 3752 2918 3808 passus
2942 3746 3047 3792 cst.
3082 3735 3311 3791 Interim
3338 3734 3477 3788 dicis
3507 3743 3558 3787 te
3583 3733 3669 3789 of-

2079 3835 2231 3890 fendi
2264 3833 2437 3903 magis
2480 3832 2702 3901 spiritu,
2737 3840 2794 3886 et
2824 3828 3083 3884 scandalo
3114 3827 3278 3891 allici,
3324 3827 3472 3897 quod
3503 3824 3669 3883 Chri-

2080 3934 2200 3981 stus
2228 3939 2527 3995 perpessus
2559 3933 2664 3977 est.
2690 3921 2860 3978 Vides
2884 3921 3034 3990 quod
3062 3930 3289 3991 propter
3318 3929 3505 3975 nostra
3540 3933 3668 3989 pec—

2080 4027 2225 4083 cata,
2254 4018 2369 4073 sive
2410 3998 2625 4077 mundi,
2657 4015 2890 4069 traditus
2918 4024 3004 4069 est
3034 4014 3103 4069 ad
3142 4023 3397 4069 mortem.
3428 4013 3671 4069 Auribus

2081 4109 2305 4181 percipe
2349 4107 2497 4179 quod
2531 4107 2794 4176 deinceps
2826 4106 3078 4176 sequitur
3128 4124 3141 4160 :
3186 4105 3475 4176 Disciplina
3507 4106 3668 4169 enim,

2082 4202 2285 4272 inquit,
2312 4216 2417 4272 pax
2441 4208 2622 4254 nostra
2646 4200 2701 4253 in
2725 4200 2837 4269 ipso
2864 4214 2881 4252 :
2909 4197 2961 4252 id
2983 4205 3092 4263 est,
3118 4197 3485 4253 Peccantibus
3511 4196 3672 4251 nobis

2082 4302 2371 4364 correptus
2401 4302 2486 4348 est
2520 4291 2630 4356 ille,
2663 4301 2726 4346 ut
2749 4306 2851 4345 nos
2875 4290 3129 4345 inimicos
3160 4289 3543 4345 reconciliaret
3572 4289 3673 4343 Pa-

2084 4387 2179 4450 tri,
2214 4383 2559 4440 inimicitiam
2609 4383 2681 4437 ob
2718 4381 3212 4461 transgressionem
3246 4379 3535 4436 conﬂatam
3570 4379 3670 4434 de-

2086 4482 2308 4531 struens
2330 4474 2387 4529 in
2410 4474 2527 4529 suis
2546 4473 2919 4544 passionibus,
2948 4481 3011 4528 ut
3038 4480 3226 4542 postea
3254 4486 3442 4542 pacem
3468 4470 3672 4526 habea-

412 4554 769 4626 Ἐνωτισθητι
817 4558 913 4611 καὶ
956 4557 1017 4611 τὸ
1059 4558 1188 4630 ἑξῆς
1209 4576 1223 4590 ·
1256 4560 1508 4616 Παιδεία
1532 4564 1663 4633 γὰρ,
1690 4566 1877 4636 φησὶν,
1904 4568 1985 4621 ει-

2088 4581 2215 4622 mus
2245 4581 2372 4620 cum
2402 4564 2533 4619 Deo.
2564 4564 2706 4619 Audi
2742 4564 2929 4633 igitur,
2961 4577 2995 4617 ο
3030 4561 3307 4627 Herbane,
3340 4560 3669 4631 prophetam

392 4646 553 4715 ρήνη
603 4649 775 4718 ἡμῶν
818 4649 912 4703 ἐπ’
958 4649 1122 4717 αὐτῷ
1149 4666 1166 4683 ο
1222 4651 1369 4705 τοῦτ’
1425 4651 1563 4718 ἔστι,
1624 4653 1981 4709 Πταισάντων

399 4740 559 4811 ἡμῶν
597 4742 892 4815 ἐπαιδεύθη
945 4744 1173 4811 ἐκεῖνος,
1206 4745 1292 4798 ἵνα
1336 4746 1485 4815 ἡμᾶς
1520 4746 1833 4820 καταλλάξῃ
1880 4750 1982 4819 τὴν

401 4832 604 4903 ἔχθραν
625 4834 703 4901 τῷ
732 4835 933 4907 Πατρὶ,
964 4837 1067 4907 τὴν
1091 4836 1295 4908 ἔχθραν
1319 4838 1421 4908 τῆς
1452 4838 1822 4909 παραϐάσεως
1847 4840 1983 4895 ἀπο-

402 4924 624 4989 κτείνας
653 4928 711 4979 ὲν
741 4930 857 4991 τοῖς
896 4928 1091 4982 ἑαυτοῦ
1136 4928 1493 4999 παθήμασιν,
1526 4929 1678 4993 ὅπως
1705 4928 1769 4983 τδ
1795 4929 1982 4985 λοιπὸν

401 5018 627 5088 εἰρήνην
678 5018 893 5090 ἔχωμεν
950 5021 1087 5092 πρὸς
1132 5020 1288 5076 Θεόν.
1333 5021 1604 5075 Ἀκουσον
1649 5021 1834 5075 τοίνυν
1884 5022 1979 5076 τοῦ

400 5109 722 5178 προφήτου,
751 5103 796 5162 ὦ
846 5109 1081 5181 Ἐρϐᾶν,
1112 5111 1205 5164 καὶ
1257 5108 1534 5179 πείσθητι,
1598 5108 1683 5175 Τῷ
1736 5109 1983 5179 μώλωπι

400 5200 611 5264 αὐτοῦ,
642 5201 919 5269 λέγοντος,
971 5201 1145 5270 ἡμεῖς
1178 5201 1404 5267 πάντες
1457 5200 1728 5269 ιάθημεν.
1775 5201 1833 5256 '0
1874 5203 1984 5273 γὰρ

402 5293 611 5362 Κύριος
658 5294 821 5365 ἡμῶν
878 5294 1200 5366 παρέδωκεν
1240 5295 1435 5349 ἑαυτὸν
1465 5296 1546 5358 εἰς
1577 5294 1815 5349 θάνατον
1862 5298 1984 5359 ταῖς

404 5385 702 5455 ἁμαρτίαις
735 5386 916 5458 ἡμῶν.
966 5387 1109 5443 Ἀπὸ
1140 5386 1259 5441 τῶν
1293 5386 1556 5458 ἀνομιῶν
1579 5406 1698 5457 μου
1722 5388 1857 5459 (5‘2),
1877 5406 1985 5460 φη·

476 5500 521 5530 ⁸¹¹
553 5500 697 5555 Psal.
731 5518 839 5564 XXI,
877 5502 929 5560 7.
960 5502 1012 5556 9.
1090 5502 1136 5534 ⁵³
1170 5502 1309 5557 ibid.
1354 5503 1437 5555 Π.

408 5571 451 5601 ⁸⁸
486 5570 589 5624 lsa.
619 5588 710 5637 LII,
738 5572 829 5638 ει,
855 5573 945 5627 9.5.
1026 5573 1071 5604 “
1111 5573 1213 5627 lsa.
1247 5572 1437 5639 ι.111,⁶;).,
1467 5572 1519 5625 3.

1518 5504 1561 5532 ⁸ο
1596 5501 1730 5555 ibid.
1810 5503 1852 5533 ⁶¹
1889 5501 2025 5556 ibid.
2105 5502 2148 5534 ⁸³
2180 5502 2314 5556 ibid.
2346 5502 2432 5556 19.
2510 5502 2554 5532 ⁸³
2586 5502 2727 5556 Psal.
2760 5517 2942 5561 ιχγιιι.
2972 5501 3064 5556 22.

1598 5574 1639 5603 ⁸⁷
1681 5572 1815 5627 ibid.
1854 5572 1909 5638 4,
2069 5573 2113 5605 ⁸⁸
2148 5573 2284 5627 ibid.
2324 5573 2374 5626 5.

2085 4657 2361 4713 dicentem
2402 4664 2460 4711 et
2502 4655 2669 4711 crede
2715 4655 2943 4709 :Livore
2975 4655 3090 4724 ejus
3134 4668 3313 4707 omnes
3360 4653 3536 4706 sanati
3576 4668 3667 4705 su-

2086 4763 2201 4801 mus
2230 4747 2298 4799 ⁶⁸.
2328 4745 2464 4800 Nam
2497 4743 2763 4800 Dominus
2793 4752 2984 4797 noster
3032 4757 3090 4797 se
3121 4741 3302 4811 ipsum
3346 4739 3403 4793 in
3434 4749 3671 4793 mortem

2086 4836 2241 4893 dedit
2288 4834 2531 4907 peccatis
2578 4833 2804 4890 nostris.
2857 4834 2934 4888 Ab
2980 4831 3345 4903 iniquitatibus
3386 4830 3536 4894 meis,
3572 4832 3670 4893 ait.

2085 4930 2226 4984 venit
2268 4928 2339 4983 ad
2385 4934 2641 4992 mortem,
2681 4935 2730 4979 et
2774 4925 2909 4979 dabo
2950 4923 3214 4995 improbos
3264 4940 3360 4994 pro
3395 4921 3671 4993 sepultura

2086 5024 2222 5091 eius,
2254 5029 2303 5075 et
2334 5037 2418 5074 eos
2443 5021 2531 5091 qui
2556 5020 2818 5089 injustitia
2852 5018 3125 5072 abundant
3152 5034 3248 5089 pro
3268 5024 3436 5071 morte
3462 5016 3575 5086 ejus
3604 5016 3669 5067 θ’.

2088 5115 2158 5168 Et
2188 5112 2360 5168 David
2396 5112 2534 5167 dicit
2564 5128 2576 5164 :
2608 5109 2711 5176 Qui
2742 5127 2847 5163 non
2879 5111 2982 5180 egit
3023 5108 3205 5163 dolum
3233 5111 3289 5163 in
3336 5109 3516 5180 lingua
3548 5126 3668 5169 sua.

2089 5221 2182 5259 nec
2230 5205 2348 5274 fecit
2377 5204 2616 5273 proximo
2644 5219 2737 5256 suo
2781 5200 2984 5255 malum
3016 5202 3080 5254 το.
3125 5200 3304 5270 Atque
3334 5199 3412 5253 illi
3444 5198 3669 5269 quidem

2089 5298 2343 5352 videntes
2376 5298 2444 5351 de
2477 5297 2598 5367 ipso
2622 5295 2916 5350 veritatem
2946 5293 3128 5349 testati
3165 5304 3328 5359 sunt;
3360 5309 3458 5349 vos
3485 5302 3669 5347 autem

2090 5390 2243 5454 caici,
2274 5397 2541 5452 amentes,
2570 5387 2915 5458 insipientes,
2950 5387 3208 5457 improbi,
3242 5385 3420 5451 stulti,
3454 5383 3667 5455 perﬁdi.

3167 5499 3213 5531 “
3241 5501 3429 5554 Amos.
3459 5515 3573 5565 vui,
3614 5500 3667 5553 9.

2454 5572 2496 5605 θ’
2531 5572 2664 5627 ibid.
2700 5572 2751 5635 8,
2794 5574 2844 5627 9.
2923 5572 2968 5602 ⁷⁰
3000 5571 3144 5626 Psal.
3192 5586 3301 5635 xw,
3333 5571 3386 5624 3.

1909 5687 2141 5743 NOTAE.

481 5756 1091 5831 (δώ-κεκρατημένης.
1123 5757 1397 5831 νεμικεοᾱλ.
1439 5760 1844 5830 κατηραμένῃς.
1880 5759 1993 5815 Mc-

413 5827 538 5892 Iius,
576 5827 642 5884 de
674 5827 944 5897 svnago‘ga
975 5827 1307 5883 detestabili.
1350 5828 1550 5884 Cum.

2176 5757 2287 5899 (Si;
2333 5756 2603 5824 Ἀπέστρ.
2635 5758 2735 5811 οὐκ
2774 5755 3005 5835 ἀπέστρ.
3032 5757 3105 5811 ιι).

2176 5828 2261 5898 [52
2326 5828 2469 5882 Ἀπὸ
2503 5826 2618 5882 τῶν
2641 5829 2904 5897 ἁνομιων
2946 5843 3089 5897 μου.

2171 5824 2282 5898 (52)
2326 5828 2469 5882 Ἀπὸ
2503 5826 2618 5882 τῶν
2641 5824 2904 5897 ἀνομιῶν
2946 5824 3089 5897 μου.
3122 5825 3296 5897 Hujus
3324 5824 3432 5881 loci
3466 5825 3673 5893 hiatum
