4088 6534
473 380 582 448 663
1436 382 1498 446 S.
1539 379 1966 446 GREGENTII
2001 380 2236 448 EPISC.
2279 383 2815 447 TAPHARENSIS
3627 385 3733 450 664

471 495 638 570 διδ
669 495 962 560 increduli,
992 495 1194 559 mutili,
1229 493 1566 560 fermentati,
1591 493 1972 558 obtenebrati,
2003 492 2054 548 ei

2125 540 2131 553 ,
2161 493 2266 558 σὶν,
2308 492 2442 560 ἣκει
2467 495 2557 560 εις
2587 492 2876 555 θάνατον,
2930 488 3028 544 καὶ
3059 487 3231 543 δώσω
3269 489 3411 557 τοὺς
3434 495 3739 562 πονηροὺς

469 591 690 647 dixistis
717 608 730 645 :
759 588 1089 644 Dardanium
1122 588 1280 642 habes
1314 588 1359 618 τί
1385 603 1399 652 ;
1427 595 1485 640 et
1511 587 1745 640 sublatis
1772 585 2053 654 lapidibus

2157 584 2289 638 ἀντὶ
2325 583 2437 652 τῆς
2480 582 2678 651 ταφῆς
2715 581 2927 649 αὑτοῦ,
2956 581 3053 634 καὶ
3093 581 3344 650 τοὺς,ἐν
3372 584 3739 655 πλεονασμῷ

469 679 916 750 insequebamini
941 693 1068 733 eum
1093 693 1124 732 a
1151 687 1324 747 tergo.
1344 675 1593 730 dicentes
1614 693 1626 728 :
1648 675 1723 728 De
1741 674 1874 727 bono
1897 688 2055 744 opere

2155 673 2404 729 ἀδικιῶν
2455 674 2592 729 ἀντὶ
2639 673 2746 728 τοῦ
2792 673 3055 729 θανάτου
3098 675 3307 729 αὐτοῦ.
3339 675 3449 728 Καὶ
3498 675 3527 729 ὁ
3573 677 3740 731 Δαδὶδ

471 786 578 824 non
607 769 910 840 Iapidamus
943 778 1014 836 te,
1064 769 1175 837 (sed
1220 770 1284 822 de
1317 767 1666 838 blasphemia,
1715 765 1784 836 et)
1828 768 1951 837 quia
1998 774 2054 818 tu

2156 766 2360 835 φάσκει
2385 780 2400 796 ο
2442 767 2540 831 Ὃς
2589 767 2702 820 οὐκ
2752 764 3060 820 ἐδόλωσεν
3103 767 3475 838 ἐν-τλώσσῃ
3523 771 3733 835 αὑτοῦ,

470 864 626 917 homo
666 880 785 916 cum
827 864 920 928 sis,
967 863 1096 932 facis
1143 869 1193 915 te
1224 863 1395 932 ipsum
1442 858 1608 915 Deum
1635 857 1698 914 τ’.
1731 857 1776 916 Ο
1811 870 2053 915 vestram

2155 858 2252 911 καὶ
2288 859 2400 912 οὐκ
2446 855 2701 926 ἐποίησε
2746 855 2825 924 τῷ
2859 859 3132 926 πλησίον
3163 860 3354 914 αὐτοῦ
3382 863 3594 916 κακόν.
3627 864 3737 916 Καὶ

471 955 750 1010 miseriam
771 959 784 1009 ι
818 955 1252 1010 miserabiliores
1275 954 1410 1008 estis
1433 952 1691 1008 omnibus
1711 952 2051 1008 hominibus.

2157 946 2300 1005 οὗτοι
2353 952 2452 1023 μὲν
2509 954 2562 1006 oi
2611 952 2907 1022 βλέποντες
2951 954 3053 1024 τὴν
3101 955 3230 1025 περὶ
3275 954 3443 1008 αὐτοῦ
3474 955 3735 1027 ἀλήθειαν

467 1049 867 1104 Verumtamen
917 1057 1160 1103 mentem
1215 1046 1418 1102 adhibe
1465 1047 1552 1102 his
1582 1061 1706 1117 qua:
1743 1046 2050 1100 dicuntur:

2155 1044 2588 1115 ἐμαρτύρησανο
2617 1044 2778 1114 ὑμεῖς
2824 1043 2884 1099 δὲ
2946 1046 2996 1098 οἱ
3048 1044 3266 1114 τυφλοὶ,
3303 1045 3353 1098 οἱ
3393 1046 3660 1115 ἄφρονες,
3684 1047 3731 1102 οι

466 1141 586 1196 Νοη
629 1149 725 1207 est,
759 1142 956 1210 inquit,
990 1140 1234 1195 inventus
1263 1135 1413 1192 dolus
1453 1139 1510 1192 in
1552 1155 1642 1193 ore
1686 1139 1798 1208 ejus
1829 1137 1894 1190 ⁷³.
1941 1137 2054 1191 Hoc

2155 1135 2398 1205 ἀνόητοι,
2429 1135 2479 1188 oi
2510 1134 2868 1207 κακότροποι,
2894 1135 2943 1189 οἱ
2978 1135 3172 1205 μωροὶ,
3195 1136 3244 1189 οἱ
3272 1135 3516 1200 ἄπιστοι,
3546 1137 3596 1190 οἱ
3626 1137 3731 1190 λω-

468 1232 606 1287 dicit
638 1234 801 1288 Pater
827 1242 886 1288 et
920 1232 1064 1288 Deus
1105 1247 1206 1302 per
1243 1246 1308 1287 os
1339 1231 1622 1301 propheta:
1651 1230 1719 1285 de
1766 1229 2053 1300 unigenito

2155 1225 2263 1288 ϐοὶ,
2295 1222 2345 1277 οἱ
2373 1225 2712 1295 πεφυρμένοι
2755 1226 2851 1279 καὶ
2894 1225 3291 1295 ἐσκοτωμένοι,
3320 1225 3537 1294 ἐλέγετε
3594 1229 3733 1298 πρὸς

471 1325 610 1378 Filio
630 1340 752 1389 suo,
779 1325 908 1395 quia
933 1340 1127 1394 passus
1157 1334 1262 1388 est,
1289 1339 1415 1378 cum
1445 1331 1596 1377 esset
1620 1316 1738 1391 ipse
1764 1321 2050 1385 innocens,

2155 1316 2342 1378 αὑτὸν,
2371 1316 2688 1385 Δαιμόνιον
2721 1316 2882 1385 ἔχεις
2901 1332 2914 1346 °
2937 1317 3032 1369 καὶ⁸
3061 1317 3296 1386 ἄραντες
3344 1315 3546 1383 λίθους,
3602 1335 3734 1372 κατ-

466 1425 524 1471 et
560 1416 772 1485 peccati
805 1431 1040 1486 expers:
1067 1415 1214 1470 Dabo
1242 1416 1342 1486 ipsi
1381 1431 1467 1468 eos
1496 1415 1586 1484 qui
1627 1413 1820 1468 divitiis
1853 1413 2051 1483 iniqui-

2153 1409 2408 1462 εδιώκετε
2439 1409 2619 1463 ὀπίσω
2646 1408 2844 1474 αὐτοῦ,
2885 1409 3188 1478 φάσκοντες
3209 1450 3224 1473 ,
3247 1409 3386 1477 Περὶ
3413 1409 3611 1466 καλοῦ
3634 1409 3731 1479 ἔρε-

467 1513 638 1560 tatum
667 1505 960 1569 abundant,
988 1506 1044 1558 in
1075 1503 1300 1558 salutem
1335 1503 1416 1569 7‘;
1457 1503 1549 1572 qui
1585 1513 1716 1557 sunt
1749 1501 2050 1572 publicani,

2153 1518 2262 1570 του
2301 1503 2374 1556 οὐ
2416 1500 2732 1571 λιθάζομέν
2769 1516 2864 1566 σε,
2889 1502 3028 1556 ἀλλ’
3061 1501 3148 1556 ὅτι
3176 1502 3286 1572 (55)
3315 1502 3398 1556 σὺ
3420 1503 3731 1570 ἅνθρωπος

467 1596 858 1661 fornicatores,
892 1604 949 1651 et
979 1605 1323 1666 peccatores,
1355 1604 1411 1649 et
1443 1593 1804 1649 crediderunt
1841 1593 2052 1648 nomini

2152 1590 2258 1654 ὢν,
2289 1589 2482 1657 ποιεῖς
2511 1591 2776 1646 σεαυτὸν
2807 1593 2975 1647 Θεόν.
3000 1593 3065 1645 Ὦ
3087 1595 3187 1663 τῆς
3212 1593 3368 1664 ὑμῶν
3389 1593 3728 1662 ἀθλιότητος,

467 1687 606 1758 ejus.
647 1686 714 1740 Et
762 1701 863 1756 pro
907 1701 976 1740 eo
1021 1683 1170 1755 quod
1217 1684 1434 1753 sepeliri
1474 1684 1740 1754 suscepit,
1777 1683 1922 1740 sicut
1953 1684 2051 1739 ﬁlii

2153 1683 2510 1755 ἐλεεινότεροι
2567 1685 2792 1738 πάντων
2838 1683 3146 1755 ἀνθρώπων
3183 1686 3196 1740 l
3238 1686 3429 1756 Ὅμως
3494 1685 3732 1756 πρόσεχε

469 1777 780 1841 hominum,
813 1775 982 1831 Filius
1014 1793 1158 1830 meus
1189 1775 1410 1830 dilectus
1455 1785 1504 1829 et
1549 1776 1907 1838 charissimus.
1952 1792 2052 1846 pro

2120 1839 2124 1857 ,
2154 1777 2266 1840 τοῖς
2300 1775 2623 1847 λεγομένοις
2647 1791 2662 1806 ο
2703 1776 2829 1843 Οὐχ
2865 1777 3102 1844 εὑρέθη,
3132 1775 3284 1846 φησὶ,
3313 1775 3496 1842 δόλος
3545 1776 3616 1829 ἐν
3651 1774 3734 1840 τῷ

464 1868 685 1940 generis
725 1869 952 1924 humani
989 1868 1166 1924 salute
1196 1884 1210 1922 :
1238 1867 1386 1922 Dabo
1417 1869 1465 1921 ei
1494 1885 1674 1922 omnes
1704 1878 1904 1938 gentes,
1934 1886 2052 1940 qua:

2117 1865 2124 1881 '
2153 1869 2407 1938 στόματι
2453 1867 2662 1921 αὐτοῦ.
2687 1865 2858 1920 Τοῦτο
2890 1867 3039 1935 λέγει
3067 1869 3095 1921 ὁ
3118 1868 3311 1938 Πατὴρ
3345 1868 3441 1922 καὶ
3478 1869 3613 1932 Θεὸς
3638 1868 3731 1922 διὰ

465 1963 520 2016 in
550 1962 812 2016 idolorum
844 1961 1185 2032 perversitate
1217 1961 1476 2030 impioque
1499 1959 1645 2014 cultu
1670 1960 1870 2030 frustra
1897 1978 2052 2016 occu-

2155 1961 2427 2030 στὸματος
2458 1957 2555 2011 τοῦ
2600 1959 2908 2030 προφήτου,
2942 1960 3071 2030 περὶ
3104 1959 3200 2013 τοῦ
3244 1959 3569 2030 μονογενοῦς
3599 1959 3731 2014 Υῐοῠ

465 2065 694 2126 pantur;
742 2062 792 2107 et
835 2054 1048 2109 credent
1076 2055 1131 2108 in
1174 2055 1368 2124 ipsum,
1403 2063 1451 2107 et
1496 2069 1655 2124 regno
1688 2053 1935 2108 actorum
1965 2056 2049 2109 di-

2153 2054 2340 2119 αὺτοῦ,
2404 2053 2523 2106 ἀνθ’
2563 2053 2705 2106 ὅσων
2731 2051 2934 2106 ἔπαθεν
2983 2052 3366 2124 ἀναμάρτητος
3405 2051 3482 2106 ὢν
3515 2069 3531 2084 ο
3555 2051 3732 2107 Δώσω

464 2163 585 2218 φια
619 2145 1023 2216 judicabuntur.
1055 2144 1386 2209 Mercedem,
1432 2145 1632 2215 inquit,
1674 2145 1760 2201 his
1793 2146 2050 2216 pmbebo

2151 2145 2313 2212 αὐτῷ
2359 2145 2503 2211 τοὺς
2539 2143 2610 2198 ἐν
2655 2146 2899 2210 πλούτῳ
2928 2144 3209 2212 ζάδικιῶν,
3256 2149 3345 2212 εἰς
3375 2146 3681 2214 σωτηρίαν
3712 2162 3728 2179 ο

466 2235 670 2307 ipsum,
704 2253 806 2307 pro
852 2253 920 2293 eo
953 2237 1102 2308 quod
1150 2253 1347 2308 passus
1385 2246 1473 2292 est
1517 2239 1728 2308 peccati
1771 2255 1964 2294 exsors
1995 2247 2053 2295 et

2149 2240 2348 2304 οἵτινές
2380 2239 2488 2292 εἰσι
2532 2238 2785 2300 τελῶναι,
2819 2238 2914 2292 καὶ
2968 2239 3178 2309 πόρνοι,
3246 2239 3341 2292 καὶ
3391 2237 3727 2309 ἁμαρτωλοὶ,

467 2327 736 2385 innocens
769 2345 925 2385 meus
951 2328 1145 2393 Filius,
1169 2339 1226 2386 et
1247 2345 1347 2400 pro
1377 2329 1444 2384 iis
1469 2338 1707 2384 veterem
1730 2330 2048 2399 supplanta-

2155 2333 2250 2386 καὶ
2286 2330 2690 2384 πεπιστεύκασι
2719 2330 2798 2400 τῷ
2838 2330 3065 2400 ὀνόματι
3097 2329 3286 2384 αὐτοῦ.
3325 2331 3436 2384 Καὶ
3458 2330 3577 2384 ἀνθ’
3605 2330 3728 2383 ὅτου

465 2430 644 2476 torem
677 2423 907 2493 ejusque
937 2423 1240 2492 potentiam
1269 2423 1422 2478 vicit.
1455 2423 1580 2478 Hrec
1609 2423 1814 2487 omnia,
1845 2437 1880 2476 ο
1913 2421 2049 2477 Iler-

2155 2421 2484 2487 κατεδέξατο
2506 2421 2744 2492 ταφῆναι
2769 2421 2844 2485 ὡς
2877 2423 2986 2476 υἱοὶ
3025 2421 3136 2476 τῶν
3157 2422 3484 2493 ἀνθρώπων,
3527 2425 3560 2477 ό
3597 2425 3730 2488 Υιός

464 2510 630 2577 bane,
663 2514 745 2570 sic
767 2530 826 2570 se
853 2514 1061 2570 habent
1089 2531 1102 2568 :
1127 2523 1295 2584 atque
1322 2522 1380 2568 tu
1417 2515 1534 2585 ipse
1564 2515 1764 2569 melius
1795 2515 1907 2570 scis
1930 2515 2045 2569 haec

2149 2531 2268 2584 μου
2318 2517 2352 2568 ό
2400 2515 2708 2582 ἀγαπητός
2775 2530 2840 2568 τε
2876 2514 2976 2569 καὶ
3008 2515 3312 2584 φίλτατος,
3345 2514 3431 2568 διὰ
3477 2514 3576 2576 τὴν
3619 2530 3731 2566 σω-

464 2603 541 2659 ita
587 2619 708 2660 esse
738 2622 752 2659 :
779 2605 876 2661 sed
925 2606 1110 2662 sciens
1157 2605 1458 2675 volensque
1501 2604 1788 2660 veritatem
1838 2619 2042 2675 negas,

2149 2606 2350 2677 τηρίαν
2385 2606 2479 2660 τοῦ
2510 2605 2704 2676 γένους
2726 2606 2835 2660 τῶν
2857 2607 3183 2678 ἀνθρώπων.
3217 2607 3396 2661 Δώσω
3427 2601 3541 2662 οὖν
3567 2603 3729 2672 αὐτῷ

461 2709 645 2764 neque
685 2695 770 2752 vis
808 2695 876 2751 ad
920 2695 975 2751 id
1003 2695 1150 2766 quod
1180 2694 1442 2751 conducit
1471 2704 1528 2750 et
1557 2694 1800 2765 expedit,
1831 2695 2043 2749 venire.

2152 2697 2350 2750 πάντα
2406 2695 2477 2750 τὰ
2504 2697 2673 2766 ἔθνη,
2704 2697 2875 2752 ἅτινά
2902 2700 3062 2753 εἰσιν
3087 2700 3158 2752 ἐν
3183 2699 3440 2768 πονηρίᾳ
3467 2698 3731 2753 εἰδώλων

456 2789 868 2857 ματ-σισύμενα
898 2789 1000 2843 καὶ
1035 2790 1397 2844 πιστεύουσι
1437 2791 1526 2853 εἰς
1565 2789 1772 2854 αὑτὸν,
1813 2788 1914 2842 καὶ
1944 2787 2056 2855 τῆς
2084 2789 2412 2857 ,βασιλείας
2435 2790 2556 2845 τῶν
2569 2791 2845 2861 οὺρανῶν
2880 2793 3451 2860 καταξιωθήσονται.
3489 2795 3721 2856 Μισθδν,

461 2883 620 2953 φησὶ,
652 2883 864 2948 τούτοις
892 2883 1116 2956 παρέξω
1144 2884 1329 2947 αὐτὸν,
1359 2883 1478 2939 ἀνθ’
1510 2885 1651 2938 ὅσων
1689 2883 1891 2938 ἔπαθεν
1949 2884 2342 2954 ἀναμάρτητος
2385 2884 2464 2939 ὣν
2520 2886 2701 2958 ὀηΥἱὸς
2744 2905 2870 2958 μου,
2941 2889 3038 2942 καὶ
3073 2891 3190 2942 ἀντ’
3255 2889 3437 2944 αὐτῶν
3471 2891 3727 2956 νενίκηκε

459 2978 554 3032 τὸν
613 2973 847 3033 παλαιὸν
897 2979 1233 3051 πτερνιστὴν
1293 2979 1388 3032 καὶ
1441 2979 1543 3050 τὴν
1575 2978 1810 3049 δύναμιν
1853 2976 2046 3032 αὐτοῦ.
2085 2978 2274 3035 Ταῦτα
2331 2979 2570 3043 ἅπαντα.
2640 2975 2685 3035 ὦ
2735 2982 2955 3054 Ἕρόἆν,
3022 2982 3194 3048 οὕτως
3247 2983 3381 3055 ἔχει,
3411 2983 3506 3037 καὶ
3561 2984 3728 3048 αὐτὸς

459 3071 682 3126 κάλλιον
732 3073 1066 3140 ἐπίστασαι,
1115 3075 1200 3129 ὅτι
1246 3072 1421 3138 οὕτως
1464 3074 1611 3145 ἔχει·
1683 3074 1803 3129 ἀλλ’
1841 3074 2083 3128 ἐθελοντὶ
2119 3076 2260 3148 ἀρνῇ
2316 3077 2419 3147 τὴν
2467 3077 2748 3150 ἀλήθειαν,
2811 3079 2928 3139 καὶ,
2954 3080 3013 3132 ού
3061 3078 3241 3150 βούλει
3297 3079 3473 3134 ἐλθεῖν
3533 3081 3625 3134 ἐπὶ
3663 3082 3725 3134 τὸ

463 3169 770 3242 συμφέρον.
1540 3239 1553 3248 _

531 3261 633 3320 Bis
662 3263 922 3320 omnibus
948 3263 1187 3330 auditis,
1210 3262 1503 3344 Herbanus
1532 3265 1880 3322 exanimatus
1903 3265 2038 3332 fuit,
2067 3267 2114 3330 C

2111 3272 2114 3328 ὶ
2227 3267 2452 3336 Ἐξέστη
2480 3265 2574 3323 οὖν
2600 3268 2801 3339 Ἐρϐἄν
2826 3268 3033 3322 τούτων
3069 3268 3287 3323 πάντων
3326 3269 3595 3338 ἁκούσαςέ,
3629 3270 3725 3324 καὶ

461 3362 520 3411 et
544 3355 600 3409 in
625 3354 858 3409 multam
889 3355 1084 3410 horam
1115 3363 1307 3409 mutus
1333 3353 1536 3420 stabat,
1565 3366 1627 3410 ut
1650 3355 1747 3425 qui
1780 3370 1890 3410 non
1919 3369 2050 3426 pos-

2147 3358 2240 3412 ἐπὶ
2278 3359 2480 3431 πολλὴν
2511 3359 2661 3432 ὥραν
2710 3361 2892 3424 ὲννεὸς
2941 3361 3147 3425 ἵστατο,
3203 3363 3278 3434 μὴ
3326 3363 3622 3430 δυνάμενός
3667 3380 3721 3416 τι

462 3453 552 3503 set
591 3445 894 3517 quidquam
942 3445 1282 3516 respondere
1327 3456 1384 3501 et
1422 3447 1696 3503 se'tueri.
1727 3448 2046 3504 Iudaeorum

2146 3449 2624 3522 ἀπολογήσασθαι.
2688 3453 2762 3506 Τὸ
2813 3453 2870 3506 δὲ
2922 3454 3128 3524 πλῆθος
3184 3455 3292 3508 τῶν
3332 3455 3603 3508 Ἰουδαίων
3661 3454 3724 3509 τδ

461 3545 649 3593 autem
674 3535 838 3592 turba
869 3545 1025 3592 stans
1055 3547 1110 3593 et
1133 3537 1368 3594 audiens
1392 3548 1513 3594 erat
1536 3541 1768 3596 attonita
1801 3558 1815 3594 :
1844 3556 2048 3612 cogno-

2147 3543 2321 3608 ἑστὼς
2365 3545 2462 3599 καὶ
2498 3545 2700 3600 άκοῦον
2743 3545 3207 3618 κατεπλήττοντο,
3244 3545 3606 3616 γινώσκοντες
3638 3547 3721 3600 ὅτι

463 3638 684 3686 scentes
721 3629 868 3700 quod
907 3629 1141 3685 vocibus
1183 3639 1240 3686 et
1279 3631 1561 3687 vaticiniis
1597 3633 1750 3688 Isaiae
1791 3650 1850 3690 se
1897 3637 2048 3706 ipsos

2148 3637 2256 3690 άπὸ
2284 3636 2394 3690 τῶν
2417 3637 2612 3707 φωνῶν
2643 3638 2869 3692 Ἡσαΐου
2889 3638 3116 3702 ἑαυτοὺς
3165 3638 3548 3692 κατεδίκασεν.
3573 3639 3636 3692 Oi
3661 3637 3721 3692 δὲ

462 3722 749 3777 convictos
785 3722 1276 3778 condemnaverat.
1311 3721 1616 3779 Christiani
1653 3741 1785 3781 vero
1818 3726 2047 3796 pontiﬁ-

2147 3731 2469 3801 Χριστιανοὶ
2522 3731 2770 3796 ἐπαίνοις
2814 3732 3043 3800 ἔστεφον
3099 3732 3194 3786 τὸν
3242 3733 3527 3803 ἀρχιερέα,
3563 3733 3658 3787 καὶ
3693 3735 3722 3786 ὁ

461 3828 582 3870 cem
615 3813 730 3868 sive
763 3813 1115 3870 sacerdotum
1147 3815 1451 3871 antistitem
1485 3825 1543 3871 et
1572 3817 1884 3888 principem
1922 3819 2046 3874 lau-

2149 3822 2409 3894 βασιλεὺς
2432 3826 2529 3878 σὺν
2558 3825 2675 3888 τοῖς
2695 3826 3021 3894 μεγιστᾶσιν
3039 3825 3227 3896 ἔχαιρε
3251 3826 3480 3899 σφόδρα,
3506 3825 3721 3880 ἀκούων

460 3903 628 3960 dibus
682 3905 980 3960 ornabant.
1025 3905 1136 3961 Nec
1195 3923 1305 3962 non
1360 3924 1454 3962 rex
1508 3923 1634 3985 cum
1695 3912 2046 3981 magnatibus

1997 3927 2046 3968 ts
2145 3916 2181 3971 ἃ
2204 3917 2479 3988 μηδέποτε
2510 3917 2774 3989 καθαρῶς
2801 3916 2980 3982 οὕτως
3019 3919 3228 3990 ἀκήκοε
3255 3919 3410 3992 παρά
3445 3937 3611 3983 τινος.

460 3992 622 4048 valde
645 3995 940 4064 gaudebat,
965 3995 1202 4051 audiens
1227 4013 1349 4065 quae
1373 4013 1656 4067 nunquam
1684 4007 1792 4054 tam
1825 4017 1961 4071 pure
1988 4012 2046 4058 et

459 4084 671 4140 diserte
698 4085 769 4140 ab
793 4087 910 4140 ullo
938 4097 1101 4142 antea
1129 4088 1406 4144 audierat.

535 4175 741 4230 HERB.
793 4176 1194 4246 Disputationis
1251 4187 1358 4232 tute
1411 4181 1685 4252 vertigine
1739 4184 2041 4249 attonitus,

2214 4186 2462 4240 EPBAN.
2506 4185 2744 4255 ’ἰλιγγιῶ
2771 4185 2825 4239 τί
2851 4185 3274 4258 διαπράξασθαι,
3305 4189 3401 4240 καὶ
3437 4185 3719 4258 μερίζεται

459 4267 603 4324 nihil
633 4268 742 4339 jam
776 4267 994 4324 eﬁicere
1027 4285 1196 4340 queo,
1227 4279 1285 4326 et
1320 4271 1373 4324 in
1409 4273 1683 4343 ejusmodi
1708 4275 1888 4330 rebus
1922 4291 2044 4332 mea

2147 4297 2251 4345 μου
2293 4281 2327 4351 ἡ
2369 4279 2577 4333 διάνοια
2618 4280 2677 4332 ὲν
2708 4281 2822 4344 τοῖς
2865 4279 3130 4343 τοιούτοις
3169 4279 3512 4352 πράγμασιν.
3548 4281 3718 4334 Ὅταν

460 4373 622 4416 mens
662 4367 721 4414 et
762 4359 1022 4430 cogitatio
1065 4376 1217 4416 nunc
1262 4361 1370 4416 huc
1412 4378 1560 4417 nunc
1607 4363 1738 4418 illnc
1781 4363 2043 4420 distracta

2143 4371 2252 4443 γὰρ
2283 4371 2466 4426 ἀκούω
2495 4373 2775 4436 Μωῦσέως
2800 4370 3072 4441 λέγοντος,
3107 4371 3305 4442 μᾶλλον
3330 4371 3386 4424 δὲ
3429 4369 3596 4425 αὐτοῦ
3623 4370 3715 4425 τοῦ

460 4451 754 4508 dividitur.
785 4451 919 4507 Nam
955 4467 1077 4508 cum
1110 4453 1314 4510 Mosem
1349 4455 1537 4522 audio,
1571 4456 1681 4511 imo
1706 4472 1839 4511 vero
1869 4457 2042 4512 Deum

2143 4464 2302 4526 Θεοῦ.
2349 4465 2569 4519 Ἀκουε
2619 4464 2889 4532 Ἰσραὴλ.
2941 4465 3157 4532 Κύριος
3184 4466 3217 4518 ό
3249 4463 3394 4530 Θεός
3429 4477 3566 4525 σου,
3605 4463 3721 4517 Κύ-

460 4547 643 4616 ipsum
677 4561 778 4616 per
804 4545 954 4601 hunc
985 4547 1299 4617 loquentem
1333 4565 1346 4603 :
1377 4548 1534 4615 Audi,
1561 4549 1750 4612 Israel,
1783 4549 2038 4605 Dominus
2072 4608 2074 4619 η

2105 4615 2108 4619 λ
2136 4567 2272 4619 ριος
2297 4546 2386 4618 εἷς
2411 4553 2567 4615 ἐστι,
2603 4552 2700 4606 καὶ
2731 4551 2902 4619 πλὴν
2939 4552 3125 4607 αὐτοῦ
3167 4554 3278 4606 οὐκ
3324 4552 3498 4607 ἔστιν
3525 4553 3719 4618 ἄλλος

459 4636 602 4692 Deus
637 4647 788 4704 tuus,
820 4637 1074 4694 Dominus
1108 4656 1246 4693 unus
1280 4649 1386 4703 est,
1418 4647 1468 4694 et
1501 4648 1691 4710 preter
1721 4643 1895 4711 ipsum
1927 4658 2033 4695 non
2071 4653 2073 4660 ‘

2101 4636 2113 4658 ’
2143 4644 2319 4709 Θεός·
2353 4643 2447 4696 καὶ
2475 4642 2686 4708 ἔπειτα,
2727 4645 2946 4712 Κύριον
2983 4645 3089 4697 τὸν
3118 4645 3267 4698 Θεόν
3299 4660 3416 4699 σου
3455 4659 3715 4712 προσκυ-

457 4737 536 4785 est
573 4730 700 4785 deus
745 4729 882 4786 alius
905 4731 982 4798 "';
1026 4731 1230 4788 deinde
1276 4749 1290 4786 :
1343 4732 1621 4787 Dominum
1671 4732 1834 4788 Deum
1884 4743 2033 4789 tuum

2136 4734 2368 4803 νήσεις,
2391 4736 2488 4789 και
2519 4735 2680 4801 αὐτῷ
2694 4734 2861 4805 μόνῳ
2877 4736 3230 4802 λατρεύσεις
3249 4751 3264 4767 ⁸
3293 4734 3524 4789 ἐνταῦθα
3555 4735 3715 4788 πάλιν

456 4822 737 4888 adorabis,
773 4830 824 4878 et
863 4824 913 4878 ei
954 4823 1056 4879 soli
1094 4826 1383 4890 servies";
1430 4825 1522 4879 hic
1566 4833 1756 4881 contra
1805 4827 2033 4882 audiens

2137 4828 2230 4882 τὸν
2275 4829 2458 4895 Δαόὶδ,
2495 4829 2590 4883 καὶ⁸
2640 4830 2735 4884 τὸν
2769 4829 3001 4884 Ἦσαῖαν
3039 4829 3348 4898 φάσκοντας
3397 4829 3456 4881 ἐν
3488 4826 3715 4899 ἀληθείᾳ

457 4911 723 4968 Davidem
754 4921 812 4968 et
834 4913 1027 4970 Isaiam
1058 4915 1126 4970 de
1157 4916 1262 4971 hoc
1291 4915 1384 4987 qui
1419 4924 1645 4987 putatur
1668 4917 1943 4980 Christus.
1976 4919 2028 4974 in

2138 4924 2268 4992 περὶ
2315 4922 2468 4977 τοῦδε
2494 4921 2588 4976 τοῦ
2623 4922 2980 4994 νομιζομένου
3013 4920 3272 4995 Χριστοῦ,
3309 4920 3375 4973 Ti
3402 4918 3712 4992 διαπράξα-

457 5005 688 5060 veritate
715 5005 1032 5076 loquentes;
1066 5009 1199 5078 quid
1227 5024 1403 5080 agam.
1425 5017 1520 5064 aut
1545 5026 1656 5080 quo
1681 5025 1768 5066 me
1795 5021 2027 5079 vertam,

1113 5009 1199 5062 uid
1227 5024 1403 5080 agam.
1425 5017 1520 5064 aut
1545 5026 1656 5080 quo
1681 5025 1768 5066 me
1795 5021 2027 5079 vertam,
2135 5015 2259 5070 σθαι
2285 5015 2386 5070 οὐκ
2413 5015 2727 5083 ἐπίσταμαι.

455 5094 667 5152 nescio.

528 5187 588 5243 S.
617 5186 825 5244 ARCH.
858 5189 940 5244 Ob
979 5207 1100 5245 eam
1151 5193 1322 5263 igitur
1360 5209 1579 5250 causam
1622 5194 1819 5258 Isaias,
1853 5195 2034 5252 sciens

2211 5195 2322 5249 Καὶ
2349 5199 2392 5249 Ο
2424 5193 2637 5248 ΑΓΙΟΣ.
2670 5193 2769 5246 Διὰ
2788 5191 2946 5246 τοῦτο
2967 5190 3258 5262 τοιγαροῦν
3281 5191 3310 5243 ὀ
3344 5191 3573 5252 Ἡσαΐας
3606 5188 3712 5243 πάσ-

458 5288 697 5334 vcstram
731 5279 1001 5336 lubricam
1036 5283 1484 5352 inconstantiam,
1509 5289 1818 5360 mentisque
1854 5298 2032 5344 muta-

2139 5289 2223 5341 λιν
2259 5286 2578 5356 λελάληκεν,
2611 5283 2766 5348 εἰδὼς
2799 5283 2956 5353 ὑμῶν
2984 5282 3047 5336 τὺ
3077 5282 3350 5335 εύόλισθόν
3376 5298 3436 5335 τε
3464 5281 3560 5334 καὶ
3585 5281 3711 5334 άπι-

460 5367 762 5436 bilitatem,
807 5383 864 5429 et
907 5375 961 5429 in
1008 5377 1266 5434 omnibus
1313 5380 1786 5445 incredulitatem.
1829 5383 2032 5437 iterum

2142 5396 2288 5441 στον,
2313 5379 2456 5431 κατά
2493 5377 2691 5439 πάντα,
2722 5377 2878 5448 φησὶ,
2913 5377 3112 5445 Κύριε,
3159 5377 3249 5442 τίς
3273 5376 3603 5430 ἐπίστευσε
3632 5373 3709 5442 τῇ

526 5509 578 5590 "'_
596 5511 882 5590 LIoan.vm,
915 5515 1004 5572 48.
1073 5519 1120 5550 ⁷³
1150 5518 1309 5576 Joan.
1344 5538 1398 5586 ιι,
1429 5523 1518 5578 55.
1592 5525 1638 5556 ⁷³
1668 5523 1771 5579 Isa.
1805 5540 1916 5589 ι,ιιι,
1943 5523 2011 5590 9;
2045 5524 2064 5578 I
2092 5524 2140 5579 Ρ.

2092 5524 2242 5579 Petr.
2267 5540 2324 5586 ιι,
2352 5522 2442 5577 22.
2485 5522 2530 5554 "‘
2558 5521 2662 5576 Isa.
2706 5536 2814 5584 ιιιι,
2839 5519 2892 5574 9.
2968 5519 3013 5551 ⁷⁵
3037 5518 3194 5573 Deut.
3218 5534 3293 5584 vr,
3317 5517 3371 5571 4.
3447 5518 3493 5551 ⁷⁸
3515 5509 3705 5574 Matth.

457 5597 532 5645 ιν,
557 5581 644 5636 16.

1970 5662 2202 5720 NOTAE.

456 5756 565 5824 non
590 5745 868 5826 perspexit
884 5746 1186 5826 interpres.
1207 5747 1341 5826 μσς.
1364 5765 1435 5826 ex
1464 5749 1626 5826 ιλιι,
1659 5753 1766 5807 άπδ
1782 5754 1893 5826 τῶν
1924 5753 2040 5808 ἀνο-

2219 5751 2328 5826 (35)
2372 5753 2519 5808 Ἀλλ’
2579 5753 2686 5808 ὅτι.
2724 5753 2930 5810 Desunt
2977 5747 3114 5806 άλλά
3165 5752 3290 5826 περὶ
3339 5750 3705 5823 βλασφημίας,

459 5817 597 5883 μιῶν
623 5817 728 5869 τοῦ
761 5817 913 5872 λαοῦ
943 5817 1062 5889 μου.
1096 5817 1176 5875 Ab
1205 5817 1586 5890 iniquitatibus
1613 5817 1808 5898 populi
1841 5825 1960 5881 mei.

872 5817 913 5872 ῦ
943 5817 1062 5889 μου.
1096 5817 1176 5875 Ab
1205 5817 1586 5890 iniquitatibus
1613 5817 1808 5898 populi
1841 5825 1960 5881 mei.
2141 5817 2254 5883 καί.
2283 5817 2486 5879 Conon.
