4094 6542
346 406 454 471 665

1304 417 1768 480 DISPUTATIO
1805 421 1966 483 CUM
2005 423 2370 487 HERBANO
2407 429 2690 491 JUDIEO.

3501 439 3609 502 666

340 520 501 592 ἀκοῇ
540 522 746 592 ἠμὼν;
778 524 877 578 καί
909 527 942 580 ό
969 526 1245 597 ,βραχίων
1288 533 1513 600 Κυρίου
1547 534 1663 587 τίνι
1692 535 1896 589 ἀπεκα·

2021 537 2161 591 dixit
2195 556 2208 592 :
2240 539 2494 605 Domine,
2520 543 2636 612 quis
2666 543 2891 597 credidit
2920 544 3127 599 auditui
3157 550 3378 603 nostro?
3404 558 3453 603 et
3482 552 3609 607 bra-

338 615 582 685 12599013;
612 616 725 686 Οὐχ
754 616 986 689 ἑτέροις,
1024 619 1203 690 οἶμαι,
1243 623 1360 677 ἀλλ’
1391 626 1425 697 ἢ
1458 627 1594 680 πᾶσι
1624 629 1740 690 τοῖς
1771 627 1924 679 ἔθνε-

339 724 444 760 σιν.
510 706 668 778 ’ᾘδει
714 709 824 778 γὰρ
874 708 1102 773 Ἡσαΐας
1150 711 1249 784 τὴν
1290 716 1446 786 ὑμῶν
1497 718 1776 772 ἀπιστίαν.
1810 721 1896 773 Κα

2024 735 2191 789 quam
2250 724 2510 780 omnibus
2573 727 2830 797 gentibus

334 981 433 1033 καὶ
473 981 815 1050 ,ϐλέποντες
838 984 1127 1054 βλέψετε,
1161 990 1260 1043 καί
1292 992 1365 1045 οὐ
1405 990 1495 1061 μὴ
1529 992 1696 1060 ιδητε
1717 1011 1730 1025 ο
1770 995 1918 1049 ἐπα-

337 1072 537 1140 χύνθη
574 1074 685 1143 γὰρ
732 1077 770 1143 ή
810 1077 1022 1145 καρδία
1056 1080 1165 1134 τοῦ
1189 1082 1344 1137 λαοῦ
1373 1084 1615 1152 τούτου,
1656 1085 1755 1140 καὶ
1791 1088 1919 1155 τοῖς

330 1164 442 1218 ὠσὶ
463 1166 699 1235 ,Βαρέως
720 1167 1021 1235 ἤκουσαν,
1045 1172 1144 1225 καί
1172 1173 1315 1239 τοὺς
1338 1176 1689 1246 ὀφθαλμοὺς
1717 1178 1917 1234 αὐτῶν

330 1254 712 1326 ἐκάμμυσαν,
740 1258 826 1328 μή
863 1276 1009 1315 ποτε
1052 1263 1225 1319 ιδωσι
1271 1266 1398 1334 τοῖς
1434 1269 1783 1338 ὀφθαλμοῖς,
1815 1271 1914 1325 καί

326 1345 622 1412 νοήσωσι,
654 1351 753 1403 καὶ
783 1352 1097 1407 ἀκούσωσι
1141 1355 1266 1422 τοῖς
1303 1356 1438 1423 ὠσὶ,
1470 1359 1569 1413 καί
1603 1358 1675 1427 τῇ
1701 1361 1914 1428 καρδίᾳ

325 1437 585 1505 συνῶσι,
615 1441 712 1493 καί
743 1441 1155 1515 ἐπιστρέψωσι
1182 1489 1198 1513 ,
1233 1449 1331 1503 καὶ
1366 1449 1624 1521 ίὰσωμαι
1663 1453 1907 1519 αὐτούς.

326 1528 542 1584 Οὐκοῦν
582 1533 683 1586 οὐκ
727 1533 845 1599 ἐστι
886 1539 1060 1593 ταῦτα
1095 1539 1301 1609 οὕτως
1338 1544 1400 1596 Ei
1449 1543 1559 1615 γὰρ
1588 1546 1637 1597 oi
1672 1545 1909 1613 πατέρες

326 1621 506 1691 ὑμῶν,
534 1626 763 1695 νεκροὺς
792 1628 975 1682 αὐτῶν
1004 1632 1320 1705 ἐγείραντα,
1355 1636 1707 1708 παραλύτους
1747 1639 1909 1708 σφίγ-

325 1712 495 1777 ξαντα
539 1716 853 1784 ἐθεάσαντο,
886 1722 982 1775 καὶ
1007 1724 1173 1796 ἕτερα
1201 1725 1251 1778 τ’
1282 1727 1573 1800 ἀπόρρητα
1595 1729 1906 1801 ἐργαζόμε-

322 1822 414 1857 νον
435 1824 451 1839 ο
487 1808 535 1860 εί
567 1809 739 1862 ταῦτα
768 1813 933 1866 αὑτὸν
972 1815 1236 1870 τελοῦντα
1268 1817 1601 1890 θεασάμενοι
1645 1821 1746 1876 οὐκ
1777 1823 1903 1876 ὲπί-

322 1914 581 1963 στευσαν,
628 1903 787 1973 ὑμεῖς
839 1906 909 1959 τὰ
954 1906 1063 1960 τῶν
1108 1908 1332 1979 ἐχιδνῶν
1372 1913 1691 1983 γεννήματα
1737 1915 1906 1985 μηδὲν

318 1990 564 2044 τοιοῦτον
585 1992 940 2066 θεασάμενοι,
971 2000 1031 2064 ἐξ
1060 2001 1234 2071 ἀκοῆς
1257 2003 1426 2075 μόνης
1449 2005 1598 2070 ἕξετε
1629 2007 1710 2070 είς
1740 2008 1903 2061 αὐτὸν

320 2082 617 2137 πιστεῦσαι
635 2103 649 2151 ;
691 2087 981 2158 Οὐδαμῶς.

380 2176 637 2232 ΕΡΒΑΝ.
661 2180 954 2246 Ἀκουσον,
974 2176 1020 2235 ὦ
1050 2185 1476 2255 ἀρχιεπίσκοπε,
1501 2188 1571 2242 τὰ
1594 2189 1693 2259 μὲν
1719 2192 1785 2263 ρή
1796 2209 1901 2260 μα-

316 2266 387 2319 τα
422 2285 517 2321 σου
558 2270 734 2343 ἀληθῆ
776 2276 1140 2345 τυγχάνουσιν
1186 2277 1290 2349 ήδη
1337 2282 1434 2332 καὶ
1493 2280 1714 2351 βέϐαιον
1758 2286 1898 2337 ἁπε-

320 2360 556 2432 ριέργως
602 2364 711 2435 γὰρ
755 2366 959 2435 λέγεις,
994 2370 1090 2420 καὶ
1118 2373 1243 2422 κατ’
1271 2371 1402 2435 ἔπος
1441 2378 1511 2427 τὰ
1543 2375 1894 2445 ἐνδεχόμενα,

315 2453 411 2506 καὶ
437 2454 537 2508 οὐκ
568 2455 685 2510 ἐστι
718 2457 870 2521 δόλος
900 2460 957 2511 ὲν
988 2460 1066 2531 τῷ
1097 2461 1331 2531 στόματί
1369 2479 1489 2517 σου.
1520 2467 1596 2518 Οὐ
1639 2468 1749 2539 γὰρ
1788 2468 1897 2522 ἀπὸ

313 2546 425 2600 τῶν
486 2549 687 2602 σαυτοῦ
770 2549 1154 2623 διαλεγόμενος
1206 2556 1520 2627 πεποίηκας
1550 2557 1664 2629 (55)
1723 2561 1893 2630 ἡμᾶς,

313 2638 455 2692 ἀλλά
485 2655 548 2708 γε
566 2641 674 2694 ἀπὸ
698 2641 806 2697 τῶν
830 2642 991 2698 θείων
1018 2646 1255 2716 Γραφῶν
1282 2640 1378 2702 τοῦ
1400 2648 1587 2719 νόμου.
1614 2652 1712 2705 Διὰ
1739 2651 1896 2706 τοῦτο

314 2730 467 2795 ἄξιος
511 2727 564 2784 si
600 2732 824 2797 πειθοῦς
860 2736 956 2789 καὶ
994 2737 1384 2803 είσακούσεως.
1419 2740 1589 2813 Πλὴν,
1617 2741 1708 2795 διὰ
1746 2744 1807 2795 τὸ
1836 2744 1894 2795 ἑν

313 2823 558 2888 πρώτοις
583 2825 673 2878 τὸν
706 2827 981 2899 ἡμέτερον
1010 2831 1175 2900 νόμον
1212 2831 1431 2901 δοθῆναι
1461 2834 1608 2903 ἡμᾶς
1634 2836 1770 2905 (56),
1798 2840 1892 2890 καὶ

312 2914 506 2970 ἔπειτα
533 2917 625 2970 τὸν
662 2920 949 2991 ὑμέτερον,
977 2921 1121 2976 δοκῶ
1153 2924 1245 2977 τὸν
1277 2926 1336 2977 ὲν
1361 2925 1600 2996 πρώτοις
1646 2928 1888 2995 δοθέντα,

310 3007 775 3081 ιπικρατέστερον
792 3007 956 3069 εἶναι.
991 3013 1318 3083 Ἀναγκαῖον
1341 3018 1521 3071 τοίνυν
1542 3020 1712 3085 ἐστὶν,
1742 3023 1775 3090 ἡ
1785 3026 1891 3092 μᾶς

313 3100 416 3170 μὲν
444 3105 631 3173 τηρεῖν
663 3104 753 3157 τὸν
787 3106 1080 3178 ἡμέτερον,
1108 3109 1253 3178 ὑμᾶς
1279 3110 1335 3161 δὲ
1360 3112 1454 3164 τὸν
1493 3112 1777 3185 ὑμέτερον.

2025 630 2199 682 chium
2232 629 2448 685 Domini
2487 635 2570 686 cui
2611 633 2901 689 revelatum
2922 637 3001 690 7"?
3041 637 3162 692 Non
3202 640 3355 704 aliis,
3385 645 3607 711 opinor,

2893 746 2907 783 :
2963 729 3173 785 sciebat
3231 732 3378 786 enim
3440 735 3607 792 lsaias

1901 944 1918 969 ,
2021 904 2288 962 adversus
2320 919 2559 965 vestram
2598 911 3001 983 impudentiam
3040 915 3175 970 dicit
3212 933 3226 969 :
3262 917 3461 971 Audita
3500 936 3602 971 au-

2020 995 2199 1061 dietis,
2226 1006 2276 1051 et
2300 1015 2404 1053 non
2433 1001 2768 1073 intelligetis;
2798 1013 2848 1058 et
2874 1006 3106 1059 videntes
3130 1007 3390 1072 videbitis,
3417 1018 3466 1060 et
3497 1026 3601 1063 non

2017 1090 2361 1159 perspicietis.
2410 1091 2777 1149 lncrassatum
2807 1105 2887 1150 est
2912 1099 3052 1151 enim
3082 1115 3172 1152 cor
3200 1100 3382 1169 populi
3408 1102 3597 1167 huius,

2017 1188 2067 1233 et
2094 1183 2311 1237 auribus
2339 1187 2575 1255 graviter
2598 1188 2880 1241 audierunt
2897 1229 2911 1250 ,
2938 1199 2988 1242 et
3012 1189 3190 1244 oculos
3218 1208 3341 1245 suos
3370 1192 3601 1246 occluse-

2016 1282 2163 1338 runt,
2192 1291 2256 1328 ne
2283 1278 2494 1351 quando
2523 1279 2735 1333 videant
2768 1280 2953 1347 oculis,
2977 1291 3025 1335 et
3052 1292 3389 1353 cognoscant,
3418 1292 3468 1337 et
3500 1301 3600 1338 au-

2015 1366 2159 1422 ribus
2186 1370 2429 1435 audiant,
2456 1380 2505 1424 et
2534 1372 2685 1426 corde
2708 1374 3031 1445 intelligant,
3057 1384 3107 1429 et
3128 1387 3521 1441 convertantur,
3546 1387 3597 1433 et

2011 1475 2198 1513 sanem
2230 1476 2316 1516 eos
2345 1462 2413 1515 ⁷⁸.
2439 1463 2699 1533 Nunquid
2736 1466 2852 1521 haec
2884 1483 2993 1521 non
3036 1468 3108 1522 ita
3148 1470 3308 1523 sunt?
3346 1470 3401 1525 Si
3443 1473 3593 1526 enim

2011 1560 2197 1620 patres
2219 1554 2388 1607 vestri
2413 1570 2538 1607 eum
2569 1564 2817 1612 mortuos
2848 1559 3094 1628 ipsorum
3126 1561 3195 1616 ab
3225 1562 3418 1618 inferis
3442 1565 3593 1619 exci-

2010 1651 2236 1705 tantcm,
2260 1646 2614 1716 paralyticos,
2638 1648 2689 1702 id
2720 1658 2822 1713 est,
2846 1652 3113 1706 membris
3137 1663 3328 1722 captos
3352 1670 3416 1709 ac
3440 1670 3591 1711 reso-

2009 1733 2156 1788 lutos
2194 1734 2527 1791 vincientem
2573 1754 2637 1793 ac
2678 1741 3027 1797 roborantem
3071 1745 3356 1811 viderunt,
3386 1755 3440 1801 et
3480 1748 3588 1802 alia

2011 1840 2120 1879 non
2164 1828 2494 1882 enarrabilia
2536 1838 2853 1899 operantem
2896 1849 2909 1885 :
2952 1834 2995 1887 si
3039 1833 3154 1889 haec
3192 1834 3369 1904 ipsum
3414 1836 3584 1905 perli-

2008 1914 2244 1969 cicntem
2287 1926 2621 1986 spectantes.
2658 1936 2764 1975 non
2806 1922 2858 1977 in
2896 1938 3022 1977 eum
3065 1925 3447 1991 crediderunt;
3488 1942 3586 1983 vos

2004 2006 2320 2075 viperarum
2351 2010 2671 2078 progenies,
2701 2012 2840 2066 nihil
2870 2015 2977 2068 tale
3007 2017 3337 2084 conspicati,
3368 2033 3435 2072 ex
3464 2018 3584 2074 solo

2001 2098 2193 2151 auditu
2226 2099 2279 2152 in
2312 2100 2488 2169 ipsum
2518 2103 2743 2157 credere
2776 2105 3065 2172 poteritis?
3087 2106 3464 2176 Nequaquam.

2074 2188 2279 2243 HERB.
2316 2190 2489 2255 Audi,
2527 2209 2561 2246 o
2607 2195 3058 2266 archiepiscOpe,
3100 2207 3191 2252 tua
3240 2202 3405 2255 verba
3450 2210 3582 2259 sunt

1999 2282 2221 2351 quidem
2258 2299 2386 2337 vera
2409 2294 2465 2337 ct
2495 2285 2671 2339 valida
2705 2296 2763 2340 et
2793 2286 2982 2353 ﬁrma;
3011 2304 3122 2342 non
3155 2292 3301 2345 enim
3324 2292 3578 2349 aﬂ‘ectate

1998 2372 2277 2441 loqueris,
2322 2384 2376 2428 et
2424 2391 2545 2444 qua:
2593 2377 2659 2430 ad
2709 2378 2939 2432 verbum
2988 2381 3349 2453 contingunt,
3393 2399 3577 2456 neque

1995 2464 2162 2535 616
2196 2474 2281 2521 est
2313 2467 2472 2521 dolus
2511 2468 2564 2522 in
2606 2483 2702 2523 ore
2742 2480 2857 2525 tuo.
2884 2471 3005 2527 Non
3046 2473 3196 2527 enim
3232 2490 3300 2529 ex
3339 2475 3449 2531 tuis
3492 2478 3578 2532 in-

1995 2557 2177 2611 ventis
2201 2557 2531 2627 disputando
2560 2561 2793 2616 aﬂ‘ecisti
2826 2578 2948 2628 nos,
2976 2564 3072 2619 sed
3100 2580 3166 2620 ex
3192 2567 3398 2622 divinis
3428 2568 3578 2624 Scri-

1994 2646 2172 2714 pturis
2203 2647 2340 2717 legis
2375 2666 2388 2702 :
2422 2661 2755 2721 quapropter
2781 2652 2980 2723 dignus
3008 2670 3070 2711 es
3102 2655 3237 2723 ﬁde,
3268 2660 3575 2714 attentione

1993 2746 2049 2792 et
2078 2739 2378 2795 docilitate.
2409 2743 2829 2808 Verumtamen,
2861 2746 2989 2815 quia
3024 2747 3262 2816 primum
3296 2751 3457 2805 nobis
3487 2752 3575 2805 lex

1993 2838 2181 2883 nostra
2210 2829 2336 2884 data
2368 2840 2472 2888 est.
2501 2832 2703 2888 deinde
2731 2845 2942 2898 vestra;
2976 2845 3109 2903 puto
3134 2835 3307 2905 legem
3340 2837 3574 2906 primam

1994 2922 2174 2977 datam
2218 2924 2490 2992 potiorem
2527 2938 2649 2977 esse
2684 2933 2741 2978 et
2774 2924 3094 2993 praevalere.
3126 2925 3307 2991 Quare
3350 2941 3575 2981 necesse

1991 3024 2076 3070 est
2105 3031 2204 3069 nos
2238 3016 2458 3084 quidem
2495 3032 2715 3071 servare
2748 3026 3023 3082 nostram,
3049 3033 3148 3073 vos
3172 3034 3306 3073 vero
3335 3028 3574 3074 vestram

1992 3107 2233 3161 retinere
2263 3123 2325 3160 ac
2359 3108 2525 3161 tueri.

381 3190 493 3245 Kal
530 3192 572 3244 0
597 3192 816 3247 ΔΙΊΟΣ.
853 3195 961 3249 Τοῦ
1018 3199 1264 3262 Μωσέως
1320 3201 1591 3269 λέγοντος,
1624 3206 1703 3258 ὅτι
1739 3209 1889 3274 Προ-

2064 3200 2121 3255 S.
2155 3200 2361 3255 AltCll.
2395 3201 2531 3254 Cum
2574 3200 2752 3255 Moses
2792 3201 2992 3255 dixerit
3029 3219 3041 3254 :
3080 3201 3401 3269 Prophetam
3434 3201 3576 3255 vobis

309 3280 514 3350 ςοήτην
559 3284 704 3352 ὑμῖν
744 3285 1083 3356 ἀναστήσει
1115 3291 1336 3358 Κύριος
1370 3297 1403 3347 ό
1425 3295 1570 3360 Θεὸς
1594 3295 1786 3364 ὑμῶν,
1812 3297 1892 3364 ὡς

308 3373 434 3443 ἐμὲ,
457 3375 731 3444 τουτέστι,
756 3378 1060 3451 νομοθέτην
1079 3397 1092 3411 ·
1118 3383 1336 3437 Ἔσται
1363 3381 1478 3440 οὖν
1495 3384 1666 3441 πᾶσα
1693 3390 1889 3457 ψυχὴ,

310 3465 449 3533 ἥτις
492 3469 603 3521 οὐκ
639 3468 875 3539 ἀκούσῃ
902 3472 1009 3526 τοῦ
1049 3474 1359 3544 προφήτου
1384 3478 1643 3546 ἐκείνου,
1679 3480 1891 3543 ἐξολο-

308 3558 703 3627 θρευθήσεται
743 3562 812 3615 ἐκ
846 3563 951 3617 τοῦ
979 3566 1133 3619 λαοῦ
1184 3568 1400 3634 αὐτῆς.
1431 3570 1639 3624 Τούτου
1669 3573 1761 3625 οὖν
1794 3572 1887 3626 οὔ·

308 3668 419 3714 τως
440 3652 711 3719 λέγοντος,
750 3656 1022 3727 πρόδηλόν
1051 3660 1197 3712 ἐστιν
1220 3661 1302 3713 ὅτι
1328 3662 1491 3732 μέχρι
1526 3664 1622 3718 τοῦ
1652 3666 1888 3737 ἐρχομέ-

309 3759 402 3797 νου
427 3746 707 3825 προφήτου
738 3742 808 3818 ἦν
847 3749 1212 3815 εὐαπόδεκτος
1238 3752 1468 3823 ὁνὸμος.
1504 3756 1889 3826 Παραγεγονό-

305 3850 405 3899 τος
422 3834 479 3887 δὲ
500 3836 594 3889 τοῦ
625 3824 983 3909 ζητουμένου,
1004 3843 1099 3894 καὶ
1118 3843 1204 3895 Ere
1213 3861 1305 3914 ρον
1324 3845 1489 3915 νόμον
1518 3824 1885 3918 εἰσφέροντος,

308 3925 416 3979 ἔδει
442 3926 628 3981 λοιπὸν
656 3930 746 3982 τὸν
786 3932 1003 4002 πρῶτον
1033 3935 1280 4005 σιγῆσαι.
1311 3939 1522 3992 Οὐκοῦν
1554 3942 1653 3993 οὐκ
1690 3940 1768 3995 ἔτι
1798 3943 1889 3996 εὐ-

304 4017 456 4070 δοκεῖ
485 4018 688 4090 Κῦριος
718 4023 811 4074 ἐπὶ
837 4024 914 4094 τῷ
942 4025 1091 4097 νόμῳ
1122 4030 1295 4098 ὑμῶν,
1330 4030 1434 4085 κᾶν
1467 4032 1595 4104 ὅλην
1624 4034 1723 4105 τὴν
1750 4036 1886 4107 ἠμέ-

309 4125 412 4179 ραν
440 4109 746 4182 ὲργάζησθε
771 4114 956 4171 αὐτόν.

379 4289 627 4343 EPBAN.
660 4292 771 4345 Kal
797 4291 917 4346 λίαν
939 4295 1152 4350 εὐδοκεί
1173 4299 1230 4351 ὲν
1252 4300 1400 4372 αὑτῷ
1426 4302 1657 4374 Κύριος,
1684 4306 1875 4379 ἐπειδὴ

262 4382 456 4452 ⁷λέγει
502 4384 590 4437 διὰ
657 4385 754 4438 τοῦ
808 4388 1095 4460 Προφήτου
1152 4392 1283 4462 περὶ
1335 4394 1537 4449 αὐτοῦ·
1595 4398 1650 4450 '0
1698 4401 1883 4469 νόμος

307 4476 531 4543 Κυρίου
557 4475 818 4546 ἄμωμος.
850 4480 1225 4551 ἐπιστρέφων
1244 4487 1448 4555 ψυχὰς
1470 4489 1579 4543 τοῦ
1604 4490 1879 4546 συνιέναι

306 4566 416 4619 τὸν
449 4567 688 4636 Κύριον.
731 4570 857 4634 Πῶς
887 4572 987 4625 οὐκ
1009 4573 1223 4628 εὐδοκεί
1249 4578 1306 4629 ὲν
1337 4578 1487 4649 αὐτῷ
1516 4580 1755 4649 Κύριος;

382 4827 495 4881 Kal
522 4832 563 4883 0
591 4832 810 4887 ΔΓΙΟΣ.
837 4836 1064 4907 Πρῶτον
1094 4839 1291 4910 νόησον
1318 4846 1443 4914 περὶ
1471 4845 1567 4899 τοῦ
1608 4848 1763 4902 ποίου
1801 4851 1886 4904 νό-

450 4920 478 4973 ὁ
509 4920 806 4995 Προφήτης
861 4928 1184 5001 λελάληκεν·
1234 4930 1337 4987 εἷθ’
1388 4936 1563 5002 οὕτως
1611 4941 1674 4994 τό
1720 4941 1887 5011 κῦρος

306 5009 620 5080 ἐπίστελλε,
651 5017 746 5069 καὶ
783 5020 857 5089 μὴ
898 5022 1231 5077 ἁπεντεῦθεν
1265 5025 1365 5097 ἤδη
1414 5028 1480 5080 τὰ
1520 5009 1887 5101 γεγραμμένα

307 5101 667 5195 περίστρεφε.
700 5109 811 5161 Καὶ
843 5111 952 5183 γὰρ
985 5114 1033 5165 οἱ
1068 5117 1344 5186 προφῆται
1392 5120 1454 5171 οὐ
1501 5121 1630 5191 περὶ
1656 5123 1764 5176 τῶν
1788 5124 1889 5195 έμ-

308 5194 547 5264 προσθεν
594 5200 774 5253 αὐτῶν
823 5204 1183 5275 ὑπαρξάντων
1224 5213 1570 5282 πραγμάτων
1636 5194 1887 5287 προεφή-

304 5299 487 5349 τευον,
514 5287 651 5341 ἀλλὰ
670 5292 801 5362 περὶ
826 5293 935 5347 τῶν
959 5296 1283 5366 μελλόντων.
1311 5301 1479 5355 Τοῦτο
1510 5304 1616 5375 γὰρ
1646 5306 1887 5379 εἰρηκὼς

391 5377 707 5451 Προφήτης,
766 5385 899 5456 περὶ
956 5388 1051 5441 τοῦ
1106 5390 1499 5462 βραϐευθέντος
1550 5375 1720 5468 νόμου
1756 5375 1887 5466 *τοῖς

305 5466 520 5524 ἔθνεσιν
538 5472 780 5547 εἴρηκεν.
825 5479 887 5533 '0
911 5482 1095 5551 νόμος
1120 5484 1252 5555 γὰρ,
1289 5486 1445 5556 φησὶ,
1472 5466 1695 5556 Κυρίου
1730 5492 1884 5562 ἄμω-

1992 3293 2261 3346 suscitabit
2310 3291 2563 3345 Dominus
2612 3291 2752 3346 Deus
2795 3302 2981 3356 vester,
3020 3294 3154 3347 sicut
3202 3308 3311 3357 me,
3356 3292 3409 3346 id
3457 3300 3571 3358 est,

1992 3383 2359 3454 legislaturem
2396 3401 2409 3437 :
2444 3383 2625 3438 Omnis
2654 3384 2833 3454 itaque
2862 3386 3044 3437 anima
3071 3400 3189 3455 qua:
3216 3400 3317 3437 non
3345 3383 3577 3437 audierit

1993 3479 2299 3546 prophetam
2347 3476 2532 3540 illum,
2588 3477 3027 3530 exterminabitur
3071 3493 3099 3529 e
3143 3467 3336 3547 populo
3376 3491 3473 3528 suo
3503 3476 3571 3528 7’.

1990 3567 2125 3622 Cum
2164 3568 2300 3632 haec,
2333 3568 2579 3637 inquam,
2607 3568 2809 3623 uixerit
2836 3569 3042 3633 Moses;
3077 3567 3431 3639 perspicuum
3463 3577 3571 3628 est.

1992 3659 2168 3727 quod,
2202 3659 2383 3715 donec
2413 3660 2631 3715 venerit
2663 3662 2935 3730 propheta
2972 3661 3095 3725 ille,
3131 3661 3215 3716 lex
3251 3668 3336 3714 est
3369 3675 3573 3729 appro-

1990 3750 2170 3804 banda
2201 3760 2256 3805 et
2280 3753 2383 3805 rite
2409 3751 2701 3807 servanda.
2722 3751 2859 3806 Cum
2885 3767 3018 3806 vero
3049 3751 3336 3806 advenerit
3364 3750 3453 3804 ille
3477 3751 3572 3819 qui

1988 3849 2340 3909 exspectatur
2366 3850 2423 3895 et
2450 3842 2739 3910 qumritur,
2766 3850 2821 3896 et
2845 3843 2939 3912 qui
2967 3842 3195 3897 alteram
3229 3843 3401 3911 legem
3434 3840 3572 3895 alla-
3604 3850 3611 3857 ‘

1991 3940 2147 3986 turus
2172 3939 2276 3997 est,
2304 3933 2534 4001 primam
2568 3933 2740 4003 legem
2771 3934 2934 3989 silere
2963 3943 3181 4003 oportet
3207 3944 3260 3990 et
3292 3935 3565 4005 abrogari.

1987 4023 2106 4078 Non
2153 4024 2320 4092 igitur
2355 4025 2593 4096 amplius
2630 4027 2898 4080 Dominus
2937 4026 3042 4081 sibi
3085 4027 3262 4096 placet
3298 4026 3351 4080 in
3385 4034 3567 4080 vestra

1988 4115 2127 4186 lege,
2154 4117 2319 4171 etiam
2352 4118 2397 4171 si
2432 4126 2608 4172 totum
2641 4119 2787 4173 diem
2820 4119 2993 4189 ipsam
3024 4127 3345 4175 exercentes
3375 4133 3571 4189 Opere-

1942 4238 1945 4239 ν
1988 4209 2146 4263 mini.

2056 4298 2260 4355 HERB.
2291 4302 2360 4357 Et
2387 4302 2545 4357 valde
2578 4303 2802 4373 quidem
2839 4304 2894 4358 in
2928 4320 2993 4360 ea
3029 4304 3134 4359 sibi
3169 4306 3352 4375 placet
3384 4306 3570 4361 Domi-

1985 4408 2117 4452 nus.
2143 4394 2588 4463 quandoquidem
2624 4395 2691 4450 de
2730 4395 2845 4465 ipsa
2882 4411 2981 4465 per
3017 4397 3344 4467 Prophelam
3380 4397 3517 4452 dicit
3550 4415 3565 4454 :

1986 4483 2093 4537 Lex
2135 4484 2347 4538 Domini
2386 4486 2696 4554 inculpata,
2739 4487 2791 4540 id
2840 4497 2955 4550 est,
2994 4488 3267 4557 perfecta,
3313 4499 3369 4543 et
3415 4489 3567 4543 omni

1910 4562 1955 4617 Ῑ)
1987 4588 2181 4628 carens
2212 4576 2667 4643 reprehensione.
2700 4586 3001 4630 convertens
3032 4579 3259 4642 animos,
3288 4588 3342 4630 ut
3372 4578 3570 4632 intelli-

1992 4676 2120 4737 gant
2146 4668 2425 4721 Dominum
2448 4668 2515 4723 ⁸ο.
2546 4668 2832 4732 Quomodo
2860 4669 3027 4738 igitur
3050 4671 3103 4723 in
3126 4686 3189 4725 ea
3212 4687 3321 4724 non
3345 4671 3570 4739 acquie-

1991 4759 2116 4821 scit,
2141 4774 2244 4813 nee
2270 4759 2372 4813 sibi
2401 4760 2579 4828 placet
2605 4761 2903 4814 Dominus?

2063 4852 2118 4905 S.
2164 4850 2369 4904 ARCH.
2416 4852 2657 4905 Primum
2705 4852 2881 4920 cogita
2931 4859 2987 4906 et
3032 4852 3309 4922 intellige,
3345 4867 3451 4920 qua
3496 4852 3567 4907 de

1989 4943 2111 5013 lege
2136 4943 2410 5012 Propheta
2441 4942 2660 4996 locutus
2685 4953 2771 4996 est
2799 4961 2811 4995 :
2843 4943 3043 4997 deinde
3071 4943 3152 4996 sic
3178 4944 3566 4999 auctoritatem

1992 5047 2048 5092 et
2076 5038 2480 5090 lirmamentmn
2508 5035 2692 5097 mitte,
2721 5050 2902 5103 neque
2934 5035 3059 5089 inde
3080 5035 3192 5105 jam
3216 5051 3336 5104 quae
3363 5038 3568 5106 scripta

1991 5140 2141 5191 sunt,
2169 5130 2459 5200 detorque.
2488 5130 2705 5184 Etenim
2731 5130 3012 5199 propheta:
3036 5144 3145 5183 non
3173 5129 3241 5183 de
3273 5130 3570 5198 praeteritis

1989 5230 2045 5275 et
2086 5222 2357 5276 anteactis
2394 5222 2562 5276 rebus
2599 5221 3062 5284 vaticinabantur,
3098 5221 3193 5277 sed
3231 5221 3298 5277 de
3343 5222 3566 5278 futuris.

1990 5313 2105 5368 lloc
2139 5314 2288 5367 enim
2328 5314 2530 5369 eﬂ’atus
2561 5314 2866 5384 Propheta,
2900 5315 2968 5369 de
3003 5315 3121 5386 lege
3156 5331 3279 5385 quze
3310 5317 3571 5387 gentibus

1989 5413 2246 5475 tanquam
2278 5420 2308 5460 a
2342 5406 2629 5471 brabeute,
2662 5406 2717 5461 id
2751 5415 2859 5471 est,
2888 5425 2917 5461 a
2950 5407 3301 5464 moderatore
3333 5419 3389 5464 et
3418 5410 3568 5464 arbi-

1990 5505 2073 5552 tro
2111 5499 2433 5554 certaminis
2463 5509 2519 5555 et
2552 5500 2761 5570 praemii
2795 5500 2982 5572 judice
3018 5501 3135 5572 (qui
3170 5502 3428 5558 Christus
3460 5501 3569 5574 est)

377 5579 425 5613 "
446 5582 550 5639 lsa.
572 5602 684 5654 LIII,
711 5590 763 5644 l.
840 5592 885 5624 ⁷⁸
908 5594 1011 5650 Isa.
1030 5612 1102 5662 v1,
1125 5596 1179 5663 9,
1206 5598 1286 5653 10.
1365 5600 1411 5631 ⁷⁸
1431 5601 1590 5657 Deut.
1612 5619 1761 5671 xvm,
1788 5605 1874 5672 15,

2060 5609 2105 5641 ⁸⁰
2128 5611 2272 5666 Psal.
2292 5629 2442 5679 xvm,
2465 5613 2519 5668 8.

1853 5718 2088 5777 NOTAE.

382 5794 880 5884 (διηλκοὺσετε.
928 5798 1121 5858 Scribe
1163 5802 1454 5877 ἀκούσητε,
1483 5814 1538 5862 et
1582 5823 1706 5865 mox
1755 5812 1878 5884 βλέ-

306 5863 482 5937 ones.
506 5866 713 5925 Getes.

2061 5814 2172 5887 (55)
2200 5819 2562 5887 Πεποίηκας.
2595 5820 2881 5882 πέπεικας.
2911 5822 3117 5880 GULON.

2056 5888 2169 5959 (56)
2210 5887 2407 5960 Ἡμᾶς.
2440 5889 2603 5947 Forte
2633 5893 2784 5963 ἡμῖν.
2829 5892 2901 5949 In.
