4094 6542
503 390 608 455 667

1471 396 1532 456 S.
1564 396 1992 459 GREGENTII
2033 398 2268 460 EPISC.
2311 399 2844 461 TAPIIARENSIS

3660 401 3766 466 668

505 506 819 576 dispensata
862 513 949 561 est
990 514 1047 562 et
1085 505 1307 572 tradita,
1339 509 1593 578 praedixit
1639 529 1652 564 :
1695 511 1834 577 Lex,
1868 513 2077 584 inquit,

2184 531 2300 582 μσς
2325 514 2704 584 ἐπιστρέφων
2727 513 2954 585 ψυχάς.
2987 515 3153 577 Ποίας
3186 511 3368 585 ψυχὰς
3393 511 3766 584 ἐπιστρέφων.

504 597 719 652 Domini
758 598 1140 666 immaculata,
1173 610 1476 655 convertens
1515 604 1742 659 animos.
1776 604 1924 670 Quas
1961 605 2084 660 ani-

505 707 625 746 mas
657 702 1011 757 convertens,
1037 703 1094 748 et
1125 694 1291 758 unde,
1322 705 1379 750 et
1410 711 1575 765 quam
1609 696 1668 752 in
1694 697 1840 753 viam
1872 713 1965 754 eas
1996 698 2084 754 di-

506 783 724 853 rigens?

579 875 783 929 HERB.
817 876 922 930 Eas
959 876 1170 930 animas
1206 893 1329 946 quae
1366 894 1397 932 a
1436 879 1554 950 lege
1592 879 1764 934 deviae
1802 879 2080 944 aberrant,

504 966 696 1022 eadem
741 969 828 1022 lex
868 969 999 1023 dum
1041 968 1369 1038 explicatur,
1413 973 1568 1026 ocius
1612 973 1884 1027 convertit
1919 971 1987 1026 ad
2023 987 2083 1028 se

504 1057 712 1127 ipsam,
737 1069 792 1112 et
820 1075 917 1128 per
940 1075 998 1114 se
1021 1059 1090 1114 ad
1117 1060 1288 1113 Deum
1319 1077 1516 1115 omnes
1543 1061 1786 1118 deducit.

576 1148 632 1203 8.
689 1148 898 1204 ARCH.
953 1151 1280 1206 Perturbate
1346 1162 1404 1207 et
1473 1153 1789 1208 inordinate
1853 1153 2080 1208 falleris.

503 1239 707 1296 Omnes
741 1244 890 1297 enim
923 1258 1023 1298 vos
1059 1259 1088 1297 a
1126 1244 1245 1315 lege
1278 1244 1580 1309 aberratis,
1614 1246 1901 1301 adulteriis
1937 1256 1993 1301 et
2025 1247 2082 1301 in

503 1335 781 1390 masculos
827 1335 1108 1391 furoribus
1160 1353 1173 1390 :
1223 1336 1422 1391 deinde
1470 1353 1595 1391 cum
1641 1338 1815 1407 legem
1856 1338 2084 1408 singulis

501 1425 747 1481 sabbatis
779 1427 992 1498 legatis,
1019 1427 1114 1482 sed
1147 1438 1350 1482 temere
1384 1437 1439 1482 et
1470 1427 1693 1493 frustra,
1721 1430 1872 1484 nulla
1906 1430 2082 1485 inter-

501 1516 576 1571 im
604 1529 846 1572 vestrum
892 1520 1074 1573 anima
1120 1534 1316 1573 revera
1373 1519 1440 1573 ad
1475 1520 1766 1574 Dominum
1803 1522 2082 1577 converti-

503 1619 612 1663 tur.
647 1609 780 1676 Quis
823 1611 970 1664 enim
1009 1618 1254 1665 vestrum
1294 1611 1467 1681 legem
1510 1613 1732 1682 implet?
1768 1613 1986 1677 Nullus,
2025 1623 2085 1668 ut

499 1703 719 1771 opinor.
755 1703 1026 1768 Quocirca
1073 1713 1130 1758 et
1169 1704 1315 1758 Deus
1351 1720 1380 1758 a
1421 1705 1579 1759 vobis
1622 1721 1847 1760 aversus
1888 1716 1997 1770 est,
2027 1716 2086 1762 et

499 1807 598 1847 vos
631 1804 954 1861 persecutus
987 1803 1102 1858 est,
1136 1803 1192 1848 et
1221 1795 1509 1864 dissipavit
1543 1813 1641 1852 vos
1677 1797 1744 1851 ad
1779 1807 1935 1853 terra:
1969 1808 2081 1853 ter-

499 1886 700 1939 minos.
737 1885 907 1951 Quam
955 1888 1027 1940 ob
1074 1903 1329 1951 causam,
1363 1889 1529 1953 cedo,
1562 1890 1629 1943 ad
1676 1901 1915 1959 quatuor
1951 1893 2074 1948 cceli

497 1982 693 2030 ventos
734 1976 971 2046 dispersi
1011 1979 1175 2043 estis,
1208 1989 1264 2032 et
1300 1979 1442 2049 apud
1485 1996 1677 2035 omnes
1718 1990 1909 2052 gentes
1945 1983 2080 2038 estis

499 2077 758 2137 tanquam
793 2070 1145 2124 maledictum
1174 2081 1232 2126 et
1257 2074 1597 2127 exsecratio?

568 2160 774 2213 llERB.
799 2160 1072 2215 Nimirum
1107 2170 1332 2231 propter
1357 2171 1581 2230 peccata
1611 2171 1818 2218 nostra.

571 2252 628 2306 S.
662 2251 868 2307 ARCH.
901 2253 1019 2308 Jam
1058 2269 1160 2324 ego
1194 2255 1423 2323 praedixi
1462 2255 1638 2320 vobis,
1668 2256 1814 2326 quod
1853 2267 2079 2327 pr0ptcr

497 2353 723 2414 peccata
751 2353 936 2398 vestra
963 2344 1197 2414 dispersi
1231 2348 1367 2401 estis
1396 2355 1451 2401 et
1476 2363 1543 2401 ex
1576 2356 1722 2402 terra
1752 2349 2076 2417 promissio-

497 2436 585 2490 nis
618 2435 965 2490 exterminati
1003 2455 1016 2490 :
1053 2438 1333 2506 quomodo
1369 2438 1537 2508 igitur
1568 2439 1784 2504 dixisti,
1811 2441 1958 2510 quod
1991 2441 2077 2495 lex

497 2526 714 2580 animas
738 2536 949 2582 vestras
979 2527 1045 2581 ad
1077 2529 1265 2598 gratiae
1294 2530 1509 2584 Domini
1543 2530 1908 2600 captationem
1943 2548 2076 2587 con-

494 2619 696 2672 vertit?
725 2618 808 2672 An
839 2635 971 2673 vero
1004 2620 1150 2674 Deus
1182 2636 1279 2675 eos
1306 2622 1401 2690 qui
1433 2621 1536 2676 sibi
1571 2624 1806 2691 placent,
1832 2624 2073 2692 expellit,

497 2708 764 2777 reprobat
786 2717 842 2762 et
867 2708 1133 2778 dissipat?
1160 2709 1328 2777 Vide,
1354 2710 1630 2780 quomodo
1659 2719 1751 2765 tua
1783 2711 1927 2767 dicta
1957 2712 2078 2767 inil-

493 2800 666 2855 nitam
693 2801 1020 2854 calumniam
1050 2802 1357 2857 continent.

565 2892 770 2947 llEllB.
798 2893 878 2947 Tu
907 2894 1024 2963 ipse
1055 2894 1328 2959 edissere,
1356 2895 1487 2965 quid
1517 2907 1682 2966 caput
1704 2897 1967 2953 declarat.

563 2985 621 3039 8.
647 2984 854 3041 ARCH.
885 2985 996 3039 Lex
1033 2986 1247 3040 Domini
1283 2995 1366 3040 est
1418 3003 1575 3043 meus
1597 2989 1755 3044 Jcsus
1787 2989 2070 3056 Christus,

491 3077 588 3147 qui
621 3093 744 3131 cum
774 3092 804 3130 e
831 3078 972 3132 cmlo
1003 3076 1290 3132 descendit
1316 3087 1372 3133 et
1394 3079 1558 3133 homo
1582 3079 1758 3135 factus
1787 3090 1900 3146 est,
1925 3083 2072 3138 mul-

2184 605 2281 658 καὶ
2305 604 2450 672 ὅθεν,
2479 606 2576 659 καὶ
2596 605 2700 660 ποῦ
2723 607 2831 678 ἄρα
2853 606 3068 678 ὁδηγῶν
3089 605 3294 675 αὐτάς;

2257 868 2502 923 ΕΡΒΑΝ.
2532 868 2645 932 Τὰς
2673 868 3036 942 πλανωμένας
3063 869 3171 923 ἀπὸ
3199 868 3292 923 τοῦ
3322 869 3512 940 νόμου,
3547 870 3577 922 6
3602 871 3768 934 αὐτὸς

2183 958 2346 1028 νόμος
2371 963 2428 1012 ἐν
2453 961 2529 1032 τῷ
2551 961 3020 1026 ἀναπτύσσεσθαι,
3053 963 3247 1016 θᾶττον
3279 963 3599 1032 ἐπιστρέφει
3628 964 3765 1034 πρὸς

2182 1050 2396 1114 ἑαυτὸν,
2432 1053 2527 1105 καὶ
2551 1053 2620 1105 δι’
2645 1052 2842 1107 ἑαυτοῦ
2873 1055 3011 1125 πρὸς
3043 1056 3133 1108 τὸν
3161 1053 3292 1106 Θεὸν
3322 1053 3509 1124 ὁδηγεῖ
3534 1054 3762 1116 πάντας.

2255 1144 2365 1197 Kal
2397 1148 2438 1197 υ
2461 1145 2680 1199 ΑΓΙΟΣ.
2726 1146 3000 1210 Ἀτάκτως
3016 1145 3230 1216 ἀπατᾷ·
3256 1144 3460 1209 πάντες
3474 1145 3582 1215 γὰρ
3606 1146 3766 1215 ὑμεῖς

2186 1235 2465 1289 πλανᾶσθε
2517 1237 2628 1291 ἀπὸ
2673 1237 2771 1291 τοῦ
2804 1236 2972 1305 νόμου
3024 1237 3299 1307 μοιχείαις
3346 1236 3444 1290 καὶ
3491 1236 3767 1306 ἀνδρομα-

2183 1325 2354 1390 νίαις’
2396 1323 2514 1381 εἶτα
2558 1327 2681 1382 καθ’
2715 1316 2949 1382 ἕκαστον
2977 1327 3258 1384 Σάϐϐατον
3299 1327 3455 1399 ὑμῶν
3490 1327 3762 1394 ἀναγινώ-

2186 1435 2407 1483 σκοντες
2453 1421 2544 1475 τὸν
2586 1421 2770 1490 νόμον,
2805 1422 2924 1475 ἀλλ’
2965 1423 3087 1492 είκῆ
3150 1420 3247 1475 καὶ
3301 1421 3509 1492 μάτηνο
3537 1421 3762 1491 οὐδεμία

2183 1511 2293 1583 γὰρ
2338 1512 2485 1583 ψυχὴ
2527 1513 2620 1583 ἀφ’
2648 1513 2806 1584 ὑμῶν
2842 1514 3239 1585 ἐπιστρέφεται
3281 1513 3421 1584 πρὸς
3459 1513 3668 1585 Κύριον
3699 1515 3759 1566 ὲν

2182 1611 2430 1682 ἀληθείᾳ.
2462 1612 2556 1676 Τίς
2583 1612 2694 1682 γὰρ
2733 1613 2792 1677 ἐξ
2822 1612 2976 1684 ὑμῶν
3001 1615 3148 1666 ποιεῖ
3174 1613 3268 1666 τὸν
3311 1613 3508 1683 νόμον;
3553 1612 3643 1676 Ὠς
3675 1609 3759 1666 οἷ-

2187 1722 2305 1774 μαι,
2331 1705 2526 1767 οὐδείς.
2561 1705 2662 1758 Διὰ
2701 1705 2862 1759 τοῦτο
2886 1707 2982 1759 καὶ
3008 1708 3035 1759 6
3063 1705 3195 1769 Θεὸς
3226 1707 3554 1776 ἀπεστράφη
3579 1705 3756 1776 ὑμῶν.

2184 1797 2276 1850 καὶ
2304 1796 2581 1862 ὲξεδίωξεν
2618 1798 2790 1868 ὑμᾶς,
2844 1799 2940 1852 καὶ
2972 1798 3354 1868 διεσκόρπισεν
3395 1798 3539 1867 ὑμᾶς
3567 1798 3647 1859 είς
3689 1798 3759 1850 τά

2182 1887 2394 1956 πέρατα
2425 1888 2520 1955 τῆς
2543 1887 2866 1958 οἰκουμένης
2888 1903 2902 1917 ·
2932 1886 2998 1940 δι’
3021 1889 3086 1959 ἣν
3112 1886 3222 1956 γὰρ
3244 1887 3446 1949 αἰτίαν,
3483 1887 3606 1941 εἰπέ
3643 1903 3754 1956 μοι,

2180 1977 2638 2049 διεσκορπίσθητε
2686 1981 2766 2043 εἰς
2805 1980 2932 2041 τοὺς
2977 1979 3252 2052 τέσσαρας
3279 1978 3520 2048 ἀνέμους
3541 1978 3635 2032 τοῦ
3662 1980 3758 2032 o6-

2183 2070 2370 2140 ρανοῦ,
2400 2069 2496 2123 καὶ
2523 2071 2648 2124 ἐστὲ
2700 2071 2839 2124 ὡσεὶ
2879 2073 3095 2144 κατάρα
3126 2073 3185 2124 ὲν
3208 2073 3344 2125 πᾶσι
3367 2075 3480 2134 τοῖς
3508 2071 3753 2137 ἐθνεσινς

2250 2161 2498 2216 ΕΡΒΑΝ.
2531 2161 2630 2216 Διὰ
2655 2162 2756 2226 τὰς
2783 2163 3058 2234 ἁμαρτίας
3084 2162 3242 2234 ἡμῶν
3274 2163 3560 2234 πρόδηλον.

2250 2254 2360 2307 Kal
2391 2257 2432 2307 Ο
2459 2255 2678 2309 ΑΓΙΟΣ.
2717 2254 2828 2307 Kal
2861 2253 2975 2323 ἐγὼ
3023 2258 3288 2327 προεῖπον
3335 2255 3487 2325 ὑμῖν,
3539 2257 3622 2310 ὅτι
3665 2255 3757 2311 διὰ

2179 2345 2454 2418 ἁμαρτίας
2495 2345 2648 2416 ὑμῶν
2687 2346 3112 2418 ὲσκορπίσθητε,
3155 2346 3476 2418 διωχθέντες
3517 2347 3627 2401 ἀπὸ
3652 2348 3757 2417 τῆς

2177 2438 2279 2507 γῆς
2310 2439 2411 2508 τῆς
2443 2437 2796 2505 ἐπαγγελίας.
2831 2437 2959 2501 Πῶς
3008 2438 3065 2491 δὲ
3107 2437 3361 2509 εἴρηκας,
3392 2439 3474 2491 ὅτι
3511 2438 3541 2491 6
3587 2439 3757 2509 νόμος

2177 2529 2502 2601 ἐπιστρέφει
2528 2529 2666 2601 πρὸς
2690 2530 2988 2592 ἀρέσκειαν
3013 2528 3108 2582 τοῦ
3142 2529 3417 2583 Δεσπότου
3449 2529 3548 2593 τὰς
3575 2529 3756 2599 ψυχὰς

2179 2620 2364 2690 ὑμῶν;
2395 2621 2535 2684 Τοὺς
2557 2621 2894 2692 ἀρέσκοντας
2915 2615 3010 2674 οὖν
3035 2621 3184 2692 αὐτῷ
3213 2624 3242 2675 6
3264 2621 3402 2684 Θεὸς
3427 2622 3753 2685 ἀπωθεῖται,

2176 2716 2273 2770 καὶ
2321 2712 2732 2787 διασκορπίζει;
2783 2716 2949 2787 Ὅρα.
2998 2713 3116 2778 πῶς
3161 2713 3198 2769 ἃ
3239 2713 3444 2784 λέγεις,
3497 2714 3759 2784 διαϐολὴν

2175 2806 2402 2877 ἄπειρον
2428 2805 2744 2877 κέκτηνται.

2249 2895 2496 2949 ΕΡΒΑΝ.
2520 2895 2633 2947 Kal
2649 2894 2774 2964 λέγε
2800 2894 2964 2958 αὐτὸς
2987 2896 3073 2957 σὺ,
3092 2894 3145 2947 τί
3165 2895 3318 2966 δηλοῖ
3345 2894 3406 2950 τὸ
3435 2895 3755 2965 κεφάλαιον.

2249 2987 2360 3042 Kal
2410 2990 2452 3040 Ο
2501 2985 2720 3040 ΛΓΙΟΣ.
2758 2985 2942 3056 Νόμος
2985 2984 3195 3055 Κυρίου
3248 2984 3496 3055 πέφυκεν
3547 2988 3577 3038 6
3625 2983 3758 3055 ἐμὸς

2188 3078 2397 3151 Ἰησοῦς
2446 3077 2712 3148 Χριστὸς,
2744 3077 2894 3140 ὅστις
2937 3078 3183 3142 καταϐὰς
3229 3081 3294 3132 ὲκ
3341 3078 3437 3132 τοῦ
3496 3077 3752 3149 οὐρανοῦ,

492 3169 787 3224 titudinem
816 3170 1051 3224 ﬁliorum
1082 3170 1299 3226 lsraelis
1323 3171 1389 3226 ad
1409 3172 1588 3227 Patris
1611 3173 1918 3230 bonitatem
1944 3192 2075 3231 con-

2179 3173 2272 3224 καὶ
2294 3170 2742 3241 ὲνανθρωπήσας,
2781 3169 2988 3238 πλῆθος
3019 3169 3154 3222 υἱῶν
3197 3170 3416 3241 Ἰσραὴλ
3450 3169 3758 3241 ἐπέστρεψε

491 3260 690 3324 vertit,
716 3276 855 3330 quos
883 3259 1229 3317 Christianos
1255 3260 1370 3315 fieri
1401 3261 1651 3326 edocuit,
1682 3279 1920 3332 quorum
1957 3267 2076 3335 pri-

493 3367 620 3406 mus
651 3352 867 3418 Petrus,
897 3361 953 3407 et
977 3353 1183 3408 caeteri.
1210 3351 1323 3408 Nec
1353 3353 1454 3408 hos
1482 3354 1656 3419 solos,
1689 3371 1879 3410 verum
1910 3358 2076 3412 etiam

491 3461 563 3499 ex
590 3445 844 3500 omnibus
866 3445 1124 3516 gentibus
1153 3444 1352 3500 millies
1378 3445 1563 3500 decies
1589 3447 1760 3508 mille.
1782 3447 1833 3501 id
1867 3457 1972 3511 est,
1995 3451 2077 3504 in-

495 3536 705 3591 ﬁnitam
741 3537 956 3592 turbam
992 3547 1182 3591 sancto
1218 3552 1318 3590 suo
1355 3535 1588 3605 Spiritu,
1615 3553 1713 3606 per
1747 3554 1876 3593 suos
1909 3539 2076 3595 disci-

494 3628 682 3698 pulos,
710 3627 779 3682 ad
814 3637 1018 3682 sanctae
1046 3628 1335 3682 Trinitatis
1375 3629 1746 3699 cognitionem
1781 3634 2076 3689 convertit.

495 3719 594 3775 llic
632 3719 797 3788 igitur
827 3728 937 3774 tam
973 3719 1304 3788 inculpatus.
1331 3728 1387 3775 et
1424 3721 1599 3790 culpa:
1630 3737 1822 3777 exsors
1859 3723 1986 3789 fuit,
2013 3735 2073 3781 ut

494 3811 564 3865 de
593 3827 659 3866 eo
687 3811 852 3866 Isaias
877 3811 1127 3866 clamarit
1154 3827 1168 3865 :
1197 3811 1264 3865 Et
1291 3813 1399 3882 ipse
1429 3823 1700 3882 peceatum
1730 3831 1836 3871 non
1860 3817 2003 3887 fecit,
2028 3828 2076 3873 et

495 3903 645 3958 dolus
673 3905 729 3958 in
760 3921 850 3958 ore
881 3905 996 3975 ejus
1022 3920 1128 3958 non
1159 3913 1235 3958 est
1263 3905 1502 3960 inventus
1522 3907 1590 3962 ⁸⁸.

563 4084 727 4154 617
773 4084 976 4140 llERB.
1015 4087 1290 4156 Propheta
1337 4085 1560 4157 quidem
1598 4087 1831 4143 virtutes
1873 4089 2075 4144 ibidem

493 4191 846 4235 ennmerans.
871 4177 988 4231 hate
1011 4177 1233 4232 locutus
1257 4185 1344 4233 est
1370 4195 1382 4230 :
1412 4176 1683 4248 siquidem
1711 4178 1798 4232 his
1822 4178 2035 4234 addidit
2059 4197 2073 4233 :

418 4257 426 4266 ’
495 4267 867 4322 Testimonium
895 4267 1108 4321 Domini
1137 4268 1322 4336 ﬁdele,
1349 4268 1597 4339 parvulos
1627 4270 1889 4323 erudiens.
1913 4270 2078 4324 Justi-

491 4360 766 4426 ﬁcationes
798 4358 1010 4414 Domini
1045 4368 1228 4426 rectm,
1263 4361 1591 4429 lmtiﬁcantes
1625 4379 1715 4416 cor
1749 4379 1766 4415 :
1804 4371 1853 4414 et
1885 4379 2078 4433 prcece-

493 4461 643 4521 ptum
685 4450 899 4504 Domini
922 4491 936 4515 ,
965 4461 1018 4505 et
1059 4453 1215 4505 timor
1235 4453 1300 4518 ⁸³,
1331 4461 1437 4507 etc.
1471 4452 1551 4507 Tu
1587 4468 1719 4507 vero
1757 4453 2076 4523 imposturis

2177 3265 2318 3335 πρὸς
2338 3263 2441 3335 -τὴν
2466 3263 2559 3316 τοῦ
2591 3262 2805 3332 Πατρὸς
2837 3263 3171 3332 ἀγαθότητα,
3203 3263 3608 3334 Χριστιανίζειν
3632 3279 3760 3314 παι-

2171 3357 2398 3422 δεύσας,
2428 3348 2503 3409 ὧν
2543 3353 2759 3424 πρῶτος
2812 3354 3015 3420 Πέτρος
3051 3355 3146 3408 καὶ
3179 3355 3230 3407 oi
3265 3353 3466 3407 λοιποί.
3517 3353 3591 3405 Οὒ
3627 3352 3758 3422 μὴν,

2177 3449 2312 3503 ἀλλὰ
2338 3450 2434 3503 καὶ
2468 3449 2579 3502 ἀπὸ
2619 3449 2835 3502 πάντων
2869 3447 2978 3500 τῶν
3011 3447 3184 3500 ἐθνῶν
3235 3445 3485 3516 χιλιάδας
3527 3445 3621 3498 καὶ
3659 3463 3761 3514 μυ·-

2181 3541 2371 3614 ριάδας
2404 3539 2715 3612 ἐπέστρεψε
2745 3540 2823 3608 τῷ
2851 3538 3136 3608 Πνεύματι
3169 3536 3248 3607 τῷ
3278 3537 3418 3607 ἁγίῳ
3448 3537 3640 3601 αὑτοῦ,
3669 3537 3762 3590 διὰ

2176 3632 2286 3686 τῶν
2333 3630 2591 3702 μαθητῶν
2625 3629 2817 3690 αὐτοῦ’,
2864 3629 3003 3700 πρὸς
3037 3628 3138 3698 τὴν
3173 3629 3271 3698 τῆς
3320 3628 3483 3697 ἁγίας
3529 3629 3760 3699 Τριάδος

2177 3724 2496 3793 ἐπίγνωσιν.
2541 3723 2876 3793 Τηλικοῦτος
2911 3721 2968 3774 δὲ
3004 3716 3072 3791 ἦν
3117 3721 3372 3789 ἄμωμος.
3429 3719 3514 3772 ὃτι
3559 3720 3762 3788 κέκραο

2177 3832 2272 3884 γεν
2320 3815 2550 3879 Ἦσαῖας
2585 3814 2713 3885 περί
2747 3811 2913 3866 αἶ)τοῦ
2935 3829 2948 3842 ·
2984 3811 3090 3866 Kal
3125 3811 3301 3875 αὐτὸς
3332 3811 3626 3879 ἁμαρτίαν
3649 3812 3766 3864 οὐκ

2174 3905 2488 3972 eno/nvem
2550 3903 2693 3958 οὐδὲ
2739 3901 2952 3971 εὑρέθη
3007 3901 3189 3967 δόλος
3241 3902 3311 3954 ἐν
3367 3897 3448 3965 τῷ
3506 3901 3762 3970 στόματι

2176 3996 2386 4051 αὐτοῦ.

2249 4087 2494 4139 ΕΡΒΑΝ.
2546 4086 2605 4140 Ὀ
2639 4087 2736 4156 μὲν
2765 4085 3063 4157 Προφήτης
3114 4083 3318 4157 ἀρετὰς
3377 4083 3613 4137 ἐνταῦθα
3661 4084 3766 4134 ἐτι-Δ

2177 4177 2493 4250 αριθμήσας
2526 4219 2540 4244 ,
2597 4178 2724 4231 τάδε
2783 4177 3125 4246 λελάληκεν*
3197 4176 3386 4246 ἐπειδὴ
3451 4175 3761 4248 προσέθηκε

2174 4270 2387 4334 τούτοις
2409 4271 2490 4332 τὸ,
2515 4271 2578 4324 Ἠ
2593 4271 2890 4339 μαρτυρία
2909 4270 3132 4338 Κυρίου
3159 4269 3346 4336 ,πιστὴ
3367 4309 3381 4333 ,
3411 4268 3752 4338 coge/(ovum

2174 4363 2393 4431 νήπια·
2425 4363 2496 4418 τὰ
2523 4361 2887 4431 δικαιώματα
2921 4362 3142 4430 Κυρίου
3171 4359 3372 4424 εὐθέα,
3406 4360 3762 4428 εὐφραίνον-

2176 4471 2251 4508 τα
2299 4454 2575 4522 καρδίαν,
2613 4453 2714 4507 καί
2749 4453 2788 4521 ἡ
2843 4451 3064 4520 ἐντολή
3098 4451 3321 4520 Κυρίου
3352 4450 3450 4504 καί
3481 4454 3514 4504 ό
3549 4451 3762 4518 φόϐοςο-

490 4542 823 4611 quibusdam
855 4550 910 4597 et
939 4545 1208 4600 malitiosa
1243 4543 1702 4614 interpretatione
1737 4553 1792 4600 et
1821 4545 2069 4611 valritie,

2179 4552 2271 4600 καὶ
2299 4547 2368 4600 τὰ
2397 4547 2542 4617 ἑξῆς.
2561 4547 2632 4600 Σὺ
2650 4545 2707 4598 δὲ
2737 4544 2918 4599 πάντα
2953 4544 3321 4614 μαγγανείαις
3347 4544 3461 4596 τισὶ
3495 4543 3590 4597 καὶ
3618 4559 3761 4595 παν-

489 4644 716 4706 arteque
749 4637 1067 4692 acutissima
1087 4677 1101 4701 ,
1128 4638 1194 4692 ad
1228 4646 1279 4694 te
1310 4638 1488 4708 ipsum
1517 4639 1693 4694 trahis
1719 4656 1732 4693 :
1761 4639 1967 4695 directa
1995 4642 2073 4694 si-

489 4729 713 4797 quidem
745 4729 931 4800 lingua
957 4746 1176 4786 onmem
1202 4746 1425 4785 sensum
1453 4740 1510 4786 et
1534 4731 1816 4787 notionem
1848 4747 2070 4803 cogens,

490 4822 546 4876 in
578 4834 730 4877 tuum
759 4824 1027 4877 auxilium
1055 4832 1112 4877 et
1138 4822 1493 4878 commodum
1527 4823 1804 4879 subtiliter
1826 4832 1884 4878 et
1911 4839 2073 4879 accu-

491 4923 606 4968 rate
633 4914 990 4984 detorquens.
1442 4942 1444 4944 τ

562 5003 620 5058 8.
653 5003 860 5060 ARCH.
893 5006 1013 5060 Non
1048 5005 1208 5061 audis
1239 5005 1372 5076 quid
1407 5005 1556 5062 dicat
1585 5005 1843 5062 Habacuc
1879 5007 1948 5064 de
1985 5008 2074 5064 liis

488 5111 612 5165 quae
649 5096 867 5158 dixisti,
893 5097 1040 5167 quod
1081 5099 1316 5154 virtutes
1352 5114 1687 5154 enumerans
1729 5099 1948 5155 locutus
1985 5109 2072 5155 est

488 5189 777 5258 propheta.
820 5191 990 5244 Erant
1030 5192 1176 5247 enim
1224 5192 1308 5247 ha:
1347 5191 1582 5246 virtutes
1627 5189 1720 5245 Iiei
1767 5200 1825 5246 et
1863 5190 2067 5246 Christi

489 5280 629 5342 mei,
657 5296 794 5350 quas
821 5279 1078 5339 llabacuc
1107 5283 1379 5354 pr0plicta
1411 5281 1761 5338 ennmcravit
1799 5298 1813 5336 ε
1853 5279 2073 5352 Operm't

488 5373 642 5426 caelos
691 5373 855 5428 virtus
901 5376 1048 5446 ejus,
1098 5385 1147 5430 et
1201 5375 1569 5447 intelligentia:
1617 5377 1735 5447 ejus
1785 5375 1942 5446 plena
1999 5385 2072 5430 est

489 5470 634 5516 terra
655 5463 723 5516 ⁸³.

561 5615 607 5649 ⁸¹
629 5616 734 5673 lsa.
763 5601 878 5684 Litt,
901 5621 952 5676 9.
1030 5621 1074 5651 "’
1099 5621 1241 5677 Psal.
1265 5639 1412 5687 xvm,
1437 5623 1490 5687 8,
1514 5623 1567 5678 9.
1643 5621 1688 5653 "
1712 5620 1915 5678 llabac.
1956 5637 2033 5686 ιιι,
2056 5620 2108 5674 5.

2175 4639 2460 4711 ουργίαις,
2512 4639 2676 4709 τέχνῃ
2731 4655 2790 4691 τε
2842 4636 3309 4708 ὀξυδερκεστάτῃ,
3362 4635 3500 4705 πρὸς
3567 4632 3762 4687 ἑαυτὸν

2178 4730 2462 4802 ὲπισύρεις
2487 4746 2501 4760 ⁸
2535 4729 2724 4800 εὐθείᾳ
2743 4728 2853 4798 γὰρ
2891 4727 3108 4799 γλώττῃ
3143 4727 3491 4794 ὲπισυνάγων
3524 4741 3748 4796 τρεπτι-

2178 4823 2291 4887 κῶς
2320 4823 2467 4877 ἆπαν
2497 4821 2677 4892 νόημα
2705 4822 2785 4885 εἰς
2811 4821 2908 4892 τὴν
2935 4817 3160 4872 σεαυτοῦ
3195 4817 3465 4890 βοήθειαν.

2249 5003 2362 5054 Kal
2393 5004 2434 5055 0
2469 5001 2688 5055 ΑῐΊΟΣ.
2721 5000 2836 5053 Οὐκ
2865 4998 3084 5061 ἀκούεις
3109 4999 3162 5052 τί
3195 4999 3344 5066 λέγει
3366 5000 3394 5052 6
3437 4999 3762 5070 Ἀὅϐακοὺμ

2181 5092 2315 5165 περὶ
2347 5085 2424 5146 ὧν
2451 5092 2680 5164 εἴρηκας
2699 5131 2714 5154 ,
2741 5093 2823 5145 ὅτι
2863 5091 3066 5165 ἀρετὰς
3110 5089 3497 5162 ὲπαριθμήσας
3523 5091 3636 5160 (57)
3673 5090 3763 5145 λε-

2176 5186 2440 5255 λάληκεν.
2477 5185 2544 5238 Ai
2595 5185 2706 5252 γὰρ
2747 5183 2939 5256 ἀρεταὶ
2969 5181 3064 5236 τοῦ
3095 5181 3230 5236 Θεοῦ
3271 5182 3365 5235 καὶ
3388 5182 3624 5251 Χριστοῦ
3659 5200 3762 5254 μου

2176 5276 2341 5352 ἦσαν,
2374 5279 2442 5340 ἃς
2485 5277 2833 5348 ὲπηρίθμησε
2877 5277 2971 5331 καὶ
2998 5277 3026 5330 6
3064 5275 3381 5345 Ἀὗόακοὺμ
3405 5315 3419 5339 ,
3459 5276 3542 5328 ὅτι
3589 5274 3764 5329 Ἐκὰο

2178 5373 2383 5439 λυψεν
2423 5368 2724 5436 οὐρανοὺς
2767 5369 2806 5435 ἡ
2840 5366 3022 5436 ἀρετὴ
3051 5364 3260 5430 αὐτοῦ,
3304 5365 3397 5419 καὶ
3450 5363 3561 5433 τῆς
3606 5379 3762 5420 συν·-

2180 5451 2366 5528 ἐάεως
2394 5461 2578 5516 αὐτοῦ
2610 5459 2850 5529 πλήρης
2879 5460 2918 5528 ἡ
2947 5457 3046 5528 γῆ.

2033 5731 2075 5786 Ν
2081 5729 2240 5786 OT1E
2252 5770 2264 5784 .

575 5819 689 5892 (37)
734 5820 998 5892 Ἐπηριθ.
1055 5822 1307 5892 ’Λπαριθ.
1344 5823 1548 5878 Οιτιοξι.
