4094 6540
309 412 415 475 669

1271 422 1727 485 DlSPUTATIO
1766 425 1923 486 CUM
1962 426 2327 489 HERBANO
2359 429 2645 491 JUDIEO.

3464 430 3569 493 670

381 528 628 583 EPBAN.
667 529 800 601 Περὶ
837 531 931 584 τοῦ
960 532 1095 585 Θεοῦ
1135 535 1228 587 τοῦ
1264 537 1430 607 νόμου
1477 538 1638 593 τοῦτο
1669 541 1890 614 εἴρηκεν

2061 542 2266 599 HERB.
2295 546 2371 601 De
2406 547 2519 601 Deo
2554 545 2693 617 legis
2725 554 2951 600 auctore
2982 544 3121 600 dixit
3152 546 3400 600 omnino.
3434 545 3569 612 Quis

306 621 547 684 πάντως.
591 621 690 685 Τίς
722 623 831 693 γάρ
855 625 949 677 καὶ
980 625 1090 690 ίσος
1114 628 1305 682 τούτου
1345 633 1401 682 ἐν
1428 632 1689 700 ἀρεταῖς;

381 713 491 767 Καὶ
526 716 567 767 0
610 715 828 769 ΔΓΙΟΣ.
858 717 950 788 Μή
988 718 1073 783 τίς
1121 738 1181 772 σε
1221 723 1596 792 πεπλάνηκεν,
1620 726 1703 778 ὅτι
1729 727 1757 779 6
1786 727 1890 780 A6-

308 821 403 873 γος
430 804 524 858 τοῦ
557 805 715 871 Θεοῦ,
754 810 782 860 6
811 808 1056 873 καταϐάς
1084 812 1149 865 ἐκ
1177 812 1271 865 τοῦ
1301 815 1553 883 οὐρανοῦ,
1586 815 1686 869 οὐκ
1724 818 1890 888 ἐχρηο

312 895 505 966 μάτιζε
564 895 698 958 Θεὸς
759 897 854 951 τοῦ
906 899 1072 971 νόμον
1106 920 1119 968 ;
1159 903 1332 972 μηθέν
1365 922 1445 958 σοι
1503 906 1641 976 πρὸς
1670 907 1844 961 ταῦτα
1870 948 1886 972 ,

313 986 563 1058 μαύζηρε
597 988 734 1058 (58).
788 989 847 1043 '0
903 992 1008 1063 γὰρ
1050 994 1181 1063 ἐμὸς
1234 996 1459 1067 Κύριος,
1492 1000 1585 1050 καὶ
1622 998 1716 1051 τοῦ
1764 1000 1888 1053 καθ’

309 1078 458 1147 ὑμᾶς
486 1078 652 1150 νόμου
690 1080 897 1152 Κύριός
920 1084 1058 1146 ἐστι,
1100 1086 1195 1138 καὶ
1226 1087 1325 1156 τῆς
1348 1087 1473 1151 νέας
1506 1088 1730 1160 χάριτος
1757 1090 1889 1153 Θεὸς

312 1172 407 1224 καὶ
440 1170 711 1241 βασιλεύς.
741 1174 903 1242 Λέγει
936 1176 1045 1246 γάρ
1074 1178 1102 1229 6
1141 1177 1479 1249 ’Λϐΰακοὺμ,
1513 1180 1577 1234 '0
1605 1181 1751 1247 Θεὸς
1771 1182 1888 1237 ἀπὸ

315 1263 543 1333 θιιιμὰν
600 1264 771 1333 ἣξει,
796 1268 893 1322 καί
929 1270 961 1322 ό
1001 1270 1190 1340 Ἄγιος
1228 1271 1298 1336 ἐξ
1338 1271 1517 1340 ὅρους
1552 1273 1889 1331 κατασκίου

312 1354 566 1422 δασέως.

386 1446 633 1504 ΕΡΒΔΝ.
704 1450 777 1504 Τὸ
821 1451 1064 1522 Θαιμάν,
1096 1453 1148 1507 τί
1202 1454 1390 1525 δηλοῖ;
1428 1457 1490 1511 τό
1538 1474 1597 1509 τε
1649 1456 1776 1528 ὅρος
1833 1455 1893 1509 τὸ

316 1540 637 1603 κατάσκιον,
669 1543 723 1595 τί
757 1542 1112 1615 διαγορεύει;

392 1633 500 1686 Καὶ
530 1634 571 1685 0
605 1634 825 1689 ΑΓΙΟΣ.
858 1635 930 1687 Τὸ
962 1636 1060 1703 μὲν
1088 1635 1326 1707 Θαιμάν,
1361 1638 1426 1692 ὲκ
1455 1640 1565 1692 τῶν
1607 1639 1720 1693 ἀνω
1744 1638 1894 1707 δηλοῖ

316 1725 480 1779 αὐτὸν
524 1726 718 1796 ἥκειν,
754 1728 877 1794 ἤτοι
932 1729 996 1780 ὲκ
1041 1728 1135 1781 τοῦ
1172 1729 1427 1801 οὐρανοῦ,
1457 1730 1602 1784 τοῦτ’
1626 1731 1762 1796 ἐστι,
1794 1734 1893 1802 τῆς

316 1816 605 1889 ἀνατολῆς.
649 1817 714 1870 Ἦ
748 1818 805 1871 δὲ
837 1818 1065 1891 ἀλήθεια
1098 1819 1392 1885 δείκνυσιν,
1417 1819 1500 1874 ὅτι
1524 1822 1588 1874 ὲκ
1617 1820 1710 1875 τοῦ
1751 1838 1891 1890 παρ-

317 1908 532 1963 θενικοῦ
568 1908 821 1980 σώματος
860 1911 1059 1979 φάσκει
1100 1911 1263 1964 αὑτὸν
1302 1912 1445 1976 ἕξειν
1484 1914 1582 1983 τὴν
1620 1911 1890 1982 ιὲνανθρὼ⁴

316 2018 508 2073 πησιν,
536 2001 718 2065 καθὼς
768 2003 860 2055 καὶ
901 2003 1258 2073 παρεγένετο,
1312 2005 1406 2056 καὶ
1466 2005 1530 2057 ὲκ
1588 2005 1686 2074 τῆς
1732 2003 1893 2071 ἁγίας

315 2093 618 2163 Δεσποίνης
643 2093 799 2164 ἡμῶν
828 2093 1092 2148 Θεοτόκου
1126 2096 1221 2160 καὶ
1266 2094 1630 2165 άειπαρθένου
1652 2095 1892 2164 Μαρίας.

294 2185 489 2253 ›”Ορος
529 2183 585 2237 δὲ
630 2184 950 2248 κατάσκιον,
993 2184 1134 2255 αὕτη
1165 2187 1198 2256 ἠ
1233 2185 1508 2256 Παρθένος
1542 2187 1710 2249 ἐστὶν.
1746 2185 1805 2250 ἐξ
1827 2182 1896 2259 ἦς

316 2276 410 2328 καὶ
440 2274 714 2345 προῆλθεν
740 2275 1037 2346 ἀφράστως
1073 2275 1399 2346 σαρκωθείς.
1429 2277 1595 2346 Ὄρος
1631 2275 1688 2329 δὲ
1725 2276 1896 2345 αὐτὴν

316 2366 486 2435 λέγει,
519 2365 609 2419 διὰ
633 2365 714 2430 τὸ,
745 2366 819 2429 ὡς
841 2368 899 2418 ὲν
924 2366 1002 2437 τῷ
1028 2368 1158 2438 Σινᾷ
1182 2367 1299 2438 ὄρει
1317 2406 1331 2429 ,
1370 2366 1766 2437 παραπλησίως
1794 2383 1896 2421 κα-

315 2456 685 2525 ταδεδηκέναι
739 2458 797 2509 ὲν
824 2457 962 2527 αὐτῇ
1008 2458 1101 2510 τὸν
1132 2458 1285 2523 Θεὸν,
1322 2459 1417 2511 καὶ
1448 2457 1893 2528 κατασκηνῶσαι,

317 2552 427 2606 εἴτε
454 2554 549 2607 καὶ
588 2551 676 2606 διὰ
704 2552 764 2606 τὸ
790 2552 1094 2606 άδιόδευτον
1125 2553 1225 2623 τῆς
1246 2552 1547 2625 παρθενίας
1572 2569 1585 2581 ·
1615 2552 1802 2621 ἐπειδὴ
1836 2551 1898 2604 τὸ

316 2645 480 2707 δάσος
533 2644 644 2697 τῶν
676 2644 845 2714 ὀρέων
887 2644 1153 2699 δύσϐατόν
1212 2644 1442 2715 ὲστιν,ἦ
1477 2645 1575 2698 καὶ
1613 2643 1899 2706 παντελῶς

316 2736 639 2790 ἀδιόδευτον.
698 2736 1013 2790 Κατάσκιον
1060 2736 1117 2790 δὲ
1162 2736 1332 2808 αὐτὴν
1377 2736 1667 2806 ἐμφαίνει,
1699 2735 1787 2789 διὰ
1837 2735 1899 2789 τὸ

321 2828 634 2893 συσκιάξειν
682 2831 741 2882 ὲν
777 2830 913 2901 αὐτῇ
960 2829 1037 2900 τῷ
1070 2828 1265 2901 πλήθει
1310 2828 1420 2882 τῶν
1453 2828 1662 2898 ἀρετῶν
1698 2827 1761 2881 τὸ
1800 2845 1901 2897 μυ-

320 2920 543 2987 στήριον
567 2918 665 2987 τῆς
694 2917 868 2987 αὐτῆς
894 2917 1191 2989 παρθενίας
1214 2933 1227 2947 ’
1271 2917 1408 2986 πρὸς
1432 2917 1494 2970 τὸ
1537 2917 1611 2987 μὴ
1643 2915 1899 2985 διαγινώ-

322 3010 549 3065 σκεσθαι
604 3010 743 3081 ποίῳ
786 3011 974 3081 τρόπῳ
1014 3009 1346 3080 γεγέννηκεν
1406 3010 1570 3081 αὕτη.
1625 3009 1901 3080 Παρθένος

321 3106 432 3175 γὰρ
480 3104 659 3169 ἔτεκε,
704 3104 800 3156 καὶ
843 3102 988 3174 μετά
1023 3103 1183 3157 τόκον
1227 3102 1498 3174 παρθένος
1557 3101 1674 3156 σῶα
1738 3103 1901 3156 πάλιν

320 3196 609 3266 διέμεινεν.

392 3288 639 3343 EPBAN.
666 3288 741 3340 Οὐ
785 3288 911 3357 περὶ
948 3287 1184 3357 Χριστοῦ
1220 3285 1381 3341 τοῦτό
1409 3304 1591 3359 φησιν,
1627 3286 1743 3340 ἀλλ’
1771 3286 1893 3340 οὕτε

321 3380 452 3449 περὶ
483 3374 549 3450 ἦς
578 3377 740 3441 αὐτὸς
774 3376 1149 3448 ἀπηριθμήσω
1173 3377 1473 3447 Παρθένου,
1507 3375 1646 3429 ἀλλά
1675 3392 1739 3444 γε
1766 3376 1896 3444 περὶ

319 3470 418 3523 τοῦ
453 3469 588 3523 Θεοῦ
618 3469 711 3523 τοῦ
747 3470 938 3538 νόμου,
965 3468 1059 3521 τοῦ
1084 3472 1142 3521 ὲν
1171 3469 1248 3538 τῷ
1276 3469 1391 3540 ὄρει
1422 3469 1551 3539 Σινᾷ
1579 3468 1658 3539 τῷ
1687 3469 1894 3539 Μωῦσῇ

322 3563 874 3634 κατεμφανισθέντος.
914 3563 977 3614 Ei
1010 3563 1118 3633 γάρ
1150 3562 1321 3625 οὕτως
1362 3560 1453 3633 ἦν,
1478 3562 1585 3615 ἔδει
1619 3561 1781 3615 αὑτὸν
1807 3562 1899 3613 εί-

323 3660 447 3711 πεῖν
481 3671 498 3689 ⁶
532 3657 590 3710 '0
604 3657 840 3728 Χριστὸς
870 3656 977 3709 ἀπὸ
1001 3655 1214 3726 Θαιμὰν
1236 3656 1375 3725 ἣξει,
1411 3656 1505 3709 καὶ
1532 3654 1651 3725 οὐχὶ
1689 3656 1717 3708 6
1742 3653 1897 3717 Θεός.

320 3749 538 3819 Θαιμάν
593 3748 648 3800 δὲ
679 3749 858 3819 ζὴμεῖς
902 3747 995 3801 τὸν
1028 3747 1214 3812 τόπον,
1244 3746 1366 3800 ὅθεν
1407 3747 1640 3800 ἀναπνεῖ
1667 3746 1694 3798 6
1724 3745 1895 3809 νότος,

323 3841 828 3913 προσαγορεύομεν.

396 3932 506 3986 Καὶ
532 3933 572 3985 0
598 3932 814 3985 ΑΙἸΟΣ.
845 3930 1060 4001 Θαιμάν
1086 3930 1143 3983 δὲ
1173 3930 1355 4001 ἡμεῖς.
1396 3928 1519 3984 ὅθεν
1557 3926 1900 4000 προσκυνοῦ-

325 4048 459 4101 μεν,
491 4028 649 4082 τοῦτο
688 4027 1190 4099 προσαγορεύομεν.
1245 4024 1402 4079 Κατά
1462 4023 1727 4086 ἀνατολὰς
1791 4022 1900 4094 γὰρ

322 4123 681 4193 ἐδιδάχθημεν
709 4120 1129 4191 προσεύχεσθαι,
1160 4119 1294 4172 διότι
1321 4120 1438 4172 ἐκεῖ
1461 4116 1788 4189 εὑρίσκομεν
1810 4115 1900 4169 τὸν

324 4214 458 4268 Θεὸν
502 4214 788 4269 πλάσαντα
828 4214 918 4266 τὸν
962 4212 1281 4282 ἄνθρωπον,
1317 4212 1412 4265 καὶ
1443 4211 1533 4264 τὸν
1572 4210 1901 4281 παράδεισον

327 4309 656 4377 ποιήσαντα.
696 4305 971 4376 Πρόδηλον
1019 4300 1112 4358 οὖν
1141 4306 1225 4358 ὅτι
1269 4305 1521 4366 κάκεῖνος
1559 4304 1586 4354 6
1617 4301 1685 4353 τὰ
1726 4301 1904 4354 πάντα

326 4400 574 4472 πληρῶν,
612 4402 721 4462 τοῖς
756 4400 934 4451 ἐκεῖσε
990 4396 1351 4461 ἐναυλίζεται.
1414 4395 1525 4447 Καὶ
1572 4394 1733 4464 ὑμεῖς
1780 4392 1902 4445 ὅθεν

328 4496 708 4565 προσκυνεῖτε,
763 4490 979 4560 Θαιμάν
1025 4492 1185 4545 τοῦτο
1249 4490 1713 4560 προσαγορεύετε.
1780 4489 1904 4540 Ἐπὶ

1989 638 2136 691 enim
2167 637 2298 692 huic
2322 639 2550 708 aequalis
2577 648 2663 693 est
2689 638 2745 693 in
2774 637 3106 692 virtutibus?

2062 729 2117 784 S.
2160 728 2367 783 ARCH.
2406 729 2527 784 Non
2575 730 2701 799 quis
2746 735 2800 784 te
2850 729 3095 793 seduxit,
3135 730 3283 800 quod
3324 729 3567 784 Verbum

1989 821 2086 875 Dei
2117 820 2202 891 (id
2229 829 2333 881 est,
2358 820 2561 891 Filius)
2590 820 2686 890 qui
2711 820 2779 875 de
2807 820 2964 875 cmlis
2992 821 3299 885 descendit,
3323 837 3435 874 non
3466 820 3571 873 fuit

1989 910 2135 965 Deus
2168 910 2333 981 legis?
2361 910 2507 964 Nihil
2546 910 2646 963 tibi
2681 910 2747 964 ad
2784 911 2927 975 haec,
2954 927 2987 965 ο
3020 912 3207 965 stulte.
3240 911 3376 965 Nam
3414 926 3569 965 meus

1989 1000 2285 1065 Dominus,
2326 1010 2385 1055 et
2427 1009 2625 1056 vestra:
2673 1001 2810 1070 legis
2852 1002 3117 1055 Dominus
3154 1009 3268 1065 est,
3316 1010 3373 1053 ct
3413 1015 3570 1055 nova:

1990 1092 2177 1163 gratia:
2212 1094 2358 1149 Deus
2393 1101 2451 1149 et
2483 1092 2619 1146 Rex.
2653 1093 2795 1146 Dicit
2826 1092 2973 1146 enim
3012 1090 3267 1146 Habacuc
3305 1108 3319 1145 :
3360 1090 3498 1143 Deus
3535 1107 3570 1143 a

1992 1185 2241 1240 Tliwman
2265 1188 2456 1250 veniet,
2481 1195 2529 1240 et
2552 1184 2776 1241 Sanctus
2805 1185 2870 1239 de
2894 1192 3068 1239 monte
3093 1181 3415 1236 obumbrata:
3442 1180 3571 1233 den-

1989 1276 2163 1330 sitatis
2181 1276 2249 1330 δ”.

2062 1455 2268 1510 IIERB.
2301 1454 2564 1509 Thaaman
2584 1494 2598 1519 ,
2629 1453 2761 1523 quid
2798 1452 3098 1524 signiﬁcat?
3130 1459 3185 1505 ct
3216 1464 3375 1504 mons
3404 1446 3571 1519 (Pha-

1994 1548 2114 1615 ran)
2144 1548 2506 1603 obumbratus
2531 1545 2664 1616 quid
2695 1545 2933 1599 indicat?

2064 1641 2119 1696 S.
2168 1639 2373 1695 ARCH.
2427 1639 2687 1694 Thaeman
2747 1636 2971 1706 quidem
3034 1650 3159 1689 eum
3225 1648 3256 1687 e
3315 1631 3574 1701 supernis

1991 1732 2182 1786 venire
2225 1731 2498 1795 declarat,
2554 1744 2753 1798 nempe
2791 1743 2821 1782 e
2861 1727 3033 1790 coelo,
3067 1726 3120 1779 id
3158 1731 3242 1778 est
3275 1723 3344 1777 ab
3383 1729 3509 1777 ortu
3552 1738 3567 1775 :

1997 1823 2203 1877 veritas
2227 1833 2411 1879 autem
2438 1823 2800 1884 demonstrat,
2826 1817 2970 1889 quod
2996 1834 3026 1872 e
3052 1815 3306 1886 virginali
3336 1828 3570 1883 corpore

2000 1916 2271 1986 propheta
2296 1914 2530 1970 aﬂirmat
2560 1914 2739 1983 ipsum
2767 1913 3086 1965 habiturum
3111 1924 3232 1963 esse
3259 1907 3573 1964 humanita:

1998 2015 2142 2071 tem,
2175 2006 2641 2076 quemadmodum
2681 2005 2896 2069 evenit,
2928 2011 2983 2057 et
3015 2018 3082 2056 ex
3117 2009 3305 2056 sancta
3339 1999 3568 2054 Domina

1996 2108 2183 2154 nostra
2228 2099 2323 2153 Dei
2369 2098 2683 2162 Genitrice,
2727 2109 3052 2165 semperque
3102 2093 3325 2163 Virgine
3378 2089 3568 2145 Maria.

1995 2197 2153 2251 Mons
2196 2210 2331 2250 vero
2402 2194 2770 2249 obumbratus
2815 2193 2934 2261 ipsa
2984 2198 3069 2243 est
3111 2188 3308 2257 Virgo,
3348 2199 3415 2238 ex
3460 2196 3571 2252 qua

1995 2288 2205 2359 prodiit
2231 2286 2588 2342 ineﬂ'abiliter
2612 2299 2778 2339 carne
2810 2282 3057 2336 indutus.
3090 2279 3332 2333 Montem
3384 2283 3570 2330 autem

1998 2382 2173 2451 ipsam
2213 2380 2378 2443 dicit,
2405 2394 2472 2433 eo
2510 2377 2692 2447 quod,
2722 2384 2784 2429 ut
2824 2374 2880 2428 in
2921 2381 3162 2427 montem
3204 2369 3365 2433 Sina,
3394 2368 3477 2421 sic
3514 2366 3571 2419 in

1998 2474 2172 2543 ipsam
2204 2470 2491 2527 descendit
2516 2471 2693 2532 Deus,
2721 2477 2778 2522 et
2807 2462 3193 2526 obumbravit;
3226 2460 3312 2514 vel
3343 2464 3574 2529 propter

1996 2564 2331 2635 virginitatis
2366 2560 2697 2632 impervium
2733 2571 3017 2613 accessum
3054 2570 3068 2606 :
3104 2549 3376 2621 siquidem
3413 2560 3574 2600 mon-

2000 2658 2137 2713 tium
2181 2654 2428 2710 densitas
2468 2667 2693 2708 accessu
2738 2657 2823 2705 est
2858 2643 3227 2718 perdifﬁcilis,
3257 2641 3345 2695 vel
3384 2637 3573 2709 potius

2000 2748 2229 2803 omnino
2262 2747 2430 2801 invia.
2466 2744 2863 2800 Obumbratam
2902 2747 3085 2793 autem
3120 2736 3295 2805 ipsam
3330 2730 3569 2793 indicat,

2000 2845 2295 2908 propterea
2325 2836 2474 2905 quod
2507 2835 2563 2888 in
2592 2834 2709 2904 ipsa
2741 2831 2906 2886 simul
2932 2843 3057 2883 cum
3084 2827 3352 2880 virtutum
3383 2820 3572 2875 multi-

2002 2927 2227 2993 tudine,
2262 2924 2600 2996 virginitatis
2639 2922 2815 2993 ipsius
2856 2916 3181 2990 mysterium
3218 2912 3515 2968 obumbrat
3555 2925 3570 2963 :

2001 3018 2144 3074 adde
2184 3016 2333 3087 quod
2378 3017 2626 3070 nescitur
2668 3008 2946 3082 quomodo
2992 3007 3110 3061 haec
3151 3002 3359 3075 genuit.
3406 3000 3574 3069 Virgo

2002 3112 2149 3165 enim
2175 3109 2408 3181 peperit,
2431 3116 2486 3163 et
2508 3114 2633 3178 post
2656 3113 2895 3175 partum,
2924 3100 3080 3169 virgo
3110 3097 3259 3151 salva
3283 3103 3339 3149 et
3362 3092 3575 3162 integra

1926 3210 1968 3267 (ζ
2003 3203 2327 3276 permansit.

2072 3296 2275 3351 HERB.
2309 3294 2427 3349 Non
2468 3291 2536 3347 de
2575 3290 2797 3347 Christo
2833 3288 2940 3342 hoc
2977 3285 3144 3348 dicit,
3174 3293 3357 3350 neque
3397 3276 3466 3331 de
3511 3289 3579 3329 ea

2001 3405 2164 3461 quam
2224 3385 2596 3443 annumerasti
2647 3383 2907 3453 Virgine,
2955 3377 3051 3434 sed
3104 3374 3289 3446 potius
3341 3371 3408 3424 de
3463 3368 3578 3422 Deo

1982 3481 2157 3552 'legis,
2183 3481 2276 3549 qui
2311 3480 2364 3533 in
2397 3485 2584 3531 monte
2614 3475 2743 3531 Sina
2771 3472 2904 3528 Mosi
2942 3468 3216 3541 apparuit.
3240 3466 3295 3521 Si
3325 3465 3471 3519 enim
3502 3462 3578 3515 ita

2003 3580 2179 3637 esset,
2229 3569 2519 3640 oportebat
2567 3568 2747 3638 ipsum
2791 3565 3008 3627 dicere,
3041 3561 3295 3617 Christus
3342 3573 3373 3611 e
3416 3554 3578 3608 Thae-

2005 3681 2129 3719 man
2156 3663 2372 3727 veniet,
2400 3670 2456 3717 et
2484 3676 2593 3715 non
2628 3660 2792 3714 Deus.
2818 3656 2931 3711 Nos
2963 3664 3147 3709 autem
3198 3650 3457 3704 Thaman
3496 3645 3580 3698 Io-

2005 3773 2132 3814 cum
2162 3757 2308 3812 unde
2338 3757 2510 3827 spirat
2532 3763 2702 3809 notus
2728 3752 2843 3807 sive
2870 3756 3077 3813 auster,
3102 3744 3460 3816 appellamus.

2077 3938 2135 3995 S.
2168 3935 2373 3993 ARCII.
2408 3935 2521 3991 Nos
2558 3949 2694 3989 vero
2740 3932 3031 3992 Thaeman,
3059 3924 3207 3980 unde
3254 3920 3580 3981 adoremus,

2006 4043 2412 4099 nuncupamus.
2439 4027 2575 4081 Nam
2605 4024 2673 4079 ad
2706 4022 2839 4078 solis
2870 4028 3055 4074 ortum
3087 4030 3243 4071 orare
3270 4010 3453 4067 edocti
3484 4025 3581 4063 su-

2008 4138 2160 4186 mus;
2192 4121 2455 4193 quoniam
2485 4119 2598 4174 illic
2621 4119 2792 4173 Deum
2820 4113 3151 4173 invenimus,
3178 4106 3273 4178 qui
3303 4104 3583 4160 hominem

2008 4218 2298 4282 formavit,
2332 4223 2388 4270 et
2431 4204 2526 4284 qui
2565 4211 2883 4284 paradisum
2925 4205 3193 4263 condidit.
3224 4201 3582 4270 Perspicuum

2010 4314 2198 4383 igitur,
2229 4311 2374 4381 quod
2406 4308 2619 4378 ilie'qui
2649 4306 2836 4361 omnia
2862 4302 3086 4371 implet,
3114 4299 3170 4353 in
3203 4297 3308 4351 illis
3333 4293 3586 4364 partibus

2011 4404 2301 4459 inhabitat.
2333 4402 2443 4456 Vos
2482 4409 2665 4453 autem
2707 4397 2893 4451 locum
2918 4392 3067 4447 unde
3109 4388 3389 4450 adoratis,
3422 4385 3583 4438 Thm—

2012 4514 2137 4551 man
2169 4495 2403 4550 vocatis.
2429 4493 2564 4548 Nam
2591 4506 2691 4545 vos
2715 4489 2781 4543 ad
2810 4502 3065 4542 occasum
3101 4481 3342 4538 adoratis
3372 4491 3586 4546 :neque
3694 4474 3697 4477 ’

328 4585 426 4656 τὴν
453 4585 602 4639 δύσιν
634 4585 745 4657 γὰρ
792 4586 950 4655 ὑμεῖς
982 4588 1336 4654 προσκυνεῖτε
1357 4602 1370 4615 ο
1409 4585 1503 4638 καὶ
1548 4584 1699 4637 οὐδὲν
1740 4582 1897 4652 ἀμφίς

2013 4588 2117 4641 hoc
2143 4585 2375 4641 dubium
2405 4592 2461 4638 ct
2488 4590 2908 4637 controversum
2936 4583 3041 4630 est.
3066 4572 3332 4628 Amentiaa
3360 4566 3586 4657 quidem

330 4677 485 4730 ϐολον
517 4679 645 4747 περὶ
668 4677 881 4731 τούτου.
927 4678 1137 4741 ’Ᾱνοίας
1168 4679 1279 4748 γάρ
1309 4677 1377 4731 τὰ
1428 4678 1651 4749 ῥήματα
1699 4675 1910 4746 πέπλη-

332 4768 494 4833 στο,ἃ
522 4769 585 4821 σὺ
619 4770 1000 4840 παρεισάγεις.
1039 4770 1113 4838 μὴ
1138 4770 1320 4833 καλῶς
1344 4769 1629 4837 γινώσκων
1651 4769 1749 4831 τὰς
1779 4784 1914 4838 προ-

331 4857 581 4927 φητείας.
647 4857 698 4910 '0
755 4858 922 4924 Θεὸς,
987 4859 1232 4929 εἴρηκεν,
1293 4859 1412 4913 ἀπὸ
1472 4856 1700 4923 Θαιμὰν
1739 4855 1908 4921 ἣξει,

330 4950 429 5007 καί
469 4952 502 5004 o'
538 4951 729 5020 Ἄγιος
771 4952 837 5016 ἐξ
887 4950 1088 5020 ὅρους.
1123 4951 1219 5015 Τίς
1253 4951 1397 5003 ἐστιν
1432 4952 1458 5001 6
1494 4947 1655 5013 Θεὸς,
1686 4948 1781 5001 καὶ
1828 4949 1910 5011 τίς

328 5045 477 5097 ἐστιν
525 5045 701 5112 ἅγιος,
733 5044 989 5116 διήγησαί
1024 5062 1137 5115 μοι.

403 5137 651 5190 ΕΡΒΑΝ.
681 5138 810 5199 Θεὲς
834 5139 996 5201 αὑτός
1030 5139 1148 5190 ἐστι
1178 5136 1273 5189 καὶ
1306 5134 1482 5204 ἅγιος,
1515 5135 1610 5188 δύο
1636 5152 1909 5206 προσηγο-

334 5226 469 5299 ριῶν
504 5227 775 5296 κειμένων
805 5228 861 5280 ὲν
889 5229 970 5281 ἑνὶ
994 5228 1305 5299 πράγματι.

401 5319 510 5373 Καὶ
534 5319 575 5371 0
599 5317 818 5377 ΑΓΙΟΣ.
834 5320 998 5379 ,Ποῖόν
1039 5322 1159 5373 ἐστι
1214 5319 1429 5391 μεῖζον,
1464 5319 1522 5372 τὸ
1576 5320 1740 5386 Θεὸς,
1775 5320 1807 5392 ἢ
1857 5320 1916 5373 τὸ

336 5410 404 5464 ’Ἄ
416 5428 538 5479 γιος
561 5427 583 5477 ;

405 5502 654 5559 EPBAN.
686 5502 759 5555 T6
788 5501 930 5568 Θεὸς
956 5502 1067 5573 (59)
1103 5504 1342 5576 μεῖζονῆ
1376 5504 1435 5558 τὸ
1470 5506 1681 5575 Ἄγιος.

406 5619 455 5653 ⁸³
477 5622 682 5678 Habac.
717 5640 800 5689 ιιι,
822 5624 878 5679 5.
953 5625 998 5655 ⁸⁵
1024 5624 1159 5679 ibid.

2013 4681 2183 4736 verba
2219 4680 2379 4749 plena
2411 4687 2539 4731 sunt
2569 4689 2689 4743 qua:
2725 4679 2781 4725 tu
2816 4668 3057 4739 profers,
3086 4663 3233 4718 haud
3268 4670 3417 4716 recte
3446 4656 3587 4711 vati-

2012 4774 2154 4829 cinia
2198 4772 2313 4826 sive
2362 4766 2687 4840 praphetias
2728 4761 3065 4831 intelligens.
3109 4756 3246 4809 Deus
3294 4750 3475 4822 (dixit)
3525 4762 3589 4800 ea:

2015 4866 2260 4920 Tltwman
2279 4863 2469 4925 veniet,
2495 4868 2544 4913 et
2568 4856 2874 4919 Sanctusfea:
2902 4860 3077 4906 monte
3095 4849 3161 4902 ⁸⁸.
3188 4845 3323 4912 Quis
3337 4852 3422 4899 est
3444 4842 3590 4895 Deus

2014 4959 2126 5023 ille,
2154 4965 2209 5011 et
2235 4955 2360 5026 quis
2393 4960 2639 5017 sanctus,
2662 4962 2899 5018 expone,
2928 4958 3080 5014 rogo.

2090 5133 2291 5188 HERB.
2314 5102 2462 5187 Deus
2486 5130 2603 5199 ipse
2630 5136 2736 5191 est,
2768 5132 2825 5180 et
2844 5132 3101 5179 sanctus:
3130 5119 3251 5174 duae
3274 5112 3595 5186 appellatio-

2024 5240 2120 5280 nes
2149 5224 2202 5277 in
2232 5238 2292 5275 re
2320 5237 2427 5275 una
2452 5219 2644 5290 positae
2673 5224 2818 5271 sunt.

2094 5316 2150 5370 S.
2180 5311 2383 5369 ABCH.
2410 5312 2604 5367 Utrum
2633 5308 2812 5379 majus
2834 5312 2939 5366 est,
2966 5304 3135 5367 Deus,
3160 5316 3228 5355 an
3258 5295 3525 5353 Sanctus?

2095 5503 2301 5558 llERB.
2329 5503 2474 5557 Deus
2500 5499 2722 5570 quidem
2742 5539 2756 5561 ,
2780 5497 2957 5569 majus
2984 5507 3148 5564 quam
3182 5489 3435 5546 Sanctus.

1831 5694 2068 5751 NOTAE.

410 5760 524 5835 (.38)
553 5763 849 5834 Μαύζηρε.
885 5764 1047 5822 Forte
1079 5762 1276 5835 μαύρε.
1319 5765 1525 5822 GULON.

412 5833 525 5909 (39)
571 5835 642 5889 Τὸ
668 5833 832 5901 Θεὸς,
855 5852 909 5909 κ.
941 5853 993 5889 τ.
1026 5833 1339 5909 L'Videtur
1386 5837 1591 5907 aliquid
1628 5853 1749 5893 esse
1784 5854 1920 5909 pra:-

352 5906 670 5961 termissum
708 5922 739 5962 a
780 5906 998 5975 scriba;
1037 5908 1184 5978 quod
1226 5907 1356 5964 licet
1397 5909 1671 5981 conjicere
1700 5906 1919 5979 ex'ipso

2023 5762 2324 5832 exemplari
2359 5779 2460 5818 ms.
2497 5761 2552 5817 in
2587 5758 3048 5832 margine,icujus
3098 5766 3228 5813 sunt
3261 5757 3378 5813 base
3404 5750 3592 5817 verba,

2025 5838 2083 5889 τὸ
2120 5831 2251 5899 Θεὸς
2290 5836 2470 5905 μεῖζον
2501 5833 2531 5904 ἧ
2568 5832 2627 5887 τὸ
2660 5831 2834 5903 ἅγιος.
2866 5831 2941 5886 In.
