4088 6590
466 457 572 524 671

1402 460 1478 521 8.
1512 457 1940 520 GREGENTII
1977 456 2212 518 EPISC.
2253 451 2785 515 TAPHARENSIS

3619 455 3726 519 672

537 577 594 632 S.
623 572 832 630 ARCH.
858 573 993 630 Vide
1023 573 1300 644 quomodo
1331 575 1657 646 imprudens
1685 577 1916 639 laberis,
1949 592 2046 631 ne~

2219 573 2327 626 Kui
2345 575 2387 626 0
2420 569 2636 624 ΑΓΙΟΣ.
2671 568 2844 622 Βλέπε
2887 567 3005 630 πῶς
3043 567 3364 635 ἐμπίπτεις,
3402 569 3494 622 xui
3521 570 3582 624 οὗ
3605 572 3726 626 δια-

458 685 574 740 ηιιε
607 669 908 738 dignoscis.
942 669 1075 722 Nam
1111 669 1275 738 paulo
1306 677 1436 724 ante
1467 670 1688 734 dixisti,
1715 669 1865 740 quod
1898 670 2045 724 Deus

463 760 634 832 618
659 758 922 829 quiddam
951 759 1224 813 valentius
1252 768 1338 812 est
1369 773 1532 828 quam
1564 758 1818 814 Sanctus.
1848 760 1907 813 In
1933 760 2045 814 Deo

467 846 635 915 igitur
658 860 859 900 nomen
893 861 1122 914 parvum
1153 855 1210 901 et
1234 863 1510 917 magnum.

542 937 746 992 HERB.
782 938 863 992 Tu
906 955 1038 995 vero
1077 940 1213 995 mihi
1257 941 1504 996 edissere
1542 951 1599 997 et
1637 941 1879 1012 explica,
1912 941 2047 1012 quid

468 1029 575 1086 sibi
606 1030 724 1084 vult
749 1041 935 1100 caput.

541 1123 598 1178 8.
627 1123 834 1178 ARCH.
867 1123 1024 1191 Quod
1062 1125 1277 1190 veniet,
1303 1127 1399 1182 sed
1444 1143 1543 1198 per
1582 1143 1802 1198 corpus.
1833 1128 2048 1184 Numen

469 1213 619 1269 enim
651 1230 762 1268 non
796 1214 976 1270 locum
1007 1232 1038 1272 e
1067 1217 1189 1271 loco
1217 1219 1433 1282 transit,
1461 1220 1607 1274 sicut
1631 1235 1883 1290 corpora.
1907 1220 2046 1274 Illud

469 1320 636 1370 vero,
665 1305 890 1361 Sanctus
919 1324 946 1361 e
973 1316 1174 1374 monte,
1204 1309 1260 1364 id
1290 1319 1404 1374 est,
1432 1311 1746 1365 humanitas
1777 1327 1900 1367 cum
1926 1312 2048 1368 dei-

475 1397 606 1452 tatis
646 1408 889 1453 essentia
929 1401 1146 1465 veniet,
1183 1417 1250 1456 ex
1295 1403 1589 1471 impolluto
1632 1413 1794 1458 utero
1833 1419 2050 1474 semper

473 1487 724 1560 Virginis
759 1497 816 1545 et
840 1490 1089 1560 Deiparae
1127 1492 1331 1548 Marias.
1368 1493 1611 1550 Dicimus
1656 1495 1845 1566 igitur,
1876 1496 2046 1560 Deus,

475 1589 704 1651 pr0pter
746 1582 1043 1636 essentiam
1095 1583 1350 1652 deitatis;
1408 1594 1464 1641 et
1513 1584 1774 1649 Sanctus,
1822 1598 2052 1659 propter

477 1672 776 1727 humanam
808 1683 1060 1728 naturam
1094 1693 1108 1728 :
1143 1676 1592 1747 quandoquidem
1625 1678 1770 1734 sicut
1796 1680 2051 1749 superius

476 1760 621 1824 dixi,
651 1761 855 1830 duplex
887 1771 1005 1818 erat
1035 1764 1304 1820 Dominus
1337 1782 1493 1822 meus
1521 1767 1709 1832 Iesus,
1735 1777 1792 1822 et
1819 1769 1965 1824 Deus
1997 1777 2052 1824 et

477 1853 662 1907 homo.
682 1852 823 1907 Dicit
847 1853 1030 1924 itaque
1056 1855 1198 1910 idem
1225 1858 1494 1926 propheta
1519 1860 1776 1928 superius
1797 1860 1866 1915 de
1890 1861 2046 1930 ipso:

2143 667 2453 735 γινώσκεις.
2502 663 2787 736 Ἀνωτέρω
2821 661 2930 732 γὰρ
2949 659 3202 731 εἴρηκας,
3239 662 3324 714 ὅτι
3357 660 3418 713 τὸ
3450 661 3598 728 Θεὸς
3627 662 3726 716 τοῦ

2146 761 2349 828 Ἄγιος
2379 755 2844 827 ἐπικρατέστερον
2896 752 3160 823 πέφυκεν.
3201 753 3389 807 Ἔστιν
3427 750 3520 807 οὖν
3561 754 3620 808 ὲν
3648 756 3728 827 τῷ

2144 848 2265 919 Θεῷ
2296 849 2465 920 ὄνομα
2497 847 2696 919 μικρὸν
2731 846 2765 918 ἦ
2802 845 2965 918 μέγα.

2215 942 2586 998 EPBAN.Kui
2616 941 2875 1013 διήγησαί
2904 956 2998 1012 μοι
3043 937 3228 1004 αὐτὸς,
3264 938 3317 991 τί
3359 938 3511 1011 δηλοῖ
3536 938 3598 992 τὸ
3630 955 3728 994 κε-

2146 1036 2397 1107 φάλαιον.

2218 1129 2328 1182 Καὶ
2355 1129 2398 1181 Ο
2427 1125 2650 1196 ΔΓΙΟΣ.
2675 1125 2802 1180 Ὀτι
2858 1124 3002 1197 ἥξει,
3031 1124 3167 1180 ἀλλὰ
3210 1124 3300 1178 διὰ
3337 1125 3612 1196 σώματος.
3650 1123 3727 1178 T6

2147 1221 2256 1294 γὰρ
2295 1221 2450 1274 Θεῖον
2479 1220 2541 1274 οὑ
2572 1217 2890 1290 μεταϐαίνει
2909 1219 3075 1272 τόπον
3104 1219 3169 1272 ὲκ
3199 1218 3389 1283 τόπου,
3427 1219 3502 1282 ὡς
3526 1218 3594 1272 τὰ
3623 1217 3700 1270 uti)

2151 1331 2320 1386 ματα.
2353 1312 2426 1366 Τὸ
2450 1313 2530 1377 δὲ,
2553 1312 2667 1368 Καὶ
2701 1315 2734 1367 ὀ
2760 1311 2968 1381 Ἄγιος
2998 1311 3068 1376 ἐξ
3103 1310 3305 1380 ὅρους,
3333 1310 3482 1365 τοῦτ’
3520 1311 3668 1365 ἐστιν
3689 1312 3726 1382 ή

2146 1404 2526 1476 ἁνθρωπότης,
2553 1404 2675 1474 ἥξει
2704 1404 2843 1473 μετὰ
2869 1403 2970 1474 τῆς
2993 1403 3270 1475 θεότητος,
3302 1405 3368 1457 ὲκ
3401 1403 3502 1473 τῆς
3528 1403 3727 1472 ἀμιάν-

2146 1513 2242 1548 του
2297 1494 2525 1560 κοιλίας,
2581 1494 2684 1564 τῆς
2727 1493 3008 1556 ἀείπαιδος
3035 1492 3166 1565 [Ieg.
3206 1492 3598 1565 diemupbévouj
3629 1491 3726 1546 καὶ

2148 1587 2416 1641 Θεοτόκου
2440 1587 2680 1657 Μαρίας.
2711 1585 2959 1655 Λέγομεν
2986 1583 3081 1638 οὖν
3109 1585 3189 1648 τὸ,
3222 1586 3258 1638 ό
3289 1583 3434 1649 Θεὸς
3455 1622 3471 1647 ,
3509 1582 3598 1636 διὰ
3626 1582 3728 1652 τὴν

2147 1679 2335 1733 οὐσίαν
2369 1677 2470 1748 τῆς
2517 1677 2773 1746 Θεότητος
2797 1692 2811 1707 °
2839 1676 2900 1730 τὸ
2943 1675 3000 1730 δὲ
3033 1679 3149 1741 xui,
3185 1679 3219 1730 ό
3240 1675 3467 1744 ⁶Ἀγιος,
3494 1673 3584 1727 διὰ
3626 1672 3728 1744 τὴν

2147 1771 2336 1825 οὐσίαν
2373 1771 2474 1841 τῆς
2521 1769 2945 1843 ἁνθρωπότητος
2967 1785 2983 1800 ·
3017 1767 3203 1839 ἐπειδὴ
3247 1765 3434 1828 καθὼς
3465 1763 3730 1834 ἀνωτέρω

2149 1863 2440 1934 λελάληκα,
2474 1861 2696 1924 διπλοῦς
2723 1856 2792 1933 ἧν
2818 1863 2846 1914 6
2871 1860 3074 1931 Κύριός
3100 1876 3203 1928 μου
3246 1857 3478 1928 Ἰησοῦς.
3507 1855 3639 1918 Θεὸς
3665 1872 3728 1907 τε

473 1943 540 1998 In
577 1947 745 1998 medio
777 1946 1016 1999 duorum.
1038 1948 1359 2003 animalium
1389 1953 1711 2020 cognosceris
1732 1952 1810 2018 ⁸⁶;
1844 1952 1898 2006 id
1935 1962 2046 2020 est,

2158 1956 2248 2010 xui
2275 1933 2578 2026 ἄνθρωπος.
2603 1953 2767 2022 Λέγει
2799 1952 2908 2024 γὰρ
2929 1954 2957 2007 6
2981 1951 3143 2015 αὐτὸς
3159 1951 3446 2022 προφήτης
3469 1947 3730 2016 ἀνωτέρω

477 2036 532 2090 in
559 2037 741 2092 medio
767 2039 1000 2095 duarum
1025 2041 1412 2106 essentiarum,
1435 2049 1492 2095 et
1515 2051 1872 2112 utrarumque
1894 2053 2052 2098 natu-

478 2138 687 2184 rarum,
714 2140 857 2179 unus
880 2137 937 2181 et
960 2127 1104 2182 idem
1125 2128 1221 2182 Dei
1242 2129 1412 2185 Filius
1427 2130 1736 2185 subsistens
1759 2146 2054 2202 cognosce-

477 2215 574 2270 ris.
601 2216 668 2270 Et
692 2218 840 2287 quod
867 2220 1083 2285 veniet,
1109 2229 1166 2276 et
1192 2236 1303 2276 non
1335 2222 1606 2288 tardabit,
1635 2223 1712 2277 ait
1741 2240 1755 2276 :
1784 2223 1924 2277 Dum
1955 2243 2055 2296 ap-

477 2310 839 2379 propinquant
863 2312 993 2364 anni
999 2350 1013 2374 ,
1029 2314 1386 2382 cognosceris;
1401 2313 1526 2367 dum
1551 2323 1754 2385 tempus
1780 2322 2057 2385 pertrans-

476 2401 544 2465 it,
576 2400 1020 2456 demonstrabat-is
1041 2403 1109 2456 ⁸⁷.

550 2581 756 2642 IIEBB.
811 2583 1103 2654 Sapienter
1159 2586 1382 2656 quidem
1438 2589 1761 2659 respondes.
1818 2590 2054 2644 Verum-

478 2675 765 2731 enimvero
791 2692 896 2731 nos
919 2677 1093 2733 Judaei
1130 2678 1328 2734 avitam
1364 2679 1512 2735 illam
1544 2689 1601 2734 et
1630 2682 1858 2751 patriam
1894 2681 2054 2737 iidem

480 2767 738 2823 deserere
779 2778 834 2823 et
876 2769 944 2824 ad
983 2786 1181 2825 novam
1228 2773 1522 2840 accedere,
1552 2790 1772 2844 semper
1807 2775 2058 2832 dolemus

479 2867 538 2914 et
578 2859 934 2915 vehementer
973 2862 1248 2932 angimur.
1281 2863 1483 2920 Vinum
1525 2865 1674 2920 enim
1714 2875 1873 2920 vetus
1914 2883 2060 2921 novo

481 2953 684 3008 melius
709 2960 816 3010 est.

553 3044 610 3101 8.
640 3044 847 3101 ARCH.
875 3046 1078 3101 Vinum
1103 3057 1265 3103 vetus
1298 3048 1388 3103 lex
1413 3058 1600 3104 vestra
1631 3057 1744 3115 est;
1779 3049 1875 3104 sed
1907 3049 2061 3120 vapi-

483 3141 614 3194 dum
654 3149 712 3194 et
742 3155 1039 3206 acescens,
1071 3141 1268 3197 inutile
1306 3144 1501 3199 evasit.
1527 3145 1730 3198 Verum
1769 3143 1876 3198 hoc
1913 3145 2058 3209 scio,

2153 2047 2284 2121 περὶ
2310 2045 2478 2101 αὑτοῦ
2498 2062 2514 2078 ο
2557 2046 2656 2098 Ἐν
2682 2044 2854 2115 μέσῳ
2892 2043 3003 2098 δύο
3033 2043 3189 2104 ζώων
3218 2041 3330 2113 (40)
3354 2038 3684 2110 γνωσθήσῃ
3711 2055 3726 2068 ·

2152 2140 2299 2195 τοῦτ’
2324 2138 2471 2192 ἔστιν
2501 2135 2816 2207 ἀναμεταξὺ
2845 2135 2953 2189 τῶν
2985 2134 3078 2188 δύο
3111 2133 3331 2197 οὐσιῶν,
3362 2131 3456 2185 xui
3501 2130 3607 2183 τῶν
3639 2133 3727 2182 ὲν-

2154 2230 2437 2302 εκατέρων
2461 2229 2572 2300 (41)
2591 2228 2830 2298 φύσεων,
2852 2220 2937 2290 εἶς
2957 2227 3053 2280 xui
3076 2224 3240 2287 αὐτὸς
3267 2222 3360 2276 τοῦ
3391 2221 3525 2274 Θεοῦ
3557 2221 3731 2290 Λόγος

2151 2324 2180 2377 6
2211 2321 2575 2384 ὲνυπόστατος
2627 2317 3035 2389 ὲπιγνωσθήσῃ.
3079 2315 3192 2370 Καὶ
3237 2316 3322 2369 ὅτι
3361 2313 3503 2384 ἥξει,
3533 2314 3625 2365 xui
3667 2312 3731 2364 οὓ

2150 2413 2377 2485 χρονιεῖ,
2419 2411 2606 2482 φησὶν.
2625 2411 2721 2463 Ἐν
2747 2408 2830 2475 τῷ
2859 2406 3110 2479 ἐγγίζειν
3129 2406 3202 2460 τὰ
3229 2405 3332 2472 ἐτη
3357 2402 3733 2472 ἐπιγνωσθή-

2155 2519 2259 2571 σῃ,
2289 2502 2359 2556 ἐν
2385 2500 2466 2567 τῷ
2493 2499 2770 2569 παρεῖναι
2804 2498 2912 2553 τὸν
2941 2496 3152 2566 καιρὸν
3174 2493 3611 2565 ἀναδειχθήσῃ.

2226 2593 2476 2650 ΕΡΒΔΝ.
2504 2591 2749 2656 Συνετῶς
2784 2592 2882 2663 μὲν
2919 2591 3212 2664 ἀποκρίνῃ.
3245 2579 3396 2659 Πλὴν
3447 2586 3732 2657 ἀνιώμεθα

2155 2687 2245 2740 διὰ
2291 2685 2490 2749 παντὸς
2538 2686 2702 2757 ἡμεῖς
2743 2683 2793 2738 οἱ
2834 2683 3078 2738 Ἰουδαῖοι
3123 2682 3220 2736 τοῦ
3268 2681 3592 2736 καταλιπεῖν
3630 2682 3735 2744 τὴν

2157 2775 2418 2848 πατρῴαν
2454 2775 2660 2838 πίστιν,
2701 2775 2798 2830 xui
2850 2773 3172 2846 προσελθεῖν
3203 2772 3300 2842 τὴν
3325 2772 3542 2842 νεαρὰν.
3576 2765 3734 2832 Divo;

2157 2870 2267 2942 γὰρ
2299 2868 2527 2931 παλαιὸς
2548 2867 2814 2940 κρείττων
2847 2867 2986 2940 ὑπὲρ
3005 2865 3096 2920 τὸν
3119 2865 3260 2920 νέον.

2229 3047 2341 3101 Καὶ
2367 3049 2408 3101 Ο
2442 3021 2835 3107 ΑΓΙΟΣ.Οἷνος
2860 3045 3098 3108 παλαιὸς
3123 3046 3151 3098 6
3178 3043 3344 3114 νόμος
3371 3041 3527 3111 ὐμῶν
3559 3041 3734 3106 ἐστιν,

2161 3137 2275 3192 ἀλλ’
2317 3138 2527 3204 ὀξὼσας
2577 3138 2766 3190 λοιπὸν
2817 3129 3244 3209 κατηχρείωται.
3279 3134 3428 3204 Πλὴν
3485 3130 3608 3186 οῖδα
3651 3133 3738 3186 ὅτι

483 3232 632 3300 quod
677 3233 862 3287 velum
907 3248 1126 3301 semper
1168 3234 1432 3290 cordibus
1472 3235 1674 3289 vestris
1718 3235 2058 3296 obtenditur,

2163 3228 2430 3299 κάλυμμα
2458 3228 2546 3282 διὰ
2584 3229 2784 3291 παντὸς
2813 3229 2989 3282 κεῖται
3026 3227 3084 3280 ὲν
3113 3229 3231 3290 ταῖς
3270 3224 3516 3296 καρδίαις
3557 3223 3735 3293 ὑμῶν,

481 3324 629 3394 quod
662 3340 770 3378 non
799 3325 932 3378 sinit
963 3339 1057 3378 vos
1086 3325 1154 3379 ad
1184 3340 1304 3380 eam
1333 3341 1499 3396 quam
1526 3335 1747 3395 oportet
1770 3326 2058 3381 veritatem

2165 3322 2259 3376 xui
2289 3321 2387 3374 οὐκ
2419 3323 2484 3392 ὲᾳ
2521 3321 2667 3390 ὑμᾶς
2706 3319 3001 3373 ἀνανεῦσαι
3037 3317 3174 3389 πρὸς
3209 3317 3308 3388 τὴν
3333 3316 3560 3370 δέουσαν
3597 3313 3737 3385 ἀλή-

483 3428 733 3468 annuere
767 3415 1023 3482 (eamque
1055 3415 1310 3485 amplecti
1341 3425 1397 3470 et
1425 3417 1789 3488 approbare),
1813 3423 1869 3471 et
1894 3418 2063 3472 verba

484 3504 612 3560 vita:
645 3521 710 3560 ac
742 3521 890 3561 vera:
923 3505 1050 3561 ﬁdei
1087 3507 1314 3573 audire,
1342 3517 1399 3562 et
1431 3508 1594 3579 digne
1628 3509 1875 3563 credere.
1905 3509 2062 3563 Atta-

486 3590 611 3654 men
638 3599 916 3670 Propheta
941 3609 1123 3656 vestra
1152 3602 1276 3671 jure
1311 3602 1577 3658 abdicans
1611 3618 1677 3657 ac
1709 3604 2060 3669 renuntians,

485 3689 625 3743 dixit
659 3707 672 3742 :
709 3689 960 3751 Domine,
991 3708 1024 3745 a
1062 3693 1241 3762 paucis
1275 3692 1338 3745 de
1375 3700 1517 3746 terra
1551 3692 1722 3747 divide
1757 3709 1842 3748 eos
1871 3693 1927 3746 in
1957 3695 2065 3748 vita

486 3799 670 3838 eorum
689 3784 755 3838 ⁸⁸.
783 3782 1076 3849 Constitue,
1106 3784 1348 3845 Domine.
1379 3785 1737 3856 legislatorem
1763 3803 1928 3857 super
1945 3802 2065 3852 eos;

486 3875 656 3929 sciant
677 3883 852 3945 gentes
875 3876 1125 3946 quoniam
1151 3875 1384 3928 homines
1407 3883 1530 3928 sunt
1550 3873 1617 3928 ³³.

558 4064 764 4119 BERB.
811 4066 887 4121 De
941 4067 1048 4121 alia
1100 4066 1335 4136 quadam
1391 4065 1683 4138 hypothesi
1739 4065 1882 4122 dixit
1929 4067 2067 4123 Pro-

488 4158 952 4229 pheta,quoniam
985 4159 1054 4214 de
1086 4159 1250 4215 nobis
1279 4159 1425 4215 idem
1444 4159 1582 4214 dicit
1614 4177 1628 4212 :
1663 4159 1875 4224 Libera,
1903 4160 2063 4225 Deus,

490 4249 748 4305 Israelem
778 4266 841 4304 ex
869 4251 1108 4304 omnibus
1135 4250 1560 4305 tribulationibus
1588 4231 1697 4306 suis
1716 4252 1784 4306 ’°.
1811 4251 2019 4306 Deinde
2050 4268 2065 4305 :

492 4341 708 4407 Lauda,
741 4341 1070 4406 Jerusalem,
1127 4341 1442 4407 Dominum;
1489 4343 1650 4397 lauda
1685 4343 1852 4397 Deum
1889 4353 2066 4408 tuum,

494 4430 642 4487 Sion.
676 4431 941 4498 Quoniam
987 4433 1250 4488 roborarit
1291 4447 1456 4489 vectes
1497 4443 1773 4507 portarum
1821 4443 2066 4500 tuarum,

493 4523 754 4578 benedixit
781 4523 910 4592 ﬁliis
935 4526 1036 4578 tuis
1062 4527 1117 4579 in
1145 4533 1194 4578 te
1214 4527 1282 4580 ⁹¹.
1311 4525 1490 4596 Atque
1517 4526 1684 4581 Isaias
1715 4543 1730 4581 :
1759 4525 1958 4590 Israel,
1985 4525 2071 4580 in-

493 4616 647 4687 quit,
677 4617 972 4672 servabitur
999 4636 1031 4672 a
1060 4618 1284 4672 Domino
1305 4621 1370 4672 θ’.

567 4797 624 4853 8.
657 4795 862 4853 ARCH.
891 4795 1056 4865 Illud,
1085 4797 1123 4849 Α
1159 4798 1338 4867 paucis
1363 4796 1425 4850 de
1455 4805 1600 4849 terra
1631 4797 1802 4850 divide
1830 4813 1948 4860 vos,
1975 4795 2081 4851 hoc

2162 3412 2334 3479 θειαν,
2372 3413 2466 3466 xui
2517 3411 2740 3465 ἀκούειν
2785 3410 2914 3473 τοὺς
2954 3408 3148 3478 λόγους
3188 3407 3290 3477 τῆς
3324 3407 3472 3478 ζωῆς
3510 3405 3743 3477 καὶτῆς

2163 3507 2403 3569 πίστεως
2424 3507 2522 3576 τῆς
2541 3503 2709 3567 ὄντως
2727 3503 2824 3556 xui
2850 3502 3016 3569 ἀξίως
3043 3499 3537 3569 πιστεύειν.”’ομως
3555 3498 3742 3570 μέντοι

2163 3599 2388 3662 δικαίως
2421 3595 2676 3651 ἀπειπὼν
2703 3595 2773 3647 τὰ
2799 3594 2936 3666 πρὸς
2961 3593 3106 3663 ὑμᾶς
3133 3594 3160 3645 6
3195 3591 3488 3664 Προφήτης
3513 3587 3743 3659 λελάλη-

2164 3708 2261 3746 κεν
2281 3706 2296 3720 ·
2330 3691 2526 3757 Κύριε,
2566 3687 2685 3743 ἀπὸ
2708 3688 2929 3755 ὀλίγων
2951 3685 3071 3740 ἀπὸ
3105 3683 3219 3755 γῆς
3249 3683 3599 3753 διαμέρισον
3629 3682 3742 3735 αὺ-

2166 3781 2308 3848 τοὺς
2363 3782 2433 3834 ἐν
2482 3779 2555 3848 τῇ
2607 3777 2718 3847 ζωῇ
2778 3775 3000 3832 αὐτῶν.
3033 3773 3461 3841 Κατάστησον,
3525 3773 3702 3840 Κύριε
3728 3811 3740 3831 .

2165 3873 2498 3944 νομοθέτην
2555 3871 2647 3925 ἐπ’
2673 3869 2918 3937 αὐτοὺς,
2955 3867 3286 3940 γνώτωσαν
3323 3866 3468 3935 ἔθνη
3502 3863 3593 3919 ὅτι
3636 3863 3745 3917 ἇν-

2167 3966 2388 4037 θρωποί
2412 3966 2591 4019 εἰσιν.

2235 4056 2485 4110 EPBAN.
2517 4055 2656 4124 Περὶ
2709 4053 2876 4124 ἄλλης
2931 4053 3074 4116 τινδς
3141 4049 3457 4111 ὑποθέσεως
3522 4045 3747 4118 εἴρηκεν

2166 4151 2196 4205 6
2223 4150 2539 4223 Προφήτης,
2571 4147 2695 4201 ἐπεὶ
2723 4147 2852 4217 περὶ
2886 4144 3042 4216 ὑμῶν
3068 4145 3096 4198 6
3125 4143 3286 4205 αὐτὸς
3315 4140 3484 4210 λέγει,
3515 4138 3749 4206 Λύτρω-

2168 4257 2292 4307 σαι,
2313 4243 2345 4294 ό
2373 4239 2538 4306 Θεὸς,
2557 4239 2664 4293 τὸν
2706 4236 2947 4307 Ἰσραὴλ
2984 4237 3054 4289 ἐκ
3085 4232 3301 4288 πασῶν
3329 4231 3448 4287 τῶν
3485 4230 3750 4297 θλίψεων

2169 4336 2378 4388 αὐτου.
2420 4332 2528 4385 Καὶ
2579 4330 2774 4384 ἔπειτα
2801 4368 2818 4394 ,
2873 4328 3163 4392 Ἐπαίνει,
3199 4323 3609 4394 Ἰερουσαλὴμ,
3642 4321 3754 4375 τὸν

2172 4425 2413 4493 Κύριον,
2449 4422 2604 4476 αἴνει
2632 4421 2741 4476 τὸν
2771 4421 2922 4476 Θεόν
2945 4435 3085 4482 σου,
3117 4417 3301 4480 Σιὼν,
3327 4415 3416 4470 ὅτι
3454 4416 3754 4481 ἐνίσχυσε

2171 4516 2316 4582 τοὺς
2349 4514 2623 4586 μοχλοὺς
2656 4512 2777 4568 τῶν
2819 4511 3036 4567 πυλῶν
3054 4527 3208 4574 σου,
3256 4509 3562 4577 εὐλόγησε
3611 4503 3756 4569 τοὺς

2110 4619 2155 4674 Ι)
2183 4611 2357 4677 υἱούς
2405 4623 2525 4663 σου
2574 4607 2644 4661 ἐν
2689 4607 2810 4660 σοί.
2847 4606 2958 4659 Καὶ
3000 4606 3030 4658 ὁ
3065 4603 3322 4667 Ἡσαΐας,
3367 4600 3430 4654 '0
3471 4597 3712 4666 Ἰσραὴλ
3737 4635 3755 4663 ,

2179 4703 2335 4773 φησι,
2361 4701 2701 4768 σωθήσεται
2731 4699 2850 4754 ὑπὸ
2890 4698 3133 4768 Κυρίου.

2251 4795 2363 4848 Καὶ
2394 4796 2435 4847 Ο
2465 4793 2683 4847 ΔΓΙΟΣ.
2720 4792 2814 4856 Τὸ,
2859 4793 3001 4846 Ἀπὸ
3037 4792 3260 4862 ὀλίγων
3299 4787 3419 4844 ἀπὸ
3469 4785 3584 4855 γῆς
3624 4780 3756 4835 δια-

496 4892 768 4952 declarat,
811 4890 1072 4944 nimirum
1120 4897 1359 4944 vestram
1408 4887 1808 4958 dispersionem
1855 4904 1885 4942 e
1932 4897 2058 4942 terr:

2173 4887 2432 4957 μέρισον
2482 4884 2721 4948 αὐτοὺς.
2771 4883 2933 4937 τοῦτο
2974 4883 3147 4954 δηλοῖ,
3193 4881 3284 4934 τὸν
3325 4874 3760 4948 διασκορπισμὸν

499 4982 882 5054 promissionis
927 4982 986 5036 in
1029 4997 1224 5036 omnes
1271 4988 1464 5052 gentes
1508 4980 1664 5034 brevi
1705 4979 1926 5035 factam.
1966 4981 2058 5035 Ηο‹

2180 4978 2355 5048 ὑμῶν,
2386 4977 2476 5030 τὸν
2533 4976 2641 5030 ἀπὸ
2690 4976 2790 5045 τῆς
2835 4975 2938 5043 γῆς
2967 4975 3068 5044 τῆς
3101 4971 3436 5040 ἐπαγγελίας
3462 4970 3542 5030 εἰς
3579 4965 3764 5018 πάντα

500 5089 654 5137 vero,
675 5072 968 5137 Constitue,
990 5072 1231 5137 Domine,
1251 5071 1604 5144 legislatorem
1631 5089 1790 5143 super
1817 5089 1922 5136 eos,
1939 5081 2073 5139 etc.,

503 5165 574 5220 de
610 5165 908 5220 Servatore
942 5174 1134 5220 nostro
1164 5165 1294 5221 Jesu
1328 5165 1552 5220 Christo
1573 5163 1846 5235 Propheta
1881 5166 2080 5220 vatici-

503 5264 668 5311 natus
694 5265 799 5311 est.
825 5257 1010 5326 Ipsum
1047 5274 1198 5312 enim
1227 5258 1375 5314 Deus
1402 5259 1566 5313 Pater
1599 5259 1888 5314 constituit
1914 5258 2080 5328 legis-

506 5345 742 5402 latorem
795 5345 850 5400 in
894 5355 1123 5418 gentes,
1158 5347 1290 5402 dum
1330 5363 1431 5404 vos
1479 5349 1750 5404 increduli
1796 5347 2078 5414 diﬁiditis,

2182 5072 2250 5124 τὰ
2277 5070 2403 5140 ἒονη
2433 5071 2554 5124 κατ’
2585 5069 2765 5137 ὀλίγον
2792 5068 3079 5137 γεγονότα.
3116 5066 3189 5117 Τὸ
3217 5065 3297 5127 δὲ,
3332 5060 3760 5125 Κατάστησον,

2186 5164 2383 5232 Κύριε,
2413 5160 2748 5231 νομοθέτην
2778 5160 2872 5213 ἐπ’
2901 5160 3145 5224 αὐτοὺς,
3179 5157 3274 5209 xui
3306 5155 3456 5222 ἑξῆς,
3487 5149 3618 5220 περὶ
3661 5146 3764 5201 τοῦ

2186 5257 2439 5327 Σωτῆρος
2483 5255 2640 5325 ἡμῶν
2682 5252 2858 5324 Ἰησοῦ
2907 5250 3170 5322 Χριστοῦ,
3201 5249 3361 5302 τοῦτο
3401 5247 3430 5298 6
3467 5241 3766 5314 Προφήτης

2187 5348 2428 5419 ᾐνίξατο.
2457 5346 2632 5401 Αὑτὸν
2682 5347 2792 5417 γὰρ
2855 5345 3196 5414 κατέστησεν
3254 5344 3282 5396 ὁ
3350 5338 3542 5408 Πατὴρ
3579 5337 3638 5388 ὲν
3688 5331 3768 5402 τῷ

579 5501 626 5584 ’ξ
651 5503 856 5560 Habac.
880 5506 1034 5584 u_l,_2.
1109 5505 1153 5538 ⁸⁷
1180 5499 1315 5562 ibid.
1392 5505 1437 5584 δέ
1462 5506 1662 5562 Psalm.
1689 5521 1798 5572 xvi,
1823 5505 1907 5560 14.
1985 5504 2030 5536 ⁸ο
2056 5504 2198 5560 Psal.
2224 5521 2300 5570 ix,
2319 5503 2409 5558 21.
2486 5501 2532 5534 '°
2557 5501 2701 5557 Psal.
2724 5516 2869 5564 xxrv,
2889 5502 2979 5556 22.
3055 5500 3096 5534 "
3149 5499 3295 5556 Psal.
3323 5509 3536 5560 chvm,
3559 5494 3649 5560 12,
3678 5492 3767 5546 15.

511 5572 559 5606 ⁸⁸
597 5573 701 5628 lsa.
745 5591 867 5640 va,
909 5575 996 5630 17.

2032 5713 2258 5772 ΝΟΤᾸΕ.

610 5833 698 5901 ιο)
733 5835 846 5889 Δύο
909 5833 1084 5895 ζώων.
1119 5833 1179 5888 ln
1237 5833 1385 5887 hunc
1420 5833 1599 5887 locum
1629 5831 1830 5887 vidcsis
1865 5830 2162 5886 Toutteum
2221 5829 2286 5885 ad
2328 5829 2516 5900 Cyrill.
2543 5826 2700 5884 'llier.
2723 5824 2948 5883 Cal-ccli.
2984 5838 3076 5890 xu,
3098 5818 3477 5894 cap.20,,pag.
3515 5815 3634 5872 174.

584 5833 700 5975 ἱΗ)
752 5905 1014 5960 Ἐνεκατ.
1051 5905 1242 5962 Scribe
1276 5906 1333 5957 ἐν
1373 5904 1524 5957 ἑκατ.
1563 5902 1766 5959 Guaoa.

612 5905 700 5976 41)
752 5905 1014 5960 Ἐνεκατ.
1051 5905 1242 5962 Scribe
1276 5906 1333 5957 ἐν
1373 5904 1524 5957 ἑκατ.
1563 5902 1766 5959 Guaoa.
