4088 6538
289 430 396 496 673

1248 429 1706 491 DISPUTATIO
1743 430 1903 494 CUM
1944 434 2309 498 HERBANO
2348 438 2637 501 JUDAEO.

3450 431 3559 499 δτι

288 532 540 595 ἀπειθεῖν
580 537 721 607 ὑμᾶς
751 536 825 608 μὴ
853 535 1033 600 καλῶς
1064 535 1177 617 (42)
1204 535 1607 602 πολιτεύεσθαι,
1643 538 1870 609 νομοθέ-

1977 560 2088 600 non
2127 547 2269 602 bene
2310 558 2368 602 et
2406 548 2668 617 praeclare
2711 546 2992 601 civitatem
3036 550 3275 600 vestram
3315 546 3558 604 admini-

286 648 388 702 την
419 628 513 682 ἐπὶ
550 627 621 681 τὰ
649 626 800 699 ἔθνη.
832 629 957 681 Ὀτι
984 628 1041 681 δὲ
1073 629 1298 699 εἴρηκεν
1330 631 1359 682 6
1393 630 1718 701 Προφήτης,
1752 632 1874 686 Λύ-

286 737 507 793 τρωσαι
559 725 595 777 ὀ
640 722 785 788 Θεὸς
813 722 921 775 τὸν
969 722 1237 791 Ἰσραὴλ,
1267 724 1362 777 καὶ
1402 726 1470 777 τὰ
1514 724 1642 794 ἑξῆς
1667 765 1683 790 ,
1719 726 1876 780 οὐδὲν

289 815 618 887 παράδοξον.
665 814 837 885 ’Υπὲρ
890 814 997 886 γὰρ
1046 815 1142 869 τοῦ
1182 816 1314 869 ίδίου
1347 816 1539 878 ἔθνους
1568 820 1873 890 παρεκάλει

286 909 379 963 τὸν
414 908 641 979 Κύριον.
684 906 877 979 Ἡμεῖς
902 907 958 961 δὲ
992 910 1041 961 oi
1079 909 1422 979 Χριστιανοὶ,
1459 908 1535 972 ὡς
1570 911 1752 974 εἰκὸς,
1781 912 1874 965 τὸν

287 1002 423 1055 Θεὸν
452 999 803 1072 φοϐούμενοι,
838 999 961 1057 καθ’
992 1001 1229 1072 ἑκάστην
1262 1002 1401 1073 ὑπὲρ
1448 1002 1605 1071 ὑμῶν
1636 1019 1872 1073 προσευ-

288 1097 518 1170 χόμεθα,
556 1097 646 1150 ἵνα
691 1094 963 1163 ὲπιγνῶτε
1013 1094 1074 1148 τὸ
1124 1096 1422 1167 συμφέρον.
1452 1096 1547 1159 Τὸ,
1591 1098 1871 1164 Ἐπαίνει,

298 1187 722 1260 Ἰερουσαλὴμ,
747 1187 855 1241 τὸν
892 1189 1112 1255 Κύριον
1136 1229 1151 1252 ,
1177 1189 1273 1241 καὶ
1303 1189 1372 1241 τὰ
1401 1189 1551 1259 ἑξῆς,
1583 1189 1679 1243 καὶ
1718 1189 1874 1244 τοῦτο

284 1283 489 1356 ἀληθές
537 1283 676 1335 ἐστι.
716 1278 831 1350 Πρὸ
878 1280 987 1350 γὰρ
1018 1278 1113 1332 τοῦ
1146 1279 1397 1348 γενέσθαι
1430 1280 1523 1333 τὸν
1557 1281 1874 1350 Χριστιανιο

289 1372 449 1448 ἁμὸν,
470 1376 682 1447 ἥρμοζε
705 1372 765 1426 τδ
794 1374 966 1444 ῥῆμα.
997 1374 1092 1426 καὶ
1121 1372 1229 1425 οὐδ’
1255 1374 1419 1435 αὐτὸς
1448 1373 1736 1440 ἀντιλέγω.
1761 1374 1871 1426 Καὶ

285 1468 398 1538 γὰρ
438 1466 545 1539 πρὸ
592 1464 685 1519 τοῦ
723 1463 1135 1535 παραγενέσθαι
1184 1464 1248 1517 ὲκ
1286 1463 1381 1517 τοῦ
1410 1463 1643 1535 ούρανοῦ
1676 1465 1755 1525 είς
1777 1464 1870 1517 τὸν

286 1560 495 1628 κόσμον
529 1557 620 1609 τὸν
656 1556 882 1626 Κύριον,
917 1553 1074 1622 κάγὼ
1106 1554 1267 1625 εἴπερ
1300 1555 1472 1625 ήμην,
1518 1554 1773 1617 Ἰουδαῖος
1803 1553 1869 1607 ἄν

284 1651 575 1720 ἐγενόμην.
610 1650 719 1701 Καὶ
748 1648 858 1718 γὰρ
887 1648 999 1709 τοῖς
1027 1648 1239 1717 καιροῖς
1266 1646 1497 1708 ἐκείνοις
1526 1647 1583 1698 ὲν
1612 1646 1691 1717 τῷ
1718 1645 1869 1715 νόμῳ

282 1741 379 1795 τοῦ
421 1739 638 1810 Ἰσραὴλ
683 1739 843 1807 μόνον
871 1734 1240 1807 ἐχρημάτιζεν
1286 1736 1619 1807 ήσωτηρία.
1664 1736 1869 1789 Ὀτιδὲ

283 1834 539 1904 εἴρηκας,
570 1829 859 1899 Κρείσσων
886 1831 915 1881 6
945 1826 1178 1890 παλαιὸς
1204 1823 1344 1887 οἶνος
1396 1826 1550 1896 παρὰ
1580 1825 1671 1879 τὸν
1724 1828 1866 1894 νέον,

1979 646 2175 693 strare.
2211 637 2369 705 Quod
2413 648 2595 709 autem
2638 638 2777 693 dixit
2800 639 3078 709 Propheta
3106 653 3120 690 :
3151 636 3362 704 Libera,
3391 639 3559 705 Deus,

1975 728 2269 795 Israelem,
2315 740 2457 796 etc.,
2498 732 2637 786 nihil
2692 733 2893 785 mirum
2952 746 3133 800 neque
3187 731 3557 801 inopinatum.

1974 821 2111 876 Nam
2143 837 2245 892 pro
2275 832 2438 893 gente
2467 837 2565 877 sua
2595 822 2887 877 invocabat
2911 822 3206 877 Dominum
3237 839 3251 876 :
3284 823 3560 892 siquidem

1976 929 2078 969 nos
2108 913 2441 980 Christiani,
2470 922 2531 968 ut
2567 929 2667 984 par
2697 922 2809 979 est,
2840 915 3009 969 Deum
3046 915 3337 979 timentes,
3366 917 3559 984 quoti-

1976 1007 2066 1061 die
2102 1022 2296 1077 preces
2330 1007 2398 1061 ad
2432 1007 2606 1061 Deum
2640 1023 2741 1077 pro
2772 1007 2933 1061 vobis
2962 1006 3279 1071 fundimus,
3313 1015 3376 1061 ut
3410 1007 3559 1076 quod

1976 1100 2139 1154 vobis
2165 1099 2297 1154 utile
2319 1108 2483 1155 estet
2506 1100 2768 1163 salutare,
2792 1099 3355 1170 cognoscatis-Atque
3381 1100 3516 1155 illud
3541 1119 3557 1155 :

1976 1190 2195 1255 Lauda,
2230 1192 2562 1257 Jerusalem,
2603 1195 2915 1257 Dominum,
2951 1200 3092 1258 etc.,
3127 1200 3183 1246 et
3222 1193 3329 1248 hoc
3363 1208 3556 1247 verum

1973 1295 2076 1338 est.
2138 1285 2447 1357 Antequam
2528 1287 2677 1340 enim
2730 1295 2877 1341 essct
2922 1285 3408 1349 Christianismus,
3452 1288 3561 1344 hoc

1974 1376 2206 1430 verbum
2248 1377 2617 1447 congruebat;
2661 1393 2839 1447 neque
2883 1378 3000 1447 ipse
3042 1376 3272 1431 infitior.
3300 1377 3366 1431 Et
3401 1380 3561 1447 prius

1974 1484 2138 1538 quam
2178 1485 2210 1523 e
2249 1470 2391 1525 cmlo
2430 1471 2486 1523 in
2526 1470 2794 1524 mundum
2833 1469 3101 1525 Dominus
3138 1469 3471 1534 devenisset,
3502 1477 3560 1525 et

1973 1577 2076 1631 ego
2117 1562 2160 1615 si
2200 1561 2459 1625 fuissem,
2492 1561 2717 1616 Iudaeus
2754 1560 3003 1617 fuissem.
3036 1561 3171 1616 Nam
3213 1560 3559 1629 temporibus

1974 1654 2084 1708 illis
2108 1655 2493 1710 tantummodo
2536 1655 2592 1709 in
2634 1655 2754 1725 lege
2790 1653 3011 1709 Israelis
3045 1662 3165 1708 erat
3197 1652 3366 1706 salus.
3398 1651 3557 1717 Quod

1972 1756 2164 1801 autem
2185 1748 2405 1813 dixisti,
2433 1748 2625 1801 vinum
2655 1755 2817 1801 vetus
2844 1760 2990 1800 novo
3014 1744 3215 1799 melius
3241 1758 3392 1806 esse,
3420 1742 3555 1796 illud

1972 1848 2132 1894 vetus
2164 1840 2357 1893 vinum
2389 1839 2670 1907 expletum
2704 1845 2791 1892 est
2820 1846 2877 1891 et
2910 1836 3270 1900 exhaustum,
3303 1834 3557 1904 nihilque

285 1924 643 1996 πεπλήρωται
668 1924 696 1975 6
719 1921 945 1985 παλαιὸς
974 1917 1115 1984 οἶνος
1140 1921 1372 1984 ἐκεῖνος,
1405 1919 1502 1973 καὶ
1540 1918 1695 1972 οὐδὲν
1733 1937 1866 1975 κατ-

1974 1929 2229 1985 relictum
2263 1939 2347 1984 est
2379 1929 2433 1983 in
2464 1928 2629 1982 doliis
2654 1928 2876 1991 vestris,
2902 1937 3102 1997 praeter
3130 1926 3337 1991 faecem,
3365 1940 3559 1996 quem-

282 2015 510 2089 ελείφθη
544 2018 603 2067 ὲν
649 2016 761 2078 τοῖς
790 2012 969 2076 πίθοις
996 2013 1172 2083 ὑμῶν,
1203 2010 1345 2082 πλὴν
1380 2012 1408 2064 6
1433 2012 1687 2083 τρυγίας,
1730 2013 1870 2069 κατὰ

279 2111 378 2163 τὸν
410 2110 722 2179 Προφήτην.
749 2106 912 2174 Λέγει
949 2104 1075 2174 γὰρ,
1111 2102 1409 2172 Ποτήριον
1448 2106 1521 2159 ἐν
1568 2107 1719 2176 χειρί
1752 2108 1870 2160 Κυ-

272 2200 652 2270 ρίου,οῑνου
702 2196 962 2267 ἀκράτου
1006 2195 1239 2265 πλῆρες
1282 2198 1659 2267 κεράσματος
1687 2213 1701 2225 ·
1769 2198 1868 2252 καί

276 2295 525 2348 ἔκλινεν
567 2292 637 2344 ἐκ
670 2292 883 2343 τούτου
922 2290 1010 2355 είς
1040 2287 1237 2342 τοῦτο.
1283 2287 1379 2341 Ἐκ
1420 2288 1655 2341 παλαιοῦ
1699 2288 1867 2360 νόμου

279 2386 495 2441 ἔκλινεν
527 2386 554 2439 6
588 2382 722 2446 Θεὸς
762 2382 854 2434 ὲπὶ
886 2381 980 2434 τὸν
1028 2380 1173 2447 νέον,
1204 2383 1273 2451 τῇ
1327 2378 1723 2451 ἀποπληρώσει
1758 2379 1869 2433 τῶν

283 2478 631 2550 μελιρρύτων
681 2475 894 2545 ῥήσεων
948 2471 1062 2527 τῶν
1095 2472 1257 2527 θείων
1302 2474 1601 2543 προφητῶν
1640 2472 1735 2527 καὶ
1758 2472 1869 2525 τῶν

279 2567 591 2641 νοημάτων.
622 2567 731 2619 Καὶ
755 2564 908 2618 οὐδὲν
941 2564 1105 2617 πλέον
1135 2566 1193 2617 ὲν
1234 2566 1301 2635 τῇ
1339 2564 1572 2637 Παλαιᾷ,
1607 2564 1869 2619 κενωθεί-

282 2680 387 2735 σης
438 2661 609 2732 αὐτῆς
652 2660 733 2723 εἰς
781 2658 880 2730 τὴν
903 2658 1071 2723 Νέαν,
1111 2657 1410 2729 ἀπέμεινεν
1453 2661 1587 2731 ήμίν
1614 2700 1628 2724 ,
1671 2660 1810 2732 πλὴν
1843 2660 1871 2713 6

280 2754 539 2827 τρυγίας,
591 2751 737 2806 τοῦτ’
767 2750 939 2815 ἔστιν,
969 2751 1025 2805 αἱ
1079 2749 1460 2822 πληρωθεῖσαι
1529 2752 1871 2824 Γραφαὶ,τὸ

284 2847 471 2902 λοιπὸν
515 2845 796 2915 διακενῆς.

360 2941 608 2997 EPBAN.
646 2939 718 2993 Σύ
770 2936 1053 3001 παντελῶς
1105 2937 1335 3008 ὲκμυεῖς
1382 2936 1453 2990 τὰ
1482 2936 1575 2991 τοῦ
1630 2937 1869 3010 Ἰσραὴλ,

289 3038 385 3092 καὶ
426 3036 497 3090 τὰ
546 3033 633 3103 σὰν
663 3033 1037 3104 προσοικειοῖς
1080 3031 1168 3085 διὰ
1207 3030 1303 3085 τοῦ
1340 3031 1761 3100 ἐσταυρωμένον
1790 3031 1870 3101 τῷ

291 3130 737 3201 παντοκράτορι,
777 3125 874 3179 καὶ
916 3123 992 3196 μὴ
1040 3123 1407 3195 ἐπιστάμενος
1468 3124 1529 3177 τὸ
1588 3124 1739 3196 ῥῆμα
1774 3122 1868 3178 τοῦ

1972 2021 2270 2076 admodum
2331 2028 2567 2075 testatur
2613 2019 2908 2089 Pr0pheta.
2960 2019 3105 2073 Dicit
3150 2019 3299 2073 enim
3349 2035 3362 2071 :
3417 2016 3557 2083 Quia

1970 2114 2113 2167 calix
2149 2115 2203 2167 in
2246 2129 2407 2166 manu
2444 2112 2685 2175 Domini,
2717 2112 2826 2164 vini
2864 2111 2996 2164 meri
3035 2108 3221 2180 plenus
3260 2111 3413 2165 misto
3453 2126 3470 2163 :
3507 2116 3559 2161 et

1968 2205 2244 2261 inclinavit
2277 2220 2340 2257 ex
2373 2206 2468 2257 hoc
2502 2206 2557 2257 in
2596 2204 2690 2256 hoc
2713 2203 2780 2255 ⁵⁸.
2810 2202 2853 2255 Ε
2886 2210 3073 2255 vetere
3112 2201 3231 2271 lege
3272 2199 3561 2255 inclinavit

1970 2298 2116 2353 Deus
2147 2297 2202 2350 in
2240 2310 2470 2359 novam,
2499 2294 2807 2364 repletione
2842 2292 3234 2347 melliﬂuorum
3259 2292 3561 2347 verborum

1968 2389 2136 2460 619
2173 2387 2490 2442 divinorum
2529 2386 2928 2456 pr0phetarum
2961 2393 3017 2440 et
3048 2385 3558 2456 intelligentiarum.

1972 2483 2041 2537 Et
2072 2482 2213 2537 nihil
2248 2480 2487 2551 amplius
2522 2480 2575 2533 in
2610 2490 2798 2535 vetere
2832 2480 2985 2550 lege,
3018 2494 3145 2533 cum
3186 2480 3259 2533 sit
3295 2487 3562 2534 evacuata

1972 2578 2030 2632 in
2066 2592 2263 2631 novam
2286 2616 2301 2641 ,
2333 2574 2490 2629 vobis
2527 2573 2795 2629 remansit
2831 2582 3035 2642 praeter
3069 2572 3257 2628 faecem
3296 2590 3308 2626 :
3352 2573 3405 2628 id
3444 2582 3560 2637 est,

1973 2668 2285 2739 adimpletze
2334 2666 2640 2736 Scriptura:
2673 2664 2729 2718 in
2761 2673 3043 2735 posterum
3074 2672 3203 2719 sunt
3232 2680 3567 2735 supervaca-

1972 2775 2091 2816 nete
2119 2769 2177 2816 et
2208 2759 2451 2815 inutiles.

2043 2950 2249 3005 HERB.
2292 2949 2377 3004 Tu
2417 2949 2646 3003 omnino
2689 2964 2811 3019 qua:
2846 2960 2978 3005 sunt
3011 2950 3250 3018 lsraelis,
3284 2954 3561 3021 excludis,

1971 3052 2027 3099 et
2059 3052 2151 3098 tua
2193 3058 2293 3112 per
2334 3042 2659 3097 cruciﬁxum
2704 3043 2817 3097 Deo
2844 3045 3210 3114 omnipotenti
3248 3062 3563 3102 accommo-

1976 3135 2102 3191 date
2149 3135 2414 3205 applicas,
2464 3135 2723 3190 nesciens
2765 3136 2998 3191 verbum
3035 3136 3253 3192 Domini
3282 3141 3427 3210 quod
3455 3144 3563 3197 alte

290 3222 500 3292 Κυρίου
543 3219 607 3272 τὸ
648 3214 1124 3289 κραυγάζον,⁹’οτι
1153 3215 1266 3269 οὐκ
1306 3214 1613 3269 ἀπώσεται
1652 3214 1870 3282 Κύριος

1975 3226 2196 3291 clamat,
2227 3224 2364 3293 Quia
2394 3242 2500 3280 non
2541 3225 2761 3297 repellet
2789 3226 3046 3281 Dominus
3074 3226 3273 3298 plebem
3305 3247 3482 3298 suam,
3512 3240 3564 3285 et

291 3314 398 3369 τὸν
415 3312 571 3368 λαὸν
600 3308 809 3375 αὐτοῦ,
842 3307 944 3362 καί
965 3305 1081 3376 τὴν
1105 3307 1514 3377 κληρονομίαν
1542 3306 1729 3362 αὐτοῦ
1760 3308 1872 3362 οὐκ

290 3403 735 3477 ἐγκαταλείψει.

364 3498 478 3551 Καὶ
510 3500 553 3549 U
592 3493 815 3548 ΑΓΙΟΣ.
866 3489 979 3545 Καὶ
1016 3488 1076 3543 t6
1129 3488 1260 3559 ἑξῆς
1294 3485 1386 3542 τοῦ
1423 3488 1609 3558 στίχου
1641 3489 1742 3560 τῆς
1771 3505 1870 3542 πε-

292 3590 503 3661 ριοχῆς,
566 3586 685 3649 πῶς
752 3584 854 3638 οὐκ
886 3581 1163 3650 ἀνέγνως;
1199 3579 1321 3633 ’Ότι
1356 3580 1456 3649 μὲν
1493 3580 1602 3651 γὰρ
1642 3579 1743 3634 οὐκ
1767 3580 1874 3634 ἀπ.

289 3684 496 3736 ώσεται
536 3681 743 3751 Κύριος
787 3676 878 3731 τὸν
924 3674 1052 3728 λαὸν
1107 3672 1301 3739 αὑτοῦ,
1348 3669 1407 3727 εὖ
1439 3667 1617 3744 οἶδαῆ
1651 3673 1716 3726 σύ
1741 3690 1754 3704 °
1779 3674 1875 3728 καὶ

288 3775 391 3847 τὴν
425 3770 798 3843 κληρονομίαν
849 3765 1019 3822 αὑτοῦ
1068 3767 1171 3820 οὐκ
1228 3764 1643 3834 ἐγκαταλείψει,
1682 3766 1871 3834 σαφῶς

289 3865 597 3935 ἐπίσταμαι
621 3880 635 3894 ·
673 3860 835 3933 πλὴν,
868 3858 975 3923 ἕως
1009 3858 1164 3923 πότε,
1199 3856 1374 3922 λέξον.
1417 3859 1479 3911 '0
1516 3858 1628 3929 γὰρ
1664 3857 1873 3931 ἐμπρο.

290 3959 419 4013 σθεν
475 3958 577 4027 τῆς
619 3954 824 4022 ’λέξεως
854 3952 1061 4023 ταύτης
1093 3953 1297 4023 στίχος,
1342 3951 1626 4022 διορισμὸν
1674 3952 1873 4023 προθεο

290 4051 458 4122 σμίας
511 4047 897 4117 ὲπικέκτηται,
950 4044 1061 4111 ἕως
1116 4045 1285 4109 πότε,
1322 4042 1569 4114 φάσκων.
1626 4045 1770 4108 Ἕως
1808 4036 1871 4098 οὗ

287 4141 608 4211 δικαιοσύνη
641 4138 950 4211 ἐπιστρέψῃ
983 4140 1064 4201 είς
1108 4136 1293 4209 κρίσιν
1326 4138 1709 4209 πνευματικήν
1734 4152 1748 4166 ·
1778 4137 1873 4191 τὸν

288 4234 721 4308 Χριστιανισμόν
768 4232 932 4303 φημί.
1002 4228 1207 4285 Ἐλθὼν
1265 4232 1295 4285 6
1341 4231 1578 4303 Χριστός
1644 4248 1746 4303 μου
1778 4232 1874 4285 καὶ

286 4327 516 4400 Κύριος,
541 4321 699 4390 οὗτός
720 4326 871 4378 ἐστιν
898 4326 933 4396 ή
963 4324 1170 4396 ἀληθὴς
1202 4325 1544 4396 δικαιοσύνη.
1584 4324 1875 4397 Ἐπιστρέ-

285 4421 379 4490 est
409 4421 469 4473 δὲ
509 4420 638 4484 τοὺς
688 4417 964 4488 ὑπηκόους
987 4432 1001 4446 ·
1038 4408 1191 4471 οὗτοι
1216 4418 1326 4489 γάρ
1370 4419 1511 4472 εἰσιν
1537 4418 1588 4471 οί
1618 4417 1871 4488 ἐχόμενοι

287 4510 460 4581 αὐτῆς
483 4510 585 4581 τῆς
618 4508 746 4572 νέας
776 4507 1025 4578 χάριτος,
1052 4507 1105 4559 οἱ
1149 4504 1328 4570 εύθεῖς
1368 4508 1435 4576 τῇ
1474 4506 1695 4577 καρδίᾳ,
1734 4506 1871 4559 οἵτε

1973 3321 2338 3375 qureditatem
2377 3336 2531 3373 suam
2561 3336 2667 3373 non
2702 3318 3030 3390 derelinquet
3062 3320 3130 3375 “.

2044 3500 2105 3557 S.
2145 3500 2353 3557 ARCH.
2380 3501 2448 3556 Et
2470 3501 2747 3572 reliquum
2774 3502 3050 3571 periochae
3073 3519 3267 3557 versus
3287 3503 3568 3573 quomodo

1972 3607 2086 3647 non
2117 3593 2338 3664 legisti?
2382 3592 2540 3659 Quod
2581 3596 2730 3647 enim
2764 3593 3031 3648 Dominus
3057 3609 3165 3647 non
3212 3595 3440 3664 repellet
3469 3612 3570 3666 po-

1972 3684 2167 3754 pulum
2232 3700 2418 3750 suum,
2481 3685 2680 3740 melius
2730 3686 2857 3740 novi
2917 3701 3081 3755 quam
3130 3695 3188 3740 tu
3242 3705 3255 3740 :
3303 3696 3362 3743 et
3414 3688 3565 3757 quod

1974 3772 2360 3827 hereditatem
2409 3788 2566 3827 suam
2613 3790 2724 3829 non
2773 3774 3146 3845 derelinquct,
3197 3785 3351 3830 certo
3393 3777 3563 3833 scio:

1974 3865 2072 3919 sed
2115 3880 2427 3935 quousque,
2456 3865 2567 3920 dic.
2596 3865 2699 3933 Qui
2730 3866 3175 3936 enimllpraacedit
3204 3882 3398 3922 versus
3422 3868 3567 3923 hanc

1974 3955 2338 4021 locutionem,
2366 3958 2675 4028 praescripti
2704 3958 2969 4028 temporis
2989 3958 3377 4014 definitionem
3410 3974 3564 4013 com-

1974 4048 2171 4118 plexus
2215 4060 2321 4115 est,
2389 4050 2520 4105 dum
2584 4049 2742 4116 dicit,
2794 4049 3096 4121 Quousque.
3143 4049 3336 4116 Quoad
3388 4065 3566 4120 usque

1970 4140 2185 4211 justitia
2233 4150 2595 4196 convertatur
2647 4142 2703 4196 in
2735 4142 3007 4213 judicium
3069 4142 3362 4213 spiritale:
3396 4142 3565 4197 Chri-

1975 4233 2322 4289 stianismum
2388 4235 2536 4289 dico.
2584 4234 2722 4291 Cum
2769 4235 2923 4290 venit
2983 4234 3244 4289 Christus
3295 4250 3456 4290 meus
3509 4243 3567 4290 et

1976 4325 2280 4391 Dominus;
2321 4325 2412 4379 hic
2463 4334 2550 4379 cst
2592 4340 2723 4379 vera
2752 4325 2992 4396 justitia.
3027 4324 3329 4379 Convertet
3381 4335 3566 4380 autem

1974 4417 2343 4472 obedientes:
2387 4417 2443 4471 hi
2480 4418 2628 4472 enim
2662 4425 2811 4482 sunt,
2852 4417 2946 4487 qui
2986 4417 3159 4487 ipsam
3191 4433 3392 4472 novam
3437 4433 3566 4488 gra-

1978 4508 2106 4562 tiam
2131 4517 2573 4578 consequuntur,
2601 4519 2659 4563 et
2690 4509 2785 4579 qui
2821 4516 2953 4563 sunt
2978 4507 3117 4562 recti
3139 4509 3328 4573 corde,
3356 4508 3569 4579 quique

287 4602 398 4657 ἀπὸ
440 4603 553 4657 τῶν
594 4600 868 4656 Ἰουδαίων
892 4639 909 4663 ,
958 4583 1056 4653 καὶ
1101 4599 1149 4652 οἱ
1193 4597 1302 4653 ἀπὸ
1342 4598 1451 4652 τῶν
1474 4597 1667 4664 Ιὲθνῶν
1700 4615 1856 4651 πεπι-

1977 4599 2093 4654 sive
2118 4614 2185 4654 ex
2212 4599 2438 4664 ludatis,
2473 4598 2589 4653 sive
2631 4613 2698 4652 cx
2727 4598 3018 4668 gentibus,
3062 4598 3117 4651 in
3156 4598 3337 4667 ipsum
3379 4598 3564 4651 credi-

289 4692 578 4756 στευκότες
634 4693 715 4756 εἰς
762 4690 949 4745 αὐτόν.
1004 4689 1140 4761 Περὶ
1181 4688 1240 4743 δὲ
1288 4689 1444 4760 ὑμῶν
1482 4688 1593 4743 τῶν
1622 4690 1869 4745 ἀπίστων

302 4780 598 4844 Ἰουδαίων,
641 4780 791 4849 λέγει
830 4783 858 4833 6
888 4779 1053 4843 αὐτὸς
1087 4780 1417 4851 Προφήτης
1472 4781 1568 4846 Τίς
1604 4779 1871 4848 ἀναστή-

288 4889 461 4928 σεται
506 4872 608 4929 ἐπί
655 4872 1187 4945 πονηρευομένοις,
1218 4870 1258 4940 ἢ
1302 4871 1397 4938 τίς
1433 4873 1873 4941 συμπαραστή-

287 4984 459 5022 astat
488 4966 590 5022 ἐπὶ
613 4966 758 5032 τοὺς
804 4965 1239 5037 ἐργαζομένους
1268 4964 1384 5033 τὴν
1416 4966 1711 5034 ἀνομίαν;
1751 4965 1874 5019 Ἀν-

288 5063 419 5132 έστη
434 5060 491 5114 δὲ
516 5060 738 5124 πάντως
769 5059 1035 5131 πρόδηλον
1064 5060 1154 5113 ἐπ’
1183 5060 1429 5129 ἐσχάτων
1462 5057 1871 5122 Οὐεσπασιανὸς

286 5154 385 5208 καὶ
442 5154 626 5219 Τῖτος,
665 5152 810 5206 κατὰ
861 5152 964 5222 τὴν
1023 5151 1407 5221 προφητείαν,
1458 5149 1555 5204 καὶ
1603 5148 1869 5220 ἠφάνισεν

286 5244 487 5309 αὐτούς
507 5261 521 5276 ’
541 5243 715 5300 καὶτὸ
732 5242 1039 5315 τηνικαῦτα
1058 5241 1409 5314 ὀδυνώμενοι,
1426 5242 1669 5313 ἐλέγετε,
1687 5240 1869 5306 καθὼς

298 5338 530 5401 Ἡσαΐας
546 5337 925 5409 προεφήτευσε
945 5376 961 5401 ,
990 5335 1121 5391 Νῦν
1138 5335 1256 5404 τὴν
1276 5335 1486 5403 κρίσιν
1496 5353 1641 5404 μου.
1669 5334 1867 5399 εἰπὼν,

283 5428 395 5502 ἦρε
417 5430 653 5498 Κύριος,
682 5428 1038 5496 καὶζάπέστη
1057 5427 1158 5483 ἀπ’
1174 5428 1343 5498 ἐμοῦ,
1362 5427 1601 5495 καὶτοῖς
1617 5427 1870 5483 ὀδοῦσιν

284 5519 597 5587 ἀλλότριοι
618 5518 1050 5573 κατεσθίουσιν
1074 5515 1234 5587 ἡμᾶς
1251 5534 1265 5547 ·
1285 5519 1381 5571 καὶ
1414 5515 1560 5588 μάλα
1582 5518 1827 5581 εἰκότως.

359 5634 405 5666 ’³
427 5636 569 5692 Psal.
595 5652 805 5703 cuxtv,
828 5636 882 5694 9.
957 5636 1004 5669 ”
1035 5636 1179 5692 Psal.
1210 5652 1357 5702 xcm,
1395 5638 1479 5692 ιιι.
1556 5638 1602 5670 ’⁸
1628 5638 1762 5693 ibid.
1804 5637 1890 5693 16.

1972 4690 2194 4745 derunt.
2248 4691 2325 4745 De
2384 4689 2545 4745 vobis
2589 4698 2774 4745 autem
2832 4689 3220 4759 pervicacibus
3284 4699 3340 4744 et
3382 4692 3566 4743 incre-

1971 4782 2121 4838 dulis
2169 4782 2375 4838 ludatis
2413 4782 2552 4838 dicit
2586 4783 2731 4837 idem
2781 4782 3062 4851 Propheta
3093 4799 3105 4835 :
3143 4780 3273 4846 Quis
3320 4791 3567 4851 exsurget

1972 4877 2225 4931 adversus
2282 4875 2517 4947 maligne
2570 4883 2802 4947 agentes,
2847 4885 2941 4929 aut
2995 4876 3113 4945 quis
3159 4874 3321 4928 stabit
3361 4890 3564 4929 mecum

1973 4966 2224 5022 adversus
2250 4973 2530 5036 aperantes
2549 4966 2885 5036 iniquitatem
2916 4966 2995 5018 9'?
3028 4965 3286 5020 Surrexit
3310 4964 3560 5032 omnino,

1975 5058 2127 5130 quod
2192 5057 2549 5128 perspicuum
2601 5065 2729 5123 est,
2788 5057 2843 5111 in
2906 5057 3172 5113 extremis
3220 5059 3565 5129 temporibus

1975 5148 2351 5220 Vespasianus
2403 5156 2462 5203 et
2502 5148 2684 5213 Titus,
2731 5147 3037 5203 secundum
3083 5148 3458 5219 prophetiam,
3506 5164 3565 5206 et

1976 5242 2130 5314 ipsos
2178 5241 2427 5297 abolevit
2460 5259 2474 5297 :
2514 5251 2573 5298 et
2618 5251 2753 5298 tunc
2782 5241 2974 5297 dolore
3007 5243 3241 5299 cruciati
3272 5243 3562 5310 dicebatis,

1977 5334 2449 5405 quemadmodum
2492 5334 2661 5389 Isaias
2701 5334 3037 5390 vaticinatus
3063 5345 3149 5390 est
3183 5353 3197 5390 :
3248 5336 3399 5393 Nunc
3422 5337 3566 5403 iudi-

1974 5429 2135 5493 cium,
2181 5427 2385 5497 inquit,
2443 5426 2563 5481 tulit
2612 5426 2890 5492 Dominus,
2945 5437 2995 5482 et
3024 5445 3057 5482 a
3100 5445 3179 5481 me
3230 5430 3458 5495 recessit,
3515 5437 3565 5481 et

1975 5520 2219 5575 dentibus
2265 5519 2427 5574 alieni
2454 5519 2732 5574 comedunt
2760 5535 2853 5574 nos
2884 5521 2931 5553 ⁹⁶
2956 5538 2970 5575 :
3007 5529 3064 5577 et
3087 5521 3312 5592 quidem
3340 5519 3562 5577 merito.

1950 5640 1996 5673 ³⁵
2030 5639 2239 5708 lsa.XL,
2271 5639 2339 5697 2-7
2365 5657 2380 5709 ;
2409 5647 2465 5696 et
2492 5657 2529 5707 ι,
2560 5641 2590 5695 7
2618 5654 2732 5696 sec.
2765 5638 2930 5693 LXX,

1852 5792 2088 5849 ΝΟΤΑΞ.

359 5884 475 5957 (12)
508 5882 608 5951 Μὴ
643 5885 782 5939 καλ.
812 5882 1009 5940 Scribe
1046 5884 1142 5937 ml
1180 5882 1255 5956 μὴ
1284 5883 1409 5940 καλ.
1439 5876 1683 5940 ϐυιοκβ
