4094 6574
497 428 606 497 675

1457 428 1519 489 S.
1575 423 2001 489 GREGENTII
2041 421 2276 484 EPISC.
2313 426 2846 491 TAPI—IARENSIS

3667 429 3776 493 676

571 537 776 595 HERB.
814 537 926 592 Nos
961 549 1162 591 rursus
1197 535 1462 592 Israelita:
1492 550 1874 607 resurgemus.
1922 543 1979 589 et
2005 533 2076 588 ci-

2262 533 2507 590 EPBAN.
2537 536 2711 590 Πάλιν
2743 535 3172 609 ἀναπησόμεθα
3199 537 3363 607 ἡμεῖς
3403 537 3452 589 οξ
3500 533 3776 609 Ἰσραηλί-

498 633 646 688 vitas
695 640 884 685 nostra
939 628 1366 691 instaurabitur,
1419 636 1476 683 et
1515 643 1623 694 vos
1655 628 1750 697 qui
1800 625 2086 682 Christum

501 721 834 792 praedicatis.
880 721 1245 775 erubescetis.
1293 719 1574 789 Scriptum
1603 728 1688 774 est
1733 719 1880 772 enim
1925 715 2091 771 nobis

500 832 533 872 ι
559 814 830 870 Domino:
865 812 1019 878 Quod
1062 812 1332 880 adiﬁcans
1366 811 1666 865 Jerusalem
1686 809 1961 874 Dominus,
1982 808 2092 862 dis-

503 909 772 979 persiones
830 904 1047 960 Israelis
1097 905 1603 975 congregabit:qui
1647 909 1809 956 sanat
1839 900 2091 953 contritas

504 1001 679 1067 corde,
712 1009 762 1054 et
803 998 996 1070 alligat
1035 996 1373 1052 contritiones
1421 1012 1604 1050 eorum
1638 995 1706 1048 ⁸⁷.
1755 992 1881 1048 Sive
1923 1007 2090 1061 quam

506 1093 770 1169 primum,
809 1092 927 1146 sive
960 1092 1122 1161 longe
1170 1098 1294 1160 post
1332 1089 1398 1145 ad
1428 1098 1765 1152 extremum,
1811 1086 1918 1139 hoc
1963 1099 2092 1138 ver-
2137 1113 2140 1116 ~

508 1185 642 1240 bum
687 1183 1085 1254 adimplebitur
1123 1181 1301 1251 :quitl
1353 1180 1451 1234 tibi
1494 1190 1551 1236 et
1605 1178 1764 1243 mihi,
1812 1191 1847 1232 ο
1910 1174 2096 1230 archi-

513 1278 773 1348 episcope
795 1277 818 1329 ?

587 1454 644 1508 S.
686 1451 893 1507 ARCH.
935 1450 991 1504 Si
1028 1463 1192 1503 unam
1220 1443 1548 1515 (civitatem)
1575 1442 1976 1508 adiﬁcassetis,
2007 1449 2092 1495 at-

515 1561 626 1614 que
649 1545 704 1600 in
737 1559 902 1597 unam
931 1541 1117 1596 cuncti
1145 1537 1357 1592 reducti
1379 1535 1599 1598 essetis,
1627 1533 1758 1603 quid
1793 1533 1892 1587 tibi
1922 1532 2097 1603 magis

515 1654 679 1707 quam
704 1637 871 1690 mihi?
888 1635 1006 1689 Non
1026 1633 1534 1688 Nabuchodonosor
1553 1629 1857 1686 Jerusalem
1880 1638 2095 1698 captam

517 1729 573 1782 in
617 1728 938 1782 servitutem
973 1724 1206 1794 redegit.
1232 1732 1287 1777 et
1315 1723 1575 1793 populum
1609 1722 1728 1791 ejus
1763 1720 2010 1781 abstulit,
2041 1725 2098 1772 et

516 1821 660 1873 hanc
688 1816 929 1884 evertit?
975 1815 1095 1869 Non
1127 1823 1319 1883 postea
1368 1813 1630 1866 misertus
1661 1809 1929 1865 Dominus
1955 1809 2098 1862 hanc

515 1907 891 1972 readiﬁcavit,
919 1913 976 1962 et
1003 1922 1104 1960 vos
1129 1905 1414 1975 dispersos
1436 1904 1491 1958 in
1517 1919 1690 1957 unum
1729 1901 1951 1972 coegit?
1975 1899 2098 1954 Non

515 2005 680 2059 etiam
707 2000 1051 2071 temporibus
1068 1999 1324 2055 Ieremia:
1346 2005 1403 2052 et
1419 1995 1656 2051 Baruchi
1680 1994 2097 2065 prophetarum,

517 2095 714 2151 civitas
742 2101 926 2148 vestra
965 2091 1221 2147 hostibus
1253 2089 1455 2147 tradita
1487 2096 1594 2154 est,
1629 2087 1846 2156 direpta
1883 2092 1940 2140 et
1972 2085 2100 2138 I‘un-

517 2189 670 2243 ditus
715 2186 900 2241 diruta
932 2203 946 2240 :
997 2199 1305 2253 rursusque
1342 2182 1634 2238 clementia
1669 2189 1728 2235 et
1759 2178 2101 2249 benignitate

517 2280 692 2351 dignae
741 2277 1088 2341 existimata,
1133 2274 1242 2330 fuit
1301 2273 1659 2329 instaurata?
1705 2271 1982 2332 Tandem,
2031 2285 2101 2324 ne

520 2387 664 2441 saape
705 2370 827 2440 ejus
865 2367 1112 2438 pericula
1163 2365 1421 2429 referam,
1469 2380 1500 2418 a
1534 2363 1799 2419 Romanis
1854 2362 2104 2417 funditus

517 2461 699 2516 deleta
731 2457 916 2529 periit.
941 2456 1085 2524 Quid
1113 2455 1294 2511 adhuc
1334 2454 1504 2526 igitur
1531 2453 1791 2508 desidens
1819 2460 2104 2522 exspectas

520 2561 581 2606 ut
632 2550 925 2622 prophetia
951 2549 1343 2618 adimpleatur,
1379 2563 1502 2617 quas
1536 2547 1648 2618 jam
1679 2545 1766 2600 bis
1800 2554 1856 2600 et
1889 2555 1973 2600 ter
2003 2545 2104 2598 fuit

519 2643 838 2713 adimpleta,
871 2657 1050 2711 neque
1075 2640 1358 2710 quidpiam
1382 2640 1622 2710 amplius
1646 2637 1865 2692 ﬁrmum
1903 2637 2103 2692 habet?

519 2735 664 2791 Audi
714 2735 882 2806 igitur
911 2732 1354 2799 aliirmationem,
1386 2749 1550 2804 quam
1583 2733 1729 2788 Deus
1761 2731 1830 2787 de
1861 2732 2022 2787 vobis
2048 2731 2104 2786 in

521 2828 842 2882 universum
878 2826 1133 2896 protulit.
1181 2834 1244 2880 ut
1281 2835 1540 2881 accurate
1596 2835 1862 2896 certoque
1903 2840 2105 2896 cogno-

521 2934 644 2974 scas
687 2918 856 2973 Deum
902 2933 1001 2972 vos
1051 2932 1082 2972 e
1149 2916 1320 2972 corde
1383 2932 1486 2972 suo
1540 2917 1836 2987 repulisse.
1897 2915 2105 2973 Videns

519 3011 691 3076 enim,
747 3010 1040 3080 sciensque
1079 3017 1270 3066 .vestra
1316 3007 1385 3064 ad
1435 3009 1615 3079 ipsum
1665 3008 1934 3064 sacriﬁcia
1965 3008 2106 3063 nihil

522 3106 578 3160 in
603 3113 888 3176 posterum
919 3101 1232 3174 profutura,
1261 3117 1575 3158 sermonem
1613 3100 1996 3156 contrahendo
2019 3101 2107 3155 di-

2191 644 2300 691 ται,
2331 629 2423 681 καὶ
2461 629 2494 698 ή
2527 629 2686 693 πόλις
2717 630 2875 700 ἡμῶν
2908 629 3408 700 οἱκοδομηθήσεται
3433 669 3448 694 ,
3493 631 3590 684 καὶ
3618 630 3782 701 ὑμεῖς

2190 720 2241 771 οἱ
2284 720 2519 789 Χριστὸν
2552 727 2921 792 κηρύττοντες
2967 720 3425 792 αἰσχυνθήσεσοε.
3459 722 3781 792 Γέγραπται

2191 812 2300 882 γὰρ
2329 814 2461 882 ἡμῖν
2492 813 2646 884 παρὰ
2672 813 2882 883 Κυρίου
2905 855 2920 879 ,
2952 814 3078 866 Ὄτι
3109 813 3441 882 οἰκοδομῶν
3475 813 3780 884 Ἰερουσα-

2191 903 2318 973 λὴμ
2359 906 2393 958 ό
2419 905 2658 973 Κύριος,
2709 905 2820 971 τὰς
2847 905 3186 974 διασπορὰς
3213 905 3322 960 τοῦ
3362 905 3616 975 Ἰσραὴλ
3649 907 3780 960 ἐπι-

2193 995 2481 1060 σιννὰεειο
2517 999 2549 1050 ὀ
2609 997 2859 1067 ἰώμενος
2913 997 3056 1064 τοὺς
3099 999 3653 1068 συντετριμμένους
3703 998 3781 1068 τῇ

2194 1089 2426 1158 καρδίᾳ,
2463 1088 2561 1142 καί
2605 1090 2916 1159 δεσμεύων
2965 1091 3036 1144 τὰ
3088 1092 3507 1160 συντρῐμμίιτα
3553 1092 3776 1148 αὐτῶν.

2194 1182 2316 1236 Κᾶν
2354 1177 2447 1236 οὖν
2479 1184 2538 1236 ὲν
2569 1184 2830 1255 πρώτοις,
2867 1185 2975 1238 κᾶν
3003 1185 3097 1237 ἐπὶ
3127 1183 3293 1248 τέλει,
3328 1185 3390 1238 τὸ
3439 1185 3591 1256 ῥῆμα
3620 1185 3784 1241 τοῦτο

2196 1272 2622 1345 πληρωθήσεται
2645 1292 2660 1307 ·
2693 1277 2788 1330 καὶ
2831 1276 2884 1329 τί
2928 1275 3054 1347 ἐμοὶ
3105 1277 3204 1331 καὶ
3233 1278 3317 1331 σοὶ
3343 1277 3405 1330 τὸ
3427 1277 3638 1344 λοιπὸν,
3676 1281 3782 1350 ἀρ-

2197 1365 2524 1435 χιεπίσκοπε
2549 1384 2564 1432 ;

2269 1459 2381 1512 Καὶ
2411 1463 2453 1512 0
2483 1459 2704 1514 ΔΓΙΟΣ.
2771 1460 2899 1514 Ἐὰν
2945 1460 3076 1532 μίαν
3113 1460 3506 1532 ᾠκοδομήθητε
3525 1504 3540 1524 ,
3571 1461 3670 1516 καὶ
3697 1462 3782 1524 el;

2201 1548 2332 1618 μίαν
2359 1549 2691 1620 συνήχθητε,
2727 1549 2780 1602 τί
2815 1551 2900 1603 σοὶ
2940 1551 3140 1620 μᾶλλον
3177 1551 3322 1621 ἢπερ
3354 1551 3520 1620 ὲμοί;
3565 1551 3642 1604 Οὐ
3667 1551 3784 1605 Να-

2198 1641 2600 1713 ϐουχοδονόσωρ
2653 1642 3043 1712 ᾐχμαλώτευσε
3096 1641 3195 1714 τὴν
3255 1642 3633 1715 Ἰερουσαλὴμ,
3683 1643 3784 1697 καὶ

2199 1733 2383 1804 ἀπῆρε
2436 1733 2529 1786 τὸν
2575 1734 2704 1787 λαὸν
2747 1734 2946 1804 αὐτῆς,
2989 1735 3086 1788 καὶ
3115 1734 3323 1805 ταύτην
3368 1737 3782 1806 κατέστρεψενς

2201 1825 2276 1878 Οὐ
2311 1825 2450 1896 μετὰ
2482 1825 2660 1880 ταῦτα
2694 1827 3122 1898 σπλαγχνισθεὶς
3151 1830 3179 1881 6
3211 1829 3417 1898 Κύριος
3461 1829 3573 1900 (45)
3608 1830 3786 1901 αὐτὴν

2201 1917 2704 1990 ᾠκοδόμησεν,’καὶ
2734 1921 2884 1991 ὑμᾶς
2911 1921 3314 1991 διασπαρέντας
3342 1922 3784 1991 ὲπισυνήγαγενς

2202 2012 2278 2064 Οὐ
2309 2012 2586 2085 παρεδόθη
2627 2015 2662 2085 ἡ
2691 2013 2849 2076 πόλις
2877 2015 2972 2067 ἐπὶ
3012 2013 3279 2084 Ἱερεμίου
3310 2014 3405 2068 καὶ
3437 2013 3653 2085 Βαροὺχ
3672 2015 3787 2068 τῶν

2203 2105 2499 2174 προφητῶν
2527 2109 2638 2168 τοῖς
2657 2105 3024 2168 ὑπεναντίοις,
3055 2105 3151 2158 καὶ
3171 2105 3520 2176 κατεσκάφη,
3551 2106 3644 2160 καὶ
3677 2105 3791 2161 πά-

2203 2196 2286 2250 λιν
2337 2197 2756 2270 φιλανθρωπίας
2815 2197 3110 2264 ἀξιωθεῖσα
3161 2197 3544 2271 ᾠκοδομήθη;
3592 2199 3791 2254 καὶτὸ

2203 2292 2535 2354 τελευταῖον,
2563 2290 2654 2343 ἵνα
2684 2288 2760 2362 μὴ
2799 2290 2931 2354 τοὺς
2988 2289 3161 2343 πολλὰ
3207 2290 3353 2358 λέγω
3381 2289 3667 2355 κινδύνους
3691 2292 3790 2346 αὑ·-

2203 2387 2324 2458 τῆς,
2363 2384 2471 2439 ὑπὸ
2499 2383 2610 2437 τῶν
2660 2383 2951 2454 Ῥωμαίων
2995 2383 3164 2436 ὄλωλε
3213 2383 3303 2437 διὰ
3342 2383 3563 2447 παντός.
3593 2384 3660 2438 Τί
3690 2379 3791 2439 οὖν

2202 2481 2265 2534 τὸ
2319 2478 2508 2532 λοιπὸν
2575 2477 3044 2548 παρακαθήμενος
3093 2477 3386 2548 ἀναμένεις
3441 2477 3791 2550 προφητείαν

2206 2569 2592 2642 πληρωθεῖσαν
2619 2572 2712 2624 κα¹ι
2745 2570 2828 2634 δὶς
2873 2569 2968 2624 καὶ
3003 2570 3148 2640 τρὶς,
3180 2571 3276 2623 καὶ
3314 2570 3482 2641 μηδὲν
3507 2570 3570 2624 τὸ
3596 2569 3791 2624 λοιπὸν

2208 2664 2431 2734 βέϐαιον
2480 2663 2747 2734 έχουσανς
2802 2662 3014 2717 Οὐκοῦν
3072 2661 3307 2717 ἄκουσον
3349 2663 3449 2734 τὴν
3489 2662 3786 2732 ἀπόφασιν.

2203 2759 2269 2828 ἢν
2298 2751 2450 2810 εἶπεν
2491 2755 2519 2808 6
2549 2753 2685 2818 Θεὸς
2713 2753 3022 2818 καθολικῶς
3056 2754 3377 2825 περὶῦμῶν,
3399 2755 3488 2809 ἴνα
3507 2753 3792 2832 ὲπιγνὼσῃ

2203 2847 2468 2920 ἀκριϐῶς,
2506 2848 2588 2900 ὅτι
2628 2847 2738 2900 ἀπὸ
2787 2846 3019 2916 καρδίας
3065 2845 3230 2901 αὐτοῦ
3279 2846 3540 2902 ἀπώσατο
3591 2847 3734 2916 ὑμᾶς
3760 2847 3792 2899 6

2203 2941 2356 3005 Θεός.
2403 2939 2550 2994 Ἰδὼν
2589 2939 2700 3010 γὰρ
2735 2940 2818 2993 ὅτι
2865 2939 2965 2992 οὐκ
3014 2937 3362 3008 ὠφελήσεται
3397 2939 3456 2992 τὸ
3496 2939 3689 2992 λοιπὸν
3717 2940 3791 2993 τὰ

2203 3033 2338 3105 πρὸς
2356 3032 2540 3095 αὑτὸν,
2564 3029 2800 3084 συνελὼν
2823 3029 3069 3102 εἴρηκεν.
3100 3031 3184 3084 Οὐ
3207 3031 3293 3099 μὴ
3325 3031 3652 3101 συναγάγω
3671 3031 3790 3094 τὰς

2204 3125 2562 3194 συναγωγὰς
2588 3121 2792 3203 αὐτῶν
2826 3123 2885 3191 ἐξ
2915 3122 3192 3193 αἱμάτων,
3221 3121 3332 3176 οὐδ’
3357 3122 3419 3175 οὐ
3452 3121 3526 3193 μὴ
3564 3121 3792 3192 μνησθῶ

522 3199 632 3253 xit:
682 3197 798 3252 Non
838 3195 1164 3266 congregabo
1193 3193 1553 3248 conventicula
1584 3210 1767 3247 eorum
1798 3193 1863 3246 de
1888 3193 2105 3264 sangui-

2209 3217 2318 3272 τῶν
2361 3193 2646 3288 δνομάτων
2703 3215 2884 3270 αὐτῶν
2930 3214 3036 3269 διὰ
3070 3212 3321 3284 χειλέων
3359 3232 3499 3284 μου.
3551 3213 3690 3285 Περὶ
3729 3213 3791 3268 δὲ

523 3293 695 3355 nibus,
724 3305 891 3360 neque
920 3287 1233 3342 recordabor
1260 3288 1532 3341 nominum
1568 3287 1804 3358 ipsorum
1836 3302 1930 3357 per
1961 3285 2103 3340 labia

524 3399 662 3436 mea.
714 3382 791 3436 De
830 3380 1154 3435 haereditate
1197 3395 1319 3450 qua!
1381 3379 1448 3433 ad
1485 3394 1610 3434 eum
1655 3380 1920 3450 pertinet,
1967 3379 2106 3433 dixit

524 3473 631 3542 ipsi
662 3472 772 3526 Deo
804 3469 1126 3540 unigenitus
1150 3469 1272 3540 ejus
1305 3469 1523 3524 Filius:
1553 3469 1626 3524 Tu
1653 3486 1705 3523 es
1741 3471 1831 3542 qui
1860 3471 2106 3524 restitues

523 3563 883 3618 lzwreditatem
907 3578 1080 3616 meam
1101 3562 1227 3615 mihi
1247 3562 1312 3614 ”.
1348 3560 1512 3617 Vides
1541 3563 1728 3632 igitur,
1764 3579 1798 3618 ο
1828 3563 2104 3629 lierbane,

523 3655 802 3725 quomodo
826 3670 894 3708 ex
926 3653 1047 3726 ipso
1088 3653 1256 3709 corde
1295 3669 1395 3709 vos
1441 3653 1560 3708 odit
1591 3656 1738 3709 Deus
1772 3673 1784 3709 :
1829 3665 1886 3711 et
1913 3665 2107 3712 contra

523 3761 622 3801 vos
638 3755 693 3800 et
721 3759 916 3800 omnes
937 3753 1150 3800 vestras
1170 3759 1474 3816 synagogas
1504 3747 1912 3816 pronuntiavit,
1944 3749 2110 3819 620

523 3839 642 3896 Non
678 3838 1003 3910 congregabo
1041 3838 1401 3894 conventicula
1441 3856 1622 3894 eorum
1653 3841 1716 3894 de
1739 3842 2106 3912 sanguinibus,

524 3950 692 4004 neque
743 3949 944 3987 memor
985 3949 1074 3986 ero
1102 3937 1377 3989 nominum
1405 3936 1641 4005 ipsorum
1675 3951 1767 4004 per
1797 3934 1939 3990 labia
1967 3952 2106 3990 mea.

525 4025 796 4092 Quoniam
842 4027 1012 4096 igitur
1040 4043 1219 4098 neque
1265 4043 1364 4097 per
1387 4027 1531 4080 labia
1557 4027 1675 4080 vult
1708 4027 1878 4080 vestri
1914 4027 2110 4080 memi—

528 4120 677 4175 nisse
726 4119 892 4183 Deus,
942 4135 1180 4189 quanam
1232 4135 1291 4174 re
1346 4119 1585 4187 amplius
1625 4117 1776 4187 digni
1819 4117 1974 4180 estis,
2015 4118 2114 4171 ob-

527 4213 824 4273 tenebrati.
865 4213 1016 4277 caeci,
1066 4227 1234 4282 supra
1287 4209 1513 4264 modum
1557 4206 1877 4263 fermentati
1926 4215 1983 4262 et
2013 4207 2115 4260 im-

527 4307 920 4362 memorabiles
943 4305 966 4359 ?

599 4399 805 4455 HERB.
849 4397 1006 4463 Vide,
1043 4410 1228 4450 nonne
1258 4394 1336 4448 ait
1369 4392 1654 4463 Propheta
1690 4409 1703 4446 :
1739 4390 1934 4446 Beatus
1962 4393 2112 4462 cujus

526 4491 670 4547 Deus
687 4489 849 4545 Jacob
867 4488 1084 4558 adjutor
1100 4487 1212 4558 ejus
1227 4501 1245 4539 :
1260 4501 1376 4556 spes
1399 4484 1514 4554 ejus
1531 4484 1588 4537 in
1607 4482 1833 4537 Domino
1850 4483 2015 4554 ipsius
2029 4483 2116 4537 ”?

2205 3307 2307 3379 τῆς
2336 3307 2613 3379 ἑπομένης
2661 3306 2813 3377 αὐτῷ
2863 3307 3261 3379 κληρονομίας,
3315 3301 3470 3359 εἷπεν
3513 3305 3664 3376 αὐτῷ
3709 3304 3791 3376 τῷ

2206 3399 2326 3472 Θεῷ
2360 3401 2388 3454 6
2421 3399 2714 3472 μονογενὴς
2747 3399 2872 3464 Υἱὸς
2897 3399 3086 3465 αὑτοῦ,
3119 3399 3202 3454 Σὺ
3232 3395 3342 3454 eid
3360 3396 3793 3455 ἀποκαθιστῶν

2207 3491 2324 3560 τὴν
2361 3493 2774 3560 κληρονομίαν
2803 3509 2923 3560 μου
2951 3491 3106 3561 ἐμοί.
3147 3489 3382 3554 Βλέπεις
3422 3485 3540 3549 οὖν.
3571 3482 3617 3543 ὦ
3665 3489 3794 3560 Ἐρ-

2208 3586 2332 3648 6ᾶν,
2367 3585 2486 3648 πῶς
2517 3585 2614 3638 ἀπ’
2655 3583 2827 3654 αὐτῆς
2851 3587 2951 3655 τῆς
2979 3583 3208 3653 καρδίας
3245 3583 3561 3654 μεμίσηκεν
3595 3582 3740 3654 ὑμᾶς
3761 3583 3793 3636 6

2209 3679 2364 3742 Θεός·
2398 3677 2495 3730 καὶ
2519 3677 2838 3749 ἀπεφήνατο
2868 3675 2979 3747 (44)
3009 3677 3104 3730 καὶ
3145 3675 3288 3730 κατὰ
3317 3676 3506 3729 πασῶν
3525 3676 3636 3730 τῶν
3663 3691 3796 3730 συν-

2210 3771 2445 3841 αγωγῶν
2475 3772 2654 3842 ὑμῶν,
2682 3773 2764 3825 Οὐ
2795 3770 2881 3840 μὴ
2929 3769 3255 3839 avi-ardre;
3295 3769 3404 3836 τὰς
3435 3771 3795 3839 συναγωγὰς

2211 3863 2412 3921 αὐτῶν
2441 3864 2510 3929 ἐξ
2540 3865 2824 3930 αΙμάτων,
2866 3861 2993 3916 οὐδ’
3015 3863 3087 3916 οὐ
3109 3861 3195 3932 μὴ
3223 3860 3478 3931 μνησθῶ
3503 3860 3624 3914 τῶν
3657 3861 3792 3914 ὀνο-

2206 3958 2414 4026 μάτων
2437 3955 2640 4010 αὺτῶν
2670 3955 2768 4008 διὰ
2790 3952 3044 4023 χειλέων
3067 3971 3211 4022 μου.
3255 3952 3412 4007 Ἐπεὶ
3444 3946 3536 4008 οὖν
3564 3952 3687 4006 οὐδὲ
3705 3951 3797 4007 διὰ

2211 4048 2436 4118 χειλέων
2492 4047 2744 4116 βούλεται
2802 4045 3114 4116 μεμνῆσθαι
3153 4047 3298 4116 ὑμᾶς
3359 4047 3388 4099 6
3434 4044 3596 4109 Θεὸς,
3650 4043 3797 4106 τίνος

2213 4141 2338 4192 ἐστὲ
2370 4139 2466 4192 τοῦ
2520 4139 2713 4193 λοιποῦ
2767 4139 2933 4204 ἄξιοι,
2965 4137 3266 4201 σκοτεινοὶ,
3322 4139 3418 4191 καὶ
3463 4137 3673 4205 τυφλοὶ,
3699 4137 3799 4190 καὶ

2216 4231 2671 4302 συμπεφυρμένοι
2702 4231 3066 4302 ὑπάρχοντες,
3096 4233 3190 4284 καὶ
3221 4230 3628 4302 ὰμνημόνευτοι
3653 4247 3668 4297 ;

2287 4400 2540 4456 EPBAN.
2581 4403 2695 4456 Οὐκ
2724 4403 2833 4457 ἰδοὺ
2866 4404 2978 4474 (145)
3014 4403 3160 4474 λέγει
3191 4407 3219 4458 6
3259 4406 3576 4479 Προφήτης,
3602 4407 3802 4463 Μακά-

2209 4510 2345 4562 ριος
2385 4489 2456 4550 οὗ
2489 4497 2522 4549 ὀ
2569 4495 2714 4561 Θεὸς
2766 4497 2982 4551 Ἰακὼϐ
3022 4498 3251 4566 ,βοηθὸς
3292 4498 3500 4564 αὑτοῦ,
3550 4499 3590 4565 ἡ
3624 4499 3802 4568 ἐλπὶς

526 4585 647 4642 Non
695 4583 863 4638 etiam
918 4555 1096 4636 δίοδος
1124 4555 1271 4634 dicit
1337 4575 1644 4641 :Peribitis,
1693 4577 1793 4630 nisi
1841 4575 2005 4647 legem
2046 4589 2105 4630 aa

2209 4555 2406 4641 αὑτοῦ
2453 4586 2551 4640 ἐπὶ
2591 4555 2814 4655 Κύριον
2856 4588 2966 4642 τὸν
3219 4555 3333 4644 Dim
3379 4555 3668 4659 “obliget
3705 4555 3803 4645 καὶ

527 4675 792 4732 auxilium
817 4673 1104 4728 habueritis
1123 4672 1176 4724 ‘?
1202 4671 1270 4726 Et
1284 4669 1353 4724 de
1372 4668 1532 4724 vobis
1551 4668 1812 4740 gentibus
1831 4668 2118 4739 subjunxit

526 4770 701 4828 David
739 4788 753 4824 :
791 4767 1060 4830 Peribitis,
1082 4773 1280 4834 gentes,
1322 4763 1386 4816 de
1407 4772 1552 4817 terra
1582 4761 1727 4816 illius
1751 4765 1793 4816 ¹.
1821 4762 1899 4817 Ac
1925 4777 2118 4818 rursus

528 4865 708 4921 Moses
741 4883 754 4919 :
788 4861 940 4928 Quod
977 4877 1105 4933 gens
1139 4858 1420 4914 consilium
1450 4859 1652 4920 amisit,
1681 4874 1774 4911 nec
1793 4859 1849 4912 in
1877 4858 2003 4928 ipsis
2039 4865 2117 4911 est

527 4955 767 5006 scientia.
822 4950 1015 5006 Nonne
1063 4949 1232 5004 etiam
1272 4947 1439 5002 Isaias
1485 4947 1668 5002 dicit:
1711 4947 1789 5002 Ne
1826 4948 2116 5014 exsultetis,

529 5059 708 5097 omnes
761 5042 1078 5112 alienigena:
1120 5058 1138 5095 :
1179 5041 1464 5094 contritum
1506 5040 1645 5093 enim
1687 5048 1763 5093 est
1797 5040 1989 5112 jugum
2020 5055 2122 5094 cce.

529 5136 699 5190 dentis
733 5152 826 5189 nos
853 5135 917 5188 '?
949 5133 1222 5200 Quoniam
1261 5131 1433 5203 igitur
1463 5147 1493 5187 a
1523 5132 1816 5202 prophetis
1841 5133 2118 5190 interdicti

527 5226 664 5283 estis
695 5236 752 5281 et
779 5225 1044 5290 abdicati,
1081 5224 1288 5279 frustra
1328 5224 1638 5291 exsultatis,
1675 5224 1859 5281 inania
1885 5235 1942 5281 et
1978 5242 2116 5282 vana

528 5329 934 5392 exspectantes.

2219 4680 2446 4752 Μωσῆς,
2506 4681 2862 4737 Ἀπολεῖσθε
2906 4685 2956 4736 εὶ
3006 4681 3094 4751 μὴ
3147 4684 3338 4752 νόμον
3385 4685 3475 4750 εἰς
3507 4683 3804 4751 ,βοήθειαν

2211 4771 2498 4838 ἔχοντες;
2541 4772 2648 4826 Καὶ
2690 4773 2818 4842 περὶ
2852 4773 3008 4842 ὑμῶν
3050 4774 3162 4826 τῶν
3193 4773 3364 4827 ὲθνῶν
3401 4774 3658 4846 ἐπήγαγε
3685 4775 3793 4827 Δα-

2219 4859 2336 4922 διδ.
2382 4860 2741 4925 Ἆπολεῖσθε,
2775 4863 2946 4929 ἔθνη,
2977 4864 3046 4918 ἐκ
3091 4863 3204 4933 τῆς
3235 4864 3352 4934 τῆς
3403 4865 3616 4921 αὐτοῦ.
3691 4865 3805 4919 Καὶ

2220 4951 2384 5004 πάλιν
2424 4952 2671 5023 Μωσῆς,
2722 4953 2844 5007 Ὅτι
2894 4953 3069 5020 ἔθνος
3127 4956 3517 5022 ἀπολωλεκὸς
3558 4957 3808 5022 ,ϐουλήν

2221 5043 2374 5103 ἐστι.
2401 5043 2499 5096 καὶ
2531 5045 2643 5097 οὐκ
2674 5044 2847 5097 ἐστιν
2875 5046 2948 5098 ἐν
2974 5047 3180 5113 αὐτοῖς
3205 5047 3529 5119 ἐπιστήμη.
3556 5049 3669 5102 Οὐκ
3693 5047 3805 5100 ἰδοὺ

2235 5133 2468 5197 Ἦσατας
2491 5132 2668 5201 λέγει,
2702 5134 2798 5200 Μὴ
2823 5137 3254 5204 εὐφρανθείητε
3281 5136 3505 5202 πάντες
3536 5139 3591 5192 οι
3619 5138 3808 5191 d116-

2223 5230 2409 5298 φυλοι
2424 5243 2438 5257 ·
2457 5227 2779 5294 συνετρίϐη
2807 5227 2917 5294 γὰρ
2937 5230 2968 5280 ὀ
2991 5227 3165 5296 ζυγὸς
3193 5228 3298 5282 τοῦ
3319 5228 3605 5293 πταίοντος
3625 5225 3805 5297 ἡμᾶς.

2237 5319 2392 5372 Ἐπεὶ
2426 5313 2521 5372 οὖν
2562 5316 2982 5387 ἀπηγορεύθητε
3013 5317 3164 5388 παρὰ
3200 5317 3308 5370 τῶν
3339 5315 3660 5388 προφητῶν,
3697 5315 3808 5385 μά-

2223 5423 2325 5478 την
2359 5403 2662 5476 καυχᾶσθε,
2697 5403 2832 5456 κενὰ
2872 5405 3303 5474 προσδοκῶντες.

601 5501 648 5534 ’⁷
682 5499 826 5556 Psal.
867 5513 1042 5564 CXLVI,
1079 5497 1134 5563 2,
1179 5497 1233 5553 5.
1307 5496 1353 5529 ’⁸
1393 5496 1536 5552 Psal.
1569 5511 1659 5559 xv,
1699 5495 1756 5560 4,
1803 5494 1857 5549 5ο
1934 5499 1980 5532 ⁹⁹
2017 5499 2162 5557 Psal.
2202 5516 2359 5564 chv,
2389 5500 2442 5556 5.
2520 5500 2532 5529 '
2579 5498 2740 5554 Deut.
2777 5513 2888 5559 vm,
2926 5497 3017 5551 20.
3094 5500 3114 5529 ²
3155 5497 3295 5552 Psal.
3324 5496 3468 5558 11.16
3498 5511 3612 5552 sec.
3637 5497 3805 5552 Hebr.

2077 5637 2311 5696 ΝΟΤΑΕ.

531 5572 552 5604 ⁸
601 5572 706 5628 lsa.
759 5575 869 5635 xlv,
901 5569 994 5624 29.

602 5712 713 5782 (45)
740 5712 974 5778 Κύριος.
1025 5709 1334 5782 Cotelerius
1371 5709 1439 5763 ad
1469 5709 1730 5782 Barnaba:
1774 5711 2110 5782 Epist,_cap.

537 5779 621 5850 l2,
652 5779 966 5853 suspicatur
992 5781 1194 5853 Κύριος
1225 5780 1550 5850 impressum
1577 5780 1745 5837 fuisse
1773 5779 1874 5853 pro
1909 5779 2110 5851 Κῦρος.

532 5855 650 5911 Non
678 5849 860 5922 postea
886 5849 1344 5922 misertus-Cyrus,
1379 5859 1485 5922 etc.

605 5873 650 5908 »ιι
715 5872 860 5907 οιιεα
886 5872 1344 5922 misertus-bynu,
1379 5872 1485 5906 CIC.

605 5872 717 5998 (41’)
749 5922 856 5980 Kal
890 5923 1263 5993 ἀπεφήνατο.
1302 5919 1598 5988 Ἐκλείπει,
1636 5923 1759 5976 καθ’
1783 5921 1936 5993 ὑμῶν
1958 5935 1972 5950 °
2014 5923 2107 5975 καὶ

2222 5709 2520 5781 τδμδριον,
2552 5709 2669 5771 καὶ,
2704 5710 2990 5781 παρέλκει.
3028 5709 3236 5781 Gnton.

2295 5779 2407 5849 (45)
2453 5780 2629 5835 Ἰδού.
2653 5779 2817 5836 Forte
2844 5780 2984 5834 ἰδών.
3018 5779 3222 5834 (ἶιιιοκ.
3243 5810 3314 5822 -
3334 5780 3402 5835 At
3431 5779 3566 5834 nihil
3595 5787 3811 5833 mutan-

2216 5850 2354 5974 iléum
2379 5849 2618 5906 videtur.
2657 5851 2747 5908 Sic
2774 5852 2921 5908 enim
2947 5852 3110 5922 paulo
3139 5861 3281 5920 post,
3305 5852 3404 5904 οὐκ
3435 5849 3544 5904 ἰδοὺ
3579 5849 3808 5911 Ἡσαΐας

2277 5936 2385 5974 γει.

2277 5936 2385 5989 γει.
