4094 6544
309 455 414 520 677

1277 451 1732 514 DISPUTATIO
1768 451 1928 513 CUM
1966 451 2333 521 HERBANO
2369 461 2657 524 JUDIEO.

3469 466 3578 532 6'78

379 569 492 622 Καὶ
541 567 584 618 0
629 563 849 618 ΑΓΙΟΣ.
898 563 1126 636 Πρῶτον
1156 563 1491 633 διανάγνωθι
1518 563 1588 618 τὰ
1613 549 1886 634 είρημένα

2061 566 2119 622 S.
2161 571 2372 625 ARCH.
2414 573 2659 628 Primum
2693 572 2957 644 dignosce
2993 587 3060 628 ac
3109 573 3385 641 discerne,
3429 576 3577 634 dicta

306 661 428 715 τίνα
457 656 734 729 δηλοῦσιν,
778 656 884 709 εἷθ’
912 655 1088 720 οὕτως
1129 655 1292 727 ἡμῶν
1335 656 1744 723 καταγίνωσκε.
1777 653 1891 708 Καὶ

306 749 418 820 γάρ
445 749 528 814 τὸ,
558 746 862 814 Μακάριος
892 740 965 800 οὗ
990 747 1023 798 ό
1047 745 1195 811 Θεὸς
1238 745 1468 810 Ἰακὼϐ,
1501 747 1631 815 περὶ
1659 745 1754 798 τοῦ
1789 761 1894 797 πα-

197 897 204 904 ,
305 842 574 913 τριάρχου
609 838 803 894 Ἰακὼὸ
851 838 1091 908 εἴρηται·
1125 839 1222 891 καὶ
1267 839 1335 892 σὺ
1378 839 1526 909 ἐρεῖς
1558 838 1640 890 ὅτι
1673 838 1707 907 ἡ
1736 836 1892 900 ἐλπὶς

307 933 470 1004 ἡμῶν
513 932 607 984 ἐπὶ
640 929 848 1003 Κύριον
881 929 1096 1000 πέφυκε
1119 968 1135 994 ,
1167 929 1310 984 καθὰ
1343 929 1622 999 σημαίνει.
1665 927 1806 997 Ἐγὼ
1834 929 1892 982 δὲ

308 1024 480 1090 λέγω,
511 1017 582 1094 ἦν
612 1021 676 1074 τὸ
707 1021 960 1084 παλαιὸν,
990 1021 1092 1074 οὐκ
1119 1019 1199 1074 ἐτι
1228 1021 1285 1074 δέ
1305 1021 1530 1093 ἀρτίως.
1578 1020 1764 1085 Ἐλπὶς
1784 1019 1894 1090 γὰρ

308 1116 416 1188 ἤδη
457 1115 520 1168 τὸ
565 1113 754 1167 λοιπὸν
795 1114 1076 1168 ἀπόλωλεν
1121 1113 1182 1178 ἐξ
1225 1113 1401 1183 ὑμῶν,
1435 1113 1621 1183 ἐπειδὴ
1653 1115 1897 1185 ἠρνήσαο

315 1207 411 1260 σθε
438 1206 536 1278 τὴν
577 1205 774 1260 ἐλπίδα
821 1203 997 1274 καλήν
1026 1221 1087 1256 τε
1121 1206 1218 1258 καὶ
1260 1204 1434 1268 θείαν,
1470 1205 1536 1274 ἣν
1574 1203 1896 1257 ἀπέστειλεν

313 1301 445 1369 ὑμῖν
473 1300 502 1351 ὁ
528 1297 663 1359 Θεὸς
689 1299 754 1351 ἐκ
781 1297 876 1350 τοῦ
907 1297 1164 1368 οὐρανοῦ.
1197 1297 1336 1367 Περὶ
1376 1296 1434 1349 δέ
1462 1290 1525 1350 οὗ
1558 1295 1782 1365 φάσκει,
1813 1297 1896 1350 ὅτι

324 1390 678 1447 Ἀπολεῖσθε
699 1429 714 1451 ,
742 1389 916 1456 ἔθνη,
942 1390 1011 1442 ἐκ
1042 1387 1154 1458 τῆς
1203 1387 1319 1458 γῆς
1359 1389 1548 1443 αὑτοῦ
1569 1428 1586 1452 ,
1644 1389 1706 1442 οὐ
1767 1388 1900 1459 περὶ

309 1484 472 1555 ἡμῶν
519 1483 668 1550 λέγει
703 1481 867 1535 τοῦτο
895 1481 1121 1547 ἁπλῶς,
1159 1481 1298 1535 ἀλλά
1341 1481 1464 1552 περλ
1498 1481 1652 1552 ὑμῶν
1691 1481 1898 1551 μᾶλλον

311 1577 423 1630 τῶν
465 1574 760 1628 Ἰουδαίων.
817 1574 1039 1644 Ἐπειδὴ
1071 1573 1183 1644 γὰρ
1239 1573 1427 1637 κακῶς
1462 1571 1772 1652 ἐχρήσασθε
1821 1571 1901 1642 τῷ

312 1667 587 1738 δεδομένῳ
626 1668 757 1738 ὑμῖν
807 1667 981 1737 νόμῳ,
1020 1667 1116 1720 καὶ
1157 1666 1392 1737 ἐμίγητε
1426 1668 1541 1728 τοῖς
1574 1664 1776 1726 ἔθνεσι,
1806 1665 1902 1717 καὶ
1959 1671 1962 1676 ’

315 1756 552 1828 ἐμάθετε
579 1756 648 1810 τά
693 1755 835 1826 ἔργα
879 1754 1080 1819 αὐτῶν,
1117 1755 1272 1823 ἔθνη,
1319 1754 1571 1819 ἀσύνετε,
1617 1755 1712 1807 καὶ
1756 1755 1902 1824 ὑμᾶς

315 1849 566 1903 ἐκάλεσε.
608 1849 720 1902 Καὶ
765 1848 1104 1916 ἀπάγγειλον
1145 1849 1209 1919 δή
1264 1866 1354 1918 μοι
1407 1848 1491 1912 τίς
1531 1847 1784 1902 ἀπώλετο
1839 1850 1903 1901 ἐκ

315 1943 416 2012 τῆς
460 1945 566 2012 γῆς
595 1940 786 2004 αὑτοῦ,
828 1943 1014 2012 ἡμεῖς,
1048 1941 1080 2011 ἢ
1120 1940 1282 2011 ὑμεῖς
1309 1981 1323 2005 ,
1362 1941 1410 1992 οί
1454 1939 1773 2010 παραϐάται
1809 1938 1904 1992 καὶ
1937 1919 1980 1974 Β

315 2032 661 2104 ἀρνησίθεοι,
696 2030 877 2094 καθὼς
912 2031 1277 2102 ὑπαγορεύεις
1303 2048 1318 2097 ;
1345 2031 1457 2086 Οὐκ
1490 2030 1600 2083 ἰδοὺ
1633 2033 1690 2083 ἐν
1716 2032 1783 2100 τῇ
1829 2031 1901 2101 γῇ

316 2125 427 2178 τῶν
458 2123 717 2196 πατέρων
747 2122 904 2192 ὑμῶν
937 2123 1032 2176 τοῦ
1053 2123 1213 2194 δεῦρο
1244 2121 1722 2193 ἀναστρεφόμεθα,
1758 2123 1904 2192 ὑμᾶς

317 2217 377 2270 δὲ
428 2217 554 2280 τοὺς
609 2215 962 2286 παρανόμους
1027 2215 1241 2268 διώκων
1287 2215 1565 2280 ἐξεδίωξεν
1622 2215 1827 2282 Κύριος
1877 2215 1906 2267 ὀ

317 2308 449 2370 Θεὸς
489 2307 589 2378 τῆς
619 2307 726 2376 γῆς
771 2305 881 2360 τῶν
927 2307 1099 2360 ἐθνῶν
1123 2348 1138 2374 ,
1175 2307 1335 2360 ἅτινα
1377 2303 1532 2359 εἶπεν
1559 2306 1691 2378 ὑμῖν
1723 2324 1906 2378 παρα-

318 2401 511 2454 δώσειν
544 2398 638 2452 τοῦ
673 2397 1078 2470 ἐξολοθρεῦσαι,
1109 2400 1207 2453 κα).
1235 2400 1464 2470 οἰκῆσαι
1492 2400 1552 2452 ἐν
1603 2401 1670 2470 τῇ
1701 2402 1772 2472 γῇ
1808 2400 1902 2453 αὐ-

319 2495 454 2560 τῶν,
480 2497 574 2548 καὶ
602 2495 705 2548 οὐκ
746 2493 1184 2564 ἐξωλοθρεύσατε
1220 2495 1381 2558 αὐτὰ,
1409 2494 1523 2548 ἀλλ’
1553 2495 1782 2567 ἐμίγητε
1811 2498 1908 2550 αὑ-

319 2592 455 2652 τοῖς,
503 2588 598 2641 καὶ
631 2585 868 2657 ἐμάθετε
921 2587 989 2640 τά
1043 2587 1182 2658 ἔργα
1222 2587 1446 2654 abs-63v;
1478 2588 1747 2643 Τοσοῦτον
1797 2589 1908 2659 γὰρ

321 2677 422 2750 ἦτε
449 2679 810 2750 ταλαίπωροι,
860 2681 943 2733 ὅτι
989 2679 1112 2732 οὐδὲ
1159 2679 1296 2733 ἰδίαν
1320 2683 1424 2751 γῆν
1459 2682 1763 2752 ἐκτήσασθε
1794 2682 1910 2734 πώ-

323 2793 478 2830 ποτε.
513 2775 644 2828 Ἰδοὺ
667 2771 760 2828 οὖν
784 2773 930 2828 κατὰ
956 2773 1017 2826 τὸ
1056 2773 1349 2843 εἰρημένον
1377 2774 1531 2842 παρά
1560 2775 1791 2843 Κυρίου,
1826 2775 1908 2828 ὅτι

326 2864 470 2932 εἶπε,
505 2865 817 2935 Διασπερῶ
865 2864 1112 2931 αὐτοὺς,
1157 2865 1488 2936 διεσπάρητε
1524 2868 1584 2920 ἐν
1630 2868 1765 2920 πᾶσι
1797 2869 1910 2930 τοῖς

325 2959 530 3026 ἔθνεσι,
563 2960 658 3013 καὶ
701 2957 827 3011 ἐστὲ
886 2959 967 3020 είς
1021 2956 1325 3027 ὀνειδισμὸν
1393 2958 1610 3024 ἑαυτοῖς
1656 2959 1752 3012 καὶ
1807 2959 1912 3012 άπ-

326 3049 545 3106 ώλειαν.
572 3050 708 3121 Περὶ
739 3050 798 3104 δέ
828 3043 905 3103 ὧν
919 3049 1217 3120 λελάληκεν
1252 3049 1505 3114 Ἡσαΐας,
1523 3050 1621 3118 Μὴ
1651 3052 1909 3119 εὐφραν-

327 3145 545 3214 θείητε,
573 3143 796 3209 πάντες
830 3145 886 3197 οἱ
909 3142 1254 3212 ἀλλόφυλοι
1278 3181 1293 3206 ,
1337 3143 1467 3213 περ).
1503 3143 1604 3213 τῆς
1632 3141 1912 3206 ἀπωλείας

1993 678 2244 732 quaenam
2295 665 2602 730 declarant,
2631 666 2833 722 deinde
2865 667 2939 720 ita
2963 682 3064 722 nos
3087 668 3414 724 condemns.
3440 669 3577 725 Nam

1995 756 2152 820 illud,
2197 756 2392 812 Beatus
2417 761 2570 830 cujus
2591 759 2731 815 Deus
2749 761 2934 826 Iacob,
2972 761 3040 815 de
3062 761 3378 830 patriarcha
3409 761 3580 817 Jacoh

1994 846 2205 901 dictum
2244 857 2323 903 est
2360 867 2373 902 :
2410 858 2466 904 et
2496 860 2554 904 tu
2589 849 2750 917 dicis,
2795 850 2942 922 quod
2977 867 3105 922 spes
3144 859 3336 907 nostra
3370 853 3426 907 in
3473 853 3582 908 Do-

1995 940 2150 995 mino
2183 942 2297 996 Deo
2325 950 2432 1009 est,
2465 943 2610 998 sicut
2647 944 2941 1015 signilieat.
2987 945 3101 1016 Ego
3127 961 3259 999 vero
3287 945 3434 1010 dico,
3463 955 3582 1002 erat
3685 963 3695 968 ·

1995 1033 2151 1097 olim,
2179 1049 2330 1088 nunc
2352 1042 2537 1089 autem
2569 1036 2805 1105 amplius
2838 1051 2949 1090 non
2975 1046 3081 1092 est.
3107 1037 3243 1091 Nam
3275 1037 3435 1091 vobis
3456 1052 3582 1107 spes

1996 1126 2184 1196 periit,
2213 1127 2521 1196 praesertim
2567 1143 2692 1183 eum
2731 1143 2884 1198 spem
2913 1128 3060 1183 illam
3102 1129 3421 1199 praeclaram
3454 1129 3583 1198 qui-

1996 1217 2122 1273 dem
2143 1228 2202 1274 et
2230 1218 2472 1273 divinam
2499 1236 2662 1290 quam
2697 1221 2918 1276 caelitus
2950 1221 3016 1274 ad
3048 1237 3145 1275 vos
3166 1221 3390 1276 demisit
3417 1222 3581 1284 Deus,

1995 1311 2420 1382 abnegaveritis.
2452 1312 2608 1380 Quod
2637 1325 2821 1368 autem
2853 1319 2950 1380 ait,
2985 1315 3248 1378 Peribitis,
3280 1323 3481 1385 gentes,
3519 1315 3585 1368 de

2001 1415 2143 1458 terra
2177 1404 2342 1466 illius,
2375 1420 2486 1458 non
2517 1405 2586 1459 de
2628 1406 2789 1461 nobis
2819 1407 2924 1460 hoc
2961 1407 3288 1475 simpliciter
3307 1407 3582 1468 enuntiat,

2000 1496 2094 1551 sed
2130 1496 2316 1566 potius
2347 1496 2416 1550 de
2443 1497 2599 1551 vobis
2639 1497 2861 1552 Judazis.
2896 1499 3192 1567 Postquam
3227 1499 3375 1552 enim
3425 1498 3583 1552 vobis

2001 1589 2126 1642 data
2173 1588 2294 1659 lege
2318 1589 2478 1642 abusi
2510 1588 2665 1652 estis,
2701 1598 2756 1643 et
2786 1589 3063 1658 gentibus!
3097 1590 3243 1644 misti
3281 1590 3484 1654 fuistis,
3528 1598 3586 1644 ct

2001 1679 2246 1749 ipsarum
2283 1695 2448 1749 opera
2480 1679 2782 1745 didicistis;
2823 1696 2920 1734 vos
2949 1681 3112 1734 etiam
3149 1689 3358 1750 gentes,
3387 1696 3420 1733 ο
3449 1680 3586 1733 insi-

2002 1772 2185 1842 piens,
2226 1771 2461 1826 vocavit.
2495 1771 2577 1825 Tu
2603 1787 2736 1826 vero
2769 1772 2873 1827 hoc
2905 1773 3041 1826 mihi
3073 1773 3264 1834 dicito,
3299 1773 3406 1826 utri
3431 1787 3461 1828 e
3485 1788 3583 1828 sua

2007 1872 2154 1916 terra
2183 1865 2490 1934 perierunt,
2535 1879 2638 1918 nos
2689 1865 2941 1934 gentiles,
2988 1881 3057 1917 an
3094 1879 3191 1919 vos
3235 1864 3452 1919 Judaai?
3489 1863 3584 1934 qui

2007 1964 2446 2024 transgressores
2494 1969 2560 2009 ac
2613 1954 2886 2017 scelerati,
2923 1955 3076 2024 impii
3111 1967 3166 2008 et
3208 1955 3304 2008 Dei
3351 1953 3587 2022 abnega-

2009 2056 2180 2111 tores,
2236 2046 2377 2101 sicut
2423 2046 2686 2116 loqueris.
2744 2045 2862 2100 Non
2907 2044 2964 2098 in
3021 2054 3166 2099 terra
3225 2054 3442 2114 patrum
3489 2061 3583 2098 ve-

2009 2148 2249 2194 strorum
2303 2155 2608 2203 versamur,
2636 2154 2734 2193 vos
2762 2148 2947 2193 autem
2975 2137 3216 2193 nefarios
3251 2151 3588 2208 persequens

2005 2233 2272 2289 Dominus
2336 2234 2516 2298 Deus,
2577 2248 2608 2287 e
2665 2242 2814 2286 terra
2868 2231 3116 2301 gentium
3165 2230 3588 2286 exterminavit?

2009 2340 2148 2396 quas
2202 2332 2394 2396 gentes
2461 2323 2677 2378 dixerat
2735 2339 2793 2377 se
2852 2321 3020 2378 vobis.
3087 2322 3465 2382 traditurum,
3525 2329 3587 2376 ut

2006 2428 2101 2468 eas
2149 2412 2624 2476 exterminaretis,
2667 2421 2723 2466 et
2771 2412 2824 2466 in
2887 2421 3035 2466 terra
3089 2411 3334 2481 ipsarum
3377 2411 3590 2465 habita-

2008 2504 2165 2565 retis,
2196 2519 2377 2574 neque
2426 2512 2606 2558 tamen
2657 2505 2802 2572 ipsas
2841 2503 3276 2569 exterminastis,
3314 2504 3409 2559 sed
3460 2521 3586 2559 cum

2009 2596 2144 2667 ipsis
2173 2596 2564 2650 commercium
2610 2595 2904 2661 habuistis,
2929 2604 2986 2650 et
3015 2612 3182 2666 opera
3222 2597 3460 2666 ipsarum
3509 2597 3593 2651 di-

2010 2687 2263 2742 dicistis?
2325 2687 2509 2757 Usque
2554 2687 2693 2742 adeo
2739 2688 2890 2743 enim
2950 2688 3132 2743 fuistis
3187 2689 3482 2744 aerumnosi
3535 2701 3591 2745 et

2009 2788 2277 2843 extorres,
2321 2789 2381 2832 ut
2407 2794 2588 2849 neque
2630 2795 2873 2850 unquam
2906 2781 3188 2850 propriam
3230 2790 3434 2836 terram
3467 2799 3593 2852 pos-

2011 2874 2293 2930 sederitis.
2343 2873 2487 2928 Ecce
2538 2873 2706 2944 igitur
2745 2873 3052 2930 secundum
3106 2874 3254 2943 quod
3300 2873 3508 2929 dictum
3561 2891 3591 2929 a

2011 2965 2296 3022 Domino:
2350 2964 2686 3035 Dispergam,
2723 2965 2922 3035 inquit,
2976 2982 3062 3020 eos
3087 2967 3127 3030 ⁸,
3175 2967 3410 3036 dispersi
3459 2968 3595 3021 estis

2014 3056 2161 3111 inter
2205 3070 2402 3110 omnes
2440 3064 2654 3126 gentes,
2707 3065 2763 3108 et
2805 3055 2941 3110 estis
2974 3056 3028 3111 in
3065 3056 3427 3126 opprobrium
3462 3055 3594 3126 ipsis

2011 3159 2068 3205 et
2091 3150 2144 3204 in
2169 3149 2476 3204 interitum.
2501 3149 2575 3203 De
2604 3149 2808 3218 quibus
2829 3159 3014 3204 autem
3040 3150 3256 3204 locutus
3282 3157 3365 3204 est
3391 3149 3594 3204 Isaias:

326 3236 439 3290 τῶν
479 3237 784 3308 Ἀσσυρίων
837 3235 1222 3308 προφητεύων,
1257 3236 1384 3292 τάδε
1433 3236 1675 3308 ⁴ᾐνίξατο.
1707 3239 1906 3292 Karlo-

2012 3241 2091 3298 Ne
2124 3242 2396 3306 la'temini,
2420 3257 2597 3295 omnes
2629 3241 2942 3312 alienigeme
2971 3241 3038 3292 '?
3068 3241 3135 3295 de
3168 3241 3395 3295 interitu
3430 3243 3596 3309 Assy-

326 3326 474 3401 τέρω
504 3329 611 3400 γὰρ
637 3327 896 3399 ἐμφαίνει
932 3327 1063 3398 περὶ
1108 3327 1312 3381 αὐτοῦ’
1353 3329 1458 3382 ’ον
1504 3331 1732 3397 τρόπον
1776 3327 1907 3401 γὰρ,

329 3422 486 3492 φησὶ,
509 3420 935 3488 βεϐούλευμαι,
966 3419 1122 3472 οὕτω
1148 3418 1340 3488 μενεῖ,
1367 3420 1476 3474 τοῦ
1515 3420 1817 3475 ἀπολέσαι
1833 3438 1912 3490 με

329 3511 480 3576 τοὺς.
507 3512 873 3579 Ἀσσυρίους
895 3511 1012 3564 ἀπὸ
1055 3508 1166 3578 τῆς
1189 3508 1302 3579 γῆς
1325 3509 1496 3580 ἐμῆς.
1521 3513 1619 3565 καί
1653 3511 1773 3566 ἀπὸ
1795 3509 1914 3566 τῶν

330 3603 518 3671 ὀρέων
536 3620 676 3672 μου,
716 3603 814 3656 καί
847 3602 1096 3656 ἔσονται
1125 3604 1214 3669 είς
1257 3603 1672 3673 καταπάτημα.

405 3696 472 3746 Τί
505 3691 598 3748 οὖν
635 3713 718 3748 σοι
747 3696 897 3748 δοκεῖ
942 3695 1081 3766 πρὸς
1111 3693 1326 3760 ταῦτα;

403 3786 651 3839 ΕΡΒΛΝ.
683 3784 827 3856 Πρὸς
856 3785 1234 3856 σπερμολόγον
1267 3785 1435 3855 ἄνδρα
1459 3785 1544 3848 τίς
1563 3785 1746 3849 ἱκανὸς
1773 3787 1913 3858 χρή-

332 3879 536 3932 σασθαι
591 3879 863 3949 ρήμασινς
926 3878 1066 3929 “Usa
1117 3878 1228 3948 γὰρ
1278 3877 1345 3931 ἂν
1392 3877 1629 3949 ἐροῦμεν
1662 3879 1800 3949 πρὸς
1830 3879 1912 3947 σὲ,

331 3971 514 4025 πάντα
543 3971 876 4034 διαϐάλλεις.
902 3970 966 4023 Τί
1004 3966 1097 4024 οὖν
1129 3972 1157 4024 ὁ
1196 3971 1485 4042 προφήτης
1521 3974 1795 4044 Ζαχαρίας
1822 3973 1912 4025 λέ-

331 4082 420 4134 γει
454 4065 529 4128 ὼς
556 4067 621 4118 ἐκ
655 4063 952 4136 προσώπου
994 4063 1239 4132 Κυρίου;
1291 4063 1438 4119 Ἰδοὺ
1468 4063 1584 4134 ἐγὼ
1619 4062 1780 4125 σώζω
1811 4066 1916 4119 τὸν

332 4159 490 4212 λαόν
513 4176 627 4226 μου
649 4158 766 4213 ἀπὸ
783 4156 899 4227 γῆς
929 4156 1269 4212 Ἀνατολῶν
1290 4157 1426 4228 (46),
1448 4157 1545 4211 καί
1567 4158 1790 4222 εἰσάξω
1812 4161 1918 4213 αὺ-

332 4251 573 4321 τὸν,(47)
600 4249 708 4322 [είς
730 4249 984 4320 τὴν-λινῆν
1003 4248 1250 4321 αὐτῶν,]
1279 4249 1377 4303 καὶ
1405 4250 1916 4318 κατασκηνώσουο

2014 3334 2222 3388 riorum
2249 3332 2578 3396 vaticinans,
2599 3331 2716 3387 hate
2738 3332 3046 3386 velamento
3078 3331 3316 3402 quodam
3344 3331 3593 3400 protulit.

2012 3425 2184 3482 Paulo
2216 3433 2340 3496 post
2367 3424 2514 3479 enim
2549 3423 2618 3480 de
2649 3423 2767 3494 ipso
2797 3423 3040 3478 ostendit
3071 3441 3082 3476 :
3118 3421 3593 3488 Quemadmodum,

2014 3521 2214 3591 inquit,
2252 3517 2558 3581 deliberavi,
2589 3517 2664 3570 sic
2696 3515 3018 3587 permanebit
3048 3532 3066 3569 :
3098 3517 3316 3586 perdere
3345 3515 3596 3568 nimirum

2013 3614 2253 3684 Assyrios
2298 3629 2324 3665 e
2355 3621 2503 3664 terra
2534 3625 2652 3663 mea
2709 3617 2760 3662 et
2807 3626 2839 3662 a
2874 3607 3134 3661 montibus
3169 3607 3336 3660 meis:
3368 3615 3413 3658 et
3442 3613 3596 3658 erunt

2012 3706 2067 3758 in
2091 3700 2598 3758 conculcationem'.
2616 3698 2759 3766 Quid
2804 3697 2972 3768 igitur
2999 3695 3095 3750 tihi
3120 3696 3340 3749 videtur
3356 3695 3421 3748 ad
3445 3694 3598 3748 lucc?

2085 3795 2293 3851 HERB.
2336 3794 2616 3848 Adversus
2645 3791 2939 3846 verborqu
2976 3788 3372 3843 funditatnrem
3401 3795 3457 3842 et
3480 3786 3600 3841 hla-

2016 3898 2291 3949 teronem,
2332 3886 2460 3956 quis
2507 3885 2564 3938 in
2603 3881 2991 3954 respondendo
3024 3879 3159 3934 satis
3195 3879 3428 3932 idoneus
3475 3893 3598 3932 esse

2015 3982 2221 4054 queat?
2257 3980 2612 4048 Quaecunque
2635 3975 2784 4031 enim
2812 3984 3005 4030 contra
3029 3979 3081 4026 te
3101 3971 3359 4033 dicimus,
3386 3969 3599 4024 calum-

2016 4074 2188 4129 niaris
2211 4072 2418 4128 omnia.
2441 4069 2583 4137 Quid
2620 4069 2792 4139 igitur
2830 4066 3100 4137 prepheta
3134 4062 3432 4118 Zacharias
3467 4061 3599 4117 dicit

2019 4175 2280 4236 tanquam
2315 4182 2344 4218 ε
2382 4177 2617 4233 persona
2653 4158 2911 4214 Domini?
2939 4157 3072 4211 Ecce
3108 4173 3200 4228 ego
3229 4155 3436 4209 salvum
3463 4155 3600 4225 facio

2019 4257 2276 4329 papulum
2297 4272 2472 4310 meum
2495 4273 2525 4309 a
2566 4262 2707 4307 terra
2735 4249 2986 4305 orientali
3017 4251 3086 4319 (et
3116 4248 3178 4301 de
3211 4257 3356 4301 terra
3383 4262 3600 4300 occasus

333 4361 441 4398 σιν
461 4346 572 4415 (48)
590 4344 846 4412 ἐνμέσῳ
879 4343 1292 4413 Ἰερουσαλὴμ,
1323 4343 1419 4396 καὶ
1447 4343 1697 4398 ἔσονταί
1717 4347 1908 4412 μοιεις

2017 4349 2188 4416 solis),
2221 4358 2270 4401 et
2297 4347 2557 4401 adducam
2593 4361 2677 4398 eos
2723 4345 2798 4413 (in
2830 4351 3030 4395 terram
3066 4340 3265 4410 suam),
3298 4346 3347 4392 et
3381 4338 3599 4392 habita-

334 4436 512 4501 λαὸν,
547 4435 711 4505 κάγὼ
748 4437 966 4505 ἔσομαι
1016 4437 1222 4501 αὐτοῖς
1253 4437 1340 4500 εἰς
1385 4435 1535 4490 Θεὸν
1569 4436 1639 4488 ἐν
1668 4437 1908 4505 ἀληθείᾳ

2018 4443 2148 4496 bunt
2181 4443 2236 4495 in
2256 4440 2425 4494 medio
2452 4436 2751 4492 Jerusalem
2773 4452 2789 4488 :
2813 4445 2860 4488 et
2891 4441 3042 4487 erunt
3094 4433 3220 4486 mihi
3242 4432 3296 4485 in
3325 4429 3598 4501 populum,

342 4527 436 4582 καί
459 4527 834 4597 δικαιοσύνῃ.
862 4529 971 4582 Καὶ
996 4527 1135 4598 μετά
1157 4544 1310 4581 τινα·
1336 4528 1446 4582 Kal
1473 4529 1666 4593 ἔσται,
1690 4529 1763 4582 ὃν
1783 4529 1908 4597 τρό-

2020 4541 2070 4586 et
2121 4548 2215 4604 ego
2249 4547 2335 4586 ero
2375 4530 2505 4600 ipsis
2529 4530 2585 4582 in
2618 4528 2783 4580 Deum
2809 4528 2864 4580 in
2905 4527 3126 4580 veritate
3150 4533 3199 4578 et
3213 4525 3428 4595 justitia
3459 4524 3500 4578 ⁷.
3533 4523 3602 4576 Ει

338 4635 460 4672 πον
500 4615 604 4688 ἦτε
649 4619 721 4673 ἐν
766 4619 994 4691 κατάρᾳ
1037 4619 1148 4690 (49)
1197 4621 1268 4673 ἐν
1309 4619 1435 4686 τοῖς
1477 4619 1722 4675 ἔθνεσιν
1753 4618 1908 4688 οἶκος

2026 4632 2215 4694 postea
2243 4641 2256 4677 ε
2297 4631 2346 4676 et
2388 4623 2510 4684 erit,
2548 4621 2683 4673 sicut
2716 4619 2878 4671 eratis
2910 4615 3205 4670 maledictio
3239 4616 3294 4669 in
3341 4614 3600 4686 gentibus,

355 4711 539 4767 Ἰούδα
571 4713 669 4767 καὶ
715 4709 882 4780 οἶκος
936 4713 1197 4782 Ἰσραὴλ,
1241 4714 1396 4768 οὕτω
1431 4712 1712 4768 διασώσω
1739 4713 1908 4783 ὑμᾶς,

2030 4717 2215 4770 domus
2254 4714 2417 4777 Iuda,
2460 4721 2508 4766 et
2545 4713 2729 4765 domus
2775 4709 2979 4774 Israel;
3021 4710 3095 4762 sic
3136 4706 3452 4762 conservabo
3487 4721 3602 4766 vos,

340 4804 441 4859 καί
468 4804 688 4860 ἔσεσθε
718 4806 808 4872 είς
834 4806 1126 4876 εὐλογίαν
1151 4804 1287 4876 (50).
1320 4805 1606 4875 Θαρσεῖτε
1631 4805 1730 4860 καὶ
1786 4823 1902 4860 κατ

2025 4816 2074 4861 et
2110 4809 2257 4860 eritis
2296 4807 2604 4860 benedictio.
2634 4801 2894 4871 Conﬁdite
2933 4812 2980 4856 et
3006 4799 3290 4872 prwualete
3340 4801 3393 4852 in
3431 4797 3608 4852 mani-

346 4898 591 4967 ισχύετε
634 4897 704 4951 ἐν
730 4899 862 4966 ταῖς
897 4898 1118 4968 χερσίν
1167 4897 1356 4968 ὑμῶν,
1403 4898 1557 4953 διότι
1589 4899 1733 4954 τάδε
1761 4899 1908 4970 λέγε

2025 4900 2118 4955 bus
2143 4900 2352 4962 uestris,
2377 4914 2434 4950 eo
2473 4898 2613 4968 quod
2643 4899 2753 4950 hate
2777 4895 2901 4948 dicit
2929 4895 3182 4949 Dominus
3205 4910 3222 4946 :
3251 4892 3608 4958 Quemadmo-

341 4989 576 5056 Κύριος·
615 4983 960 5058 Ὃντρόὲτον
983 4988 1305 5058 διενοήθην
1331 4989 1440 5043 τοῦ
1472 4989 1740 5045 κακῶσαι
1769 4992 1908 5062 ὑμᾶς

2026 4994 2151 5046 dum
2183 4992 2342 5062 621
2391 4991 2615 5061 cogitavi
2657 4987 2815 5042 malis
2846 5004 2933 5041 vos
2971 4987 3221 5057 afﬂigere,
3273 5002 3390 5039 cum
3428 4995 3606 5054 patres

340 5081 413 5133 ἐν
438 5079 517 5146 τῷ
534 5083 891 5152 παροργίσαι
925 5098 995 5147 με
1027 5081 1171 5148 τοὺς
1207 5081 1472 5150 πατέρας
1506 5082 1694 5152 ὑμῶν,
1723 5084 1820 5137 καὶ
1849 5087 1908 5138 οἱ

2027 5085 2186 5140 vestri
2245 5100 2325 5136 me
2364 5083 2433 5136 ad
2485 5080 2822 5135 iracundiam
2876 5087 3284 5148 provocassent,_
3315 5093 3480 5148 neque
3521 5093 3608 5132 eos

411 5283 432 5314 ‘
468 5282 671 5338 .lerem.
706 5300 798 5350 xv,
828 5285 882 5338 7.
958 5285 979 5316 ⁸
1021 5285 1123 5340 lsa.
1171 5302 1280 5350 xw,
1328 5287 1420 5340 29.
1497 5287 1518 5317 °
1557 5286 1692 5342 iliid.
1732 5286 1822 5352 24,
1853 5289 1908 5344 QE

2006 5291 2038 5321 ⁴¹
2081 5290 2245 5344 'I.ach.
2284 5306 2396 5353 \‘lll,
2424 5291 2474 5353 7,
2505 5288 2559 5342 8.

1881 5467 2110 5525 NOTAE.

377 5577 530 5659 .(46)
578 5578 724 5632 ’Λπὸ
749 5578 874 5703 ἐσῆς
915 5581 1252 5637 ἀνατολῶν.
1290 5585 1496 5640 Desunt
1520 5583 1660 5651 haec,
1697 5584 1789 5638 καὶ
1819 5585 1908 5638 ἀπε

377 5665 444 5703 τις
473 5648 708 5703 δυσμῶν.
799 5667 955 5703 mox.

2105 5589 2212 5658 (49)
2259 5589 2361 5642 Ἐν
2391 5589 2635 5658 κατάρᾳ.
2689 5590 2780 5645 Sic
2817 5590 2984 5645 LXX.
3026 5589 3134 5646 Sed
3163 5588 3308 5644 forte
3339 5588 3446 5666 leg.
3479 5602 3608 5642 cum

2032 5657 2186 5703 vnlg.
2221 5660 2430 5703 ηιιςηιιρ
2469 5664 2526 5703 ἐν
2591 5661 2822 5703 “eam
2859 5662 2928 5703 In,

333 5657 1040 5800 γηῖὲἷσῗιξέονίῗωὲἕιίίδε
1092 5722 1311 5787 αὐτούς.
1369 5722 1666 5794 chuentia
1712 5725 1908 5778 ineius:

2032 5657 2430 5730 Vulg.’al)sque
2469 5657 2547 5726 ἐν,
2591 5661 2825 5728 κατάρα.
2857 5662 2932 5716 lo.
3374 5660 3378 5666 ’

2076 5729 2207 5800 ,(50)
2237 5734 2338 5794 Εἰς
2366 5732 2667 5800 εὐλογίαν.
2706 5733 2967 5786 Rescribe
3019 5747 3143 5785 cum
3173 5728 3338 5792 LXX,
3369 5729 3608 5800 breuio-

335 5789 691 5872 non-(suntin
724 5799 895 5844 textu.
923 5791 1009 5872 ιο.
1220 5863 1240 5872 _
1459 5789 1473 5794 ⁷
1507 5864 1520 5872 .

2025 5789 2339 5872 75;:[70rlé
2379 5801 2468 5856 hic
2511 5789 2730 5872 quoque
2782 5801 3074 5871 legendum
3123 5789 3361 5871 εὐλογίᾳ,
3399 5799 3610 5870 alisque.

406 5856 520 5926 (48)
567 5861 1194 5935 ’Κατα-σκηνώσουσιν.
1220 5863 1350 5935 Leg.
1409 5872 1469 5918 ut
1507 5864 1562 5918 in
1626 5873 1777 5920 textu
1819 5885 1908 5922 κα-

2026 5856 2106 5922 ἐνῗ
2139 5869 2213 5924 lo.
2531 5856 2543 5872 '
2643 5856 2655 5872 '
2837 5856 2865 5871 ⁹
2979 5895 2986 5900 ·

333 5927 696 5998 τασκηνώσω.
731 5929 805 5984 In.
