4094 6542
489 427 596 492 679

1455 425 1516 485 S.
1545 422 1971 485 GREGENTII
2011 421 2248 483 EPISli.
2291 422 2828 484 TAPIIARENSIS

3653 425 3764 492 680

489 541 735 617 ρωηιιυῑι
766 557 786 598 :
809 542 886 597 sic
917 544 1082 598 statui
1129 552 1176 598 ct
1209 542 1434 615 cogitavi
1469 543 1525 596 in
1553 544 1634 597 his
1667 542 1868 604 diebus,
1903 540 2074 596 Israel

2178 541 2556 610 μετενόησαν
2589 539 2724 610 (51),
2759 539 2915 592 οὕτω
2949 539 3395 610 παρατέταγμαι
3428 539 3526 595 καὶ
3571 542 3766 598 Glare-

489 635 797 706 benefacere
824 637 880 690 in
913 636 1069 691 domo
1099 636 1274 692 Judaz.
1313 635 1596 705 Conﬁdite,
1628 637 1683 690 hi
1712 645 1837 689 sunt
1871 651 2073 688 sermo-

491 744 581 783 nes
629 726 727 782 Dei
748 729 790 783 '.
827 728 968 796 Quid
1016 729 1185 801 igitur
1212 729 1364 784 dices
1409 727 1479 783 ad
1513 728 1664 794 hac,
1715 743 1750 782 0
1791 727 2071 798 archiepi-

492 836 660 892 scope
681 822 705 875 ?

565 1003 625 1058 S.
657 1001 860 1059 ARCll.
900 1003 1110 1056 Revera
1137 1001 1254 1057 hac
1283 1001 1551 1072 propheta
1596 1001 1933 1056 vaticinatus
1963 1007 2071 1064 est,

493 1107 551 1152 et
575 1097 658 1152 bis
687 1104 880 1164 terque
914 1109 945 1148 a
975 1094 1240 1165 gentibus
1279 1093 1525 1149 revocati
1572 1094 1730 1157 estis,
1755 1101 1813 1148 et
1845 1093 2073 1148 Jerusa-

495 1189 602 1244 lem
627 1186 936 1256 recepistis,
971 1195 1028 1240 et
1051 1186 1120 1240 ad
1145 1185 1369 1256 aliquod
1394 1200 1570 1256 usque
1619 1194 1837 1256 tempus
1867 1183 2074 1255 perdu-

494 1289 683 1335 rantes
715 1277 770 1332 in
804 1277 1328 1333 benedictionibus:
1356 1277 1556 1332 deinde
1595 1277 1650 1332 in
1701 1277 2074 1347 direptionem

495 1382 551 1430 et
580 1371 820 1443 prmdam
856 1370 1043 1426 traditi
1070 1370 1275 1436 fuistis,
1308 1378 1366 1425 et
1401 1371 1456 1426 in
1492 1371 1877 1441 depastionem
1905 1378 2076 1440 atque

497 1465 552 1519 in
581 1465 1020 1520 exsecrationem
1051 1464 1331 1534 gentibus,
1355 1465 1448 1533 qui
1493 1465 1736 1535 graviter
1780 1464 2072 1534 peccastis.

496 1556 619 1612 Non
651 1556 819 1626 igitur
860 1557 1025 1626 paulo
1046 1567 1173 1611 ante
1209 1557 1306 1610 tibi
1331 1557 1676 1620 enumeravi,
1731 1557 1953 1627 quoties
1981 1572 2076 1611 ca-

496 1649 684 1720 ptivus
713 1648 912 1703 ductus
936 1658 1022 1704 est
1047 1649 1236 1713 Israel,
1261 1660 1319 1704 et
1345 1650 1566 1719 quoties
1597 1650 1842 1704 revocati
1873 1649 2080 1705 fuistis?

497 1741 616 1797 Non
655 1741 894 1811 amplius
926 1740 981 1794 in
1011 1742 1297 1806 saxulum,
1323 1742 1550 1796 nonne?
1580 1741 1685 1795 nisi
1727 1741 1949 1811 quando
1981 1740 2079 1795 Sa-

500 1842 656 1888 tanas
716 1842 774 1888 et
813 1833 1191 1888 Antichristus
1229 1834 1282 1886 in
1331 1833 1601 1888 mundum
1652 1834 1893 1887 venerit.
1940 1833 2075 1888 Nam

503 1923 782 1996 reprobati
806 1925 962 1988 estis,
992 1940 1057 1980 ac
1084 1926 1246 1995 plane
1279 1925 1506 1980 inutiles
1533 1925 1767 1980 inventi.
1796 1924 1954 1990 Quod
1983 1940 2080 1979 vo-

501 2017 649 2072 cavit
681 2017 827 2072 Deus
864 2025 1058 2087 gentes
1097 2033 1198 2087 pro
1251 2017 1426 2082 vobis,
1477 2018 1606 2072 audi
1638 2018 1834 2072 Isaiam
1885 2018 1965 2074 sic
1995 2019 2079 2073 lo-

499 2117 762 2178 qnentem
793 2125 808 2163 :
839 2108 963 2163 Haec
989 2109 1114 2163 dicit
1143 2109 1398 2164 Dominus
1421 2112 1780 2179 omnipotens:
1819 2109 1971 2176 Quod
1994 2127 2082 2164 ve—

504 2199 648 2253 nient
666 2198 848 2269 paputi
871 2198 1022 2252 multi
1073 2199 1401 2267 wdiﬁcantes
1453 2202 1690 2254 civitates
1742 2199 1975 2265 multas,
2029 2209 2081 2254 et

505 2293 810 2346 convenient
841 2292 896 2344 in
938 2308 1103 2346 unam
1129 2294 1393 2346 civitatem
1424 2292 1690 2348 dicentes:
1723 2293 1922 2348 Eamus
1952 2309 2084 2346 eun-

505 2392 582 2439 tes
614 2391 823 2438 oratum
840 2384 1029 2454 faciem
1058 2383 1268 2438 Domini
1291 2387 1664 2456 omnipotentis
1691 2387 1734 2439 ’.
1756 2386 1922 2442 Vides
1944 2401 2082 2457 quo-

505 2475 671 2530 modo
700 2475 945 2546 gentium
983 2475 1053 2530 ad
1109 2475 1282 2532 Deum
1336 2476 1605 2547 impetum
1657 2488 1716 2532 et
1746 2492 2078 2533 concursum

497 2567 667 2624 Isaias
716 2567 1008 2636 propheta,
1065 2565 1178 2622 imo
1222 2583 1357 2624 vero
1406 2567 1552 2624 Deus
1607 2569 1748 2638 ipse,
1780 2567 2076 2639 praedixit:

501 2659 739 2724 Venient,
775 2657 976 2728 inquit,
1006 2659 1188 2731 papuli
1243 2659 1398 2714 multi
1452 2667 1502 2713 et
1553 2669 1730 2730 gentes
1775 2660 1956 2714 multae
2009 2661 2080 2714 ad

497 2751 873 2822 inquirendum
895 2751 1087 2821 faciem
1105 2751 1321 2806 Domini
1342 2755 1716 2823 omnipotentis
1736 2753 1800 2807 ‘°.
1838 2752 1981 2819 Quid
2005 2753 2076 2809 ad

501 2845 619 2900 hac
646 2844 747 2899 tibi
771 2843 1222 2914 respondendum
1251 2860 1373 2900 esse
1397 2847 1633 2901 censes?

572 2937 1057 2994 HERB.Michmas
1106 2938 1376 3008 propheta
1405 2938 1581 2993 dixit:
1629 2938 1695 2994 In
1747 2939 1923 2993 diebus
1944 2938 2076 3003 illis,

499 3031 625 3085 dicit
669 3029 947 3094 Dominus,
995 3031 1319 3100 congregabo
1363 3032 1669 3095 contritam,
1720 3038 1770 3084 et
1817 3031 2079 3102 abjectam

497 3124 804 3194 suscipiam.
831 3122 898 3176 Et
924 3139 1051 3192 quos
1108 3123 1276 3192 abjeci
1321 3123 1535 3188 vocabo,
1560 3131 1614 3176 et
1644 3140 1841 3195 ponam
1883 3124 2080 3178 contri-

2173 633 2396 703 νόημαι
2416 632 2488 685 ἐν
2506 633 2639 698 ταῖς
2652 630 2900 701 ἡμέραις
2925 633 3189 700 ταύταις,
3223 632 3333 686 τοῦ
3369 633 3572 701 καλῶς
3597 634 3767 705 ποιῆ-

2173 742 2279 779 σαι
2329 727 2438 779 τὸν
2483 726 2726 795 Ἰσραὴλ
2775 726 2847 779 ἐν
2883 724 2966 792 τῷ
3003 726 3151 794 οἴκῳ
3201 726 3419 782 Ἰούδα.
3453 728 3788 796 Θαρσεῖτε..

2174 812 2342 873 οὗτοι
2373 819 2428 872 ol
2447 818 2620 886 λόγοι
2648 815 2757 872 τοῦ
2788 815 2939 870 Θεοῦ
2979 815 3114 888 (52).
3164 818 3228 872 Τί
3270 812 3386 873 οὖν
3418 817 3578 886 ἐρεῖς
3607 819 3766 888 πρὸς

2173 908 2384 972 ταῦτα,
2421 904 2470 963 ὦ
2508 908 2988 978 ἀρχιεπΙσκοπε;

2247 1003 2359 1055 Καὶ
2383 1003 2424 1055 0
2449 1001 2670 1054 ᾹΓΙΟΣ.
2724 1001 2814 1053 Ἐν
2837 999 3068 1073 ἀληθείᾳ
3087 999 3263 1054 ταῦτα
3283 1001 3312 1054 6
3333 1002 3623 1073 προφήτης
3646 1003 3770 1073 ῂνί·

2177 1097 2308 1163 ξατο
2326 1136 2342 1159 ,
2398 1096 2496 1150 καὶ
2525 1096 2608 1160 δὶς
2642 1096 2736 1149 καὶ
2761 1095 2880 1163 τρὶς
2917 1093 3256 1166 ἀνεκλήθητε
3287 1093 3398 1147 ἀπὸ
3424 1093 3534 1146 τῶν
3563 1093 3766 1156 ὲθνῶν,

2177 1190 2274 1243 καὶ
2323 1190 2426 1260 τὴν
2469 1187 2830 1260 Ἰερουσαλὴμ
2869 1185 3215 1255 ἀπελάϐετε,
3269 1188 3364 1240 καὶ
3410 1185 3575 1258 μέχρι
3616 1187 3767 1249 τινὸς

2178 1279 2236 1331 ὲν
2279 1277 2557 1346 εὐλογίαις
2604 1277 3186 1350 διαρκέσαντες(53)’
3245 1277 3436 1331 ἔπειτα
3482 1280 3562 1341 εἰς
3603 1278 3765 1348 διαρ-

2179 1370 2362 1442 παγὴν
2407 1369 2749 1442 παρεδόθητε
2797 1371 2894 1423 καὶ
2924 1371 3005 1434 εἰς
3031 1371 3317 1442 προνομὴν
3336 1410 3351 1434 ,
3404 1371 3485 1434 εἰς
3515 1371 3765 1444 κατάραν

2176 1465 2295 1526 τοῖς
2354 1461 2568 1516 ἔθνεσιν
2630 1460 3141 1533 ὲξαμαρτήσαντες.
3230 1461 3442 1515 οὐκοῦν
3501 1463 3766 1535 ἀνωτέρω

2178 1555 2281 1609 οὐκ
2305 1554 2680 1627 ἀπηρίθμησά
2705 1571 2788 1607 σοι
2805 1556 3040 1618 ποσάκις
3066 1553 3492 1625 ᾐχμαλώτευται
3523 1555 3762 1627 Ἰσραὴλ,

2179 1649 2274 1701 καὶ
2326 1648 2562 1711 ποσάκις
2607 1647 2983 1718 ἀνεκλήθητε;
3048 1647 3248 1701 Οὐκέτι
3301 1650 3382 1710 εὶς
3431 1649 3524 1702 τὸν
3563 1649 3761 1716 αἰῶνα,

2180 1738 2376 1794 οὔκουν
2398 1755 2412 1770 ⁸
2475 1741 2525 1793 εἰ
2567 1739 2641 1811 μὴ
2687 1739 2892 1794 ὁπόταν
2921 1739 3307 1812 παραγένηται
3336 1743 3364 1794 6
3387 1741 3634 1805 Σατανᾶς
3666 1743 3765 1794 καὶ

2194 1832 2570 1904 Ἀντίχριστος
2603 1835 2683 1896 εἰς
2713 1833 2806 1886 τὸν
2830 1833 3058 1904 κόσμον.
3097 1833 3603 1905 Ἀπεδοκιμάσθητε
3627 1834 3762 1906 γὰρ,

2184 1926 2280 1978 καὶ
2305 1925 2570 1998 εὑρέθητε
2587 1926 2818 1988 τελείως
2844 1924 3166 1994 ἀνωφελεῖς,
3195 1926 3279 1979 ὅτι
3301 1926 3561 1980 ἐκάλεσεν
3581 1927 3610 1979 6
3627 1926 3764 1990 Θεὸς

2180 2016 2251 2070 τὰ
2291 2015 2420 2088 ἔθνη
2463 2017 2586 2071 ἀντὶ
2619 2018 2794 2086 ὑμῶν.
2856 2019 2968 2073 Kal.
3005 2019 3238 2073 ἄκουσον
3267 2019 3362 2072 τοῦ
3397 2019 3622 2072 Ἡσαΐου
3644 2020 3760 2090 (54)

2183 2110 2468 2178 λέγοντος’
2512 2111 2659 2167 Τάδε
2701 2111 2865 2182 λέγει
2899 2112 3114 2182 Κύριος
3139 2113 3596 2183 παντοκράτωρο
3633 2116 3765 2168 Ὀτι

2183 2202 2405 2271 ἥξουσι
2421 2203 2557 2258 λαοὶ
2574 2204 2790 2258 πολλοὶ
2801 2245 2816 2269 ,
2835 2205 3258 2271 κατοικοῦντες
3273 2206 3481 2272 πόλεις
3496 2206 3761 2273 πολλάς·

2180 2294 2281 2348 καὶ
2308 2297 2789 2350 συνελεύσονται
2809 2296 2920 2370 (55)
2949 2299 3036 2363 εις
3055 2296 3205 2366 μίαν
3227 2299 3432 2362 πόλιν,
3449 2296 3754 2368 λέγοντες,

2180 2387 2572 2458 Πορευθῶμεν
2618 2389 3012 2458 πορευόμενοι
3030 2429 3046 2452 ,
3098 2385 3385 2455 δεηθῆναι
3432 2388 3766 2456 πρόσωπον

2181 2480 2403 2547 Κυρίου
2449 2479 2955 2548 παντοκράτορος.
3019 2479 3249 2542 Βλέπεις
3300 2479 3447 2542 ὅπως
3490 2480 3630 2552 πρὸς
3668 2481 3764 2535 τὸν

2179 2573 2313 2626 Θεὸν
2352 2574 2454 2644 τὴν
2483 2573 2661 2645 ὁρμὴν
2689 2574 2800 2627 τῶν
2831 2574 3003 2627 ἐθνῶν
3033 2577 3296 2642 προεῖπεν
3325 2573 3585 2637 Ἡσαΐας,
3625 2572 3765 2642 μᾶλ-

2178 2665 2270 2718 λον
2297 2666 2353 2718 δὲ
2382 2667 2411 2719 6
2433 2665 2590 2726 Θεὸς⁹
2615 2665 2886 2730 Ἦξουσι,
2915 2667 3070 2734 φησὶ,
3092 2666 3228 2719 .1aol
3253 2665 3476 2720 πολλοι
3495 2665 3592 2719 καί
3615 2666 3762 2735 ἔθνη

2179 2759 2403 2825 πολλὰ,
2418 2756 2738 2826 ἐπιζητῆσαι
2759 2759 2824 2812 τὸ
2847 2760 3175 2827 πρόσωπον
3191 2759 3413 2826 Κυρίου
3433 2758 3765 2827 παντοκρὰ-

2177 2867 2372 2918 τορος.
2411 2851 2477 2903 Τί
2504 2846 2598 2905 οὖν
2624 2852 2773 2904 δοκεῖ
2802 2869 2884 2905 σοι
2917 2851 3054 2923 πρὸς
3075 2850 3280 2918 ταῦτας

2249 2943 2500 2998 ΕΡΒΑΝ.
2560 2943 2802 3014 Μιχαίας
2841 2945 2870 2998 6
2908 2945 3200 3015 προφήτης
3247 2939 3436 2997 εἴπεν·
3498 2945 3606 2998 Ἐν
3631 2942 3765 3010 ταῖς

2178 3035 2427 3105 ἡμέραις
2450 3037 2729 3103 ἐκείναις,
2746 3035 2908 3108 λέγει
2930 3039 3143 3105 Κύριος
3159 3053 3175 3069 ο
3197 3038 3447 3102 Συνάξω
3472 3037 3589 3105 τὴν
3609 3055 3765 3094 συν-

2177 3129 2613 3200 τετριμμένην,
2671 3130 2770 3183 καὶ
2817 3130 2933 3196 τὴν
2978 3131 3352 3201 ἀπωσμένην
3391 3131 3758 3202 εἰσδέξομαι.

499 3222 610 3266 tam
644 3212 714 3265 ad
737 3211 1024 3274 residuum,
1059 3220 1109 3264 et
1145 3211 1411 3280 abjectam
1438 3213 1493 3265 in
1512 3219 1720 3282 gentem
1759 3213 1945 3284 fortem
1969 3229 1988 3267 :
2027 3222 2074 3268 et

2178 3221 2288 3274 Kal
2339 3220 2580 3276 καλέσω
2629 3220 2738 3288 οὓς
2778 3220 3152 3291 ἀπωσάμην,
3207 3222 3307 3277 καὶ
3355 3222 3614 3292 θήσομαι
3645 3222 3766 3289 τὴν

500 3303 743 3375 regnabit
768 3301 1026 3356 Dominus
1047 3318 1205 3373 super
1224 3303 1350 3373 ipsis
1381 3303 1434 3356 in
1463 3300 1590 3356 Sion
1628 3319 1693 3357 ea:
1725 3305 1819 3358 hoc
1863 3320 2002 3357 nunc
2027 3312 2078 3357 et

499 3398 556 3451 in
582 3394 835 3449 stt-culum
867 3395 929 3447 '°.
961 3395 1106 3466 Ergo
1131 3409 1242 3448 non
1272 3393 1491 3448 videtur
1513 3395 1636 3459 tibi,
1657 3394 1806 3464 quod
1829 3395 2080 3464 aliquan-

503 3488 576 3542 do
608 3485 876 3542 Dominus
923 3487 1070 3542 Deus
1101 3486 1362 3542 lsraelem
1391 3502 1559 3557 quem
1595 3486 1819 3558 ahjecit,
1849 3501 2078 3542 revoca-

503 3590 664 3636 turus
686 3587 790 3645 est,
820 3589 876 3634 et
901 3579 1050 3648 quod
1099 3588 1318 3650 oportet
1347 3580 1530 3650 ipsum
1587 3595 1711 3635 esse
1761 3580 1816 3634 in
1855 3591 2078 3652 gentem

499 3669 722 3739 fortem,
745 3677 801 3726 et
834 3672 1040 3742 regiam
1059 3679 1116 3727 et
1147 3671 1386 3727 maxime
1418 3671 1864 3727 formidandam?

569 3963 631 4019 S.
668 3961 876 4017 ARCH.
905 3963 1151 4030 Fallis,o
1195 3963 1474 4028 Herbane,
1520 3962 1668 4018 haud
1725 3963 1895 4019 dubie
1943 3979 2077 4034 pro-

498 4053 681 4124 phetae
703 4053 1026 4108 vaticinium
1057 4062 1164 4108 tute
1196 4053 1347 4123 genti
1370 4053 1657 4122 preprium
1687 4052 1916 4108 faciens.
1940 4053 2075 4108 Nam

497 4149 782 4203 contritam
808 4164 933 4203 cum
956 4148 1118 4214 dixit,
1149 4149 1398 4219 gentium
1441 4149 1752 4203 accolatum
1783 4149 2080 4204 adumbra-

497 4237 606 4292 vit.
661 4238 729 4292 Et
779 4253 904 4293 cum
939 4237 1080 4293 dixit
1111 4237 1392 4307 abjectam,
1430 4237 1707 4292 idolorum
1737 4241 1947 4296 cultum
1992 4256 2079 4295 re-

497 4327 788 4398 probatum
849 4342 915 4382 ac
974 4327 1239 4398 rejectum
1272 4325 1512 4398 ipsarum
1552 4327 1801 4397 gentium
1839 4328 2077 4384 obscure

497 4420 788 4476 intellexit.
831 4420 1012 4490 Atque
1039 4436 1188 4476 nunc
1215 4435 1397 4474 nonne
1437 4419 1745 4475 Romanum
1777 4420 2075 4491 imperium

493 4524 583 4572 est
613 4516 668 4569 in
693 4524 912 4586 gentem
947 4529 1200 4586 magnam
1231 4523 1289 4570 et
1339 4515 1720 4570 fortcm?Non
1759 4516 2067 4572 Jerusalem

493 4607 745 4663 ecclesiis
769 4608 1017 4662 etsacris
1043 4623 1125 4662 ac-
1147 4607 1352 4662 divinis
1396 4607 1616 4678 templis
1643 4605 1852 4663 Christi
1885 4607 2068 4664 cruci~

497 4697 588 4753 fixi
619 4700 782 4769 plena
801 4701 926 4755 est?
947 4700 1143 4756 Nonne
1166 4717 1233 4756 ex
1265 4701 1550 4757 Bethleem
1584 4701 1861 4772 processit
1904 4701 2069 4759 Jesus

493 4793 752 4851 Christus
777 4795 948 4852 Filius
977 4796 1098 4860 Dei,
1153 4811 1318 4866 quem
1355 4811 1452 4852 vos
1498 4795 1777 4867 negastis?
1808 4811 1918 4851 non
1979 4813 2068 4851 re-

491 4895 623 4956 gnat
648 4886 702 4942 in
720 4887 980 4942 omnibus
1003 4886 1404 4959 propemodum
1427 4887 1597 4941 totius
1616 4886 1770 4941 orbis
1788 4894 2064 4941 terrarum

493 4977 718 5044 ﬁnibus,
756 4994 786 5033 a
811 4989 997 5036 monte
1019 4979 1173 5044 Sion,
1203 4979 1258 5034 id
1295 4989 1398 5045 est,
1453 4979 1523 5034 ab
1552 4977 1846 5034 altitudine
1873 4993 2070 5048 supcr-

493 5071 746 5126 cmlesti?
789 5071 1174 5128 Attentissime
1228 5072 1356 5126 audi
1411 5071 1545 5142 quid
1605 5071 1756 5127 dicat
1815 5070 2064 5126 Micheas

493 5171 715 5232 postea:
751 5162 821 5218 Et
849 5173 903 5216 tu
933 5163 1196 5218 Bethleem
1218 5164 1406 5218 domus
1431 5164 1733 5235 Euphrata,
1759 5180 1865 5218 non
1904 5165 2068 5218 mini-

557 5317 581 5352 ⁸
613 5319 780 5374 Zach.
811 5336 926 5386 vm,
968 5321 1050 5387 15,
1085 5322 1170 5376 14.
1247 5321 1425 5378 ’ibid.
1466 5321 1558 5388 20,
1593 5322 1684 5376 ‘21.

2179 3313 2694 3384 συντετριμμένην
2733 3317 2820 3381 εἰς
2856 3315 3215 3385 ὑπόλειμμα,
3259 3314 3358 3369 καὶ
3393 3316 3765 3386 ἀπωσμένην

2178 3409 2268 3472 είς
2309 3407 2487 3472 ἔθνος
2531 3407 2824 3476 ἰσχυρόν·
2885 3407 2986 3460 καὶ
3027 3407 3391 3472 βασιλεύσει
3421 3410 3636 3477 Κύριος
3665 3409 3764 3462 ἐπ’

2179 3498 2401 3565 αὐτοὺς
2427 3499 2498 3552 ἐν
2523 3499 2676 3552 Σιὼν
2698 3539 2714 3563 ,
2768 3500 2887 3554 ἀπὸ
2916 3498 3020 3553 τοῦ
3043 3499 3162 3554 νῦν
3187 3501 3288 3554 καὶ
3312 3503 3398 3566 εις
3422 3501 3531 3554 τὸν
3551 3501 3757 3557 αἰῶνα.

2180 3590 2391 3645 Οὐκοῦν
2421 3592 2481 3645 οὐ
2506 3592 2658 3646 δοκεῖ
2677 3609 2782 3656 σοι,
2806 3593 2890 3646 ὅτι
2921 3592 3142 3665 ἔρχεταί
3170 3610 3302 3647 ποτε
3331 3593 3426 3648 τοῦ
3457 3595 3762 3665 ἀνακλῆσαι

2179 3685 2387 3754 Κύριος
2425 3687 2454 3740 ὁ
2493 3685 2629 3750 Θεὸς
2669 3685 2760 3740 τὸν
2791 3685 3007 3757 Ἰσραὴλ
3041 3687 3207 3741 πάλιν
3231 3687 3291 3740 ὃν
3314 3687 3576 3740 ἀπώσατο
3597 3731 3612 3754 ,
3664 3689 3762 3744 καὶ

2177 3777 2260 3832 δεῖ
2301 3779 2398 3831 καὶ
2440 3778 2608 3833 αὐτὸν
2651 3780 2731 3844 εἰς
2759 3777 2914 3844 ἔθνος
2939 3780 3161 3853 ἰσχυρὸν
3209 3781 3306 3834 καὶ
3353 3780 3629 3853 βασίλειον
3662 3798 3762 3850 φο-

2178 3871 2486 3942 ϐερώτατον
2507 3889 2521 3935 ;

2249 3966 2360 4018 Kal.
2392 3964 2436 4020 Ο
2467 3966 2685 4019 ΛΓΙΟΣ.
2758 3965 3060 4035 Σφάλλεις,
3113 3983 3158 4020 ω
3187 3964 3388 4038 Ἐρϐᾶν
3407 4007 3423 4032 ,
3473 3966 3754 4037 ἀσφαλῶς,

2177 4057 2273 4111 ἐπὶ
2319 4057 2382 4110 τὸ
2427 4057 2559 4111 ῐδιον
2593 4057 2747 4122 ἔθνος
2783 4057 2883 4130 τὴν
2909 4057 3252 4130 προφητείαν
3283 4058 3753 4130 σφετεριζόμενος.

2177 4149 2698 4218 Συντετριμμένην
2737 4149 2846 4222 γάρ
2891 4149 3092 4212 εἰπὼν,
3143 4149 3243 4222 τὴν
3273 4149 3383 4204 τῶν
3409 4150 3582 4204 ἐθνῶν
3613 4167 3757 4222 παρ-

2176 4240 2354 4292 οικίαν
2401 4239 2706 4294 ἀπείκασε⁸
2771 4241 2867 4294 καὶ
2915 4240 3287 4310 ἀπωσμένην
3332 4239 3610 4312 εἰρηκὼς,
3657 4241 3758 4312 τὴν

2177 4332 2628 4404 είδωλολατρείαν
2673 4333 2788 4404 (56)
2835 4333 3208 4396 ἀπωσθείσαν,
3243 4333 3399 4404 φησὶ,
3436 4332 3544 4387 τῶν
3572 4334 3758 4387 αὐτῶν

2177 4423 2348 4478 ἐθνῶν
2379 4423 2620 4496 ᾐνίξατο.
2680 4427 2791 4480 Καὶ
2817 4426 2915 4480 νῦν
2958 4428 3060 4481 οὐκ
3086 4427 3233 4480 ἔστιν
3267 4428 3301 4498 ἠ
3327 4426 3437 4481 τῶν
3465 4427 3755 4497 Ῥωμαίων

2179 4516 2427 4588 βασιλεία
2455 4518 2538 4581 εἰς
2563 4517 2717 4582 ἔθνος
2745 4519 2891 4590 μέγα
2916 4520 3012 4572 καὶ
3059 4519 3312 4589 ίσχυρόνς
3340 4518 3415 4572 Οὐ
3441 4517 3753 4590 πέπληστσι

2184 4606 2546 4679 Ἰερουσαλὴμ
2600 4607 2914 4679 ἐκκλησιῶν
2989 4610 3086 4662 καὶ
3142 4609 3304 4662 θείων
3354 4607 3600 4678 τεμενῶν
3655 4608 3752 4662 τοῦ

2173 4699 2592 4769 ἐσταυρωμένον
2623 4698 2900 4771 Χριστοῦς
2961 4701 3098 4772 Οὐχὶ
3145 4701 3209 4754 ὲκ
3249 4699 3501 4772 Βηθλεὲμ
3544 4699 3750 4770 προέϐη

2186 4790 2394 4862 Ἰησοῦς
2433 4791 2670 4862 Χριστὸς
2714 4792 2745 4844 6
2783 4791 2912 4856 Υίδς
2955 4791 3052 4845 τοῦ
3091 4790 3261 4858 Θεοῦ,
3307 4791 3368 4844 ὃν
3397 4791 3556 4862 ὑμεῖς
3580 4792 3752 4862 ἠρνή-

2173 4886 2340 4940 σασθε
2365 4903 2379 4953 ;
2420 4888 2479 4941 οὒ
2509 4887 2786 4959 βασιλεύει
2815 4888 3072 4960 περάτων
3098 4886 3285 4959 σχεδὸν
3315 4886 3413 4940 καὶ
3440 4886 3624 4954 πάσης
3651 4885 3752 4954 τῆς

2171 4980 2521 5052 οἰκουμένης,
2548 4981 2659 5036 ἀπὸ
2680 4981 2774 5035 τοῦ
2797 4981 2962 5054 ὅρους
2985 4981 3147 5048 Σιὼν,
3169 4980 3442 5044 τουτέστι,
3463 4979 3560 5034 τοῦ
3581 4979 3752 5049 ὕψους

2169 5071 2266 5127 τοῦ
2317 5072 2688 5145 ὲπουρανίους
2760 5073 3007 5146 Πρόσεχε
3055 5074 3167 5144 γὰρ
3213 5073 3268 5126 τί
3315 5071 3464 5140 λέγει
3507 5070 3752 5142 Μιχαίας

2177 5166 2318 5236 μετά
2358 5163 2573 5218 ταῦτα’
2639 5163 2749 5219 Kal
2790 5164 2912 5229 σὺ,
2963 5163 3236 5233 Βηθλεέμ
3276 5159 3443 5230 οἶκος
3487 5161 3597 5218 τοῦ
3639 5163 3755 5217 Ei)-

1779 5323 1823 5356 ¹⁰
1855 5323 2019 5378 Mich.
2051 5339 2126 5389 tv,
2154 5323 2208 5387 6,
2243 5325 2294 5377 7.

2001 5439 2236 5499 ΝΟῙΕ.

557 5532 670 5604 (51)
692 5521 1099 5608 μετενόησαν.
1132 5531 1321 5590 Scribe
1373 5550 1499 5590 cum
1533 5534 1697 5600 LXX,
1733 5535 2060 5608 μετενόησα.

487 5599 668 5684 Sicue't
698 5602 856 5684 V_ulg.
883 5601 1104 5684 prima;

487 5672 684 5798 σεβῆ
725 5671 837 5728 Τοῦ
873 5673 1043 5728 Θεοῦ.
1076 5671 1184 5728 Pro
1219 5672 1327 5740 his,
1371 5677 1515 5747 apud
1567 5675 1733 5743 LXX,
1771 5675 1866 5741 οὓς
1900 5676 2064 5747 ποιή-

585 5759 631 5797 ε.
687 5761 739 5798 o.

585 5759 631 5797 ε.
664 5759 739 5798 ιι).

486 5811 668 5938 ll’(55)
695 5814 1156 5887 Διαρκέσαντες.
1191 5816 1408 5886 Scribe,
1448 5816 1757 5890 διαρκεῖσθε
1817 5818 2059 5882 σαυταῖς.

2242 5537 2353 5606 (54)
2391 5536 2502 5592 Τοῦ
2541 5536 2803 5592 Ἡσαΐου.
2827 5537 2951 5594 Non
2978 5535 3274 5602 Isaias,6t&
3299 5534 3478 5594 εἰδωλ.
3509 5533 3618 5591 Sed
3648 5533 3751 5589 Za-

2167 5607 2388 5662 charias
2421 5623 2540 5670 vnl,
2576 5607 2668 5671 20,
2693 5607 2784 5662 2|.

2239 5677 2352 5746 (55)
2402 5680 2690 5732 Συνελεύ.
2746 5679 2888 5734 LXX
2939 5677 3058 5733 Vat.
3102 5677 3520 5732 συνελεύσονται
3559 5691 3750 5730 κατοι-

2167 5745 2392 5819 κοῦντες
2429 5746 2591 5819 πέντε
2624 5747 2812 5811 πόλεις
2840 5753 2920 5813 el;
2948 5748 3078 5819 μίαν
3113 5749 3292 5804 πόλιν.
3319 5748 3433 5804 AA.
3467 5745 3578 5803 LL.
3614 5760 3750 5801 κατ-

2165 5815 2611 5887 οικοῆντεςμμίαν
2640 5820 2720 5882 εἰς
2750 5821 2882 5887 μίαν
2917 5815 3095 5874 πόλιν.

2235 5885 2350 5959 (56)
2373 5885 2588 5943 Είδωλ.
2623 5885 2836 5958 Scribe,
2872 5889 2962 5945 διά
3003 5889 3183 5945 είδωλ.
3218 5889 3293 5946 lo.
