4094 6546
337 383 439 450 681

1301 393 1759 457 DISPUTA'I‘IO
1799 397 1960 458 CUM
1998 398 2361 460 HERBANO
2399 400 2683 461 JUDEO.

3488 420 3594 482 682

337 497 537 568 φραθᾶ
565 496 712 570 (57),
761 499 845 568 μή
883 499 1200 568 ὀλιγοστὸς
1222 496 1282 554 εἷ
1301 501 1373 554 ἐν
1394 503 1668 571 χιλιάσιν
1697 505 1884 558 Ἰούδα
1902 522 1916 536 ο

2025 525 2114 561 ma
2150 523 2201 560 es
2225 509 2280 561 in
2312 508 2545 562 millibus
2573 509 2717 563 Juda
2742 526 2761 564 .'
2805 527 2868 565 ex
2893 520 2942 566 te
2982 517 3122 571 enim
3149 520 3310 576 exibit
3352 525 3481 592 dux,
3507 535 3599 600 qui

335 591 406 644 ἐκ
435 589 554 643 σοῦ
577 593 689 660 γάρ
719 609 822 660 μοι
850 591 1232 656 ἐξελεύσεται
1260 595 1599 663 ἡγούμενος
1629 597 1734 652 τοῦ
1759 595 1913 653 εἶναι

335 685 422 749 εις
447 681 714 752 ἄρχοντα
745 685 1004 753 Ἰσραήλ.
1031 688 1100 739 At
1127 685 1327 749 ἔξοδοι
1351 687 1564 751 αὑτοῦ,
1594 689 1698 742 ἀπ’
1719 688 1915 759 ἀρχῆς

335 777 406 840 ἐξ
435 774 672 844 ἡμερῶν
696 776 934 841 αἰῶνος.
1000 778 1110 830 Καὶ
1139 778 1266 848 γὰρ,
1301 781 1489 849 φησὶν,
1525 780 1601 843 ὡς
1628 782 1915 851 ἄνθρωπος

336 869 542 938 ἀρτίως
570 869 835 940 ἐγεννήθη
857 885 872 899 ·
931 869 1046 923 ἀλλ’
1071 871 1128 924 αἱ
1158 871 1325 937 ἔξοδοι
1357 872 1551 939 αὑτοῦ,
1601 875 1660 939 ἐξ
1690 875 1915 946 ἡμερῶν

338 961 566 1024 αἰῶνος·
605 963 685 1016 ὅτι
718 962 814 1015 καὶ
843 962 975 1026 Θεὸς
1005 965 1331 1034 προαιώνιος
1359 966 1572 1036 πέφυκε
1591 984 1604 996 ·
1641 967 1729 1022 διὰ
1756 967 1917 1022 τοῦτο

334 1053 498 1108 δώσει
525 1055 711 1117 αὐτοῖς
737 1055 840 1118 ἓως
870 1055 1065 1125 καιροῦ
1091 1057 1415 1127 τικτούσης·
1447 1061 1721 1126 τουτέττι,
1753 1062 1914 1120 δώσει

337 1145 469 1213 ὑμῖν
515 1149 629 1209 τοῖς
659 1147 937 1210 Ἰουδαίοις
985 1147 1278 1218 κρατύνειν
1315 1152 1408 1203 τὸν
1449 1151 1612 1221 νόμον
1645 1154 1914 1221 Μωσέως,

335 1239 444 1303 ἕως
494 1239 690 1310 καιροῦ
738 1239 1038 1310 τικτούσης
1077 1242 1170 1294 τὸν
1201 1243 1341 1297 θεῖον
1371 1245 1534 1314 νόμον
1555 1286 1568 1309 ,
1628 1248 1720 1299 καὶ
1749 1249 1917 1317 ἡγού-

339 1348 531 1400 μενον,
585 1333 677 1385 τὸν
724 1335 788 1385 ὲκ
835 1333 1081 1405 Βηθλεὲμ
1131 1336 1576 1407 προερχόμενον·
1610 1340 1913 1406 τουτέστιν,

335 1428 402 1478 ὲκ
433 1425 533 1494 τῆς
564 1425 957 1496 Ἀειπαρθένου
983 1426 1078 1480 καὶ
1112 1421 1380 1481 Θεότόκου
1413 1432 1654 1503 Μαρίας
1683 1433 1917 1497 Τέξεται

335 1521 448 1590 γὰρ
483 1520 520 1588 ἡ
551 1520 723 1587 κόρη,
755 1519 911 1588 φησὶ,
950 1520 1053 1572 τὸν
1078 1519 1343 1588 ἄρχοντα
1369 1522 1478 1576 τοῦ
1510 1524 1770 1592 Ἰσραήλ.
1820 1524 1916 1577 Γέ-

335 1629 582 1683 γραπται
610 1613 743 1682 γὰρ,
776 1613 858 1665 ὅτι
886 1611 1011 1665 οὔτε
1042 1613 1092 1664 οἱ
1123 1612 1344 1680 ἀδελφοὶ
1366 1613 1530 1668 αὑτοῦ
1560 1619 1606 1668 οἱ
1637 1617 1695 1681 ἐξ
1721 1619 1916 1688 Ἰωσὴφ

287 1722 296 1728 ‘
335 1705 489 1774 αὐτῷ
529 1702 666 1758 εἶναι
706 1702 1091 1774 νομιζόμενοι,
1147 1703 1434 1758 ἐπίστευον
1461 1708 1542 1769 είς
1570 1707 1755 1761 αὐτόν.
1807 1709 1918 1763 Kal

335 1798 523 1861 αὐτὸς
544 1797 630 1859 δὲ,
653 1797 809 1866 φησὶ,
833 1795 1125 1861 στήσεται
1151 1795 1249 1847 καί
1271 1796 1502 1863 ὄψεται,
1519 1798 1697 1851 ποῖον
1713 1799 1802 1866 ἆρ’
1817 1799 1919 1854 ἕσ-

336 1906 435 1943 ται
459 1890 521 1942 τὸ
544 1890 831 1955 ποίμνιον
853 1887 1062 1939 αὐτοῦ.
1114 1886 1223 1938 Καὶ
1252 1887 1359 1957 ἴδῃ,
1396 1887 1478 1940 ὅτι
1499 1888 1568 1941 τά
1589 1888 1717 1961 ἔθνη
1745 1890 1930 1944 ἐπεδό-

338 1981 406 2051 θη
440 1976 590 2048 αὑτῷ
611 2018 625 2042 ,
681 1978 776 2030 καὶ
821 1979 1084 2046 ποιμανεῖ
1113 1976 1175 2028 τὸ
1206 1977 1458 2046 ποίμνιον
1489 1977 1654 2030 αὐτοῦ
1687 1979 1744 2031 ὲν
1775 1979 1920 2050 ίσχύῖ

338 2071 568 2143 Κύριος.
625 2070 736 2124 Καὶ
783 2069 855 2123 ἐν
901 2067 978 2137 τῇ
1023 2068 1172 2134 δόξῃ
1216 2069 1510 2138 ὀνόματος
1548 2072 1772 2137 Κυρίου
1811 2072 1919 2126 τοῦ

342 2165 492 2220 Θεοῦ
515 2162 724 2225 αὐτοῦ,
756 2161 1098 2230 ὑπάρξουσι
1130 2161 1202 2215 τὰ
1223 2162 1389 2228 ἔθνη.
1447 2161 1593 2214 Διότι
1624 2163 1717 2216 νῦν
1745 2179 1918 2233 μεγα-

338 2257 670 2328 λυνθήσεται
723 2255 752 2307 ὁ
801 2253 1011 2325 ποιμὴν
1055 2253 1247 2317 καλὸς,
1301 2253 1406 2316 ἕως
1440 2255 1624 2324 ἄκρων
1656 2256 1754 2322 τῆς
1783 2256 1916 2325 γῆς.

337 2349 622 2404 τουτέστιν
647 2389 660 2412 ,
719 2348 783 2400 ἐκ
829 2347 927 2416 τῆς
953 2344 1230 2416 Παρθένου
1261 2347 1358 2398 καὶ⁸
1387 2345 1653 2399 Θεοτόκου
1700 2349 1922 2418 Μαρίας

343 2442 512 2512 μέχρι
545 2442 645 2510 τῆς
678 2437 1017 2500 συντελείας.
1078 2438 1190 2490 Καὶ
1232 2440 1278 2490 εί
1318 2437 1498 2507 βούλει
1531 2439 1806 2493 ἀντειπεῖν
1840 2440 1923 2494 ὅτι

337 2535 441 2588 οὐκ
471 2530 820 2603 ὲμεγαλύνθη
851 2533 880 2584 ὁ
907 2531 1210 2599 ποιμαίνων
1235 2531 1303 2582 τὰ
1326 2530 1454 2601 ἔθνη
1481 2531 1688 2602 Κύριος
1716 2531 1923 2602 Ἰησοῦς

341 2624 575 2695 Χριστὸς
603 2626 634 2677 ὁ
660 2623 787 2686 Υίδς
814 2622 909 2675 τοῦ
935 2621 1097 2687 Θεοῦ,
1128 2621 1433 2691 ἀνάϐλεψον
1462 2623 1555 2676 καὶ
1582 2623 1657 2677 ἴδε
1689 2627 1798 2688 τοῖς
1827 2625 1922 2692 orp-

343 2716 572 2785 θαλμοῖς
613 2732 708 2768 σου
755 2716 838 2778 είς
880 2714 949 2767 τὰ
991 2715 1204 2785 πέρατα
1248 2714 1349 2782 τῆς
1384 2715 1732 2785 οἰκουμένης,
1771 2717 1922 2778 ὅπως

345 2807 717 2878 μεγαλύνεται
763 2808 792 2859 ὁ
837 2806 1044 2877 Κύριος
1069 2806 1231 2877 ἡμῶν
1269 2806 1480 2874 Ἰησοῦς
1507 2807 1776 2877 Χριστὸς,
1813 2807 1922 2859 ἀπὸ

2023 607 2172 670 regat
2234 598 2511 655 Israelem.
2570 602 2762 658 Exitus
2813 607 2928 676 ejus
2969 608 3034 661 ab
3086 611 3259 679 initio,
3305 633 3369 670 ex
3417 598 3592 680 diebu;

2021 693 2336 745 wternitatis
2371 693 2436 747 “.
2470 694 2712 758 Etenim,
2756 696 2854 764 ait,
2909 707 2971 752 ut
3023 700 3190 756 homo
3227 721 3407 776 nuper
3434 721 3602 770 natus

2022 796 2137 852 est;
2168 787 2262 842 sed
2288 788 2392 842 via:
2438 791 2560 860 ejus
2585 807 2653 845 ex
2689 791 2886 847 diebus
2920 796 3128 860 saeculi,
3157 801 3305 867 quod
3356 814 3412 858 et
3453 805 3602 864 Deus

2023 883 2151 931 ante
2174 879 2371 931 saecula
2411 877 2548 933 fuit:
2583 879 2655 933 ob
2689 895 2809 935 eam
2847 897 3068 938 causam
3092 886 3405 959 dabitipsis
3423 909 3601 965 usque

2024 967 2092 1021 ad
2124 976 2342 1038 tempus
2397 970 2688 1038 parientis,
2741 972 2796 1026 id
2833 985 2938 1036 est,
2981 974 3137 1030 dabit
3178 979 3334 1036 vobis
3393 984 3602 1044 Judaais

2024 1059 2246 1115 firmare
2263 1062 2436 1132 legem
2469 1063 2637 1117 Mosis
2660 1079 2834 1134 usque
2865 1065 2932 1120 ad
2963 1075 3180 1138 tempus
3213 1073 3483 1142 parientis
3512 1079 3600 1133 di-

2023 1150 2207 1204 vinam
2239 1151 2439 1221 legem,
2493 1162 2550 1206 et
2579 1153 2776 1208 ducem
2805 1170 2874 1210 ex
2906 1156 3192 1214 Bethleem
3247 1166 3598 1222 venientem:

2025 1243 2133 1298 hoc
2162 1253 2265 1310 est,
2296 1259 2361 1298 ex
2387 1261 2606 1314 semper
2626 1246 2850 1317 Virgine
2905 1258 2962 1303 et
2991 1250 3225 1320 Deipara
3253 1255 3421 1311 Maria
3445 1275 3457 1310 :
3494 1258 3602 1315 Pa-

2025 1339 2122 1390 riet
2141 1338 2302 1402 enim,
2327 1337 2527 1407 inquit,
2561 1338 2713 1409 Virgo
2741 1341 3032 1411 principem
3058 1342 3295 1399 Israelis.
3320 1347 3600 1419 Scriptum

2023 1439 2109 1484 est
2138 1429 2308 1494 enim,
2330 1429 2477 1498 quod
2502 1446 2682 1500 neque
2725 1431 2924 1486 fratres
2955 1434 3077 1504 ejus
3110 1437 3205 1504 qui
3237 1455 3304 1493 ex
3358 1439 3600 1511 Josepho

2025 1521 2158 1576 huic
2189 1537 2310 1576 esse
2329 1523 2685 1590 putabantur,
2717 1523 2771 1576 in
2809 1525 2988 1594 ipsum
3019 1529 3342 1585 credebam.
3371 1532 3442 1585 Et
3467 1535 3597 1604 ipse,

2024 1614 2124 1678 ait,
2180 1613 2361 1677 stabit,
2393 1623 2441 1667 et
2471 1615 2661 1668 ridebit
2715 1618 2933 1686 quinam
2983 1621 3083 1672 erit
3117 1638 3247 1691 grex
3295 1625 3407 1694 ejus
3434 1627 3499 1680 ".
3531 1628 3602 1682 Et

2024 1707 2168 1761 scias
2193 1705 2338 1774 quod
2358 1707 2471 1774 jam
2505 1715 2699 1776 gentes
2749 1708 2802 1761 ei
2858 1710 3072 1766 tradita:
3119 1724 3268 1776 sunt,
3306 1725 3363 1770 et
3413 1728 3602 1786 pascet

2025 1812 2246 1867 gregem
2266 1812 2427 1849 suum
2455 1797 2507 1850 in
2541 1797 2874 1854 fortitudine
2925 1801 3211 1860 Dominus.
3240 1807 3311 1860 Et
3347 1808 3401 1860 in
3425 1807 3601 1878 gloria

1963 1895 2002 1949 Β
2032 1888 2260 1942 nominis
2288 1887 2501 1941 Domini
2531 1886 2627 1940 Dei
2649 1889 2732 1941 sui
2755 1890 2983 1944 aderunt
3013 1904 3190 1963 gentes
3231 1896 3296 1948 ¹³.
3328 1896 3600 1962 Quocirca

2021 1998 2171 2037 nunc
2197 1985 2359 2054 622
2391 1984 2835 2053 magnificabitur
2890 1999 3077 2057 pastor
3132 1996 3389 2066 egregius
3426 2013 3601 2068 usque

2022 2075 2090 2129 ad
2115 2085 2427 2130 extremum
2462 2087 2645 2142 terrae,
2684 2079 2736 2133 id
2787 2090 2894 2144 est,
2929 2097 2997 2136 ex
3022 2083 3243 2149 Virgine
3276 2098 3332 2142 et
3361 2090 3603 2161 Deipara

2023 2166 2192 2220 Maria
2219 2183 2393 2236 usque
2423 2167 2492 2222 ad
2521 2173 3079 2229 consummationem.
3107 2175 3263 2241 Quod
3293 2180 3338 2234 si
3364 2181 3601 2238 inticiari

2023 2257 2127 2323 vis,
2153 2273 2264 2312 non
2295 2273 2416 2313 esse
2441 2261 2849 2330 magnificatum
2877 2264 3032 2319 illum
3081 2268 3174 2336 qui
3215 2271 3389 2338 pascit
3410 2283 3602 2342 gentes

2024 2350 2319 2405 Dominum
2346 2352 2536 2406 Jesum
2572 2351 2859 2408 Christum
2900 2354 3103 2411 Filium
3133 2359 3263 2426 Dei;
3300 2364 3515 2432 respice
3546 2374 3605 2420 et

2023 2442 2148 2497 vide
2181 2444 2288 2498 tuis
2312 2444 2488 2498 oculis
2516 2444 2582 2497 ad
2597 2445 3046 2500 orbisterrarum
3061 2465 3234 2519 usque
3264 2451 3424 2517 fines,
3459 2471 3602 2524 quo-

2025 2534 2190 2588 modo
2217 2535 2602 2605 magnificatur
2623 2537 2888 2592 Dominus
2916 2549 3109 2594 noster
3132 2542 3293 2598 Jesus
3322 2527 3600 2612 Christus,

2023 2627 2198 2681 Filius
2255 2627 2372 2690 Dei,
2423 2642 2489 2680 ex
2539 2629 2645 2682 hoc
2703 2645 2853 2684 nunc
2897 2639 2955 2685 et
3004 2649 3180 2702 usque
3241 2635 3296 2690 in
3339 2639 3604 2694 saeculum

2025 2735 2200 2789 usque
2237 2720 2304 2774 ad
2355 2722 2940 2778 consummationem:
2974 2725 3080 2779 hoc
3132 2727 3281 2781 enim
3333 2729 3600 2799 declarat,

2027 2811 2172 2879 quod
2205 2811 2635 2881 magni/imbitur
2666 2830 2829 2883 usque
2859 2815 2927 2867 ad
2964 2816 3258 2872 extremum
3281 2807 3458 2874 terrm.

341 2901 440 2955 τοῦ
467 2901 563 2956 νῦν
595 2900 690 2954 καὶ
719 2901 800 2963 είς
827 2899 919 2953 τὸν
945 2898 1120 2952 αἰῶνα
1144 2938 1159 2964 ,
1237 2899 1402 2970 μέχρι
1446 2901 1546 2970 τῆς
1584 2897 1919 2964 συντελείας.
1959 2901 2129 2955 Τοῦτο
2149 2903 2257 2972 γὰρ
2284 2903 2436 2974 δηλοῖ
2461 2903 2542 2966 τὸ,
2567 2904 2650 2957 ὅτι
2705 2907 3229 2974 μεγαλυνθήσεται
3285 2911 3396 2978 ἕως
3415 2913 3604 2983 ἄκρου

343 3016 456 3054 τη(-
481 3016 613 3054 γης.

507 3017 536 3050 οι
597 3037 613 3052 .

714 3098 826 3150 Καὶ
857 3098 906 3149 εί
939 3095 1116 3161 οὕτως
1144 3095 1285 3160 ἐστὶ,
1317 3095 1388 3148 δι’
1410 3094 1477 3165 ἢν
1503 3093 1685 3147 αἰτίαν
1734 3093 1837 3147 οὐκ
1859 3089 1932 3146 εἳ.

2107 3096 2334 3152 ΗΕΒΒ.’
2364 3096 2419 3150 Si
2458 3096 2532 3152 ita
2561 3106 2666 3161 est,
2729 3113 2894 3167 quam
2923 3100 2994 3154 ob
3027 3116 3251 3156 causam
3303 3119 3416 3158 non
3464 3103 3608 3161 dixit.

345 3206 450 3243 πεν
479 3190 506 3241 ὁ
533 3189 847 3261 προφήτης,
865 3190 950 3242 ὅτι
979 3191 1045 3243 ἐκ
1075 3189 1169 3241 σοῦ
1195 3205 1286 3258 μοι
1305 3185 1704 3250 Ἐξελεύσεται,
1731 3184 1824 3237 τοῦ
1850 3180 1922 3236 εἷς

2025 3189 2331 3258 propheta:
2358 3190 2512 3254 Quod
2540 3205 2607 3242 ex
2639 3198 2690 3244 te
2721 3190 2857 3243 mihi
2892 3192 3084 3256 exibit,
3116 3194 3210 3262 qui
3242 3195 3315 3248 sit
3345 3195 3606 3266 princeps

345 3299 438 3335 va:
469 3283 546 3343 εἰς
571 3282 812 3352 ἄρχοντα
843 3281 900 3334 ὲν
926 3284 1040 3345 τοῖς
1067 3281 1308 3344 ἔθνεσιν,
1362 3277 1478 3331 ἀλλ’
1509 3279 1566 3330 ἐν
1594 3276 1673 3346 τῷ
1705 3273 1924 3345 Ἰσραὴλ

346 3372 628 3444 ἐπήγαγεν
647 3388 662 3438 ;

418 3467 530 3520 Καὶ
564 3469 604 3518 0
637 3465 853 3518 ΑΓΙΟΣ.
911 3464 1073 3528 Νοῦς
1121 3463 1277 3531 ὁρῶν
1318 3461 1428 3515 τὸν
1469 3459 1652 3522 Θεὸν,
1710 3456 1927 3528 Ἰσραὴλ

347 3557 741 3632 ἑρμηνεύεται.
783 3557 938 3609 Ἐπεὶ
969 3556 1062 3609 οῦν
1092 3557 1271 3625 ὑμεῖς,
1305 3557 1355 3606 οἱ
1390 3553 1669 3614 Ἰουδαῖοι,
1713 3553 1762 3602 οἱ
1795 3549 1926 3602 ποτὲ

347 3651 476 3713 νοῦς
528 3650 672 3720 ὁρῶν
726 3649 818 3701 τὸν
863 3648 996 3700 Θεὸν
1048 3647 1393 3715 πεφυκότες,
1477 3642 1925 3712 παραγενομένου

350 3741 493 3812 πρὸς
522 3743 667 3811 ὑμᾶς
705 3739 798 3793 τοῦ
839 3736 1161 3810 μονογενοῦς
1192 3736 1323 3789 Υίοῦ
1354 3734 1448 3788 τοῦ
1479 3734 1616 3787 Θεοῦ
1638 3772 1653 3795 ,
1703 3733 1930 3802 ἑκουσίᾳ.

349 3837 418 3902 τῇ
467 3831 660 3903 γνωμῃ
710 3831 1073 3901 ὲκαμμύσατε
1115 3829 1242 3891 τοὺς
1283 3826 1598 3895 ὀφθαλμοὺς
1637 3825 1788 3894 ὑμῶν
1832 3822 1928 3876 τοῦ

353 3925 432 3994 μὴ
469 3924 596 3976 ίὸεῖν
641 3924 702 3976 τὸ
735 3923 1036 3992 ἀνέσπερον
1066 3921 1217 3989 φῶς,
1271 3916 1700 3988 ἀπετυφλώθητε
1729 3915 1931 3978 εὐθέως

298 4070 320 4077 _
352 4015 450 4067 καὶ
479 4013 796 4065 ἀπωλέσατε
825 4013 886 4066 τὺ
909 4007 1051 4065 εἶναι
1076 4009 1202 4073 νοῦς
1226 4009 1368 4083 ὁρῶν
1394 4008 1485 4061 τὸν
1509 4007 1669 4072 Θεὸν,
1715 4006 1831 4060 ἀνθ’
1855 4001 1930 4059 ὧν

352 4104 423 4156 τὰ
470 4103 598 4173 ἔθνη
659 4104 727 4156 τά
775 4120 905 4156 ποτε
945 4101 1122 4171 τυφλά
1172 4099 1585 4172 χρηματίζοντα
1635 4097 1930 4152 ἀνένευσαν

353 4198 493 4268 πρὸς
522 4196 613 4249 τὸν
639 4197 799 4261 Θεὸν,
853 4198 950 4250 καὶ
994 4197 1322 4249 ἐπίστευσαν
1352 4193 1429 4264 τῷ
1460 4195 1740 4264 μονογενεί
1765 4190 1929 4246 αὐτοῦ

351 4288 469 4358 Υἱῷ
489 4331 504 4354 ,
557 4292 900 4360 παραχρῆμα
928 4288 1348 4358 ἀναϐλέψαντες,
1377 4288 1437 4340 τὸ
1465 4289 1618 4356 ἅγιον
1647 4285 1931 4356 βάπτισμα

353 4381 624 4445 ἐδέξαντο.
663 4383 772 4434 Καὶ
802 4381 1008 4444 εὐθέως
1035 4380 1265 4449 ἐπετέθη
1295 4380 1501 4444 αὐτοῖς,
1529 4379 1622 4430 καὶ
1643 4379 1703 4430 τὺ
1718 4376 1932 4449 Ἰσραὴλ

353 4474 566 4544 ὄνομα,
621 4475 766 4544 χειρὶ
809 4473 944 4526 Θεοῦ
996 4474 1162 4544 ἀρθὲν
1209 4474 1301 4541 ἀφ’
1326 4471 1502 4541 ὑμῶν.
1548 4472 1775 4541 Ἀρτίως
1801 4470 1932 4539 γοῦν

2028 3281 2083 3334 in
2113 3280 2390 3351 gentibus,
2420 3279 2536 3346 sed,
2562 3281 2617 3334 in
2652 3281 2874 3347 lsracle,
2902 3282 3227 3353 subiunxit?

2092 3460 2152 3515 S.
2170 3460 2378 3516 ARCH.
2397 3463 2543 3517 Mens
2571 3464 2684 3518 sive
2710 3464 3005 3519 intellectus
3030 3465 3198 3519 Deum
3215 3484 3432 3523 cernens
3456 3479 3505 3523 et
3530 3472 3608 3526 in-

2027 3561 2178 3607 tuens
2198 3556 2492 3624 exponitur
2525 3556 2713 3612 Israel.
2748 3558 3041 3628 Postquam
3072 3560 3237 3630 igitur
3268 3579 3384 3627 vos,
3406 3565 3603 3630 Judaei,

2027 3643 2121 3712 qui
2156 3645 2458 3713 aliquando
2485 3645 2670 3702 fuistis
2699 3664 2857 3704 mens
2919 3651 3092 3705 Deum
3122 3653 3338 3718 videns,
3381 3673 3506 3712 cum
3537 3660 3606 3715 ad

2028 3749 2128 3787 vos
2151 3735 2245 3788 Dei
2279 3736 2598 3806 nnigenitus
2652 3739 2823 3793 Filius
2852 3743 3027 3807 venit,
3083 3747 3356 3801 sententia
3408 3760 3607 3818 sponte

2030 3824 2305 3878 concitata
2343 3836 2556 3881 vestros
2581 3829 2858 3884 clausistis
2882 3834 3076 3887 oculos
3129 3852 3198 3889 ne
3229 3838 3487 3892 viderent
3515 3856 3609 3895 ve-

2031 3931 2192 3986 spere
2223 3928 2505 3974 carentem
2535 3921 2747 3987 lucem;
2783 3925 3050 3979 continuo
3109 3930 3367 3983 excaecati
3402 3931 3606 4000 fuistis,

2029 4016 2086 4063 et
2113 4018 2410 4078 pereuntes
2453 4010 2698 4066 desiistis
2747 4028 2869 4069 esse
2920 4032 3078 4071 mens
3129 4019 3302 4073 Deum
3332 4037 3604 4079 cernens:

2031 4101 2102 4156 ob
2129 4118 2362 4171 eamque
2395 4118 2616 4158 causam
2657 4115 2850 4174 gentes
2879 4123 3001 4177 qua:
3022 4118 3183 4164 antea
3215 4114 3606 4182 czecutiebant,

2032 4202 2274 4247 mentem
2323 4193 2391 4248 ad
2455 4195 2626 4249 Deum
2676 4199 3043 4264 sustulerunt,
3097 4208 3154 4255 et
3211 4203 3467 4274 unigenae
3511 4206 3612 4261 Dei

2033 4283 2173 4338 Filio
2232 4285 2622 4341 crediderunt:
2650 4298 2707 4343 et
2750 4304 2875 4344 mox
2939 4291 3118 4345 lucem
3165 4293 3378 4350 intuitu:
3423 4312 3609 4352 sacro-

2034 4382 2282 4429 sanctum
2337 4375 2615 4430 lavacrum
2668 4393 3019 4448 acceperunt.
3077 4381 3247 4452 Atque
3296 4385 3447 4440 illico
3475 4386 3614 4455 ipsis

2035 4483 2236 4521 nomen
2263 4467 2430 4524 Israel
2471 4471 2706 4524 inditum
2731 4481 2897 4542 atque
2926 4473 3246 4544 impositum
3293 4476 3420 4543 fuit,
3460 4478 3608 4548 quod

353 4567 406 4619 οί
453 4543 586 4618 Θεὸν
628 4564 865 4636 ὁρῶντες
912 4566 998 4618 ἐπ’
1019 4543 1277 4635 ἀληθείας
1313 4563 1530 4633 Ἰσραὴλ
1562 4563 1731 4626 ἀξίως
1761 4579 1922 4634 προσ-

2034 4559 2132 4614 Dei
2158 4575 2324 4614 manu
2379 4561 2538 4615 vobis
2584 4563 2864 4617 sublatum
2924 4543 3048 4619 fuit.
3095 4566 3254 4621 Nunc
3304 4543 3494 4637 igitur-
3515 4570 3611 4638 qui

354 4657 749 4728 αγορεύονται·
833 4658 880 4709 oi
927 4657 984 4708 δὲ
1039 4659 1108 4727 τῇ
1150 4655 1379 4726 ἀπιστίᾳ
1429 4653 1922 4722 ἀποτυφλωθέντες,

2037 4650 2210 4706 Deum
2241 4652 2690 4720 eontemplantur
2715 4661 2772 4706 et
2802 4655 3003 4709 mentis
3038 4656 3216 4709 oculis
3243 4666 3500 4722 cernunt,
3551 4673 3614 4713 re

355 4746 650 4801 ἀπώλεσαν
695 4745 757 4798 τὸ
797 4741 939 4798 εἶναι
987 4744 1084 4796 καὶ
1125 4743 1346 4797 ἀκούειν
1380 4742 1617 4813 Ἰσραήλ.
1662 4741 1814 4794 Ἐπεὶ
1839 4738 1922 4795 οῦι

2033 4757 2166 4797 vera
2213 4751 2268 4797 et
2317 4742 2482 4812 digne
2528 4758 2593 4796 ac
2635 4744 2834 4797 merito
2873 4744 3135 4800 Israelita:
3163 4757 3466 4800 vocantur:
3516 4747 3615 4816 qui

359 4838 624 4909 μετετέθη
670 4839 731 4890 τδ
773 4837 948 4906 ὄνομα
991 4836 1052 4903 ἐξ
1086 4835 1238 4906 ὑμῶν
1271 4834 1403 4888 αὐτὸ
1430 4834 1512 4898 τὸ,
1549 4832 1783 4903 Ἰσραὴλ,
1813 4831 1922 4885 ἑτέ-

2037 4843 2220 4888 autem
2247 4835 2477 4905 perfidia
2510 4844 2565 4889 et
2598 4836 2872 4904 pervicaci
2923 4836 3316 4892 incredulitate
3353 4839 3614 4894 obcaecati

355 4931 428 5001 θη
471 4933 529 4983 ἐν
567 4934 682 4995 τοῖς
721 4931 903 4985 ἔθνεσι
929 4947 943 4961 ο
1004 4930 1134 5000 περὶ
1180 4927 1288 4982 τῶν
1319 4928 1488 4982 ἐθνῶν
1528 4925 1750 4996 εὔδηλον
1779 4921 1922 4978 εἷπεη

2038 4933 2188 4990 sunt,
2217 4941 2342 4979 cum
2369 4941 2467 4980 sua
2498 4926 2746 4996 pernicie
2781 4935 2837 4979 et
2885 4928 3057 4982 exitio
3088 4928 3372 4982 desierunt
3415 4945 3616 4984 nomen

353 5026 385 5077 ὁ
413 5025 701 5096 προφήτης
729 5023 823 5076 τοῦ
852 5024 973 5077 νέου
1003 5021 1240 5094 Ἰσραὴλ,
1261 5019 1736 5084 ὅτιἘξελεύσεται
1764 5020 1792 5072 ὁ
1817 5015 1922 5071 Κύ·

2041 5015 2258 5071 Israelis
2280 5017 2488 5071 habere
2519 5025 2574 5071 et
2613 5016 2827 5070 audire.
2864 5017 3132 5083 Quoniam
3187 5019 3358 5089 igitur
3399 5019 3623 5074 lsraelis

359 5131 475 5185 ριος
505 5114 601 5167 τοῦ
625 5111 766 5168 εἷναι
795 5116 875 5177 είς
900 5115 1136 5185 ἄρχοντα
1164 5116 1221 5166 ὲν
1247 5111 1326 5182 τῷ
1353 5111 1595 5183 Ἰσραήλ.

2041 5121 2246 5160 nomen
2279 5123 2347 5161 ex
2375 5109 2534 5163 vobis
2569 5109 2897 5163 translatum
2941 5118 3048 5174 est,
3097 5119 3154 5164 et
3190 5111 3450 5181 gentibus
3475 5111 3620 5164 indi-

356 5213 499 5268 tum,
531 5211 726 5258 notum
760 5211 923 5258 estet
961 5203 1343 5272 perspicuum,
1372 5199 1700 5270 prophetam
1725 5198 1931 5254 dixisse
1970 5198 2038 5253 de
2099 5198 2376 5268 gentibus,
2412 5199 2480 5253 do
2548 5215 2690 5254 novo
2718 5201 2937 5265 lsracle,
2969 5210 3264 5256 venturum
3298 5201 3618 5268 Dominum,

354 5307 418 5352 ut
454 5297 527 5350 sit
558 5295 816 5365 princeps
837 5295 1023 5350 etdux
1057 5294 1112 5348 in
1150 5293 1371 5348 lsracle.

433 5391 683 5446 EPBAN.
709 5391 943 5443 Πλεῖστα
1000 5389 1182 5457 λέγεις
1212 5389 1292 5451 εἰς
1319 5387 1632 5457 ἀπόγνωσιν
1677 5387 1922 5459 έμπηρῶε

2121 5385 2327 5440 IIERB.
2363 5384 2608 5438 Plurima
2639 5383 2777 5440 dicis
2837 5385 2893 5439 in
2951 5386 3416 5456 desperationem,
3453 5387 3623 5441 muti-

353 5484 416 5536 τδ
450 5483 607 5552 γένος
633 5481 745 5536 τῶν
767 5481 1042 5535 Ἰουδαίων
1060 5519 1077 5546 ,
1125 5477 1220 5533 τοῦ
1256 5480 1452 5550 μηκέτι
1478 5478 1784 5550 προσδοκᾷν
1809 5479 1922 5532 ἀνα·

2049 5478 2171 5533 lans
2210 5493 2385 5549 genus
2425 5477 2764 5546 Iudaeorum,
2803 5495 2871 5534 nc
2926 5480 3161 5550 amplius
3211 5481 3624 5536 revocationem

439 5641 482 5675 “
509 5641 674 5698 Micb.
711 5641 843 5708 v,2.
925 5641 967 5672 ¹¹
1000 5638 1138 5694 ibid.
1169 5638 1222 5692 Δ.
1302 5635 1347 5667 ⁸³
1393 5635 1530 5690 ibid.

1861 5721 2096 5779 NOTAE.

440 5823 554 5896 (57)
589 5827 775 5896 Εὐφρ.
809 5820 1095 5885 Rescribe,
1128 5817 1393 5890 Εὑφραθᾶ
1438 5817 1712 5887 ὀλιγοστὸς
1745 5813 1799 5876 εἴ
1841 5817 1922 5873 τοί

2024 5815 2114 5875 ’ναι
2151 5819 2208 5874 ἐν
2236 5817 2342 5890 χιλ.
2377 5818 2452 5874 lo.

765 5919 1038 5979 PATROL.
1083 5915 1200 5977 Gn.
1244 5912 1534 5975 LXXXV
1547 5913 1598 5978 l.-
3154 5909 3235 5980 22
