4088 6526
518 372 631 437 ’683

1446 371 1519 433 ‘S
1575 368 1999 434 GREGENTH
2014 368 2273 433 .EPISC.
2310 369 2841 436 TAPHARENSIS

3678 379 3787 443 684

512 493 868 560 exspectent.
896 486 1096 544 Verum
1123 502 1226 558 ego
1256 502 1368 543 non
1401 490 1640 559 amplius
1667 498 1763 544 tua
1794 490 1961 544 verba
1986 504 2085 543 sus

2205 488 2477 553 κλήσεως.
2510 488 2650 543 Ἀλλ’
2677 490 2789 559 ἐγὼ
2819 492 2920 545 οὐκ
2949 491 3211 563 ἀνέξομαί
3239 510 3333 547 σου
3362 495 3470 548 τῶν
3497 497 3784 567 ῥημάτων,

524 579 769 653 tinebo_:
808 578 1257 649 quandoquidem
1308 580 1637 649 prephetam
1695 580 1863 634 audio
1903 579 2099 634 Isaiam

520 673 798 729 dicentem
836 691 850 725 :
894 671 1131 743 Fulgebit
1152 671 1286 725 Deus
1316 674 1369 726 in
1401 672 1498 727 illa
1531 673 1615 726 die
1642 674 1697 726 in
1726 671 1946 726 concilio
1980 688 2100 725 cum

519 765 694 838 gloria
745 767 800 819 in
834 774 1000 830 terra,
1062 764 1366 819 utemtollat
1417 775 1467 818 et
1497 764 1667 836 gloria
1692 764 1919 820 illustret
1971 765 2101 817 resi-

520 859 685 912 duum
706 857 925 911 lsraelis
968 859 1024 910 in
1082 855 1241 911 Sione
1270 899 1284 921 ,
1328 866 1376 910 et
1423 858 1560 928 quod
1614 856 1875 928 reliquum
1923 866 1998 909 est
2042 856 2098 908 in

513 947 843 1002 Jerusalem.
875 946 1059 1002 Sancti
1089 963 1269 1001 omnes
1292 946 1633 1011 vocabuntur,
1677 948 1767 1017 qui
1818 944 2098 1014 conscripti

523 1042 595 1096 ad
628 1043 793 1095 vitam
831 1042 885 1094 in
928 1038 1236 1094 Jerusalem
1284 1038 1346 1093 ιδ.
1402 1040 1481 1093 Ac
1511 1039 1733 1103 deinde,
1763 1037 1915 1103 Quod
1959 1036 2097 1090 eluet

517 1132 776 1187 Dominus
807 1131 985 1186 sordes
1018 1131 1255 1199 ﬁliorum
1297 1140 1345 1185 et
1373 1130 1615 1199 ﬁliarum
1646 1129 1840 1193 Sionis,
1877 1138 1925 1183 et
1971 1145 2098 1182 san-

518 1225 732 1294 guinem
754 1222 1055 1276 Jerusalem
1079 1223 1393 1293 expurgabit
1435 1237 1463 1274 ε
1513 1222 1684 1275 medio
1711 1222 1967 1290 ipsorum,
1988 1219 2098 1290 spi-

517 1317 627 1369 ritu
649 1316 840 1385 judicii
870 1321 922 1367 et
950 1314 1170 1383 spiritus
1198 1312 1408 1367 ardoris
1434 1315 1498 1366 ¹⁸.
1535 1312 1766 1382 Oportet
1797 1311 1964 1381 igitur
1992 1325 2094 1364 nos

517 1407 792 1470 revocari,
820 1404 1289 1477 quemadmodum
1338 1404 1499 1459 audis
1543 1405 1937 1473 prophetarum
1969 1418 2094 1456 ora-

512 1501 659 1564 cula,
688 1500 999 1568 iterumque
1038 1498 1094 1551 in
1129 1498 1427 1567 pristinum
1464 1498 1735 1553 honorem
1766 1495 2087 1560 restaurari,

515 1592 627 1647 imo
657 1606 789 1646 vero
813 1590 868 1644 in
890 1588 1350 1659 praestantiorem.
1390 1586 1761 1653 Quamobrem
1804 1600 1886 1641 'ne
1954 1584 2089 1639 mihi

514 1684 751 1753 amplius
806 1681 1096 1751 multiplici
1167 1681 1468 1736 verborum
1523 1679 1859 1751 proﬂuentia
1915 1680 2090 1735 fretus

510 1774 739 1839 absiste,
773 1788 876 1828 nec
904 1772 1218 1834 adversare.
1275 1772 1370 1827 sed
1402 1771 1567 1827 crede
1633 1781 1689 1826 et
1718 1770 2085 1841 persuasissi-

2205 580 2396 652 ὲπειδὴ
2427 582 2613 635 ἀκούω
2638 582 2733 635 τοῦ
2759 586 3041 654 προφήτου
3070 586 3293 643 Ἦσαῖου
3318 586 3596 656 λέγοντος’
3630 590 3790 643 Ἐπι-

2203 669 2427 739 λὰμψει
2455 672 2488 724 ὁ
2514 673 2659 737 Θεὸς
2681 670 2756 740 τῇ
2779 672 2968 743 ἡμέρᾳ
2988 674 3193 747 ἐκείνῃ
3214 676 3504 745 ἐνβουλῇ
3522 676 3673 746 μετὰ
3692 678 3789 731 60'-

2203 761 2320 829 Εης
2370 762 2466 815 ἐπὶ
2520 761 2631 831 τῆς
2672 762 2825 833 γῆς,
2903 765 3009 818 τοῦ
3070 765 3316 834 ὑψῶσαι
3377 766 3473 820 καί
3526 767 3789 832 δοξάσαι

2202 855 2270 906 τὸ
2295 853 2701 921 καταλειφθὲν
2720 853 3086 922 τοῦνἸσραὴλ
3108 856 3177 909 ἑν
3198 855 3372 921 Σιὼν,
3396 858 3493 912 καὶ
3515 858 3581 911 τὸ
3605 876 3789 911 κατα-

2200 942 2449 1009 λειφθὲν
2473 943 2543 995 ἐν
2567 942 3053 1012 ’1ερουσα1ήμ.”Α
3064 962 3174 1013 rma
3198 946 3609 1013 κληθήσονται
3636 947 3789 1001 πάν-

2200 1050 2301 1097 τες
2338 1038 2392 1088 ol
2428 1034 2756 1103 ποαφέντες
2792 1036 2881 1101 εὶς
2911 1033 3067 1102 ζωὴν
3093 1036 3164 1088 ἐν
3195 1036 3616 1106 Ἰερουσαλήμ.
3671 1040 3787 1092 Καὶ

2203 1125 2501 1195 μετέπειτα
2522 1164 2535 1187 ,
2585 1126 2712 1179 Ὀτι
2743 1126 3044 1180 ἑκπλυνεῖ
3063 1128 3279 1196 Κύριος
3306 1130 3413 1182 τὸν
3428 1131 3636 1197 ῥύπον
3663 1130 3787 1184 τῶν

2198 1214 2347 1272 υιῶν
2371 1218 2467 1272 καί
2493 1216 2612 1271 τῶν
2636 1218 2976 1287 θυγατέρων
2996 1218 3171 1287 Σιὼν,
3199 1221 3295 1273 καὶ
3321 1222 3390 1275 τὸ
3411 1217 3554 1290 αἷμα
3568 1223 3787 1291 Ἰερου-

2197 1308 2408 1378 (mlius
2457 1310 2775 1378 ἐκκαθαρεῖ
2792 1310 2860 1363 ἐκ
2882 1312 3080 1380 μέσου
3105 1311 3323 1377 αὐτῶν,
3348 1314 3638 1381 πνεύματι
3661 1315 3787 1381 κρι-

2195 1415 2353 1465 σεως
2401 1399 2498 1454 καὶ
2545 1402 2842 1469 πνεύματι
2888 1403 3186 1469 καύσεως.
3251 1404 3461 1459 Οὐκοῦν
3510 1405 3592 1458 δεῖ
3634 1407 3785 1475 ἡμᾶς

2194 1491 2605 1563 ἀνακληθῆναι,
2662 1494 2843 1557 καθὼς
2886 1494 3108 1559 ἀκούεις
3146 1496 3244 1560 τὰς
3288 1498 3647 1568 προφητείας,
3683 1499 3783 1551 καὶ

2193 1581 2452 1649 γενέσθαι
2485 1584 2648 1637 πάλιν
2693 1585 2775 1647 είς
2811 1586 2912 1654 τὴν
2951 1586 3190 1657 ἀρχαίαν
3228 1588 3431 1658 τιμὴν,
3488 1588 3689 1658 μᾶλλον
3721 1588 3782 1642 δὲ

2192 1675 2287 1727 καὶ
2319 1675 2741 1747 περισσοτέραν.
2800 1677 2876 1731 Τὸ
2897 1677 3090 1732 λοιπὸν
3129 1681 3326 1751 μηκέτι
3360 1698 3449 1750 μοι
3480 1681 3781 1754 πολυλογῖᾳ

2190 1764 2473 1836 χρώμενος
2496 1766 2811 1832 ἁντίπιπτε,
2827 1766 2965 1820 ἀλλὰ
2987 1768 3277 1822 πίστευσον
3301 1769 3385 1822 ὅτι
3404 1768 3577 1833 οὕτως
3598 1769 3777 1835 ἔσται,
3870 1776 3877 1782 ’

507 1882 657 1922 mum
690 1865 930 1921 habeita
955 1864 1204 1919 futurum
1235 1880 1390 1919 esse:
1438 1865 1555 1921 sive
1610 1880 1774 1934 quam
1821 1864 2085 1933 primum,

2190 1857 2293 1911 κᾶν
2324 1857 2563 1930 πρῶτον,
2598 1858 2700 1912 κᾶν
2728 1857 2977 1932 ὕστερον.

507 1958 625 2012 sive
656 1957 709 2011 in
740 1964 1046 2026 posterum,
1069 1954 1211 2008 nihil
1251 1953 1442 2009 refert.

579 2048 638 2104 S.
667 2046 874 2104 ARCH.
901 2046 1111 2109 Divina:
1164 2045 1467 2117 Scriptura:
1516 2054 1830 2103 accuratam
1863 2050 2085 2105 subtilis-

506 2153 675 2200 tatem
698 2142 1126 2212 haudquaquam
1161 2139 1496 2210 intelligens,
1532 2141 1691 2195 vanis
1721 2150 1777 2195 et
1813 2141 2086 2197 adulteri-

505 2237 614 2296 nis,
647 2234 904 2290 futilibus
955 2242 1010 2287 et
1054 2231 1351 2286 inutilibus
1384 2231 1601 2286 notitiis
1643 2242 1695 2287 te
1725 2234 1903 2303 ipsum
1932 2236 2088 2291 ohle-

505 2336 643 2383 ctas.
672 2325 829 2393 Quod
864 2325 1013 2380 enim
1055 2325 1173 2378 ait:
1241 2320 1481 2393 Fulgebit
1509 2322 1652 2377 Deus
1691 2326 1745 2378 in
1775 2324 1859 2378 die
1882 2324 1981 2380 illa
2030 2328 2087 2381 in

504 2417 724 2474 concilio
772 2434 890 2471 cum
928 2415 1101 2487 gloria
1151 2416 1206 2469 in
1238 2423 1404 2478 terra,
1434 2422 1491 2466 ut
1529 2413 1750 2469 extollat
1804 2425 1851 2470 et
1905 2416 2079 2487 gloria

505 2510 737 2566 cumulet
766 2509 1016 2579 reliquias
1042 2506 1284 2573 Israelis,
1322 2506 1425 2559 hoc
1444 2506 1554 2577 jam
1581 2506 1947 2577 adimpletum
1979 2516 2082 2563 est.

504 2599 642 2655 Nam
678 2598 775 2653 Dei
812 2597 985 2652 Filius
1015 2596 1256 2666 unigena
1282 2595 1501 2665 fulgens
1546 2612 1615 2649 ex
1638 2604 1829 2651 sancta
1860 2597 2085 2668 Virgine

504 2689 739 2761 Deipara
785 2690 840 2743 in
890 2687 1219 2753 Jerusalem,
1273 2686 1537 2757 reliquias
1562 2686 1787 2743 lsraelis
1828 2688 2001 2758 gloria
2028 2696 2087 2744 et

506 2800 721 2839 nouere
751 2781 988 2838 extulit:
1030 2779 1356 2851 spiritaliter
1379 2788 1565 2834 autem
1616 2779 1789 2851 gloria
1839 2781 2083 2837 illustra-

501 2878 603 2943 vit,
629 2886 821 2933 etnon
870 2872 1252 2945 corporaliter,
1299 2873 1445 2928 sicut
1484 2880 1541 2927 tu
1574 2874 1813 2929 carnalis
1860 2874 2086 2931 Iudaeus

503 2968 690 3023 animo
716 2965 896 3037 lingis.
931 2964 1074 3032 Quid
1106 2972 1294 3018 autem
1354 2963 1611 3018 relictum
1660 2966 1755 3029 sit,
1810 2973 1867 3020 et
1923 2967 2085 3036 cujus

503 3074 670 3115 causa
698 3057 991 3127 scriptum,
1014 3054 1241 3110 attende
1267 3053 1586 3124 diligenter,
1629 3064 1690 3109 ut
1714 3055 1847 3109 boni
1871 3055 2082 3125 aliquid

500 3150 633 3211 inde
659 3148 966 3220 perdiscas.
993 3154 1050 3203 et
1075 3144 1224 3216 quod
1253 3145 1320 3200 ad
1351 3145 1583 3201 salutem
1615 3155 1789 3212 tuam,
1844 3146 1891 3202 si
1920 3147 2078 3211 velis,

2250 2041 2372 2096 Kal
2405 2044 2447 2096 Ο
2474 2042 2699 2098 ΑΙἸΟΣ.
2750 2042 2843 2117 Μὴ
2874 2046 3077 2109 συνιεὶς
3106 2048 3207 2117 τῆς
3233 2044 3385 2109 θείας
3402 2046 3637 2117 Γραφῆς
3677 2046 3780 2119 τὴν

2187 2135 2496 2206 ἀκρίϐειαν,
2524 2136 2703 2205 λόγοις
2730 2118 3005 2209 κισδήλοις
3032 2139 3127 2191 καὶ
3154 2138 3494 2207 ἀνωφελέσιν
3519 2118 3777 2201 ἑννοίαιζ,

2188 2229 2504 2298 χαροποιεῖς
2546 2229 2799 2282 σεαυτόν.
2855 2228 2930 2281 Τὸ
2974 2230 3104 2298 γὰρ,
3151 2229 3538 2299 Ἐπιλάμψει,
3585 2231 3777 2301 φησὶν,

2188 2321 2221 2372 ό
2267 2318 2413 2385 Θεὸς
2459 2318 2544 2387 τῇ
2586 2318 2776 2388 ἡμέρᾳ
2818 2320 3018 2389 ἐκείνῃ
3063 2320 3136 2374 ἐν
3161 2318 3366 2389 ,βουλῇ
3405 2323 3559 2389 μετὰ
3586 2321 3779 2389 δόξης

2185 2409 2285 2463 ἐπὶ
2331 2410 2443 2477 τῆς
2482 2409 2615 2480 γῆς,
2660 2410 2769 2465 τοῦ
2800 2412 3042 2481 ὑψῶσαι
3074 2414 3174 2467 καὶ
3204 2414 3464 2477 δοξάσαι
3486 2415 3561 2469 »τὸ
3588 2431 3775 2469 κατα-

2184 2500 2434 2570 λειφθὲν
2463 2503 2570 2557 τοῦ
2605 2504 2877 2572 Ἰσραὴλ,
2919 2506 3021 2577 ήδη
3053 2506 3368 2577 γεγένηται.
3405 2507 3643 2577 Λάμψας
3666 2508 3778 2579 γὰρ

2184 2595 2213 2646 ὁ
2240 2595 2543 2666 μονογενὴς
2586 2596 2716 2659 mc
2758 2597 2854 2651 τοῦ
2890 2596 3027 2651 Θεοῦ
3081 2599 3147 2652 ἐκ
3177 2600 3279 2669 τῆς
3308 2600 3469 2669 ἁγίας
3486 2599 3777 2671 Παρθένου

2185 2687 2283 2740 καὶ
2331 2686 2598 2741 Θεοτόκου
2646 2690 2705 2741 ὲν
2737 2690 3096 2764 Ἰερουσαλὴμ
3120 2730 3135 2756 ,
3196 2692 3416 2757 ἑδόξασε
3458 2694 3553 2745 καὶ
3589 2691 3777 2761 ὖψωσε

2183 2779 2247 2832 es
2293 2781 2651 2853 κατάλειμμα
2697 2782 2793 2836 τοῦ
2828 2783 3071 2856 Ἰσραήλ.
3138 2784 3536 2856 Πνευματικῶς
3565 2784 3622 2837 δὲ
3655 2783 3777 2837 ὲδό-

2187 2868 2319 2935 ξασε
2350 2871 2545 2937 τοῦτο,
2605 2874 2702 2927 καὶ
2746 2875 2868 2944 οὐχὶ
2899 2876 3260 2946 σωματικῶς,
3303 2876 3380 2940 ὡς
3414 2877 3480 2930 σὺ
3510 2874 3777 2948 σαρκικὸς

2197 2964 2449 3030 Ἰουδαῖος
2478 2966 2749 3038 φαντάζη.
2783 2967 2848 3020 Τί
2871 2967 2927 3021 δὲ
2957 2967 3018 3022 τὸ
3048 2967 3431 3037 καταλειφθὲν,
3461 2968 3557 3021 καὶ
3574 2966 3669 3021 διὰ
3689 2967 3777 3020 τί·

2184 3075 2275 3122 νος
2302 3059 2537 3130 γραφὲν,
2571 3059 2808 3132 πρόσεχε
2838 3060 3120 3133 ἀκριϐῶς,
3171 3062 3256 3115 ἵνα
3286 3061 3432 3132 γνῷς
3457 3060 3512 3113 τί
3532 3059 3774 3129 κάγαθὸν,

2185 3148 2281 3202 καὶ
2328 3151 2409 3213 είς
2456 3151 2735 3221 σωτηρίαν
2765 3168 2883 3217 σου,
2908 3153 3069 3224 εἴπερ
3102 3151 3305 3222 βούλει,
3336 3151 3645 3223 ἐπιτήδειον
3667 3164 3682 3179 ’
3709 3151 3776 3205 τὸ

500 3210 855 3297 commodum
911 3238 984 3294 sit
1034 3210 1523 3302 et-eondueibile,
1573 3210 1865 3308 intelligas.
1922 3210 2081 3305 Quod

2186 3210 2552 3308 καταλειφθὲν
2591 3210 2698 3295 ’τοῦ
2745 3210 2999 3315 Ἰσραὴλ,
3039 3210 3122 3298 ’τὸ
3167 3245 3226 3297 ἐν
3263 3210 3328 3314 τέ’]
3363 3210 3641 3313 παρουσίᾳ
3673 3239 3773 3296 τοῦ

500 3332 775 3402 reliquum
796 3338 881 3385 est
903 3346 969 3384 ex
992 3328 1216 3393 lsraele,
1248 3327 1549 3382 multitudo
1583 3336 1669 3382 est
1701 3328 2078 3393 Hebraeorum,

501 3400 1066 3492 quae—cumAChristus
1091 3418 1337 3483 advenit,
1384 3417 1440 3471 in
1495 3433 1623 3473 eum
1662 3417 1945 3473 credidit:
1992 3434 2081 3473 re-

500 3513 629 3568 licta
658 3512 808 3567 enim
865 3508 967 3564 fuit
998 3524 1030 3564 a
1087 3509 1342 3575 Domino,
1392 3507 1657 3563 videlicet
1712 3509 1910 3566 electa.
1943 3510 2080 3565 Nam

500 3620 675 3676 genus
706 3604 1011 3658 humanum
1042 3617 1075 3656 a
1103 3600 1420 3656 daemonum
1458 3600 1750 3672 tyrannide
1809 3610 1867 3657 et
1912 3618 2082 3657 vexa-

501 3697 674 3761 tione,
708 3711 831 3765 qure
858 3695 1043 3749 animo
1076 3702 1131 3747 et
1158 3702 1342 3747 mente
1390 3693 1743 3763 intelligitur,
1799 3704 2078 3750 servatum

498 3788 623 3850 fuit,
655 3795 715 3841 ut
744 3786 840 3841 Dei
875 3785 1015 3840 Filio
1069 3783 1321 3840 crederet
1350 3783 1512 3854 623
1561 3794 1618 3838 et
1647 3785 1859 3840 salvum
1894 3796 2076 3841 esset:

501 3888 563 3933 ut
612 3895 723 3933 non
769 3877 1021 3931 funditus
1071 3891 1249 3947 genus
1295 3875 1656 3929 Hebraeorum
1701 3876 1990 3943 interiret,
2032 3882 2079 3936 si

500 3972 664 4028 fidem
714 3985 827 4031 non
862 3970 1172 4035 habuisset,
1208 3977 1263 4023 et
1294 3969 1644 4024 incredulum
1676 3971 1908 4028 omnino
1955 3989 2081 4044 per-

499 4062 816 4118 mansisset.
856 4061 933 4115 De
974 4059 1077 4114 hac
1124 4059 1273 4113 enim
1324 4074 1538 4113 summa
1590 4060 1860 4130 propheta
1907 4060 2076 4115 dicit:

497 4157 612 4214 Nisi
644 4155 898 4209 Dominus
928 4153 1064 4207 vobis
1082 4151 1380 4222 reliquisset
1436 4169 1635 4217 semen,
1668 4154 1799 4206 sicut
1848 4151 2078 4207 Sodoma

499 4243 627 4313 {acti
656 4241 902 4311 fuissetis,
933 4247 982 4292 et
1036 4239 1341 4296 Gomorrha:
1372 4240 1568 4295 similes
1600 4242 1765 4312 effecti
1793 4245 1970 4297 essetis
1998 4245 2075 4298 ’σε

498 4333 817 4404 signiﬁcans
846 4348 964 4397 eos,
992 4332 1086 4402 qui
1117 4347 1185 4386 ex
1241 4333 1403 4387 vobis
1440 4333 1805 4389 crediderunt
1855 4346 1912 4391 et
1939 4336 2077 4391 salvi

498 4427 627 4482 t‘aeti
661 4434 811 4482 sunt.
862 4424 1019 4492 Quod
1070 4437 1256 4480 autem
1310 4425 1602 4495 scriptum,
1672 4426 1742 4481 ad
1773 4429 1958 4495 vitam,
2007 4430 2076 4484 ad

2185 3331 2426 3402 Χριστοῦ
2461 3332 2758 3389 πιστεῦσαν
2784 3334 2988 3405 πλῆθος
3017 3336 3126 3389 τῶν
3157 3336 3427 3407 Ἐϐραίων
3454 3334 3593 3388 ἐστί.
3624 3334 3776 3386 Κατ-

2182 3423 2409 3495 ελείφθη
2439 3424 2497 3477 δὲ
2530 3425 2636 3479 ὑπὸ
2662 3426 2873 3497 Κυρίου
2893 3468 2908 3493 ,
2959 3428 3130 3499 ἦγουν
3171 3427 3428 3498 ὲκλεχθέν
3452 3444 3467 3458 ·
3525 3425 3771 3498 ἐτηρήθη

2185 3513 2294 3566 ἀπὸ
2361 3513 2471 3567 τῶν
2522 3514 2935 3585 τυραννούντων
2998 3517 3205 3587 νοητῶς
3258 3515 3531 3588 προλήψει
3581 3515 3773 3569 παθῶν

2183 3605 2455 3674 δαιμόνων
2479 3646 2494 3669 ,
2551 3606 2613 3661 τὸ
2640 3608 2798 3676 γένος
2826 3608 2937 3662 τῶν
2963 3608 3269 3680 ἀνθρώπων
3288 3648 3302 3672 ,
3366 3610 3454 3662 ἵνα
3497 3606 3775 3681 πιστεύσῃ

2183 3697 2260 3769 τῷ
2301 3698 2416 3771 Υίῷ
2464 3698 2558 3753 τοῦ
2601 3699 2771 3766 Θεοῦ,
2830 3702 2922 3754 καὶ
2969 3701 3148 3773 σωθῇ,
3197 3702 3345 3765 ὅπως
3380 3702 3454 3773 μὴ
3487 3698 3773 3763 παντελῶς

2183 3794 2459 3862 ἀπόληται
2488 3794 2802 3864 ἁπιστῆσαν
2829 3794 2889 3848 τὸ
2915 3795 3073 3863 γένος
3100 3795 3210 3848 τῶν
3243 3794 3537 3866 Ἐϐραίων.
3600 3793 3769 3863 Λέγει

2183 3887 2294 3959 γὰρ
2343 3887 2473 3959 περὶ
2514 3886 2611 3941 τοῦ
2644 3888 2943 3956 κεφαλαίου
2974 3887 3164 3943 τούτου
3204 3888 3525 3960 προφήτης·
3582 3886 3651 3940 Ei
3677 3886 3768 3956 μὴ

2183 3980 2401 4048 Κύριος
2450 3978 2847 4049 ἐγκατέλιπεν
2898 3979 3040 4049 ὑμῖν
3085 3980 3362 4048 σπέρμα,
3416 3980 3497 4044 ὠς
3527 3977 3769 4047 Σόδομα

2183 4072 2261 4127 ὃν
2292 4071 2651 4140 ἐγενήθητε,
2714 4071 2812 4125 καί
2859 4071 2939 4138 ὡς
2979 4070 3255 4139 Γόμορῤα
3289 4067 3367 4121 ἂν
3397 4067 3765 4137 ὡμοιώθητε·

2185 4161 2469 4232 σημαίνων
2496 4160 2623 4225 τοὺς
2649 4159 2710 4225 ἐξ
2736 4161 2765 4213 ὑ
2774 4158 2891 4229 μῶν
2920 4159 3321 4221 πιστεύσαντας
3346 4157 3440 4210 καὶ
3464 4156 3762 4216 σωθέντας.

2183 4254 2256 4308 Τὸ
2284 4253 2341 4306 δὲ
2368 4252 2604 4325 γραφὲν,
2635 4254 2721 4319 είς
2748 4250 2922 4320 ζωὴν,
2962 4252 3043 4314 εἰς
3070 4251 3170 4322 τὴν
3198 4247 3526 4320 ἐπουράνιον
3551 4246 3767 4316 γραφὲν

2181 4345 2349 4417 ζωὴν,
2371 4346 2525 4416 παρὰ
2549 4344 2642 4399 τοῦ
2674 4342 2998 4416 μονογενοῦς
3027 4341 3156 4396 Υἰοῦ
3179 4341 3274 4396 τοῦ
3296 4340 3457 4402 Θεοῦ,
3478 4338 3761 4409 σημαίνει.

2184 4439 2309 4491 Ὅτι
2336 4436 2401 4508 δὴ
2434 4437 2666 4492 ἔπλυνες
2696 4434 2805 4489 τὸν
2822 4436 3028 4504 ῥύπον
3070 4432 3190 4487 τῶν
3216 4432 3363 4488 υἱῶν
3392 4432 3489 4486 καὶ
3516 4429 3638 4484 τῶν
3659 4432 3766 4483 θυο

498 4514 944 4608 δυρετεοθιθεξεξιι
968 4514 1139 4608 Vita"!
1184 4513 1451 4608 δθτξβψῐη
1492 4521 1597 4608 θεῖ)
1637 4528 1802 4608 lilium
1833 4515 1903 4570 ab
1951 4517 2077 4570 υηί·
2108 4554 2152 4608 υ
2181 4528 2449 4600 τατέρων
2470 4528 2648 4593 Σιὼν,
2679 4527 2790 4582 τῶν
2814 4527 3225 4583 πιστευσάντων
3255 4525 3420 4594 φησι⁸
3457 4523 3550 4576 καὶ
3581 4521 3641 4575 τὺ
3668 4516 3764 4575 αἷ-

497 4606 683 4677 genito
708 4606 803 4660 Dei
837 4604 979 4659 Filio
998 4603 1244 4674 pendere
1271 4603 1504 4658 indicat.
1558 4604 1718 4669 Quod
1745 4620 1879 4660 vero
1925 4605 2071 4675 ﬁlio-

496 4714 617 4753 rum
642 4706 692 4750 et
710 4695 961 4765 ﬁliarum
989 4693 1165 4750 Sionis
1197 4694 1376 4748 sordes
1407 4692 1537 4749 eluit
1577 4704 1635 4750 et
1666 4694 1922 4763 detersit,
1974 4713 2072 4755 e0-

497 4804 620 4841 rum
655 4786 751 4856 qui
786 4784 1148 4841 crediderunt
1174 4784 1475 4855 intelligit:
1501 4787 1725 4857 etquod
1753 4792 2072 4861 sanguinem

496 4881 721 4933 civitatis
754 4876 1059 4932 Jerusalem
1083 4877 1348 4931 mandans
1380 4878 1623 4948 expiavit
1643 4895 1675 4935 e
1700 4881 1885 4938 medio
1917 4884 2073 4954 ipso-

495 4987 644 5035 rum,
674 4971 921 5041 pretioso
953 4978 1009 5024 et
1034 4979 1228 5026 sancto
1254 4971 1607 5040 baptismate,
1637 4974 1823 5031 nullus
1867 4984 1953 5031 est
1973 4978 2070 5047 qui

493 5061 856 5116 contradicat.
890 5062 967 5116 De
987 5062 1094 5116 hoc
1126 5062 1277 5117 enim
1302 5062 1473 5119 Isaias
1499 5065 1866 5121 vaticinatur:
1893 5067 2069 5123 Lava-

493 5154 645 5218 mini,
678 5155 863 5208 mundi
889 5161 1052 5209 estote
1081 5155 1145 5219 ",
1177 5164 1234 5210 et
1255 5164 1473 5211 caetera.
1499 5155 1656 5223 Quod
1682 5161 1877 5229 spiritu
1915 5162 2069 5231 judi-

491 5244 579 5309 cii,
611 5259 801 5299 amore
821 5253 877 5299 et
919 5245 1309 5302 benevolentia
1342 5263 1473 5318 erga
1509 5248 1765 5305 homines
1800 5252 2070 5322 dijudica-

492 5334 657 5400 verit,
688 5333 900 5405 Spiritu
926 5347 1143 5401 sancto,
1168 5346 1225 5392 et
1264 5338 1665 5409 excogitaverit
1709 5350 1924 5397 tantum
1967 5344 2068 5399 bo-

491 5437 647 5488 num,
678 5424 834 5496 Quod
858 5428 1052 5499 spiritu
1079 5427 1311 5491 ardoris,
1350 5428 1475 5498 igne
1520 5429 1607 5484 sui
1637 5431 1866 5499 spiritus
1915 5450 2070 5491 eom-

491 5512 735 5571 liusserit
776 5533 971 5574 eorum
997 5519 1207 5582 debita,
1239 5520 1335 5588 qui
1395 5536 1491 5590 per
1515 5520 1677 5577 ﬁdem
1704 5525 1974 5582 accedunt
2000 5531 2069 5585 ad

2175 4637 2263 4691 μα
2286 4619 2684 4689 Ἰερουσαλὴμ
2704 4617 3087 4687 ἐκάθηρεν-’ὲκ
3108 4618 3275 4689 μέσου
3297 4614 3477 4669 αὐτῶν
3496 4612 3573 4683 τῷ
3590 4613 3763 4683 τιμίῳ

2179 4712 2275 4765 καὶ
2305 4711 2444 4782 ἁγίῳ
2474 4710 2849 4781 βαπτίσματι,
2892 4710 3069 4773 οὐδεὶς
3096 4712 3124 4764 ὁ
3150 4708 3411 4780 ἀντερῶν.
3459 4708 3623 4775 Λέγει
3649 4706 3762 4776 γὰρ

2180 4804 2420 4867 -Ἥσαῖας
2472 4804 2603 4872 περὶ
2646 4803 2837 4857 τούτου
2857 4844 2872 4868 ,
2927 4804 3246 4857 Λούσασθε
3276 4800 3375 4855 καί
3402 4798 3646 4867 καθαροὶ
3675 4800 3761 4867 τί·

2177 4900 2380 4962 νεσθε,
2414 4896 2511 4949 καὶ
2540 4894 2611 4949 τὰ
2632 4896 2779 4967 ἑξῆς.
2799 4896 2921 4949 Ὅτι
2950 4896 3242 4964 πνεύματι
3271 4892 3543 4963 κρίσεως,
3572 4888 3763 4958 φιλαν-

2180 4988 2401 5061 θρωπίᾳ
2447 4988 2767 5061 διακρίνας,
2829 4989 3112 5059 Πνεύματι
3143 4986 3315 5057 ἁγίῳ,
3375 4984 3469 5037 καὶ
3519 4981 3762 5052 ἐξευρὼν

2175 5082 2237 5135 τὺ
2264 5081 2583 5151 τηλικοῦτον
2607 5081 2833 5150 ἀγαθόν.
2880 5082 3003 5135 Ὀτι
3032 5080 3324 5148 πνεύματι
3351 5076 3649 5140 καύσεως,
3682 5072 3763 5143 τῷ

2176 5173 2311 5245 πυρὶ
2344 5172 2440 5227 τοῦ
2476 5173 2607 5227 ίδίου
2651 5172 2968 5244 πνεύματος
3011 5170 3356 5239 καταφλέξας
3399 5168 3509 5220 τῶν
3552 5166 3644 5219 διὰ
3673 5164 3764 5218 πί-

2177 5281 2349 5327 στεως
2375 5264 2834 5336 προσερχομένων
2868 5267 2934 5335 τῇ
2968 5262 3323 5333 κολυμϐήθρᾳ
3349 5259 3418 5313 τὰ
3441 5257 3758 5327 ὀφλήματα.

2176 5356 2489 5410 Καυστικον
2538 5357 2648 5428 γὰρ
2701 5355 3065 5426 μολυσμάτων
3113 5355 3175 5408 τὺ
3207 5352 3434 5421 Πνεῦμα
3475 5350 3537 5402 τὸ
3568 5349 3757 5415 ἅγιονο

2176 5447 2238 5502 τὸ
2281 5448 2374 5513 δὲ,
2421 5448 2694 5518 ’Υψῶσαι
2755 5450 2857 5505 καὶ
2905 5448 3165 5513 δοξάσαι
3223 5446 3293 5500 τὸ
3337 5440 3759 5509 καταλειφθὲν.

2176 5537 2237 5592 τὸ
2288 5537 2493 5610 πλῆθος
2548 5539 2644 5594 τοῦ
2694 5541 2917 5614 Ἰσραήλ
2960 5542 3150 5608 ἐστιν,
3214 5538 3353 5610 ὅπερ
3411 5534 3572 5589 ὲσθὲν
3615 5526 3758 5604 (58)

558 5636 1020 5705 “lsa.1v,2,3.
1112 5601 1417 5693 ηίυίειῗδ.
1495 5637 1819 5706 “153.1,9.
1901 5641 2221 5708 "ibid.16.

563 5796 674 5872 (58)
714 5795 952 5854 Ἐσθέν.
987 5796 1149 5857 Forte
1177 5796 1422 5866 λονσθὲν,
1450 5797 1581 5856 lota.
1610 5798 1816 5857 GULON.

2003 5732 2236 5798 NOTAE.
