4094 6542
345 381 455 446 685

1301 388 1757 456 DISPUTATIO
1795 398 1954 460 CUM
1991 398 2354 460 HERBANO
2389 398 2677 462 JUDIEO.

3485 405 3590 469 686

343 486 456 540 ἀπὸ
502 488 600 557 τῆς
646 486 906 554 ἀπιστίας
951 490 1103 562 παρὰ
1143 489 1239 545 τοῦ
1274 494 1492 548 Σατανᾶ
1528 496 1742 567 (καθὼς
1771 502 1916 572 αὐτῷ

2023 504 2317 573 piscinam.
2349 505 2484 560 Nam
2509 505 2750 574 Spiritus
2766 513 2994 561 sanctus
3011 505 3204 564 sordes
3224 516 3282 564 et
3302 509 3457 566 labes
3477 515 3588 568 ani.

345 577 748 650 ἐνεϐριμήσατο
793 582 822 634 6
867 579 1060 647 Θεὸς,
1095 582 1164 636 δι’
1205 584 1465 650 ἀπιστίας
1522 587 1768 657 βάλλοντι
1814 595 1922 645 πᾶν

345 669 409 724 τὸ
435 672 589 738 γένος
623 671 730 725 τῶν
760 669 1062 745 Ἰουδαίων)
1111 675 1369 730 τοσοῦτον
1398 679 1584 751 ὑψώθη
1623 683 1718 735 καὶ
1745 682 1924 750 ἐδοξά-

347 762 472 832 σθη,
509 760 649 815 ὥστε
682 762 860 816 πάντα
889 764 958 818 τά
984 765 1110 838 ἔθνη
1142 768 1211 820 τά
1239 770 1565 823 πιστεύοντα
1597 774 1675 834 είς
1703 773 1793 826 τὸν
1815 774 1923 827 Κῦ-

345 852 459 921 ριόν
489 869 591 922 μου
627 854 721 905 κα.)⁸
754 853 887 907 Θεὸν
921 857 1130 925 Ἰησοῦν
1159 859 1424 930 Χριστὸν,
1482 859 1669 915 ἔκτοτε
1701 863 1794 917 καὶ
1825 865 1924 935 μέ-

343 961 435 1014 χρι
471 945 568 1013 τῆς
598 943 757 1016 δεῦρο
787 948 1022 1017 τιμῶσιν
1068 950 1165 1002 καὶ
1206 950 1521 1016 δοξάζουσιν
1553 955 1749 1020 αὐτοὺς
1770 999 1784 1020 ,
1831 959 1924 1010 καὶ

342 1034 669 1106 εὖκτηρίους
691 1036 871 1103 οἴκους
900 1040 1294 1112 ἀνεγείρουσιν,
1315 1044 1409 1096 καὶ
1431 1044 1619 1113 ἁγίους
1638 1048 1731 1100 καὶ
1748 1047 1924 1102 δικαί-

341 1143 437 1190 ους
474 1127 802 1197 ὀνομάζουσι
835 1132 1065 1196 αὐτοὺς,
1125 1133 1219 1187 καὶ
1259 1134 1357 1198 τὰς
1392 1135 1548 1202 ἁγίας
1574 1138 1752 1190 αὐτῶν
1780 1141 1920 1210 μνή-

345 1236 455 1287 μας
503 1221 623 1273 κατ’
645 1221 764 1285 ἔτος
813 1223 1162 1288 ἐπιτελοῦσι,
1215 1225 1401 1290 καθὼς
1447 1227 1788 1298 γέγραπται,
1840 1231 1922 1284 ὅτι

342 1309 490 1379 ἅγιοι
516 1312 716 1374 πάντες
739 1313 1130 1385 κληθήσονται,
1161 1319 1311 1388 παρὰ
1337 1317 1444 1370 τῶν
1467 1319 1636 1371 ἐθνῶν
1659 1321 1920 1392 δηλονότι,

340 1404 391 1456 οί
441 1404 897 1475 ἀπογραψάμενοι
949 1405 1028 1478 τῷ
1071 1409 1258 1480 νόμῳ,
1329 1410 1425 1463 καὶ
1483 1413 1791 1482 γραφέντες
1841 1415 1922 1478 είς

342 1496 511 1568 ζωὴν.
537 1499 661 1569 ἥτις
689 1500 836 1552 ἐστὶν
861 1502 888 1553 6
913 1501 1170 1570 Χριστὸς,
1210 1503 1276 1572 τῇ
1306 1503 1488 1556 πίστει
1515 1503 1706 1574 καὶτῷ
1729 1503 1921 1573 βαπτί-

343 1607 533 1661 σματι.
573 1593 682 1646 Καὶ
712 1593 856 1663 ἔχεις
881 1593 1010 1657 τοὺς
1043 1595 1108 1664 ιβ’
1133 1595 1491 1660 ἀποστόλους,
1529 1596 1674 1666 ἔχεις
1702 1599 1828 1661 τοὺς
1854 1596 1916 1665 o',

341 1683 487 1753 ἔχεις
519 1685 643 1747 τοὺς
671 1684 748 1754 ,β,
787 1685 930 1756 ἔχεις
962 1687 1090 1749 τοὺς
1121 1703 1162 1750 ,ε
1195 1690 1322 1750 τοὺς
1353 1690 1630 1756 φαγόντας
1661 1691 1788 1752 τοὺς
1817 1689 1920 1752 ἄρ-

337 1793 465 1839 τους
484 1815 501 1840 ,
554 1777 698 1848 ἔχεις
743 1781 871 1842 τοὺς
896 1780 939 1843 ,δ
969 1778 1063 1842 οὓς
1091 1781 1302 1844 πάντας
1324 1782 1724 1846 ἀπεκτείνατε,
1777 1784 1918 1856 μάρ-

2025 595 2100 648 mi
2159 597 2356 651 ardore
2407 613 2509 651 suo
2541 598 2803 652 absumit.
2860 598 2998 652 lllud
3031 608 3239 664 autem,
3285 611 3344 653 ut
3373 605 3594 660 extollat

2024 694 2072 738 et
2123 687 2296 758 gloria
2341 689 2533 758 aﬁiciat
2572 689 2845 758 reliquias,
2881 690 3180 744 multitudo
3226 701 3311 745 est
3346 693 3591 751 lsraeliS'

2025 792 2146 846 quae
2175 793 2336 832 exesa
2364 794 2392 832 a
2417 777 2670 848 perﬁdia,
2698 794 2727 832 a
2757 779 2957 832 Satana
2992 778 3159 849 (sicut
3183 778 3234 833 ei
3268 779 3476 834 acriter
3497 783 3588 836 mi-

2024 878 2186 925 natus
2211 880 2296 926 est
2341 872 2506 932 Deus,
2539 879 2769 940 propter
2832 870 3278 926 incredulitatem
3335 886 3399 926 ac
3428 874 3593 941 perfl-

2024 960 2168 1014 diam
2193 961 2509 1015 Iudaeorum
2532 977 2706 1030 genus
2736 961 3054 1032 exagitanti)
3079 978 3252 1033 usque
3275 963 3413 1019 adeo
3446 965 3596 1018 exal-

2024 1061 2134 1106 tata
2167 1061 2250 1107 est
2283 1061 2337 1107 et
2372 1052 2699 1123 glorificata,
2735 1062 2798 1108 ut
2823 1068 3018 1109 omnes
3049 1064 3243 1125 gentes
3265 1071 3387 1124 qua:
3413 1056 3468 1109 in
3493 1056 3596 1110 Do-

2023 1147 2233 1200 minum
2259 1163 2441 1200 meum
2466 1153 2522 1200 et
2563 1147 2734 1200 Deum
2769 1148 2956 1203 Jesum
3012 1148 3294 1204 Christum
3338 1151 3596 1217 credunt,

2022 1253 2089 1292 ex
2112 1254 2178 1292 eo
2199 1239 2338 1293 etad
2364 1239 2468 1292 hoc
2495 1254 2670 1308 usque
2707 1249 2923 1310 tempus
2968 1241 3178 1296 honore
3209 1257 3306 1296 eos
3335 1242 3596 1307 alliciant,

2021 1339 2076 1384 et
2104 1330 2278 1400 gloria
2306 1329 2573 1384 efferant:
2611 1331 2786 1386 sacris
2843 1332 2980 1386 locis
3004 1332 3120 1386 sive
3157 1333 3416 1386 oratoriis
3446 1333 3598 1387 exci-

2021 1430 2172 1476 tent:
2209 1421 2433 1476 eosdem
2472 1430 2692 1476 sanctos
2716 1429 2771 1476 et
2817 1423 2996 1492 justos
3027 1423 3348 1478 nominent:
3379 1432 3600 1481 sanctas

2023 1513 2266 1583 ipsorum
2322 1513 2880 1568 commcmorationes
2936 1515 3236 1584 quotannis
3259 1516 3593 1572 celebrent:

2022 1606 2166 1660 sicut
2189 1605 2452 1675 scriptum
2476 1615 2582 1672 est,
2614 1607 2760 1675 quod
2795 1608 2972 1661 sancti
3028 1621 3221 1662 omnes
3255 1607 3304 1678 (a
3333 1608 3600 1678 gentibus

2020 1698 2305 1767 nimirum)
2330 1699 2700 1762 vocabuntur,
2735 1699 2826 1768 qui
2860 1699 3004 1768 apud
3033 1699 3210 1769 legem
3241 1715 3442 1754 nomen
3467 1716 3598 1770 pro-

2021 1787 2173 1854 fessi,
2199 1797 2255 1843 et
2289 1788 2344 1842 in
2366 1789 2537 1842 vitam
2576 1791 2720 1860 (quae
2745 1797 2831 1843 est
2893 1790 3011 1858 ipse
3054 1789 3336 1861 Christus)
3369 1791 3599 1861 ascripti

335 1885 509 1938 τυρας
539 1870 736 1934 αὐτοὺς
767 1871 863 1924 τοῦ
895 1872 1102 1942 Κυρίου
1138 1890 1238 1942 μου
1269 1873 1445 1944 Ἰησοῦ
1474 1873 1715 1945 Χριστοῦ
1747 1877 1916 1946 ἁπερ-

2017 1896 2114 1951 per
2133 1880 2292 1936 [idem
2320 1890 2376 1936 et
2399 1881 2668 1950 baptisma
2691 1882 2936 1936 fuerunt.
2957 1879 3138 1936 Habes
3151 1883 3443 1938 duodecim
3461 1899 3600 1955 apo-

336 1962 658 2031 γασάμενοι.
723 1963 845 2016 Εἰσὶ
885 1964 980 2017 καὶ
1020 1963 1175 2018 ἄλλαι
1206 1964 1376 2035 ψυχαὶ
1407 1967 1619 2030 πολλαὶ,
1655 1968 1714 2019 οὐ
1749 1969 1911 2037 μόνον

2017 1973 2196 2036 stolos,
2211 1973 2379 2026 habes
2396 1972 2739 2042 septuaginta
2757 1971 3074 2041 discipulos;
3093 1973 3384 2029 habesduo
3404 1975 3597 2040 millia,

337 2053 569 2124 ἄνδρες,
624 2055 761 2108 ἀλλὰ
806 2057 902 2110 καὶ
942 2060 1198 2125 γυναῖκες
1221 2075 1239 2120 ,·
1293 2060 1496 2122 αἵτινες
1537 2059 1596 2126 ἐξ
1641 2059 1911 2115 Ἰουδαίων

2017 2063 2192 2118 habes
2217 2064 2464 2132 quinque
2503 2063 2675 2116 millia
2724 2063 3012 2117 hominum
3077 2065 3171 2134 qui
3233 2066 3599 2121 comederunt

337 2148 784 2221 ἐπεστράφησαν,
821 2151 915 2204 καὶ
947 2153 1251 2223 προσῆλθον
1278 2153 1355 2223 τῷ
1386 2155 1526 2225 ἁγίῳ
1551 2153 1913 2236 βαπτίσματι.

2017 2168 2221 2223 panes;
2273 2151 2445 2206 habes
2478 2160 2719 2220 quatuor
2745 2152 2938 2215 millia,
2968 2167 3110 2222 quos
3137 2169 3333 2209 omnes
3365 2156 3598 2210 interfe-

339 2240 478 2306 Περὶ
518 2237 592 2292 ῶν
639 2243 858 2296 πάντων
905 2244 1000 2296 καὶ
1044 2245 1235 2298 πασῶν
1269 2245 1510 2315 ἔγραψεν
1544 2247 1572 2298 6
1608 2247 1916 2318 προφήτης,

2021 2243 2314 2307 cistis,eos
2341 2258 2534 2297 omnes
2559 2243 2774 2296 Domini
2830 2243 2936 2298 mei
2971 2243 3101 2298 Jesu
3134 2244 3340 2300 Christi
3396 2255 3602 2318 marty-

333 2331 417 2386 ὅτι
453 2333 523 2388 Τὸ
551 2335 996 2404 ἐγκατάλειμμα
1024 2336 1130 2390 τοῦ
1160 2337 1407 2404 Ἰσραὴλ
1441 2339 1802 2406 σωθήσεται.
1835 2390 1855 2408 4

2024 2349 2135 2397 res,
2165 2333 2219 2386 id
2249 2341 2353 2396 est,
2409 2340 2582 2386 testes
2612 2331 2936 2385 ellicientes.
2967 2331 3110 2386 Sunt
3150 2343 3208 2387 et
3247 2333 3368 2388 alia:
3402 2335 3600 2390 animae

335 2423 542 2487 multae,
569 2440 680 2478 non
706 2426 888 2479 solum
957 2425 1229 2489 virorum,
1301 2425 1398 2480 sed
1445 2427 1610 2481 etiam
1644 2427 1966 2486 mulierum.
2001 2439 2122 2494 quae
2158 2437 2226 2476 ex
2265 2421 2476 2476 Judaeis
2513 2435 2794 2476 conversae
2828 2421 3080 2482 fuerunt,
3138 2430 3194 2476 et
3253 2422 3322 2476 ad
3378 2439 3600 2479 sacrum

333 2513 612 2571 lavacrum
659 2525 1046 2572 accesserunt:
1083 2517 1150 2572 de
1187 2517 1390 2586 quibus
1409 2519 1667 2574 omnibus
1699 2519 1894 2575 scribit
1932 2516 2220 2589 propheta,
2257 2513 2396 2584 quod
2439 2511 2694 2576 Reliquiae
2713 2511 2930 2565 Israelis
2945 2513 3109 2566 salva!
3139 2511 3290 2581 ﬁent.
3580 2529 3583 2532 '

407 2611 652 2664 EPBAN.
697 2611 784 2677 Ἐξ
819 2612 1034 2675 εὐθείας
1065 2612 1440 2683 μετέστρεψας
1469 2614 1538 2666 τὰ
1562 2616 1782 2686 ῥήματα
1813 2615 1912 2685 τῆς

336 2702 676 2772 προφητείας
724 2705 804 2764 εἰς
855 2700 956 2773 την
999 2702 1200 2755 σαυτοῦ
1269 2703 1574 2774 ἀντίληψιν.
1627 2706 1800 2775 Πλὴν,
1855 2707 1905 2758 εἰ

336 2794 436 2846 καὶ
464 2794 637 2857 οὕτως
667 2793 802 2862 ἔχει,
833 2795 964 2847 πότε
1002 2796 1028 2846 6
1057 2794 1470 2865 ἐσταυρωμένος
1502 2795 1819 2864 περιπατῶν
1857 2798 1914 2849 ἐν

345 2884 928 2956 Ἰερουσαλὴμ,καθὼς
960 2885 1098 2954 μετᾶ
1128 2885 1299 2938 ταῦτα
1322 2886 1517 2954 ἐπάγει
1547 2888 1574 2938 6
1608 2887 1913 2956 προφήτης,

342 2977 421 3032 Τὰ
444 2977 576 3046 περὶ
608 2978 813 3044 κύκλῳ
845 2977 998 3031 Σιὼν
1030 2977 1363 3031 ἐπεσκίασε
1399 2977 1627 3045 νεφέλῃ
1669 2976 1913 3044 ἡμέρας,

337 3069 436 3127 καὶ
465 3070 545 3135 ὡς
573 3071 830 3134 καπνοῦ,
874 3071 973 3124 καὶ
1021 3071 1103 3136 ὡς
1149 3070 1344 3140 φωτὸς
1377 3069 1566 3139 πυρὸς
1595 3068 1914 3138 καιομένου

335 3164 595 3228 νυκτός;
651 3163 788 3215 Πότε
826 3163 883 3215 δέ
925 3162 1148 3230 ἐγένετο
1198 3163 1361 3225 αὐτὸς
1424 3163 1572 3231 πάσῃ
1623 3160 1752 3232 δόξῃ
1783 3161 1911 3213 σκέ-

336 3271 457 3307 πων
491 3255 623 3324 (ξθ),
669 3257 762 3307 καὶ
790 3257 871 3317 είς
907 3255 1064 3308 σκιάν
1118 3254 1423 3308 ἀνατέλλων
1475 3230 1669 3308 ἑαυτὸν
1701 3230 1983 3324 ἡμέραςο

335 3351 452 3410 τοῖς
482 3348 748 3418 ὑπηκόοις
783 3348 889 3400 άπό
943 3347 1254 3417 καύματος,
1285 3349 1379 3399 καὶ
1426 3349 1485 3400 ἐν
1521 3346 1697 3416 σκέπῃ
1732 3345 1825 3398 καὶ
1858 3346 1916 3396 ἐν

336 3434 642 3504 ἀποκρύφῳ
672 3437 779 3488 ἀπὸ
825 3435 1190 3508 σκληρότητος
1249 3437 1344 3488 καὶ
1404 3434 1596 3498 ὑετοῦς
1634 3435 1767 3487 Ἀπὸ
1805 3434 1910 3507 γὰρ

333 3526 454 3590 τοῦ,
486 3527 568 3586 τὸ,
598 3522 746 3596 Αἷμα
787 3528 1178 3596 Ἰερουσαλὴμ
1215 3524 1558 3592 ἐκκαθαριεῖ
1601 3525 1670 3578 ἐκ
1716 3525 1910 3593 μέσου

334 3617 538 3673 αὐτῶν
563 3619 858 3686 πνεύματι
883 3618 1158 3684 κρίσεως,
1189 3615 1290 3670 καί
1309 3617 1600 3684 πνεύματι
1620 3614 1910 3680 καύσεως,

334 3709 513 3763 ταῦτα
543 3710 741 3777 ἐπάγει
764 3712 792 3763 6
826 3711 1140 3780 προφήτης.

409 3802 518 3854 Καὶ
551 3803 592 3854 0
627 3801 845 3856 ΑΓΙΟΣ.
890 3802 960 3854 Συ
1011 3801 1193 3852 τοίνυν
1244 3801 1303 3853 ἐν
1356 3802 1475 3863 ταῖς
1530 3799 1765 3870 ἡμέραις
1814 3797 1913 3868 τῆς

333 3893 641 3964 παρουσίας
681 3891 847 3945 αὐτοῦ
903 3889 990 3963 ἧς,
1051 3893 1144 3945 καὶ
1201 3891 1449 3956 ἔϐλεπες,
1493 3892 1594 3944 κάν
1625 3907 1684 3943 τε
1712 3889 1912 3958 νεφέλη

335 3984 654 4047 ἐπεσκίαζε,
709 3983 813 4037 κᾶν
869 3986 1041 4056 πυρδς
1093 3982 1235 4048 φωτὶ
1269 3982 1546 4052 καιομένῳ
1582 3981 1838 4050 ἐφώτιζε,
1875 3980 1908 4051 ἢ

334 4076 524 4146 ἕτερόν
553 4093 604 4129 τι
643 4075 988 4146 διέπραττεν,
1041 4075 1124 4127 ὅτι
1184 4074 1472 4144 φληναφᾷς
1528 4074 1657 4141 περὶ
1706 4071 1909 4138 αὐτοῦς

334 4169 428 4236 Mi;
462 4168 617 4231 εἰδὼς
667 4169 774 4238 γάρ
820 4168 912 4220 τὸν
960 4167 1137 4236 ἀληθῆ
1167 4165 1292 4219 νοῦν
1322 4165 1421 4234 τῆς
1473 4165 1619 4229 θείας
1667 4165 1907 4236 Γωφῆς,

339 4259 559 4313 ᾶπαντα
615 4263 951 4330 σωματικοῖς
997 4261 1268 4329 νοήμασιν
1322 4257 1663 4327 ἐπιτηδεύεις
1700 4257 1910 4328 διακρί-

336 4369 470 4413 νειν,
501 4352 595 4406 καὶ
637 4352 911 4415 σπεύδεις.
954 4351 1118 4405 Ἀλλὰ
1161 4351 1398 4421 πρόσεχε
1443 4350 1566 4402 τίνα
1589 4348 1806 4419 δηλοῦσι
1842 4349 1909 4404 τά

333 4442 626 4511 εἰρημένα.
668 4441 822 4494 Ἐπεὶ
857 4442 1019 4506 σῦκα,
1075 4433 1120 4493 ὦ
1163 4441 1386 4492 ’ῐουδαϊε
1417 4439 1606 4507 τυφλὲ,
1641 4440 1704 4492 σὺ
1735 4439 1910 4492 δοκῶν

2085 2611 2290 2667 HERB.
2328 2609 2546 2664 Direclo
2591 2608 2759 2662 verba
2807 2609 3109 2677 prophetiae
3160 2609 3229 2664 ad
3267 2619 3419 2665 tuum
3473 2627 3601 2668 sen-

2015 2720 2134 2760 sum
2154 2701 2531 2758 etsubsidium
2557 2700 2858 2755 detorsisti.
2884 2701 3275 2757 Verumtamen
3303 2703 3348 2757 si
3382 2703 3454 2758 ita
3485 2714 3593 2769 est,

2016 2792 2238 2863 quando
2276 2790 2573 2847 crucifixus
2605 2789 2896 2844 ambulans
2921 2791 2974 2844 in
3005 2791 3230 2846 civitate
3263 2793 3596 2861 Jerusalem,

2017 2886 2162 2940 sicut
2210 2893 2398 2954 postea
2451 2881 2638 2936 subdit
2681 2881 2998 2950 prOpheta:
3049 2881 3224 2937 Sionis
3279 2885 3506 2940 ambitus
3549 2894 3601 2940 et

2020 2979 2268 3030 circuitus
2290 2975 2617 3029 obumbrabit
2653 2973 2843 3027 nebula
2875 2973 2978 3025 diei
3009 2983 3056 3026 et
3084 2974 3216 3042 fumi
3240 2977 3413 3030 instar
3441 2985 3490 3029 et
3519 2976 3602 3030 lu-

2020 3069 2092 3120 cis
2116 3076 2163 3120 et
2196 3069 2329 3137 ignis
2362 3067 2598 3122 ardentia
2624 3074 2774 3118 nocte
2798 3064 2883 3117 ﬂ’?
2915 3064 2983 3118 Et
3008 3064 3232 3133 quando
3279 3068 3396 3136 ipse
3439 3069 3594 3122 omni

2019 3159 2192 3228 gloria
2225 3159 2438 3212 velatus
2479 3157 2604 3222 l‘uit,
2639 3165 2694 3210 et
2729 3156 2782 3209 in
2839 3155 3090 3209 umbram
3133 3171 3190 3210 se
3240 3157 3419 3226 ipsum
3464 3159 3600 3213 oriri

2019 3250 2148 3306 fecit
2177 3250 2322 3303 diem
2371 3248 2758 3303 obcdientibus
2788 3248 2857 3302 ab
2890 3247 3090 3302 ardore
3126 3257 3183 3302 et
3229 3259 3389 3314 aestu,
3440 3259 3497 3305 et
3540 3252 3600 3306 in

2016 3342 2287 3398 velamine
2323 3351 2378 3395 ct
2410 3341 2462 3393 in
2494 3340 2733 3409 tegmine
2789 3355 2819 3394 a
2855 3340 3058 3394 duritie
3094 3337 3150 3395 et
3185 3341 3414 3410 pluvia?
3454 3342 3598 3399 Nam

2013 3443 2138 3504 post
2184 3435 2300 3490 haec
2333 3433 2541 3488 verba:
2577 3431 2902 3504 Sanguinem
2947 3433 3247 3488 Jerusalem
3291 3437 3600 3492 emundabit

2014 3542 2042 3578 ε
2071 3526 2237 3579 medio
2257 3527 2489 3595 ipsorum
2514 3525 2701 3592 spiritu
2709 3524 2918 3594 judicii,
2949 3535 2997 3578 et
3017 3526 3207 3598 spiritu
3230 3528 3513 3582 exustioni:
3530 3530 3596 3595 ¹⁹,

2013 3615 2130 3670 haec
2174 3615 2457 3688 subiungit
2487 3614 2774 3686 propheta.

2077 3799 2132 3854 S.
2151 3797 2330 3854 ARCll
2343 3797 2514 3852 .Tune
2531 3796 2582 3851 in
2598 3797 2796 3852 diebus
2814 3796 3084 3853 adventus
3097 3800 3216 3869 ejus
3232 3798 3599 3862 eras,etvide-

2013 3891 2128 3954 bas,
2155 3891 2268 3945 sive
2298 3889 2498 3944 nebula
2521 3887 2908 3945 obumbrabat.
2926 3889 3040 3943 sive
3059 3890 3182 3944 luce
3209 3891 3354 3960 ignis
3367 3891 3598 3946 ardente

2012 3983 2338 4047 illustrabat,
2366 3989 2461 4034 aut
2475 3980 2620 4034 aliud
2639 3979 2770 4050 quid
2793 3981 3008 4051 agebat,
3028 3981 3173 4049 quod
3199 3982 3267 4036 de
3291 3984 3408 4053 ipso
3425 3998 3599 4055 nuga-

2012 4075 2124 4130 ris?
2141 4075 2403 4129 Nescieus
2416 4071 2564 4127 enim
2584 4088 2767 4126 veram
2787 4072 2991 4127 divinae
3012 4072 3312 4142 Scriptura:
3330 4082 3598 4143 mentem,

2011 4166 2193 4222 omnia
2207 4165 2589 4234 corporalibus
2605 4163 2930 4218 notionibus
2953 4164 3255 4234 diiudicare
3276 4165 3524 4222 instituis
3538 4175 3600 4222 et

2010 4256 2496 4329 properas.Verum
2511 4262 2720 4308 attente
2735 4253 2887 4318 audi,
2902 4263 2959 4308 et
2973 4253 3213 4323 intellige
3229 4254 3414 4320 ell'ata,
3429 4271 3598 4325 quem

2011 4348 2312 4402 declarant.
2339 4345 2609 4412 Quoniam
2628 4344 2786 4407 licus,
2819 4359 2852 4398 ο
2878 4343 3066 4398 Ιιιόιεθ
3082 4359 3246 4408 caece,
3267 4344 3396 4398 dum
3431 4353 3598 4415 putas

2013 4443 2066 4489 te
2094 4435 2375 4504 colligere,
2421 4431 2653 4486 tribulos
2687 4430 2890 4500 carpis.
2929 4431 3070 4485 Dicit
3108 4430 3256 4485 enim
3304 4432 3595 4501 propheta,

335 4533 614 4598 συνάγειν,
646 4531 931 4604 τριϐόλους
993 4530 1258 4605 καρπίζῃ.
1293 4530 1458 4598 Λέγει
1497 4531 1607 4602 γὰρ
1632 4532 1659 4583 ὁ
1691 4530 1906 4600 προφή-

2017 4526 2156 4596 quod
2172 4526 2356 4580 veniet
2389 4523 2650 4577 Dominus
2675 4531 2763 4577 :et
2798 4537 2900 4576 nos
2933 4523 3139 4576 scimus
3184 4537 3312 4576 eum
3350 4523 3594 4578 venisse.

332 4641 454 4693 της,
489 4623 716 4694 ὃτιῆξει
772 4621 1015 4692 Κύριος·
1072 4623 1168 4674 καὶ
1217 4620 1562 4691 ἐπιστάμεθα
1611 4622 1773 4690 ἡμεῖς
1824 4621 1905 4673 ὅτι

2011 4617 2078 4670 Et
2091 4617 2212 4678 erit,
2244 4614 2442 4684 inquit,
2466 4614 2633 4667 omnis
2655 4611 2796 4666 locus
2819 4615 3010 4666 montis
3039 4611 3187 4676 Sion,
3213 4621 3261 4665 et
3284 4615 3460 4667 omnia
3477 4629 3600 4683 qua:

333 4715 585 4786 ἐλήλυθε.
634 4716 741 4768 Kal
771 4715 963 4777 ἔσται,
1011 4715 1167 4783 φησι,
1227 4713 1345 4778 πᾶς
1377 4713 1558 4778 τόπος
1593 4712 1696 4765 τοῦ
1735 4713 1913 4780 ὄρους

2017 4717 2130 4762 sunt
2157 4710 2211 4761 in
2245 4708 2357 4775 ejus
2390 4706 2590 4759 ambitu
2615 4705 2682 4756 ὀ.
2717 4702 2848 4757 Sion
2882 4704 2995 4768 illa,
3021 4718 3179 4757 mons
3205 4702 3326 4766 fuit,
3357 4711 3412 4756 et
3434 4718 3597 4757 mons

332 4808 510 4873 Σιὼν,
541 4808 640 4862 καὶ
693 4806 894 4861 πάντα
945 4809 1018 4860 τὰ
1057 4807 1396 4873 περικύκλῳ
1427 4804 1635 4871 αὐτῆς.
1673 4806 1735 4857 Ἦ
1771 4803 1911 4856 Σιὼν

2009 4801 2284 4856 excelsus.
2337 4799 2482 4867 Ergo
2525 4797 2659 4850 mihi
2699 4796 2921 4878 Sionem
2968 4804 3024 4850 et
3053 4803 3298 4848 montem
3332 4803 3516 4850 mente
3539 4802 3599 4849 et

331 4901 538 4970 ἐκείνη,
572 4901 694 4971 ὄρος
724 4901 961 4970 πέφυκε,
990 4900 1088 4952 καὶ
1127 4899 1251 4969 ὅρος
1295 4897 1518 4968 ὑψηλόν.
1552 4897 1690 4949 Σιὼν
1718 4896 1774 4948 δὲ
1816 4895 1910 4949 καὶ

2017 4884 2192 4948 animo
2212 4891 2444 4958 concipe
2462 4905 2582 4943 eam
2605 4904 2726 4958 quae
2745 4888 2799 4941 in
2824 4888 2966 4942 caelo
2992 4895 3096 4950 est,
3122 4887 3402 4940 civitatem
3427 4886 3597 4958 624

331 4989 460 5059 ὅρος
488 5007 577 5058 μοι
605 4990 736 5051 νόει,
771 4991 871 5060 τὴν
897 4990 953 5041 ἐν
983 4987 1062 5058 τῷ
1111 4986 1327 5057 οὐρανῷ
1373 4986 1710 5056 μητρόπολιν
1749 4987 1906 5048 Σιὼν,

331 5085 432 5136 καὶ
461 5083 561 5154 τὴν
601 5083 660 5147 ἐξ
689 5083 909 5152 ἐκείνης
952 5081 1279 5150 Ἐκκλησίαν
1309 5081 1417 5132 τῶν
1463 5079 1654 5132 ἐθνῶν.
1689 5079 1810 5132 ’Ὁτι
1854 5077 1911 5130 δέ.

333 5172 454 5223 ἐστι
493 5173 602 5235 πᾶς
625 5171 794 5235 τόπος
818 5172 914 5224 τοῦ
952 5172 1117 5242 ὅρους
1156 5169 1313 5234 Σιὼν,
1348 5169 1443 5222 καὶ
1471 5169 1539 5222 τὰ
1569 5169 1698 5239 περὶ
1732 5168 1916 5235 κύκλῳ

331 5263 508 5332 αὐτῆς
563 5263 671 5316 ὑπὸ
704 5263 806 5334 τὴν
857 5262 1109 5327 ἐξουσίαν
1175 5261 1346 5315 αὑτοῦ
1396 5261 1496 5330 τὴν
1541 5259 1717 5325 Σιὼν,
1771 5277 1919 5332 μαρ-

329 5358 491 5423 τυρεί
539 5353 872 5424 η’ὰλήθεια.
929 5353 1037 5406 Τοῦ
1089 5353 1298 5423 Κυρίου
1327 5339 1460 5422 ’γὰρ
1511 5349 1914 5422 σαρκωθέντος,

332 5445 645 5512 ἀπετάξατο
699 5445 777 5516 τῷ
827 5445 1080 5515 διαϐόλῳ,
1117 5445 1214 5498 καὶ
1241 5440 1352 5510 εἶξε
1401 5445 1468 5514 τῇ
1507 5443 1755 5513 ὑποταγῇ
1785 5442 1921 5494 ὐπο-

407 5601 455 5634 "
489 5601 592 5656 lsa.
624 5617 698 5667 tv,
740 5601 794 5656 5.
870 5600 914 5637 "
957 5599 1095 5655 ibid.
1136 5599 1190 5654 4.
1289 5598 1333 5629 ²⁰
1363 5596 1500 5652 ibid.
1528 5595 1582 5649 5.

2016 4980 2371 5049 metropolin,
2406 4987 2460 5032 et
2492 4994 2611 5032 eam
2639 4993 2761 5046 qua:
2788 4993 2853 5031 ex
2879 4977 2969 5030 illa
2995 4985 3099 5040 est,
3130 4976 3432 5029 Ecclesiam
3465 4992 3604 5046 gen-
3687 5017 3706 5040 ,μ

2019 5070 2153 5124 tium
2197 5069 2460 5138 intellige.
2518 5067 2675 5134 Quod
2725 5074 2908 5120 autem
2954 5065 3136 5120 omnis
3190 5066 3344 5119 locus
3391 5065 3621 5121 montis'
3689 5142 3696 5146 _

2015 5161 2195 5215 Sionis
2215 5169 2271 5215 et
2298 5156 2685 5230 ambitus'ejus
2714 5167 2800 5215 est
2827 5159 2931 5213 sub
2957 5166 3230 5228 potestate
3277 5156 3476 5227 ipsius,
3518 5165 3605 5212 te-

2015 5262 2190 5307 statur
2218 5253 2444 5307 veritas.
2472 5251 2608 5306 Nam
2641 5261 2935 5322 postquam
2971 5251 3238 5306 Dominus
3294 5265 3459 5304 carne
3499 5248 3606 5304 fuit

2018 5344 2267 5408 indutus,
2321 5343 2544 5397 diabolo
2584 5343 2925 5398 renuntiavit
2984 5351 3041 5397 et
3077 5342 3263 5397 valere
3293 5339 3457 5410 jussit
3493 5356 3507 5393 :
3549 5347 3608 5392 et

2016 5453 2140 5507 qua:
2185 5436 2419 5491 inferior
2451 5443 2537 5491 est
2581 5435 2737 5504 Sion,
2769 5452 2832 5493 se
2879 5435 3141 5492 submisit
3184 5442 3240 5489 et
3273 5431 3510 5506 subjecit
3550 5429 3603 5486 ei

1940 5711 2078 5768 T113.

1843 5712 1916 5770 Ν(

415 5806 532 5882 (59)
558 5810 822 5867 Σκέπων.
852 5809 913 5867 in
937 5819 1091 5867 textu
1121 5807 1426 5880 prophetiae
1440 5805 1642 5879 legitur
1672 5814 1733 5861 ut
1762 5804 1916 5872 intra,

2017 5712 2078 5768 E.

2017 5803 2429 5877 ιεπασθήσεται.
2465 5803 2542 5861 in.
