4088 6532
538 403 645 468 687

1503 405 1566 466 S.
1620 404 2043 467 GREGENTII
2078 403 2316 466 EPISC.
2356 392 2883 463 TAPHARENSIS

3720 401 3836 466 688

543 520 698 580 Sioni
727 535 850 593 qua
875 534 1116 591 superna
1142 527 1249 586 est,
1291 518 1533 575 Domino
1570 536 1696 577 meo
1738 522 1871 577 Jesu
1905 519 2104 577 Christi

2236 518 2389 573 κάτω
2422 520 2518 589 τῆς
2544 516 2658 572 ἄνω
2686 517 2850 579 Σιων,
2887 513 2968 585 τῷ
2997 514 3195 587 Κυρίῳ
3227 533 3329 587 μου
3369 516 3548 590 Ἰησοῦ
3602 518 3836 590 Χριστῷ

541 622 833 686 postquam
857 613 1113 669 credidit.
1149 613 1247 667 Dic
1271 612 1406 666 mihi
1438 621 1518 676 tu,
1548 622 1704 668 estne
1752 612 1907 667 locus
1930 613 2034 667 sub
2057 627 2125 668 ea

542 723 665 778 quae
703 705 1120 777 supercoelestis
1163 715 1250 761 est
1284 704 1440 768 Sion.
1477 706 1533 759 in
1573 720 1683 776 quo
1725 705 1973 760 ecclesiae
2013 720 2124 758 non

542 799 653 855 sint
670 799 782 853 Deo
806 795 1069 853 cruciﬁxo
1096 796 1291 852 dicatae
1313 805 1370 851 ct
1397 795 1770 850 consecratae?
1792 795 2124 865 Spiritaliter

541 889 691 945 enim
746 904 835 944 res
891 888 1298 959 intelliguntur,
1349 896 1555 943 etnon
1609 886 1927 942 carnaliter.
1964 885 2122 953 Quod

541 990 725 1038 autem
745 981 955 1036 dictum
978 990 1064 1037 est
1086 980 1428 1037 Obumbrabit
1479 978 1694 1045 nebula,
1720 980 1823 1034 hoc
1843 979 1967 1033 ideo
1989 978 2124 1033 scri-

539 1083 694 1146 ptum
725 1083 830 1139 est,
854 1075 979 1145 quia
998 1074 1221 1145 quando
1252 1073 1673 1129 transformatus
1702 1081 1787 1126 est
1813 1080 1870 1127 et
1900 1069 2120 1126 transti-

539 1176 769 1238 guratus
789 1168 845 1222 in
877 1175 1067 1223 monte
1089 1166 1311 1221 Thabor
1335 1180 1520 1221 coram
1541 1166 1655 1221 suis
1676 1162 1982 1233 discipulis,
2012 1179 2119 1217 nu-

539 1256 641 1313 bes
662 1257 845 1312 lucida
874 1256 1229 1312 obumbravit
1258 1256 1427 1326 ipsos.
1450 1257 1518 1312 Et
1538 1255 1739 1311 iterum
1771 1269 1895 1309 cum
1924 1253 1979 1308 in
2006 1269 2119 1309 cce-

535 1350 652 1405 lum
689 1351 805 1422 ipse
852 1358 1168 1421 assumptus
1191 1358 1296 1415 est,
1332 1349 1598 1419 scriptum
1628 1358 1733 1413 est,
1763 1348 1909 1417 quod
1942 1347 2119 1402 nubes

535 1440 803 1496 subduxit
834 1441 1017 1510 ipsum
1051 1457 1117 1495 ex
1147 1440 1324 1494 oculis
1377 1439 1779 1509 discipulorum
1813 1440 1951 1509 ejus.
2000 1437 2117 1493 Hoc

533 1540 724 1607 autem
751 1531 900 1602 quod
926 1531 1194 1602 propheta
1215 1531 1492 1595 clamavit,
1521 1531 1654 1597 fumi
1686 1531 1879 1595 instar,
1906 1539 1954 1583 et
1978 1530 2113 1600 ignis

534 1631 691 1677 noctu
734 1622 991 1687 ardentis,
1040 1632 1095 1677 et
1124 1622 1271 1691 quod
1301 1622 1457 1678 Omni
1498 1621 1670 1693 gloria
1727 1621 2008 1685 vetabitur,
2057 1621 2113 1676 id

532 1713 817 1770 declarat:
873 1716 982 1771 hoc
1037 1715 1285 1785 quidem,
1344 1714 1498 1785 fumi,
1555 1725 1779 1785 propter
1825 1714 2112 1784 caliginem

531 1820 654 1875 quae
678 1814 859 1861 mente
880 1806 1213 1877 percipitur,
1248 1822 1447 1877 nempe
1476 1821 1703 1876 corpus,
1740 1804 1889 1876 quod
1925 1806 2111 1862 ferens

2235 609 2558 673 πιστεύσας.
2599 608 2951 678 ’Λνάγγειλον
2995 607 3053 661 δέ
3118 626 3209 680 μοι
3262 610 3445 674 αὐτὸς,
3493 609 3614 663 ἔστι
3657 611 3831 674 τόπος

2235 702 2497 757 ὑποκάτω
2548 703 2649 772 τῆς
2680 700 2770 753 ὑπ’
2798 700 3051 771 οὐρανὸν,
3089 703 3147 754 ὲν
3176 694 3221 769 ᾧ
3269 702 3560 774 ἐκκλησίαι
3617 703 3682 756 οὐ
3723 719 3830 755 πεο

2235 794 2442 862 φύκασι
2487 792 2565 863 τῷ
2614 791 3023 863 ὲσταυρωμένῳ
3056 792 3215 863 Θεῷ;
3269 794 3665 865 Πνευματικῶς
3710 796 3829 867 γὰρ

2232 885 2482 939 νοοῦνται
2515 884 2584 937 τὰ
2610 883 2938 955 πράγματα,
2982 886 3078 937 καὶ
3113 884 3175 937 ού
3212 886 3566 956 σωματικῶς.
3600 886 3728 940 Ὅτι
3763 886 3828 943 δὲ

2231 977 2449 1048 εἴρηται
2480 973 2729 1030 Σκιάσει
2763 972 2876 1044 (60)
2907 973 3159 1042 νεφέλη,
3183 974 3518 1046 γέγραπται,
3542 977 3625 1029 ὄτι
3654 977 3828 1047 ήνίκα

2234 1065 2639 1139 μετεμορφώθη
2670 1066 2770 1119 ἐπὶ
2801 1066 2898 1120 τοῦ
2932 1066 3091 1137 ὅρους
3117 1065 3319 1136 Θαϐὼρ
3348 1062 3824 1138 κατὰ’πρόσωπον

2227 1159 2337 1212 τῶν
2383 1156 2645 1229 μαθητῶν
2696 1156 2889 1224 αὐτοῦ,
2926 1157 3128 1229 νεφέλη
3189 1158 3428 1229 φωτεινὴ
3479 1161 3824 1213 ἐπεσκίασεν

2227 1249 2449 1314 αύτούς.
2482 1251 2595 1303 Καὶ
2622 1252 2681 1303 ἐν
2709 1248 2787 1321 τῷ
2817 1249 3201 1322 ἀναληφθῆναι
3228 1250 3390 1303 αὐτὸν
3418 1251 3580 1305 πάλιν
3612 1254 3695 1316 εἰς
3726 1253 3823 1306 τὸν

2224 1344 2477 1414 οὐρανὸν,
2500 1342 2840 1412 γέγραπται,
2860 1343 2944 1395 ὅτι
2978 1343 3179 1414 νεφέλη
3215 1342 3484 1396 ὑπέλαϐεν
3514 1343 3680 1397 αὐτὸν
3710 1344 3825 1398 ἀπὸ

2222 1434 2332 1487 τῶν
2361 1432 2655 1504 ὀφθαλμῶν
2671 1433 2777 1488 τῶν
2803 1433 3063 1505 μαθητῶν
3088 1434 3275 1489 αὐτοῦ.
3293 1435 3367 1487 Τὸ
3387 1434 3463 1497 δὲ,
3488 1434 3597 1489 Καὶ
3615 1436 3695 1501 ὠς
3713 1452 3821 1489 κα-

2223 1524 2381 1579 πνοῦ
2402 1524 2502 1578 καὶ
2521 1524 2601 1591 ὡς
2627 1524 2826 1594 φωτὸς
2846 1525 3039 1595 πυρός
3059 1526 3280 1593 νυκτὸς
3302 1525 3646 1595 καιομένου,
3669 1524 3822 1595 ἐφώ-

2221 1636 2385 1691 νησεν
2415 1621 2443 1673 ὁ
2482 1621 2791 1691 προφήτης,
2820 1619 2916 1674 καὶ
2954 1623 3039 1676 ὅτι
3075 1621 3249 1690 [Idan
3280 1618 3354 1690 τῇ
3392 1620 3543 1689 δόξῃ
3585 1636 3821 1675 σκεπα-

2220 1711 2537 1778 σθήσεται,
2572 1711 2733 1765 τοῦτο
2762 1712 2819 1766 δὲ
2852 1713 3042 1783 δηλοῖ-
3074 1713 3137 1767 τὸ
3177 1714 3296 1784 μὲν,
3318 1715 3576 1778 καπνοῦ,
3600 1714 3689 1767 διὰ
3721 1714 3819 1767 τὸν

2221 1805 2422 1873 γνόφον
2452 1804 2602 1873 λέγει
2634 1804 2727 1858 τὸν
2761 1805 2954 1877 νοητὸν
2988 1806 3108 1878 ἦτοι
3143 1806 3326 1877 σῶμα,
3373 1806 3401 1860 ὃ
3451 1807 3634 1878 φορῶν
3680 1808 3821 1861 ἐκά-

531 1898 749 1952 velabat
795 1898 1143 1954 divinitatem
1198 1898 1267 1953 ab
1313 1898 1489 1953 oculis
1518 1898 1743 1962 vestris,
1799 1898 1895 1967 qui
1942 1897 2104 1952 Juda-j

2221 1896 2393 1950 λυπτε
2418 1896 2518 1968 τὴν
2544 1897 2779 1967 θεότητα
2796 1896 2906 1951 ἀπὸ
2933 1896 3091 1968 ὑμῶν
3114 1897 3221 1951 τῶν
3247 1899 3496 1952 ἀπίστων
3513 1898 3813 1963 Ἰουδαίων,

529 1989 665 2044 estis
684 1990 954 2045 increduli
974 1999 1030 2044 et
1046 1990 1379 2059 pervicaccs,
1398 1990 1551 2060 signa
1573 1988 1802 2051 faciens,
1825 2004 1893 2043 ne
1911 2003 1939 2042 a
1960 1986 2117 2042 vobis

530 2091 982 2153 cognosceretur,
1028 2092 1091 2136 ut
1141 2082 1465 2151 quod‘dixit
1501 2080 1690 2147 lsaias,
1726 2080 2112 2150 adimpleatur,

530 2174 679 2243 quod
710 2174 989 2229 Induravit
1017 2174 1460 2245 coripsorum“,
1506 2182 1563 2228 et
1609 2189 1732 2244 quae
1782 2183 2109 2243 sequuntur.

530 2264 600 2318 Et
627 2264 799 2319 David
829 2282 841 2318 :
878 2264 949 2318 Et
979 2265 1153 2335 posuit
1179 2264 1419 2317 tenebras
1446 2264 1517 2328 ”,
1543 2279 1741 2335 nempe
1771 2281 1991 2335 corpus,
2027 2263 2113 2318 la-

531 2354 758 2411 tibulum
785 2372 941 2410 suum
966 2372 983 2410 :
1021 2355 1075 2410 id
1099 2363 1203 2420 est,
1237 2357 1355 2426 ejus
1374 2355 1616 2420 deitatis,
1657 2372 1726 2412 ne
1750 2356 2003 2412 videatur
2041 2357 2111 2413 ab

524 2445 860 2502 incredulis.
888 2446 1096 2500 Fumus
1148 2456 1357 2511 autem,
1417 2446 1473 2501 id
1520 2456 1606 2502 est
1659 2448 1921 2514 tenebrae.
1971 2448 2111 2504 nihil

529 2539 783 2610 permisit
838 2538 1076 2601 edicere,
1134 2555 1301 2610 quam
1345 2541 1636 2596 oculorum
1678 2541 1853 2596 aciem
1906 2541 2109 2597 acriter

526 2629 902 2702 perstringere
924 2638 981 2685 et
1009 2644 1321 2685 excmcare:
1356 2638 1647 2700 propterea
1684 2630 1781 2701 qui
1838 2630 1990 2685 l'umo
2019 2630 2107 2684 in-

527 2721 783 2786 festatur,
829 2738 938 2777 non
988 2722 1141 2776 aliud
1187 2722 1333 2776 clare
1384 2736 1634 2785 cernere,
1688 2738 1852 2792 quam
1900 2721 2108 2777 ollusas

525 2815 634 2872 sibi
688 2816 960 2871 tenebras.
1012 2814 1243 2884 Semper
1296 2814 1445 2869 enim
1496 2815 1644 2870 Deus
1692 2815 2105 2871 incredulorum

525 2914 744 2964 mentes
784 2918 840 2963 et
882 2905 1274 2977 intelligentias
1297 2915 1554 2961 excaecat.
1592 2906 1936 2963 Instarlucis
1964 2907 2105 2978 ignis

523 3008 692 3056 noctu
745 2997 1014 3062 ardentis,
1069 2998 1186 3067 ipse
1214 2997 1308 3052 lux
1338 3004 1458 3053 erat
1492 3016 1504 3050 :
1535 2996 1685 3068 quod
1719 2998 1889 3053 etiam
1922 2997 2099 3052 dixit:

522 3092 639 3163 Ego
670 3091 760 3145 tua:
789 3091 844 3144 in
880 3090 1137 3143 mundum
1156 3090 1276 3143 veni
1305 3089 1371 3143 ".
1408 3089 1653 3144 Ardebat
1682 3098 1886 3155 autem,
1911 3090 1966 3145 id
1995 3098 2101 3155 est,

523 3180 822 3251 eﬂ'ulgebat
852 3182 1131 3234 inaccessa
1164 3187 1220 3232 et
1259 3178 1407 3233 invia
1448 3178 1761 3242 divinitate,
1806 3193 1907 3248 per
1947 3178 2103 3250 signa

525 3272 893 3335 etmiracula,
932 3271 1019 3325 bis
1054 3270 1260 3326 Judazis
1294 3270 1390 3340 qui
1427 3277 1541 3324 tum
1583 3272 1637 3325 in
1662 3271 1829 3341 bujus
1854 3270 1979 3325 vita:
2004 3287 2105 3326 no—

526 3372 614 3417 cte
644 3371 701 3418 et
724 3361 969 3416 tenebris
996 3362 1387 3417 versabantur.
1419 3361 1558 3416 Illud
1578 3378 1729 3427 vero,
1755 3351 1901 3416 omni
1930 3363 2106 3434 gloria

527 3456 819 3527 obtegatur,
851 3454 957 3508 hoc
992 3453 1257 3508 declarat.
1286 3452 1598 3509 Cruciﬁxus
1622 3455 1771 3510 cnim
1807 3463 1955 3510 tanta
1989 3457 2106 3527 glo-

527 3548 611 3603 ria
635 3563 665 3602 a
692 3548 805 3602 Deo
832 3547 995 3602 Patre
1025 3545 1339 3601 illustratus
1369 3555 1476 3611 est,
1517 3555 1574 3601 et
1606 3548 1664 3602 in
1714 3557 1859 3602 terra
1898 3564 1928 3603 a
1960 3548 2105 3602 veris

525 3638 847 3694 hominibus
874 3645 1027 3692 tanto
1057 3638 1269 3692 honore
1300 3638 1613 3703 decoratus,
1646 3648 1708 3692 ut
1728 3639 1913 3693 omnia
1937 3655 2102 3710 regna

522 3748 645 3802 quae
675 3732 780 3787 sub
812 3732 953 3787 cmlo
985 3739 1134 3797 sunt,
1172 3731 1340 3785 Deum
1393 3730 1571 3800 ipsum
1602 3746 1794 3785 verum
1820 3741 1876 3785 et
1913 3731 2101 3786 Domi-

524 3841 659 3880 num
678 3833 733 3880 et
753 3824 949 3879 herum
978 3832 1035 3878 et
1059 3839 1244 3894 regem
1272 3833 1327 3879 et
1360 3823 1765 3892 redemptorem
1797 3823 2101 3878 conﬁtean-

519 3925 633 3981 tur,
680 3915 899 3979 colant,
943 3914 1200 3979 adorent,
1265 3914 1317 3970 ci
1356 3915 1667 3985 supplicent
1734 3923 1791 3969 et
1833 3916 2097 3970 serviant.

518 4005 676 4072 Quod
710 4014 896 4060 autem
922 4006 1076 4068 dicit,
1108 4006 1179 4059 Et
1209 4008 1307 4060 erit
1342 4007 1397 4061 in
1421 4006 1662 4061 umbram
1698 4009 1801 4062 diei
1839 4009 1903 4062 ab
1940 4018 2097 4073 testu,

518 4092 666 4147 diem
697 4092 919 4161 quidem
955 4092 1092 4147 dicit
1125 4092 1430 4162 spiritalem
1468 4095 1870 4163 operationem:
1904 4105 2098 4153 aestum

516 4198 676 4247 vero,
694 4183 803 4238 tela
830 4182 1055 4253 maligni
1074 4182 1263 4253 ignita.
1290 4183 1348 4238 Si
1370 4185 1591 4253 quidem
1614 4186 1881 4244 Dominus
1897 4188 1952 4244 in
1974 4204 2097 4243 om-

514 4274 682 4331 nibus
701 4274 901 4331 diebus
925 4275 1110 4330 saeculi
1129 4275 1313 4347 hujus,
1334 4276 1449 4346 ipse
1477 4277 2091 4353 innumbrat,pr0tegit,

518 4373 759 4430 tutatur,
818 4364 1062 4420 custodit
1111 4380 1209 4419 eos
1267 4365 1362 4436 qui
1437 4366 1672 4437 diligunt
1718 4369 1898 4440 ipsum
1935 4387 1949 4424 :
1982 4387 2092 4425 non

510 4455 689 4513 solum
752 4455 822 4510 ab
877 4464 1014 4510 aestu
1066 4463 1123 4510 et
1181 4456 1379 4512 ardore
1445 4458 1667 4529 maligni
1755 4460 2096 4518 inﬂamman-

2224 1992 2430 2060 σημεῖα
2457 1987 2632 2042 τελῶν
2662 1988 2758 2042 τοῦ
2809 1986 2885 2059 μὴ
2924 1987 3259 2060 γνωσθῆναι,
3295 1988 3384 2043 ἵνα
3413 1988 3677 2060 πληρωθῇ
3713 1990 3816 2043 καὶ¹

2220 2081 2256 2134 ἃ
2285 2077 2439 2134 εἶπεν
2476 2080 2736 2145 Ἡσαΐας,
2777 2080 2862 2133 ὅτι
2892 2078 3261 2147 Πεπὼρωκεν
3293 2078 3495 2134 αὐτῶν
3516 2079 3634 2148 τὴν
3664 2097 3816 2148 καρ-

2221 2172 2380 2238 δίαν,
2410 2172 2509 2226 καὶ
2538 2173 2609 2225 τὰ
2637 2171 2785 2243 ἑξῆς.
2819 2172 2931 2225 Καὶ
2961 2170 3191 2236 δΔαὸὶδ,
3223 2172 3335 2225 Καὶ
3360 2171 3528 2225 ἔθετο
3558 2174 3807 2238 σκότος,

2219 2266 2391 2337 ήγουν
2421 2265 2482 2319 τὸ
2536 2264 2720 2335 σῶμα,
2746 2264 3109 2335 ἀποκρυφὴν
3138 2264 3347 2329 αὐτοῦ,
3380 2264 3523 2318 τοῦτ’
3556 2265 3676 2317 ἔστι
3703 2264 3810 2333 τῆς

2220 2358 2478 2428 θεότητος
2514 2357 2700 2421 αὑτοῦ,
2732 2357 2839 2411 ἀπὸ
2864 2356 2975 2410 τῶν
3004 2357 3271 2409 ἀπίστων.
3312 2355 3534 2419 Καπνδς
3577 2355 3635 2408 δὲ
3672 2356 3808 2408 σκό-

2217 2466 2331 2514 τος,
2367 2448 2521 2502 οὐδὲν
2576 2449 2760 2502 εῐασεν
2797 2450 3066 2519 ἐνεργεῖν,
3116 2446 3150 2518 ἢ
3190 2448 3317 2510 τοὺς
3344 2446 3660 2517 ὀφθαλμοὺς
3687 2446 3808 2511 69t-

2219 2541 2445 2612 μύττειν
2476 2540 2572 2593 καὶ
2602 2540 2825 2610 τυφλεῖν
2846 2556 2860 2570 ο
2909 2540 3046 2611 πρὸς
3073 2537 3154 2606 τὸ,
3206 2538 3281 2610 μὴ
3336 2537 3519 2602 καλῶς
3546 2539 3680 2610 όρᾷν
3711 2539 3806 2592 τὸν

2212 2633 2646 2704 καπνιζόμενον,
2676 2633 2711 2704 ἦ
2743 2632 2834 2687 τὸν
2870 2634 3068 2686 σκότον
3103 2632 3434 2703 βαλλόμενον
3486 2633 3655 2686 αὐτοῦ
3700 2633 3806 2705 ἐμ-

2214 2727 2475 2796 προσθεν.
2516 2725 2630 2778 Ἀεὶ
2658 2726 2768 2796 γὰρ
2807 2726 2836 2778 ό
2868 2724 3005 2788 Θεὸς
3037 2725 3146 2779 τῶν
3193 2725 3446 2780 ἀπίστων
3493 2725 3687 2794 τυφλοῖ
3728 2726 3803 2779 τὰ

2214 2814 2483 2884 νοήματα.
2524 2812 2615 2877 Ὠς
2671 2812 2729 2866 δὲ
2786 2813 2965 2883 φωτὸς
3015 2815 3188 2886 πυρὸς
3226 2814 3523 2886 καιομένου
3576 2816 3800 2882 νυκτὸς,

2213 2905 2331 2974 φῶς
2377 2905 2541 2969 αὐτὸς
2588 2900 2691 2976 ἦν’
2739 2907 2821 2959 ὅτι
2879 2905 2934 2959 δὲ
2988 2907 3084 2960 καὶ
3120 2906 3327 2976 ἔλεγεν,
3370 2906 3519 2977 Ἐγὼ
3550 2902 3679 2977 φῶς
3712 2910 3797 2973 εις

2210 2996 2318 3051 τὸν
2350 2998 2585 3067 κόσμον
2609 2998 2902 3066 ἐλήλυθα.
2922 2997 3170 3053 Ἑκαίετο
3201 3000 3282 3062 δὲ,
3315 3001 3486 3072 ήγουν
3517 3000 3802 3072 ἐξέλαμπε

2210 3093 2275 3161 τῇ
2309 3092 2590 3162 ἀπροσίτῳ
2629 3092 2869 3163 θεότητι,
2923 3092 3013 3145 διὰ
3067 3092 3179 3145 τῶν
3244 3094 3492 3163 σημείων
3546 3094 3642 3146 καὶ
3685 3092 3802 3146 τῶν

2212 3181 2505 3253 θαυμάτων
2540 3187 2655 3248 τοῖς
2686 3185 2745 3237 ὲν
2780 3184 2940 3238 νυκτὶ
2970 3182 3063 3238 τοῦ
3096 3184 3217 3255 βίου
3250 3185 3376 3238 τότε
3416 3185 3796 3255 χρηματίζουο

2212 3291 2295 3327 σιν
2333 3275 2633 3339 Ἰουδαίοις.
2668 3276 2711 3328 Τ
2714 3276 2742 3329 δ
2770 3275 2849 3341 δὲ,
2880 3275 3055 3343 Πὰσῃ
3095 3275 3243 3345 δόξῃ
3270 3275 3825 3349 σκεπασθήσεται,

2208 3364 2368 3417 τοῦτο
2419 3365 2590 3433 δηλοῖ.
2636 3366 2990 3438 Σταυρωθεὶς
3039 3366 3150 3434 γὰρ
3215 3364 3475 3419 τοσοῦτον
3527 3366 3797 3438 ἐδοξάσθη

2209 3454 2362 3524 παρὰ
2394 3454 2487 3508 τοῦ
2546 3455 2780 3526 Πατρὺς,
2828 3457 2924 3509 καὶ
2956 3454 3196 3527 ἐτιμήθη
3254 3454 3349 3509 ἐπὶ
3402 3456 3509 3525 γῆς
3546 3455 3653 3509 ὑπὸ
3681 3456 3796 3510 τῶν

2205 3545 2421 3616 άληθῶς
2448 3545 2775 3616 ἀνθρώπων,
2805 3547 2889 3602 ὅτι
2949 3549 3126 3601 πᾶσαι
3158 3548 3214 3600 αἱ
3252 3546 3522 3618 βασιλεῖαι
3567 3549 3667 3618 τῆς
3698 3551 3793 3602 ὑπ’

2204 3639 2456 3708 οὐρανὸν,
2498 3639 2630 3692 Θεὸν
2665 3639 2829 3693 αὑτὸν
2860 3639 3048 3713 ἀληθῆ
3079 3643 3174 3696 καὶ
3207 3642 3414 3713 Κύριον
3445 3645 3541 3696 καὶ
3576 3646 3791 3699 Δεσπό-

2202 3746 2324 3799 την,
2361 3731 2455 3784 καὶ
2482 3730 2711 3801 βασιλέα
2740 3732 2833 3785 καὶ
2859 3732 3142 3804 λυτρωτὴν
3171 3734 3557 3805 ὁμολογοῦσαι,
3585 3736 3791 3808 τιμῶσι

2203 3824 2298 3876 καὶ
2332 3822 2701 3894 προσκυνοῦσι
2749 3825 2844 3877 καὶ
2892 3824 3277 3896 λατρεύουσιν.
3324 3828 3447 3881 Ὀτι
3492 3828 3549 3881 δὲ
3611 3829 3788 3899 λέγει,

2206 3916 2333 3969 Ὅτι
2371 3916 2546 3969 ἐστίν
2576 3915 2657 3982 ὡς
2690 3916 2873 3969 σκιὰν
2905 3916 3017 3988 (61)
3044 3918 3269 3988 ἡμέρας
3307 3920 3426 3975 ἀπὸ
3455 3921 3784 3991 καύματος,

2201 4008 2417 4078 ἡμέραν
2449 4006 2624 4075 λέγει,
2659 4009 2760 4080 τὴν
2803 4010 3187 4083 πνευματικὴν
3223 4012 3487 4083 ἐργασίαν
3512 4028 3528 4046 ’
3590 4013 3787 4085 καῦμα

2198 4101 2276 4164 δὲ,
2308 4103 2376 4155 τὰ
2411 4100 2544 4172 βέλη
2572 4101 2668 4154 τοῦ
2698 4102 2939 4173 πονηροῦ
2968 4102 3039 4156 τὰ
3075 4103 3471 4176 πεπυρωμένα.
3490 4105 3547 4158 Ὀ
3576 4105 3784 4179 Κύριος

2201 4190 2302 4259 μὲν
2328 4186 2424 4243 οὖν
2454 4191 2514 4243 ὲν
2548 4191 2751 4254 πάσαις
2779 4194 2904 4256 ταῖς
2930 4192 3168 4265 ἡμέραις
3198 4194 3293 4248 τοῦ
3339 4196 3535 4260 αἰῶνος
3560 4196 3783 4262 τούτου,

2195 4282 2359 4346 αὐτὸς
2386 4283 2601 4348 σκιάζει
2629 4284 2725 4337 καὶ
2754 4287 2986 4356 φρουρεῖ
3013 4286 3109 4339 καὶ
3136 4286 3396 4354 φυλάττει
3420 4290 3629 4351 πάντας
3651 4288 3784 4352 τοὺς

2169 4374 2530 4446 Αάγαταῖιντας
2559 4376 2755 4429 αὐτόν’
2788 4376 2849 4429 ού
2884 4376 3047 4447 μόνον
3095 4377 3208 4431 ἀπὸ
3243 4378 3524 4443 καύσωνος
3555 4378 3653 4433 τοῦ
3681 4398 3785 4434 πο-

2194 4465 2362 4539 νηροῦ
2396 4466 2491 4520 τοῦ
2522 4466 2773 4533 καίοντος
2804 4468 2903 4532 τὰς
2931 4468 3116 4541 ψυχὰς
3160 4469 3272 4523 τῶν
3310 4469 3642 4543 ἀνθρώπων,
3697 4474 3783 4536 είς

508 4548 582 4604 tis
624 4549 837 4604 animas
873 4547 1158 4602 hominum
1206 4548 1274 4603 ad
1336 4550 1677 4619 operandum
1733 4552 2087 4624 iniquitatem

2209 4558 2257 4613 ιδ
2290 4559 2622 4631 ἐργάζεσθαι
2652 4561 2751 4631 τὴν
2785 4562 3024 4633 ἀνομίαν
3060 4560 3156 4617 τοῦ
3190 4562 3464 4631 διαϐόλου,
3493 4565 3630 4619 ἀλλά
3667 4566 3780 4619 ἀπὸ

509 4638 740 4707 diaboli,
766 4655 961 4695 verum
980 4639 1147 4696 etiam
1172 4641 1241 4695 ab
1263 4641 1487 4696 incursu
1518 4653 1575 4699 et
1612 4643 1884 4702 daanonio
1914 4649 2086 4704 meri-

507 4733 699 4799 diano,
730 4741 788 4789 et
809 4733 1021 4803 reliqua
1049 4733 1339 4805 tyrannide
1359 4734 1591 4801 Satanae,
1620 4753 1741 4807 quae
1762 4744 1846 4793 est
1871 4739 2086 4796 dirities

506 4833 565 4881 et
591 4821 779 4896 pluvia
806 4824 1071 4893 maligna.
1107 4824 1234 4879 Hmc
1259 4835 1449 4881 autem
1500 4837 1703 4882 suntne
1722 4828 2087 4887 distorsiones

503 4926 861 4989 praepostera:
895 4927 954 4973 et
1001 4916 1260 4973 notiones
1301 4917 1554 4975 absurda:
1595 4930 1760 4991 atque
1801 4937 2088 4979 sermones

504 5010 759 5080 impuri?
791 5009 938 5074 Haec,
969 5026 1002 5064 ο
1037 5009 1320 5085 Hei-bane,
1362 5012 1443 5068 sic
1501 5012 1915 5084 interpretanda
1956 5026 2088 5072 sunt

503 5108 563 5155 et
590 5099 984 5170 comparanda.
1008 5100 1086 5155 De
1117 5100 1406 5172 Synagoga
1446 5110 1634 5158 autem
1689 5115 1938 5161 vestrum
1987 5107 2083 5163 Ju-

503 5190 775 5255 dteorttm,
816 5191 1199 5248 animadverte
1245 5209 1498 5263 quaenam
1532 5197 1893 5267 progrediens
1935 5198 2084 5255 idem

501 5280 775 5351 propheta
802 5282 861 5336 in
891 5297 992 5338 sua
1016 5284 1307 5353 prophetia
1329 5285 1529 5340 edatur
1555 5286 1711 5341 :Ilazc
1730 5299 1910 5343 autem
1938 5290 2086 5345 ducit

432 5429 441 5449 3
500 5374 757 5431 Dominus
778 5393 796 5430 :
825 5375 1080 5432 Ptantavi
1126 5379 1335 5431 vineam
1369 5376 1651 5432 Sorecti".
1684 5377 1888 5436 Sorech
1916 5396 2084 5453 expo-

2196 4652 2604 4724 συμπτώματος
2634 4653 2730 4708 καλ⁵
2767 4653 3050 4724 δαιμονίου
3085 4655 3487 4727 μεσημσρινοῢ,
3532 4661 3627 4711 καὶ
3675 4659 3777 4730 τῆς

2189 4742 2385 4815 λοιπῆς
2418 4745 2739 4816 τυραννίδος
2759 4745 2857 4799 τοῦ
2884 4747 3121 4811 Σατανᾶ,
3145 4749 3284 4820 ὅπερ
3315 4751 3432 4803 ἐστὶ
3465 4749 3776 4822 σκληρότης

2190 4837 2286 4890 καὶ
2312 4837 2467 4901 ὑετὸς
2492 4837 2750 4909 πονηρός.
2791 4840 3132 4910 Διαστροφαὶ
3157 4839 3216 4892 δὲ
3242 4839 3413 4894 ταῦτα
3440 4840 3536 4895 καὶ
3566 4842 3775 4896 ἔννοιαι

2190 4929 2376 4999 άλογοί
2403 4947 2462 4983 τε
2497 4931 2592 4984 καὶ
2647 4930 2979 5004 ἀκάθαρτοι;
3017 4930 3228 4995 Ταῦτα,
3258 4926 3303 4986 ὧ
3334 4933 3561 5004 Ἐρδᾶν,
3594 4932 3774 4998 οὕτως

2190 5022 2614 5092 ὲρμηνεύονται,
2644 5024 2738 5077 καὶ
2764 5022 2939 5087 οὓτως
2973 5024 3385 5095 συγκρίνονται.
3414 5025 3553 5096 Περὶ
3576 5025 3635 5078 δὲ
3665 5026 3773 5098 τῆς

2188 5112 2521 5182 Συναγωγῆς
2546 5113 2656 5167 τῶν
2692 5114 2964 5169 Ἰουδαίων
2998 5116 3175 5187 ὑμῶν,
3201 5118 3444 5187 πρόσχες
3475 5117 3599 5170 τίνα
3631 5135 3773 5189 προ-

2183 5203 2391 5258 ϐαίνων
2418 5207 2446 5259 ό
2476 5205 2640 5270 αὐτὸς
2674 5208 2971 5278 προφήτης
2996 5207 3145 5276 λέγει
3172 5209 3233 5263 ὲν
3254 5211 3323 5281 τῇ
3346 5210 3512 5264 αὑτοῦ
3546 5227 3771 5281 προφη-

2179 5297 2335 5367 τείᾳ·
2391 5297 2468 5351 Td
2508 5298 2575 5351 δε
2611 5297 2776 5367 λέγει
2816 5301 3074 5370 Κύριος·
3103 5303 3447 5372 Ὲςρύτευσα
3486 5302 3769 5372 ἄμπελον

2181 5388 2392 5456 Σωρήχ
2421 5404 2433 5417 ·
2473 5388 2668 5460 Σωρὴχ
2716 5389 2774 5445 δὲ
2819 5391 3188 5463 ἑρμηνεύεται
3222 5394 3523 5463 κληματίς
3554 5392 3762 5459 asciui-

500 5466 654 5524 nitur
675 5468 976 5535 malleolus,
1003 5469 1119 5524 sive
1147 5478 1481 5523 sarmentum
1517 5470 1798 5524 dextrum:
1825 5471 1929 5527 hoc
1958 5485 2081 5532 errat

2214 5480 2269 5534 ιὰ
2296 5479 2386 5533 τὸν
2428 5480 2682 5554 Ἀϐραὰμ
2714 5482 2876 5538 τοῦτο
2921 5481 2991 5557 ἦν
3023 5486 3309 5560 πρόδηλον.
3348 5486 3458 5544 Kal
3485 5485 3767 5559 φραγμέν

562 5587 611 5621 ³³
642 5587 746 5644 Isa.
781 5604 856 5657 vt,
893 5587 979 5642 10.
1055 5589 1101 5620 ’³
1135 5586 1439 5652 Ρεειίσινιι,
1480 5585 1564 5639 12.
1642 5587 1688 5619 ’³
1716 5587 1874 5643 Joan.
1901 5606 1993 5658 xu,
2023 5594 2112 5651 46.

2186 5596 2232 5628 ’⁸
2257 5595 2360 5651 lsa.
2392 5613 2448 5662 ν,
2480 5596 2531 5651 1.

2010 5705 2244 5766 NOTAE.

566 5773 679 5841 (60)
720 5770 985 5829 Σκιάσει.
1020 5773 1205 5838 Forte,
1237 5764 1551 5827 ὲπεσιὶίτισε.
1580 5772 1784 5831 ϐυιοδι.

559 5842 679 5919 (61)
721 5845 820 5914 Ὠς
869 5842 1071 5901 σκιάν.
1107 5844 1166 5900 In
1199 5846 1288 5900 te!
1320 5857 1372 5911 ι,
1415 5843 1509 5899 καὶ
1567 5843 1717 5899 ἔσται
1758 5848 1839 5912 εἰς
1886 5850 2064 5904 σκιάν.

2228 5848 2549 5921 legendum,
2581 5850 2657 5916 ὡς
2692 5853 2841 5913 σκιά.
2879 5854 2955 5913 ι».
