4094 6540
296 432 403 500 689

1257 439 1717 502 DISPUTATIO
1756 440 1915 501 CUM
1954 442 2320 509 HERBA'NO
2356 447 2644 511 JUDJEO.

3465 460 3595 523 69οἱ

293 528 469 618 αὐτῶ
489 549 834 621 περιέθηκα,
861 550 960 606 καὶ
981 548 1364 622 ἐχαράκωσα,
1396 553 1492 607 καὶ
1516 551 1878 623 ᾠκοδόμησα

1979 543 2335 627 perspicuum
2362 569 2587 629 propter
2612 562 3015 621 Abrahamum.
3042 566 3114 625 Et
3138 584 3316 641 sepem
3335 573 3568 629 circum-

293 641 532 710 πύργον
574 638 844 710 ἐνμέσῳ
875 639 1090 707 αὐτοῦ,
1138 642 1238 696 καὶ
1290 640 1636 709 ὑπολήνιον
1675 641 1880 711 ὠρυξα

293 729 571 797 ἐναύτῷ,
632 731 733 785 καὶ
793 730 1003 800 ἔμεινα
1055 734 1165 788 τοῦ
1217 733 1471 803 ποιῆσαι
1528 735 1877 805 σταφυλὴν,

291 823 550 891 ἐποίησε
603 823 675 877 δὲ
724 822 1013 891 ἀκάνθας.
1071 825 1183 880 Καὶ
1225 826 1366 891 νῦν,
1404 826 1706 895 ἅνθρωποι
1770 828 1878 884 τοῦ

306 914 527 980 Ἰούδα,
592 914 693 970 καὶ
730 919 787 971 οἱ
837 917 1262 983 κατοικοῦντες
1324 918 1396 971 ἐν
1452 920 1879 989 Ἰερουσαλὴμ,

290 1008 535 1078 κρίνατε
562 1007 632 1062 ἐν
661 1009 795 1079 ἐμοὶ
822 1009 922 1064 καὶ
951 1008 1030 1076 τῷ
1056 1009 1369 1080 ἀμπελῶνί
1384 1029 1528 1080 μου.
1562 1013 1623 1065 Τί
1643 1013 1880 1081 ποίησω

289 1100 382 1155 ἐτι
416 1100 497 1167 τῷ
524 1101 836 1171 ἀμπελῶνι
877 1121 1018 1172 μου,
1059 1108 1156 1157 καὶ
1208 1106 1321 1158 οὐκ
1365 1104 1627 1172 ἐποίησα
1680 1104 1877 1171 abegi);

289 1191 445 1248 διότι
476 1193 684 1264 ἔμεινα
715 1194 816 1247 ἵνα
835 1194 1065 1264 ποιήσῃ
1101 1195 1211 1264 (6'2)
1237 1197 1585 1265 σταφυλὴν,
1623 1197 1878 1266 ἐποίησε

290 1284 363 1339 δὲ
391 1286 676 1352 ἀκάνθας.
724 1286 980 1356 Ἑπάγων
1010 1288 1064 1340 δὲ
1093 1288 1192 1358 τὴν
1231 1289 1514 1342 ἀπώλειαν
1568 1290 1747 1360 ὑμῶν,
1783 1291 1881 1345 καὶ

289 1377 377 1442 τὸ,
429 1378 482 1432 τί
531 1379 643 1433 δέοι
677 1378 939 1447 γενέσθαι
984 1381 1116 1450 περὶ
1145 1380 1323 1450 ὑμῶν,
1358 1382 1546 1449 λέγει’
1605 1382 1736 1436 Νῦν
1762 1380 1880 1438 οὖν

291 1468 605 1540 (trans.ch
636 1470 795 1539 ὑμῖν,
824 1471 980 1541 φησι,
1025 1471 1083 1524 τί
1121 1471 1356 1537 ποιήσω
1396 1471 1711 1542 ἀμπελῶνί
1731 1490 1874 1542 μου.

307 1564 575 1618 Ἐνταῦθα
601 1565 861 1636 πρόσεχε,
893 1559 938 1617 ὦ
976 1565 1197 1636 Ἐρϐᾶν,
1222 1569 1289 1637 τῇ
1327 1566 1551 1640 ἀκριϐεῖ
1601 1567 1702 1637 τῆς
1740 1567 1877 1622 Συν-

293 1656 524 1728 αγωγῆς
569 1657 725 1728 ὑμῶν
767 1657 1087 1711 καταλύσει.
1125 1656 1356 1727 Ἀφελῶ
1410 1659 1519 1728 γὰρ
1578 1659 1688 1712 τὸν
1725 1676 1877 1728 φρα-

290 1748 451 1818 γμὸν
481 1747 689 1810 αὑτοῦ,
721 1748 821 1803 καὶ
840 1750 1012 1803 ἔσται
1051 1751 1140 1816 εἰς
1165 1750 1524 1820 διαρπαγήν.
1548 1751 1644 1814 Τίς
1677 1752 1705 1805 6
1732 1767 1875 1821 φρα-

290 1840 471 1909 γμόςς
506 1840 731 1905 Πάντως
778 1842 807 1895 6
857 1841 1047 1913 νόμος,
1099 1843 1128 1895 6
1179 1841 1509 1912 περιορίζων
1548 1841 1733 1912 κύκλῳ
1767 1842 1875 1895 τῶν

1983 650 2156 718 posui,
2181 658 2228 703 ct
2258 650 2543 718 obvallavi,
2562 662 2610 707 et
2626 655 2886 724 aediﬁcavi
2908 668 3114 713 turrem
3139 662 3196 714 in
3226 663 3398 716 medio
3429 667 3572 735 ejus,

1982 748 2032 793 et
2062 739 2288 807 torcula,
2356 743 2465 813 fodi
2516 746 2573 800 in
2624 750 2761 818 ipsa,
2804 759 2854 804 et
2881 754 3178 822 exspectaui
3216 755 3381 810 donec
3415 774 3576 813 uuam

1983 827 2249 897 funderet,
2289 833 2383 886 sed
2416 836 2603 904 spinas
2642 848 2829 893 acutas
2862 842 3111 897 reddidit.
3143 842 3213 898 Et
3242 863 3384 900 nunc
3406 847 3577 905 homi-

1983 935 2073 973 nes
2093 919 2258 987 Juda,
2293 933 2342 977 et
2377 927 2466 996 qui
2497 927 2743 983 habitant
2783 933 2838 985 in
2869 933 3195 1002 Jerusalem;
3229 939 3478 1009 judicate
3516 944 3576 999 in

1984 1030 2066 1068 me
2088 1022 2136 1068 et
2161 1017 2213 1069 in
2240 1019 2390 1072 vinea
2416 1036 2553 1074 mea.
2583 1019 2722 1086 Quid
2745 1024 2942 1093 faciam
2964 1013 3396 1100 amplius‘vinea:
3420 1052 3571 1101 meae,

1982 1115 2034 1160 et
2058 1124 2162 1162 non
2197 1108 2294 1179 feci
2321 1111 2466 1181 ipsi?
2496 1111 2622 1167 Ideo
2668 1121 2987 1188 exspectavi,
3018 1131 3076 1175 ut
3112 1140 3273 1179 uvam
3309 1126 3571 1196 redderet,

1978 1200 2163 1269 spinas
2210 1211 2388 1255 autem
2424 1205 2675 1274 produxit
2722 1210 2790 1262 ’³.
2817 1211 2980 1282 625
3007 1212 3358 1286 Subiungens
3382 1227 3573 1277 autem

1980 1302 2224 1347 vestram
2259 1295 2566 1364 perniciem
2601 1309 2659 1355 et
2696 1301 3011 1367 interitum,
3047 1312 3104 1360 et
3139 1307 3276 1376 quid
3310 1310 3376 1364 de
3409 1311 3571 1367 vobis

1981 1380 2099 1438 ﬁeri
2132 1395 2435 1455 oporteret,
2462 1393 2757 1447 enuntiat:
2792 1393 2966 1459 Nunc,
3001 1398 3207 1467 inquit,
3240 1404 3570 1459 aununtiabo

1979 1476 2121 1530 vobis
2151 1478 2279 1547 quid
2318 1480 2517 1550 faciam
2557 1484 2721 1538 vincte
2759 1503 2908 1542 mete.
2939 1488 3041 1544 Hic
3074 1491 3303 1547 adverte
3328 1505 3571 1552 mentem

1980 1567 2295 1639 diligenter,
2325 1588 2358 1627 υ
2386 1571 2666 1641 lierbane,
2701 1585 2758 1632 et
2777 1579 3070 1637 considera
3093 1592 3346 1644 exactam
3368 1594 3571 1643 vestra:

1981 1659 2278 1733 Synagoga:
2317 1665 2757 1724 destructionem
2784 1679 2841 1726 et
2871 1672 3111 1729 ruinam.
3171 1673 3451 1746 Auferam,
3481 1679 3569 1733 in—

1978 1753 2118 1821 quit,
2145 1756 2495 1829 sepimentum
2519 1759 2655 1829 ejus,
2697 1770 2746 1814 et
2768 1765 2865 1817 erit
2890 1766 2945 1818 in
2968 1766 3208 1835 praedam
3237 1785 3301 1822 ac
3320 1770 3572 1841 direptio-

1980 1859 2098 1897 nem
2114 1845 2179 1899 ".
2199 1844 2330 1911 Quae
2357 1847 2449 1903 illa
2469 1849 2667 1920 sepes?
2684 1852 2924 1909 Omnino
2948 1865 3033 1910 est
3053 1857 3162 1924 lex,
3183 1874 3306 1929 quas
3329 1860 3571 1915 circum-

293 1932 744 2002 προσταγμάτων
769 1934 882 1996 τοῖς
910 1935 1190 2004 φραγμοῖς
1217 1933 1310 1985 τὸν
1347 1933 1405 1998 ἐξ
1435 1933 1716 2001 Αἰγύπτου
1755 1950 1878 2003 μετ-

1983 1933 2076 1989 dat
2130 1944 2187 1990 et
2224 1938 2418 2001 ambit,
2479 1919 2761 2013 cingitque
2807 1919 3219 2003 mandatorum-
3242 1950 3570 2019 sepimentis

294 2020 532 2092 αρθέντα
562 2022 889 2090 ἀμπελῶνα,
940 2024 1079 2095 πρὸς
1119 2023 1218 2095 τὴν
1248 2025 1354 2093 γῆν
1384 2024 1483 2094 τῆς
1520 2025 1877 2095 ἐπαγγελίας.

293 2114 456 2178 Τίνες
495 2117 547 2169 οἱ
601 2115 1047 2186 διαρπάσαντες;
1105 2116 1399 2189 Αἰσθητῶς
1433 2118 1536 2187 μὲν
1574 2118 1876 2189 Ἀσσύριοι,

291 2210 529 2281 Πέρσαι,
574 2211 873 2280 Ῥωμαῖον
928 2211 1136 2282 νοητῶς
1167 2211 1247 2275 δὲ,
1279 2213 1329 2264 οἱ
1372 2212 1556 2283 νοητοὶ
1602 2212 1876 2279 δαίμονες,

291 2306 344 2357 οἰ
384 2306 466 2368 εἰς
490 2303 591 2367 τὰς
620 2294 868 2375 αἱρέσεις
925 2305 1301 2376 ἁρπάσαντες.
1350 2306 1462 2358 Καὶ
1491 2304 1600 2376 γὰρ
1633 2305 1793 2375 ὑμεῖς
1821 2306 1879 2358 ἐν

293 2395 573 2460 ποικίλαις
600 2396 850 2467 αἱρέσεσι
906 2397 1052 2450 κατὰ
1079 2397 1272 2467 καιρὸν
1306 2395 1397 2450 τὸν
1422 2397 1588 2469 νόμον
1620 2397 1714 2450 τοῦ
1748 2398 1879 2451 Μω-

294 2488 438 2552 σέως
469 2487 889 2560 παρετρώσατε.
928 2489 1036 2544 Καὶ
1063 2490 1318 2553 καθελῶ,
1350 2491 1505 2560 φησὶ,
1537 2490 1645 2544 τὸν
1676 2490 1879 2558 τοῖχον

291 2579 503 2643 αὐτοῦ,
534 2579 630 2632 καὶ
667 2576 843 2634 ἔσται
894 2581 985 2645 εὶς
1034 2580 1452 2649 καταπάτημα.
1479 2580 1574 2644 Τίς
1606 2581 1633 2632 6
1661 2584 1875 2652 τοῖχος;

305 2670 373 2725 Ἦ
399 2670 499 2724 τοῦ
533 2670 794 2741 Ὑψίστου
820 2669 992 2736 δεξιὰ,
1024 2673 1057 2742 ἡ
1091 2672 1273 2742 προπῶ
1286 2689 1437 2742 ργιος
1465 2673 1741 2743 ἀσφάλεια
1767 2674 1878 2727 τῶν

292 2759 638 2832 ἀγαπώντων
664 2762 851 2817 αὐτόν.
890 2764 1048 2824 Τίνες
1079 2764 1129 2814 οἱ
1165 2764 1653 2828 καταπατοῦντες;
1693 2766 1755 2819 υἱ
1793 2767 1878 2819 αι-

292 2854 787 2927 χμαλωτεύσαντες
816 2854 1024 2926 ἐχθροὶ,
1057 2856 1108 2907 οἱ
1150 2855 1361 2926 νοητῶς
1394 2873 1453 2910 τε
1478 2856 1572 2910 καὶ
1604 2857 1878 2928 αἰσθητῶς

290 2947 563 3018 ἄρξαντες
589 2948 689 3018 τῆς
722 2948 1050 3017 συναγωγῆς
1084 2948 1261 3017 ὑμῶν,
1300 2941 1376 3001 ὧν
1408 2948 1501 3002 ἐπὶ
1547 2949 1735 3012 τέλους
1767 2950 1878 3020 ὁρῶ

292 3039 532 3094 Πιλᾶτον
558 3040 802 3103 καὶτοὺς
837 3040 945 3112 πρὸ
970 3039 1160 3095 αὐτοῦ.
1187 3039 1298 3095 Kal
1325 3039 1554 3107 ἀνήσω,
1581 3044 1740 3111 φησὶ,
1774 3043 1880 3096 τὸν

317 3131 650 3203 ἁμπελῶνὰ
690 3150 835 3203 μου.
887 3122 1031 3186 τοῦτ’
1067 3132 1208 3197 ἔστι,
1264 3132 1579 3202 καταλείςλῑω
1635 3133 1873 3204 ἐρημονο

292 3224 395 3279 καὶ
423 3224 498 3278 οὐ
516 3223 603 3293 μὴ
641 3222 858 3292 τμηθῇ,
886 3223 1117 3278 οὐδ’νοὺ
1151 3222 1494 3292 μὴὀνιιιφῇ,
1526 3223 1674 3276 τοῦτ’
1704 3223 1872 3286 ἐστιν,
1903 3260 1946 3316 C

291 3317 397 3376 οὐκ
428 3316 615 3381 ἐπάξω
647 3316 969 3386 ἐπιμέλειαν
1004 3317 1085 3379 εἰς
1127 3315 1319 3368 αὐτόν.
1347 3316 1459 3369 Kal
1508 3316 1877 3384 ἀναϐήσεται

291 3410 382 3476 εἰς
406 3408 614 3475 αὑτὸν,
644 3407 781 3461 ὡσεὶ
834 3408 1053 3478 χέρσον,
1110 3406 1376 3461 ἄκανθα·
1417 3406 1586 3476 ἤγουν
1617 3404 1760 3477 ἀρθῇ
1797 3407 1878 3470 εἰς

292 3499 461 3553 αὐτὸν
491 3499 734 3571 ἁμαρτία
765 3499 959 3569 πολλὴ,
991 3498 1068 3562 ὡς
1095 3500 1176 3562 εἰς
1208 3497 1358 3561 ἔθνος
1388 3498 1591 3568 ἄνομον
1617 3499 1710 3551 καὶ
1750 3498 1881 3551 ἁπε-

295 3589 593 3663 ριόδευτον,
610 3590 669 3644 ὲν
690 3589 862 3661 πολλῇ
894 3590 1097 3660 ἀνομίᾳ
1116 3589 1210 3642 καὶ
1232 3589 1479 3660 ἀγνωσία
1511 3588 1874 3660 χρηματίζον.

293 3681 408 3739 Kal
433 3682 562 3749 ταῖς
597 3681 886 3751 νεφέλαις
939 3680 1321 3750 ἐντελοῦμαι,
1361 3681 1469 3735 τοῦ
1520 3680 1608 3750 μὴ
1658 3679 1878 3749 ,βρέξαι

292 3776 387 3842 εις
420 3774 607 3831 αὐτὸν
644 3776 843 3829 ὑετόν.
884 3774 948 3826 Τί
982 3775 1123 3826 εἰσιν
1151 3774 1207 3825 αἱ
1238 3773 1496 3840 νεφέλαις
1545 3773 1611 3825 Αἱ
1664 3790 1880 3844 προφη-

292 3867 440 3921 τεῖαι
462 3865 558 3920 καὶ
582 3865 651 3919 τὰ
691 3864 872 3936 βιϐλία
896 3864 990 3918 τοῦ
1037 3864 1205 3935 νόμου
1234 3879 1250 3895 ·
1308 3863 1504 3934 βροχαὶ
1534 3863 1589 3916 δὲ
1619 3866 1667 3917 οἱ
1703 3864 1875 3931 λόγοι,

295 3953 396 4008 καὶ
419 3952 566 4008 ὑετοὶ
580 3953 650 4006 τὰ
679 3954 950 4024 νοήματα.
979 3952 1271 4018 Παντελῶς
1294 3954 1402 4025 γὰρ
1421 3953 1876 4025 ἁπετυφλώθητε,

294 4045 470 4102 καὶού
500 4028 733 4099 δύνασθε
757 4044 1070 4113 ἀναγνῶναι
1095 4045 1185 4100 τὸν
1216 4044 1390 4114 ἀληθῆ
1420 4044 1545 4097 νοῦν
1588 4045 1686 4115 τῆς
1727 4044 1878 4110 θείας

292 4134 521 4206 Γραφῆς
559 4134 734 4205 ὑμῶν.
765 4134 886 4188 Ἵνα
911 4133 966 4187 δὲ
998 4133 1076 4204 μὴ
1099 4134 1260 4206 εἴπῃς
1293 4134 1377 4186 ὅτι
1411 4134 1540 4203 περὶ
1571 4135 1761 4205 ἐτέρου
1794 4123 1878 4188 xs-

294 4227 529 4297 φαλαίου
554 4229 582 4281 6
612 4227 901 4297 προφήτης
947 4226 1122 4280 ταῦτα
1178 4226 1419 4297 ᾐνίξατο,
1452 4228 1545 4280 καὶ
1587 4227 1713 4297 οὐχὶ
1748 4228 1879 4298 περὶ

295 4318 397 4388 τῆς
423 4317 759 4386 Συναγωγῆς
794 4315 971 4387 ὑμῶν,
1025 4315 1313 4388 τρανώσας
1356 4318 1457 4390 τὴν
1506 4318 1873 4389 προφητείαν,

298 4405 508 4479 μᾶλλον
535 4406 591 4459 δὲ
620 4406 962 4478 καθαροποιή
974 4423 1091 4471 σας,
1117 4406 1399 4477 ἐπήγαγεν
1419 4423 1433 4437 ·
1477 4406 1538 4459 '0
1560 4406 1669 4477 γὰρ
1692 4407 1877 4476 ἀμπε-

294 4498 424 4553 λὼν
470 4498 693 4568 Κυρίου
734 4497 997 4562 Σαϐαὼθ,
1052 4498 1240 4568 φησὶν,
1293 4493 1458 4564 οἶκος
1485 4499 1594 4553 τοῦ
1637 4500 1874 4567 Ἰσραήλ

1981 2027 2200 2084 vincant
2233 2046 2301 2084 ex
2339 2030 2573 2104 Egypto
2621 2036 2677 2090 in
2719 2045 2921 2092 terram
2958 2042 3347 2109 promissionis
3384 2052 3568 2099 trans-

1981 2120 2168 2174 latam.
2187 2120 2428 2188 Quinam
2456 2125 2606 2181 illam
2634 2127 3032 2198 diripuerunt?
3060 2132 3410 2189 Sensibiliter
3441 2135 3569 2204 (ιυί-

1981 2208 2105 2263 dem
2154 2212 2385 2283 Assyrii,
2415 2214 2618 2278 I’ersm,
2656 2217 2886 2273 Romani
2918 2239 2930 2274 :
2958 2222 3389 2293 intelligibiliter
3410 2240 3566 2292 vero,

1980 2301 2258 2357 daemones
2304 2303 2701 2376 intelligibilcs,
2736 2309 2832 2378 qui
2864 2310 3012 2365 illam
3070 2312 3139 2365 ad
3199 2313 3434 2368 haereses
3480 2330 3570 2371 ra-

1979 2403 2228 2464 ptarunt.
2252 2397 2386 2450 Nam
2410 2408 2466 2454 et
2486 2415 2584 2453 vos
2610 2401 2780 2456 variis
2797 2403 3104 2459 haeresibus
3128 2406 3314 2476 agitati
3333 2408 3401 2461 ad
3430 2416 3568 2462 tem-

1981 2499 2105 2553 pus,
2135 2484 2309 2556 legem
2348 2488 2515 2547 Mosis
2560 2506 2821 2560 perverse
2877 2493 3238 2549 vulnerastis.
3285 2496 3353 2550 Et
3388 2497 3579 2552 ἄροιο-ο

1983 2574 2109 2641 liar,
2143 2578 2343 2647 inquit,
2370 2597 2578 2634 murum
2619 2583 2752 2652 ejus,
2788 2592 2837 2637 et
2866 2587 2966 2638 erit
2996 2587 3050 2639 in
3090 2587 3565 2648 conculcationem.

1979 2666 2113 2734 Quis
2166 2668 2257 2724 hic
2310 2673 2551 2726 murus?
2596 2673 2871 2730 Altissimi
2923 2676 3137 2742 dextra,
3190 2680 3568 2747 pmturritum

1979 2764 2320 2833 praesidium,
2352 2766 2467 2822 sive
2499 2776 2746 2824 tutamen
2769 2786 2964 2825 eorum
2985 2773 3079 2841 qui
3101 2772 3338 2843 diligunt
3361 2775 3567 2845 ipsum.

1979 2853 2211 2921 Quinam
2243 2866 2375 2911 sunt
2409 2859 2505 2928 qui
2561 2861 2894 2915 conculcant
2923 2861 2946 2915 ?
2979 2862 3213 2927 Inimici,
3250 2865 3345 2933 qui
3375 2875 3569 2937 captos

1980 2944 2036 2999 in
2079 2947 2406 3002 servitutem
2458 2949 2820 3021 redegerunt,
2849 2952 2945 3021 qui
2986 2959 3044 3006 et
3077 2963 3262 3008 mente
3302 2962 3358 3010 et
3396 2970 3566 3011 sensu

1979 3048 2177 3093 vestrae
2241 3039 2544 3112 Synagoga:
2599 3042 2969 3113 praefuerunt,
3037 3058 3274 3114 quorum
3338 3046 3568 3101 ultimos

1979 3131 2140 3186 video
2170 3132 2429 3199 Pilatum,
2472 3142 2530 3189 et
2552 3150 2649 3189 eos
2680 3136 2774 3205 qui
2803 3145 2929 3190 ante
2962 3136 3142 3206 ipsum
3196 3136 3443 3193 fuerunt;
3490 3137 3567 3194 Et

1981 3223 2269 3287 remittam,
2319 3224 2521 3295 inquit,
2568 3227 2777 3279 vineam
2818 3243 3018 3297 meam,
3046 3227 3099 3281 id
3136 3236 3243 3293 est,
3287 3228 3565 3284 desertam

1980 3322 2037 3368 et
2071 3324 2280 3369 vastam
2312 3323 2368 3370 et
2400 3317 2664 3372 incultam
2700 3316 3040 3390 relinquam:
3072 3335 3239 3389 neque
3266 3321 3562 3389 putabitur.

1980 3422 2144 3478 neque
2178 3407 2406 3477 fodietur
2433 3425 2452 3474 ;
2482 3409 2589 3463 hoc
2621 3417 2728 3473 est,
2760 3410 2970 3464 nullam
3017 3426 3207 3465 curam
3236 3419 3295 3465 et
3325 3410 3566 3483 diligen-

1977 3500 2111 3553 tiam
2158 3499 2215 3553 in
2264 3515 2327 3555 ea
2359 3516 2582 3569 ponam.
2632 3500 2703 3554 Et
2751 3501 3035 3555 ascendent
3081 3500 3135 3555 in
3185 3500 3381 3570 ipsam,
3411 3503 3564 3558 velut

1977 3599 2183 3645 terram
2207 3591 2492 3658 incultam,
2515 3609 2693 3662 vepres
2723 3601 2772 3646 et
2791 3594 2959 3663 spina:
2978 3591 3023 3623 ’⁷
3051 3610 3064 3645 :
3084 3591 3344 3646 nimirum
3366 3607 3564 3663 pecca-

1978 3692 2094 3736 tum
2121 3683 2358 3737 multum
2418 3683 2472 3738 in
2509 3700 2631 3739 eam
2680 3684 2997 3748 invebetur,
3050 3684 3197 3738 sicut
3231 3684 3289 3738 in
3338 3694 3558 3754 gentem

1975 3774 2220 3843 exlegem
2254 3783 2311 3828 et
2344 3774 2700 3837 inaccessam,
2746 3783 2910 3843 atque
2944 3774 3001 3828 in
3050 3774 3223 3828 multa
3268 3773 3562 3844 iniquitate

1976 3874 2032 3919 et
2078 3865 2389 3935 ignorantia
2430 3875 2768 3920 versantem.
2804 3864 2872 3917 Et
2910 3863 3130 3918 nubibus
3183 3863 3447 3919 mandabo
3497 3880 3563 3920 ne

1978 3955 2213 4027 pluviam
2234 3957 2289 4010 in
2312 3958 2484 4027 ipsam
2515 3956 2828 4027 defundunt.
2854 3954 2998 4022 Quid
3021 3965 3151 4011 sunt
3177 3955 3398 4010 nubes?
3428 3957 3563 4012 Pro-

1978 4048 2198 4120 phetim,
2232 4057 2288 4104 et
2322 4048 2450 4104 libri
2481 4048 2637 4120 legis.
2696 4049 3050 4120 lrrigationes
3099 4065 3233 4104 vero
3268 4057 3397 4103 sunt
3438 4064 3561 4104 ser-

1978 4155 2202 4205 mones;
2254 4147 2312 4195 et
2360 4140 2581 4211 pluviae,
2638 4141 2844 4196 mentis
2881 4151 2938 4197 et
2985 4142 3308 4196 intellectus
3361 4156 3562 4196 sensus

1976 4232 2389 4303 profundiores.
2435 4233 2675 4293 Omnino
2714 4234 2862 4289 enim
2899 4235 3156 4290 excmcati
3184 4234 3344 4297 estis,
3377 4247 3561 4304 neque

1976 4340 2167 4379 verum
2194 4324 2396 4381 divinae
2418 4324 2721 4396 Scriptum
2751 4335 2946 4381 vestrae
2977 4343 3205 4382 sensum
3233 4334 3290 4383 et
3317 4335 3560 4381 mentem

1975 4417 2208 4487 legendo
2267 4417 2554 4488 percipere
2604 4424 2660 4473 et
2686 4419 2907 4490 assequi
2968 4420 3220 4489 potestis.
3273 4418 3354 4473 Ne
3415 4416 3559 4473 forte

1977 4510 2301 4579 prophetam
2337 4509 2543 4564 dixeris
2574 4510 2690 4564 haec
2711 4509 2780 4565 de
2805 4512 2909 4565 alia
2946 4527 3004 4567 re
3035 4510 3394 4565 vaticinatum
3426 4509 3561 4564 fuis-

294 4590 450 4657 ἐστι,
483 4592 581 4645 καὶ
612 4590 921 4659 ἅνθρωπος
946 4590 1052 4644 τοῦ
1086 4590 1274 4645 Ἰούδα
1299 4592 1598 4660 νεόφυτον
1645 4592 1875 4662 ἠγαπη-

1979 4617 2057 4667 se,
2085 4617 2194 4655 non
2226 4608 2413 4655 autem
2444 4600 2513 4656 de
2536 4610 2720 4656 vestra
2747 4600 3029 4672 Synagoga
3050 4618 3066 4666 ;
3091 4602 3207 4670 ipse
3234 4598 3555 4654 vaticinium

290 4680 486 4750 μένον
505 4696 519 4710 °
554 4679 700 4734 τοῦτ’
723 4679 893 4742 ἔστιν,
918 4681 951 4750 ἡ
985 4678 1044 4745 ἐξ
1071 4678 1241 4733 ’ἰούδα
1266 4680 1522 4752 βασιλικὴ
1548 4684 1875 4753 γενεαλογία

296 4769 394 4826 τοῦ
425 4772 611 4827 Δαϐίδ.
657 4771 844 4825 Ταῦτα
876 4772 970 4825 οὖν
994 4773 1093 4843 οὐχ
1119 4771 1293 4836 οὕτως
1316 4772 1431 4842 ἔχει
1461 4775 1589 4845 περὶ
1616 4774 1789 4845 ὑμῶν,
1831 4770 1876 4828 ὦ

293 4862 494 4935 ἀνόητε
523 4864 618 4917 καὶ
648 4864 845 4918 ἄπιστε
880 4865 1139 4930 Ἰουδαῖες
1174 4864 1269 4916 καὶ
1302 4865 1365 4917 σὺ
1401 4862 1634 4935 καθὲζῃ,
1660 4871 1754 4919 καὶ
1786 4869 1878 4920 ἐκ·

292 4954 431 5028 δέχῃ
456 4955 852 5025 ἀνακληθῆναι.
898 4956 1147 5024 Μακράν
1197 4954 1316 5010 ἀπὸ
1361 4955 1726 5025 ἁμαρτωλῶν
1761 4975 1879 5012 σω-

292 5045 489 5112 τηρία.
525 5043 586 5096 El
620 5045 728 5115 γὰρ
752 5045 788 5099 ἃ
813 5046 1113 5099 κατέλυσεν
1139 5046 1166 5098 ὁ
1189 5046 1341 5110 Θεὸς,
1364 5046 1565 5116 μᾶλλον
1592 5047 1648 5100 δὲ
1672 5048 1877 5121 πεπλή-

295 5152 464 5208 ρωκε,
504 5135 689 5206 μέλλει
736 5136 929 5192 ἔπειτα
955 5140 1053 5192 καὶ
1104 5137 1199 5191 νῦν
1241 5138 1570 5209 οἰκοδομεῖν,
1600 5140 1873 5211 τολμηρὸν

293 5227 492 5291 εἰπεῖν,
540 5227 623 5281 ὅτι
656 5230 989 5301 παραϐάτην
1026 5231 1218 5284 ἑαυτὸν
1269 5229 1577 5300 συνίστησι.
1631 5230 1764 5296 Θεὸς
1814 5233 1872 5287 δὲ

292 5318 628 5392 παραϐάτης
672 5323 772 5375 οὐκ
804 5321 871 5375 ἂν
901 5321 1130 5393 γένηταί
1164 5338 1316 5376 ποτε.
1372 5322 1446 5375 Οὐ
1482 5321 1590 5395 γὰρ
1625 5322 1871 5393 πέφυκεν

295 5407 405 5462 ὑπὸ
436 5408 609 5483 λήθην
635 5412 710 5477 ὡς
740 5414 918 5484 ὑμεῖς.

1980 4692 2303 4761 explanans,
2351 4695 2464 4746 imo
2496 4708 2631 4747 vero
2686 4709 2884 4762 purum
2944 4704 3002 4746 et
3043 4693 3253 4747 clarum
3295 4690 3555 4757 reddens,

1978 4782 2211 4839 subinde
2231 4782 2439 4838 addidit
2460 4802 2472 4837 :
2493 4784 2654 4838 Vinea
2684 4786 2825 4838 enim
2849 4782 3061 4837 Domini
3081 4782 3323 4845 sabaotlt,
3357 4779 3557 4849 inquit,

1978 4877 2164 4931 domus
2193 4876 2364 4931 Israel
2396 4886 2492 4942 est,
2522 4886 2571 4930 et
2600 4878 2751 4931 homo
2770 4876 2934 4938 Iuda,
2959 4891 3092 4928 nova
3115 4873 3302 4943 planta
3328 4871 3520 4925 dilecta
3546 4890 3565 4926 :

1977 4968 2032 5023 id
2065 4976 2169 5032 est,
2201 4984 2266 5022 ex
2296 4968 2437 5022 Juda
2466 4970 2615 5038 regia
2642 4966 2935 5037 progenies
2966 4964 3210 5020 Davidis.
3233 4963 3359 5019 Haec
3389 4963 3566 5033 igitur
3666 4954 3677 4961 ’

1981 5074 2090 5113 non
2118 5059 2198 5114 sic
2227 5074 2284 5114 se
2316 5059 2521 5113 habent
2545 5067 2601 5112 et
2634 5058 3016 5128 intelliguntur
3048 5056 3115 5110 de
3146 5055 3307 5110 vobis
3336 5053 3489 5125 ipsis,
3530 5070 3565 5107 ο

1978 5149 2169 5204 insane
2198 5159 2253 5204 et
2290 5149 2572 5205 incredule
2601 5148 2787 5204 Judzee
2812 5148 3025 5217 ?-atque
3052 5146 3273 5208 interim
3313 5152 3371 5200 tu
3405 5145 3562 5201 desi-

1977 5243 2096 5309 des,
2124 5252 2177 5298 et
2211 5242 2620 5298 revocationem
2641 5251 2805 5310 atque
2837 5239 3300 5295 instaurationem
3360 5252 3558 5307 exspe-

1976 5338 2112 5386 ctas.
2148 5330 2324 5401 Longe
2348 5348 2380 5384 a
2410 5328 2763 5401 peccatoribus
2784 5328 2932 5381 satus
2953 5327 3020 5382 ".
3056 5325 3117 5381 Si
3143 5325 3293 5381 enim
3317 5311 3441 5395 quin
3461 5323 3558 5379 de-

1975 5423 2179 5481 struxit
2203 5424 2367 5486 Deus,
2391 5422 2503 5478 imo
2522 5436 2653 5477 vero
2675 5436 2796 5492 qua:
2817 5419 3159 5491 adimplevit,
3181 5422 3328 5474 esset
3352 5415 3554 5472 deinde

291 5508 351 5555 et
409 5516 560 5557 nunc
609 5502 1060 5572 instauraturus;
1107 5505 1287 5560 audax
1339 5514 1395 5561 et
1450 5506 1682 5578 impium
1731 5509 1907 5576 dictu,
1955 5514 2104 5585 quod
2145 5529 2204 5570 se
2247 5515 2427 5584 ipsum
2461 5521 2925 5584 transgressorem
2955 5511 3339 5567 constitueret.
3388 5506 3553 5577 Atqui

295 5598 672 5662 transgressor
731 5594 877 5651 Deus
938 5612 1223 5667 nunquam
1267 5612 1390 5654 esse
1420 5600 1612 5669 possit.
1644 5600 1762 5659 Non
1787 5604 1936 5659 enim
1972 5605 2031 5661 in
2056 5621 2209 5673 eum,
2238 5606 2384 5664 sicut
2408 5605 2467 5665 in
2493 5618 2614 5675 vos,
2651 5602 2802 5661 cadit
2829 5601 3056 5658 oblivio.

364 5706 413 5739 ”
443 5705 549 5762 Isa.
575 5722 629 5776 ν,
666 5708 781 5764 24.
849 5709 896 5742 “
926 5708 1061 5767 ibid.
1100 5710 1154 5779 5,
1187 5710 1240 5767 6.
1316 5711 1361 5744 ’⁷
1391 5712 1528 5773 ibid.
1570 5714 1622 5770 7.
1701 5715 1745 5749 ⁸⁸
1789 5717 1938 5772 Psal.
1971 5717 2295 5787 cxvu,‘155.

1801 5806 2040 5865 NOTAE.

369 5863 482 5938 (62)
513 5868 766 5942 Ποιήσῃ.
793 5869 1006 5944 Scribe,
1039 5874 1286 5943 ποιῆσαι.
1321 5874 1398 5933 Is.
1568 5907 1603 5918 η
