4094 6530
426 1491 435 1499 ο
517 1461 799 1517 dissolutos
833 1462 1074 1529 Israelis,
1108 1471 1160 1517 et
1187 1465 1449 1537 dispersos
1479 1466 1622 1521 Iuda
1656 1470 1997 1541 congregabit
2038 1488 2102 1525 ex

513 408 616 478 691
1499 420 1561 482 S.
1610 420 2035 485 GREGENTII
2075 423 2113 485 Ε

2207 424 2309 487 sc.
2347 424 2882 489 TAPHARENSIS
3375 398 3379 403 ’
3691 429 3817 493 692
3926 401 3933 404 ’

581 533 787 590 ﬂERB.
822 532 1070 590 Plurima
1132 533 1304 590 verba
1339 534 1622 594 funditare
1648 537 1920 605 didicisti,
1955 555 2111 611 spem

2283 524 2531 598 EPBXN.
2595 544 2833 598 Πλεῖστα
2906 541 3240 616 μεμάθηκας
3289 544 3641 616 πολυλογεῖν,
3690 544 3803 614 ἔξω

507 626 731 684 lsraelis
795 624 1105 683 excludens
1155 637 1324 699 atque
1384 632 1788 691 exterminans.
1847 634 2108 692 Nondum

2211 635 2547 713 ﬂdkkwvshv
2572 636 2669 691 τοῦ
2704 636 2927 708 Ἰσραὴλ
2951 637 3166 692 ἐλπίδα.
3201 638 3345 692 Ἀλλ’
3366 639 3466 709 ἐμὲ
3492 638 3648 693 οὔπω
3663 639 3804 693 καθ-

510 730 696 775 tamen
749 735 837 774 me
892 720 1120 790 penitus
1162 722 1466 778 attonitum
1518 726 1725 782 reddes
1779 746 1792 781 :
1843 730 2108 799 quoniam

2207 731 2330 785 όλου
2362 731 2658 802 πτοήσεις·
2689 728 2879 802 ἐπειδὴ
2932 729 3083 798 λέγει
3115 730 3347 795 Ἡσαΐας
3397 731 3527 802 περὶ
3561 730 3665 801 τῆς
3698 730 3800 785 τοῦ

2221 822 2442 895 Ἰσραὴλ
2479 822 2857 893 ἀνακλήσεως,
2912 821 3304 890 καθαροποιῶν
3359 822 3461 894 τὴν
3497 822 3800 894 ἀλήθειανθ

2207 914 2316 969 Καὶ
2364 915 2558 977 ἔσται,
2610 914 2769 982 φησὶ,
2826 912 2902 981 τῇ
2940 914 3131 982 ἡμέρᾳ
3184 912 3416 982 ἐκείνῃ,
3459 914 3801 981 προσθήσει

2205 1006 2425 1073 Κύριος
2462 1004 2568 1058 τοῦ
2596 1003 2788 1067 δεῖξαι
2841 1002 2955 1071 τὴν
3005 1003 3176 1073 χεῖρα
3212 1004 3427 1067 αὑτοῦ,
3469 1004 3578 1058 τοῦ
3610 1003 3800 1071 ζηλῶ-

2205 1111 2330 1161 σαι,
2364 1095 2463 1149 καὶ
2492 1095 2744 1163 ζητῆσαι
2774 1096 2840 1148 τὸ
2881 1093 3285 1162 καταλειφθὲν
3310 1096 3658 1149 ὑπόλοιπον
3687 1094 3799 1149 τοῦ

2218 1189 2467 1255 Ἰσραὴλ
2503 1188 2640 1255 (65),
2678 1186 2710 1241 ὃ
2764 1185 2874 1240 ἐὰν
2921 1184 3294 1255 καταλειφθῇ
3329 1185 3451 1240 ἀπὸ
3502 1184 3626 1239 τῶν
3658 1187 3804 1241 Ἀσ-

2204 1281 2459 1347 συρίων,
2492 1278 2589 1334 καί
2619 1278 2739 1333 ἀπὸ
2768 1279 3098 1344 Αἰθιοπίας,
3134 1278 3232 1331 καί
3283 1278 3402 1332 ἀπὸ
3443 1277 3797 1347 Ἐλαμιτῶν,

2204 1374 2302 1428 καί
2323 1372 2442 1429 ἀπὸ
2470 1373 2776 1442 Αἰγύπτου
2804 1371 2901 1425 καί
2928 1370 3311 1437 Βαϐυλῶνος.
3341 1370 3439 1425 καί
3470 1369 3590 1425 ἀπὸ
3614 1370 3804 1439 ἡλίου

2202 1463 2538 1529 ἀνατολῶν,
2572 1464 2673 1518 καὶ
2705 1463 2776 1528 ἐξ
2815 1464 3104 1531 Ἀραϐίας,
3137 1463 3233 1517 καί
3263 1463 3383 1517 ἀπὸ
3432 1461 3556 1517 τῶν
3584 1462 3801 1528 νήσων

2204 1560 2313 1627 τῆς
2360 1558 2712 1625 θαλάσσης·
2765 1559 2866 1613 καὶ
2923 1558 3058 1626 ἀρεῖ
3099 1557 3342 1627 σημεῖα,
3381 1560 3469 1624 είς
3498 1558 3573 1611 τὰ
3621 1558 3795 1625 ἔθνη,

2202 1652 2303 1707 καὶ
2356 1651 2611 1716 συνάξει
2664 1651 2808 1718 τοὺς
2854 1650 3326 1720 ἀπολλυμένους
3358 1649 3471 1721 (64)
3517 1651 3797 1719 Ἰσραὴλ,

2201 1745 2300 1800 καί
2330 1745 2473 1812 τοὺς
2502 1744 2986 1814 διεσπαρμένους
3024 1742 3222 1799 Ἰούδα
3252 1743 3513 1809 συνάξει
3565 1743 3635 1797 ἐκ
3674 1740 3805 1813 τῶν

2202 1835 2517 1905 τεσσάρων
2549 1837 2861 1906 πτερύγων
2904 1835 3016 1905 τῆς
3047 1834 3184 1906 γῆς.
3229 1837 3338 1890 Kal
3384 1835 3797 1905 ἁφαιρεθήσευ

2202 1946 2299 1983 ται
2336 1932 2369 1983 ό
2409 1926 2588 1997 ζῆλος
2621 1927 2894 1997 Ἐφραίμ,
2928 1927 3027 1981 καί
3075 1930 3131 1982 οι
3177 1927 3381 1997 ἐχθροί
3424 1927 3614 1982 Ἰούδα
3640 1927 3796 1982 ἀπο-

514 2012 779 2083 Nunquid
814 2014 890 2070 ita
939 2015 1071 2071 est?
1098 2018 1354 2074 ostende.
1386 2020 1509 2075 Non
1532 2023 1735 2087 solum,
1772 2023 1973 2095 inquit,
2001 2042 2094 2083 re-

2207 2023 2475 2079 λοῦνται.
2519 2022 2628 2077 Kal
2668 2022 2842 2076 ἔσται
2889 2019 2969 2086 τῷ
3002 2020 3256 2089 Ἰσραὴλ
3286 2021 3367 2086 ὡς
3404 2019 3487 2090 τῇ
3513 2019 3704 2090 ἡμέρᾳ
3752 2013 3797 2093 ᾗ

514 2106 808 2161 vocabitur
844 2109 1036 2175 Israel,
1074 2124 1269 2165 verum
1300 2111 1465 2167 etiam
1490 2113 1656 2185 626
1679 2115 1891 2172 inimici
1929 2118 2091 2185 Juda,

2207 2116 2461 2184 ἐξῆλθεν
2482 2115 2551 2170 ἐκ
2580 2113 2696 2184 τῆς
2722 2115 3051 2183 Αἰγύπτου.
3112 2113 3220 2167 Kal
3277 2111 3457 2182 ἐρεῖς,
3500 2113 3693 2184 φησὶν,
3724 2113 3799 2165 ἐν

515 2194 613 2265 qui
647 2195 878 2266 quidem
907 2199 1045 2254 estis
1084 2215 1184 2255 vos
1233 2200 1573 2270 Christiani,
1627 2206 1910 2274 peribunt.
1967 2208 2095 2267 Haec

2207 2208 2276 2279 τῇ
2324 2208 2516 2279 ἡμέρῃ
2565 2206 2806 2273 ἐκείνην
2873 2203 3194 2274 εὐλογήσω
3227 2218 3323 2270 σε,
3386 2206 3588 2273 Κύριε.
3641 2203 3796 2257 διότι

514 2300 646 2341 vera
678 2297 829 2353 sunt,
853 2289 959 2344 nisi
989 2290 1286 2348 mendaces
1316 2294 1428 2348 sint
1456 2296 1761 2366 prophetae.

2207 2305 2495 2374 ὠργίσθης
2531 2319 2654 2371 μοι.
2703 2301 2813 2354 Καὶ
2862 2298 3084 2364 ἔπειτα,
3121 2299 3529 2369 Ἀπέστρεψας
3552 2299 3661 2353 τὸν
3689 2301 3799 2353 θυι-

510 2383 633 2453 μόν
658 2397 776 2435 σου
820 2381 923 2437 ἀπ’
949 2382 1118 2451 ἐμοῦ,
1144 2384 1242 2438 καί
1275 2385 1547 2453 ήλέησάς
1571 2404 1668 2457 με.
1697 2391 1759 2444 Εἰ
1789 2392 1971 2447 τοίνυν
2002 2396 2103 2452 οὐκ
2141 2397 2290 2452 ἔστιν
2321 2394 2493 2456 οὓτως
2519 2409 2536 2459 ;
2602 2389 2796 2456 δεῖξον.
2870 2391 2945 2444 Οὐ
2982 2392 3142 2462 μόνον
3188 2392 3301 2463 γὰρ
3351 2396 3379 2446 ὁ
3411 2392 3627 2464 Ἰσραὴλ
3658 2392 3793 2445 ἀνα-

516 2471 877 2543 κληθήσεται,
926 2476 1107 2544 φησὶν,
1148 2476 1283 2530 ἀλλὰ
1341 2480 1435 2532 καὶ
1489 2479 1540 2532 οί
1578 2480 1765 2553 ἐχθροὶ
1806 2485 1999 2554 Ἰούδα,
2043 2490 2098 2545 οἵ
2132 2490 2279 2554 τινές
2340 2489 2463 2541 ἐστε
2504 2485 2664 2557 ὑμεῖς
2726 2484 2775 2537 οί
2811 2483 3152 2554 Χριστιανοὶ,
3192 2482 3546 2539 ἀπολοῦνται.
3600 2481 3796 2537 Ταῦτα

514 2561 690 2627 οὕτως
717 2562 851 2633 ἔχει,
883 2565 916 2636 ἢ
939 2565 1154 2635 ψευδεῖς
1177 2569 1228 2621 οί
1265 2570 1566 2641 προφῆται.

589 2654 647 2710 S.
677 2653 886 2710 ARCH.
915 2655 997 2711 Tu
1026 2657 1251 2728 quidem
1280 2660 1459 2715 solum
1491 2662 1641 2732 quod
1671 2664 1773 2719 tibi
1803 2666 2086 2733 conducit,

2267 2668 2379 2722 Καὶ
2409 2668 2451 2720 0
2489 2664 2707 2720 ΑΓΙΟΣ.
2740 2663 2813 2716 Σὺ
2859 2662 2956 2732 μὲν
2982 2660 3044 2714 τὸ
3067 2660 3354 2731 συμφέρον
3387 2677 3472 2714 σοι
3514 2660 3679 2731 μόνον
3699 2661 3796 2715 λε-

514 2749 736 2803 locutus
757 2763 818 2803 es
844 2766 860 2802 :
887 2749 1035 2819 quod
1065 2766 1202 2829 vero
1237 2767 1374 2807 mea;
1419 2768 1604 2810 causa:
1653 2756 1836 2822 favet,
1881 2768 1939 2815 et
1987 2775 2092 2831 pro

2207 2761 2458 2831 λάληκας,
2488 2759 2551 2812 τὸ
2576 2758 2633 2811 δὲ
2665 2755 2944 2827 συμφέρον
2995 2753 3140 2823 ἐμοὶ,
3194 2753 3654 2825 παρεσιώπησας.
3684 2754 3790 2818 Τίς

514 2855 604 2895 me
636 2840 789 2901 facit.
841 2840 1068 2896 silentio
1128 2843 1470 2913 praeteriisti.
1523 2846 1584 2901 In
1641 2864 1854 2906 summa
1893 2868 2090 2909 eorum

2207 2855 2253 2908 δὲ
2278 2854 2476 2925 φάσκει
2502 2853 2560 2904 ὲν
2590 2848 2872 2920 κεφαλαίῳ
2904 2848 3012 2900 τῶν
3037 2844 3316 2917 ῥηθέντων
3343 2844 3497 2918 παρὰ
3533 2844 3630 2900 σοῦ
3652 2863 3673 2912 ;

514 2948 638 3003 quae
673 2932 944 2995 recitasti,
975 2933 1110 3001 quid
1140 2935 1326 2991 innuit
1353 2939 1669 3009 propheta?

585 3023 793 3078 HERB.
822 3023 965 3090 Quid
982 3025 1063 3078 ait
1090 3025 1114 3079 ?
1140 3028 1414 3097 responde
1446 3038 1503 3085 tu
1527 3031 1668 3101 ipse.

510 812 652 869 dicit
670 812 843 868 lsaias
866 813 937 869 de
968 816 1327 872 revocatione
1348 817 1574 872 Israelis
1595 860 1609 884 ,
1650 820 1945 876 veritatem
2002 838 2106 891 pu-

510 907 633 962 rius
682 906 1014 963 ostendens.
1060 908 1132 964 Et
1172 912 1293 975 erit,
1348 911 1448 977 ait,
1508 913 1565 966 in
1592 913 1799 968 dieillo
1833 915 2106 986 :Adjieiet

513 1000 775 1055 Dominus
808 1008 867 1054 ut
902 1001 1149 1056 ostendat
1174 1019 1397 1057 manum
1433 1020 1589 1057 suam
1618 1013 1676 1058 ut
1706 1005 2019 1070 aemuletur,
2053 1014 2105 1060 et

514 1101 724 1162 (μιᾶναι
748 1092 1001 1163 reliquias
1030 1093 1214 1165 populi
1242 1095 1485 1162 Israelis,
1521 1112 1639 1166 qua:
1672 1096 1869 1151 relicta:
1891 1099 2105 1168 [uerunt

515 1184 582 1238 ab
618 1186 870 1257 Assyriis,
901 1186 967 1240 ab
992 1186 1345 1258 Ethiopibus,
1377 1187 1443 1241 ab
1464 1188 1739 1255 Elamitis,
1773 1197 1822 1242 et
1856 1191 1919 1244 ab
1941 1189 2106 1260 Egy-

514 1284 605 1347 pto
653 1286 701 1332 et
733 1277 1027 1349 Babylone,
1057 1288 1108 1333 et
1138 1298 1171 1334 a
1190 1278 1317 1335 solis
1343 1280 1567 1347 ortibus,
1587 1291 1638 1335 et
1657 1282 1940 1350 Arabibus,
1966 1294 2012 1338 et
2037 1284 2101 1338 ab

514 1368 708 1424 insulis
741 1372 929 1425 maris.
970 1371 1043 1425 Et
1077 1371 1228 1426 tollet
1263 1373 1416 1443 signa
1463 1374 1534 1428 ad
1569 1383 1770 1445 gentes,
1814 1386 1863 1429 et
1893 1375 2103 1449 colliget

517 1559 750 1624 quatuor
771 1552 870 1608 alis
914 1562 1087 1610 terrae.
1124 1555 1197 1610 Et
1227 1557 1502 1627 auferetur
1538 1558 1684 1614 zelus
1714 1560 1998 1631 Ephraim,
2052 1574 2102 1618 et

515 1645 719 1699 inimici
744 1643 885 1699 Juda
933 1646 1196 1718 peribunt.
1242 1647 1314 1702 Et
1342 1651 1443 1704 erit
1484 1650 1701 1718 Israeli,
1732 1656 1865 1709 sicut
1918 1658 1972 1710 in
2018 1658 2102 1711 die

516 1750 621 1807 quo
652 1738 780 1792 exiit
814 1754 879 1792 ea:
896 1737 1128 1811 ﬂggpto
1144 1741 1214 1797 ”.
1239 1741 1309 1797 Et
1334 1744 1493 1810 dices,
1524 1746 1727 1816 inquit,
1750 1749 1805 1801 in
1839 1749 1924 1803 die
1954 1749 2049 1804 illo
2081 1768 2100 1806 :

514 1827 958 1896 Benedicamtibi,
974 1831 1216 1900 Domine,
1249 1850 1307 1888 eo
1333 1838 1471 1906 quod
1504 1838 1676 1893 iratus
1711 1856 1767 1893 es
1799 1842 1925 1895 mihi
1939 1842 2003 1895 '°.
2031 1843 2101 1898 Et

515 1919 717 1975 deinde
749 1938 762 1974 :
793 1922 1042 1977 Avertisti
1068 1925 1209 1978 iram
1227 1934 1376 1981 tuam
1408 1944 1539 1983 ame
1556 1937 1604 1983 et
1636 1932 1878 1986 misertus
1899 1950 1952 1988 es
1973 1937 2094 1990 mei.
2133 1889 2173 1943 Β

2270 3031 2519 3088 EPBAN.
2551 3031 2687 3083 Τίνα
2724 3029 2906 3097 λέγεις
2938 3025 3273 3097 ἀποκρίθητι
3307 3024 3484 3080 ταῦτα
3510 3024 3600 3080 σύ.

587 3115 646 3172 S.
679 3116 888 3172 ARCII.
921 3115 1009 3172 Sic
1032 3118 1159 3172 dicit
1198 3118 1478 3187 Dominus,
1524 3124 1746 3196 inquit:
1774 3127 1894 3183 Erit
1926 3130 1982 3183 in
2011 3131 2095 3184 die

2270 3125 2381 3179 Καὶ
2408 3126 2449 3176 Ο
2470 3122 2689 3177 ΑΓΙΟΣ.
2714 3121 2878 3174 Οὕτω
2896 3119 3082 3189 λέγει,
3110 3119 3265 3189 φησὶ,
3295 3119 3511 3187 Κύριος
3531 3134 3544 3147 ·
3584 3118 3797 3172 Ἔσται

515 3207 615 3264 illo
648 3208 805 3263 radix
842 3207 1030 3275 Jessw,
1060 3218 1110 3264 et
1132 3212 1222 3281 qui
1269 3215 1442 3284 surgit
1468 3225 1526 3269 ut
1564 3218 1787 3287 imperet
1814 3222 2051 3291 gentibus
2078 3240 2097 3277 :

2207 3219 2273 3272 ἐν
2312 3215 2387 3285 τῇ
2430 3214 2620 3284 ἡμέρᾳ
2671 3213 2879 3281 ἐκείνῃ
2926 3212 2966 3280 ἡ
2989 3211 3124 3281 ῥίζα
3176 3211 3287 3265 τοῦ
3342 3208 3584 3273 Ἰεσσαὶ,
3621 3206 3721 3263 καί
3758 3210 3796 3261 ὀ

517 3302 577 3354 in
598 3301 714 3371 ipso
742 3308 920 3370 gentes
960 3301 1246 3370 sperabunt
1269 3302 1333 3360 ³¹.
1366 3303 1445 3361 Ne
1473 3321 1607 3361 vero
1642 3307 1818 3373 dicas,
1849 3325 1977 3363 eum
1998 3310 2092 3381 qui

2207 3308 2607 3377 ἀνιστάμενος
2644 3305 2855 3375 ἄρχειν
2886 3303 3005 3358 τῶν
3037 3301 3261 3358 ἐθνῶν·
3321 3302 3417 3356 ἐπ’
3446 3299 3609 3367 αὐτῷ
3644 3301 3796 3371 ἔθνη

522 3392 704 3463 surgit
750 3399 812 3445 ut
847 3391 1084 3462 imperet
1122 3394 1383 3464 gentibus
1407 3437 1422 3462 ,
1475 3397 1575 3453 Dei
1605 3414 1728 3455 esse
1779 3401 2094 3469 inimicum,

2207 3402 2507 3458 ἐλπιοῦσι.
2544 3399 2657 3454 Kal.
2687 3400 2777 3452 ἴνα
2809 3398 2885 3469 μὴ
2915 3400 3102 3468 εἴπῃς,
3134 3398 3220 3450 ὅτι
3260 3394 3506 3459 ἐναντίος
3547 3394 3634 3458 τίς
3673 3396 3796 3448 ἐστι

524 3501 555 3540 e
578 3485 757 3540 radice
780 3485 944 3540 Jessa:
981 3488 1154 3557 ipsum
1186 3488 1319 3559 fore,
1343 3489 1561 3547 addidit
1601 3509 1615 3545 :
1649 3492 1719 3548 Et
1744 3496 1865 3564 erit,
1895 3495 2099 3566 inquit,

2207 3495 2279 3565 τῷ
2306 3492 2426 3564 Θεῷ
2458 3494 2486 3545 ὁ
2517 3491 2882 3561 ἀνιστάμενος
2915 3493 3105 3562 ἄρχειν
3142 3489 3251 3543 τῶν
3281 3487 3474 3552 ἐθνῶν,
3531 3487 3634 3541 Ἐκ
3683 3484 3798 3552 τῆς

525 3579 732 3648 requies
772 3577 920 3648 ejus,
969 3579 1154 3634 honor.
1191 3580 1480 3653 lntelligis,
1512 3598 1546 3637 ο
1579 3584 1737 3640 rudis
1762 3597 1820 3642 et
1850 3587 2098 3654 indocte,

2207 3585 2365 3654 ῥίζης
2395 3585 2569 3639 ἔσται
2622 3583 2730 3639 τοῦ
2778 3584 3032 3646 Ἰεσσαὶ,
3087 3582 3380 3652 ἐπήγαγε·
3423 3579 3535 3635 Kal
3595 3578 3793 3642 ἔσται,

525 3667 773 3722 divinum
797 3666 1066 3723 honorem
1087 3671 1411 3740 prophetam
1432 3672 1639 3730 dixisse
1669 3675 1791 3745 ejus
1816 3677 2104 3747 requiem?

2207 3683 2392 3751 φησὶν,
2420 3678 2458 3746 ἡ
2484 3676 2831 3743 ἀνάπαυσις
2865 3674 3076 3741 αὑτοῦ,
3101 3672 3260 3743 τιμή.
3281 3670 3602 3743 Προσέχεις,
3629 3669 3799 3724 ἀπαί-

527 3760 674 3831 Ergo
703 3767 861 3814 certo
907 3760 1071 3826 scias,
1099 3763 1248 3831 quod
1281 3764 1373 3821 ille
1405 3766 1502 3834 qui
1534 3774 1597 3821 ut
1622 3770 1885 3838 gentibus
1923 3772 2103 3841 impe-

2207 3772 2362 3825 δευτε
2396 3770 2491 3824 καὶ
2515 3769 2792 3833 ἀδίδακτε,
2824 3769 2907 3822 ὅτι
2934 3766 3103 3837 τιμὴν
3128 3765 3312 3818 ἔνθεον
3350 3765 3453 3835 τὴν
3482 3762 3798 3818 ἀνάπαυσιν

2205 3863 2372 3918 αὐτοῦ
2399 3865 2428 3916 ὁ
2457 3862 2748 3932 προφήτης
2778 3858 3045 3930 εἴρηκεν;
3096 3855 3306 3911 Οὐκοῦν
3332 3859 3474 3921 τέως
3517 3856 3800 3928 πληροφο-

2208 3956 2425 4029 ρήθητι.
2487 3954 2571 4006 ὅτι
2630 3952 2783 4023 παρά
2815 3950 2953 4005 Θεοῦ
2989 3953 3017 4004 ὁ
3048 3950 3414 4018 ἀνιστάμενος
3457 3947 3652 4019 ἄρχειν
3682 3947 3795 4002 τῶν

2209 4047 2402 4112 ἐθνῶν,
2440 4047 2628 4117 ἐπειδὴ
2659 4047 2755 4099 καὶ
2781 4045 2932 4116 τιμὴ
2972 4046 3006 4115 ἡ
3041 4044 3350 4106 ἀνάπαυσις
3374 4043 3538 4096 αὐτοῦ
3573 4042 3796 4113 ὠνομά-

2211 4138 2337 4210 σθη.
2362 4140 2487 4193 Ὀτι
2511 4138 2567 4191 δὲ
2601 4139 2800 4207 ἐπάγει
2828 4137 2975 4208 μετά
3005 4136 3200 4196 ταῦτα,
3227 4137 3309 4190 ὃτι
3356 4134 3523 4204 Ἀρεῖ
3539 4134 3798 4205 σημεῖον

2208 4232 2296 4296 εὶς
2319 4228 2391 4283 τὰ
2416 4229 2584 4296 ἔθνη,
2624 4230 2778 4300 φησὶ,
2801 4228 2901 4282 καὶ
2930 4229 3190 4293 συνάξει
3220 4228 3362 4295 τοὺς
3389 4227 3796 4296 ἀπωσμένους

2222 4319 2493 4388 Ἰσραὴλ,
2544 4319 2643 4373 καί
2681 4319 2824 4386 τοὺς
2863 4320 3345 4390 διεσπαρμένους
3392 4318 3591 4375 Ἰούδα
3637 4334 3795 4373 συν-

2210 4411 2362 4478 άξει,
2408 4410 2699 4481 προλαϐὼν
2733 4414 2955 4483 εἴρηκα,
3016 4414 3099 4465 ὅτι
3141 4411 3267 4466 οὔτε
3317 4410 3486 4477 ἅπαξ,
3541 4409 3667 4465 οὔτε
3708 4409 3795 4474 δἰς

2213 4506 2539 4578 συνήγαγεν,
2578 4505 2717 4559 ἀλλά
2766 4506 2863 4559 καί
2920 4504 3206 4568 πολλάκις.
3244 4504 3384 4559 Ἀλλ’
3419 4505 3581 4574 ὑμεῖς
3626 4505 3686 4556 ὲν
3722 4503 3791 4572 τῇ

2212 4597 2350 4668 αὐτῇ
2380 4596 2639 4668 ἀπειθείᾳ
2668 4597 2823 4650 ἐστέ·
2867 4595 3060 4651 ἔπειτα
3088 4596 3473 4668 διαμείναντες
3499 4597 3558 4649 ἐν
3587 4594 3791 4665 καιρῷ,

531 4676 659 4732 dem
682 4676 781 4732 tibi
812 4692 844 4731 a
875 4692 962 4732 me
991 4676 1182 4732 datum
1207 4686 1294 4733 est
1321 4677 1391 4732 ad
1417 4678 1794 4736 defensionem
1824 4683 1904 4738 tui
1925 4684 2102 4739 verbi.

2213 4687 2376 4741 πάλιν
2422 4688 2900 4759 διεσκορπίσθητε,
2937 4691 3033 4742 καὶ
3066 4691 3124 4743 ὲν
3160 4688 3238 4761 τῷ
3284 4688 3435 4760 αὐτῷ
3461 4689 3792 4759 διασκορπι⁶

531 4768 689 4838 Quod
727 4769 772 4824 si
820 4770 904 4824 vis
937 4783 1130 4824 verum
1178 4777 1235 4825 et
1288 4778 1542 4841 apertum
1590 4772 1757 4846 hujus
1803 4777 2108 4846 prophetiae

2211 4779 2338 4850 σμῷ
2388 4779 2553 4851 μέχρι
2610 4780 2712 4851 τῆς
2762 4780 2922 4852 δεῦρο
2957 4780 3269 4850 διαμένετε.
3323 4783 3435 4836 Καὶ
3491 4779 3653 4835 τοῦτο
3692 4777 3794 4849 μὲν

532 4877 759 4916 sensum
788 4862 1076 4931 percipere
1112 4870 1171 4917 et
1212 4862 1559 4935 intelligere,
1596 4864 1678 4921 sic
1705 4867 2106 4926 animadverte.

2209 4871 2366 4943 ἐδόθη
2419 4890 2501 4925 σοι
2561 4872 2700 4943 πρὸς
2731 4872 3031 4942 ἀπολογίαν
3060 4873 3154 4926 τοῦ
3202 4872 3295 4927 σοῦ
3349 4874 3598 4945 ῥήματος
3657 4870 3791 4942 παρ’

532 4950 643 5016 Sic,
681 4954 862 5022 inquit
905 4955 1177 5024 propheta
1202 4994 1218 5019 ,
1262 4956 1388 5008 dicit
1426 4955 1684 5011 Dominus
1718 4974 1737 5012 :
1771 4958 1892 5013 Erit
1927 4961 1983 5014 in
2025 4962 2111 5017 die

2211 4966 2369 5037 ἐμοῦ.
2400 4966 2462 5019 Εἰ
2481 4967 2538 5021 δὲ
2562 4966 2741 5038 βούλει
2773 4966 2970 5037 μαθεῖν
2996 4967 3058 5021 τὸ
3087 4967 3287 5038 ἀληθὲς
3317 4968 3422 5039 τῆς
3446 4964 3794 5038 προφητείας

532 5043 628 5099 illo
663 5045 820 5098 radix
836 5044 1019 5110 .l'essae,
1045 5055 1094 5099 et
1117 5046 1210 5117 qui
1243 5049 1412 5116 surgit
1442 5048 1512 5102 ad
1538 5050 1907 5120 imperandum
1936 5054 2111 5123 genti-

2209 5059 2439 5131 ταύτης,
2472 5062 2664 5115 καὶτὸ
2694 5061 2885 5130 σαφὲς,
2926 5062 3159 5134 πρόσεχε
3213 5057 3340 5119 ὧδε.
3391 5062 3556 5117 Οὕτω
3604 5061 3790 5128 λέγει,

535 5136 629 5189 bus
646 5135 710 5188 ³³.
738 5134 996 5201 Quaenam
1029 5137 1121 5191 illa
1153 5134 1311 5193 radix
1341 5138 1509 5195 Jessaa
1531 5141 1664 5206 alia,
1695 5158 1862 5212 quam
1884 5144 2109 5201 domina

2217 5153 2372 5224 φησὶ,
2408 5155 2658 5223 Κύριος*
2686 5157 2901 5209 Ἔσται
2930 5157 2999 5210 ἐν
3022 5155 3097 5225 τῇ
3126 5155 3317 5226 ἡμέρᾳ
3334 5155 3542 5224 ἐκείνῃ
3575 5156 3613 5223 ἡ
3658 5154 3793 5223 ῥίζα

535 5239 659 5278 mea
675 5234 734 5278 et
750 5225 981 5294 Deipara
1001 5227 1166 5299 Virgo
1182 5228 1373 5291 Maria,
1391 5245 1514 5301 qua:
1536 5238 1622 5286 est
1642 5232 1711 5288 de
1741 5234 1887 5289 tribu
1904 5235 2110 5294 Jessae?

2214 5242 2321 5296 τοῦ
2380 5243 2631 5306 Ἰεσσαί,
2686 5244 2787 5299 καί
2851 5248 2884 5301 ὀ
2952 5225 3359 5316 ἀνιστάμενος
3416 5246 3627 5316 ἄρχειν
3670 5246 3793 5301 τῶν

536 5313 673 5382 Quis
739 5315 831 5370 ille
887 5318 983 5387 qui
1026 5321 1205 5390 surgit
1256 5321 1325 5375 ad
1386 5322 1775 5395 imperandum
1816 5322 2109 5397 gentibus?

2213 5330 2427 5387 ἐθνῶν.
2443 5331 2540 5397 Τίς
2564 5338 2598 5406 ἡ
2622 5334 2747 5406 ῥίζα
2767 5336 2861 5390 τοῦ
2897 5338 3117 5405 Ἰεσσαὶ,
3142 5313 3359 5410 ἀλλ’ἢὴ
3385 5313 3790 5410 ὲμὴλέσποινα

539 5406 705 5466 Jesus
728 5408 986 5465 Christus
1016 5411 1111 5481 qui
1134 5429 1201 5468 ex
1223 5428 1287 5469 ea
1308 5425 1471 5471 natus
1503 5424 1609 5473 est.
1639 5418 1707 5473 Et
1734 5420 1883 5490 quod
1908 5420 1979 5476 ad
2001 5422 2107 5476 im-

2215 5425 2311 5478 xai.
2338 5424 2600 5491 Θεοτόκος
2627 5428 2838 5501 Μαρία,
2862 5430 2897 5501 ἡ
2929 5431 2992 5484 ἐκ
3020 5429 3197 5503 φυλῆς
3220 5430 3320 5485 τοῦ
3346 5406 3548 5485 ἔἸεσσαὶ.
3574 5445 3793 5502 χρημα-

528 3865 637 3920 ret,
667 3852 869 3924 surgit,
919 3869 951 3909 a
1002 3855 1115 3910 Deo
1144 3863 1230 3911 est
1280 3874 1295 3910 :
1329 3859 1782 3929 quandoquidem
1819 3872 1877 3919 et
1923 3863 2105 3919 honor

527 3943 653 4014 ejus
680 3942 903 4012 requies
948 3944 1232 3999 nominata
1260 3954 1363 4000 est.
1400 3945 1557 4011 Quod
1592 3958 1779 4003 autem
1822 3950 2107 4022 subiungit

530 4041 744 4103 postea,
774 4033 925 4103 quod
957 4034 1104 4088 tollet
1140 4036 1349 4107 signum
1374 4038 1445 4090 ad
1472 4046 1673 4108 gentes,
1699 4047 1748 4091 et
1773 4042 2106 4112 congregabit

529 4125 758 4195 abjectos
786 4124 1026 4191 Israelis,
1060 4135 1108 4179 et
1138 4128 1418 4198 dissipatos
1430 4128 1573 4183 Iuda
1596 4129 1758 4184 simul
1785 4131 2007 4206 adducet
2025 4134 2108 4200 ³¹;

524 4217 639 4286 jam
671 4214 922 4285 praedixi,
963 4217 1113 4287 quod
1143 4233 1322 4287 neque
1352 4221 1521 4275 semel
1546 4235 1728 4291 neque
1758 4222 1845 4277 bis
1872 4238 2107 4295 congre-

531 4309 711 4377 gavit,
744 4308 841 4362 sed
875 4323 1043 4379 saepe.
1085 4307 1196 4363 Sed
1228 4325 1327 4365 vos
1349 4310 1407 4364 in
1427 4326 1491 4367 ea
1516 4312 1653 4367 estis
1679 4316 2029 4371 contumacia
2051 4326 2109 4373 et

532 4400 924 4456 incredulitate
952 4399 1181 4455 :deinde
1205 4400 1275 4455 ad
1296 4408 1512 4472 tempus
1535 4412 1826 4475 postquam
1852 4422 2112 4477 perman-

531 4490 705 4556 sistis,
735 4491 936 4546 iterum
958 4489 1198 4562 dispersi
1232 4490 1449 4555 fuistis,
1481 4503 1649 4563 atque
1680 4495 1737 4549 in
1763 4496 1867 4552 hac
1890 4498 2109 4568 disper-

528 4581 688 4639 sione
712 4582 781 4638 ad
806 4583 955 4639 hunc
981 4599 1155 4655 usque
1184 4583 1332 4639 diem
1354 4588 1711 4655 permanetis.
1748 4590 1818 4645 Et
1849 4590 1956 4645 hoc
1989 4592 2113 4662 qui-

613 5531 1076 5632 "Isa.x1,il-l5.
1147 5566 1533 5635 “lsa.xu,i.
1605 5571 2022 5639 “lsa.xu,lo.
2091 5576 2136 5609 ιι
2174 5576 2312 5633 ibid.
2350 5578 2434 5634 te.
2512 5580 2840 5639 “ibid”.

2049 5688 2284 5749 NOTAE.

618 5773 733 5921 (ὥς
764 5774 874 5830 Τοῦ
915 5775 1049 5845 Ὶσρ.
1083 5774 1191 5831 Τοῦ
1228 5776 1357 5831 λαοῦ
1399 5776 1526 5849 ’ίσρ.
1558 5777 1763 5837 (ἰυιοα.

620 5844 711 5917 (64
781 5845 1109 5920 Ἀπολλυμ.
1151 5847 1564 5921 ’Δπολομὲνους,
1604 5851 1693 5909 vel
1726 5853 1761 5909 ἀ

620 5844 733 5921 (64)
781 5844 1109 5920 Ἀπολλυμ.
1151 5844 1564 5922 ’Δπολομὲνους,
1604 5851 1693 5909 vel
1726 5853 2104 5926 ἀπωσμένους.
2144 5856 2221 5914 In.

591 5978 621 5993 ‘
