4094 6544
308 471 417 539 693

1261 484 1713 548 DlSPUTATIO
1747 489 1906 551 CUM
1945 491 2306 553 HERBANO
2341 495 2624 557 JUDtEO.

3453 499 3582 567 694"

303 580 562 650 τίζουσας
595 583 690 648 Τίς
719 588 746 640 6
773 587 1128 657 ἀνιστάμενος
1166 590 1355 662 ἄρχειν
1392 594 1500 646 τῶν
1529 597 1730 662 ὲθνῶν;
1770 598 1873 669 ’1η-

1981 604 2274 670 perandum
2305 606 2562 675 gentibus,
2587 607 2744 663 vides
2769 618 2980 678 aperte.
3017 610 3173 677 Quod
3203 619 3387 667 autem
3419 617 3473 667 in
3498 634 3557 667 eo

309 674 434 737 σοῦς
459 675 489 725 6
518 677 752 748 Χριστὸς
779 681 807 733 6
833 678 892 744 ἐξ
918 681 1086 750 αὐτῆς
1121 684 1419 754 γεννηθείς.
1443 688 1565 740 Ὅτι
1588 688 1645 741 δὲ
1673 690 1882 757 ἄρχειν

305 765 425 820 τῶν
445 768 655 834 ἐθνῶν,
707 773 856 852 ὁρᾷς.
894 775 1136 839 πάντως.
1171 777 1294 831 Ὀτι
1333 780 1389 832 δὲ
1450 782 1544 833 καὶ
1578 781 1673 834 ἐπ’
1715 781 1878 846 αὐτῷ

301 859 447 928 ἔθνη
480 861 778 927 ἐλπιοῦσι,
828 865 1070 935 βλέπεις.
1116 868 1239 923 Ὅτι
1293 871 1347 924 δὲ
1397 873 1702 941 πέφυκενὴ
1735 875 1878 929 ἀνά-

302 964 531 1020 παυσις
555 955 762 1020 αὑτοῦ,
797 957 958 1026 τιμὴ,
1003 961 1165 1030 κόρος
1194 963 1296 1014 οὐκ
1323 961 1493 1018 ἔστιν.
1539 967 1878 1020 Ἀνάπαυσιν

301 1045 359 1097 δὲ
386 1046 577 1108 αὐτοῦ,
607 1047 705 1118 τὴν
733 1049 989 1121 κοίμησιν
1021 1053 1194 1120 λέγει,
1242 1053 1391 1107 τοῦτ’
1423 1056 1538 1110 ἔστι
1572 1057 1662 1110 τὸν
1706 1058 1876 1112 θάνα-

300 1154 416 1203 τον,
450 1138 508 1192 ὃν
540 1141 632 1192 ἐπὶ
661 1140 756 1193 τοῦ
808 1143 1045 1213 σταυροῦ
1092 1147 1447 1214 κρεμάμενος
1505 1149 1732 1204 δέδωκε.
1769 1151 1878 1203 Καὶ

299 1231 500 1297 ἐπάγει
535 1232 739 1296 εὐθέως
765 1237 794 1288 ὁ
825 1237 1112 1306 προφήτης
1140 1237 1338 1306 λέγων,
1369 1240 1478 1293 Καὶ
1510 1241 1681 1293 ἔσται
1710 1241 1781 1294 ἐν
1804 1241 1877 1308 τῇ

298 1323 493 1391 ἡμέρῃ
539 1325 772 1393 ἐκείνῃ.
832 1327 974 1380 Ποία
1024 1330 1206 1399 ήμέρα
1254 1332 1388 1404 (65),
1445 1334 1715 1404 πρόδηλον
1757 1330 1874 1408 ὲνῇ

299 1414 487 1468 ἵστατο
515 1418 543 1468 6
575 1417 936 1488 ἀνιστάμενος
966 1421 1175 1491 ἄρχειν.
1209 1424 1271 1475 Et
1304 1423 1360 1476 δὲ
1387 1427 1529 1494 ἐρεῖς
1557 1427 1641 1478 ὅτι
1676 1429 1776 1481 οὐκ
1812 1429 1870 1480 ὲν

297 1507 472 1579 ταύτῃ
500 1511 564 1578 τῇ
589 1510 772 1581 ἡμέρᾳ
801 1511 968 1579 λέγει,
1019 1513 1190 1576 δεῖξον
1221 1517 1285 1569 σὺ
1337 1518 1467 1588 περὶ
1502 1519 1664 1582 ποίας
1703 1519 1871 1588 λέγει.

297 1597 362 1650 Ei
389 1598 499 1670 γάρ
533 1600 623 1652 ἐπὶ
652 1601 969 1657 συντέλειαν
991 1607 1174 1678 εἴπῃς,
1203 1607 1310 1660 ἔδει
1340 1609 1436 1661 καὶ
1464 1610 1554 1662 τὸν
1584 1612 1874 1683 προφήτην

306 1691 620 1746 συντέλειαν
681 1695 967 1764 ὀνομάσαι.
1033 1698 1174 1751 Ἀλλ’
1231 1701 1332 1752 οὐκ
1381 1699 1447 1753 ἂν
1504 1701 1650 1771 ἔχοις
1717 1702 1873 1757 τοῦτο

297 1785 672 1855 παραστῆσαι.
715 1788 812 1840 Διὰ
859 1788 1036 1850 τοῦτο,
1112 1789 1216 1844 Ἐν
1262 1791 1466 1860 ἐκείνῃ
1528 1792 1603 1860 τῇ
1659 1794 1868 1862 ἡμέρᾳ,

296 1877 451 1945 φησὶ,
511 1877 845 1946 προσθήσει
889 1881 1102 1947 Κύριος
1155 1882 1264 1936 τοῦ
1309 1882 1499 1948 δεῖξαι
1549 1885 1664 1953 τὴν
1702 1886 1872 1955 χεῖρα

296 1967 504 2022 αὑτοῦ.
533 1967 601 2020 Τί
634 1971 770 2033 ἐστι,
806 1972 1143 2040 προσθήσει
1170 1975 1420 2042 Κύριος;
1458 1952 1745 2045 Ἥγουν,
1786 1952 1870 2032 6s—
1904 1952 1944 2006 Β

298 2057 532 2126 ξάμενος
558 2061 627 2113 τά
657 2060 786 2132 ἔθνη
839 2063 1270 2135 ἐπιστραφέντα,
1328 2069 1633 2138 προσθήσει
1685 2069 1742 2122 δὲ
1775 2071 1870 2123 καὶ

295 2151 406 2203 ἀπὸ
433 2151 526 2204 τοῦ
571 2151 807 2222 Ἰσραὴλ,
852 2153 977 2217 τοὺς
1026 2155 1318 2225 ἀληθινοὺς
1350 2160 1713 2230 Ἰσραηλίτας,
1743 2162 1870 2224 τοὺς

295 2243 392 2296 καὶ
425 2244 518 2295 τὸν
545 2243 709 2313 νόμον
751 2244 935 2308 καλῶς
982 2248 1348 2318 τηρήσαντας,
1380 2251 1473 2303 καὶ
1509 2252 1592 2314 είς
1625 2251 1716 2304 τὸν
1748 2269 1869 2323 χρι-

295 2334 614 2403 στιανισμὺν
645 2339 942 2409 προθύμως
981 2341 1370 2405 ὲκνεύσαντας,
1401 2341 1488 2395 διὰ
1520 2343 1620 2412 τῆς
1653 2345 1733 2406 είς
1768 2345 1868 2396 αύ-

295 2424 387 2477 τὸν
421 2424 659 2491 πίστεως
688 2430 1150 2495 ἀνακαλέσασθαι,
1180 2433 1274 2486 καὶ
1302 2436 1645 2504 μεταστῆσαι
1675 2436 1754 2498 είς
1776 2435 1868 2489 τὸν

295 2519 732 2588 χριστιανισμδν,
773 2521 836 2574 οὑ
890 2523 1050 2591 μόνον
1109 2524 1218 2577 ἀπὸ
1257 2523 1668 2595 Ἰεροσολύμων,
1733 2526 1886 2580 ἀλλὰ-

295 2609 390 2659 καὶ
423 2609 488 2662 ὲκ
537 2611 757 2665 πάντων
787 2613 895 2666 τῶν
931 2615 1187 2685 περάτων
1231 2616 1331 2685 τῆς
1362 2617 1710 2686 οἰκουμένης.
1743 2621 1880 2670 Δια--

298 2699 617 2769 σπαρέντων
640 2702 748 2773 γὰρ
778 2703 886 2757 τῶν
917 2704 1175 2774 μαθητῶν
1203 2705 1369 2759 αὑτοῦ
1399 2708 1478 2769 είς
1505 2707 1634 2769 τοὺς
1661 2705 1869 2759 δώδεκα

294 2792 533 2861 ἀνέμους
562 2795 660 2864 τῆς
691 2796 782 2849 ὑπ’
817 2796 1067 2868 οὐρανὸν,
1109 2799 1243 2852 πολὺ
1275 2798 1480 2866 πλῆθος
1508 2798 1870 2851 καϊάπὸλτῶν

297 2882 355 2932 ὲν
384 2882 493 2951 ὅλῳ
535 2884 727 2956 κόσμῳ
754 2885 1285 2958 διασκορπισθέντων
1320 2888 1588 2942 Ἰουδαίων
1617 2889 1880 2941 ἐπίστευ-

299 2989 398 3026 σαν
429 2977 670 3042 πανοικὶ,
712 2979 806 3031 καὶ
841 2979 1191 3050 συνήχθησαν
1235 2980 1373 3051 μετὰ
1404 2981 1516 3034 τῶν
1545 2981 1872 3034 πιστευσάν-

294 3083 404 3119 των
436 3066 608 3121 ἐθνῶν
639 3069 696 3123 ὲν
719 3073 785 3140 τῇ
812 3071 1134 3144 Ἐκκλησία.
1161 3074 1374 3127 Οὐκοῦν
1400 3075 1568 3142 λέγει,
1605 3076 1686 3128 ὅτι
1727 3074 1879 3142 Ἄρεϊ

295 3160 548 3228 σημεῖον
568 3165 656 3229 εις
681 3163 750 3218 τὰ
771 3164 935 3232 ἔθνη.
963 3167 1005 3218 Τ
1014 3167 1028 3218 ί
1052 3166 1112 3219 τὸ
1143 3170 1391 3236 σημεῖον,
1418 3167 1534 3219 ἄλλ’
1570 3168 1606 3238 ἢ
1638 3167 1667 3218 6
1689 3168 1873 3236 τίμιος

1979 693 2263 760 sperabunt
2285 705 2481 764 gentes,
2523 697 2816 767 perspicis.
2852 699 3008 765 Quod
3036 716 3169 755 vero
3193 704 3400 771 requies
3420 706 3554 772 ejus,

1981 783 2168 847 honor,
2221 786 2450 842 satietas
2494 804 2604 842 non
2636 798 2738 843 est.
2774 790 3041 859 Requiem
3073 793 3220 846 enim
3245 794 3386 862 ejus,
3420 794 3558 850 dicit

1979 875 2393 942 dormitionem,
2432 879 2485 933 id
2513 889 2598 934 est
2627 891 2883 945 mortem,
2927 898 3090 952 quam
3131 884 3187 938 in
3215 900 3381 938 cruce
3417 901 3524 954 pen
3554 915 3560 925 -

1979 968 2115 1022 dens
2147 971 2392 1038 pertulit;
2419 973 2496 1026 Ac
2526 974 2808 1043 subjungit
2839 976 2989 1030 illico
3025 977 3296 1046 propheta
3325 977 3554 1032 dicens:

1981 1063 2050 1116 Et
2078 1063 2178 1116 erit
2219 1065 2274 1116 in
2311 1065 2396 1118 die
2426 1064 2540 1120 illo.
2576 1065 2694 1131 Quo
2741 1067 2872 1121 die?
2901 1083 3120 1136 nempe,
3173 1069 3228 1121 in
3257 1083 3366 1138 quo
3403 1070 3559 1123 stetit

1979 1155 2076 1224 qui
2110 1157 2288 1226 surgit
2331 1167 2391 1211 ut
2449 1158 2684 1226 imperet
2712 1159 2992 1228 gentibus.
3032 1160 3190 1226 Quod
3241 1162 3285 1214 si
3319 1161 3552 1224 dixeris,

1979 1263 2089 1302 non
2133 1248 2188 1302 in
2227 1249 2332 1304 hoc
2361 1249 2483 1316 die;
2519 1251 2609 1304 dic
2639 1259 2720 1313 tu,
2749 1257 2806 1306 et
2830 1252 3148 1306 demonstra
3171 1293 3184 1317 ,
3221 1251 3289 1306 de
3320 1268 3430 1322 quo
3463 1251 3575 1306 die"

1974 1337 2220 1406 loquitur
2253 1340 2546 1408 propheta.
2595 1339 2650 1394 Si
2696 1341 2842 1394 enim
2890 1341 2956 1394 ad
3010 1343 3554 1396 consummationem

1977 1429 2204 1496 dixeris,
2251 1441 2470 1502 oportet
2509 1433 2836 1502 prophetam
2877 1436 3410 1489 consummationem
3449 1451 3557 1490 ηοε-

1975 1524 2189 1580 minare
2221 1543 2232 1578 :
2261 1525 2356 1580 sed
2408 1541 2522 1580 non
2565 1541 2757 1594 posses
2802 1526 2907 1580 hoc
2939 1527 3196 1594 probare.
3248 1528 3550 1596 Propterea

1975 1616 2111 1670 dicit
2136 1618 2410 1686 propheta
2443 1635 2456 1670 :
2496 1617 2559 1672 In
2586 1617 2681 1670 illo
2721 1618 2803 1670 die
2835 1635 2853 1671 :
2884 1617 3107 1687 Adjiciet
3144 1619 3435 1682 Dominus,
3493 1628 3552 1671 ut

1974 1710 2297 1764 demonstret
2341 1727 2560 1764 manum
2603 1711 2838 1764 suam“.
2876 1709 3016 1776 Quid
3049 1718 3153 1775 est,
3194 1711 3407 1782 adjiciet
3440 1711 3576 1764 θοι

1974 1801 2190 1854 minus?
2218 1801 2448 1870 Nempe,
2482 1801 2574 1856 hic
2600 1804 2692 1871 qui
2726 1812 2917 1872 gentes
2949 1818 3246 1856 conversas
3281 1803 3556 1871 suscepit;

1975 1893 2381 1964 adjicietetiam
2413 1910 2480 1948 ex
2513 1895 2715 1949 lsraele
2738 1911 2898 1949 veros
2924 1895 3220 1958 lsraelitas,
3247 1902 3428 1948 et'eos
3452 1895 3548 1964 qui

1972 1985 2149 2055 legem
2197 1985 2338 2040 bene
2374 1986 2786 2050 observassent,
2834 1995 2889 2041 et
2941 1987 3009 2040 ad
3060 1985 3578 2041 Christianismunr

1975 2075 2232 2146 propensi
2266 2083 2522 2145 prompte
2557 2076 2906 2138 annuissent,
2941 2089 3042 2142 per
3075 2073 3239 2128 ﬁdem
3278 2073 3331 2126 in
3363 2074 3546 2142 ipsum
3576 2095 3581 2100 ·

1973 2182 2238 2221 revocare
2261 2167 2526 2230 instituit,
2553 2177 2608 2220 et
2640 2167 2704 2220 ad
2730 2165 3219 2221 Christianismum
3244 2165 3544 2228 adducere,

1971 2272 2082 2310 non
2115 2258 2364 2311 modoex
2390 2258 2717 2318 Jorusalem,
2745 2256 2839 2310 sed
2865 2264 2938 2311 ex
2963 2255 3225 2310 omnibus
3250 2256 3406 2310 orbis
3433 2264 3547 2308 ter-

1972 2365 2160 2403 rarum
2217 2349 2436 2403 finibus.
2491 2349 2763 2417 Dispersis
2797 2347 2943 2402 enim
2987 2351 3107 2418 ejus
3157 2347 3446 2416 discipulis
3479 2347 3547 2402 ad

1973 2437 2264 2491 duodecim
2305 2446 2499 2491 ventos
2536 2445 2698 2491 terra:
2720 2453 2841 2507 quae
2870 2437 2974 2491 sub
3005 2438 3148 2492 caelo
3185 2445 3291 2500 est,
3347 2437 3548 2507 ingens

1973 2528 2135 2581 turba
2163 2527 2330 2582 etiam
2354 2543 2421 2581 ex
2455 2526 2661 2581 Jud'wis
2691 2536 2809 2581 toto
2839 2527 3045 2581 mundo
3079 2526 3383 2594 dissipatis,
3419 2539 3581 2578 cum-
3619 2522 3632 2588 ς

1972 2628 2085 2672 tota
2115 2619 2282 2673 domo
2315 2619 2694 2685 crediderunt,
2726 2628 2780 2673 et
2809 2635 2934 2673 cum
2967 2617 3327 2672 credentibus
3366 2617 3572 2686 genti--

1971 2712 2078 2766 bus
2121 2712 2286 2766 simul
2318 2710 2384 2765 ad
2419 2711 2720 2766 Ecclesiam
2758 2711 2981 2765 adducti
3033 2710 3277 2763 fuerunt.
3330 2708 3550 2763 Idcirco

1972 2803 2130 2869 dicit,
2185 2804 2321 2872 quod
2367 2803 2435 2856 ad
2457 2811 2634 2872 gentes
2675 2805 2884 2871 signum
2925 2801 3090 2854 tollet.
3136 2800 3424 2867 Quodnam
3469 2799 3548 2853 si-

1971 2895 2182 2965 gnum?
2207 2894 2325 2948 Non
2363 2894 2512 2948 aliud
2560 2896 2810 2962 profecto
2846 2909 3013 2962 quam
3042 2907 3176 2946 crux
3205 2893 3450 2961 pretiosa
3491 2901 3551 2965 ct

1971 2984 2276 3038 viviﬁcans.
2320 2985 2424 3038 Per
2466 2984 2608 3038 hanc
2639 2983 2787 3037 enim
2824 2990 3122 3052 pereuntes
3168 2982 3444 3035 lsraelitas
3477 2959 3546 3034 ad

1973 3078 2206 3132 salutem
2257 3076 2638 3146 congregabit,
2688 3083 2745 3129 et
2772 3074 3022 3143 abiectos
3054 3073 3194 3128 Juda
3225 3076 3279 3126 in
3313 3087 3544 3141 regnum

1973 3171 2265 3224 caelorum.
2291 3169 2450 3235 Quod
2479 3168 2524 3222 si
2555 3167 2696 3224 forte
2732 3180 2910 3235 roges,
2932 3165 3025 3217 ubi
3059 3164 3111 3217 in
3131 3163 3330 3217 Vetere
3353 3162 3548 3215 Testa-

294 3251 389 3302 καὶ
424 3253 686 3317 ζωοποιδς
712 3256 971 3327 σταυρός.
1005 3257 1082 3309 Δι’
1111 3256 1279 3310 αὐτοῦ
1330 3258 1438 3330 γὰρ
1487 3256 1705 3322 συνάξει
1739 3258 1870 3320 τοὺς

1976 3269 2164 3316 mento
2190 3277 2323 3316 crux
2359 3260 2637 3313 nominata
2665 3266 2750 3312 est
2791 3256 3052 3327 signum?
3103 3254 3238 3308 dicit
3279 3253 3448 3306 David
3477 3251 3546 3305 ad

295 3341 704 3412 ἀπολλυμένους
755 3347 848 3400 τοῦ
895 3349 1109 3419 Ἰσραὴλ
1153 3351 1234 3412 είς
1283 3350 1581 3420 σωτηρίαν,
1616 3349 1868 3412 καὶτοὺς

295 3431 657 3503 ἀπωσμένους
696 3437 868 3491 Ἰούδα
901 3439 983 3502 είς
1012 3439 1112 3509 τὴν
1152 3439 1432 3510 βασιλείαν
1460 3440 1568 3493 τῶν
1599 3439 1863 3510 οὐρανῶν.

294 3522 356 3575 Et
388 3524 444 3577 δὲ
471 3529 566 3579 καὶ
593 3531 760 3599 ἐρεῖς,
782 3531 889 3584 Καὶ
918 3530 1021 3583 ποῦ
1047 3533 1074 3584 6
1098 3532 1328 3602 σταυρὸς
1356 3535 1413 3584 ὲν
1431 3534 1498 3602 τῇ
1530 3532 1741 3602 Παλαιᾷ
1772 3548 1871 3600 ση-

1975 3349 2300 3410 Dominum,
2336 3346 2644 3401 vaticinans
2697 3345 2764 3398 de
2796 3359 2960 3399 cruce
3009 3362 3020 3396 :
3070 3342 3178 3395 Fac
3223 3357 3426 3396 mecum
3476 3343 3550 3394 si-

1975 3456 2136 3509 gnum
2159 3439 2215 3491 in
2251 3438 2440 3490 bonum
2470 3436 2535 3498 ³⁸,
2571 3443 2679 3489 etc.
2719 3435 2844 3488 Haec
2868 3434 2943 3486 ita
2977 3441 3106 3486 sunt
3130 3433 3283 3485 firma
3301 3442 3356 3486 et
3377 3430 3550 3484 stabi-

1977 3526 2073 3580 lita
2099 3526 2404 3578 secundum
2431 3523 2674 3576 divinam
2707 3521 2937 3591 spiritus
2960 3520 3436 3589 dijudicationem.

295 3620 449 3686 μεῖον
476 3619 767 3693 ὠνομάσθη
799 3639 814 3688 ς
871 3623 1019 3692 λέγει
1050 3624 1160 3695 γὰρ
1192 3626 1220 3676 ὁ
1273 3624 1437 3677 Δαϐὶδ
1469 3625 1605 3695 πρὸς
1631 3623 1859 3695 Κύριον,
1901 3618 2264 3690 προφητεύων
2323 3617 2451 3686 περὶ
2487 3616 2579 3668 τοῦ
2625 3613 2883 3685 σταυροῦ,
2947 3614 3214 3679 Ποίησον
3236 3614 3361 3681 μετ’
3399 3610 3574 3681 ἐμοῦ-

292 3709 548 3776 σημεῖον
573 3714 659 3778 εἰς
678 3716 922 3782 ἀγαθὸν,
952 3718 1049 3769 καὶ
1074 3718 1142 3770 τὰ
1168 3716 1314 3786 ἑξῆς.
1336 3717 1524 3770 Ταῦτα
1553 3717 1727 3780 οὕτως
1757 3717 1868 3785 ἔχει
1909 3710 2140 3782 βεϐαίως
2170 3708 2313 3761 κατά
2335 3710 2433 3778 τὴν
2459 3708 2552 3760 τοῦ
2585 3708 2900 3774 Πνεύματος
2937 3707 3088 3760 θείαν
3118 3708 3414 3776 διάκρισιν.

369 3803 479 3855 Καὶ
525 3806 571 3858 0.
604 3806 851 3861 EPBAN.
895 3807 955 3858 '0
1008 3809 1298 3878 προφήτης
1349 3809 1499 3876 λέγει
1559 3807 1871 3868 καθολικῶς

293 3900 530 3970 ζητῆσαι
587 3899 650 3952 τὸ
701 3899 1065 3966 καταλειφθὲν
1104 3900 1399 3954 ὑπόλοιπον
1429 3900 1524 3953 τοῦ
1576 3898 1728 3952 λαοῦ.
1761 3898 1873 3951 Καὶ

292 3990 456 4053 αὐτὸς
487 3989 665 4058 λέγεις
697 3990 824 4053 τοὺς
849 3990 1305 4055 ἀποσπασθέντας
1330 3989 1424 4042 τοῦ
1455 3991 1645 4060 νόμου,
1678 3991 1770 4042 καὶ
1795 3989 1872 4058 τῷ

291 4081 518 4151 Χριστῷ
572 4081 1032 4146 πεπιστευκότας,
1079 4085 1306 4145 τούτους
1357 4082 1561 4151 νόμους
1614 4081 1872 4150 ἀσφαλῶς

293 4173 543 4244 ᾐνίξατο·
579 4173 674 4225 καὶ
703 4173 820 4237 πῶς
850 4173 1040 4237 τοῦτο;

368 4265 477 4318 Καὶ
515 4265 556 4318 0
584 4266 805 4320 ΑΓΙΟΣ.
843 4265 977 4318 Τίνα
1007 4266 1318 4337 γέγραπται
1353 4268 1481 4338 περὶ
1518 4266 1612 4321 τοῦ
1647 4266 1818 4336 νόμου
1855 4285 1870 4332 ;

2041 3801 2245 3854 HERB.
2283 3799 2560 3866 Propheta
2609 3797 2747 3853 dicit
2796 3798 2852 3850 in
2891 3797 3248 3879 universum,
3307 3811 3568 3865 quwrere~

1971 3891 2223 3960 reliquias
2244 3889 2485 3960 populi"
2518 3889 2632 3942 :Tu
2663 3904 2794 3943 vero
2826 3888 2968 3942 dicis
2989 3927 3003 3951 ,
3049 3887 3271 3940 avulsos
3293 3886 3456 3956 627
3491 3895 3548 3940 et

1971 3981 2181 4035 alienos
2210 3997 2239 4033 ιι
2267 3982 2406 4049 lege,
2435 3989 2491 4034 et
2509 3979 2730 4034 Christo
2747 3993 2846 4048 per
2865 3977 3025 4031 ﬁdem
3057 3976 3424 4039 adlimrentes,
3446 3974 3549 4029 hos

1972 4075 2120 4128 solos
2147 4073 2527 4128 indubitanter
2574 4072 2845 4142 propheta
2894 4069 3149 4142 praedixit
3205 4067 3544 4134 :Quomodo

1973 4164 2119 4220 istud
2145 4166 2167 4218 ?

2041 4258 2097 4312 S.
2127 4238 2331 4312 ARCH.
2367 4257 2627 4324 Quzenam
2657 4259 2861 4327 scripta
2893 4264 3024 4311 sunt
3073 4257 3141 4309 de
3173 4255 3293 4325 lege
3319 4255 3341 4308 ?
3381 4253 3548 4308 Male-

306 4355 785 4423 Ἐπικατάρατος,
825 4357 980 4428 φησὶ,
1021 4357 1140 4423 πᾶς
1178 4359 1246 4424 ὃς
1277 4361 1389 4413 οὐκ
1419 4359 1656 4428 ἐμμένει
1685 4359 1754 4412 ἐν
1794 4358 1873 4422 τῷ

1973 4350 2154 4414 dictus,
2182 4349 2383 4418 inquit,
2407 4351 2578 4403 omnis
2599 4351 2688 4419 qui
2716 4365 2817 4402 non
2843 4348 3202 4418 permanserit
3240 4347 3293 4399 in
3325 4347 3403 4398 his
3431 4358 3569 4414 que

290 4449 508 4514 βιϐΧῳ
533 4449 638 4503 τοῦ
666 4450 876 4518 νόμου,
912 4450 1019 4504 τοῦ
1057 4450 1306 4518 ποιῆσαι
1343 4451 1516 4507 αὑτά.
1561 4451 1772 4515 Οὐκοῦν
1823 4453 1872 4505 οἱ

1973 4443 2160 4511 scripta
2199 4449 2322 4494 sunt
2359 4443 2416 4494 in
2457 4441 2588 4516 libro
2621 4441 2767 4511 legis,
2793 4448 2848 4493 ut
2883 4440 3048 4510 faciat
3072 4456 3134 4492 ea
3159 4439 3246 4495 ³⁶⁴.
3285 4438 3431 4507 Ergo
3449 4438 3564 4506 qui~

296 4539 374 4610 μὴ
403 4540 768 4608 φυλάσσοντες
795 4541 886 4592 τὸν
910 4540 1093 4610 νόμον,
1124 4541 1224 4594 οὐκ
1267 4544 1405 4596 εἰσὶν
1434 4541 1575 4608 ἄξιοι
1609 4545 1748 4614 μετὰ
1772 4547 1866 4597 τοῦ

1973 4547 2078 4586 non
2121 4531 2444 4586 custodiunt
2480 4532 2678 4601 legem,
2725 4546 2835 4584 non
2881 4538 3010 4584 sunt
3061 4528 3213 4598 digni
3275 4528 3374 4596 qui
3419 4541 3546 4581 eum

294 4633 660 4702 φυλάσσοντος
687 4629 818 4686 λαοῦ
850 4632 1340 4703 συναριθμηθῆναι,
1372 4632 1430 4686 ὃν
1463 4635 1665 4703 τρόπον
1699 4637 1794 4688 καὶ
1819 4638 1867 4689 οἱ

1974 4625 2174 4695 populo
2212 4627 2386 4693 legem
2415 4624 2743 4678 observante
2798 4631 3308 4683 connumerentur,
3344 4635 3545 4688 quem-
3601 4614 3609 4634 '

294 4722 613 4793 Χριστιανοὶ
647 4739 660 4752 °
705 4723 907 4785 πάντες
948 4723 1045 4792 μὲν
1096 4722 1416 4793 Χριστιανοὶ
1466 4722 1822 4793 ὀνομάζονται
1850 4741 1864 4757 ο

295 4809 413 4861 ἀλλ’
443 4810 492 4860 οἱ
519 4807 883 4876 φυλάσσοντες
912 4805 978 4859 τὰ
1011 4805 1119 4858 τῶν
1167 4807 1511 4876 Χριστιανῶν
1557 4810 1870 4879 παραγγέλ-

298 4916 466 4968 ματα,
499 4893 643 4952 οὗτοι
679 4898 830 4968 μόνοι
873 4896 1196 4968 Χριστιανοί
1236 4898 1374 4950 εἰσιν
1406 4915 1422 4931 ο
1463 4900 1511 4950 oi
1557 4899 1614 4952 δὲ
1650 4899 1724 4970 μὴ
1768 4918 1870 4969 φυ-

294 4993 606 5055 λάσσοντες,
640 4989 998 5060 ἁχριστιανοί.
1027 4989 1183 5043 Οὕτω
1210 4991 1349 5044 κατὰ
1371 4992 1472 5054 τὰς
1493 4993 1708 5062 ἡμέρας
1729 4994 1870 5046 ἐκεῖ·

293 5099 391 5145 νας
423 5084 480 5134 ἐν
509 5080 736 5152 ἀληθεία
771 5081 885 5134 ὅσοι
927 5079 1226 5149 ἐφύλαττον
1275 5081 1369 5132 τὸν
1409 5081 1572 5151 νόμον
1623 5083 1864 5148 Μωσέως

291 5171 559 5243 ἀκριϐῶς,
609 5173 1055 5244 παραγενομένου
1111 5172 1204 5226 τοῦ
1260 5173 1496 5243 Χριστοῦ
1554 5193 1654 5245 μου
1709 5176 1868 5245 μόνον

291 5264 646 5329 ἀκούσαντες,
696 5264 901 5327 εὐθέως
952 5265 1331 5334 κατενύγησαν
1385 5265 1536 5338 παρά
1592 5266 1684 5320 τοῦ
1735 5267 1869 5321 Θεοῦ

296 5355 388 5407 τοῦ
449 5356 638 5425 νόμου,
699 5357 793 5408 καὶ
843 5356 1274 5410 πεπιστεύκασιν
1326 5359 1406 5420 εἰς
1453 5356 1545 5412 τὸν
1608 5360 1871 5430 μονογενῆ

291 5446 462 5500 αὑτοῦ
509 5448 604 5500 καὶ
639 5446 896 5515 φίλτατον
940 5447 1090 5502 Υίόν.
1145 5449 1298 5503 Ὅσοι
1358 5450 1413 5504 δὲ
1465 5450 1560 5502 καὶ
1618 5451 1724 5519 πρὸ
1777 5450 1870 5504 τοῦ

294 5535 536 5604 Χριστοῦ
591 5535 692 5589 οὐκ
749 5535 1055 5604 ἐφύλασσον
1105 5537 1196 5590 τὸν
1242 5538 1404 5607 νόμον
1437 5537 1531 5590 τοῦ
1561 5537 1717 5604 Θεοῦ,
1757 5541 1871 5593 ἀλλ’

369 5695 415 5726 ³⁴
443 5695 544 5749 lsa.
574 5698 758 5762 x1,lt.
825 5696 872 5728 ⁸⁵
901 5695 1045 5751 Psal.
1081 5712 1274 5761 Lxxxv,
1318 5697 1402 5751 l7.
1473 5698 1518 5730 ³⁸
1541 5699 1642 5753 lsa.
1671 5716 1725 5766 Χ,
1758 5700 1844 5754 ll.

1970 4716 2266 4771 admodum
2315 4715 2616 4770 Christiani
2668 4714 2817 4786 (nam
2853 4730 3047 4768 omnes
3093 4711 3402 4766 Christiani
3448 4729 3549 4769 vo-

1969 4817 2168 4862 cantur
2195 4805 2214 4876 )
2239 4824 2254 4871 ;
2284 4806 2380 4860 sed
2411 4807 2504 4875 qui
2528 4805 2978 4860 Christianorum
3002 4813 3545 4874 servantpraacepta,

1971 4898 2028 4952 hi
2064 4898 2166 4953 soli
2190 4896 2691 4954 suntChristiani:
2735 4897 2830 4966 qui
2877 4912 3010 4951 vero
3043 4911 3153 4949 non
3201 4897 3548 4964 custodiunt,

1968 5004 2080 5044 non
2108 4997 2241 5043 sunt
2269 5004 2399 5043 vere
2429 4987 2757 5058 Christiani.
2820 4987 2912 5042 Sic
2959 4996 3083 5058 post
3134 4988 3260 5043 illos
3283 4988 3404 5043 dies
3431 5030 3446 5055 ,
3490 4989 3550 5045 in

1971 5080 2205 5136 veritate
2228 5080 2325 5150 qui
2367 5080 2533 5138 Mosis
2554 5081 2733 5151 legem
2779 5087 2974 5134 exacte
3004 5080 3420 5148 custodiebant,
3453 5083 3550 5139 ad-

1971 5171 2193 5228 venisse
2249 5169 2531 5226 Cbristum
2585 5187 2770 5226 meum
2821 5171 2916 5225 ubi
2965 5171 3145 5227 solum
3199 5173 3545 5238 audierunt,

1969 5266 2236 5321 continuo
2279 5264 2595 5334 compuncti
2638 5263 2869 5318 fuerunt
2922 5279 2951 5317 a
2984 5264 3098 5320 Deo
3129 5265 3266 5336 legis
3299 5277 3546 5334 auctore,

1968 5366 2136 5427 atque
2166 5357 2222 5410 in
2253 5356 2600 5427 unigenitum
2629 5357 2751 5426 ejus
2788 5363 2846 5410 et
2877 5355 3302 5412 dilectissimum
3348 5359 3548 5416 Filium

1968 5448 2352 5505 crediderunt.
2401 5447 2507 5514 Qui
2537 5462 2670 5502 vero
2702 5454 2830 5502 ante
2859 5447 3068 5504 Chr-isti
3117 5450 3419 5505 adventum
3463 5453 3549 5508 le-

1968 5556 2090 5612 gem
2123 5541 2221 5596 Dei
2252 5557 2364 5595 non
2382 5540 2795 5608 custodiebant,
2827 5541 2924 5598 sed
2959 5556 3058 5613 per
3083 5542 3226 5598 mala
3247 5558 3347 5601 sua
3379 5559 3550 5619 opera

1923 5701 1985 5733 ³⁸⁵
2021 5702 2181 5756 Deut.
2214 5719 2380 5770 xxvii,
2398 5701 2498 5765 .26.

1807 5821 2036 5884 NUT/E.

370 5901 481 5963 (65)
511 5903 660 5959 Ποία
691 5905 898 5967 ἡμέρα.
936 5908 1072 5966 Ποία
1099 5909 1303 5968 ἡμέρα.
1335 5910 1540 5969 (Ξυιοιι.
