4088 6536
506 456 612 521 695

1450 458 1510 517 S.
1570 455 1996 516 GREGENTII
2035 455 2269 516 EPISC.
2310 453 2840 515 TAPHARENSIS

3667 445 3778 508 696

506 564 734 620 diabolo
771 561 1110 627 serviebant,
1163 562 1348 620 sciens
1379 564 1526 620 Deus
1559 565 1718 634 legis,
1769 563 1922 634 quod
1971 578 2086 618 non

2203 561 2500 633 ὅπούργουν
2524 559 2603 630 τῷ
2642 560 2875 631 διαϐόλῳ
2903 559 2991 614 διὰ
3032 558 3143 611 τῶν
3175 555 3430 628 πονηρῶν
3461 554 3638 627 ἔργων
3666 554 3777 608 αύ-

503 655 648 726 juvit
682 668 779 710 eos
813 653 872 708 in
916 654 1038 723 lege
1083 652 1253 710 Mosis
1283 671 1297 707 :
1330 655 1413 710 sic
1465 671 1647 725 neque
1695 670 1794 709 eos
1842 655 1939 725 qui
1975 669 2088 709 non

508 745 872 802 crediderunt
897 745 953 799 in
978 745 1262 800 Christum
1276 746 1533 817 juvabit;
1567 747 1664 801 sed
1696 763 1821 815 qua:
1851 748 2090 817 agebant

511 836 886 901 nefaria,cum
923 847 1112 893 essent
1134 839 1238 892 sub
1260 839 1404 908 lege,
1429 838 1739 894 Christiani
1769 839 1954 894 eﬂ‘ecti
1973 839 2090 893 haec

508 925 825 998 perﬁcient.
854 928 1169 984 Excaecavit
1194 929 1345 984 enim
1378 929 1632 998 ipsorum
1666 946 1783 994 cor,
1815 939 1872 985 et
1924 930 2091 984 indu-

511 1028 693 1074 ratum
725 1021 878 1075 velut
911 1020 1157 1075 obducto
1174 1021 1316 1074 callo
1348 1020 1632 1090 stupidum
1659 1022 1904 1076 reddidit
1942 1039 1955 1074 :
1993 1020 2089 1091 qui

509 1111 742 1180 quidem
778 1112 949 1166 etiam
965 1128 1075 1166 non
1100 1112 1398 1167 credentes
1416 1114 1727 1182 perierunt.
1755 1115 1889 1168 Eam
1924 1114 2095 1183 igitur

509 1204 584 1259 ob
617 1220 841 1260 causam
871 1205 1146 1274 propheta
1182 1207 1301 1275 ipsc
1341 1207 1622 1276 perfectos
1669 1208 1819 1261 solos
1849 1207 2090 1271 addidit,

510 1305 570 1352 et
625 1299 906 1362 lsraelem,
970 1306 1026 1352 et
1060 1300 1325 1369 populum
1365 1300 1486 1364 Dci,
1539 1307 1596 1354 et
1645 1299 1843 1354 Judam
1891 1301 2094 1354 merito

511 1391 840 1447 nominavit.
879 1392 960 1446 Tu
991 1408 1126 1446 vero
1159 1394 1274 1462 ipse
1300 1392 1434 1462 quid
1463 1391 1534 1446 ad
1564 1393 1680 1447 hzec
1709 1392 1911 1447 dices?

583 1661 790 1716 HERB.
853 1660 909 1715 Si
966 1661 1087 1716 hinc
1146 1660 1214 1715 ad
1273 1661 1426 1714 hunc
1473 1659 1699 1714 modum
1760 1676 1818 1714 se
1861 1659 2092 1723 habent,

513 1770 679 1825 quam
699 1753 770 1808 ob
802 1768 1027 1808 causam
1061 1754 1202 1808 dixit
1237 1754 1513 1822 propheta
1545 1770 1558 1804 :
1604 1752 1674 1806 Et
1700 1751 1972 1820 auferetur
2013 1767 2099 1804 ze-

516 1847 596 1902 lus
616 1847 900 1918 Ephraim,
945 1855 995 1899 et
1030 1847 1233 1900 inimici
1287 1845 1432 1900 Juda
1463 1846 1705 1916 peribunt
1731 1846 1796 1898 ³⁷.
1840 1843 1984 1910 Quid
2013 1852 2097 1898 est

512 1938 803 2009 Ephraim,
826 1947 883 1993 et
906 1937 1135 2007 quinam
1157 1947 1287 1992 sunt
1311 1936 1522 1991 inimici
1548 1936 1691 1991 Juda
1717 1975 1732 2001 ,
1768 1934 1931 1990 modo
1955 1933 2092 1988 mihi
2126 1918 2166 1975 Β

515 2029 789 2086 edissere.

589 2210 649 2266 S.
681 2210 888 2266 ARCll.
921 2209 1179 2264 Tribulcs
1208 2207 1493 2278 Ephraim,
1535 2222 1568 2262 o
1599 2206 1850 2269 demens,
1877 2201 2096 2258 llcbrari

517 2310 680 2358 erant
717 2302 775 2355 in
808 2300 1008 2356 diebus
1065 2300 1218 2355 Isaia:
1277 2300 1582 2369 prophetae,
1635 2307 1692 2353 ct
1741 2294 2098 2366 singulariter

518 2393 644 2448 aliis
701 2392 962 2447 tribubus
1001 2407 1031 2446 a
1061 2392 1210 2446 tribu
1259 2391 1399 2446 Juda
1454 2390 1652 2444 divisis
1703 2386 2094 2456 imperabant:

519 2485 710 2540 caeteri
743 2499 876 2538 vero
904 2499 973 2538 ex
1001 2484 1149 2537 tribu
1190 2483 1356 2544 Juda,
1387 2483 1562 2536 totius
1592 2481 1896 2536 Palaestinae
1919 2479 2098 2546 impe-

517 2578 664 2632 rium
694 2576 989 2640 habentes,
1023 2576 1350 2645 regnabant.
1383 2576 1573 2630 Zelum
1606 2574 1774 2644 igitur
1827 2587 1939 2625 non
1980 2585 2098 2623 mc-

519 2669 768 2725 diocrem
805 2686 1035 2740 regnum
1077 2670 1339 2738 Ephraim
1392 2671 1662 2724 adversus
1699 2666 1860 2732 Juda,
1910 2663 1963 2718 id
1991 2672 2098 2727 cst,

521 2761 745 2816 Davidis
774 2777 1028 2832 regnum,
1058 2761 1356 2824 habuerat,
1408 2770 1466 2816 et
1531 2769 1771 2822 tantum,
1830 2766 1893 2811 ut
1931 2755 2100 2810 ctiam

522 2855 670 2908 inter
697 2853 846 2923 ipsos
870 2854 1012 2908 bella
1035 2854 1221 2909 civilia
1255 2853 1590 2908 exarserint.
1624 2850 1899 2916 Quoniam
1931 2847 2102 2918 igitur

522 2943 716 3007 Isaias,
744 2951 936 3013 utpote
959 2944 1057 2997 Dei
1085 2943 1378 3013 prOpheta,
1401 2941 1765 3012 pratvidebat,
1817 2938 1966 3008 quod
2011 2953 2103 2992 re-

521 3052 652 3092 vera
673 3036 931 3092 Christus
962 3037 1270 3091 secundum
1305 3051 1530 3091 carnem
1569 3050 1637 3089 ex
1666 3034 1815 3088 tribu
1837 3031 1979 3087 Juda
2014 3045 2103 3083 na-

523 3128 767 3182 sciturus
798 3137 968 3192 esset,
997 3135 1055 3183 et
1089 3144 1322 3198 regnum
1359 3128 1540 3182 tribus
1569 3125 1834 3194 Ephraim
1867 3123 2102 3178 subver-

2188 654 2318 718 τῶν,
2349 652 2506 715 εἰδὼς
2536 653 2567 704 6
2599 651 2731 714 Θεὸς
2756 650 2852 703 τοῦ
2880 649 3069 720 νόμου,
3124 650 3205 702 ὅτι
3243 649 3342 702 ούκ
3379 647 3664 716 ὠφέλησεν
3715 649 3780 703 ὲν

2187 745 2266 816 τῷ
2324 747 2474 816 νόμῳ
2538 744 2807 807 Μωσέως,
2860 743 3034 806 οὕτως
3071 742 3182 796 οὐδ’
3214 743 3275 794 οὐ
3323 741 3398 812 μὴ
3443 739 3780 794 πιστεύσαν-

2188 855 2280 900 τες
2313 837 2423 908 (66)
2462 838 2542 900 εἰς
2572 836 2662 889 τὸν
2697 834 2953 907 Χριστὶον,
3001 833 3379 903 ὠφελήσουσιν
3411 849 3424 862 ’
3467 831 3580 884 ἀλλ’
3629 833 3780 904 άπερ

2190 931 2459 1001 ἔπραττον
2489 929 2804 1000 παράνομα,
2841 928 2948 980 ὑπὸ
2978 925 3074 979 τοῦ
3117 927 3284 995 νόμου
3314 924 3772 996 χρηματίζοντες,

2189 1023 2363 1077 ταῦτα
2394 1023 2488 1076 καὶ
2519 1022 2838 1093 Χριστιανοὶ
2859 1020 3144 1088 γεγονότες
3171 1019 3598 1072 ὲπιτελέσουσιν.
3639 1019 3779 1071 Ἀπ-

2193 1115 2507 1182 ετύφλωσεν
2534 1114 2642 1183 γάρ
2670 1112 2850 1166 αὐτῶν
2876 1111 2974 1181 τὴν
3010 1109 3262 1180 καρδίαν,
3305 1110 3400 1162 καὶ
3436 1109 3775 1178 σκληρύνας,

2193 1208 2540 1278 πεπώρωκεν
2575 1222 2589 1237 ο
2620 1206 2849 1267 οἵτινες
2889 1203 2984 1256 καὶ
3028 1203 3432 1272 ἀπιστήσαντες
3472 1200 3773 1254 ἀπώλοντο.

2192 1299 2292 1352 Διά
2325 1298 2529 1368 ταύτην
2558 1293 2651 1351 οὖν
2677 1297 2776 1366 τὴν
2807 1295 2988 1350 αἰτίαν
3017 1296 3144 1357 τοὺς
3172 1293 3413 1355 τελείους
3435 1296 3464 1347 6
3492 1293 3780 1363 προφήτης

2193 1391 2288 1444 καὶ
2317 1391 2479 1452 αὐτὸς
2514 1390 2689 1456 ἔγωγε
2719 1388 2830 1457 (67)
2868 1386 3085 1456 μόνους,
3122 1385 3214 1437 καὶ
3255 1385 3495 1455 Ἰσραὴλ,
3523 1383 3620 1436 καὶ
3647 1382 3781 1437 λαὸν

2193 1481 2352 1542 Θεοῦ,
2380 1480 2477 1534 καὶ
2540 1479 2739 1534 Ἰούδαν
2795 1478 3035 1546 εὐλόγως
3089 1477 3154 1530 ἂν
3207 1475 3622 1545 κατωνόμασεν.
3666 1473 3781 1527 Καὶ

2195 1572 2356 1634 αὐτὸς
2390 1572 2454 1623 σὺ
2484 1571 2535 1624 τί
2565 1572 2712 1640 ἐρεῖς
2743 1569 2880 1639 πρὸς
2911 1568 3082 1622 ταῦτα
3110 1584 3126 1633 ;

2266 1664 2376 1718 Καὶ
2427 1666 2467 1716 Ο
2509 1662 2755 1716 EPBAN.
2800 1662 2910 1715 Kal.
2949 1663 2999 1714 εί
3049 1661 3224 1715 ταῦτα
3273 1660 3465 1714 τοῦτον
3517 1659 3630 1730 ἔχει
3685 1660 3784 1715 τὸν

2194 1756 2416 1827 τρόπον,
2462 1756 2527 1808 δι’
2561 1756 2628 1826 ἣν
2661 1755 2844 1808 αἰτίαν
2895 1754 3197 1824 λελάληκεν
3250 1758 3278 1808 6
3337 1755 3644 1825 προφήτης,
3695 1755 3784 1808 δτι

2198 1847 2306 1902 Καί
2337 1827 2835 1917 Ἀφαιρεθήσεται,
2872 1847 3058 1915 φησὶν,
3083 1851 3115 1900 ό
3143 1845 3324 1913 δῆλος
3368 1848 3638 1915 Ἐφραῒμ,
3683 1847 3787 1900 καὶ

2193 1943 2343 2004 τίνες
2396 1945 2450 1995 ol
2485 1942 2682 2010 ἐχθροὶ
2739 1939 2936 1994 Ἰούδα
2980 1939 3400 2001 ἀπολοῦνταω
3446 1939 3513 1992 Τί
3553 1941 3705 1991 ἐστιν
3751 1941 3786 1991 6

2210 2033 2472 2106 Ἑφραῒμ,
2515 2034 2608 2086 καὶ
2631 2033 2774 2096 τίνες
2804 2034 2852 2086 oi
2882 2030 3068 2102 ἐχθροὶ
3081 2030 3204 2104 ,(68)
3235 2030 3426 2096 Ἰούδα,
3457 2028 3786 2099 ἀνάγγειλόν

2201 2144 2292 2198 μοι
2313 2126 2535 2196 ἀρτίως.

2270 2219 2380 2271 Καὶ
2413 2219 2454 2271 Ο
2493 2217 2711 2270 ΑΓΙΟΣ.
2761 2217 2825 2270 Oi
2874 2216 2974 2285 τῆς
3026 2215 3204 2284 φυλῆς
3261 2214 3521 2285 Ἔφραῒμ,
3560 2215 3782 2284 ἀνόητε,

2209 2310 2451 2379 Ἑϐραῖοι
2505 2308 2800 2377 ἐτύγχανον
2851 2310 2910 2361 ἐν
2951 2311 3073 2370 ταῖς
3117 2307 3357 2377 ἡμέραις
3422 2306 3645 2359 Ἦσαῖου
3684 2304 3783 2359 τοῦ

2201 2403 2505 2470 προφήτου,
2550 2400 2643 2452 καὶ
2680 2400 3027 2470 μονοτρόπως
3059 2399 3170 2453 τῶν
3201 2399 3377 2452 ἄλλων
3409 2398 3592 2466 φυλῶν
3646 2401 3786 2452 ἀπο-

2204 2491 2536 2561 σχισθέντων
2561 2491 2659 2560 τῆς
2704 2489 2874 2544 Ἰούδα
2902 2488 3097 2559 φυλῆς,
3136 2491 3449 2543 ἐϐασίλευον
3480 2505 3496 2520 ο
3524 2489 3573 2542 οἱ
3615 2489 3669 2542 δὲ
3717 2491 3788 2542 ἐκ

2201 2587 2299 2654 τῆς
2344 2585 2513 2637 Ἰούδα
2557 2585 2750 2656 φυλῆς,
2807 2587 2907 2654 τῆς
2956 2582 3320 2652 Παλαιστίνης
3364 2582 3549 2652 πάσης
3605 2599 3784 2634 κατα-

2202 2674 2554 2746 κρατοῦντες,
2589 2676 2924 2729 ἐϐασίλευον.
2962 2675 3128 2742 Ζῆλον
3156 2673 3450 2742 τοιγαροῦν
3478 2672 3538 2725 οὐ
3567 2671 3658 2725 τὸν
3684 2689 3786 2725 τυ-

2202 2765 2428 2836 χόνταή
2467 2765 2714 2835 βασιλεία
2755 2765 2994 2835 Ἐφραῒμ
3037 2764 3174 2836 πρὸς
3211 2766 3311 2834 τὴν
3372 2760 3564 2828 Ἰούδα,
3614 2764 3786 2834 ἧγουν

2181 2858 2298 2911 ’τοῦ
2328 2857 2494 2910 Δαϐἰδ
2525 2857 2804 2927 βασιλείαν
2825 2857 3112 2925 ἐκέκτητο,
3140 2856 3235 2908 καὶ
3263 2853 3608 2924 τηλικοῦτον,
3639 2855 3785 2908 ὥστε

2205 2949 2302 3003 καὶ
2325 2949 2626 3019 ἐμφυλίους
2659 2949 2932 3018 πολέμους
2961 2948 3165 3017 μεταξὺ
3198 2945 3382 2999 αὐτῶν
3426 2946 3782 3017 κροτηθῆναι.

2217 3040 2374 3094 Ἐπεὶ
2401 3036 2496 3093 οὖν
2536 3041 2682 3112 ἑώρα
2722 3043 2750 3093 ὁ
2804 3039 3030 3101 Ἡσαΐας
3064 3035 3152 3092 οἷα
3184 3038 3472 3109 προφήτης
3499 3036 3659 3098 Θεοῦ,
3699 3038 3788 3090 δτι

2206 3134 2264 3186 ὲν
2288 3133 2518 3204 ἀληθείᾳ
2547 3133 2733 3203 μέλλει
2759 3135 2787 3185 6
2824 3133 3059 3202 Χριστὸς
3096 3131 3156 3184 τὸ
3184 3130 3325 3184 κατὰ
3360 3130 3540 3200 σάρκα
3581 3131 3647 3182 ὲκ
3684 3129 3788 3199 τῆς

523 3234 713 3285 surus,
742 3220 893 3274 hunc
915 3236 1227 3274 sermonem
1253 3220 1543 3288 subiunxit
1580 3237 1592 3270 :
1627 3216 1777 3287 quod
1829 3231 1956 3270 cum
1997 3216 2103 3270 Do-

2219 3223 2392 3278 Ἰούδα
2419 3224 2593 3293 φυλῆς
2617 3223 2960 3286 ἀνίστασθαι,
2987 3223 3082 3276 καὶ
3104 3223 3202 3294 τὴν
3241 3221 3482 3293 Ἐφραῒμ
3505 3220 3788 3291 βασιλείαν

523 3311 714 3365 minus
735 3312 896 3366 Jesus
933 3311 1192 3366 Christus
1217 3328 1285 3366 ex
1322 3313 1469 3365 tribu
1499 3310 1640 3366 Juda
1681 3315 1910 3363 exortus
1933 3314 2101 3370 esset,

527 3403 803 3472 auferetur
825 3402 968 3456 zelus
998 3403 1358 3474 Ephraim,id
1385 3402 1723 3467 est,odium,
1755 3414 1954 3454 everso
1986 3398 2107 3468 ejus

526 3509 701 3566 regno
761 3513 774 3549 :
831 3505 888 3551 et
921 3495 1090 3550 iidem
1157 3505 1420 3566 tanquam
1469 3495 1684 3550 inimici
1730 3493 1893 3554 Juda,
1930 3491 1985 3544 id
2022 3497 2108 3545 est

526 3587 734 3643 Christi
769 3589 989 3643 Domini
1022 3597 1080 3643 et
1107 3589 1253 3659 regis
1273 3605 1340 3643 ex
1371 3588 1521 3643 tribu
1554 3586 1693 3642 Juda
1727 3583 2104 3646 ascendentis,

526 3687 760 3749 repente
811 3680 1097 3749 peribunt.
1147 3679 1476 3734 Vaticinans
1519 3677 1667 3732 enim
1720 3675 1990 3746 propheta
2039 3671 2108 3726 de

526 3771 639 3827 fine
693 3773 810 3827 sive
853 3773 1336 3832 consummatione
1387 3771 1543 3843 regni
1597 3768 1904 3840 Ephraim,
1959 3767 2109 3820 hunc

526 3852 842 3918 sermonem
871 3865 1110 3920 obscure
1139 3863 1544 3934 pronuntiavit.
1577 3860 1809 3928 Quando
1835 3859 1889 3913 in
1910 3857 2110 3914 diebus

526 3953 714 4007 Achaz
733 3954 830 4008 lilii
857 3955 1135 4019 Joatham,
1160 3955 1255 4024 qui
1288 3955 1395 4008 fuit
1423 3953 1570 4009 Ozias
1599 3952 1749 4022 regis
1775 3950 1915 4006 Juda
1936 3949 2106 4012 ﬁlius,

531 4045 784 4100 ascendit
815 4047 1088 4103 Rhaasem
1113 4063 1211 4102 rex
1238 4048 1428 4110 Aram,
1464 4055 1522 4101 et
1559 4045 1773 4100 Phacee
1809 4043 1956 4098 ﬁlius
1997 4043 2109 4096 Ro-

530 4138 683 4192 melii
713 4139 861 4208 regis
889 4140 1134 4203 lsraelis,
1188 4155 1388 4208 nempe
1434 4155 1502 4194 ex
1535 4139 1683 4192 tribu
1714 4136 2004 4206 Ephraim,
2041 4133 2109 4188 ad

531 4229 900 4284 obsidendum
919 4231 1227 4286 Jerusalem
1247 4272 1262 4295 ,
1292 4230 1438 4293 Haec,
1472 4231 1675 4300 inquit,
1707 4231 1830 4283 dicit
1855 4227 2109 4281 Dominus

530 4321 751 4375 sabaoth
766 4339 784 4376 :
803 4321 921 4376 Non
940 4334 1154 4377 maneat
1175 4325 1271 4378 hoc
1291 4323 1570 4378 consilium
1593 4325 1657 4376 ³⁸.
1681 4324 1750 4378 Et
1771 4321 1934 4390 paulo
1955 4329 2106 4390 post:

530 4412 604 4467 Et
629 4415 760 4467 anni
781 4416 1018 4484 quinque
1047 4417 1418 4484 etsexaginta,
1454 4415 1658 4485 inquit,
1701 4423 1751 4468 et
1785 4412 1994 4480 deﬁciet
2022 4429 2110 4465 re-

529 4521 696 4574 gnum
717 4504 976 4575 Epltraim
996 4522 1028 4558 a
1053 4505 1269 4576 papula.
1307 4507 1541 4576 Propter
1575 4507 1719 4560 hanc
1753 4505 1940 4573 itaque
1970 4519 2106 4557 cau-

2208 3316 2596 3382 καταλύεσθαι,
2638 3315 2831 3369 τοῦτον
2859 3317 2952 3370 τὸν
2993 3316 3149 3384 λόγον
3204 3317 3508 3385 ἐπήγαγεν,
3558 3313 3643 3366 ὅτι
3689 3310 3786 3366 τοῦ

2208 3408 2413 3478 Κυρίου
2460 3408 2634 3478 Ἰησοῦ
2673 3409 2739 3461 ὲκ
2782 3409 2882 3478 τῆς
2945 3408 3112 3460 Ἰούδα
3159 3407 3333 3476 φυλῆς
3373 3406 3785 3468 ἀνατείλαντος,

2209 3498 2673 3568 ἀφαιρεθήσεται
2713 3503 2744 3553 ὀ
2781 3498 2959 3566 ζῆλος
3015 3499 3280 3568 Ἐφραίμ,
3327 3498 3500 3567 ἤγουν
3540 3498 3572 3567 ή
3613 3497 3787 3566 ἔχθρα

2210 3592 2624 3661 καταλυομένης
2646 3591 2814 3644 αὐτοῦ
2835 3595 2933 3662 τῆς
2965 3593 3249 3661 βασιλείας
3277 3609 3292 3625 ο
3325 3592 3422 3644 καὶ
3453 3591 3504 3644 οί
3528 3591 3686 3642 αὐτοὶ
3711 3589 3788 3653 ὠς

2210 3683 2395 3754 ἐχθροὶ
2435 3682 2628 3745 Ἰούδα,
2665 3682 2811 3735 τοῦτ’
2840 3682 2955 3736 ἐστι
2986 3682 3081 3735 τοῦ
3133 3685 3197 3734 ὲκ
3224 3682 3328 3751 τῆς
3378 3683 3554 3751 φυλῆς
3615 3678 3789 3731 Ἰούδα

2209 3776 2595 3838 ἀναϐαίνοντος
2617 3776 2825 3845 Κυρίου
2859 3778 2954 3828 καὶ
2977 3774 3263 3845 βασιλέως,
3291 3771 3492 3835 εὐθέως
3525 3769 3790 3824 ἀπολοῦν-

2208 3885 2318 3921 ται,
2361 3867 2728 3940 Προφήτεύων
2758 3867 2866 3938 γάρ
2894 3869 2921 3920 6
2967 3866 3254 3936 προφήτης
3299 3865 3427 3935 περὶ⁵
3465 3863 3561 3931 τῆς
3601 3878 3791 3914 συντει-

2211 3961 2362 4022 λείας
2396 3959 2657 4029 Ἐφραῒμ,
2699 3959 2850 4012 τόνδε
2877 3958 2968 4010 τὸν
2994 3958 3150 4025 λόγον
3186 3956 3426 4027 ᾐνίξατο.
3469 3954 3706 4006 ὐπόταν
3732 3955 3791 4005 ὲν

2209 4053 2331 4112 ταῖς
2359 4049 2596 4118 ἡμέραις
2635 4049 2829 4117 Ἄχας,
2857 4047 2952 4100 τοῦ
2993 4047 3252 4115 Ἰωαθάμ,
3285 4045 3382 4098 τοῦ
3422 4043 3603 4106 Ὀζίου
3634 4043 3792 4112 βασι·

2211 4139 2350 4201 λέως
2389 4139 2579 4199 Ἰούδα,
2617 4139 2785 4206 ἀνέϐη
2843 4137 3093 4208 Ῥαασὴμ
3126 4136 3382 4204 βασιλεὺς
3441 4136 3642 4206 Ἀρὰμ,
3693 4132 3793 4185 καὶ

2211 4229 2416 4292 Φακεὲς
2461 4231 2490 4282 ὁ
2549 4232 2662 4293 υίὸς
2714 4229 2808 4282 τοῦ
2876 4230 3157 4299 Ῥομελίου
3207 4227 3473 4298 βασιλέως
3545 4223 3788 4296 Ἰσραὴλ,

2211 4323 2379 4392 ῆγουν
2396 4324 2459 4375 ὲκ
2482 4323 2654 4393 φυλῆς
2688 4322 2946 4393 Ἐφραῖμ,
2969 4321 3062 4375 τοῦ
3088 4321 3443 4391 πολιορκῆσαι
3462 4319 3561 4388 τήν
3593 4319 3793 4385 Ἰερου-

2215 4413 2419 4484 σαλὴμ,
2459 4413 2624 4476 Τάδε,
2659 4417 2813 4483 φησὶ,
2852 4414 3017 4483 λέγει
3057 4416 3271 4482 Κύριος
3301 4412 3564 4475 σαὸαὼθ,
3589 4413 3674 4463 Οὐ
3697 4409 3789 4478 μὴ

2213 4505 2387 4574 μείνῃ
2416 4505 2453 4571 ἡ
2482 4505 2687 4572 βουλὴ
2721 4506 2898 4572 αὕτη.
2953 4505 3066 4559 Καὶ
3121 4504 3239 4574 μετ’
3291 4504 3469 4570 ὀλίγα,
3526 4502 3634 4556 Kal
3679 4502 3790 4569 ἐτη

530 4611 648 4651 sam
663 4595 825 4662 dixit,
845 4597 993 4666 quod
1018 4597 1302 4667 Auferetur
1325 4597 1469 4651 zelus
1502 4597 1778 4668 Ephraim,
1809 4603 1865 4650 et
1885 4603 2103 4649 caetera.

2213 4595 2512 4662 ἐξήκοντα
2543 4595 2640 4648 καὶ
2679 4599 2877 4661 πέντε,
2911 4598 3065 4666 φησὶ,
3101 4597 3200 4649 καί
3230 4595 3500 4663 ἐκλείψει
3533 4596 3568 4661 ἠ
3602 4593 3791 4658 ﬁam-

529 4687 666 4740 λεία
704 4687 948 4758 Ἐφραϊμ
975 4689 1094 4744 ἀπὸ
1133 4689 1240 4743 τοῦ
1285 4690 1460 4744 λαοῦ.
1503 4689 1601 4742 Διὰ
1640 4689 1845 4758 ταύτην
1913 4683 2008 4741 οὖν
2079 4688 2176 4760 τὴν
2214 4688 2394 4741 αἰτίαν
2457 4689 2680 4759 εἴρηκεν
2711 4728 2726 4754 ,
2794 4689 2876 4742 ὅτι
2952 4689 3444 4758 Ἀφαιρεθήοίεται
3507 4689 3540 4740 ό
3608 4683 3792 4754 ζῆλος

545 4781 808 4849 Ἐφρατμ,
837 4781 932 4834 καὶ
957 4780 1025 4832 τὰ
1052 4781 1197 4849 ἑξῆς.

600 4873 808 4927 HERB.
845 4872 1028 4939 Quare
1078 4874 1366 4944 subjungit
1405 4873 1609 4928 deinde
1652 4872 1966 4943 propheta,
2023 4872 2110 4928 di-

532 4979 688 5030 cens,
721 4964 894 5033 quod,
917 4964 1038 5018 Erit
1090 4964 1308 5031 Israeli,
1332 4966 1465 5018 sicut
1517 4982 1574 5018 eo
1601 4966 1683 5018 die
1731 4981 1833 5035 quo
1875 4981 2112 5035 egressus

535 5061 612 5107 est
659 5069 722 5108 ea:
771 5063 918 5109 terra
962 5055 1281 5127 .Egypti”?
1335 5057 1490 5110 llanc
1541 5057 1690 5111 enim
1734 5057 2110 5127 egressionem

538 5143 777 5198 similem
836 5144 955 5199 fore
991 5146 1307 5201 enuntiavit
1350 5147 1403 5201 ei
1459 5147 1769 5218 egressioni
1826 5163 1948 5216 quae
1978 5149 2112 5203 olim

538 5235 647 5290 fuit
678 5251 710 5291 e
733 5245 881 5292 terra
903 5237 1143 5309 Egypti.
1287 5245 1292 5250 '
1653 5303 1659 5310 ,

617 5327 675 5382 S.
707 5327 915 5382 ARCH.
956 5328 1336 5398 Corporaliter
1382 5331 1612 5400 quidem
1649 5347 1715 5387 ex
1754 5331 1990 5404 Egypto
2032 5333 2113 5388 15'-

542 5421 660 5476 rael
685 5435 944 5491 egressus
973 5430 1077 5485 est,
1121 5429 1178 5476 et
1207 5423 1480 5493 corporali
1527 5425 1798 5479 servitute
1825 5425 2114 5488 liberatus,

2284 4870 2395 4922 Καὶ
2419 4870 2459 4923 0
2497 4869 2741 4923 ΕΡΒΑΝ.
2774 4868 2886 4920 Καὶ
2903 4869 2970 4921 δι’
2992 4869 3059 4938 ἣν
3089 4867 3265 4921 αἰτίαν
3291 4868 3486 4936 ἐπάγει
3516 4869 3545 4920 6
3573 4867 3791 4937 προφή-

2215 4983 2313 5037 της
2342 4966 2539 5033 λέγων,
2583 4966 2664 5018 ὅτι
2705 4967 2939 5030 Ἔσται,
2977 4965 3130 5034 φησὶ,
3171 4962 3251 5028 τῷ
3293 4962 3542 5030 Ἰσραὴλ
3590 4964 3671 5028 ὡς
3715 4961 3795 5030 τῇ

2212 5057 2406 5126 ἡμέρᾳ
2527 5055 2788 5124 ἐξῆλθεν
2820 5056 2890 5108 ἐκ
2943 5055 3054 5123 γῆς
3094 5055 3440 5123 Αἰγύπτου;
3489 5053 3796 5124 Παραπλή-

2219 5149 2350 5212 σίως
2387 5149 2495 5219 γάρ
2540 5149 2638 5217 τὴν
2675 5147 2851 5211 ἔξοδον
2895 5147 3102 5217 ταύτην
3142 5145 3243 5215 τῆς
3285 5145 3451 5199 πάλαι
3480 5143 3662 5208 ὲξόδου
3692 5143 3796 5214 τῆς

2219 5243 2494 5310 Αἰγύπτου
2526 5242 2802 5308 ἐνέφηνεν.

2289 5335 2397 5388 Καὶ
2426 5336 2468 5387 Ο
2493 5333 2707 5387 ΑΓΙΟΣ.
2744 5330 3080 5402 Σωματικῶς
3109 5331 3208 5400 μὲν
3232 5328 3289 5396 ἐξ
3309 5329 3586 5397 Αἰγύπτου
3613 5328 3643 5379 6
3688 5327 3796 5379 Ἰσ-

2224 5426 2362 5498 ραὴλ
2409 5424 2621 5496 ἐξῆλθε,
2675 5424 2771 5476 καὶ
2817 5421 3204 5492 ἐλευθερωθεὶς
3245 5422 3308 5473 ὲκ
3336 5421 3437 5490 τῆς
3471 5418 3797 5488 σωματικῆς

545 5521 750 5568 terram
776 5512 1163 5582 promissionis
1207 5514 1591 5570 haereditatem
1637 5515 1904 5586 possedit.
1956 5517 2103 5572 Nunt

2222 5515 2488 5580 δουλείας,
2518 5515 2618 5586 τὴν
2646 5515 2751 5585 γῆν
2780 5516 2879 5585 τῆς
2901 5512 3231 5582 ἐπαγγελίας
3253 5509 3796 5582 κατεκληρονόμησς.

615 5632 662 5666 ³⁷
692 5632 797 5687 Isa.
827 5648 902 5698 ιιι,
930 5632 1018 5688 15.
1097 5632 1142 5665 ³⁸
1159 5633 1263 5690 lsa.
1292 5650 1388 5699 vn,
1413 5636 1468 5700 7,
1508 5635 1562 5688 8.
1641 5636 1686 5667 ³⁸
1716 5636 1821 5692 lsa.
1853 5653 1928 5704 τι,
1959 5636 2050 5692 16.

2051 5723 2285 5782 NOTAE.

619 5815 732 5887 (66)
769 5817 1238 5888 ῌιστεύσαντες.
1272 5815 1698 5884 Πιστεύσαντας.
1736 5820 1804 5876 Ει
1829 5835 1955 5877 mox
1984 5817 2127 5888 ὠφέ-

550 5885 733 5958 λησεν.
763 5885 967 5944 ΟυιοΝ.

2308 5818 2424 5886 (67)
2458 5821 2698 5888 Ἔγωγε.
2733 5815 3192 5888 Ὲοι-ιοηὲπήγαγε.
3224 5790 3299 5870 In.

2301 5882 2415 5961 (68)
2447 5892 2511 5942 Ol
2535 5882 2754 5959 ἐχθροί.
2786 5882 3126 5952 δοτῦ)ο,’καὶ
3155 5889 3207 5941 οι
3236 5883 3438 5955 ὲχθροί.
3465 5882 3541 5938 In.
