4088 6542
325 477 436 544 (Ὗ

1284 482 1744 544 DISPUTATIO
1786 485 1947 546 CUM
1983 486 2348 563 HERBANO
2384 487 2673 550 JUDEO.

3479 483 3589 548 698

327 590 361 644 Ρ
384 589 469 644 ovi
492 590 549 645 δὲ
582 590 791 663 νοητῶς
818 591 1054 658 ἐξελθὼν
1095 594 1161 648 ὲκ
1202 596 1304 666 τῆς
1344 597 1647 669 ἁμαρτιας,
1691 598 1910 671 πρῶτον

2013 618 2147 659 vero
2167 604 2335 674 628
2346 602 2675 673 spiritaliter
2691 614 2953 670 egressus
2978 612 3047 654 ex
3065 608 3315 668 peccato,
3340 597 3592 668 primum

332 679 434 754 μὲν
453 682 554 751 τῆς
584 683 833 756 κατάρας
855 684 950 739 τοῦ
988 687 1158 757 νόμου
1186 687 1521 761 λελύτρωται
1554 706 1568 720 ·
1616 691 1808 745 ἔπειτα
1853 692 1910 745 δὲ

330 775 424 827 καὶ
449 774 544 829 τὸν
569 777 801 831 παλαιὸν
826 778 1032 849 χιτῶνα
1070 780 1174 851 τῆς
1205 782 1487 853 ἁμαρτίας
1524 785 1913 856 ἀπεκδυσάμεο

328 882 442 930 νος,
478 866 768 922 ἐνεδύσατο
789 871 881 923 τὸν
903 873 1023 925 νέον
1039 873 1131 925 τὸν
1152 875 1618 945 ἀνακαινούμενον
1634 877 1705 930 δι’
1721 877 1912 941 ὓδατος

330 957 427 1011 καὶ
474 959 785 1030 πνεύματος
815 976 831 992 ·
889 964 984 1017 καὶ
1037 964 1271 1032 ἐξελθὼν
1326 967 1548 1031 τελείως
1602 970 1669 1023 ὲκ
1728 970 1913 1038 πάσης

332 1047 628 1118 ἁμαρτιας,
672 1050 748 1112 ὡς
784 1051 849 1104 ἐκ
886 1052 990 1123 γῆς
1039 1053 1341 1123 Αἰγύπτου,
1391 1056 1718 1129 κατῴκησεν
1746 1059 1805 1111 ὲν
1841 1060 1910 1129 τῇ

331 1139 429 1211 νέᾳ.
472 1141 851 1213 Ἰερουσαλὴμ,
884 1146 951 1215 τῇ
999 1145 1318 1220 Ἐκκλησία,
1349 1149 1424 1214 ὡς
1458 1152 1516 1204 ἐν
1538 1150 1670 1222 ἄλλῃ
1708 1153 1778 1222 γῇ
1814 1152 1913 1223 τῆς

331 1233 688 1302 ἐπαγγελίας.
741 1236 851 1290 Καὶ
906 1238 1134 1310 τοιαύτη
1186 1241 1406 1310 ἐγένετο
1453 1243 1761 1314 εὐφροσύνη
1818 1245 1914 1297 καὶ

329 1324 525 1396 τέρψις
555 1327 812 1397 μεγίστη,
833 1326 976 1382 ὥστε
1007 1329 1103 1384 καὶ
1128 1333 1413 1402 κρείττονα
1450 1334 1562 1404 (69)
1586 1337 1684 1405 τῆς
1714 1336 1779 1388 ὲκ
1810 1339 1914 1405 γῆς

330 1415 612 1484 Αἰγύπτου
635 1420 1056 1492 ἀναχωρήσεως,
1088 1423 1187 1496 τήν
1217 1425 1466 1492 ἑξαισίαν
1488 1428 1706 1500 ἐκείνην
1728 1428 1913 1501 χώραν

330 1509 896 1582 κατακληρώσασθαι.
920 1514 1020 1567 Διὰ
1048 1515 1220 1570 ταῦτα
1240 1517 1372 1586 γοῦν
1394 1519 1692 1592 λελάληκεν
1724 1522 1753 1574 6
1782 1539 1916 1592 προ-

330 1600 532 1671 φήτης,
585 1603 669 1656 δτι
695 1603 807 1657 Καὶ
839 1604 1012 1659 ἔσται
1052 1606 1135 1672 τῷ
1178 1609 1429 1679 Ἰσραὴλ
1484 1613 1565 1678 ὡς
1607 1612 1683 1682 τῇ
1723 1612 1916 1683 ἡμέρᾳ

328 1686 372 1764 ᾗ
395 1691 657 1760 ὸεῆλθεν
681 1695 751 1749 ὲκ
782 1694 897 1766 γῆς
923 1698 1245 1768 Αἰγύπτου.

403 1783 655 1842 EPBAN.
701 1786 1002 1858 Προλαϐὼν
1041 1790 1261 1861 εἴρηκα,
1307 1791 1389 1846 ὅτι
1418 1792 1557 1862 πρὸς
1584 1795 1915 1866 ὲτυμόλογον

330 1876 668 1947 κεκτημένοι
702 1877 804 1948 τὴν
831 1878 1094 1947 διάλεξιν,
1128 1883 1227 1935 οὐκ
1261 1883 1328 1937 άν
1377 1901 1510 1938 ποτε
1560 1890 1915 1959 περικρατεῖς

329 1966 429 2021 τοῦ
457 1967 794 2039 ζητουμένου
816 1970 1090 2040 γενόμεθα
1120 1972 1254 2043 (70),
1300 1975 1434 2039 ὅσας
1460 1977 1566 2030 κᾶν
1603 1980 1745 2049 τάχα
1777 1998 1915 2054 μαρ-

329 2058 527 2129 τυρίας
556 2060 665 2113 άπό
687 2077 747 2114 τε
770 2061 866 2115 τοῦ
894 2062 1086 2134 νόμου,
1107 2066 1215 2119 ἀπό
1230 2082 1291 2119 τε
1307 2066 1418 2120 τῶν
1442 2071 1740 2142 προφητῶν
1763 2089 1914 2145 παρ-

330 2150 580 2221 άγωμεν.
642 2153 783 2207 Ἀλλ’
828 2148 922 2207 οὗν
975 2154 1056 2209 ἔτι
1106 2156 1223 2227 ἔχω
1260 2158 1356 2212 τοῦ
1394 2160 1598 2229 λέγειν,
1656 2164 1757 2217 οὐκ
1790 2165 1920 2218 άνα-

331 2244 532 2299 παύσω
554 2262 656 2316 μου
686 2247 780 2300 τὸν
805 2247 1087 2319 λογισμὸν,
1128 2250 1251 2304 οὐδὲ
1274 2252 1373 2323 τὴν
1397 2253 1608 2309 λαλιάν.
1654 2256 1917 2329 Ἰεζεκιὴλ

328 2335 363 2389 6
394 2337 684 2409 προφήτης
719 2339 1029 2408 διαγορεύει
1064 2358 1080 2373 ο
1115 2341 1261 2396 Τάδε
1287 2344 1453 2414 λέγει
1494 2349 1713 2415 Κύριος
1736 2364 1750 2379 ·
1794 2351 1916 2417 Λή-

328 2430 520 2496 ψομαι
550 2428 710 2498 ὑμᾶς
739 2430 808 2484 ἐκ
830 2431 950 2483 τῶν
994 2430 1204 2499 ἐθνῶν,
1244 2435 1343 2488 καί
1374 2436 1635 2504 ἀθροίσω
1663 2438 1818 2508 ὑμᾶς
1846 2442 1916 2495 ἐκ

329 2520 549 2576 πασῶν
593 2521 714 2577 τῶν
772 2524 1015 2594 γενεῶν,
1065 2527 1167 2581 καί
1211 2527 1437 2593 εἰσάξω
1479 2529 1638 2601 ὑμᾶς
1673 2536 1763 2600 εἰς
1801 2534 1918 2602 τὴν

333 2609 455 2681 τῆν
486 2612 676 2681 ὑμῶν,
707 2615 808 2668 καὶ
832 2615 998 2683 ρανῶ
1026 2617 1121 2686 ἐφ’
1148 2617 1305 2688 ὑμᾶς
1333 2620 1492 2690 ὕδωρ
1512 2624 1793 2691 καθαρὸν,
1816 2627 1913 2680 καὶ

328 2704 858 2773 καθαρισθήσεσθε
910 2709 1029 2763 ἀπὸ
1094 2710 1312 2765 πασῶν
1369 2712 1489 2767 τῶν
1533 2716 1919 2786 ἀκαθαρσιᾶηρ

327 2794 518 2865 ὑμῶν,
548 2798 647 2852 καί
671 2798 792 2853 ἀπὸ
819 2798 1063 2855 πάντων
1092 2802 1213 2857 τῶν
1237 2803 1501 2859 εἰδώλων
1535 2807 1694 2877 ὑμῶν
1739 2813 1919 2864 καθα-

322 2886 437 2956 ριῶ
470 2889 646 2958 ὑμᾶς.
690 2891 803 2945 Καὶ
842 2891 1015 2947 δώσω
1060 2894 1205 2963 ὑμῖν
1253 2897 1511 2964 καρδίαν
1539 2900 1784 2969 καινὴν,
1814 2903 1916 2957 καί

327 2980 569 3050 πνεῦμα
605 2986 822 3037 καινὸν
848 2983 1021 3039 δώσω
1051 2988 1216 3056 ὑμῖν,
1249 2989 1348 3042 καὶ
1387 2990 1592 3060 ἀφελῶ
1618 2993 1736 3063 τὴν
1774 3012 1917 3064 καρ-

327 3070 472 3126 δίαν
489 3071 605 3140 τὴν
632 3075 877 3142 λιθίνην
905 3078 975 3131 ἐκ
1000 3076 1110 3146 τῆς
1138 3081 1370 3150 σαρκὸς
1398 3083 1586 3153 ὑμῶν,
1613 3087 1714 3141 καί
1741 3087 1916 3142 δώσω

325 3162 401 3218 ἐν
423 3163 567 3234 ὑμῖν
591 3181 608 3197 ο
634 3165 891 3235 καρδίαν
943 3172 1266 3243 σαρκικὴν,
1297 3175 1399 3228 καί
1451 3178 1687 3245 πνεῦμα
1741 3180 1914 3234 δώσω

322 3253 399 3309 ἐν
447 3256 614 3324 ὑμῖν,
664 3258 763 3312 καί
816 3261 1052 3329 ποιήσω
1100 3264 1172 3317 ἐν
1211 3266 1339 3333 τοῖς
1392 3266 1751 3340 δικαιώμασι
1793 3292 1914 3344 μου

324 3349 711 3417 πορεύεσθαι,
757 3353 855 3406 καί
891 3353 963 3406 τὰ
1014 3356 1268 3425 κρίματά
1315 3377 1435 3428 μου
1487 3363 1869 3430 φυλάξεσθαι
1896 3385 1910 3398 ο

323 3441 427 3496 καὶ
454 3439 846 3509 κατοικήσετε
870 3446 968 3500 ἐπὶ
1002 3446 1112 3516 τῆς
1141 3450 1256 3520 γῆς
1280 3446 1359 3523 ἧς
1404 3453 1600 3509 ἔδωκα
1644 3458 1772 3524 τοῖς
1805 3475 1917 3514 πα-

323 3532 545 3603 τράσιν
564 3534 750 3604 ὑμῶν,
784 3537 883 3591 καὶ
913 3539 1136 3595 ἔσεσθέ
1169 3559 1272 3611 μοι
1317 3546 1407 3610 εἰς
1443 3546 1619 3612 λαὸν,
1665 3552 1762 3604 καὶ
1802 3552 1917 3621 ἐγὼ

324 3624 543 3695 ἔσομαι
564 3626 709 3696 ὑμῖν
730 3630 818 3694 εἰς
846 3632 1014 3684 Θεόν.
1052 3634 1113 3685 Εἰ
1152 3633 1334 3688 τοίνυν
1370 3636 1432 3689 οὐ
1458 3637 1606 3705 λέγει
1642 3641 1671 3692 6
1697 3642 1912 3713 προφήο

324 3734 427 3789 της
463 3719 639 3785 οὕτως
666 3759 682 3785 ,
724 3722 922 3786 ἀπόδος
949 3724 1130 3793 λόγον.
1172 3727 1303 3782 Ἰδοὺ
1357 3730 1466 3801 γὰρ
1503 3732 1720 3803 καθαρὰ
1777 3752 1917 3806 μαρ-

324 3810 487 3881 τυρία
546 3813 823 3884 μηδεμίαν
860 3817 918 3868 ὲν
973 3817 1167 3885 μηδενὶ
1211 3821 1526 3892 κεκτημένη
1567 3825 1910 3897 ἀντίρρησιν.

395 3900 509 3955 Καὶ
539 3902 584 3956 0
612 3904 830 3958 ΔΓΙΟΣ.
876 3904 1018 3973 Ἐγὼ
1049 3907 1111 3959 ού
1160 3908 1489 3977 πολυλογίαν
1540 3912 1741 3978 εἰσάξω
1785 3916 1915 3987 περὶ

324 3989 428 4061 τῆς
466 3994 808 4066 προφητείας
843 3997 1050 4063 ταύτης
1083 3998 1176 4052 τοῦ
1212 3999 1399 4053 πεῖσαί
1431 4016 1508 4053 σε.
1539 4003 1613 4056 Οὐ
1647 4004 1753 4077 γάρ
1783 4007 1915 4078 περὶ

338 4084 614 4141 Ἰουδαίων
651 4087 952 4159 λελάληκεν
998 4090 1028 4142 6
1066 4093 1376 4163 προφήτης.
1428 4093 1567 4148 ἀλλὰ
1627 4097 1757 4166 περὶ
1811 4096 1914 4168 τῆς

338 4177 673 4247 Ἐκκλησίας
702 4182 813 4236 τῶν
840 4183 1011 4237 ἐθνῶν
1044 4200 1060 4217 ·
1096 4187 1285 4258 ἐπειδὴ
1322 4189 1567 4260 εἴρηκεν,
1604 4191 1686 4243 ὅτι
1726 4194 1914 4245 Καθα-

325 4268 433 4337 ριῶ
477 4269 637 4340 ὑμᾶς
685 4274 755 4327 ἐκ
793 4274 1037 4330 πάντων
1080 4277 1203 4331 τῶν
1251 4280 1518 4336 εἰδώλων
1560 4280 1745 4350 ὑμῶν.
1799 4284 1913 4338 Καὶ

328 4361 657 4431 άνάγγειλόν
682 4382 794 4435 μοι,
814 4366 905 4420 τὸν
933 4368 1149 4442 Ἰσραὴλ
1180 4372 1452 4445 ἐκάθηρεν
1471 4375 1499 4428 6
1516 4374 1648 4439 Θεὸς
1672 4377 1778 4429 ἀπὸ
1802 4376 1913 4430 τῶν

327 4453 582 4520 εἰδώλων,
621 4456 655 4527 ἢ
698 4458 769 4512 τά
809 4460 1053 4525 εἰδώλοις
1094 4461 1430 4533 λατρεύοντα
1468 4465 1596 4538 ἔθνη
1632 4485 1646 4533 ;
1685 4468 1912 4539 Atiliqu

326 4548 558 4619 καρδίαν
589 4549 659 4603 τὰ
689 4549 816 4623 ἔθνη
848 4552 1144 4623 ἐκέκτηντο
1171 4557 1237 4608 τὰ
1271 4557 1622 4628 πλανώμενα,
1655 4559 1687 4629 ἢ
1720 4561 1768 4614 οἱ
1811 4561 1911 4614 Ἰσ-

1944 1952 1987 2007 Β

2012 696 2235 767 quidem
2253 696 2389 766 legis
2406 694 2699 750 maledicto
2714 704 2770 749 et
2787 693 3173 750 exsecratione
3189 694 3466 749 liberatus
3481 702 3589 759 est;

2012 790 2215 845 deinde
2230 804 2384 853 vero.
2401 788 2612 858 peccati
2642 789 2830 843 tunica
2864 798 3052 852 exuta,
3070 795 3357 843 recentem
3381 785 3589 849 induit,

2012 900 2135 955 quae
2158 892 2455 939 renovatur
2484 897 2586 951 per
2617 896 2817 951 aquam
2839 890 2897 935 et
2928 879 3190 949 spiritum
3219 895 3234 931 :
3260 889 3320 933 et
3358 876 3586 932 tandem

2010 977 2259 1047 perfecte
2292 990 2549 1046 egressus
2595 989 2663 1029 ex
2683 972 2834 1027 omni
2865 981 3116 1042 peccato,
3172 972 3327 1026 velut
3371 985 3403 1025 e
3442 979 3591 1025 terra

2010 1065 2253 1139 Egypti,
2288 1065 2561 1120 habitavit
2600 1064 2658 1119 in
2724 1078 2865 1118 nova
2898 1062 3230 1124 Jerusalem,
3288 1060 3344 1115 id
3396 1068 3483 1116 est
3534 1060 3591 1114 in

2013 1160 2280 1224 Ecclesia,
2326 1159 2479 1214 velut
2518 1159 2574 1212 in
2614 1157 2720 1212 alia
2756 1166 2904 1212 terra
2963 1155 3376 1226 promissionis.
3421 1153 3594 1209 Certe

2015 1253 2131 1307 haec
2161 1251 2267 1305 fuit
2293 1251 2487 1306 laetitia
2516 1258 2573 1304 et
2601 1248 2899 1304 delectatio
2941 1248 3181 1302 maxima
3216 1264 3228 1299 :
3266 1247 3344 1301 ita
3374 1254 3438 1300 ut
3488 1260 3595 1315 po-

2015 1346 2214 1400 tiorem
2257 1358 2321 1399 ac
2348 1344 2637 1398 meliorem
2695 1342 2845 1396 illam
2877 1340 3222 1410 auspicatam
3265 1346 3323 1393 et
3354 1338 3593 1393 faustam
3667 1400 3684 1414 .

2014 1441 2299 1513 regionem
2350 1440 2617 1493 sortiatur
2648 1477 2663 1501 ,
2714 1445 2771 1491 et
2820 1434 3211 1489 hacreditatem
3263 1431 3591 1503 possideat,

2013 1548 2178 1604 quam
2229 1533 2302 1586 sit
2352 1547 2384 1586 e
2451 1538 2596 1586 terra
2644 1528 2861 1600 Egypti
2920 1525 3184 1581 recessio.
3240 1524 3596 1595 Quapropter

2013 1623 2154 1679 dixit
2185 1622 2494 1692 propheta:
2550 1619 2620 1674 Et
2646 1621 2745 1673 erit
2784 1615 3000 1682 Israeli,
3028 1624 3086 1669 ut
3144 1631 3210 1670 ea
3257 1614 3342 1669 die
3370 1631 3477 1685 qua
3529 1627 3596 1667 ea:
3656 1620 3662 1626 ‘

2015 1728 2162 1773 terra
2190 1714 2401 1786 Egypti
2421 1731 2658 1786 egressus
2686 1720 2782 1768 est.
3501 1788 3506 1793 ἡ

2086 1809 2290 1866 llERB.
2318 1809 2439 1865 Jam
2468 1808 2571 1863 tibi
2619 1816 2782 1863 antea
2826 1802 3271 1878 praadixiﬁquod
3316 1802 3399 1858 sic
3446 1816 3513 1856 ex
3540 1800 3595 1855 vi

2014 1905 2259 1961 nominis
2288 1910 2633 1974 argutantes,
2682 1916 2967 1972 nunquam
3017 1901 3142 1971 ejus
3174 1898 3243 1953 de
3289 1910 3403 1966 quo
3422 1896 3600 1964 'quze-
3688 1887 3699 1895 ’

2015 1999 2123 2054 stio
2141 2005 2225 2053 est
2262 2005 2320 2052 et
2356 1995 2744 2051 controversia
2777 2034 2792 2059 ,
2838 1999 3129 2063 compotes
3173 1989 3406 2051 erimus,
3438 2000 3596 2056 quzc-

2016 2106 2234 2161 cunque
2266 2088 2471 2160 partim
2497 2103 2564 2143 ex
2603 2088 2743 2158 lege,
2788 2087 2991 2155 partim
3061 2100 3129 2140 ex
3176 2079 3469 2153 prophetis
3513 2085 3597 2131 te-

1986 2240 1993 2249 ,
2016 2182 2281 2239 stimonia
2311 2180 2422 2236 cito
2447 2177 2844 2250 producamus.
2866 2179 3273 2233 Verumtamen
3289 2171 3469 2226 adhuc
3498 2168 3600 2222 ha-

2015 2277 2120 2331 beo
2149 2272 2296 2345 quod
2323 2273 2505 2327 dicam
2536 2287 2549 2323 :
2581 2285 2693 2325 non
2724 2266 3146 2339 disputationis,
3178 2280 3290 2319 non
3343 2259 3597 2332 loquaci-

2016 2368 2148 2423 tatis
2180 2381 2314 2421 meze
2341 2364 2507 2419 (luem
2536 2363 2755 2418 faciam.
2800 2359 3062 2416 Ezechiel
3100 2356 3371 2429 propheta
3413 2353 3601 2409 excla-

2015 2466 2127 2511 mat
2162 2474 2176 2511 :
2211 2454 2333 2510 ch
2358 2455 2481 2508 dicit
2508 2453 2765 2507 Dominus
2792 2466 2811 2505 :
2846 2449 3069 2506 Sumam
3101 2464 3187 2503 vos
3240 2462 3304 2500 ea:
3334 2442 3598 2516 gentibus,

2017 2559 2067 2603 et
2125 2547 2451 2618 congregabo
2499 2563 2589 2600 vos
2647 2562 2710 2599 ea:
2763 2544 3004 2598 omnibus
3054 2539 3506 2612 generationibus,
3549 2543 3600 2589 et

2015 2641 2347 2695 introducam
2376 2655 2463 2693 vos
2501 2641 2554 2693 in
2580 2648 2781 2692 terram
2818 2643 3047 2690 vestram
3074 2650 3092 2688 :
3124 2641 3173 2687 et
3196 2629 3408 2687 stillabo
3439 2641 3601 2698 super

2016 2752 2104 2789 vos
2122 2751 2316 2804 aquam
2336 2750 2549 2804 puram,
2568 2740 2615 2784 et
2639 2729 3021 2784 mundabimini
3035 2728 3097 2780 ab
3112 2726 3349 2780 omnibus
3364 2724 3602 2776 immun-

2017 2828 2161 2881 ditiis
2190 2828 2392 2889 vestris,
2428 2833 2476 2878 et
2506 2825 2569 2878 ab
2600 2823 2841 2877 omnibus
2878 2821 3180 2876 simulacris
3222 2817 3406 2872 vestris
3445 2830 3601 2868 mun-

2017 2920 2150 2974 dabo
2184 2935 2291 2972 vos.
2329 2917 2399 2971 Et
2430 2917 2564 2970 dabo
2590 2916 2727 2969 vobis
2757 2930 2846 2968 cor
2878 2930 3091 2976 novum,
3127 2918 3174 2963 et
3216 2908 3465 2978 spiritum
3504 2918 3599 2956 no-

2016 3029 2137 3068 vum
2167 3012 2301 3065 dabo
2333 3010 2491 3072 vobis,
2532 3018 2580 3062 et
2616 3008 2859 3078 auferam
2897 3024 2988 3060 cor
3032 3003 3301 3074 lapideum
3333 3013 3397 3052 ea:
3437 3009 3599 3050 carne

2015 3116 2210 3169 vestra,
2237 3113 2284 3157 et
2306 3102 2439 3157 dabo
2468 3103 2521 3156 in
2550 3100 2688 3155 vobis
2715 3116 2803 3153 cor
2822 3113 3096 3161 carneum,
3115 3101 3163 3147 et
3186 3092 3432 3162 spiritum
3462 3086 3600 3173 dabo

2016 3199 2068 3253 in
2094 3198 2234 3253 vobis
2260 3213 2279 3252 :
2312 3204 2360 3249 ct
2383 3197 2578 3265 faciam
2606 3202 2660 3246 ut
2682 3194 2737 3247 in
2749 3187 3223 3264 justiﬁcationibus
3262 3183 3390 3238 meis
3413 3177 3602 3233 ambu-

1941 3309 1984 3367 ο
2021 3292 2135 3346 lelis
2155 3300 2203 3345 et
2221 3277 2430 3362 judicia
2456 3306 2572 3343 utea
2594 3285 2925 3341 custodiatis.
2954 3282 3020 3337 Et
3042 3279 3343 3335 habitabitis
3365 3277 3419 3329 in
3452 3283 3598 3327 terra

2020 3403 2180 3458 quam
2197 3384 2315 3437 dedi
2335 3382 2572 3454 patribus
2594 3379 2797 3441 vestris,
2823 3384 2872 3431 et
2894 3375 3040 3430 eritis
3067 3373 3193 3428 mihi
3226 3373 3280 3425 in
3321 3365 3596 3440 populum,

2017 3457 2067 3532 et
2090 3493 2179 3531 ero
2200 3476 2339 3530 vobis
2376 3475 2432 3528 in
2469 3473 2632 3528 Deum
2649 3472 2715 3526 ‘°.
2740 3473 2938 3527 Annon
2989 3468 3062 3522 ita
3098 3464 3238 3520 dicit
3277 3457 3599 3532 prOpheta?

2015 3567 2312 3638 responde.
2340 3565 2422 3621 En
2454 3581 2652 3634 purum
2682 3560 3087 3625 testimonium,
3115 3556 3207 3614 cui
3250 3555 3404 3609 nullo
3432 3549 3600 3607 modo

2015 3658 2323 3715 contradici
2366 3664 2569 3729 potest.

2088 3927 2145 3983 S.
2179 3925 2383 3982 ARCH.
2411 3925 2527 3995 Ego
2553 3938 2662 3977 non
2680 3920 2852 3975 multa
2883 3918 3054 3975 verba
3082 3915 3356 3972 adducam
3391 3912 3460 3966 de
3486 3912 3595 3966 hoc

2015 4020 2301 4083 valicinio,
2322 4026 2383 4072 ut
2414 4017 2513 4071 tibi
2543 4014 2704 4069 fidem
2725 4012 2944 4067 faciam.
2976 4011 3097 4065 Non
3125 4008 3273 4063 enim
3295 4007 3363 4061 de
3391 4002 3598 4060 Judaeis

2014 4112 2235 4166 locutus
2272 4116 2359 4164 est
2402 4109 2699 4179 propheta,
2755 4105 2851 4160 sed
2886 4104 2955 4158 de
3009 4101 3255 4174 gentium
3312 4097 3596 4153 ecclesia:

2015 4202 2287 4274 siquidem
2315 4201 2454 4256 dixit
2484 4217 2496 4253 :
2521 4198 2781 4254 Mundabb
2813 4215 2903 4252 vos
2932 4197 2995 4250 ab
3036 4195 3276 4249 omnibus
3293 4189 3597 4245 simulacris

2014 4296 2218 4350 vestris.
2257 4294 2352 4349 Dic
2388 4292 2549 4357 mihi,
2583 4308 2652 4346 an
2700 4292 2849 4345 Deus
2893 4289 3154 4344 lsraclcm
3195 4301 3224 4339 a
3265 4282 3597 4337 simulacro-

2014 4402 2136 4442 rum
2162 4387 2315 4441 cuitu
2361 4385 2641 4456 purgavit,
2681 4399 2750 4438 an
2785 4382 2973 4453 potius
3025 4387 3219 4450 gentes
3271 4391 3393 4446 quae
3432 4373 3597 4428 idolis

2013 4476 2364 4534 serviebant?
2403 4475 2707 4546 Lapideum
2740 4489 2836 4528 cor
2853 4471 3133 4526 habebant
3167 4476 3361 4540 gentes
3387 4465 3597 4520 errori-

2012 4568 2333 4625 busmentis
2368 4567 2723 4630 fluctuantes,
2741 4583 2809 4620 an
2830 4565 3116 4627 lsracliuc,
3149 4564 3244 4632 qui
3270 4561 3444 4614 Deum
3470 4571 3597 4610 san-

328 4641 606 4733 ραηλῖται,
648 4643 699 4695 οἱ
730 4642 823 4695 τὸν
849 4642 982 4697 Θεὸν
1012 4645 1102 4698 τὸν
1137 4646 1292 4715 ἅγιον
1318 4648 1430 4720 (71)
1464 4650 1551 4703 διὰ
1577 4651 1741 4718 νόμον
1778 4653 1907 4705 Mm-

2015 4665 2166 4709 ctum
2226 4670 2325 4724 per
2365 4655 2546 4723 legem
2600 4652 2767 4708 Musis
2804 4650 3157 4707 adorabunt?
3200 4649 3260 4703 In
3322 4645 3596 4717 legalibus

331 4731 471 4795 σέως
497 4733 900 4805 λατρεύοντες;
938 4738 1030 4790 Ἐν
1074 4740 1189 4802 τοῖς
1233 4742 1488 4811 νομίμοις
1541 4742 1909 4812 δικαιώμασιν

2013 4744 2509 4817 justilicationihus
2542 4744 2806 4799 lsraelitzc
2837 4743 3077 4814 primum
3125 4739 3552 4795 ambulaverunt
3579 4774 3594 4799 ,

327 4822 380 4874 οἱ
419 4824 755 4896 Ἰσραηλῖται
801 4828 1180 4901 ἐπορεύθησαν
1212 4832 1449 4900 πρῶτον,
1489 4833 1520 4903 ἢ
1564 4834 1632 4886 τὰ
1673 4834 1800 4904 ἔθνη
1840 4834 1910 4888 τὰ

333 4911 409 4984 μὴ
442 4914 607 4985 νόμον
632 4916 826 4987 ἔχοντα
857 4934 874 4982 ;
904 4919 1147 4990 Μηδὲπω
1184 4920 1313 4983 λαὸς
1343 4920 1436 4975 τοῦ
1467 4922 1602 4976 Θεοῦ
1625 4923 1908 4995 προῦπῆρο

328 5004 423 5073 ξεν
482 5009 512 5061 6
557 5008 798 5081 Ἰσραὴλ,
838 5010 893 5080 ἢ,
957 5013 1033 5076 ὡς
1083 5013 1482 5081 ἐπαγγέλλεται
1533 5017 1561 5069 6
1597 5018 1908 5089 προφήτης,

333 5098 474 5168 μετὰ
501 5100 674 5154 ταῦτα
705 5101 976 5172 κληθῆναι
1008 5104 1174 5158 αὐτὸν
1195 5106 1322 5160 λαὸν
1343 5106 1502 5171 Θεοῦ,
1533 5107 1609 5171 ὡς
1641 5109 1911 5180 μηδέποτε

330 5190 695 5262 ὑπάρξαντας
749 5196 895 5266 Ἀρα
934 5195 1193 5251 οὐδέποτε
1224 5196 1443 5265 ἐδέξατο
1484 5198 1706 5271 Πνεῦμα
1750 5200 1906 5266 Θεοῦ,

326 5280 467 5336 ἀλλὰ
506 5284 645 5353 μετὰ
687 5285 847 5340 τοῦτο
880 5291 1241 5358 χρεωστεϊται
1281 5289 1394 5359 (72)
1425 5291 1581 5345 τοῦτο
1603 5293 1859 5360 δέξασθαι
1889 5310 1904 5360 ;

327 5372 525 5444 Μάτην
560 5371 653 5428 οὖν
695 5377 1026 5449 προσδοκᾷς,
1087 5372 1132 5432 ὦ
1197 5379 1396 5450 Ἐρδᾶν
1441 5383 1772 5450 ἁλογώτατε.
1850 5386 1908 5441 '0

328 5462 441 5533 γάρ
471 5467 758 5538 προφήτης
788 5470 917 5540 περὶ
947 5468 1056 5527 τῶν
1083 5471 1554 5545 προσδοκωμένων
1582 5477 1903 5551 λελάληκεν,

402 5647 454 5684 ιδ
473 5649 865 5721 Ezech.xxxvr,
890 5655 1074 5712 26-28.

2015 4852 2180 4908 quam
2225 4845 2419 4906 gentes
2460 4852 2583 4906 qua:
2616 4835 2791 4907 legem
2831 4851 2945 4889 non
2976 4831 3305 4887 habebant?
3338 4828 3421 4883 An
3459 4842 3598 4882 non-

2015 4926 2145 4979 dum
2179 4925 2347 4979 etiam
2379 4933 2509 4979 ante
2542 4924 2639 4979 Dei
2667 4924 2906 4994 populus
2952 4921 3120 4977 Israel
3161 4920 3288 4982 fuit,
3318 4933 3409 4985 an,
3450 4916 3598 4971 sicut

2016 5018 2285 5087 propheta
2330 5018 2644 5087 promittit,
2700 5022 2894 5086 postea
2945 5014 3185 5085 populus
3231 5011 3331 5067 Dei
3366 5011 3600 5065 voi'atus

2015 5117 2121 5174 est,
2151 5108 2246 5177 qui
2272 5123 2556 5178 nunquam
2582 5108 2738 5178 prius
2758 5107 2969 5162 fuerit?
2994 5106 3290 5174 Nunquam
3325 5117 3395 5157 ne
3424 5099 3592 5155 etiam

2017 5201 2111 5256 Dei
2140 5200 2407 5271 Spiritum
2441 5202 2678 5270 accepit,
2712 5215 2783 5254 an
2832 5207 3026 5269 postea
3081 5197 3250 5252 debet
3300 5192 3601 5264 accipere?

2015 5292 2240 5347 Frustra
2262 5291 2432 5363 igitur
2472 5300 2785 5361 exspectas,
2822 5306 2857 5345 ο
2888 5289 3146 5345 llerbane
3181 5287 3591 5344 amentissime.

2013 5381 2150 5437 Nam
2177 5382 2452 5453 propheta
2482 5381 2552 5438 de
2586 5381 2675 5438 bis
2699 5396 2822 5452 quas
2848 5380 3341 5452 exspectabantur,
3369 5378 3600 5435 locutus

2010 5486 2239 5543 est,non
2266 5476 2334 5532 de
2362 5476 2450 5532 his
2473 5474 2720 5548 quaejam
2746 5475 2960 5548 pridem
2984 5475 3388 5546 praeterieram,
3416 5471 3595 5530 absit!

1843 5757 2076 5815 NOTE.

401 5862 514 6004 (69;
544 5864 877 5932 Κρείττονα.
910 5866 1066 5924 Forte
1099 5872 1342 5942 κρεῖττον
1365 5871 1523 5931 εἶναι.
1556 5876 1758 5936 Gotox.

401 5930 493 6001 (70
544 5934 869 6004 Γενόμεθα.
901 5938 1061 5995 Forte
1081 5940 1390 6004 γενοίμεθα.
1425 5945 1500 6001 lo.

400 5930 514 6004 (70)
544 5930 869 6006 Γενόμεθα.
901 5938 1061 5995 Forte
1081 5930 1390 6013 γένοίμεοα.
1425 5945 1500 6001 lo.

2081 5879 2194 5950 (7|)
2217 5878 2330 5934 Τὸν
2346 5879 2494 5935 Θεὸν
2511 5878 2619 5934 τὸν
2632 5877 2823 5950 ἅγιον.
2838 5877 3001 5934 Forte
3022 5875 3095 5947 τῷ
3113 5872 3232 5950 Qui;
3246 5872 3327 5947 τῷ
3346 5872 3594 5946 ampla.

2082 5946 2193 6011 (7‘2)
2227 5950 2638 6014 Χρεωστεῖτιιι.
2672 5949 2863 6006 Scribe
2894 5948 3174 6011 γρεωστεῖ.
3210 5946 3287 5999 lo.
3606 5947 3617 5955 ‘
