4094 6534
527 424 637 493 699

598 636 806 693 HERB.
835 638 1056 697 Sumam
1086 659 1196 710 vos,
1236 644 1432 715 inquit,
1460 664 1524 704 ea:
1559 653 1820 720 gentibus,
1846 662 1896 709 et
1928 657 2102 710 addu-

526 746 647 784 cam
674 747 762 785 vos
791 731 847 784 in
867 741 1065 789 terram
1097 747 1327 790 uestram
1346 755 1366 793 :
1400 750 1455 794 et
1480 750 1534 794 tu
1569 744 1684 810 ipse
1708 747 2019 817 prodigiosa
2045 758 2104 804 et

525 831 837 879 monstrosa
869 826 1103 894 profers.
1128 828 1196 882 Et
1215 831 1521 887 habitabilis
1544 835 1599 888 in
1623 843 1770 891 terra
1789 856 1951 908 quam
1977 840 2100 896 dedi

524 914 763 980 patribus
786 919 970 970 vestris
995 934 1012 971 :
1036 927 1092 973 et
1127 929 1181 974 tu
1215 922 1331 991 ipse
1358 924 1537 979 aliena
1567 935 1624 980 et
1645 928 1885 984 absurda
1914 931 2099 986 decla-

523 1019 636 1057 ras.
678 1005 777 1060 Dic
799 1009 932 1063 mihi
967 1019 1024 1064 tu
1054 1011 1193 1081 ipse,
1234 1030 1304 1068 an
1330 1028 1523 1084 gentes
1559 1035 1629 1073 ex
1680 1022 1940 1089 gentibus
1966 1038 2100 1077 con-

521 1100 834 1165 gregaverit
866 1102 1149 1168 Dominus,
1180 1116 1242 1159 ut
1271 1106 1447 1161 dicis?
1468 1108 1565 1162 Dic
1585 1151 1600 1176 ,
1629 1119 1821 1180 gentes
1847 1113 2098 1169 habitare

519 1186 689 1243 faciet
722 1191 778 1244 in
804 1200 951 1248 terra
974 1205 1190 1264 patrum
1214 1200 1746 1268 suorum?Qua:nam
1778 1206 1924 1259 enim
1945 1215 2097 1262 coms

519 1282 825 1337 municatio
852 1288 1110 1356 gentibus
1131 1307 1255 1345 eum
1284 1292 1559 1348 Hebraeis?
1600 1294 1829 1350 Justane
1871 1306 1926 1353 et
1968 1314 2096 1354 vera

517 1372 678 1439 dicis,
706 1390 739 1430 ο
762 1379 1210 1451 archiepiscope?
1243 1385 1365 1438 Non
1395 1385 1509 1439 haec
1532 1387 1604 1441 ita
1621 1396 1771 1451 sunt,
1798 1404 1909 1444 non
1944 1400 2092 1445 sunt.

597 1464 654 1520 S.
694 1467 902 1524 ARCII.
944 1471 1163 1537 Dixisti,
1191 1475 1360 1529 Deum
1384 1487 1573 1545 gentes
1594 1494 1662 1533 ex
1694 1481 1952 1549 gentibus
1980 1484 2095 1538 ele-

470 1588 473 1589 ν
515 1565 739 1612 cturum
769 1575 909 1615 esse.
939 1562 1102 1627 Sane,
1127 1566 1273 1619 Deus
1300 1576 1491 1636 gentes
1521 1584 1589 1623 ex
1607 1571 1865 1639 gentibus
1901 1574 2087 1645 elegit.

514 1648 766 1715 Quonam
795 1653 997 1708 modo?
1031 1664 1222 1726 gentes
1249 1656 1443 1714 ﬁdeles
1461 1675 1527 1714 ex
1561 1660 1905 1719 inﬁdelibus.
1936 1665 2094 1731 Qum]

511 1748 699 1794 autem
723 1740 933 1805 dixisti,
957 1742 1248 1799 Dominum
1279 1746 1646 1802 deducturum
1682 1762 1872 1822 gentes
1905 1765 1964 1810 ut
1996 1757 2097 1812 ha-

1487 442 1551 502 S.
1582 441 2004 506 GREGENTII
2042 444 2280 509 EPISC.
2317 451 2845 516 TAPHARENSIS

2139 566 2183 621 Α
2211 565 2303 618 καὶ
2335 566 2459 637 οὐχὶ
2509 569 2619 622 τῶν
2658 569 2897 624 ἔκπαλαι
2947 573 3379 644 παρῳχηκότων,
3424 576 3499 649 μὴ
3537 579 3783 647 γένοιτο-ι

3679 466 3788 531 706

2273 656 2517 709 EPBAN.
2538 659 2622 727 Λή
2635 662 2813 727 grauat
2832 659 3006 737 ὑμᾶς,
3027 666 3182 731 φησι,
3203 666 3273 719 ἐκ
3298 666 3415 721 τῶν
3434 669 3647 737 ἐθνῶν,
3672 673 3776 726 καὶ

2203 745 2424 809 εἰσάξω
2458 746 2610 815 ὑμᾶς
2637 751 2725 814 εἰς
2758 734 3020 819 τῆν’γῆν
3066 751 3235 821 ὑμῶν
3257 770 3270 784 ·
3302 756 3397 808 καὶ
3432 758 3597 822 αὐτὸς
3623 734 3783 828 διαγ-

2203 836 2411 903 γέλλεις
2460 837 2747 894 ἀλλόκοτα.
2800 843 2909 894 Kal
2960 844 3350 908 κατοικήσετε
3392 847 3490 900 ἐπὶ
3526 848 3636 917 τῆς
3667 849 3784 921 τῆς

2198 924 2275 998 ἧς
2297 929 2490 986 ἔδωκα
2521 932 2644 998 τοῖς
2671 934 2971 1000 πατράσιν
2998 935 3184 1005 ὑμῶν.
3213 939 3323 991 Καὶ⁸
3354 940 3520 1003 αὐτὸς
3543 946 3780 1012 σαφηνί-

2201 1021 2315 1083 ζεις
2347 1021 2618 1092 ἀλλότρια.
2646 1024 2815 1089 Λέξον
2854 1044 2947 1096 μοι
2993 1027 3088 1081 οὖν
3117 1029 3305 1094 αὐτὸς,
3337 1030 3465 1103 ἔθνη
3510 1033 3571 1097 ἐξ
3606 1035 3780 1089 ἐθνῶν

2199 1105 2510 1174 ἀθροίσειεν
2545 1111 2651 1180 ἄρα
2685 1113 2908 1184 Κύριος,
2951 1116 3135 1180 καθὼς
3169 1117 3351 1186 λέγεις
3385 1136 3401 1186 ;
3439 1122 3595 1185 Εἰπὲ,
3646 1125 3776 1194 ἔθνη

2201 1202 2498 1253 κατοικοιεῖ
2534 1202 2594 1253 ἐν
2626 1204 2692 1273 τῇ
2719 1207 2790 1274 γῇ
2825 1205 2935 1257 τῶν
2966 1207 3221 1279 πατέρων
3258 1210 3441 1263 αὐτῶν
3473 1229 3487 1278 ;
3523 1214 3620 1277 Τίς
3665 1215 3776 1285 γὰρ

2198 1290 2452 1343 κοινωνία
2473 1290 2651 1345 ἔθνεσι
2676 1294 2813 1364 πρὸς
2855 1295 3140 1366 Ἐϐραίους
3170 1315 3185 1364 ;
3224 1300 3422 1354 Δίκαια
3449 1303 3702 1371 φάσκεις,
3728 1299 3774 1359 ὦ

2196 1382 2613 1450 ἁρχιεπίσκοπε.
2646 1386 2758 1438 Οὐκ
2791 1385 2937 1441 ἔστιν
2964 1386 3127 1450 οὕτω,
3160 1390 3261 1442 οὐκ
3292 1391 3462 1447 ἔστιν.

2269 1473 2377 1526 Καὶ
2409 1474 2450 1527 Ο
2493 1475 2716 1530 ΔΓΙΟΣ.
2770 1478 3012 1549 Εἴρηκας
3045 1481 3129 1533 ὅτι
3153 1481 3281 1551 ἔθνη
3315 1484 3374 1547 ἐξ
3406 1484 3576 1538 ἐθνῶν
3614 1487 3770 1541 ἐκλέ-

2198 1563 2346 1628 ξεται
2372 1566 2400 1617 ὁ
2426 1565 2577 1629 Θεός.
2620 1568 2748 1629 Ναὶ.
2788 1569 2916 1641 ἔθνη
2952 1568 3013 1635 ἐξ
3048 1571 3217 1625 ἐθνῶν
3265 1574 3570 1642 ἐξελέξατο.
3623 1579 3770 1649 Ποίιρ

2194 1657 2379 1727 τρόπῳ
2403 1673 2418 1723 ;
2443 1657 2510 1710 τὰ
2529 1660 2895 1714 πιστεύσαντα
2912 1661 3039 1733 ἔθνη
3061 1665 3168 1717 ἀπὸ
3181 1664 3290 1718 τῶν
3304 1666 3769 1727 ἀπιστευσάντωνι

2197 1749 2321 1802 Ὅτι
2349 1749 2406 1802 δὲ
2434 1750 2684 1823 εἴρηκας,
2738 1754 2819 1807 ὅτι
2852 1755 2961 1823 ἄρα
3008 1755 3136 1827 ἔθνη
3171 1763 3439 1812 κατοικιεί
3473 1762 3678 1832 Κύριος
3710 1765 3771 1818 ἐν

512 1828 707 1885 bitent.
748 1831 805 1887 in
847 1833 1126 1891 civitatem
1165 1837 1490 1905 Jerusalem,
1531 1854 1786 1912 tanquam
1838 1847 1893 1900 in
1946 1856 2082 1905 terra

2195 1841 2348 1895 πόλει
2414 1843 2790 1914 Ἰερουσαλὴμ,
2822 1846 2899 1909 ὼς
2926 1851 2995 1918 τῇ
3020 1850 3092 1918 γῇ
3114 1847 3226 1901 τῶν
3256 1851 3512 1921 πατέρων
3536 1828 3716 1906 αὐτῶν
3750 1870 3771 1887 ο

508 1928 730 1989 patrum
766 1938 1026 1992 suorum;
1067 1928 1114 1982 si
1157 1930 1349 1984 oculos
1388 1947 1498 1986 non
1530 1933 1778 2001 haberes,
1814 1938 1921 1993 hoc
1952 1942 2082 1996 mihi

2190 1936 2238 1987 εί
2266 1935 2366 1989 οὐκ
2386 1930 2533 2005 εἶχες
2556 1935 2871 2006 ὀφθαλμοὺς
2902 1939 3127 2008 ἐμέλετό
3170 1958 3262 2011 μοι
3314 1918 3452 2013 (73).
3516 1944 3771 2000 Ἀνάϐλε-

510 2020 644 2067 cura
691 2024 857 2069 esset.
909 2016 1017 2072 Sed
1060 2021 1291 2089 respice,
1328 2031 1384 2078 et
1422 2025 1568 2089 vide,
1617 2029 1896 2096 quomodo
1924 2031 2082 2102 629

2192 2025 2293 2093 ψον
2323 2025 2434 2097 γὰρ
2463 2026 2556 2080 καὶ
2587 2026 2687 2090 ἴδε,
2710 2029 2858 2091 ὅπως
2899 2031 3049 2082 πᾶσα
3095 2031 3455 2105 Ἰερουσαλὴμ
3502 2037 3769 2105 Χριστιαι-

507 2103 690 2160 omnis
724 2105 1025 2164 Jerusalem
1047 2109 1376 2168 Christianis
1404 2116 1610 2185 repleta
1632 2128 1735 2182 est,
1768 2136 1876 2175 non
1901 2135 2084 2179 autem

505 2192 729 2252 Judzeis.
754 2199 868 2255 Hoc
886 2202 1034 2256 enim
1064 2207 1347 2260 oraculum
1369 2208 1513 2277 quod
1538 2210 1849 2266 Abrahamo
1874 2214 2083 2271 editum

505 2298 591 2341 εει
608 2306 638 2344 a
659 2290 913 2357 Domino,
936 2292 1088 2361 Quod
1106 2295 1475 2353 benedicentur
1490 2301 1543 2354 in
1562 2310 1610 2354 te
1625 2320 1801 2359 omnes
1816 2318 1992 2377 gentes
2014 2309 2080 2375 “,

502 2379 757 2448 judicans
799 2383 945 2439 Deus
990 2385 1334 2456 adimplevit.
1381 2389 1538 2457 Quod
1597 2404 1783 2449 autem
1839 2398 2025 2454 dixisti
2064 2418 2077 2454 :

503 2464 635 2533 Quae
670 2474 1097 2530 communicatio
1128 2479 1386 2547 gentibus
1407 2495 1530 2535 cum
1565 2483 1826 2553 Hebraeis,
1852 2491 2082 2549 auribus

416 2574 422 2589 ·
503 2559 697 2629 accipe
724 2577 846 2630 qua:
878 2564 1046 2620 lsaias
1076 2568 1295 2624 locutus
1317 2580 1399 2625 est
1428 2590 1443 2626 :
1470 2573 1595 2628 Ηωε
1638 2577 1762 2631 dicit
1799 2584 2077 2651 Dominus,

503 2650 585 2703 ait
613 2668 626 2704 :
663 2651 793 2706 Ecce
842 2668 1259 2728 congregaturus
1289 2665 1435 2717 venio
1468 2680 1647 2721 omnes
1685 2678 1865 2739 gentes
1900 2683 1949 2727 et
1977 2674 2080 2728 lin-

499 2754 655 2810 guas.
705 2741 773 2795 Et
807 2746 1034 2810 venient,
1085 2758 1135 2801 et
1198 2751 1443 2806 videbunt
1496 2755 1726 2826 gloriam
1777 2778 1971 2818 meam.
2008 2765 2078 2819 Et

500 2831 799 2905 relinquam
824 2836 875 2890 in
899 2840 1025 2909 ipsis
1049 2841 1277 2911 signum,
1314 2852 1363 2897 et
1387 2848 1627 2902 emittam
1652 2867 1714 2904 ex
1745 2852 1873 2922 ipsis
1899 2857 2076 2912 salvos

2187 2117 2293 2171 νῶν
2326 2118 2703 2191 πεπλήρωται,
2733 2122 2828 2174 καὶ
2887 2121 3157 2176 Ἰουδαίων
3206 2125 3482 2196 οὐδαμῶς.
3537 2128 3609 2181 Τὸ
3654 2130 3768 2199 γὰρ

2186 2208 2365 2278 λόγιον
2407 2209 2586 2276 τοῦτο,
2621 2210 2651 2264 ὅ
2696 2212 2835 2283 πρὸς
2864 2212 3117 2284 Ἀϐραὰμ
3145 2216 3437 2287 εἰρημένον
3465 2220 3583 2271 ἐστι
3613 2219 3769 2291 παρὰ

2185 2303 2427 2375 Κυρίου,
2474 2305 2555 2359 ὅτι
2620 2308 3157 2376 Εὑλογηθήσονται
3202 2311 3273 2365 ἐν
3318 2314 3419 2367 σοὶ
3462 2314 3532 2368 δὲ
3569 2315 3768 2370 πάντα

2183 2396 2254 2451 τὰ
2281 2396 2449 2464 ἔθνη,
2474 2398 2669 2467 κρίνας
2690 2401 2718 2453 ὁ
2745 2399 2875 2463 Θεὸς
2898 2401 3348 2473 ἐκπεπλήρωκεν.
3384 2406 3507 2459 Ὀτι
3534 2408 3591 2461 δὲ
3614 2410 3769 2480 εῐρη-

2182 2505 2304 2552 κας,
2333 2488 2431 2552 Τίς
2456 2490 2713 2543 κοινωνία
2744 2490 2923 2545 ἔθνεσι
2954 2494 3093 2562 πρὸς
3131 2496 3442 2568 Ἐϐραίους,
3504 2500 3769 2558 ἐνώτισαιι

2180 2581 2300 2634 τίνα
2350 2583 2379 2635 ὁ
2442 2581 2671 2646 Ἡσαΐας
2723 2583 2989 2655 λελάληκε
3025 2602 3039 2617 ·
3100 2587 3246 2641 Τάδε
3297 2589 3461 2661 λέγει
3525 2595 3763 2663 Κύριος,

2180 2674 2334 2744 φησὶ,
2389 2673 2545 2728 ἰδοὺ
2591 2679 2962 2746 συναγαγεῖν
3018 2677 3265 2749 ἔρχομαι
3299 2683 3498 2738 πάντα
3524 2684 3595 2739 τὰ
3614 2687 3763 2755 ἔθνη

2178 2765 2277 2819 καὶ
2317 2765 2425 2832 τὰς
2460 2767 2748 2836 γλώσσας
2770 2784 2785 2800 ’
2822 2771 2919 2823 καὶ
2950 2770 3193 2838 ἥξουσι,
3224 2775 3324 2828 καὶ
3356 2762 3618 2845 ’ὄψονται
3647 2778 3766 2846 τὴν

2176 2854 2367 2919 δόξαν
2406 2874 2549 2925 μου,
2590 2856 2689 2910 καί
2724 2861 3069 2927 καταλείψω
3117 2861 3212 2914 ἐπ’
3249 2865 3449 2919 αὐτῶν
3482 2866 3775 2935 σημεῖον,.

498 2928 572 2982 ad
619 2938 797 2998 gentes
836 2929 900 2985 ".
946 2932 1014 2986 Et
1059 2935 1283 3004 quinam
1320 2953 1385 2993 ex
1428 2942 1880 3012 gentibus-salvi,
1938 2965 2076 3019 quos

2178 2948 2274 3002 καὶ
2300 2948 2688 3013 ἐξαποστελῶ
2742 2950 2811 3015 ἐξ
2864 2952 3063 3007 αὐτῶν
3091 2956 3524 3024 σεσωσμένους
3556 2961 3646 3023 εἰς
3687 2959 3764 3012 τὰ

497 3021 770 3078 Dominus
795 3024 1009 3080 mittet?
1052 3042 1235 3082 annon
1291 3027 1499 3086 Christi
1525 3040 1842 3103 pnecones?
1873 3039 1966 3109 qui
1991 3057 2075 3095 sa-

495 3111 785 3166 cerdotum
817 3114 1097 3185 principes
1125 3131 1155 3170 a
1180 3117 1467 3175 duodecim
1492 3124 1758 3191 apostolis
1779 3126 1979 3182 delecti
2004 3129 2072 3183 ad

495 3205 801 3273 pascendas
838 3206 1042 3277 ubique
1086 3222 1357 3265 terrarum
1389 3212 1597 3270 Christi
1629 3219 1937 3277 ecclesias?
1984 3222 2068 3276 Ex

495 3296 643 3365 ipsis,
669 3297 868 3367 inquit,
893 3302 1131 3355 emittam
1156 3315 1390 3358 servatos
1411 3305 1481 3358 ad
1500 3317 1699 3377 gentes,
1726 3311 1796 3365 ad
1820 3311 2065 3379 Tharsos,

496 3393 549 3437 et
585 3384 755 3448 Phud,
791 3400 837 3441 et
881 3388 1123 3456 Somoclt,
1162 3401 1208 3445 et
1244 3395 1313 3446 ad
1344 3394 1548 3463 Tltobel,
1576 3406 1625 3452 et
1658 3400 1713 3452 in
1748 3400 2005 3456 Crwciam
2023 3413 2071 3457 et

496 3480 552 3532 in
594 3477 797 3534 insulas
846 3480 1182 3553 longinquas,
1230 3501 1347 3554 qua:
1404 3503 1509 3540 non
1554 3489 1836 3546 audierunt
1882 3509 2071 3548 nomen

497 3587 673 3625 meum
706 3589 869 3642 neque
918 3573 1158 3627 viderunt
1187 3575 1416 3644 gloriam
1451 3594 1643 3633 meam.
1676 3579 1742 3634 Et
1775 3586 2071 3639 annuntia-

493 3663 625 3718 bunt
658 3663 886 3735 gloriam
911 3682 1083 3719 meam
1116 3667 1169 3719 in
1203 3669 1479 3737 gentibus:
1509 3678 1557 3721 et
1587 3671 1847 3725 adducent
1877 3675 2072 3744 fratres

493 3766 692 3812 vestros
740 3774 803 3812 ea:
843 3759 1079 3812 omnibus
1135 3761 1390 3830 gentibus,
1442 3779 1632 3817 munus
1665 3763 1910 3831 Domino,
1952 3786 2072 3824 cum

489 3852 644 3920 equis
691 3861 739 3903 et
781 3851 1018 3904 curribus
1071 3853 1137 3905 ”.
1191 3853 1454 3923 lntelligis
1493 3853 1680 3924 igitur,
1720 3872 1753 3909 ο
1794 3859 2069 3926 llerbane,

493 3943 640 4011 quod
683 3943 752 3998 de
809 3944 1050 3998 adventu
1100 3943 1306 4000 Christi
1360 3946 1647 4001 disserens
1687 3947 1908 4006 dilectis
1956 3953 2073 4008 Deo

492 4035 699 4093 Judzcis
733 4036 900 4091 Isaias
944 4037 1165 4091 dicebat
1199 4055 1211 4091 :
1240 4037 1508 4092 Adducent
1542 4039 1734 4107 fratres
1780 4052 1977 4098 vestros
2010 4062 2072 4099 ea:

494 4131 733 4185 omnibus
774 4129 1007 4200 gentibus
1052 4146 1241 4184 munus
1280 4129 1526 4185 Domino.
1572 4130 1750 4198 Quare
1789 4137 1883 4205 qui
1943 4146 2072 4193 ante

491 4221 794 4277 adventum
817 4221 1028 4275 Christi
1062 4222 1254 4277 ﬁdeles
1277 4221 1473 4288 Judaei,
1504 4232 1562 4277 et
1584 4224 1677 4293 qui
1704 4236 1915 4295 postea,
1945 4244 2071 4283 cum

490 4311 648 4365 venit
678 4310 952 4374 Christus,
975 4310 1336 4365 crediderunt
1361 4310 1415 4364 in
1443 4314 1645 4381 ipsum,
1675 4324 1732 4369 et
1752 4317 2071 4389 quicunque

491 4418 574 4460 ex~
597 4402 855 4473 gentibus
879 4402 1239 4457 crediderunt
1265 4402 1435 4468 Patri,
1469 4414 1526 4459 et
1556 4404 1720 4471 Filio,
1754 4417 1810 4462 et
1836 4408 2069 4480 Spiritui

493 4506 710 4562 sancto,
753 4495 952 4551 fratres
1009 4505 1160 4560 sunt,
1209 4497 1675 4566 quemadmodum
1720 4508 1951 4559 testatus
1987 4513 2071 4559 est

2174 3039 2343 3106 ἔθνη.
2369 3041 2477 3093 Καὶ
2497 3041 2641 3105 τίνες
2670 3044 2718 3096 οἱ
2746 3042 2806 3107 ἐξ
2836 3043 3006 3097 ἐθνῶν
3024 3045 3390 3115 σεσωσμένοι,
3416 3047 3512 3112 οὒς
3531 3051 3767 3104 ἀποστει⁵

2174 3131 2259 3184 λεί
2296 3132 2525 3199 Κύριος,
2558 3133 2671 3187 ἀλλ’
2706 3135 2738 3205 ἢ
2773 3135 2823 3189 οἱ
2871 3137 3114 3207 κήρυκες
3155 3139 3389 3209 Χριστοῦ
3418 3170 3441 3207 ν,
3489 3143 3539 3194 οἱ
3572 3143 3766 3214 ίεράρ-

2095 3252 2137 3309 C
2174 3239 2265 3293 χαι
2309 3224 2463 3293 παρὰ
2507 3224 2617 3277 τῶν
2665 3224 2877 3279 δώδεκα
2923 3228 3244 3283 ἀποστόλων
3288 3234 3765 3305 χειροτονηθέντες

2177 3314 2493 3384 ποιμαίνειν
2541 3316 2640 3379 τὰς
2674 3318 2993 3388 ἁπανταχοῦ
3020 3320 3320 3391 ἐκκλησίας
3344 3322 3441 3376 τοῦ
3471 3325 3709 3395 Χριστοῦ
3741 3345 3763 3394 ;

2175 3406 2272 3471 Ἐξ
2287 3406 2504 3472 αὐτῶν,
2523 3427 2595 3477 φη
2605 3409 2678 3471 at,
2694 3409 3084 3473 ἐξαποστελῶ
3114 3415 3546 3485 σεσωσμένους
3568 3420 3657 3485 είς
3685 3420 3769 3474 τὰ

2173 3499 2340 3566 ἔθνη,
2399 3503 2487 3565 είς
2545 3500 2831 3570 Τάρσους,
2876 3504 2975 3557 καὶ
3036 3505 3216 3567 eoos,
3251 3509 3347 3561 καί
3384 3511 3581 3579 Σομὸχ
3620 3511 3757 3582 (τι),

2174 3590 2272 3645 καὶ
2293 3592 2381 3656 είς
2416 3591 2625 3658 Θοϐἐλ,
2656 3593 2753 3646 καί
2780 3595 2869 3660 εις
2899 3595 3012 3660 τὴν
3050 3597 3330 3663 Ἐλλάδα,
3372 3599 3471 3654 καὶ
3523 3604 3612 3668 εὶς
3649 3603 3758 3668 τὰς

2173 3679 2407 3749 νήσους
2441 3683 2546 3749 τὰς
2584 3684 2805 3751 πόῤῥω.
2858 3684 2922 3739 αἲ
2950 3687 3060 3740 οὐκ
3117 3688 3421 3755 ἀκηκόασί
3458 3708 3581 3758 μου
3638 3691 3763 3760 τὴν

2173 3770 2363 3837 δόξαν
2418 3774 2527 3844 (75)
2561 3791 2575 3806 ⁸
2633 3776 2731 3828 καὶ
2761 3776 3167 3845 ἀναγγελοῦσι
3189 3779 3304 3846 τὴν
3324 3780 3514 3845 δόξαν
3534 3801 3654 3852 μου
3683 3784 3766 3838 ἐν

2172 3863 2296 3930 τοῖς
2338 3866 2565 3929 ἔθνεσι,
2616 3866 2714 3919 καὶ
2744 3866 2963 3930 ἄξουσι
2993 3868 3134 3935 τοὺς
3159 3871 3462 3942 ἀδελφοὺς
3492 3876 3660 3944 ὑμῶν
3684 3878 3756 3932 ἐκ

2173 3957 2416 4009 πάντων
2464 3954 2584 4009 τῶν
2609 3957 2820 4022 ἐθνῶν,
2852 3957 3044 4025 δῶρον
3065 3957 3144 4025 τῷ
3165 3964 3380 4029 Κυρίῳ,
3401 3966 3532 4033 μεθ’
3553 3966 3763 4021 ἵππων

2173 4048 2273 4102 καὶ
2307 4047 2603 4117 ἁρμάτων.
2637 4049 2935 4120 Προσέχεις
2965 4052 3077 4119 ('16)
3107 4054 3422 4122 τοιγαροῦν,
3452 4050 3498 4109 ὧ
3527 4057 3750 4127 Ἐρσᾶν,

2172 4139 2272 4207 τῆς
2310 4137 2614 4209 παρουσίας
2652 4138 2767 4210 (77)
2818 4138 2912 4192 τοῦ
2966 4142 3227 4211 Χριστοῦ,
3280 4144 3583 4215 ἀγαπητοῖς
3631 4148 3753 4220 Θεῷ

2187 4229 2459 4293 Ἰουδαίοις
2480 4230 2863 4301 διαλεγόμενος
2883 4234 2912 4284 ὁ
2949 4233 3177 4297 Ἡσαΐας
3197 4234 3436 4303 ἔφασκεν
3454 4254 3468 4269 ο
3496 4240 3762 4303 ’Δξουσιι

2173 4322 2315 4387 τοὺς
2357 4320 2661 4391 ἀδελφοὺς
2706 4324 2846 4389 τοὺς
2898 4323 2968 4389 ἐξ
3011 4324 3180 4395 ὑμῶν
3218 4327 3288 4380 ἐκ
3337 4327 3581 4383 πάντων
3631 4329 3752 4385 τῶν

2171 4414 2384 4482 ἐθνῶν,
2423 4414 2614 4485 δῶρον
2642 4414 2722 4480 τῷ
2744 4416 2959 4485 Κυρίῳ.
2994 4418 3157 4471 Ὥστε
3190 4420 3238 4473 οἱ
3271 4420 3378 4491 πρὸ
3411 4421 3515 4492 τῆς
3541 4439 3757 4493 παρου-

2175 4510 2298 4573 σίας
2354 4509 2447 4563 τοῦ
2496 4509 2741 4581 Χριστοῦ
2802 4512 2988 4563 πιστοὶ⁵
3037 4510 3310 4578 Ἰουδαῖοι,
3363 4514 3457 4567 καὶ
3506 4516 3555 4567 οἱ
3606 4514 3759 4585 μετὰ-

491 4590 682 4645 Isaias.
709 4589 790 4644 'l‘u
823 4605 955 4645 vero
974 4589 1255 4658 quomodo
1286 4589 1494 4655 dixisti,
1526 4589 1785 4658 Quaenam
1820 4612 2067 4654 conmm-

2178 4601 2366 4665 ταῦτα,
2396 4601 2640 4664 ἐλθόντος
2666 4600 2757 4654 τοῦ
2795 4601 3053 4671 Χριστοῦ,
3091 4607 3486 4667 πιστεύσαντες
3530 4605 3611 4667 είς
3650 4606 3756 4658 ab-

493 4684 639 4738 nitas
672 4682 930 4753 gentibus
970 4698 1096 4737 cum
1131 4682 1418 4738 Hebraeis?
1460 4684 1674 4739 Hebraei
1717 4696 1901 4743 autem
1943 4706 2064 4748 ore-

492 4775 688 4830 dentes
716 4773 956 4838 Christo,
983 4772 1426 4828 honorabiliores
1457 4784 1752 4831 censentur
1782 4777 1850 4832 iis
1873 4781 1967 4849 qui
1999 4797 2066 4838 ex

491 4866 750 4936 gentibus
773 4864 992 4919 Christo
1027 4863 1284 4918 credunt.
1308 4861 1364 4917 Si
1397 4862 1583 4933 igitur,
1615 4880 1648 4919 ο
1682 4865 1931 4936 demens,
1954 4887 2065 4927 non

489 4976 560 5016 ex
590 4976 689 5016 usu
715 4968 772 5014 et
801 4957 1141 5027 experientia
1169 4956 1387 5025 loquor,
1420 4957 1706 5028 redargue.

2172 4694 2286 4759 τὸν,
2325 4694 2421 4747 καὶ
2465 4693 2578 4745 ὅσοι
2615 4691 2723 4746 ἀπὸ
2750 4690 2858 4744 τῶν
2891 4692 3063 4746 ἐθνῶν
3085 4693 3414 4749 ἐπίστευσαν
3440 4695 3519 4764 τῷ
3546 4698 3743 4767 Πατρὶ,

2170 4784 2268 4836 καὶ
2328 4779 2406 4851 τῷ
2448 4780 2585 4849 Υἱῷ,
2642 4779 2737 4833 καὶ⁸
2782 4779 2860 4851 τῷ
2903 4781 3041 4852 ἁγίῳ
3077 4781 3373 4851 Ηνεύματι,
3403 4783 3621 4854 ἀδελφοὶ
3650 4803 3755 4839 πε-

2170 4874 2398 4944 φύκασι,
2435 4872 2579 4926 καθὰ
2622 4874 2719 4925 καὶ
2770 4873 2995 4937 Ἡσαΐας
3059 4874 3507 4944 μεμαρτύρηκεν.
3564 4877 3637 4929 Σὺ
3688 4876 3751 4930 ss

2171 4967 2309 5037 ποίῳ
2356 4966 2543 5035 τρόπῳ
2594 4964 2861 5035 εἴρηκας,
2910 4963 3006 5027 Τίς
3060 4963 3315 5017 κοινωνία
3377 4964 3556 5018 ἔθνεσι
3608 4967 3755 5037 πρὸς,

502 5049 833 5120 Ἐϐραίους;
884 5047 1122 5115 Ἑϐραῖοι
1157 5045 1213 5098 δέ
1253 5045 1642 5111 πιστεύσαντες
1690 5048 1770 5119 τῷ
1819 5052 2060 5126 Χριστῷ,
2097 5055 2418 5127 τιμιώτεροι
2474 5051 2816 5121 καθορῶνται
2843 5051 2951 5104 τῶν
2977 5050 3087 5105 ἀπὸ
3148 5051 3258 5104 τῶν
3300 5051 3471 5106 ἐθνῶν
3524 5068 3746 5108 πιστευέ

489 5144 662 5197 ὀντων
697 5140 773 5211 τῷ
805 5138 1045 5211 Χριστῷ.
1094 5140 1222 5193 Ἐὰν
1266 5138 1360 5194 οὖν
1421 5141 1494 5211 μὴ
1536 5142 1865 5215 φθέγγωμαι
1922 5152 2064 5205 κατὰ
2102 5154 2322 5223 πεῖραν,
2358 5147 2597 5217 ἔλεγξον,
2621 5141 2666 5199 ὦ
2695 5145 2916 5216 ἀνόητε.

560 5233 765 5289 HEBB.
805 5233 953 5287 Vivit
993 5233 1259 5290 Dominus
1304 5235 1470 5300 Deus,
1517 5234 1682 5291 laudo
1728 5246 1820 5295 tua
1867 5244 2059 5310 verba,

2240 5242 2485 5298 EPBAN.
2524 5238 2761 5295 Ἐπαινῶ
2791 5255 2907 5303 σου,
2943 5237 3026 5303 ζεῖ
3061 5238 3177 5308 (78)
3211 5236 3414 5311 Κύριος
3438 5241 3465 5294 ὁ
3490 5239 3646 5308 Θεὸς,
3670 5240 3754 5295 τὰ.

562 5368 606 5399 ⁸⁸
645 5366 783 5423 Gen.
823 5383 916 5435 xu,
947 5369 1000 5423 5.
1076 5368 1120 5401 δ’
1157 5369 1259 5424 lsa.
1295 5385 1437 5435 var,
1475 5370 1560 5435 18,
1609 5370 1689 5426 ξ9.
1767 5373 1813 5407 ’⁵³
1852 5376 1985 5432 ibid.
2021 5379 2210 5433 19-20.

589 5644 675 5724 7})
701 5644 998 5724 Kul_?oi_16
1016 5644 1126 5724 rgat
1161 5644 1576 5719 ΣολιιόχᾘΙᾸΧ,
1607 5658 1701 5709 καὶ
1747 5655 1905 5724 Φοὺδ,
1965 5659 2062 5713 καὶ

490 5712 667 5777 Λοῦδ,
684 5715 777 5769 καὶ
797 5715 1008 5786 Μοσόχ.
1043 5716 1116 5772 lb.

567 5786 679 5859 (75)
721 5785 808 5859 έΔτ
835 5788 946 5840 οὐκ
973 5787 1071 5859 die.
1096 5858 1103 5859 ί
1126 5806 1243 5858 μου
1271 5790 1387 5856 τὴν
1419 5792 1548 5859 δόξ’.
1572 5794 1737 5851 LXX.
1760 5794 1810 5849 οἳ
1836 5798 1937 5853 οὐκ
1964 5799 2056 5858 dx.

495 5872 600 5927 μου
632 5856 693 5911 τὸ
715 5855 913 5931 ὄνομα,
938 5856 1057 5913 οὐδὲ
1086 5855 1361 5937 sapam:
1385 5880 1488 5935 μου
1505 5855 1607 5937 τὴν
1639 5866 1819 5934 δόξαν.
1861 5868 1939 5925 In.

588 5575 673 5645 '73)
719 5573 994 5641 Ἐμέλετό
1012 5593 1133 5645 μοι.
1166 5579 1366 5648 Ἐμελέ
1400 5599 1509 5651 μοι.
1539 5584 1741 5640 GULox.

562 5576 675 5733 27.4)
701 5644 998 5733 και-φοίβδ
1027 5646 1126 5733 θεαὶ
1161 5651 1379 5719 Σομόχ.
1410 5652 1576 5718 LXX,
1607 5658 1701 5709 καὶ

2038 5972 2068 5987 ς

1996 5495 2233 5552 NOTAE.

2240 5587 2352 5661 (76)
2382 5588 2494 5642 Kal
2523 5586 2815 5661 ἁρμάτων.
2849 5586 3031 5661 Πρόσ.
3057 5582 3224 5661 LX_X_.
3255 5581 3747 5661 xa‘tﬁpudtmvﬁv

2164 5654 2481 5730 λαμπήναις
2536 5654 2813 5730 ἡμιόνωνῇ
2838 5658 2989 5730 μετὰ.
3024 5654 3282 5708 σκιαδίων
3328 5654 3537 5725 είςτὴν
3570 5655 3741 5727 ἁγίαν

2165 5726 2354 5811 πόλιν(
2364 5726 2671 5811 ’[ερουσαλή
2680 5745 2756 5811 μλ
2769 5728 2937 5799 Προσ.
2951 5726 3064 5811 ‘10;

2235 5798 2347 5869 (77)
2384 5792 2495 5866 Τῆς
2523 5792 2975 5869 πυρξξὌτίπερι
3001 5794 3101 5866 τῆς
3131 5808 3262 5865 παρ.
3289 5792 3368 5849 In.

2232 5867 2347 5944 (78)
2379 5869 2501 5931 Ζεῖ,
2538 5870 2635 5943 Ζῇ.
2668 5867 2747 5924 le.
