4088 6540
306 459 409 530 701

1255 470 1718 536 DISRUTATIO
1754 477 1914 538 CUM
1954 481 2317 544 HERBANO
2353 475 2639 543 JUDEO.

3466 466 3575 538 702

308 577 529 647 ῥήματα
568 578 625 631 ὲν
670 577 886 633 συνέσει
939 579 1327 653 ὲξηγούμενα,
1369 587 1466 640 καὶ
1502 589 1655 643 κατὰ⁴
1694 593 1891 664 πεῖραν

2000 610 2118 663 quin
2183 610 2310 649 cum
2369 591 2738 663 intelligentia
2813 598 2870 644 et
2937 588 3276 660 experientia
3330 589 3573 643 maxima

308 668 600 740 μεγίστην.
638 670 819 742 Πλὴν,
842 672 1007 725 πάλιν
1044 672 1197 742 λέγει
1234 674 1467 743 Ἡσαΐας
1492 693 1507 709 ο
1559 677 1704 735 Εἷπε
1767 683 1888 736 Κύ-

297 777 455 828 ριος,
490 762 679 831 φησὶν,
701 761 933 829 Ἐξάξω
952 766 1019 819 τὸ
1051 766 1122 831 ἐξ
1156 766 1372 823 Ἰακὼὸ
1396 770 1657 840 σπέρμα,
1683 773 1785 827 καὶ
1823 774 1888 828 τὸ

304 850 376 917 ἐξ
424 852 657 920 Ἰούδα,
704 856 804 910 καὶ
859 860 1307 928 κληρονομήσει
1358 861 1426 915 τὸ
1486 863 1625 932 ὅρος
1663 883 1785 934 μου
1825 866 1892 920 τὸ

307 943 503 1014 ἄτιον.
542 947 695 1001 Ἐπεὶ
741 944 833 1002 οὖν
871 949 1241 1022 κληρονομίαν
1272 953 1506 1009 δέδωκεν
1537 957 1671 1026 ἡμῖν
1706 961 1735 1011 ὁ
1758 957 1895 1022 Θεὸς

306 1037 407 1109 τὴν
450 1037 834 1111 Ἰερουσαλὴμ,
861 1043 947 1107 τίς
975 1046 1003 1097 ὁ
1028 1045 1330 1114 ἀντιλέγων
1363 1063 1378 1114 ;
1414 1048 1561 1119 Πρὸς
1588 1049 1764 1121 βραχὺ
1796 1051 1894 1103 καὶ

307 1131 396 1184 ἐπ’
424 1131 606 1199 ὀλίγον
636 1132 1040 1205 ὲξεδιὼχθημεν
1070 1153 1084 1168 ο
1113 1136 1230 1191 ἀλλ’
1264 1136 1358 1193 οὖν
1390 1141 1579 1205 πάλιν,
1612 1138 1788 1210 οἶμαι,
1824 1142 1897 1196 τὰ

307 1225 470 1296 ἡμῶν
499 1226 899 1298 ἀποληψόμεθα
922 1228 1011 1303 ἂν,
1052 1230 1148 1284 καὶ
1176 1230 1277 1305 διλη
1288 1236 1671 1307 ρονομήσομεν
1691 1238 1893 1303 πάντα,

309 1315 385 1381 ὡς
415 1316 480 1371 τὸ
511 1319 610 1371 ἀπ’
637 1320 836 1392 ἀρχῆς.

383 1409 497 1463 Καὶ
519 1412 561 1464 0
591 1411 805 1470 ΔΓΙΟΣ.
831 1413 889 1468 '0
945 1416 1109 1481 αὐτὸς
1150 1419 1382 1484 Ἡσαΐας
1417 1419 1609 1492 σαφῶς
1652 1439 1897 1494 προκατ-

311 1503 561 1573 ήγγειλε.
610 1506 749 1578 Φησί⁵
800 1512 928 1581 γὰρ,
993 1511 1393 1584 Ἀνενέγκωσί
1442 1532 1546 1585 μοι
1610 1516 1681 1569 ἐν
1745 1516 1900 1584 υἱοῖς

325 1594 580 1666 Ἰσραὴλ
608 1601 665 1654 ol
702 1600 773 1665 ἐξ
807 1600 1004 1657 ἐθνῶν
1060 1604 1169 1672 τὰς
1226 1606 1447 1673 θυσίας
1504 1607 1707 1662 αὐτῶν
1746 1611 1900 1678 μετὰ

312 1690 575 1760 ψαλμῶν
600 1696 689 1761 εἰς
734 1694 843 1748 τὸν
890 1692 1061 1751 οἶκόν
1090 1716 1234 1767 μου,
1272 1699 1370 1753 καὶ
1410 1699 1510 1753 ἀπ’
1538 1700 1738 1755 αὐτῶν
1782 1700 1898 1769 λή-

313 1786 504 1854 ψομαι
531 1787 662 1856 ἐμοὶ
684 1788 861 1857 ἱερεῖς
892 1791 990 1845 καὶ
1021 1793 1296 1858 Λευίτας.
1323 1794 1465 1862 Ὅρα
1494 1792 1613 1857 πῶς
1634 1797 1662 1847 ὁ
1686 1792 1902 1865 πληρὼο

316 1895 418 1942 σας
447 1879 543 1961 τὸν
581 1880 744 1952 νόμον
775 1882 1007 1952 Κύριος,
1037 1885 1133 1937 καὶ
1157 1883 1256 1956 τὴν
1277 1883 1583 1955 ἐναλλαγὴν
1604 1884 1705 1955 τῆς
1736 1886 1895 1956 ἱερω-

315 1955 485 2041 σύνης
531 1941 913 2045 προδεδήλωκε
948 1941 1037 2027 έιὰ
1070 1974 1180 2028 τῶν
1213 1941 1751 2046 ’προφητῶνιαῦτοί
1781 1941 1892 2028 lfal
1933 1941 1975 1996 Β

314 2063 417 2117 ἀπ’
438 2064 659 2130 αὐτῶν,
694 2067 848 2137 φησὶ,
864 2066 1135 2136 λήψομαι
1152 2068 1280 2136 ἐμοὶ
1302 2068 1479 2137 ἱερεῖς
1498 2067 1594 2123 καὶ
1622 2069 1899 2135 Λευίτας,

312 2155 478 2226 λέγει
516 2157 754 2226 Κύριος.
810 2159 964 2212 Ἐπεὶ
1012 2158 1107 2213 οὖν
1165 2159 1340 2228 λέγει,
1366 2161 1417 2213 τί
1461 2157 1554 2215 οὖν
1583 2160 1774 2215 λοιπὸν
1810 2178 1901 2214 κε-

311 2243 494 2310 λεύεις
521 2248 717 2314 αὑτός;
747 2249 858 2302 Ὃν
885 2249 1131 2317 τρόπον,
1157 2252 1346 2318 φησὶν,
1374 2250 1549 2304 ἔσται
1574 2254 1607 2305 ό
1639 2250 1901 2323 οὑρατςὸς

310 2336 546 2403 καινὸς,
588 2338 687 2391 καὶ
717 2339 755 2405 ἠ
788 2336 862 2407 γῆ
892 2336 1092 2405 καινὴ,
1129 2336 1168 2392 ἂ
1196 2338 1313 2409 ἐγὼ
1362 2338 1512 2393 ποιῶ
1530 2342 1742 2409 μένειν
1800 2342 1900 2395 ἐν·

310 2427 503 2480 ώπιόν
514 2445 657 2495 μου,
679 2428 842 2499 λέγει
856 2428 1093 2496 Κύριος,
1115 2428 1304 2494 οὕτως
1318 2428 1611 2495 στήσεται
1629 2431 1693 2485 τὸ
1716 2431 1901 2500 σπέρ-

306 2535 395 2590 μα
434 2519 625 2590 ὑμῶν,
680 2521 781 2576 καὶ
845 2523 911 2577 τὸ
972 2523 1165 2593 ὄνομα
1193 2519 1399 2592 ὑμῶν’
1430 2523 1577 2576 τοῦτ’
1634 2524 1752 2577 ἔστι
1809 2525 1898 2578 διὰ

312 2613 555 2677 πίστεως
600 2615 840 2683 Χριστοῦ
862 2632 876 2647 ⁸
914 2616 970 2669 οἵ
1006 2616 1157 2681 τινές
1192 2618 1332 2670 εἰσιν
1356 2619 1407 2671 οἱ
1439 2616 1498 2683 ἐξ
1530 2617 1690 2688 ἡμῶν
1731 2635 1897 2673 πεπι-

316 2706 607 2770 στευκότες
630 2706 709 2778 τῷ
741 2708 984 2780 Χριστῷ.
1018 2708 1127 2762 Kal
1159 2709 1356 2775 ἔσται,
1388 2707 1526 2779 φησὶ
1546 2750 1560 2772 ,
1586 2708 1756 2777 μῆνα
1785 2709 1897 2779 (79)

313 2798 385 2852 ἐκ
431 2799 650 2868 μηνὸς,
678 2800 779 2863 τὰς
844 2799 1094 2864 ποικίλας
1142 2799 1338 2870 ἑορτὰς
1395 2798 1505 2851 τῶν
1558 2800 1900 2872 Χριστιανῶν

315 2892 622 2962 ἐμφαίνων.
662 2893 772 2947 Καὶ
802 2891 1111 2947 Σαϐϐαῖον
1132 2892 1202 2945 ἐκ
1232 2890 1559 2956 Σαόὄάτου,
1579 2893 1633 2945 αἱ
1662 2894 1901 2947 ἀναστά-

319 3000 476 3053 σιμαι
510 2984 734 3054 ἡμέραι.
768 2983 874 3037 Kal
907 2983 1041 3052 ἣξει
1064 3027 1080 3051 ,
1112 2983 1280 3056 φησὶ,
1310 2983 1479 3038 πᾶσα
1522 2984 1679 3053 σὰρξ
1707 3000 1898 3054 προσ-

316 3072 582 3143 κυνῆσαι
616 3075 728 3146 (80)
761 3075 1020 3130 ἐνώπιόν
1057 3094 1176 3145 μου
1204 3076 1277 3129 ἑν
1309 3073 1697 3144 Ἰερουσαλὴμ
1720 3114 1736 3138 ,
1770 3072 1901 3129 εἶπε

315 3167 553 3235 Κύριος.
618 3168 937 3240 Προσέχεις,
1003 3169 1201 3237 ἀνόητε
1260 3168 1431 3239 (81);
1471 3166 1647 3223 Πᾶσα
1693 3168 1894 3237 σὰρξ,

318 3257 508 3327 φησὶν,
544 3257 699 3325 ἣξει.
742 3259 802 3313 Ὀ
846 3258 1007 3326 λέξας
1048 3259 1177 3329 ὑμῖν
1211 3261 1324 3321 τοῖς
1369 3259 1665 3325 Ἰουδαίοις,
1701 3260 1784 3313 ὅτι
1821 3261 1895 3313 Οὐ
1926 3285 1968 3342 c

319 3348 675 3414 συναλλάξεις
706 3352 763 3403 ἐν
793 3351 970 3404 οὐδενὶ
1002 3352 1141 3420 μετὰ
1173 3350 1412 3416 ὲθνικοῦ,
1442 3351 1505 3404 οὐ
1536 3352 1897 3422 πραγματεύ-

321 3453 391 3511 an
447 3442 567 3509 μετ’
613 3439 800 3505 αὐτοῦ,
833 3441 894 3494 οὐ
920 3442 1103 3512 φάγῃς
1126 3481 1141 3505 ,
1169 3443 1231 3494 οὐ
1263 3442 1416 3512 πίῃς,
1442 3442 1536 3494 καὶ
1562 3443 1631 3495 τὰ
1655 3442 1786 3513 ἑξῆς
1814 3460 1827 3472 ’
1869 3444 1898 3496 ὁ

317 3532 480 3595 αὐτὸς
502 3532 867 3600 λέγει,“Ἠξει,
903 3535 1057 3603 φησι,
1088 3533 1258 3589 πᾶσα
1286 3532 1443 3602 σὰρξ
1473 3535 1899 3605 προσκυνῆσαι

318 3618 578 3674 ἐνώπιόν
600 3639 722 3691 μου
753 3622 823 3675 ἐν
863 3622 1294 3692 Ἰερουσαλὴμ,
1318 3624 1480 3689 λέγει
1514 3625 1732 3693 Κύριος
1751 3668 1765 3691 ,
1797 3626 1897 3681 καὶ

317 3711 770 3776 ἐξελεύσονται,
805 3714 905 3767 καὶ
935 3713 1190 3783 ὄψονται
1221 3714 1296 3769 τὰ
1328 3713 1499 3769 κῶλα
1527 3715 1647 3769 τῶν
1669 3716 1897 3785 ἀνθρώ-

319 3816 483 3867 πων,
512 3806 679 3875 ἤγουν
722 3806 793 3859 τὰ
840 3807 976 3860 ὀστᾶ
1030 3806 1140 3861 τῶν
1196 3806 1752 3878 προτελευτησάντων
1806 3809 1899 3862 καὶ

318 3898 880 3967 προκατοικησάντων
933 3899 991 3950 ἐν
1031 3899 1109 3969 τῷ
1155 3899 1305 3970 τόπῳ
1336 3897 1532 3969 ἐκείνῳ
1567 3899 1900 3969 παρανόμων

329 3983 619 4040 Ἰουδαίων.
660 3985 778 4040 Ἵνα
805 3987 864 4040 δὲ
898 3990 1089 4060 συνιῇς
1130 3991 1158 4042 ὁ
1191 3987 1269 4059 μὴ
1298 3987 1519 4052 συνιὼν,
1550 3989 1633 4041 ὃτι
1674 3988 1762 4042 διὰ
1801 3987 1901 4053 τὰς

317 4077 595 4149 ἁμαρτίας
619 4074 786 4133 αὐτοῦ
803 4078 1031 4150 ἀπώσθη
1059 4080 1293 4152 Ἰσραὴλ,
1316 4079 1403 4134 διὰ
1430 4080 1485 4134 δὲ
1515 4083 1609 4134 καὶ
1636 4084 1696 4134 τὸ
1721 4081 1900 4151 ἄχρηο

320 4185 444 4222 στον
491 4168 660 4223 αὐτοῦ
713 4168 981 4243 ἐμισήθη,
1035 4172 1132 4226 xal.
1182 4172 1459 4243 παρεδόθη
1517 4174 1597 4235 εἰς
1651 4171 1899 4242 παντελῆ

314 4257 615 4325 ἀπώλειαν,
648 4261 708 4314 οὐ
767 4261 928 4330 μόνον
961 4263 1020 4314 ὲν
1060 4261 1138 4333 τῷ
1173 4261 1269 4316 νῦν
1315 4261 1497 4324 αἰῶνι,
1523 4262 1640 4315 ἀλλ’
1669 4261 1702 4333 ἢ
1731 4263 1788 4315 ὲν
1821 4261 1900 4333 τῷ

319 4350 591 4422 μέλλοντι,
627 4353 927 4423 ἐπήγαγεν,
963 4355 1069 4417 ὅτι,
1104 4352 1227 4408 Τῶν
1248 4356 1752 4424 παρασεσηκότων
1794 4355 1901 4422 τὰς

313 4441 573 4510 ἐντολὰς
601 4443 709 4499 τοῦ
732 4444 921 4515 νόμου
941 4460 956 4475 ⁸
988 4446 1211 4510 ὄψονται
1232 4446 1344 4517 γὰρ
1372 4448 1421 4500 οἱ
1458 4449 1522 4501 ὲκ
1546 4447 1730 4519 πάσης
1762 4464 1900 4518 σαρ-

315 4534 411 4597 κὸς
463 4535 749 4606 ἐρχόμενοι
801 4537 1179 4608 προσκυνῆσαι
1238 4536 1315 4607 τῷ
1363 4536 1483 4606 Θεῷ
1523 4537 1611 4591 διὰ
1662 4537 1900 4601 πίστεως

1992 684 2311 754 cXprimunt
2334 691 2392 739 et
2417 682 2736 754 explanant.
2767 681 3160 735 Verumtamen
3193 679 3327 735 dicit
3366 678 3569 734 Isaias:

1993 775 2140 830 Dixit
2170 775 2450 841 Dominus,
2484 774 2665 844 inquit
2691 790 2704 826 :
2741 772 2978 827 Educam
3010 787 3075 826 ea:
3107 771 3269 826 Jacob
3294 787 3493 833 semen,
3524 776 3577 823 et

1995 887 2059 925 ea:
2085 869 2250 933 Juda,
2298 876 2347 922 et
2376 866 2707 922 haereditabit
2747 874 2974 919 montem
3026 881 3196 918 meum
3238 872 3478 917 sanctum
3507 862 3575 916 “.

1996 963 2151 1031 Quod
2185 963 2355 1033 igitur
2401 959 2781 1014 haereditatem
2831 957 2987 1012 dedit
3031 956 3193 1011 nobis
3225 956 3371 1010 Deus
3414 954 3578 1009 Jeru-

1997 1056 2192 1117 salem,
2222 1052 2347 1124 quis
2372 1050 2746 1105 contradicit?
2766 1049 2849 1104 Ad
2868 1049 3035 1103 breve
3057 1057 3113 1102 et
3134 1048 3411 1102 modicum
3442 1056 3582 1099 tem-

1999 1160 2104 1215 pus
2135 1158 2328 1198 sumus
2370 1140 2533 1211 ejecti
2576 1148 2633 1195 et
2662 1140 2879 1209 depulsi
2921 1157 2935 1193 :
2985 1138 3081 1195 sed
3133 1149 3313 1193 tamen
3363 1152 3579 1201 rursus,

1998 1237 2217 1307 Opinor,
2259 1250 2348 1290 res
2378 1241 2596 1288 nostras
2636 1241 2692 1287 ct
2731 1246 2953 1286 omnem
2996 1240 3243 1285 nostram
3288 1227 3581 1299 pristinam

1999 1327 2401 1391 lnereditatem,
2453 1324 2600 1380 sicut
2649 1323 2718 1379 ab
2767 1322 2946 1389 initio,
2978 1322 3332 1392 recipiemus.

2071 1423 2128 1477 S.
2168 1416 2376 1476 ARCH.
2419 1418 2568 1473 idem
2611 1417 2782 1472 lsaias
2819 1423 3009 1487 aperte
3040 1425 3097 1470 et
3130 1416 3277 1470 clare
3311 1415 3419 1471 hoc
3442 1429 3585 1485 prta-

2000 1513 2275 1573 nuntiavit
2303 1530 2317 1566 :
2341 1513 2598 1583 Alferent,
2634 1509 2832 1579 inquit,
2866 1510 2995 1563 milii
3022 1511 3165 1563 inter
3195 1507 3335 1574 filios
3364 1505 3583 1561 Israelis

1999 1611 2053 1665 lii
2077 1608 2168 1682 qui
2197 1614 2321 1662 sunt
2358 1619 2421 1659 ea:
2445 1603 2683 1675 gentibus
2716 1601 2981 1670 sacrificia
3010 1618 3108 1655 sua
3130 1616 3248 1653 cum
3279 1597 3499 1669 psalmis
3524 1598 3583 1651 in

2001 1707 2215 1757 domum
2244 1716 2411 1754 meam
2445 1716 2465 1754 :
2494 1706 2542 1751 et
2569 1713 2632 1750 ea:
2656 1695 2780 1767 ipsis
2811 1711 3020 1749 sumam
3057 1694 3184 1747 mihi
3211 1692 3505 1746 sacerdotes
3533 1698 3583 1744 et

2002 1791 2209 1846 Levitas
2226 1790 2292 1843 ⁸⁸.
2308 1787 2444 1844 Vide
2457 1782 2735 1857 quomodo
2751 1786 2844 1856 qui
2860 1781 3181 1854 adimplevit
3201 1785 3375 1854 legem
3396 1778 3582 1835 Domi-

2005 1899 2129 1942 nus,
2151 1893 2208 1936 et
2228 1879 2521 1936 sacerdotii
2541 1879 2981 1935 immutationem
2998 1885 3124 1932 ante
3140 1874 3467 1946 signiﬁcavit
3485 1888 3585 1943 per

2000 1974 2299 2045 prophetas
2330 1987 2460 2027 suos
2485 1990 2498 2025 :
2525 1971 2591 2026 Et
2616 1986 2679 2024 ea:
2710 1971 2860 2041 ipsis,
2888 1969 2985 2031 ait,
3021 1985 3231 2022 sumam
3259 1968 3387 2020 mihi
3406 1980 3585 2020 sacer-

2000 2066 2143 2119 dotes
2164 2073 2213 2117 et
2233 2064 2460 2123 Levitas,
2497 2063 2621 2115 dicit
2641 2060 2916 2115 Dominus.
2935 2058 3203 2125 Quoniam
3236 2056 3403 2127 igitur
3426 2056 3581 2121 dicit,

1999 2156 2131 2226 quid
2178 2155 2453 2224 reliquum
2484 2153 2648 2224 jubes
2683 2151 2839 2222 ipse?
2870 2148 3350 2215 Quemadmodum,
3380 2147 3585 2217 inquit,

1999 2249 2098 2301 erit
2142 2246 2329 2300 caelum
2364 2261 2555 2298 novum
2587 2252 2634 2297 et
2663 2251 2808 2296 terra
2840 2258 2997 2306 nova,
3031 2256 3150 2311 qua:
3177 2256 3269 2310 ego
3303 2240 3438 2310 facio
3473 2255 3588 2293 ma-

2001 2356 2125 2393 nere
2153 2340 2209 2392 in
2232 2346 2508 2409 conspectu
2543 2352 2678 2401 meo,
2708 2334 2835 2387 dicit
2871 2333 3127 2387 Dominus
3166 2349 3184 2386 :
3208 2334 3282 2385 sic
3315 2331 3471 2385 stabit
3500 2345 3587 2384 se-

2001 2448 2116 2485 men
2164 2440 2414 2495 vestrum,
2473 2436 2521 2481 et
2554 2443 2744 2481 nomen
2791 2438 3024 2480 vestrum
3063 2425 3148 2477 “:
3185 2424 3292 2478 hoc
3330 2431 3436 2487 est,
3488 2436 3589 2492 per

1999 2523 2163 2578 ﬁdem
2207 2523 2262 2577 in
2294 2521 2577 2577 Christum
2618 2536 2630 2573 :
2667 2519 2762 2589 qui
2799 2518 3024 2589 quidem
3076 2526 3207 2572 sunt
3258 2516 3337 2570 illi
3387 2515 3479 2586 qui
3520 2530 3587 2570 ex

2000 2613 2162 2668 nobis
2196 2612 2419 2668 Christo
2460 2609 2843 2666 crediderunt.
2900 2609 2971 2664 Et
3007 2609 3126 2675 erit,
3160 2608 3359 2679 inquit,
3395 2608 3588 2662 mensis

2000 2723 2066 2761 ea:
2112 2722 2308 2770 mense,
2356 2705 2545 2760 varios
2573 2702 3019 2759 Christianorum
3050 2702 3175 2757 dies
3210 2702 3378 2757 festos
3406 2699 3589 2755 decla-

2002 2814 2151 2853 rans.
2187 2798 2255 2851 Et
2284 2796 2576 2852 Sabbatum
2606 2812 2671 2849 ea:
2700 2794 2952 2860 Sabbato,
2986 2795 3108 2850 dies
3128 2793 3586 2857 resurrectionis.

1999 2890 2070 2944 Et
2104 2890 2291 2953 veniet,
2337 2888 2540 2958 inquit,
2595 2889 2765 2941 omnis
2800 2903 2946 2950 caro,
2988 2896 3046 2939 ut
3084 2886 3267 2939 adoret
3297 2900 3478 2938 coram
3506 2896 3593 2937 me

2000 2979 2056 3032 in
2087 2976 2407 3041 Jerusalem,
2452 2976 2584 3030 dixit
2608 2974 2863 3029 Dominus
2908 2974 2973 3027 δ’.
3010 2972 3441 3037 Animadvertis,
3504 2974 3587 3026 in-

2002 3085 2155 3131 sane,
2206 3066 2386 3122 Omnis
2429 3083 2577 3131 caro,
2621 3067 2824 3136 inquit,
2882 3066 3071 3118 veniet.
3118 3062 3222 3130 Qui
3263 3062 3401 3118 dixit
3429 3063 3590 3117 vobis

2001 3162 2229 3227 Judaais,
2265 3159 2412 3231 quod
2438 3174 2548 3213 non
2590 3157 2891 3228 pacisceris
2938 3156 2994 3210 in
3031 3171 3089 3211 re
3120 3155 3284 3227 630
3320 3155 3428 3209 ulla
3461 3171 3587 3209 cum

2003 3254 2215 3326 gentili,
2256 3267 2437 3322 neque
2463 3249 2842 3321 negotiaberis
2883 3265 3007 3305 cum
3052 3249 3195 3319 ipso,
3236 3262 3346 3302 non
3381 3246 3586 3310 ederis,

2009 3361 2188 3416 neque
2234 3343 2463 3406 biberis,
2490 3352 2545 3397 et
2580 3350 2776 3397 caetera
2813 3357 2827 3394 :
2872 3340 3017 3395 idem
3042 3339 3180 3393 dicit
3214 3356 3227 3391 :
3272 3337 3471 3400 Veniet,
3501 3338 3588 3391 in-

2008 3440 2150 3511 quit,
2187 3438 2354 3492 omnis
2403 3452 2550 3499 caro,
2599 3442 2658 3487 ut
2704 3433 2888 3487 adoret
2941 3433 2996 3486 in
3044 3439 3319 3500 conspectu
3364 3446 3499 3493 meo,
3535 3432 3590 3483 in

1999 3530 2321 3592 Jerusalem,
2367 3529 2489 3583 dicit
2537 3527 2815 3581 Dominus.
2873 3525 2942 3579 Et
2974 3524 3210 3587 exibunt,
3258 3530 3306 3574 et
3342 3522 3592 3577 videbunt

2003 3622 2236 3677 membra
2283 3621 2559 3674 hominum
2612 3616 2658 3648 ⁸⁸
2699 3632 2714 3669 :
2752 3616 3015 3670 nimirum
3061 3630 3185 3669 ossa
3242 3629 3436 3668 eorum
3490 3613 3588 3682 qui

2002 3716 2159 3786 prius
2203 3712 2452 3769 defuncti
2488 3718 2619 3765 sunt
2658 3710 2798 3771 vita,
2832 3717 2889 3763 et
2919 3707 3311 3761 habitaverunt
3341 3706 3417 3759 'in
3463 3705 3589 3760 loco

2002 3807 2100 3861 illo
2144 3804 2464 3859 Iudaeorum
2518 3800 2890 3856 nefariorum.
2945 3796 3018 3854 Ut
3054 3807 3239 3853 autem
3292 3796 3587 3867 intelligas,

2002 3896 2098 3968 qui
2145 3911 2255 3950 non
2294 3894 2578 3965 intelligis,
2623 3891 2771 3962 quod
2812 3897 3043 3961 propter
3092 3897 3317 3960 peccata
3365 3903 3463 3942 sua
3499 3904 3591 3942 re-

2001 3988 2271 4059 probatus
2299 3996 2388 4041 est
2425 3986 2618 4051 lsrael,
2669 3993 2727 4039 et
2765 3982 2912 4053 quod
2947 3992 3175 4054 propter
3211 3998 3365 4037 suam
3397 3981 3593 4050 nequi«

2003 4082 2134 4136 tiam
2171 4080 2383 4135 invisus
2408 4088 2494 4134 est
2528 4088 2585 4133 et
2616 4077 2866 4140 odiosus,
2889 4083 2945 4131 et
2975 4075 3029 4129 in
3054 4089 3274 4129 omnem
3304 4073 3590 4129 interitum

2003 4174 2259 4240 traditus,
2302 4187 2415 4235 non
2468 4171 2523 4225 in
2568 4170 2675 4224 hoc
2717 4169 2924 4223 saaculo
2970 4166 3159 4231 modo,
3193 4165 3290 4221 sed
3334 4174 3390 4220 et
3420 4165 3474 4219 in
3506 4164 3593 4218 fu-

2003 4276 2157 4334 turo;
2195 4264 2483 4337 subiunxit
2536 4281 2550 4317 :
2588 4261 2760 4334 quod,
2802 4278 2986 4315 eorum
3027 4262 3117 4331 qui
3159 4259 3286 4330 legis
3332 4257 3590 4313 mandata

2001 4360 2289 4423 violarunt,
2322 4365 2369 4411 et
2403 4356 2742 4429 prmaricati
2788 4361 2913 4408 sunt
2953 4352 3030 4422 ";
3088 4351 3359 4407 videbunt
3413 4349 3588 4416 enim,

2005 4453 2098 4521 qui
2161 4467 2227 4507 ex
2270 4449 2422 4505 omni
2477 4463 2643 4503 carne
2689 4455 2986 4510 venerunt,
3030 4455 3093 4499 ut
3138 4444 3311 4499 Deum
3359 4443 3592 4498 adorent

2004 4560 2103 4615 per
2136 4542 2297 4598 [idem
2328 4543 2382 4598 in
2413 4542 2600 4597 Iesum
2637 4540 2944 4604 Christum,
2973 4555 3097 4593 ossa
3132 4538 3335 4592 nudata
3364 4545 3420 4591 et
3455 4551 3590 4605 pro-

326 4625 505 4696 Ἰησοῦ
537 4627 795 4699 Χριστοῦ,
830 4629 899 4682 τὰ
929 4628 1063 4683 ὀστᾶ
1088 4629 1266 4683 αὐτῶν
1298 4632 1375 4692 εἰς
1406 4631 1672 4701 αἰσχύνην
1706 4646 1897 4700 περισ-

2000 4634 2143 4706 jecta
2188 4635 2245 4689 in
2296 4635 2473 4705 majus
2512 4633 2780 4687 dedecus.
2808 4633 2989 4702 Atque
3025 4630 3080 4684 in
3130 4629 3319 4684 futuro
3350 4626 3588 4692 saeculo,

316 4720 550 4791 σοτέραν
577 4722 982 4792 γεγυμνωμένα
1015 4726 1378 4792 προκείμενα.
1416 4722 1507 4774 Ἐν
1538 4722 1596 4775 δὲ
1628 4721 1707 4793 τῷ
1758 4722 1891 4793 μέλ-

2001 4725 2191 4782 vermis
2239 4742 2421 4779 eorum
2464 4741 2568 4779 non
2618 4726 2894 4784 morietur,
2937 4731 2988 4776 et
3040 4723 3174 4793 ignis
3213 4722 3447 4790 ipsorum
3481 4737 3588 4773 non

313 4810 463 4865 λοντι
518 4813 674 4867 αἰῶνι
707 4816 741 4868 ό
776 4813 1027 4880 σκώληξ
1062 4812 1262 4868 αὐτῶν
1302 4816 1375 4869 οὐ
1402 4813 1772 4882 τελευτήσει,
1799 4812 1898 4867 καὶ

2003 4820 2362 4888 exstinguetur
2388 4826 2579 4872 :erunt
2613 4816 2750 4869 enim
2782 4816 2837 4868 in
2866 4822 3081 4884 aspectu
3116 4813 3286 4866 omnis
3315 4810 3492 4864 carnis
3519 4810 3587 4863 ".

316 4906 384 4959 τὸ
410 4906 532 4974 πῦρ
569 4905 770 4961 αὐτῶν
813 4908 885 4961 οὐ
909 4906 1316 4973 σϐεσθήσεται
1351 4922 1366 4936 ⁸
1396 4907 1642 4961 ἔσονται
1680 4907 1790 4977 γὰρ
1812 4909 1898 4972 εἰς

2001 4911 2140 4967 Cum
2173 4911 2367 4965 audias
2403 4910 2699 4963 Dominum
2743 4907 3027 4962 dicentem
3070 4920 3172 4974 per
3218 4901 3585 4973 prophetam:

316 4996 534 5065 ὅρασιν
570 4999 775 5066 πάσης
822 5000 1070 5068 σαρκός.
1107 4999 1278 5052 Ὅταν
1324 4998 1530 5069 ἀκούῃς
1555 4997 1649 5052 τοῦ
1688 4998 1896 5069 Κυρίου

2003 5001 2139 5057 Ecce
2163 5003 2312 5056 venio
2336 5000 2405 5054 ad
2421 4998 2850 5070 congregandum
2875 5013 3054 5051 omnes
3074 5004 3248 5067 gentes
3267 5002 3317 5048 et
3344 4993 3552 5062 linguas
3569 5008 3590 5048 :

311 5086 571 5156 λέγοντος
621 5089 707 5143 διὰ
744 5088 837 5143 τοῦ
872 5092 1185 5162 Προφήτου,
1220 5089 1495 5157 ὃτι,Ἰὃοὺ
1528 5088 1899 5160 συναγαγεῖν

2006 5102 2066 5150 et
2110 5091 2268 5156 illud,
2306 5090 2485 5146 Veniet
2518 5091 2686 5143 omnis
2716 5106 2861 5153 caro,
2912 5098 2971 5141 ut
3002 5088 3185 5142 adoret
3217 5103 3397 5141 coram
3422 5100 3504 5138 me
3531 5085 3589 5140 in

309 5178 558 5249 ἔρχομαι
585 5182 784 5236 πάντα
805 5183 876 5239 τὰ
906 5182 1052 5250 ἔθνη
1082 5183 1179 5237 καὶ
1199 5182 1307 5250 τὰς
1332 5182 1640 5253 γλώσσας·
1665 5182 1760 5235 καὶ
1794 5182 1896 5249 ὅτι,

2005 5182 2328 5247 Jerusalem,
2355 5197 2467 5236 non
2490 5180 2735 5251 amplius
2754 5180 3054 5250 quidquam
3089 5179 3260 5233 dicito
3285 5196 3299 5230 :
3323 5176 3417 5231 sed
3438 5175 3585 5241 vide,

312 5270 487 5336 Ἥξει
516 5273 687 5329 πᾶσα
720 5275 878 5343 σὰρξ
910 5274 1017 5329 τοῦ
1055 5274 1486 5345 προσκυνῆσαι
1505 5275 1762 5331 ἐνώπιόν
1778 5294 1899 5346 μου

2007 5276 2156 5348 quod
2207 5274 2555 5346 septuaginta
2590 5273 2792 5344 lingua:
2827 5272 3000 5327 Deum
3044 5269 3205 5343 legis,
3260 5279 3317 5324 et
3364 5270 3587 5342 Patrem

309 5366 404 5430 εις
447 5364 879 5437 Ἰερουσαλὴμ,
909 5368 1107 5440 μηκέτι
1133 5367 1260 5437 λέγε
1286 5385 1375 5433 τι,
1401 5367 1534 5422 ἀλλὰ
1570 5367 1785 5441 θέασαι,
1816 5368 1900 5421 ὅτι

2008 5367 2229 5425 Domini
2264 5366 2443 5423 nostri
2480 5365 2611 5422 Jesu
2638 5364 2866 5428 Christi,
2895 5364 3101 5435 iugiter
3136 5360 3500 5418 ascendentes
3527 5359 3586 5414 in

380 5517 434 5557 ⁸⁵
464 5521 568 5577 Isa.
601 5537 724 5588 va,
759 5523 810 5579 9.
888 5523 935 5555 ⁸⁸
972 5522 1075 5578 lsa.
1120 5539 1261 5589 LXVI,
1311 5523 1377 5579 21
1410 5539 1522 5580 sec.
1556 5522 1720 5578 LXX.
1763 5484 1770 5492 ι
1821 5522 1871 5555 ⁸⁸

2000 5523 2043 5580 1.
2084 5525 2176 5580 22.
2251 5523 2297 5557 δ’
2337 5522 2471 5579 ibid.
2509 5521 2605 5581 25.
2675 5520 2721 5553 ⁸⁸
2751 5519 2886 5575 ibid.
2914 5518 3005 5576 ει.
3078 5518 3124 5551 δ’
3161 5516 3299 5573 ibid.
3372 5516 3419 5548 '°
3447 5514 3586 5575 ibid.

1829 5637 2067 5695 NOTAE.

387 5756 501 5835 (79)
528 5757 724 5835 μῆνα.
754 5761 899 5835 Μῄν.
930 5760 1134 5817 Gueox.
1156 5762 1383 5818 -—LXX
1416 5771 1597 5820 tamen
1637 5779 1707 5820 ex
1762 5764 1886 5820 cod.

314 5826 501 5901 Αιιεέ
536 5826 741 5885 habent
771 5826 937 5901 μῆνα.

388 5896 501 5970 (80)
530 5901 754 5970 Προσκ.
772 5896 896 5957 ’Τὸῦ
922 5918 1123 5975 προσκ.
1155 5902 1365 5962 ϐυιοε.
1387 5933 1455 5947 -
1472 5905 1637 5962 Deest
1664 5920 1885 5976 quoque

1996 5763 2092 5818 τοῦ
2117 5764 2171 5820 in
2195 5763 2321 5820 cod.
2360 5761 2517 5819 Alex.

2067 5835 2182 5910 (8|)
2224 5835 2487 5905 Ἀνόητε.
2517 5829 2712 5891 Scribe
2746 5827 2995 5886 ἀσύνετε.
3026 5824 3236 5884 ϐυιοιι.
