4094 6534
493 443 601 508 703

1453 435 1517 497 S.
1558 427 1987 494 GREGENTII
2025 422 2260 485 EPISC.
2299 414 2832 480 TAPHARENSIS

3661 396 3771 464 704

494 547 822 610 Jerusalem,
852 544 1106 608 adorant,
1132 542 1354 599 Iudaeos
1387 539 1707 596 incredulos
1736 537 1969 592 miseros
1992 549 2078 588 re-

2201 529 2237 581 ιί
2289 526 2661 594 ἐϐδομήκοντα
2694 520 2806 591 (82.)
2847 516 3091 587 γλῶσσαι
3120 513 3213 568 τὸν
3247 511 3381 567 Θεὸν
3437 510 3531 565 τοῦ
3560 510 3731 583 νόμου
3752 545 3774 575 ο

496 647 780 713 putantes.
803 638 931 694 Haec
955 637 1136 693 omnia
1164 635 1295 690 dum
1319 634 1497 695 vides,
1536 642 1680 695 tace,
1728 630 2078 685 obmutesce:

497 744 557 790 et
609 725 674 789 os
704 733 862 788 velut
907 746 1064 786 camo
1116 728 1448 784 obstrictum
1496 725 1638 779 habe
1690 741 1704 778 :
1749 737 1929 792 neque
1970 722 2084 775 Deo

500 827 710 883 bellum
740 841 893 897 gere,
934 823 1031 879 sed
1061 823 1278 877 veritati
1309 820 1444 876 cede
1475 828 1531 874 et
1554 819 1898 886 obtempera.
1928 812 2084 880 Quod

500 929 687 976 autem
720 917 912 974 dixisti
940 934 954 970 :
986 916 1128 969 Dixit
1166 914 1421 967 Dominus
1463 927 1479 965 :
1528 909 1768 963 Educam
1794 922 1971 960 semen
2023 920 2087 957 ex

499 1012 663 1069 Iacob
707 1021 757 1065 et
797 1026 859 1065 ea:
890 1008 1054 1071 Iuda,
1094 1017 1143 1060 et
1185 1005 1543 1060 [nereditatem
1574 1002 1826 1055 sortiatur
1858 1006 2087 1052 montem

505 1117 683 1156 meum
714 1109 957 1154 sanctum
997 1098 1066 1161 ",
1095 1093 1475 1150 animadverte
1508 1108 1520 1143 :
1553 1105 1665 1144 non
1712 1088 1861 1142 enim
1892 1087 1971 1140 sic
2000 1086 2088 1139 in-

506 1190 830 1263 terpretand
841 1206 931 1243 um
961 1198 1048 1243 est
1069 1187 1213 1242 sicut
1239 1195 1297 1240 tu
1321 1180 1672 1245 existimasti,
1694 1178 1789 1234 sed
1811 1178 1957 1233 sicut
1986 1176 2088 1231 tibi

503 1296 609 1352 ego
638 1281 757 1350 ipse
789 1279 1031 1334 declare.
1069 1276 1271 1331 Semen
1312 1273 1481 1327 Jacob
1511 1278 1597 1325 est
1636 1266 1931 1321 duodecim
1990 1264 2091 1318 tri-

507 1373 681 1428 buum
723 1389 736 1425 :
765 1380 823 1426 et
850 1371 1059 1425 nullius
1104 1366 1377 1422 seminum
1413 1364 1536 1430 ejus
1565 1360 1903 1416 mentionem
1936 1357 2088 1421 fecit,

508 1479 674 1534 quam
705 1463 878 1519 solius
926 1458 1087 1517 Juda.
1120 1458 1219 1511 Est
1254 1454 1401 1509 enim
1437 1450 1630 1512 Judas,
1673 1463 1861 1503 semen
1889 1444 2089 1502 Jacob:

509 1565 567 1610 at
619 1556 769 1610 enim
802 1552 1067 1607 Dominus
1111 1562 1267 1602 meus
1300 1546 1462 1600 Jesus
1483 1541 1739 1597 Christus
1774 1554 1843 1593 ex
1882 1537 2093 1594 semine

507 1646 670 1703 Juda.
703 1642 895 1699 Omnis
928 1649 1114 1695 autem
1162 1634 1518 1691 Christianus
1549 1628 1876 1700 spiritaliter
1905 1643 2095 1683 semen

509 1745 600 1794 est
653 1734 883 1791 Christi.
924 1732 999 1787 De
1029 1732 1136 1786 hoc
1165 1729 1334 1799 igitur
1371 1723 1584 1780 semine
1626 1721 1766 1777 dixit
1801 1720 2093 1790 propheta,

509 1828 661 1899 quod
707 1826 933 1882 insitum
977 1832 1063 1879 est
1092 1837 1193 1892 per
1218 1820 1408 1875 Jesum
1456 1815 1739 1870 Christum
1780 1812 1835 1865 in
1887 1811 2096 1866 semine

2190 624 2285 678 ml.
2314 621 2537 689 Πατέρα
2570 615 2665 670 τοῦ
2702 614 2907 686 Κυρίου
2932 610 3092 683 ἡμῶν
3134 607 3313 679 Ἰησοῦ
3347 605 3608 677 Χριστοῦ,
3646 622 3779 657 συν-

2191 709 2332 783 εχῶς
2384 707 2778 763 ἀναϐαίνουσαι
2824 704 2903 766 είς
2950 692 3775 770 Ἰερουσαλὴμ,προσκυνοῦσι,

2190 804 2318 865 τοὺς
2360 800 2775 867 ἀπιστήσαντας
2829 791 3123 852 Ἰουδαίους
3171 786 3558 850 ταλανίζοντες
3606 784 3710 856 (85
3732 784 3775 852 ).

2194 894 2303 948 Καὶ
2349 890 2526 944 ταῦτα
2573 889 2752 942 πάντα
2811 886 2993 957 ὀρῶν,
3042 883 3263 947 σιώπα,
3296 880 3629 952 πεφίμωσο,
3678 880 3777 932 καὶ

2196 985 2271 1055 μὴ
2349 983 2628 1052 θεομαχει,
2677 979 2812 1033 ἀλλά
2891 973 3032 1041 εἶξον
3112 978 3180 1045 τῇ
3254 972 3654 1044 ἀληθεῖα.”’οτι
3719 969 3780 1023 δὲ

2193 1078 2446 1153 εἴρηκας,
2475 1069 2621 1127 Εἷπε
2643 1073 2877 1139 Κύριος,
2904 1067 3131 1133 Ἐξάξω
3164 1065 3231 1118 τὸ
3261 1065 3329 1128 ἐξ
3361 1063 3574 1120 Ἰακὼϐ
3600 1060 3783 1130 σπέρ-

2190 1186 2295 1239 μα,
2321 1168 2417 1220 καὶ
2454 1166 2520 1219 τὸ
2551 1166 2619 1229 ἐξ
2658 1163 2877 1225 Ἰούδα,
2912 1163 3011 1216 καὶ
3050 1159 3496 1229 κληρονομήσει
3529 1156 3595 1210 τὸ
3641 1154 3784 1223 ὄρος

2191 1277 2311 1329 μου
2342 1260 2409 1311 τὸ
2436 1258 2628 1325 ἅγιον,
2657 1255 2896 1322 πρόσεχε
2922 1268 2935 1283 ο
2972 1252 3034 1304 ού
3062 1252 3172 1319 γὰρ
3211 1248 3386 1309 οὕτως
3415 1244 3781 1316 ἑρμηνεύεται

2197 1354 2273 1417 ὡς
2296 1354 2359 1406 σὺ
2386 1349 2676 1411 ὑπέλαϐες,
2699 1346 2814 1402 ἀλλ’
2834 1346 2909 1409 ὡς
2931 1344 3260 1416 ὑπεμφαίνω
3275 1341 3486 1410 an:th
3500 1339 3557 1406 ἐξ
3578 1336 3782 1393 Ἰακὼῦ

2201 1444 2422 1515 σπέρμα
2442 1439 2821 1508 δωδεκέιιρυλον
2850 1437 3083 1506 πέφυκε,
3118 1437 3213 1490 καὶ
3236 1434 3450 1496 οὐδενὸς
3484 1432 3594 1486 τῶν
3616 1448 3785 1502 σπερ-

2203 1538 2389 1608 μάτων
2428 1532 2593 1586 αὑτοῦ
2619 1532 3054 1602 ἐμνημόνευσεν,
3084 1528 3222 1582 ἀλλά
3251 1527 3313 1580 τὸ
3341 1526 3452 1596 (84)
3489 1523 3548 1588 ἐξ
3588 1521 3780 1577 Ἰούδα.

2186 1631 2271 1685 ,Ὀ
2305 1630 2414 1699 γὰρ
2458 1625 2657 1689 Ἰούδας
2720 1625 2837 1677 ἐστί
2898 1623 3124 1692 σπέρμα
3193 1619 3290 1673 τοῦ
3347 1616 3578 1671 Ἰακώϐ·
3646 1618 3675 1669 ὁ
3720 1614 3784 1668 δὲ

2201 1722 2407 1790 Κύριός
2449 1738 2550 1791 μου
2595 1717 2805 1789 Ἰησοῦς
2854 1716 3088 1787 Χριστὸς
3136 1717 3200 1769 ὲκ
3230 1714 3546 1784 σπέρματος
3586 1708 3782 1763 Ἰούδα.

2203 1818 2319 1878 Πᾶς
2353 1815 2409 1866 δὲ
2460 1809 2805 1880 Χριστιανὸς,
2834 1807 3044 1879 νοητῶς
3082 1806 3306 1877 σπέρμα
3341 1803 3604 1878 Χριστοῦ.
3646 1801 3789 1872 Περὶ

506 1890 650 1976 έιιὰε
679 1936 694 1972 :
727 1918 836 1971 hoc
874 1923 1059 1970 autem
1094 1890 1298 1982 ipsum
1344 1909 1547 1964 educet
1600 1914 1727 1976 post
1788 1904 2093 1974 spiritalem

2201 1905 2391 1959 τούτου
2417 1905 2508 1956 οῦν
2552 1902 2646 1955 τοῦ
2676 1901 2996 1971 σπέρματος
3024 1898 3248 1968 εἴρηκεν
3284 1900 3312 1950 ὁ
3343 1896 3649 1968 προφήτης,
3686 1890 3788 1946 τοῦ

508 2010 895 2082 operationem
940 2004 1232 2078 praesentis
1286 2003 1519 2073 huiusce
1553 2000 1697 2063 vitae,
1746 2008 1804 2054 et
1850 2013 1948 2066 pro
1989 2000 2098 2052 hee-

508 2103 749 2160 reditate
800 2116 1033 2172 regnum
1063 2099 1333 2154 cmlorum
1370 2094 1629 2164 accipiet.
1658 2092 1815 2146 Mons
1842 2091 1935 2145 ille
1966 2105 2095 2144 san-

509 2204 657 2260 ctus,
708 2207 950 2264 superna
997 2199 1084 2245 est
1122 2189 1408 2243 civitatum
1440 2192 1619 2239 mater
1658 2182 1900 2239 caelestis
1932 2181 2097 2236 Jeru-

508 2288 704 2342 salem.
737 2285 893 2339 Mons
926 2284 1076 2337 enim
1123 2280 1259 2335 Sion
1291 2278 1385 2348 qui
1424 2278 1478 2332 in
1504 2290 1733 2332 sensum
1764 2274 1933 2337 cadit,
1962 2289 2093 2339 non,

511 2386 577 2433 ut
601 2378 820 2447 opinor,
845 2389 1007 2429 mons
1028 2381 1251 2427 sanctus
1276 2369 1681 2430 nominabitur,
1708 2368 1803 2438 qui
1826 2376 1912 2421 est
1941 2375 2099 2421 terra:

509 2466 697 2538 pulvis
724 2475 781 2521 et
810 2464 951 2519 cinis
981 2479 996 2516 :
1030 2476 1135 2516 nec
1163 2474 1359 2514 eorum
1397 2458 1492 2528 qui
1534 2458 1588 2512 in
1626 2457 1719 2511 illo
1752 2454 2095 2521 habitarunt,

510 2558 805 2628 quisquam
831 2556 980 2610 hunc
1000 2552 1413 2608 haereditarium
1436 2549 1702 2619 possedit.
1724 2548 1927 2604 Omnes
1949 2549 2095 2603 enim

507 2648 606 2718 qui
641 2647 695 2700 in
726 2662 794 2700 eo
815 2645 1001 2700 sedem
1047 2644 1384 2708 habuerunt,
1432 2644 1825 2712 praeterierunt
1865 2658 1879 2694 :
1918 2650 1975 2696 et
2003 2640 2098 2711 qui

508 2753 661 2794 nunc
684 2738 956 2804 habitant,
1001 2738 1313 2792 morientur

581 2916 787 2972 HERB.
815 2916 1062 2987 Magnam
1088 2915 1363 2971 oﬂicinam
1390 2917 1566 2971 multo
1589 2916 1892 2971 verborum
1922 2924 2098 2972 tractu

508 3008 770 3065 refertam
803 3010 947 3065 nacti
989 3009 1293 3064 Christiani
1327 3018 1381 3063 te
1418 3020 1894 3079 pr0pugnatorem
1932 3018 2099 3079 atque

508 3100 817 3155 antistitem
861 3101 917 3155 in
955 3100 1085 3155 sede
1117 3116 1216 3155 sna
1259 3100 1608 3156 collocarunt
1642 3120 1655 3154 :
1684 3100 1958 3170 siquidem
1995 3109 2103 3154 ter-

2201 1996 2713 2067 ὲγκενστρισθὲντος
2757 1993 2846 2046 διὰ
2908 1990 3084 2061 Ἰησοῦ
3136 1988 3377 2059 Χριστοῦ
3408 1989 3466 2041 ὲν
3507 1986 3789 2057 σπέρματι

2212 2091 2403 2145 Ἰούδα.
2443 2088 2655 2153 Ἐξάξει
2687 2084 2744 2138 δὲ
2777 2084 2913 2137 αὐτὸ
2955 2083 3094 2153 μετά
3139 2081 3240 2148 τὴν
3281 2079 3662 2151 πνευματικὴν
3690 2079 3787 2149 ἔρι-

2200 2181 2398 2251 γασίαν
2447 2178 2540 2231 τοῦ
2574 2178 2701 2248 τῇδε
2737 2176 2883 2247 βίου,
2919 2175 3010 2228 καῖ
3045 2175 3450 2245 κληρονομήσει
3491 2172 3592 2243 τὴν
3628 2170 3790 2240 βασι-

2199 2273 2354 2328 λείαν
2408 2272 2517 2325 τῶν
2567 2270 2834 2341 οὐρανῶν.
2869 2268 2942 2321 Τὸ
2981 2267 3037 2321 δὲ
3081 2268 3206 2337 ὅρος
3246 2266 3307 2320 τὸ
3336 2266 3492 2333 ἆγιον
3520 2266 3722 2327 ἐκεῖνο,
3748 2264 3786 2332 ἡ

2201 2368 2313 2422 ἀνω
2353 2365 2686 2436 μητρόπολις
2736 2360 3217 2432 Ἰερουσαλήμ.Τὸ
3264 2358 3374 2430 γὰρ
3419 2358 3549 2429 ὅρος
3583 2357 3647 2410 τὸ
3696 2358 3793 2410 αἱ-

2204 2458 2422 2529 σθητδν,
2456 2456 2615 2518 Σιὼν,
2645 2456 2747 2507 οὐκ
2777 2452 3217 2523 ὀνομασθήσεται
3237 2492 3252 2516 ,
3277 2450 3352 2513 ὡς
3378 2445 3536 2519 οἶμαι
3559 2486 3575 2511 ,
3608 2448 3790 2516 ἅγιον,

2201 2550 2330 2622 χοῦς
2384 2550 2483 2618 τῆς
2510 2548 2613 2615 γῆς
2661 2546 2720 2599 ὃν
2753 2545 2848 2599 καὶ
2869 2546 3049 2615 τέφρα
3077 2561 3093 2575 °
3129 2542 3247 2598 ἀλλ’
3276 2542 3399 2595 οὐδέ
3425 2558 3513 2604 τις
3548 2543 3605 2593 ἒν
3637 2538 3790 2609 αὐτῷ

2202 2643 2370 2696 πάλαι
2398 2639 2845 2709 κατοικησάντων
2882 2636 3040 2690 τοῦτο
3068 2635 3515 2706 κεκληρονόμηκε
3536 2649 3548 2663 ⁸
3584 2632 3790 2692 πάντες

2201 2736 2310 2806 γὰρ
2351 2737 2399 2788 οἱ
2448 2735 2627 2786 ἐκεῖσε
2672 2732 3099 2802 κατοικήσαντες
3145 2726 3447 2800 παρῆλθον,
3485 2726 3579 2781 καὶ
3608 2725 3658 2779 οἱ
3689 2723 3793 2779 νῦν

2204 2826 2549 2882 τελευτῶσιν.

2276 2918 2524 2974 EPBAN.
2559 2919 2720 2987 Μέγα
2749 2916 3115 2988 ἐργαστήριον
3157 2914 3548 2985 πεπλησμένον
3582 2912 3791 2985 πολλῆς

2202 3011 2372 3080 ὁλκῆς
2406 3010 2669 3080 ῥημάτιον
2703 3010 2754 3062 οἱ
2779 3008 3097 3080 Χριστιανοὶ
3135 3008 3454 3079 εὑράμενοι,
3499 3005 3805 3077 πρόμαχον

2204 3106 2295 3158 ἐπὶ
2336 3102 2430 3157 τοῦ
2470 3102 2664 3173 θρόνου
2709 3102 2892 3155 αὐτῶν
2927 3100 3258 3154 κεκαθίκασι
3286 3117 3299 3130 ⁸
3335 3099 3567 3169 φοϐερὸς
3608 3097 3717 3169 γὰρ
3742 3093 3797 3151 εἷ

508 3194 692 3248 ribilis
741 3209 802 3248 es
843 3192 1145 3247 verborum
1186 3193 1427 3247 turbine.
1459 3191 1584 3246 Cito
1630 3192 1778 3247 enim
1813 3201 1869 3246 et
1894 3192 2094 3246 caelum

2203 3199 2288 3251 διὰ
2324 3198 2564 3266 στροφὰς
2605 3195 2885 3266 ῥημάτων.
2926 3193 3080 3263 Τάχα
3108 3193 3175 3247 ἂν
3205 3191 3408 3246 καὶτὸν
3442 3189 3672 3262 οὐρανὸν
3698 3189 3795 3244 καὶ

508 3292 563 3339 et
608 3293 833 3345 terram,
865 3292 921 3337 et
950 3298 1073 3352 quae
1108 3280 1470 3334 subterranea
1507 3288 1659 3342 sunt,
1714 3278 1759 3332 si
1795 3277 2096 3341 videbitur,

507 3376 622 3430 tuis
674 3375 861 3430 verbis
922 3381 1230 3443 pervertes.
1290 3370 1398 3425 Sed
1452 3386 1631 3440 neque
1693 3384 1797 3424 nos
1848 3368 2100 3424 funditus

511 3474 748 3532 evertes,
803 3474 865 3519 nt
911 3465 1049 3519 nihil
1080 3464 1328 3518 valentes
1361 3463 1457 3518 tibi
1496 3461 1850 3531 respondere.
1879 3462 1949 3518 Ut
1982 3479 2102 3519 ma-

513 3559 773 3615 nifestius
803 3560 1102 3631 intelligas,
1154 3558 1302 3627 quod
1349 3542 1528 3626 diligit
1572 3556 1842 3611 Dominus
1865 3564 1921 3611 et
1945 3557 2100 3613 valde

513 3649 793 3715 Israelem,
833 3650 961 3705 audi
987 3664 1111 3719 quae
1140 3647 1279 3703 dicit
1304 3646 1572 3716 propheta
1607 3644 1798 3708 Isaias,
1832 3644 1943 3699 imo
1971 3662 2103 3701 vero

514 3741 662 3797 Deus
704 3744 841 3812 ipse,
876 3742 945 3797 de
969 3742 1169 3797 nobis:
1201 3740 1335 3812 Ego,
1368 3739 1569 3809 inquit,
1622 3738 1760 3792 Deus
1800 3740 2024 3809 primus,
2056 3747 2105 3792 et

518 3834 591 3889 ad
612 3851 673 3889 ea
700 3852 817 3906 qua:
841 3837 1075 3900 veniunt,
1102 3850 1196 3906 ego
1230 3850 1372 3887 smn.
1416 3832 1671 3885 Viderunt
1716 3841 1919 3901 gentes,
1957 3842 2003 3885 et
2032 3833 2105 3885 ti»

518 3935 762 3979 muerunt
802 3942 819 3980 :
856 3936 1014 3981 terra:
1046 3926 1378 3980 summitates
1414 3933 1757 3994 expaverunt.
1800 3924 2106 3994 ApprOpin-

2199 3291 2297 3354 τὴν
2334 3292 2436 3358 γῆν
2480 3289 2573 3343 καὶ
2626 3289 2695 3341 τά
2725 3288 3078 3356 καταχθόνια,
3115 3287 3164 3340 εί
3218 3286 3359 3351 δόξει
3393 3304 3498 3351 σοι,
3539 3285 3797 3356 διαστρέ-

2200 3382 2319 3451 ψεις
2337 3383 2447 3443 τοῖς
2470 3383 2708 3452 ῥήμασιν
2728 3381 2861 3451 (835l-
2886 3380 3121 3433 ἀλλὀύδ’
3144 3381 3293 3448 ἡμᾶς
3314 3378 3504 3442 ἁπλῶς
3519 3380 3795 3449 αἱρήσεις,

2202 3472 2276 3534 ὡς
2292 3471 2364 3541 μὴ
2385 3471 2719 3541 δυναμένους
2737 3488 2819 3524 σοι
2836 3470 3448 3542 ἀνταποκριθῆναι.”1να
3460 3471 3798 3542 σαφέστερον

2203 3564 2422 3634 νοήσῃς,
2442 3563 2524 3614 ὅτι
2552 3562 2740 3631 ἀγαπᾷ
2764 3562 2966 3633 Κύριος
2996 3564 3089 3615 καὶ
3108 3561 3226 3614 λίαν
3252 3562 3343 3614 τὸν
3371 3560 3605 3632 Ἰσραὴλ,
3631 3560 3800 3614 ἄκου-

2207 3672 2298 3707 σον
2314 3654 2432 3707 τίνα
2456 3654 2603 3722 λέγει
2624 3656 2651 3706 ὁ
2670 3655 2959 3724 προφήτης
2987 3655 3235 3718 Ἡσαΐας,
3269 3654 3469 3723 μᾶλλον
3494 3654 3550 3706 δὲ
3584 3656 3612 3707 ὁ
3636 3653 3795 3719 Θεὸς,

2208 3749 2335 3818 περὶ
2366 3747 2541 3818 ἡμῶν.
2586 3747 2755 3817 Ἐγὼ,
2799 3748 2950 3817 φησι,
2989 3748 3138 3814 Θεὸς
3170 3745 3425 3816 πρῶτος,
3450 3746 3549 3800 eral
3592 3750 3681 3812 είς
3722 3747 3797 3800 τὰ

2206 3838 2576 3906 ἐπερχόμενα
2610 3837 2724 3907 ἐγώ
2758 3840 2897 3904 ειμι.
2942 3834 3125 3891 Εἶδον
3156 3837 3268 3907 (86)
3299 3836 3468 3904 ἔθνη,
3508 3837 3609 3890 καὶ
3645 3837 3796 3905 ἐφο-

2209 3929 2503 3994 ϐήθησαν.
2542 3926 2622 3982 Τὰ
2651 3928 2806 3995 ἄκρα
2835 3927 2945 3994 τῆς
2967 3924 3080 3997 γῆς
3114 3928 3461 3996 ἐξέστησαν
3484 3942 3498 3957 ⁸
3516 3928 3794 3998 ἐγγίσατε.
3874 3992 3881 3999 η

375 4404 380 4410 '
470 4424 475 4429 ι
520 4382 801 4447 auxiliari,
848 4393 905 4438 et
943 4383 1125 4452 fratri,
1183 4381 1595 4437 contribulibus
1646 4380 1757 4435 tuis
1808 4381 2108 4451 gentibus:

518 4031 837 4089 quaverunt,
863 4029 910 4073 et
949 4027 1200 4074 venerunt
1232 4018 1393 4073 simul
1425 4035 1441 4072 :
1459 4017 1712 4088 judicans
1748 4019 2096 4088 unusquisqm

2209 4021 2308 4074 καὶ
2346 4018 2536 4090 ἦλθον
2597 4020 2737 4089 ἅμα,
2770 4021 2998 4087 κρίνων
3053 4019 3313 4085 ἕκαστος
3358 4019 3465 4072 τὸν
3498 4019 3791 4083 πλησίον.

519 4112 841 4181 proximum,
892 4121 946 4165 ut
981 4112 1269 4165 auxilielur
1316 4109 1476 4179 fratri
1507 4125 1602 4162 suo
1626 4110 1692 4161 ⁵³.
1724 4107 1897 4178 Igitur
1938 4115 1995 4162 et
2027 4118 2096 4174 tu,

2203 4110 2509 4178 ,ϐοηθῆσαι
2547 4110 2626 4175 τῷ
2646 4109 2909 4180 ἀδελφῷ.
2950 4111 3160 4164 Οὐκοῦν
3185 4112 3280 4163 καὶ
3316 4112 3404 4172 σὺ,
3432 4108 3796 4180 ἀρχιεπίσκο-

520 4215 557 4255 o
591 4201 1030 4271 archiepiscolie,
1060 4201 1131 4255 ad
1162 4202 1311 4255 hunc
1358 4214 1608 4268 scopum,
1635 4194 1820 4252 ex’his
1850 4199 2096 4269 gentibus

2212 4222 2305 4266 πε,
2342 4205 2480 4258 κατὰ
2530 4205 2620 4257 τὸν
2664 4203 2868 4256 σκοπδν
2914 4202 3106 4255 τοῦτον
3160 4204 3225 4256 ἐκ
3288 4201 3394 4255 τῶν
3442 4200 3794 4270 φοϐηθέντων

520 4301 672 4348 metu
726 4294 998 4363 perculsis
1022 4292 1396 4363 unus,judica
1430 4291 1744 4360 proximum
1770 4300 1923 4345 tuum
1950 4293 2096 4346 nobis

2212 4296 2381 4349 ἐθνῶν
2413 4288 2513 4357 εἷς,
2544 4294 2634 4346 τὸν
2656 4294 2883 4364 πλησίον
2918 4293 3029 4363 (87)
3064 4310 3178 4358 σου,
3216 4292 3483 4363 βοηθῆσαι
3511 4294 3666 4363 ἡμῖν,
3696 4293 3797 4346 καὶ

2212 4386 2288 4455 τῷ
2318 4384 2551 4455 ἀδελφῷ,
2580 4388 2693 4448 τοῖς
2737 4385 3038 4454 ὁμοφύλοις
3071 4401 3163 4437 σου
3196 4383 3409 4437 ἔθνεσιν
3431 4400 3445 4414 ·
3474 4384 3659 4447 αὐτοῖς
3683 4382 3793 4454 γὰρ

521 4474 612 4529 his
635 4475 782 4529 enim
806 4475 1039 4530 salutem
1072 4474 1343 4529 vindicas.
1374 4473 1575 4544 Regale
1616 4482 1801 4527 autem
1850 4473 2096 4529 sacerdo-

2214 4479 2309 4531 καὶ
2337 4480 2611 4547 προσποιῇ
2642 4478 2743 4549 τὴν
2774 4476 3071 4546 σωτηρίαν.
3101 4476 3174 4528 Τὸ
3213 4475 3271 4528 δὲ
3320 4475 3593 4546 βασίλειον
3643 4475 3796 4546 ἱερά.-

522 4568 683 4633 tium,
723 4568 883 4639 631
931 4576 1153 4639 gentem
1197 4566 1419 4620 Israelis
1464 4564 1660 4634 abjicis
1717 4575 1773 4619 et
1820 4565 2096 4635 reprobas1

2213 4587 2409 4639 τευμα,
2442 4569 2503 4621 τὸ
2546 4569 2697 4633 ἔθνος
2736 4568 2829 4622 τοῦ
2875 4568 3090 4641 Ἰσραὴλ
3113 4567 3374 4632 ἀπωθεῖς,
3410 4566 3794 4636 ἑξουθενισμέ-

521 4670 579 4716 et
622 4661 677 4715 in
712 4661 1109 4732 reprobatione
1160 4659 1275 4714 sive
1308 4657 1771 4714 condemnatione
1808 4658 2019 4724 abolcs,
2050 4665 2096 4713 cl

2208 4678 2297 4715 νον
2326 4656 2464 4712 εἶναι
2489 4656 2749 4722 κελεύων,
2774 4659 2869 4712 καὶ
2903 4661 2961 4712 ἐν
2990 4657 3323 4726 ἀπογνώσει.
3359 4657 3424 4710 Τί
3455 4655 3548 4710 οὖν
3574 4658 3603 4709 ὁ
3632 4655 3794 4717 αὐτὸς

523 4751 581 4805 in
610 4751 844 4805 nihilum
874 4749 1048 4821 redigi
1074 4750 1255 4820 jubes.
1291 4748 1433 4815 Quid
1464 4748 1634 4819 igitur
1661 4747 1806 4802 idem
1836 4749 2096 4818 propheta

2211 4753 2494 4823 προφήτης
2529 4749 2679 4814 λέγει
2723 4752 2849 4821 περὶ
2884 4750 2991 4803 τῶν
3027 4749 3500 4821 καινουργούντων
3542 4747 3614 4801 τὰ
3642 4747 3793 4800 εἴδω-

523 4843 661 4898 dicit
688 4842 755 4897 de
784 4843 872 4897 his
897 4842 993 4912 qni
1023 4858 1164 4896 nova
1205 4841 1480 4895 fabricant
1522 4840 1859 4895 simulacra?
1884 4839 2109 4911 Confer-

524 4937 675 4998 tavit,
708 4934 911 5005 inquit,
939 4935 1017 4988 vir
1047 4934 1198 5004 faber
1223 4943 1273 4987 et
1305 4933 1500 5003 artifex
1526 4934 1753 4987 wrarius
1785 4935 2105 5003 percutiens,

526 5026 780 5081 malleum
804 5022 963 5079 simul
981 5026 1215 5096 adigcns.
1246 5024 1385 5078 Tunc
1407 5024 1617 5095 quidem
1646 5024 1781 5077 dicet
1810 5041 1827 5078 .'
1850 5022 2109 5078 Solidatio

524 5118 662 5171 bona
698 5125 794 5171 est.
822 5116 971 5186 Ipsa,
1018 5132 1216 5187 nempe
1246 5116 1560 5180 simulacra,
1599 5115 1761 5170 clavis
1795 5115 1972 5183 deﬁxa
2008 5114 2110 5184 ﬁr-

525 5206 716 5258 mavit.
760 5204 964 5259 Ponant
998 5222 1060 5260 ea
1090 5203 1387 5260 laborantes
1422 5207 1476 5259 in
1515 5213 1680 5267 terra,
1720 5214 1768 5260 et
1799 5220 1902 5258 non
1940 5220 2111 5257 move-

536 5295 734 5350 buntur
769 5298 834 5349 ⁵⁸.
867 5298 923 5351 In
956 5296 1041 5352 his
1065 5297 1368 5369 gloriantur
1398 5307 1590 5369 gentes
1618 5312 1740 5367 qua:
1771 5305 1822 5351 te
1849 5296 2104 5351 attinent.

2208 4842 2314 4906 λα;
2349 4843 2623 4910 Ἴσχυσε,
2657 4844 2844 4911 φησὶν.
2882 4837 3039 4910 ἀνὴρ
3081 4841 3305 4895 τέκτων
3330 4883 3346 4907 ,
3374 4839 3475 4893 καὶ
3522 4837 3790 4909 χαλκεὺς

2207 4935 2445 4987 τύπτων
2468 4932 2602 4999 (83),
2649 4935 2893 5002 σφῦραν
2950 4932 3073 5001 ἅμα
3123 4933 3420 4985 ἐλαύνων.
3482 4930 3619 4984 Τότε
3670 4927 3788 4997 μὲν

2214 5025 2351 5094 ἐρεῖ,
2392 5027 2717 5095 Σύμϐλημα
2743 5028 2935 5080 καλόν
2960 5026 3148 5080 ἐστιν.
3174 5025 3468 5094 Ἵσχυσεν
3498 5021 3607 5089 (89)
3636 5020 3789 5074 αὐτὰ

2215 5116 2287 5169 ἐν
2319 5117 2508 5183 ἥλοις,
2538 5118 2683 5171 τοῦτ’
2720 5117 2837 5170 ἔστι
2891 5118 2959 5171 τά
3008 5116 3224 5171 εἴδωλα.
3267 5115 3581 5181 Θήσουσιν
3636 5110 3791 5165 αὐτὰ

2217 5212 2507 5279 καμόντες
2552 5212 2621 5265 ἐν
2657 5210 2732 5280 τῇ
2779 5210 2892 5281 γῇ,
2920 5211 3017 5265 καὶ
3055 5212 3126 5265 οὐ
3171 5208 3622 5275 κινηθήσονται.
3664 5203 3788 5256 Ἐπὶ

2216 5300 2427 5365 τούτοις
2459 5302 2737 5370 αὐχῶ-και
2764 5302 2831 5355 τὰ
2862 5300 2993 5372 ἔθνη
3022 5301 3091 5355 τά
3122 5299 3264 5356 κατά
3293 5300 3373 5353 σέ.
3418 5296 3578 5352 Ἀλλά
3617 5294 3789 5365 πρόσ-

609 5415 653 5446 “
692 5414 797 5470 lsa.
837 5431 957 5480 va,
992 5417 1045 5470 9.
1122 5414 1167 5445 δ’
1206 5413 1308 5468 lsa.
1346 5429 1450 5478 xu,
1499 5414 1553 5479 4,
1589 5412 1642 5477 5,
1689 5410 1723 5466 6
1770 5425 1881 5466 sec.
1932 5410 2095 5466 LXX.

2201 5416 2222 5447 ³
2254 5416 2357 5472 Isa.
2404 5431 2513 5495 ξω,
2552 5418 2603 5470 7.

626 5574 716 5646 82)
746 5580 817 5634 Al
850 5576 970 5632 ἐόδ.
1005 5577 1219 5641 Scribe,
1252 5578 1347 5629 καὶ
1376 5578 1429 5629 αἱ
1461 5575 1573 5646 ὲὸδ.
1616 5572 1825 5646 Conon.

626 5643 714 5715 85)
750 5648 1186 5711 Ταλανιζοντες.
1227 5646 1443 5715 Scribe.
1467 5643 1877 5715 ταλανίςοντας.
1916 5645 1991 5701 In.

759 5717 943 5787 Ἀλλὰ
971 5717 1062 5770 τό.
1105 5716 1242 5787 ΪΑλλΪ
1271 5714 1443 5787 ἢτοῦ.
1479 5714 1555 5769 lo.

602 5783 718 5860 (βξ)
760 5783 1583 5860 ’ξήμασέιῖε-βεῇρδδιμιξασιν·
1612 5783 1690 5842 ID-

604 5852 720 5931 (86)
749 5852 949 5916 Εἶδον.
975 5854 1120 5913 LXX
1155 5852 1490 5913 graecam».

2059 5503 2293 5565 NOTAE.

2291 5579 2402 5649 (87)
2447 5581 2556 5633 Τὸν
2583 5582 2689 5633 αλ.
2721 5578 2916 5633 Scribe
2946 5577 3130 5649 κρζνον
3158 5575 3365 5649 τὸν-πὶ.

2307 5641 2397 5715 88}
2438 5651 2702 5712 Τύπτων,
2736 5641 3149 5715 σφύραν’ἅμα.
3179 5645 3342 5700 LXX.
3367 5644 3522 5699 Alex.
3546 5641 3787 5715 ‘ttiﬁjgv.

2309 5652 2375 5704 88
2438 5652 2702 5712 Τύπτων,
2736 5662 2780 5701 σ
2831 5652 2982 5715 ύραν
3008 5652 3149 5715 ἅμα.
3180 5652 3342 5700 LXX.
3367 5652 3522 5699 Alex.
3546 5652 3787 5695 τύπτων.

2309 5652 2397 5792 89ζ
2433 5720 2747 5792 Ἴσχυσεν.
2775 5666 2966 5792 ζοτὶιξθ
2988 5716 3295 5792 ἰσχύρωσαν
3320 5718 3406 5792 (_nt
3425 5712 3571 5782 apud
3598 5711 3790 5783 LXX).

2212 5784 2337 5850 Mox
2373 5784 2639 5862 ίιαμόντες
2667 5803 2781 5846 non
2810 5795 2897 5847 est
2921 5787 2980 5845 in
3015 5784 3166 5844 textu
3194 5784 3288 5844 Gr.
3321 5784 3526 5842 Cum.
