4094 6548
295 454 405 519 705

1216 447 1672 513 DISPUTATIO
1707 448 1868 511 CUM
1903 448 2265 509 HERBANO
2305 450 2590 514 IUDIEO.

3436 456 3546 522 706

295 579 389 634 εχε
409 558 651 633 περὶτοῦ
687 559 906 631 Ἰσραὴλ
920 557 972 612 τι
994 557 1227 613 κελεύει.
1256 558 1331 612 Τὰ
1345 556 1463 627 μὲν
1481 558 1649 624 ἔθνη,
1679 557 1864 627 φησιν,

1981 555 2075 612 Sed
2103 556 2400 627 diligenter
2422 561 2666 628 attende,
2701 562 2769 618 de
2796 563 3001 620 lsraele
3031 564 3165 636 quid
3190 563 3383 636 jubet:
3415 561 3553 620 Gen-

292 655 366 709 ἐν
392 654 646 718 τούτοις.
678 650 763 705 Σὺ
790 650 880 715 δὲ,
921 647 1188 718 Ἰσραὴλ,
1223 649 1368 717 παῖς
1389 666 1509 720 μου
1555 645 1772 714 Ἰακὼϐ,
1802 646 1876 701 ὃν

294 744 670 813 ἐξελεξάμην
686 781 702 804 ,
727 740 968 810 σπέρμα
1008 742 1063 795 Ἀ
1074 740 1286 808 ϐραὰμ,
1312 740 1387 794 ὃν
1439 740 1731 809 ἠγάπησα
1757 777 1773 804 ,
1797 733 1872 794 οὗ

295 836 712 903 ἀντελαϐόμην
738 833 832 886 ἐπ’
855 832 1044 901 ἄκρου
1076 832 1192 902 (90)
1226 831 1337 901 τῆς
1362 831 1495 902 γῆς,
1527 832 1627 885 καὶ
1654 831 1723 885 ἐκ
1756 828 1875 885 τῶν

296 924 569 981 σκοπιῶν
599 921 792 992 αὐτῆς
819 919 1083 976 ἐκάλεσά
1110 935 1205 974 σε.
1234 920 1333 987 Μὴ
1360 919 1551 989 φοϐοῦ
1580 918 1715 989 (91),
1723 917 1875 986 μετὰ

296 1017 416 1073 σοῦ
470 1015 593 1085 γάρ»
630 1017 767 1084 ειμι.
797 1012 894 1082 Μὴ
934 1009 1147 1066 πλανῶ
1171 1028 1185 1042 ο
1219 1009 1335 1079 ἐγὼ
1372 1010 1482 1081 γάρ
1513 1013 1631 1080 εὶμι
1664 1014 1697 1064 ό
1729 1009 1875 1073 Θεός

298 1122 447 1171 σου,
478 1109 512 1160 ό
559 1104 898 1174 ἐνισχύσας
939 1117 1049 1158 σεο
1102 1098 1201 1154 καὶ
1250 1099 1555 1167 ἐϐοήθησά
1601 1114 1723 1163 σοι,
1776 1097 1875 1152 καὶ

298 1195 742 1267 ἠσφαλισάμην
776 1209 852 1248 σε
883 1193 958 1263 τῇ
990 1191 1161 1260 δεξιᾷ
1195 1209 1316 1262 μου
1354 1191 1428 1260 τῇ
1454 1191 1670 1259 δικαίᾳ.
1696 1190 1874 1262 Πρόσ-

301 1306 416 1360 εχε,
453 1286 657 1360 Κύριος
682 1289 712 1340 6
743 1286 937 1357 μέγας,
963 1284 1048 1339 ἵνα
1081 1284 1392 1357 θαυμάσῃς,
1421 1284 1624 1355 ὁπόσην
1651 1284 1874 1354 ἀγάπην

301 1380 568 1446 κέκτηται
596 1379 625 1430 6
658 1375 791 1439 Θεὸς
813 1375 971 1446 ’πρὸς
1000 1375 1091 1429 τὸν
1134 1376 1373 1445 Ἰσραήλ.
1403 1375 1672 1430 Ἀκουσον
1698 1376 1872 1443 λέξεις

306 1467 532 1538 φίλτρου
566 1465 660 1520 καὶ
703 1464 909 1530 ζέσεως
944 1464 1179 1535 ἀπείρου
1225 1464 1452 1533 μεστάς.
1499 1464 1874 1534 Ἦσςραλισά·

297 1574 427 1628 μην
461 1571 557 1623 σε,
588 1555 744 1626 φησὶ,
772 1552 847 1622 τῇ
873 1552 1043 1622 δεξιᾷ
1057 1571 1176 1624 μου
1209 1552 1286 1621 τῇ
1308 1554 1529 1622 δικαίᾳ.
1562 1552 1672 1609 Καὶ
1699 1552 1830 1608 ἰδοὺ
1855 1593 1871 1619 ,

304 1646 822 1718 αισχυνθήσονται
871 1645 972 1698 καὶ
1017 1644 1499 1714 ἐντραπήσονται
1547 1644 1773 1712 πάντες
1818 1649 1874 1700 οι

304 1738 600 1796 ἀντίδικοι
636 1754 773 1791 σου.
815 1736 1112 1805 Ζητήσεις
1141 1739 1386 1804 αὐτοὺς,
1416 1736 1515 1791 καὶ
1545 1739 1617 1792 οὐ
1656 1738 1744 1805 μὴ
1778 1740 1875 1794 εὐ-

298 1830 536 1899 ρήσεις,
565 1827 709 1893 τοὺς
726 1826 1100 1895 ἀνθρώπους,
1125 1826 1182 1882 οἳ
1209 1826 1604 1895 παρῳνήκασι
1632 1827 1746 1897 (92)
1776 1842 1869 1882 σε.

308 1924 597 1976 Ἔσονται
636 1918 746 1990 γὰρ
775 1920 854 1985 ὡς
882 1920 994 1974 οὐκ
1037 1919 1229 1986 ὄντες,
1258 1918 1357 1973 καὶ
1398 1920 1511 1974 οὐκ
1546 1919 1792 1974 ἔσονται
1820 1922 1876 1974 οἱ
1906 1916 1948 1972 Β

306 2009 853 2081 ὰντιπολεμοῦντές
880 2027 955 2066 σε
975 2027 988 2043 ’
1019 2010 1110 2065 ὅτι
1140 2011 1256 2082 ἐγὼ
1284 2012 1318 2067 ὁ
1358 2011 1503 2077 Θεός
1528 2028 1647 2065 σου
1676 2014 1710 2066 ὁ
1736 2027 1878 2080 κρα-

305 2104 425 2160 τῶν
468 2104 578 2174 τῆς
620 2103 824 2171 δεξιᾶς
875 2119 1012 2168 σου,
1040 2106 1073 2157 ό
1108 2103 1304 2173 λέγων
1337 2120 1469 2168 σοι,
1501 2103 1598 2171 Μὴ
1640 2103 1831 2172 φοϐοῦ
1860 2120 1875 2135 ⁸

304 2197 421 2267 ἐγὼ
457 2194 759 2263 ἐϐοήθησά
816 2211 937 2261 σοι,
976 2194 1063 2264 μὴ
1106 2194 1319 2264 φοϐοῦ,
1353 2194 1604 2264 σκώληξ
1653 2193 1877 2263 Ἰακώϐ,

307 2286 612 2355 ὀλιγοστοὶ
651 2284 923 2353 Ἰσραήλ.
965 2283 1108 2354 Ἐγὼ
1135 2282 1440 2351 ἐϐοήθησὰ
1484 2284 1806 2353 σοι,λέγει
1846 2288 1879 2339 ό

308 2380 474 2445 Θεὸς,
508 2381 541 2431 ό
595 2377 1002 2446 λυτρούμενος
1054 2376 1230 2446 (93),
1286 2380 1319 2430 ό
1372 2375 1538 2445 ἅγιος
1610 2376 1876 2443 Ἰσραήλ.

306 2468 518 2523 Οὐκοῦν
543 2468 643 2521 οὐκ
672 2468 820 2520 ἔστιν
850 2466 1058 2533 οὖτως;
1089 2467 1164 2521 Οὐ
1187 2467 1339 2536 λέγει
1368 2467 1544 2521 ταῦτα
1572 2468 1602 2519 6
1629 2466 1762 2530 θεὸς
1792 2466 1881 2520 διὰ

304 2559 400 2613 τοῦ
457 2560 739 2630 προφήτου
789 2558 919 2629 περὶ
961 2557 1070 2611 τῶν
1117 2557 1430 2629 ⁹Ε6ραίο›ν;
1467 2559 1541 2611 Τὸ
1573 2558 1760 2612 λοιπὸν
1788 2560 1881 2613 καὶ

306 2652 472 2716 αὐτὸς
495 2650 725 2714 παῦσαι,
757 2653 851 2704 καὶ
886 2650 962 2720 μὴ
993 2650 1197 2713 κόπους
1235 2651 1440 2722 πάρεχε
1471 2652 1654 2708 πλέον.

378 2743 490 2798 Καὶ
531 2746 573 2796 υ
621 2743 841 2798 ΑΓΙΟΣ.
891 2742 1001 2814 Τὴν
1056 2742 1156 2811 μὲν
1206 2744 1547 2814 προφητείαν
1606 2745 1878 2815 εἴρηκας’

306 2836 369 2892 τὸ
392 2838 448 2891 δὲ
480 2837 609 2907 περὶ
639 2836 785 2897 τίνος
816 2835 1150 2908 διαγορεύει,
1169 2836 1405 2905 οὐδαμοῦ
1426 2837 1537 2909 (96)
1566 2838 1879 2893 ἐπίστασαι.

378 2929 627 2984 EPBAN.
680 2929 818 3001 Περὶ
857 2928 1075 2999 Ἰσραὴλ
1110 2928 1329 2991 πάντως
1364 2929 1585 2999 φάσκει,
1628 2931 1725 2985 καὶ
1754 2934 1883 3003 περὶ

321 3019 541 3085 Ἰακὼϐ,
569 3020 665 3075 καὶ
694 3020 827 3092 περὶ
850 3021 1165 3093 σπέρματος
1209 3020 1482 3092 ’Δϐραάμ.
1514 3024 1625 3076 Καὶ
1653 3024 1762 3095 ἄρα
1785 3027 1884 3079 οὐκ

309 3114 618 3185 ὶπισταμαι
669 3112 780 3181 ἐγὼ
812 3114 933 3167 τίνα
970 3113 1321 3184 φθέγγομαις
1365 3114 1486 3167 Ἀπ’
1527 3116 1698 3186 ἄκρου
1757 3116 1879 3184 γῆς.

1974 656 2071 713 tes,
2097 648 2299 719 inquit,
2334 654 2389 705 in
2423 654 2523 707 his.
2556 654 2659 709 Sed
2696 665 2775 721 tu,
2798 656 2990 722 Israel,
3022 655 3166 725 [ilius
3189 655 3370 721 Iacob,
3400 670 3554 725 quem

1973 736 2107 808 elegi
2143 754 2161 793 :
2202 756 2378 793 semen
2420 742 2665 803 Abrahae.
2699 760 2854 815 quem
2885 747 3068 810 dilexi,
3109 761 3262 816 quem
3292 744 3555 798 uindicaui

1974 832 2039 884 ab
2072 833 2317 886 extremis
2342 841 2518 899 terrae,
2564 843 2613 888 et
2651 852 2713 889 ea:
2742 835 2966 908 speculis
3002 838 3116 908 ejus
3147 835 3330 891 vocavi
3380 843 3447 887 te.
3476 832 3556 887 Ne

1974 924 2180 988 timeas,
2226 932 2396 979 tecum
2426 926 2565 981 enim
2607 944 2777 983 sum:
2825 946 2891 983 ne
2937 946 3116 983 errore
3160 931 3382 1000 fluctues
3407 938 3557 993 :‘ego

1973 1018 2112 1070 enim
2153 1034 2270 1071 sum
2307 1017 2446 1072 Deus
2488 1029 2629 1087 tuus,
2666 1023 2759 1091 qui
2801 1030 2848 1075 te
2879 1023 3237 1085 corroboravi,
3274 1029 3322 1074 et
3343 1019 3461 1091 juvi
3484 1027 3554 1083 te,

1973 1115 2026 1161 et
2067 1096 2642 1178 conﬁrmavi‘deztera
2684 1128 2803 1165 mea
2834 1114 2991 1183 justa
3025 1112 3095 1166 “.
3140 1110 3403 1175 Attende,
3450 1110 3558 1163 Do-

1963 1199 2158 1278 ‘minus
2191 1216 2438 1270 magnus,
2477 1212 2540 1256 ut
2587 1202 2880 1257 admireris
2928 1209 3133 1273 quanta
3167 1187 3557 1255 benevolentia
3604 1216 3617 1225 ’-

1972 1298 2031 1344 et
2074 1290 2372 1347 dilectione
2418 1294 2565 1348 Deus
2609 1293 2867 1348 lsraelem
2899 1299 3229 1364 prosecutus
3271 1296 3377 1346 est.
3410 1287 3555 1344 Audi
3609 1282 3625 1358 ’ξ

1972 1382 2143 1436 verba
2167 1384 2374 1439 amoris
2391 1395 2447 1439 et
2467 1385 2721 1439 immensi
2747 1385 2965 1440 ardoris
2996 1386 3197 1454 plena:
3233 1381 3321 1447 Te,
3350 1380 3552 1451 inquit,
3618 1366 3625 1373 ’

1973 1476 2188 1530 dextera
2242 1493 2360 1531 mea
2391 1478 2542 1549 justa
2585 1476 2915 1547 conﬁrmavi,
2972 1485 3263 1545 tutumque
3298 1474 3367 1528 ab
3394 1472 3555 1528 omni

1973 1566 2223 1636 periculo
2290 1568 2524 1622 reddidi.
2565 1568 2698 1622 Ecce
2736 1568 3035 1621 erubescent
3089 1578 3136 1620 et
3171 1565 3557 1635 confundentur

1974 1675 2151 1714 omnes
2179 1661 2469 1714 adversarii
2499 1662 2600 1715 tui.
2636 1660 2849 1726 Qua'res
2880 1661 3042 1730 ipsos,
3076 1667 3126 1713 et
3152 1675 3257 1713 non
3302 1658 3554 1720 invenies,

1972 1752 2204 1805 homines
2229 1753 2319 1822 qui
2351 1761 2401 1806 te
2429 1752 2749 1806 contumelia
2779 1753 3086 1822 aﬁ'ecerunt.
3122 1748 3299 1803 Erunt
3330 1747 3471 1801 enim
3495 1753 3556 1799 ut

1973 1842 2057 1897 illi
2086 1844 2176 1913 qui
2225 1860 2329 1896 non
2361 1852 2507 1907 sunt,
2552 1851 2603 1895 et
2633 1858 2737 1896 non
2774 1850 2927 1894 erunt
2968 1841 3059 1911 qui
3106 1847 3292 1892 contra
3323 1846 3372 1889 te
3414 1834 3555 1889 bella

1977 1943 2186 2004 gerunt.
2223 1932 2362 1998 Quia
2390 1949 2483 2004 ego
2512 1932 2652 1986 Deus
2687 1940 2805 1984 tuus
2843 1938 3022 1983 tenens
3065 1929 3339 1981 dexteram
3380 1932 3554 1989 tuam,

1977 2027 2067 2097 qui
2106 2026 2233 2079 dicit
2254 2027 2346 2079 tibi
2367 2041 2388 2080 :
2420 2025 2546 2079 Noli
2583 2026 2787 2089 timere,
2823 2038 2915 2093 ego
2935 2022 3051 2093 juui
3085 2030 3134 2073 te
3155 2036 3174 2072 :
3208 2018 3316 2072 noli
3348 2018 3556 2081 timere,

1976 2120 2168 2172 vermis
2203 2118 2386 2184 Iacob,
2413 2118 2717 2187 paucissimi
2742 2112 2981 2170 Israelis.
3032 2112 3143 2183 Ego
3168 2112 3284 2182 juvi
3328 2119 3396 2175 te,
3430 2108 3557 2161 dicit

1978 2211 2120 2265 Deus
2155 2222 2294 2275 tuus,
2331 2211 2422 2281 qui
2446 2217 2494 2261 te
2522 2209 2760 2271 redemit,
2788 2205 2960 2261 Israel
2987 2206 3055 2257 ".
3082 2204 3279 2258 Annon
3336 2201 3455 2255 haec
3479 2200 3554 2253 ita

1978 2303 2148 2359 sunt?
2181 2303 2301 2356 Non
2335 2302 2450 2355 [nec
2482 2299 2617 2354 dicit
2657 2299 2803 2353 Deus
2843 2311 2942 2366 per
2976 2294 3305 2365 prophetam
3334 2291 3403 2346 de
3446 2290 3556 2345 He-

1980 2391 2190 2447 braeis?
2222 2390 2495 2445 Caeterum
2532 2398 2589 2442 tu
2634 2388 2751 2457 ipse
2796 2386 2961 2440 linem
3016 2384 3257 2453 impone,
3301 2388 3360 2436 et
3393 2377 3558 2434 nobis

1981 2481 2262 2539 molestias
2291 2480 2552 2536 exhibere
2592 2477 2830 2547 amplius
2860 2474 2996 2530 noli.

2054 2755 2111 2811 S.
2138 2753 2345 2809 ARCll.
2390 2751 2649 2807 Divinum
2697 2747 2922 2818 quidem
2949 2744 3237 2801 oraculum
3268 2740 3558 2797 recitasti:

1982 2848 2051 2903 de
2081 2862 2191 2916 quo
2228 2852 2409 2899 autem
2447 2840 2714 2912 praedicit,
2739 2839 2892 2893 nullo
2911 2835 3077 2891 modo
3105 2830 3385 2902 intelligis.

2054 2959 2259 3015 HEBB.
2287 2958 2362 3012 De
2420 2954 2622 3011 lsraele
2678 2963 2736 3007 et
2776 2951 2846 3006 de
2893 2947 3084 3007 Iacob,
3142 2954 3198 2999 et
3248 2943 3315 2997 de
3353 2940 3563 2997 semine

1984 3048 2217 3103 Abrahae
2240 3044 2507 3116 prOpheta
2537 3040 2762 3097 orflnino
2785 3036 3139 3092 vaticinatur.
3160 3032 3230 3087 Et
3251 3046 3352 3101 ego
3375 3028 3566 3084 nescio

1985 3156 2106 3211 qua
2127 3135 2467 3209 proloquor?
2493 3133 2573 3187 Ab
2595 3141 2844 3187 extremo
2866 3138 3050 3191 terrae,
3084 3135 3283 3192 nempe
3307 3136 3376 3176 ex
3401 3118 3567 3191 Egy-

310 3206 483 3277 ἥγουν
515 3205 573 3270 ἐξ
609 3205 910 3274 Αἰγύπτου,
941 3205 1252 3274 διαγγέλλει
1281 3206 1444 3259 αὑτὸν
1470 3206 1882 3277 προσκεκληκέ-

1988 3205 2143 3301 pm,—
2175 3225 2468 3282 denuntiat
2516 3224 2696 3293 ipsum
2730 3233 2989 3275 evocasse
3054 3215 3109 3269 in
3164 3222 3373 3267 terram
3437 3224 3568 3281 pro-

311 3314 405 3350 ναι
434 3296 573 3365 πρὸς
600 3296 699 3367 τὴν
722 3296 825 3366 γῆν
854 3297 951 3367 τῆς
981 3295 1335 3365 ἐπαγγελίας,
1359 3297 1453 3350 καὶ
1475 3297 1639 3361 αὐτὸς
1660 3298 1887 3367 φάσκεις

316 3388 448 3444 τάδε
478 3390 702 3442 κάκεῖνα
726 3405 743 3455 ;

389 3500 503 3556 Καὶ
528 3502 570 3554 Ο
590 3499 813 3554 ΔΙΊΟΣ.
829 3499 926 3563 T6,
950 3499 1035 3553 Σὺ
1066 3499 1318 3568 Ἰσραὴλ
1344 3500 1485 3567 παῖς
1507 3517 1628 3570 μου
1661 3499 1887 3567 Ἰακὼϐ,

315 3593 392 3649 ὃν
427 3591 835 3661 ἐξελεξάμην,
877 3590 1117 3660 σπέρμα
1156 3592 1432 3662 Ἀϐραὰμ,
1464 3592 1538 3647 ὃν
1579 3591 1887 3661 ἠγάπησα,

315 3682 747 3753 ὶωτιζὸμενος,
772 3676 818 3737 ὦ
856 3682 1058 3754 Ἑρὸᾶν
1097 3684 1529 3755 ὲρημοϐἀτευτε,
1568 3684 1642 3755 μὴ
1692 3685 1887 3754 περιρ-

319 3775 622 3847 ρεμϐάζου,
659 3775 742 3828 ὅτι
796 3776 924 3844 περὶ
980 3774 1182 3838 παντὸς
1228 3775 1403 3846 δήμου
1469 3775 1580 3828 τῶν
1625 3774 1891 3828 Ἰουδαίων

316 3866 480 3922 ’τοῦτο
514 3869 735 3937 εἴρηκεν
755 3906 771 3933 ,
803 3866 940 3920 ἀλλὰ
980 3868 1111 3937 περ).
1145 3866 1244 3920 τοῦ
1277 3866 1413 3936 ἐμοῦ
1448 3865 1707 3937 Χριστοῦ,
1740 3867 1796 3930 ὃς
1823 3862 1891 3937 ἦν

319 3960 453 4024 Θεὸς
493 3962 556 4014 ὲκ
587 3959 750 4025 θεοῦ,
779 3960 876 4013 καὶ
900 3958 987 4012 διὰ
1008 3959 1107 4029 τὴν
1143 3960 1419 4028 σωτηρίαν
1445 3958 1554 4011 τῶν
1590 3957 1892 4028 ἀνθρώπων

319 4051 408 4106 ἐπ’
449 4051 694 4123 ἐσχάτων
745 4052 854 4106 τῶν
912 4052 1139 4123 ἡμερῶν
1191 4052 1410 4118 ἐγένετο
1463 4049 1771 4121 ἄνθρωπος,
1828 4052 1892 4103 ἐκ

322 4144 638 4215 σπέρματος
681 4143 956 4213 Ἀϐραὰμ,
985 4144 1082 4196 καὶ
1122 4143 1332 4207 Ἰσαὰκ,
1358 4143 1457 4195 καὶ
1486 4140 1682 4195 Ἰακώϐ
1703 4157 1718 4170 ·
1750 4144 1894 4195 ἐπει-

318 4234 387 4304 δὴ
422 4231 643 4304 Ἰσμαὴλ
683 4232 743 4296 ἐξ
779 4232 1032 4305 ’Λὸραὰμ
1062 4235 1090 4287 6
1128 4232 1317 4287 Ἰσαὰκ
1350 4231 1463 4304 (95)
1496 4231 1620 4301 ἔφυ.
1660 4234 1778 4285 Ἵνα
1824 4232 1891 4285 σὺ

325 4324 403 4395 μὴ
452 4321 619 4395 εῦρῃς
651 4322 761 4393 (96)
803 4323 887 4376 ὅτι
930 4324 1061 4386 ἴσως
1108 4325 1173 4377 ἐκ
1200 4323 1377 4392 φυλῆς
1417 4318 1488 4394 ἧν
1532 4322 1778 4393 Ἰσμαὴλ,
1803 4322 1894 4375 διὰ

320 4414 483 4468 τοῦτο
529 4417 559 4467 6
595 4414 882 4485 προῳήτης
934 4415 1176 4484 εἴρηκεν,
1209 4413 1355 4481 Παῖς
1396 4431 1519 4483 μου
1557 4415 1795 4481 Ἰακὼϐ,
1822 4415 1895 4469 ὃν

320 4504 633 4576 ἠγάπησα.
663 4506 724 4558 El
773 4504 830 4558 δὲ
875 4504 1041 4578 εῦρῃς
1086 4508 1168 4560 ὅτι
1215 4507 1311 4576 οὐχ
1357 4505 1532 4570 οὕτως
1562 4508 1700 4571 ἐστὶ,
1722 4507 1894 4574 δεῖξόν

1988 3319 2313 3376 missionis:
2356 3325 2413 3372 et
2468 3324 2526 3370 tu
2579 3313 2696 3383 ipse
2738 3311 2858 3365 base
2912 3315 2970 3362 et
3018 3306 3110 3361 illa
3156 3302 3528 3374 obloqueris?

2063 3523 2119 3579 S.
2157 3520 2363 3578 ARCH.
2415 3518 2608 3574 Illud:
2676 3517 2750 3570 Tu
2805 3512 2975 3569 Israel
3029 3510 3173 3579 [ilius
3224 3525 3372 3563 meus
3411 3506 3574 3562 Iacob

1991 3633 2143 3689 quem
2182 3613 2333 3684 elegi,
2375 3628 2551 3664 semen
2575 3608 2802 3664 Abrahcc
2834 3622 2988 3677 quem
3026 3603 3207 3669 dilexi,
3235 3616 3269 3654 0
3298 3599 3575 3665 Herbane,

1992 3688 2084 3779 qui
2111 3721 2207 3777 per
2230 3704 2448 3758 deserta
2469 3700 2704 3771 vagaris,
2737 3694 2966 3751 attentis
2986 3692 3215 3747 auribus
3238 3688 3577 3760 percipiens,

1993 3777 2060 3854 ne
2092 3806 2274 3851 mente
2306 3800 2571 3861 occupata
2590 3797 2646 3843 et
2680 3785 3009 3859 vagabundo
3037 3784 3222 3838 animo
3244 3789 3395 3851 puta,
3428 3777 3579 3849 quod

1992 3886 2263 3962 propheta
2286 3884 2353 3939 de
2375 3882 2571 3954 quovis
2591 3881 2793 3952 populo
2817 3877 3133 3933 Iudaeorum
3166 3874 3273 3928 hoc
3294 3871 3573 3942 praedixit,

1992 3978 2088 4035 scd
2109 3976 2178 4031 de
2208 3990 2331 4029 meo
2363 3972 2606 4035 Christo,
2638 3971 2731 4040 qui
2761 3976 2878 4023 erat
2907 3968 3053 4021 Deus
3088 3980 3156 4019 ex
3186 3964 3320 4027 Deo,
3361 3969 3418 4017 et
3450 3976 3577 4031 pro-

1992 4074 2116 4138 pter
2135 4062 2420 4117 hominum
2447 4058 2681 4113 salutem
2716 4056 2770 4109 in
2793 4052 3055 4110 extremis
3077 4050 3274 4105 diebus
3299 4048 3475 4102 factus
3496 4054 3583 4102 est

1992 4155 2182 4219 homo,
2213 4166 2281 4205 ex
2312 4148 2523 4204 semine
2554 4145 2788 4201 Abraha:
2812 4151 2869 4197 et
2889 4143 3042 4196 Isaac
3079 4150 3135 4195 et
3159 4138 3329 4195 Iacob
3358 4156 3372 4193 τ
3403 4137 3581 4207 siqui-

1993 4246 2119 4301 dem
2156 4241 2352 4297 lsmael
2386 4248 2447 4295 ut
2485 4237 2638 4292 lsaac
2679 4235 2826 4289 illius
2850 4231 3085 4287 Abrahae
3109 4230 3233 4284 fuit.
3262 4228 3342 4283 Ne
3387 4236 3577 4281 autem

1993 4334 2221 4398 dixeris,
2261 4330 2410 4403 quod
2441 4330 2583 4385 forte
2611 4343 2680 4383 ex
2712 4325 2860 4380 tribu
2891 4321 3138 4378 lsmaelis
3176 4328 3343 4374 natus
3371 4317 3463 4380 sit,
3494 4317 3581 4372 id-

1993 4426 2146 4482 circo
2176 4421 2449 4493 propheta
2476 4418 2645 4474 dixit:
2674 4415 2839 4470 Filius
2862 4429 3006 4466 meus
3031 4410 3192 4466 Iacob
3217 4425 3369 4481 quem
3395 4407 3579 4462 dilexi.

1994 4517 2153 4586 Quod
2185 4517 2231 4572 si
2260 4514 2468 4570 dixeris
2494 4527 2618 4581 non.
2638 4510 2713 4563 ita
2747 4522 2892 4570 esse,
2930 4504 3157 4560 ostende
3190 4501 3323 4555 mihi
3358 4509 3436 4565 tu,
3470 4515 3583 4569 quo

327 4612 422 4664 μοι
466 4596 648 4660 αὐτὸς,
692 4594 830 4667 ποίῳ
863 4597 1040 4668 χρόνῳ
1076 4598 1176 4651 οὐκ
1208 4598 1535 4666 ἐγκατέλιπε
1575 4616 1636 4653 σε
1668 4602 1697 4654 6
1738 4600 1883 4665 Θεός.

1999 4620 2247 4680 tempore
2281 4622 2390 4662 non
2438 4600 2738 4671 dereliquit
2760 4607 2814 4653 te
2857 4598 3024 4653 Deus.
3052 4594 3245 4649 Nonne
3280 4607 3341 4647 es
3369 4590 3584 4660 disper-

326 4688 444 4740 υῦκ
466 4683 516 4740 εἷ
544 4687 1039 4758 διεσκορπισμένος
1069 4690 1150 4751 εἰς
1176 4690 1245 4742 τὰ
1276 4689 1488 4759 πέρατα
1516 4690 1615 4759 τῆς
1640 4691 1899 4760 οἰκουμέ-

2005 4718 2101 4758 sus
2126 4711 2184 4756 et
2218 4699 2496 4768 relegatus
2531 4692 2599 4748 ad
2620 4690 2773 4747 orbis
2804 4697 3075 4743 terrarum
3115 4691 3397 4738 extremos
3422 4681 3579 4735 lines.

325 4794 462 4846 νης;
494 4778 606 4832 Οὐκ
639 4774 689 4832 εἴ
716 4779 919 4842 ὄνειδος
946 4795 961 4844 ;
987 4779 1100 4831 υὺκ
1120 4774 1171 4832 si
1200 4777 1756 4849 ὲγκαταλελειμμένος
1781 4780 1883 4851 Θειῖ

1999 4797 2193 4851 Nonne
2224 4806 2284 4846 cs
2308 4790 2573 4860 probrum
2597 4786 2621 4839 ?
2650 4799 2761 4839 non
2792 4783 2979 4837 divino
3008 4779 3357 4846 humanoque
3389 4775 3584 4845 praesi-

328 4871 427 4923 καὶ
456 4871 608 4941 παρὰ
635 4870 980 4942 ἁνθρὼποιςς
1006 4872 1167 4938 Λέγει
1197 4874 1226 4925 6
1255 4872 1563 4941 προφήτης,
1596 4873 1759 4928 Μετὰ
1782 4874 1883 4929 σοὶ

2001 4887 2097 4941 dio
2139 4880 2493 4938 destitutus?
2518 4878 2665 4934 Dicit
2696 4874 2965 4946 propheta
2992 4890 3004 4924 :
3030 4871 3219 4925 Tecum
3265 4869 3407 4921 enim
3430 4883 3549 4921 sum
3567 4906 3584 4929 ,

329 4960 442 5032 γάρ
465 4964 605 5031 εἰμι,
637 4963 738 5016 καὶ
780 4962 894 5033 ἐγώ
933 4966 1051 5032 ειμι
1090 4963 1234 5029 Θεὸς
1264 4966 1296 5017 ὀ
1324 4964 1655 5032 ἐνισχύσας
1684 4982 1777 5029 σε,
1800 4982 1883 5020 καί

2004 4986 2054 5032 et
2076 4990 2169 5046 ego
2190 4990 2305 5027 sum
2323 4972 2486 5032 Deus,
2515 4971 2604 5040 qui
2637 4975 2686 5020 te
2709 4965 2970 5026 roboravi,
2995 4971 3042 5015 et
3067 4971 3115 5021 te
3135 4960 3254 5029 juvi
3271 4999 3286 5023 ,
3318 4965 3367 5011 et
3385 4967 3436 5011 te
3462 4973 3586 5010 cou-

328 5052 635 5119 ἐϐοήθησά
687 5070 807 5120 σοι,
860 5056 957 5108 καὶ
1012 5053 1452 5123 ἠσφαλισάμην
1499 5070 1573 5107 σε
1614 5054 1689 5123 τῇ
1736 5055 1883 5126 ὃεξιζ

2003 5062 2240 5132 ﬁrmavi,
2299 5069 2575 5129 tutumque
2597 5053 2800 5109 reddidi
2837 5068 2953 5107 mea
2986 5051 3202 5104 dextera
3236 5049 3409 5118 justa.
3442 5047 3591 5118 Ergo

327 5161 450 5214 μου
501 5142 577 5211 τῇ
621 5143 841 5210 δικαίᾳ.
866 5143 1077 5201 Οὐκοῦν
1131 5143 1235 5197 ποῦ
1282 5146 1399 5198 ἐστι
1450 5144 1571 5216 μεθ’
1602 5146 1756 5216 ὑμῶν
1796 5150 1883 5201 τῶι

2006 5153 2103 5208 ubi
2137 5165 2287 5206 nunc
2318 5149 2608 5205 vobiscum
2650 5142 3083 5199 Hebraeis'Deus
3127 5140 3255 5195 est?
3278 5138 3589 5210 przesertim

406 5255 454 5287 “
490 5256 596 5312 lsa.
622 5273 732 5324 xu,
770 5256 920 5311 8-l0.
996 5258 1042 5291 ³⁸
1082 5255 1216 5311 ibid.
1260 5254 1452 5311 10o”.

1800 5368 2032 5435 ΝΟΤᾸΞ.

410 5465 522 5548 (90)
554 5466 681 5548 Ἐπ’
715 5464 851 5548 ἆκρ.
890 5463 1081 5548 Scribe
1112 5463 1205 5517 ἀπ’
1232 5462 1404 5534 ἄκρου
1423 5504 1437 5528 ,
1460 5462 1616 5533 juxta
1642 5460 1803 5520 LXX.
1832 5465 1883 5522 Si

2020 5541 2051 5548 _
2102 5471 2212 5541 (95)
2256 5471 2318 5525 Ὀ
2335 5469 2507 5548 θεὸς,
2585 5464 3043 5548 λυτρζθὲειίῢεεὸ
3062 5460 3207 5548 ﬁeri;
3233 5477 3357 5548 σου,
3431 5459 3587 5548 λυτρ.

336 5529 686 5609 θηίῑιιίρθυβο
716 5529 925 5609 Ροέιβι
956 5536 1150 5609 ἔπλεο
1218 5604 1230 5609 _
1309 5529 1320 5534 τ
1404 5529 1560 5609 ,ξω
1626 5604 1668 5609 __
1715 5604 1725 5609 ,
1806 5600 1831 5609 _
1894 5608 1899 5609 ί
2011 5529 2413 5597 ϐυίοκί-Ῑιιι
2443 5529 2665 5609 quidem
2694 5529 2859 5603 LXX,
2906 5532 3031 5589 cod.
3062 5533 3186 5589 Vat.
3224 5539 3282 5586 at
3327 5529 3481 5587 Alex.
3529 5529 3587 5590 ut

412 5600 652 5679 (θηξιιιίρ
693 5600 909 5679 pocae.
935 5605 1144 5679 εφη-ευρ,
1195 5604 1367 5673 (juxta
1404 5600 1589 5679 L_XX_).
1626 5604 1737 5679 Καὶ
1780 5600 1883 5679 etm

2012 5613 2124 5668 hic.
2150 5615 2177 5664 6
2206 5611 2358 5673 Θεὸς,
2389 5613 2417 5662 6
2448 5600 2604 5679 λυτρ.

342 5671 430 5749 σοί
455 5691 469 5706 ·
501 5671 770 5749 Παῖςιίου
791 5672 867 5749 εἰ,
897 5671 1239 5749 ἐξελεξάμην.
1263 5689 1344 5733 σε,
1374 5672 1471 5724 καὶ
1496 5673 1598 5725 οὐκ
1629 5675 1914 5743 ὲγκατέλι-
2086 5681 2194 5749 (94)
2227 5671 2524 5747 Οὐδαμοῦ.
2553 5671 2725 5749 Ῥοιιιε
2760 5671 3281 5749 οζιραιιῶςο,ῦυιοιηο

340 5747 554 5824 πὸνᾷςε.
582 5743 680 5824 ρὴ
710 5745 897 5824 φοϐοῦ,
932 5763 989 5799 κ.
1027 5762 1079 5824 Th.
1108 5747 1183 5824 λ...
1201 5743 1405 5797 GULON.
1539 5813 1550 5824 ι
1743 5815 1765 5824 _

2232 5743 2463 5824 Ἰσαάκ.
2496 5749 2658 5824 [forte
2682 5748 2758 5824 ὼς
2780 5743 3007 5824 ίιπιέικ.
3042 5743 3120 5824 Ie.

416 5814 529 5887 (92)
574 5808 996 5885 Παρῲνήκιισι.
1042 5813 1238 5871 Scribe
1267 5813 1714 5886 παρανομήσασι.
1743 5815 1818 5873 Io.
1841 5846 1883 5857 -

341 5884 487 5942 LXX
517 5886 925 5951 παροινήσουσι.

2086 5808 2196 5891 (96)
2233 5820 2454 5891 Εὕρης.
2496 5819 2660 5875 Forte
2686 5808 2852 5889 ἐρεῖς.
2889 5812 3005 5889 (Sic
3035 5819 3093 5871 et
3117 5810 3284 5886 paulo
3315 5808 3481 5885 post).
3510 5808 3587 5869 In.
