  <div class='ocr_page' id='page_1' title='image "/cluster/home/n/w/nwhite01/storage/ocr_20150623/86:1/hvd.32044019208909/361.png"; bbox 0 0 4088 6556; ppageno 0'>
   <div class='ocr_carea' id='block_1_1' title="bbox 521 436 626 501">
    <p class='ocr_par' dir='ltr' id='par_1_1' title="bbox 521 436 626 501">
     <span class='ocr_line' id='line_1_1' title="bbox 521 436 626 501; baseline 0.01 -1"><span class='ocrx_word' id='word_1_1' title='bbox 521 436 626 501; x_wconf 78' lang='lat'><strong>707</strong></span> 
     </span>
    </p>
   </div>
   <div class='ocr_carea' id='block_1_2' title="bbox 1458 431 2826 494">
    <p class='ocr_par' dir='ltr' id='par_1_2' title="bbox 1458 431 2826 494">
     <span class='ocr_line' id='line_1_2' title="bbox 1458 431 2826 494; baseline -0.001 0"><span class='ocrx_word' id='word_1_2' title='bbox 1458 435 1520 494; x_wconf 93' lang='lat' dir='ltr'><strong>S.</strong></span> <span class='ocrx_word' id='word_1_3' title='bbox 1555 431 1984 494; x_wconf 79' lang='lat' dir='ltr'><strong>GREGENTII</strong></span> <span class='ocrx_word' id='word_1_4' title='bbox 2024 432 2256 492; x_wconf 87' lang='lat' dir='ltr'><strong>EPlSC.</strong></span> <span class='ocrx_word' id='word_1_5' title='bbox 2295 431 2826 493; x_wconf 80' lang='lat' dir='ltr'><strong>TAPHARENSIS</strong></span> 
     </span>
    </p>
   </div>
   <div class='ocr_carea' id='block_1_3' title="bbox 3676 433 3786 495">
    <p class='ocr_par' dir='ltr' id='par_1_3' title="bbox 3676 433 3786 495">
     <span class='ocr_line' id='line_1_3' title="bbox 3676 433 3786 495; baseline 0 0"><span class='ocrx_word' id='word_1_6' title='bbox 3676 433 3786 495; x_wconf 90' lang='lat'><strong>708</strong></span> 
     </span>
    </p>
   </div>
   <div class='ocr_carea' id='block_1_4' title="bbox 518 536 2110 614">
    <p class='ocr_par' dir='ltr' id='par_1_4' title="bbox 518 537 2101 614">
     <span class='ocr_line' id='line_1_4' title="bbox 518 537 2101 614; baseline -0.003 -18"><span class='ocrx_word' id='word_1_7' title='bbox 518 556 644 614; x_wconf 86' lang='lat' dir='ltr'><strong>cum</strong></span> <span class='ocrx_word' id='word_1_8' title='bbox 667 548 725 595; x_wconf 90' lang='lat' dir='ltr'><strong>et</strong></span> <span class='ocrx_word' id='word_1_9' title='bbox 755 539 888 610; x_wconf 72' lang='lat' dir='ltr'><strong>ipsae</strong></span> <span class='ocrx_word' id='word_1_10' title='bbox 918 546 1112 610; x_wconf 87' lang='lat' dir='ltr'><strong>gentes</strong></span> <span class='ocrx_word' id='word_1_11' title='bbox 1142 553 1264 608; x_wconf 72' lang='lat' dir='ltr'><strong>quae</strong></span> <span class='ocrx_word' id='word_1_12' title='bbox 1286 537 1497 608; x_wconf 72' lang='lat' dir='ltr'><strong>exiguae</strong></span> <span class='ocrx_word' id='word_1_13' title='bbox 1526 548 1675 601; x_wconf 86' lang='lat' dir='ltr'><strong>sunt,</strong></span> <span class='ocrx_word' id='word_1_14' title='bbox 1707 555 1830 607; x_wconf 75' lang='lat' dir='ltr'><strong>qua:</strong></span> <span class='ocrx_word' id='word_1_15' title='bbox 1859 539 2101 592; x_wconf 90' lang='lat' dir='ltr'><strong>nondum</strong></span> 
     </span>
    </p>
   </div>
   <div class='ocr_carea' id='block_1_5' title="bbox 2212 536 3786 614">
    <p class='ocr_par' dir='ltr' id='par_1_5' title="bbox 2221 536 3786 610">
     <span class='ocr_line' id='line_1_5' title="bbox 2221 536 3786 610; baseline 0.001 -20"><span class='ocrx_word' id='word_1_16' title='bbox 2221 537 2490 608; x_wconf 79' lang='grc' dir='ltr'>Ἑϐραίων</span> <span class='ocrx_word' id='word_1_17' title='bbox 2539 538 2741 608; x_wconf 79' lang='grc' dir='ltr'><strong>ἀρτίως</strong></span> <span class='ocrx_word' id='word_1_18' title='bbox 2779 540 2808 590; x_wconf 87' lang='lat'><strong>6</strong></span> <span class='ocrx_word' id='word_1_19' title='bbox 2848 536 3019 602; x_wconf 88' lang='grc' dir='ltr'>Θεός;</span> <span class='ocrx_word' id='word_1_20' title='bbox 3053 538 3136 592; x_wconf 82' lang='grc' dir='ltr'>ὅτι</span> <span class='ocrx_word' id='word_1_21' title='bbox 3181 548 3276 591; x_wconf 68' lang='grc' dir='ltr'><strong>καὶ</strong></span> <span class='ocrx_word' id='word_1_22' title='bbox 3314 537 3455 592; x_wconf 78' lang='grc' dir='ltr'><strong>αὐτὰ</strong></span> <span class='ocrx_word' id='word_1_23' title='bbox 3485 538 3554 593; x_wconf 82' lang='grc' dir='ltr'><strong>τὰ</strong></span> <span class='ocrx_word' id='word_1_24' title='bbox 3586 539 3786 610; x_wconf 78' lang='grc' dir='ltr'>μικρὰ,</span> 
     </span>
    </p>
   </div>
   <div class='ocr_carea' id='block_1_6' title="bbox 515 631 2097 694">
    <p class='ocr_par' dir='ltr' id='par_1_6' title="bbox 515 631 2097 694">
     <span class='ocr_line' id='line_1_6' title="bbox 515 631 2097 694; baseline -0.004 -5"><span class='ocrx_word' id='word_1_25' title='bbox 515 634 573 688; x_wconf 89' lang='lat' dir='ltr'><strong>in</strong></span> <span class='ocrx_word' id='word_1_26' title='bbox 601 633 884 689; x_wconf 79' lang='lat' dir='ltr'><strong>Christum</strong></span> <span class='ocrx_word' id='word_1_27' title='bbox 915 631 1302 693; x_wconf 79' lang='lat' dir='ltr'><strong>crediderunt,</strong></span> <span class='ocrx_word' id='word_1_28' title='bbox 1344 646 1444 685; x_wconf 82' lang='lat' dir='ltr'><strong>vos</strong></span> <span class='ocrx_word' id='word_1_29' title='bbox 1475 631 1767 685; x_wconf 88' lang='lat' dir='ltr'><strong>verberant</strong></span> <span class='ocrx_word' id='word_1_30' title='bbox 1795 639 1850 685; x_wconf 91' lang='lat' dir='ltr'><strong>et</strong></span> <span class='ocrx_word' id='word_1_31' title='bbox 1881 637 2097 694; x_wconf 85' lang='lat' dir='ltr'><strong>vexant,</strong></span> 
     </span>
    </p>
   </div>
   <div class='ocr_carea' id='block_1_7' title="bbox 514 723 2102 792">
    <p class='ocr_par' dir='ltr' id='par_1_7' title="bbox 514 723 2102 792">
     <span class='ocr_line' id='line_1_7' title="bbox 514 723 2102 792; baseline -0.004 -10"><span class='ocrx_word' id='word_1_32' title='bbox 514 737 572 782; x_wconf 88' lang='lat' dir='ltr'><strong>et</strong></span> <span class='ocrx_word' id='word_1_33' title='bbox 597 726 750 780; x_wconf 87' lang='lat' dir='ltr'><strong>velut</strong></span> <span class='ocrx_word' id='word_1_34' title='bbox 793 724 1100 778; x_wconf 87' lang='lat' dir='ltr'><strong>ludibrium</strong></span> <span class='ocrx_word' id='word_1_35' title='bbox 1147 724 1398 778; x_wconf 89' lang='lat' dir='ltr'><strong>habent?</strong></span> <span class='ocrx_word' id='word_1_36' title='bbox 1456 723 1703 788; x_wconf 86' lang='lat' dir='ltr'><strong>Quonam</strong></span> <span class='ocrx_word' id='word_1_37' title='bbox 1736 724 1902 792; x_wconf 92' lang='lat' dir='ltr'><strong>igitur</strong></span> <span class='ocrx_word' id='word_1_38' title='bbox 1939 723 2102 776; x_wconf 90' lang='lat' dir='ltr'><strong>modo</strong></span> 
     </span>
    </p>
   </div>
   <div class='ocr_carea' id='block_1_8' title="bbox 513 815 2102 884">
    <p class='ocr_par' dir='ltr' id='par_1_8' title="bbox 513 815 2102 884">
     <span class='ocr_line' id='line_1_8' title="bbox 513 815 2102 884; baseline 0.001 -17"><span class='ocrx_word' id='word_1_39' title='bbox 513 833 610 872; x_wconf 83' lang='lat' dir='ltr'><strong>vos</strong></span> <span class='ocrx_word' id='word_1_40' title='bbox 643 833 673 869; x_wconf 90' lang='lat' dir='ltr'><strong>a</strong></span> <span class='ocrx_word' id='word_1_41' title='bbox 704 817 818 870; x_wconf 88' lang='lat' dir='ltr'><strong>Deo</strong></span> <span class='ocrx_word' id='word_1_42' title='bbox 851 831 996 870; x_wconf 88' lang='lat' dir='ltr'><strong>nunc</strong></span> <span class='ocrx_word' id='word_1_43' title='bbox 1031 816 1205 869; x_wconf 91' lang='lat' dir='ltr'><strong>robur</strong></span> <span class='ocrx_word' id='word_1_44' title='bbox 1230 826 1286 870; x_wconf 87' lang='lat' dir='ltr'><strong>et</strong></span> <span class='ocrx_word' id='word_1_45' title='bbox 1321 815 1468 870; x_wconf 85' lang='lat' dir='ltr'><strong>vires</strong></span> <span class='ocrx_word' id='word_1_46' title='bbox 1499 816 1772 884; x_wconf 79' lang='lat' dir='ltr'><strong>accipitis,</strong></span> <span class='ocrx_word' id='word_1_47' title='bbox 1813 831 1939 868; x_wconf 90' lang='lat' dir='ltr'><strong>cum</strong></span> <span class='ocrx_word' id='word_1_48' title='bbox 1982 815 2102 869; x_wconf 89' lang='lat' dir='ltr'><strong>sitis</strong></span> 
     </span>
    </p>
   </div>
   <div class='ocr_carea' id='block_1_9' title="bbox 516 908 2100 977">
    <p class='ocr_par' dir='ltr' id='par_1_9' title="bbox 516 908 2100 977">
     <span class='ocr_line' id='line_1_9' title="bbox 516 908 2100 977; baseline 0 -15"><span class='ocrx_word' id='word_1_49' title='bbox 516 917 628 963; x_wconf 82' lang='lat' dir='ltr'><strong>tam</strong></span> <span class='ocrx_word' id='word_1_50' title='bbox 685 909 898 963; x_wconf 84' lang='lat' dir='ltr'><strong>debiles</strong></span> <span class='ocrx_word' id='word_1_51' title='bbox 953 917 1120 977; x_wconf 88' lang='lat' dir='ltr'><strong>atque</strong></span> <span class='ocrx_word' id='word_1_52' title='bbox 1155 908 1382 970; x_wconf 80' lang='lat' dir='ltr'><strong>inﬁrmi,</strong></span> <span class='ocrx_word' id='word_1_53' title='bbox 1433 916 1492 961; x_wconf 89' lang='lat' dir='ltr'><strong>ut</strong></span> <span class='ocrx_word' id='word_1_54' title='bbox 1530 924 1708 977; x_wconf 91' lang='lat' dir='ltr'><strong>neque</strong></span> <span class='ocrx_word' id='word_1_55' title='bbox 1760 908 1952 962; x_wconf 90' lang='lat' dir='ltr'><strong>culicis</strong></span> <span class='ocrx_word' id='word_1_56' title='bbox 1990 909 2100 962; x_wconf 88' lang='lat' dir='ltr'><strong>vim</strong></span> 
     </span>
    </p>
   </div>
   <div class='ocr_carea' id='block_1_10' title="bbox 517 1001 2105 1072">
    <p class='ocr_par' dir='ltr' id='par_1_10' title="bbox 517 1001 2105 1072">
     <span class='ocr_line' id='line_1_10' title="bbox 517 1001 2105 1072; baseline -0.001 -17"><span class='ocrx_word' id='word_1_57' title='bbox 517 1005 706 1072; x_wconf 86' lang='lat' dir='ltr'><strong>parem</strong></span> <span class='ocrx_word' id='word_1_58' title='bbox 741 1001 994 1056; x_wconf 81' lang='lat' dir='ltr'><strong>habeatis</strong></span> <span class='ocrx_word' id='word_1_59' title='bbox 1024 1001 1091 1056; x_wconf 89' lang='lat' dir='ltr'><strong>ad</strong></span> <span class='ocrx_word' id='word_1_60' title='bbox 1124 1010 1338 1056; x_wconf 88' lang='lat' dir='ltr'><strong>vestros</strong></span> <span class='ocrx_word' id='word_1_61' title='bbox 1397 1002 1650 1056; x_wconf 91' lang='lat' dir='ltr'><strong>inimicos</strong></span> <span class='ocrx_word' id='word_1_62' title='bbox 1678 1001 2105 1056; x_wconf 81' lang='lat' dir='ltr'><strong>remordendos?</strong></span> 
     </span>
    </p>
   </div>
   <div class='ocr_carea' id='block_1_11' title="bbox 519 1080 2104 1163">
    <p class='ocr_par' dir='ltr' id='par_1_11' title="bbox 519 1080 2104 1163">
     <span class='ocr_line' id='line_1_11' title="bbox 519 1080 2104 1163; baseline -0.001 -15"><span class='ocrx_word' id='word_1_63' title='bbox 519 1094 753 1148; x_wconf 84' lang='lat' dir='ltr'><strong>Ubinam</strong></span> <span class='ocrx_word' id='word_1_64' title='bbox 804 1095 909 1148; x_wconf 91' lang='lat' dir='ltr'><strong>hoc</strong></span> <span class='ocrx_word' id='word_1_65' title='bbox 966 1102 1216 1162; x_wconf 90' lang='lat' dir='ltr'><strong>tempore</strong></span> <span class='ocrx_word' id='word_1_66' title='bbox 1242 1080 1509 1148; x_wconf 81' lang='lat' dir='ltr'><strong>Dominus</strong></span> <span class='ocrx_word' id='word_1_67' title='bbox 1560 1094 1900 1163; x_wconf 85' lang='lat' dir='ltr'><strong>conspicitur</strong></span> <span class='ocrx_word' id='word_1_68' title='bbox 1946 1094 2104 1148; x_wconf 89' lang='lat' dir='ltr'><strong>vobis</strong></span> 
     </span>
    </p>
   </div>
   <div class='ocr_carea' id='block_1_12' title="bbox 520 1186 2104 1258">
    <p class='ocr_par' dir='ltr' id='par_1_12' title="bbox 520 1186 2104 1258">
     <span class='ocr_line' id='line_1_12' title="bbox 520 1186 2104 1258; baseline -0.001 -18"><span class='ocrx_word' id='word_1_69' title='bbox 520 1187 684 1258; x_wconf 74' lang='lat'><strong>632</strong></span> <span class='ocrx_word' id='word_1_70' title='bbox 700 1189 860 1255; x_wconf 77' lang='lat' dir='ltr'><strong>npe&#39;m</strong></span> <span class='ocrx_word' id='word_1_71' title='bbox 888 1187 1065 1240; x_wconf 82' lang='lat' dir='ltr'><strong>ferre?</strong></span> <span class='ocrx_word' id='word_1_72' title='bbox 1083 1186 1330 1252; x_wconf 87' lang='lat' dir='ltr'><strong>Quanam</strong></span> <span class='ocrx_word' id='word_1_73' title='bbox 1361 1187 1416 1240; x_wconf 91' lang='lat' dir='ltr'><strong>in</strong></span> <span class='ocrx_word' id='word_1_74' title='bbox 1442 1187 1534 1240; x_wconf 87' lang='lat' dir='ltr'><strong>re?</strong></span> <span class='ocrx_word' id='word_1_75' title='bbox 1553 1186 1609 1239; x_wconf 89' lang='lat' dir='ltr'><strong>In</strong></span> <span class='ocrx_word' id='word_1_76' title='bbox 1627 1202 1736 1256; x_wconf 92' lang='lat' dir='ltr'><strong>quo</strong></span> <span class='ocrx_word' id='word_1_77' title='bbox 1756 1186 2104 1240; x_wconf 88' lang='lat' dir='ltr'><strong>obedientia?</strong></span> 
     </span>
    </p>
   </div>
   <div class='ocr_carea' id='block_1_13' title="bbox 523 1279 2104 1350">
    <p class='ocr_par' dir='ltr' id='par_1_13' title="bbox 523 1279 2104 1350">
     <span class='ocr_line' id='line_1_13' title="bbox 523 1279 2104 1350; baseline 0 -16"><span class='ocrx_word' id='word_1_78' title='bbox 523 1281 580 1334; x_wconf 89' lang='lat' dir='ltr'><strong>in</strong></span> <span class='ocrx_word' id='word_1_79' title='bbox 633 1295 744 1350; x_wconf 90' lang='lat' dir='ltr'><strong>quo</strong></span> <span class='ocrx_word' id='word_1_80' title='bbox 773 1281 968 1350; x_wconf 83' lang='lat' dir='ltr'><strong>gloria,</strong></span> <span class='ocrx_word' id='word_1_81' title='bbox 1019 1281 1103 1333; x_wconf 89' lang='lat' dir='ltr'><strong>vel</strong></span> <span class='ocrx_word' id='word_1_82' title='bbox 1137 1280 1335 1344; x_wconf 91' lang='lat' dir='ltr'><strong>honor,</strong></span> <span class='ocrx_word' id='word_1_83' title='bbox 1379 1281 1463 1334; x_wconf 92' lang='lat' dir='ltr'><strong>vel</strong></span> <span class='ocrx_word' id='word_1_84' title='bbox 1494 1280 1784 1349; x_wconf 88' lang='lat' dir='ltr'><strong>potentia?</strong></span> <span class='ocrx_word' id='word_1_85' title='bbox 1819 1279 2013 1333; x_wconf 89' lang='lat' dir='ltr'><strong>Nonne</strong></span> <span class='ocrx_word' id='word_1_86' title='bbox 2043 1294 2104 1334; x_wconf 89' lang='lat' dir='ltr'><strong>es</strong></span> 
     </span>
    </p>
   </div>
   <div class='ocr_carea' id='block_1_14' title="bbox 523 1372 2103 1442">
    <p class='ocr_par' dir='ltr' id='par_1_14' title="bbox 523 1372 2103 1442">
     <span class='ocr_line' id='line_1_14' title="bbox 523 1372 2103 1442; baseline -0.001 -16"><span class='ocrx_word' id='word_1_87' title='bbox 523 1381 783 1442; x_wconf 86' lang='lat' dir='ltr'><strong>tanquam</strong></span> <span class='ocrx_word' id='word_1_88' title='bbox 815 1373 1074 1427; x_wconf 91' lang='lat' dir='ltr'><strong>sordidus</strong></span> <span class='ocrx_word' id='word_1_89' title='bbox 1095 1372 1257 1436; x_wconf 90' lang='lat' dir='ltr'><strong>cinis,</strong></span> <span class='ocrx_word' id='word_1_90' title='bbox 1275 1382 1331 1426; x_wconf 90' lang='lat' dir='ltr'><strong>et</strong></span> <span class='ocrx_word' id='word_1_91' title='bbox 1348 1372 1516 1426; x_wconf 82' lang='lat' dir='ltr'><strong>carbo</strong></span> <span class='ocrx_word' id='word_1_92' title='bbox 1539 1372 1864 1436; x_wconf 72' lang='lat' dir='ltr'><strong>exstinctus,</strong></span> <span class='ocrx_word' id='word_1_93' title='bbox 1887 1381 1944 1425; x_wconf 89' lang='lat' dir='ltr'><strong>et</strong></span> <span class='ocrx_word' id='word_1_94' title='bbox 1979 1381 2103 1425; x_wconf 90' lang='lat' dir='ltr'><strong>tan-</strong></span> 
     </span>
    </p>
   </div>
   <div class='ocr_carea' id='block_1_15' title="bbox 521 1462 2104 1535">
    <p class='ocr_par' dir='ltr' id='par_1_15' title="bbox 521 1462 2104 1535">
     <span class='ocr_line' id='line_1_15' title="bbox 521 1462 2104 1535; baseline -0.001 -17"><span class='ocrx_word' id='word_1_95' title='bbox 521 1481 687 1535; x_wconf 89' lang='lat' dir='ltr'><strong>quam</strong></span> <span class='ocrx_word' id='word_1_96' title='bbox 718 1465 916 1534; x_wconf 88' lang='lat' dir='ltr'><strong>ealigo,</strong></span> <span class='ocrx_word' id='word_1_97' title='bbox 951 1465 996 1518; x_wconf 91' lang='lat' dir='ltr'><strong>si</strong></span> <span class='ocrx_word' id='word_1_98' title='bbox 1029 1463 1197 1518; x_wconf 77' lang='lat' dir='ltr'><strong>facies</strong></span> <span class='ocrx_word' id='word_1_99' title='bbox 1236 1472 1536 1532; x_wconf 88' lang='lat' dir='ltr'><strong>spectetur,</strong></span> <span class='ocrx_word' id='word_1_100' title='bbox 1565 1463 1864 1518; x_wconf 88' lang='lat' dir='ltr'><strong>redactus?</strong></span> <span class='ocrx_word' id='word_1_101' title='bbox 1895 1463 1975 1516; x_wconf 88' lang='lat' dir='ltr'><strong>En</strong></span> <span class='ocrx_word' id='word_1_102' title='bbox 2005 1462 2104 1516; x_wconf 94' lang='lat' dir='ltr'><strong>ad-</strong></span> 
     </span>
    </p>
   </div>
   <div class='ocr_carea' id='block_1_16' title="bbox 521 1555 2106 1624">
    <p class='ocr_par' dir='ltr' id='par_1_16' title="bbox 521 1555 2106 1624">
     <span class='ocr_line' id='line_1_16' title="bbox 521 1555 2106 1624; baseline -0.003 -12"><span class='ocrx_word' id='word_1_103' title='bbox 521 1567 652 1612; x_wconf 88' lang='lat' dir='ltr'><strong>sunt</strong></span> <span class='ocrx_word' id='word_1_104' title='bbox 685 1557 923 1622; x_wconf 63' lang='lat' dir='ltr'><strong>Hebraai,</strong></span> <span class='ocrx_word' id='word_1_105' title='bbox 973 1571 1101 1610; x_wconf 89' lang='lat' dir='ltr'><strong>ecce</strong></span> <span class='ocrx_word' id='word_1_106' title='bbox 1132 1563 1190 1610; x_wconf 92' lang='lat' dir='ltr'><strong>et</strong></span> <span class='ocrx_word' id='word_1_107' title='bbox 1221 1565 1277 1610; x_wconf 94' lang='lat' dir='ltr'><strong>tu</strong></span> <span class='ocrx_word' id='word_1_108' title='bbox 1316 1555 1454 1624; x_wconf 89' lang='lat' dir='ltr'><strong>ipse.</strong></span> <span class='ocrx_word' id='word_1_109' title='bbox 1499 1555 1738 1610; x_wconf 87' lang='lat' dir='ltr'><strong>Videant</strong></span> <span class='ocrx_word' id='word_1_110' title='bbox 1771 1555 1866 1623; x_wconf 92' lang='lat' dir='ltr'><strong>qui</strong></span> <span class='ocrx_word' id='word_1_111' title='bbox 1914 1555 2106 1607; x_wconf 86' lang='lat' dir='ltr'><strong>volunt</strong></span> 
     </span>
    </p>
   </div>
   <div class='ocr_carea' id='block_1_17' title="bbox 519 1647 2104 1716">
    <p class='ocr_par' dir='ltr' id='par_1_17' title="bbox 519 1647 2104 1716">
     <span class='ocr_line' id='line_1_17' title="bbox 519 1647 2104 1716; baseline -0.001 -14"><span class='ocrx_word' id='word_1_112' title='bbox 519 1649 690 1702; x_wconf 78' lang='lat' dir='ltr'><strong>facies</strong></span> <span class='ocrx_word' id='word_1_113' title='bbox 723 1657 934 1701; x_wconf 89' lang='lat' dir='ltr'><strong>vestras</strong></span> <span class='ocrx_word' id='word_1_114' title='bbox 967 1665 979 1699; x_wconf 93' lang='lat'>:</span> <span class='ocrx_word' id='word_1_115' title='bbox 1013 1663 1197 1700; x_wconf 87' lang='lat' dir='ltr'><strong>nonne</strong></span> <span class='ocrx_word' id='word_1_116' title='bbox 1233 1655 1362 1702; x_wconf 89' lang='lat' dir='ltr'><strong>sunt</strong></span> <span class='ocrx_word' id='word_1_117' title='bbox 1389 1647 1592 1716; x_wconf 86' lang='lat' dir='ltr'><strong>pulvis,</strong></span> <span class='ocrx_word' id='word_1_118' title='bbox 1630 1662 1742 1701; x_wconf 90' lang='lat' dir='ltr'><strong>non</strong></span> <span class='ocrx_word' id='word_1_119' title='bbox 1776 1647 1938 1710; x_wconf 89' lang='lat' dir='ltr'><strong>cinis,</strong></span> <span class='ocrx_word' id='word_1_120' title='bbox 1994 1663 2104 1700; x_wconf 91' lang='lat' dir='ltr'><strong>non</strong></span> 
     </span>
    </p>
   </div>
   <div class='ocr_carea' id='block_1_18' title="bbox 521 1738 2105 1809">
    <p class='ocr_par' dir='ltr' id='par_1_18' title="bbox 521 1738 2105 1809">
     <span class='ocr_line' id='line_1_18' title="bbox 521 1738 2105 1809; baseline -0.003 -15"><span class='ocrx_word' id='word_1_121' title='bbox 521 1741 746 1809; x_wconf 86' lang='lat' dir='ltr'><strong>squalor</strong></span> <span class='ocrx_word' id='word_1_122' title='bbox 773 1739 796 1792; x_wconf 88' lang='lat'><strong>?</strong></span> <span class='ocrx_word' id='word_1_123' title='bbox 828 1738 975 1792; x_wconf 91' lang='lat' dir='ltr'><strong>unde</strong></span> <span class='ocrx_word' id='word_1_124' title='bbox 998 1739 1021 1790; x_wconf 88' lang='lat'><strong>?</strong></span> <span class='ocrx_word' id='word_1_125' title='bbox 1041 1739 1178 1803; x_wconf 80' lang='lat' dir='ltr'><strong>Quia</strong></span> <span class='ocrx_word' id='word_1_126' title='bbox 1201 1753 1381 1808; x_wconf 92' lang='lat' dir='ltr'><strong>neque</strong></span> <span class='ocrx_word' id='word_1_127' title='bbox 1411 1738 1585 1808; x_wconf 87' lang='lat' dir='ltr'><strong>gratia</strong></span> <span class='ocrx_word' id='word_1_128' title='bbox 1614 1753 1793 1806; x_wconf 91' lang='lat' dir='ltr'><strong>neque</strong></span> <span class='ocrx_word' id='word_1_129' title='bbox 1838 1738 2105 1791; x_wconf 83' lang='lat' dir='ltr'><strong>auxilium</strong></span> 
     </span>
    </p>
   </div>
   <div class='ocr_carea' id='block_1_19' title="bbox 519 1830 2101 1900">
    <p class='ocr_par' dir='ltr' id='par_1_19' title="bbox 519 1830 2101 1900">
     <span class='ocr_line' id='line_1_19' title="bbox 519 1830 2101 1900; baseline -0.004 -13"><span class='ocrx_word' id='word_1_130' title='bbox 519 1849 588 1887; x_wconf 82' lang='lat' dir='ltr'><strong>ex</strong></span> <span class='ocrx_word' id='word_1_131' title='bbox 627 1833 739 1886; x_wconf 91' lang='lat' dir='ltr'><strong>Deo</strong></span> <span class='ocrx_word' id='word_1_132' title='bbox 769 1831 927 1885; x_wconf 86' lang='lat' dir='ltr'><strong>vobis</strong></span> <span class='ocrx_word' id='word_1_133' title='bbox 961 1831 1129 1895; x_wconf 85' lang='lat' dir='ltr'><strong>adsit,</strong></span> <span class='ocrx_word' id='word_1_134' title='bbox 1169 1840 1226 1885; x_wconf 90' lang='lat' dir='ltr'><strong>et</strong></span> <span class='ocrx_word' id='word_1_135' title='bbox 1254 1831 1383 1900; x_wconf 86' lang='lat' dir='ltr'><strong>quia</strong></span> <span class='ocrx_word' id='word_1_136' title='bbox 1413 1847 1522 1884; x_wconf 92' lang='lat' dir='ltr'><strong>non</strong></span> <span class='ocrx_word' id='word_1_137' title='bbox 1545 1831 1794 1884; x_wconf 87' lang='lat' dir='ltr'><strong>habeatis</strong></span> <span class='ocrx_word' id='word_1_138' title='bbox 1838 1830 2101 1899; x_wconf 83' lang='lat' dir='ltr'><strong>Spiritum</strong></span> 
     </span>
    </p>
   </div>
   <div class='ocr_carea' id='block_1_20' title="bbox 519 1919 2102 1989">
    <p class='ocr_par' dir='ltr' id='par_1_20' title="bbox 519 1919 2102 1989">
     <span class='ocr_line' id='line_1_20' title="bbox 519 1919 2102 1989; baseline -0.003 -13"><span class='ocrx_word' id='word_1_139' title='bbox 519 1932 793 1976; x_wconf 88' lang='lat' dir='ltr'><strong>sanctum.</strong></span> <span class='ocrx_word' id='word_1_140' title='bbox 823 1922 1056 1989; x_wconf 89' lang='lat' dir='ltr'><strong>Propter</strong></span> <span class='ocrx_word' id='word_1_141' title='bbox 1089 1919 1378 1989; x_wconf 83' lang='lat' dir='ltr'><strong>perﬁdiam</strong></span> <span class='ocrx_word' id='word_1_142' title='bbox 1411 1928 1466 1972; x_wconf 91' lang='lat' dir='ltr'><strong>et</strong></span> <span class='ocrx_word' id='word_1_143' title='bbox 1494 1919 1856 1988; x_wconf 81' lang='lat' dir='ltr'><strong>pervicaciam</strong></span> <span class='ocrx_word' id='word_1_144' title='bbox 1890 1935 1954 1973; x_wconf 90' lang='lat' dir='ltr'><strong>ac</strong></span> <span class='ocrx_word' id='word_1_145' title='bbox 1986 1934 2102 1972; x_wconf 91' lang='lat' dir='ltr'><strong>ma-</strong></span> 
     </span>
    </p>
   </div>
   <div class='ocr_carea' id='block_1_21' title="bbox 519 2009 2109 2073">
    <p class='ocr_par' dir='ltr' id='par_1_21' title="bbox 519 2009 2109 2073">
     <span class='ocr_line' id='line_1_21' title="bbox 519 2009 2109 2073; baseline -0.003 -6"><span class='ocrx_word' id='word_1_146' title='bbox 519 2013 694 2068; x_wconf 88' lang='lat' dir='ltr'><strong>litiam</strong></span> <span class='ocrx_word' id='word_1_147' title='bbox 733 2019 995 2073; x_wconf 89' lang='lat' dir='ltr'><strong>vestram,</strong></span> <span class='ocrx_word' id='word_1_148' title='bbox 1029 2026 1140 2064; x_wconf 92' lang='lat' dir='ltr'><strong>non</strong></span> <span class='ocrx_word' id='word_1_149' title='bbox 1185 2011 1322 2064; x_wconf 89' lang='lat' dir='ltr'><strong>estis</strong></span> <span class='ocrx_word' id='word_1_150' title='bbox 1351 2010 1514 2064; x_wconf 85' lang='lat' dir='ltr'><strong>divisi</strong></span> <span class='ocrx_word' id='word_1_151' title='bbox 1563 2020 1619 2064; x_wconf 90' lang='lat' dir='ltr'><strong>et</strong></span> <span class='ocrx_word' id='word_1_152' title='bbox 1664 2009 1844 2064; x_wconf 88' lang='lat' dir='ltr'><strong>dissiti</strong></span> <span class='ocrx_word' id='word_1_153' title='bbox 1887 2009 1980 2062; x_wconf 83' lang='lat' dir='ltr'><strong>alii</strong></span> <span class='ocrx_word' id='word_1_154' title='bbox 2040 2009 2109 2063; x_wconf 92' lang='lat' dir='ltr'><strong>ab</strong></span> 
     </span>
    </p>
   </div>
   <div class='ocr_carea' id='block_1_22' title="bbox 519 2101 2108 2172">
    <p class='ocr_par' dir='ltr' id='par_1_22' title="bbox 519 2101 2108 2172">
     <span class='ocr_line' id='line_1_22' title="bbox 519 2101 2108 2172; baseline -0.003 -16"><span class='ocrx_word' id='word_1_155' title='bbox 519 2105 665 2169; x_wconf 89' lang='lat' dir='ltr'><strong>aliis,</strong></span> <span class='ocrx_word' id='word_1_156' title='bbox 696 2119 760 2157; x_wconf 88' lang='lat' dir='ltr'><strong>ac</strong></span> <span class='ocrx_word' id='word_1_157' title='bbox 787 2103 1023 2172; x_wconf 88' lang='lat' dir='ltr'><strong>dispersi</strong></span> <span class='ocrx_word' id='word_1_158' title='bbox 1055 2103 1109 2156; x_wconf 91' lang='lat' dir='ltr'><strong>in</strong></span> <span class='ocrx_word' id='word_1_159' title='bbox 1141 2101 1279 2156; x_wconf 88' lang='lat' dir='ltr'><strong>lines</strong></span> <span class='ocrx_word' id='word_1_160' title='bbox 1319 2102 1473 2156; x_wconf 90' lang='lat' dir='ltr'><strong>orbis</strong></span> <span class='ocrx_word' id='word_1_161' title='bbox 1512 2113 1806 2166; x_wconf 90' lang='lat' dir='ltr'><strong>terrarum,</strong></span> <span class='ocrx_word' id='word_1_162' title='bbox 1852 2110 2108 2169; x_wconf 87' lang='lat' dir='ltr'><strong>tanquam</strong></span> 
     </span>
    </p>
   </div>
   <div class='ocr_carea' id='block_1_23' title="bbox 518 2188 2110 2252">
    <p class='ocr_par' dir='ltr' id='par_1_23' title="bbox 518 2188 2110 2252">
     <span class='ocr_line' id='line_1_23' title="bbox 518 2188 2110 2252; baseline -0.002 -7"><span class='ocrx_word' id='word_1_163' title='bbox 518 2191 701 2245; x_wconf 85' lang='lat' dir='ltr'><strong>lacera</strong></span> <span class='ocrx_word' id='word_1_164' title='bbox 736 2190 942 2252; x_wconf 90' lang='lat' dir='ltr'><strong>tunica,</strong></span> <span class='ocrx_word' id='word_1_165' title='bbox 970 2197 1026 2243; x_wconf 91' lang='lat' dir='ltr'><strong>et</strong></span> <span class='ocrx_word' id='word_1_166' title='bbox 1057 2189 1227 2241; x_wconf 90' lang='lat' dir='ltr'><strong>veluti</strong></span> <span class='ocrx_word' id='word_1_167' title='bbox 1271 2190 1667 2243; x_wconf 85' lang='lat' dir='ltr'><strong>vestimentum</strong></span> <span class='ocrx_word' id='word_1_168' title='bbox 1709 2197 1980 2242; x_wconf 85' lang='lat' dir='ltr'><strong>vetustate</strong></span> <span class='ocrx_word' id='word_1_169' title='bbox 2011 2188 2110 2242; x_wconf 90' lang='lat' dir='ltr'><strong>de-</strong></span> 
     </span>
    </p>
   </div>
   <div class='ocr_carea' id='block_1_24' title="bbox 519 2280 2113 2347">
    <p class='ocr_par' dir='ltr' id='par_1_24' title="bbox 519 2280 2113 2347">
     <span class='ocr_line' id='line_1_24' title="bbox 519 2280 2113 2347; baseline -0.003 -11"><span class='ocrx_word' id='word_1_170' title='bbox 519 2280 1009 2347; x_wconf 87' lang='lat' dir='ltr'><strong>tritum?Quando</strong></span> <span class='ocrx_word' id='word_1_171' title='bbox 1040 2288 1222 2333; x_wconf 89' lang='lat' dir='ltr'><strong>autem</strong></span> <span class='ocrx_word' id='word_1_172' title='bbox 1255 2281 1624 2345; x_wconf 90' lang='lat' dir='ltr'><strong>erubuerunt,</strong></span> <span class='ocrx_word' id='word_1_173' title='bbox 1653 2289 1708 2334; x_wconf 90' lang='lat' dir='ltr'><strong>et</strong></span> <span class='ocrx_word' id='word_1_174' title='bbox 1738 2280 1951 2335; x_wconf 79' lang='lat' dir='ltr'><strong>confusi</strong></span> <span class='ocrx_word' id='word_1_175' title='bbox 1983 2288 2113 2334; x_wconf 91' lang='lat' dir='ltr'><strong>sunt</strong></span> 
     </span>
    </p>
   </div>
   <div class='ocr_carea' id='block_1_25' title="bbox 520 2372 2112 2442">
    <p class='ocr_par' dir='ltr' id='par_1_25' title="bbox 520 2372 2112 2442">
     <span class='ocr_line' id='line_1_25' title="bbox 520 2372 2112 2442; baseline -0.002 -13"><span class='ocrx_word' id='word_1_176' title='bbox 520 2389 736 2434; x_wconf 86' lang='lat' dir='ltr'><strong>omnes,</strong></span> <span class='ocrx_word' id='word_1_177' title='bbox 756 2373 850 2441; x_wconf 91' lang='lat' dir='ltr'><strong>qui</strong></span> <span class='ocrx_word' id='word_1_178' title='bbox 874 2372 1030 2426; x_wconf 82' lang='lat' dir='ltr'><strong>vobis</strong></span> <span class='ocrx_word' id='word_1_179' title='bbox 1048 2372 1322 2426; x_wconf 87' lang='lat' dir='ltr'><strong>adversati</strong></span> <span class='ocrx_word' id='word_1_180' title='bbox 1346 2375 1520 2426; x_wconf 82' lang='lat' dir='ltr'><strong>sunt?</strong></span> <span class='ocrx_word' id='word_1_181' title='bbox 1551 2373 1652 2428; x_wconf 92' lang='lat' dir='ltr'><strong>Ubi</strong></span> <span class='ocrx_word' id='word_1_182' title='bbox 1693 2382 1822 2427; x_wconf 90' lang='lat' dir='ltr'><strong>sunt</strong></span> <span class='ocrx_word' id='word_1_183' title='bbox 1855 2383 2112 2442; x_wconf 85' lang='lat' dir='ltr'><strong>tanquam</strong></span> 
     </span>
    </p>
   </div>
   <div class='ocr_carea' id='block_1_26' title="bbox 521 2465 2114 2535">
    <p class='ocr_par' dir='ltr' id='par_1_26' title="bbox 521 2465 2114 2535">
     <span class='ocr_line' id='line_1_26' title="bbox 521 2465 2114 2535; baseline 0.001 -17"><span class='ocrx_word' id='word_1_184' title='bbox 521 2467 617 2535; x_wconf 88' lang='lat' dir='ltr'><strong>qui</strong></span> <span class='ocrx_word' id='word_1_185' title='bbox 640 2481 758 2520; x_wconf 89' lang='lat' dir='ltr'><strong>esse</strong></span> <span class='ocrx_word' id='word_1_186' title='bbox 782 2465 1087 2526; x_wconf 88' lang='lat' dir='ltr'><strong>desierunt,</strong></span> <span class='ocrx_word' id='word_1_187' title='bbox 1117 2465 1290 2518; x_wconf 87' lang='lat' dir='ltr'><strong>vestri</strong></span> <span class='ocrx_word' id='word_1_188' title='bbox 1325 2465 1632 2519; x_wconf 89' lang='lat' dir='ltr'><strong>adversarii</strong></span> <span class='ocrx_word' id='word_1_189' title='bbox 1667 2465 1690 2518; x_wconf 88' lang='lat'><strong>?</strong></span> <span class='ocrx_word' id='word_1_190' title='bbox 1714 2465 1945 2530; x_wconf 83' lang='lat' dir='ltr'><strong>Quando</strong></span> <span class='ocrx_word' id='word_1_191' title='bbox 1967 2481 2114 2534; x_wconf 70' lang='lat' dir='ltr'><strong>quae-</strong></span> 
     </span>
    </p>
   </div>
   <div class='ocr_carea' id='block_1_27' title="bbox 520 2557 2114 2625">
    <p class='ocr_par' dir='ltr' id='par_1_27' title="bbox 520 2557 2114 2625">
     <span class='ocr_line' id='line_1_27' title="bbox 520 2557 2114 2625; baseline 0.001 -14"><span class='ocrx_word' id='word_1_192' title='bbox 520 2558 695 2611; x_wconf 89' lang='lat' dir='ltr'><strong>siistis</strong></span> <span class='ocrx_word' id='word_1_193' title='bbox 721 2557 892 2625; x_wconf 90' lang='lat' dir='ltr'><strong>ipsos,</strong></span> <span class='ocrx_word' id='word_1_194' title='bbox 924 2564 980 2610; x_wconf 89' lang='lat' dir='ltr'><strong>et</strong></span> <span class='ocrx_word' id='word_1_195' title='bbox 1006 2571 1117 2609; x_wconf 90' lang='lat' dir='ltr'><strong>non</strong></span> <span class='ocrx_word' id='word_1_196' title='bbox 1157 2557 1368 2610; x_wconf 89' lang='lat' dir='ltr'><strong>inventi</strong></span> <span class='ocrx_word' id='word_1_197' title='bbox 1410 2557 1590 2611; x_wconf 88' lang='lat' dir='ltr'><strong>sunt?</strong></span> <span class='ocrx_word' id='word_1_198' title='bbox 1617 2557 1719 2612; x_wconf 85' lang='lat' dir='ltr'><strong>Ubi</strong></span> <span class='ocrx_word' id='word_1_199' title='bbox 1749 2567 1932 2610; x_wconf 89' lang='lat' dir='ltr'><strong>autem</strong></span> <span class='ocrx_word' id='word_1_200' title='bbox 1971 2558 2114 2613; x_wconf 86' lang='lat' dir='ltr'><strong>Deus</strong></span> 
     </span>
    </p>
   </div>
   <div class='ocr_carea' id='block_1_28' title="bbox 518 2649 2114 2720">
    <p class='ocr_par' dir='ltr' id='par_1_28' title="bbox 518 2649 2114 2720">
     <span class='ocr_line' id='line_1_28' title="bbox 518 2649 2114 2720; baseline 0.002 -18"><span class='ocrx_word' id='word_1_201' title='bbox 518 2659 759 2704; x_wconf 88' lang='lat' dir='ltr'><strong>vestram</strong></span> <span class='ocrx_word' id='word_1_202' title='bbox 795 2649 1046 2702; x_wconf 80' lang='lat' dir='ltr'><strong>dextram</strong></span> <span class='ocrx_word' id='word_1_203' title='bbox 1074 2658 1266 2703; x_wconf 90' lang='lat' dir='ltr'><strong>tenens</strong></span> <span class='ocrx_word' id='word_1_204' title='bbox 1299 2658 1354 2703; x_wconf 91' lang='lat' dir='ltr'><strong>et</strong></span> <span class='ocrx_word' id='word_1_205' title='bbox 1394 2666 1491 2703; x_wconf 91' lang='lat' dir='ltr'><strong>vos</strong></span> <span class='ocrx_word' id='word_1_206' title='bbox 1521 2650 1590 2703; x_wconf 89' lang='lat' dir='ltr'><strong>ad</strong></span> <span class='ocrx_word' id='word_1_207' title='bbox 1617 2651 1857 2719; x_wconf 87' lang='lat' dir='ltr'><strong>aliquem</strong></span> <span class='ocrx_word' id='word_1_208' title='bbox 1885 2666 2114 2720; x_wconf 84' lang='lat' dir='ltr'><strong>prospe—</strong></span> 
     </span>
    </p>
   </div>
   <div class='ocr_carea' id='block_1_29' title="bbox 518 2742 2116 2812">
    <p class='ocr_par' dir='ltr' id='par_1_29' title="bbox 518 2742 2116 2812">
     <span class='ocr_line' id='line_1_29' title="bbox 518 2742 2116 2812; baseline -0.001 -15"><span class='ocrx_word' id='word_1_209' title='bbox 518 2758 642 2798; x_wconf 87' lang='lat' dir='ltr'><strong>rum</strong></span> <span class='ocrx_word' id='word_1_210' title='bbox 695 2751 957 2797; x_wconf 83' lang='lat' dir='ltr'><strong>eventum</strong></span> <span class='ocrx_word' id='word_1_211' title='bbox 999 2742 1287 2812; x_wconf 81' lang='lat' dir='ltr'><strong>dirigens?</strong></span> <span class='ocrx_word' id='word_1_212' title='bbox 1343 2742 1446 2797; x_wconf 88' lang='lat' dir='ltr'><strong>Ubi</strong></span> <span class='ocrx_word' id='word_1_213' title='bbox 1502 2743 1667 2795; x_wconf 88' lang='lat' dir='ltr'><strong>etiam</strong></span> <span class='ocrx_word' id='word_1_214' title='bbox 1707 2742 1912 2799; x_wconf 90' lang='lat' dir='ltr'><strong>dicitur</strong></span> <span class='ocrx_word' id='word_1_215' title='bbox 1965 2744 2116 2797; x_wconf 87' lang='lat' dir='ltr'><strong>velut</strong></span> 
     </span>
    </p>
   </div>
   <div class='ocr_carea' id='block_1_30' title="bbox 519 2826 2114 2903">
    <p class='ocr_par' dir='ltr' id='par_1_30' title="bbox 519 2826 2114 2903">
     <span class='ocr_line' id='line_1_30' title="bbox 519 2826 2114 2903; baseline 0.001 -15"><span class='ocrx_word' id='word_1_216' title='bbox 519 2834 724 2890; x_wconf 89' lang='lat' dir='ltr'><strong>vermis</strong></span> <span class='ocrx_word' id='word_1_217' title='bbox 772 2826 1097 2888; x_wconf 81' lang='lat' dir='ltr'><strong>humiliatus</strong></span> <span class='ocrx_word' id='word_1_218' title='bbox 1147 2850 1213 2887; x_wconf 83' lang='lat' dir='ltr'><strong>ex</strong></span> <span class='ocrx_word' id='word_1_219' title='bbox 1265 2833 1472 2887; x_wconf 65' lang='lat' dir='ltr'><strong>Judaeis</strong></span> <span class='ocrx_word' id='word_1_220' title='bbox 1511 2849 1778 2903; x_wconf 81' lang='lat' dir='ltr'><strong>arrogans</strong></span> <span class='ocrx_word' id='word_1_221' title='bbox 1830 2843 1885 2888; x_wconf 90' lang='lat' dir='ltr'><strong>et</strong></span> <span class='ocrx_word' id='word_1_222' title='bbox 1946 2850 2114 2889; x_wconf 82' lang='lat' dir='ltr'><strong>saxeo</strong></span> 
     </span>
    </p>
   </div>
   <div class='ocr_carea' id='block_1_31' title="bbox 517 2924 2116 2995">
    <p class='ocr_par' dir='ltr' id='par_1_31' title="bbox 517 2924 2116 2995">
     <span class='ocr_line' id='line_1_31' title="bbox 517 2924 2116 2995; baseline -0.002 -13"><span class='ocrx_word' id='word_1_223' title='bbox 517 2927 686 2982; x_wconf 88' lang='lat' dir='ltr'><strong>corde</strong></span> <span class='ocrx_word' id='word_1_224' title='bbox 754 2925 1020 2995; x_wconf 67' lang='lat' dir='ltr'><strong>praeditus</strong></span> <span class='ocrx_word' id='word_1_225' title='bbox 1059 2940 1122 2979; x_wconf 87' lang='lat' dir='ltr'><strong>ac</strong></span> <span class='ocrx_word' id='word_1_226' title='bbox 1171 2925 1428 2994; x_wconf 79' lang='lat' dir='ltr'><strong>pervicax</strong></span> <span class='ocrx_word' id='word_1_227' title='bbox 1460 2924 1482 2977; x_wconf 89' lang='lat'><strong>?</strong></span> <span class='ocrx_word' id='word_1_228' title='bbox 1513 2925 1615 2980; x_wconf 84' lang='lat' dir='ltr'><strong>Ubi</strong></span> <span class='ocrx_word' id='word_1_229' title='bbox 1661 2933 1928 2993; x_wconf 70' lang='lat' dir='ltr'><strong>prmtcrea</strong></span> <span class='ocrx_word' id='word_1_230' title='bbox 1982 2926 2116 2980; x_wconf 91' lang='lat' dir='ltr'><strong>estis</strong></span> 
     </span>
    </p>
   </div>
   <div class='ocr_carea' id='block_1_32' title="bbox 517 3012 2112 3084">
    <p class='ocr_par' dir='ltr' id='par_1_32' title="bbox 517 3012 2112 3084">
     <span class='ocr_line' id='line_1_32' title="bbox 517 3012 2112 3084; baseline -0.003 -15"><span class='ocrx_word' id='word_1_231' title='bbox 517 3015 597 3069; x_wconf 89' lang='lat' dir='ltr'><strong>illi</strong></span> <span class='ocrx_word' id='word_1_232' title='bbox 644 3013 983 3083; x_wconf 83' lang='lat' dir='ltr'><strong>paucissimi,</strong></span> <span class='ocrx_word' id='word_1_233' title='bbox 1016 3021 1074 3066; x_wconf 90' lang='lat' dir='ltr'><strong>et</strong></span> <span class='ocrx_word' id='word_1_234' title='bbox 1119 3012 1503 3066; x_wconf 89' lang='lat' dir='ltr'><strong>liberationem</strong></span> <span class='ocrx_word' id='word_1_235' title='bbox 1544 3028 1572 3065; x_wconf 91' lang='lat' dir='ltr'><strong>a</strong></span> <span class='ocrx_word' id='word_1_236' title='bbox 1617 3012 1853 3066; x_wconf 88' lang='lat' dir='ltr'><strong>Domino</strong></span> <span class='ocrx_word' id='word_1_237' title='bbox 1901 3012 2112 3084; x_wconf 79' lang='lat' dir='ltr'><strong>adepti;</strong></span> 
     </span>
    </p>
   </div>
   <div class='ocr_carea' id='block_1_33' title="bbox 516 3105 2116 3176">
    <p class='ocr_par' dir='ltr' id='par_1_33' title="bbox 516 3105 2116 3176">
     <span class='ocr_line' id='line_1_33' title="bbox 516 3105 2116 3176; baseline -0.002 -16"><span class='ocrx_word' id='word_1_238' title='bbox 516 3106 612 3176; x_wconf 91' lang='lat' dir='ltr'><strong>qui</strong></span> <span class='ocrx_word' id='word_1_239' title='bbox 650 3106 704 3159; x_wconf 91' lang='lat' dir='ltr'><strong>in</strong></span> <span class='ocrx_word' id='word_1_240' title='bbox 733 3105 885 3159; x_wconf 90' lang='lat' dir='ltr'><strong>omni</strong></span> <span class='ocrx_word' id='word_1_241' title='bbox 931 3114 1099 3168; x_wconf 88' lang='lat' dir='ltr'><strong>terra,</strong></span> <span class='ocrx_word' id='word_1_242' title='bbox 1123 3105 1276 3158; x_wconf 87' lang='lat' dir='ltr'><strong>velut</strong></span> <span class='ocrx_word' id='word_1_243' title='bbox 1299 3112 1509 3158; x_wconf 90' lang='lat' dir='ltr'><strong>terrore</strong></span> <span class='ocrx_word' id='word_1_244' title='bbox 1548 3105 1785 3174; x_wconf 90' lang='lat' dir='ltr'><strong>perculsi</strong></span> <span class='ocrx_word' id='word_1_245' title='bbox 1814 3113 1871 3159; x_wconf 88' lang='lat' dir='ltr'><strong>et</strong></span> <span class='ocrx_word' id='word_1_246' title='bbox 1899 3105 2116 3164; x_wconf 84' lang='lat' dir='ltr'><strong>attoniti</strong></span> 
     </span>
    </p>
   </div>
   <div class='ocr_carea' id='block_1_34' title="bbox 2205 630 3788 700">
    <p class='ocr_par' dir='ltr' id='par_1_34' title="bbox 2205 630 3788 700">
     <span class='ocr_line' id='line_1_34' title="bbox 2205 630 3788 700; baseline 0.001 -18"><span class='ocrx_word' id='word_1_247' title='bbox 2205 631 2299 683; x_wconf 72' lang='grc' dir='ltr'><strong>καὶ</strong></span> <span class='ocrx_word' id='word_1_248' title='bbox 2326 630 2401 700; x_wconf 83' lang='grc' dir='ltr'>μὴ</span> <span class='ocrx_word' id='word_1_249' title='bbox 2432 630 2800 684; x_wconf 79' lang='grc' dir='ltr'><strong>πιστεύσαντα</strong></span> <span class='ocrx_word' id='word_1_250' title='bbox 2827 630 2957 700; x_wconf 80' lang='grc' dir='ltr'><strong>ἔθνη</strong></span> <span class='ocrx_word' id='word_1_251' title='bbox 2987 631 3066 693; x_wconf 86' lang='grc' dir='ltr'><strong>είς</strong></span> <span class='ocrx_word' id='word_1_252' title='bbox 3090 630 3180 683; x_wconf 81' lang='grc' dir='ltr'>τὸν</span> <span class='ocrx_word' id='word_1_253' title='bbox 3203 631 3461 700; x_wconf 82' lang='grc' dir='ltr'>Χριστὸν,</span> <span class='ocrx_word' id='word_1_254' title='bbox 3484 631 3788 685; x_wconf 73' lang='grc' dir='ltr'>τύπτουσιδ</span> 
     </span>
    </p>
   </div>
   <div class='ocr_carea' id='block_1_35' title="bbox 2204 722 3791 793">
    <p class='ocr_par' dir='ltr' id='par_1_35' title="bbox 2204 722 3791 793">
     <span class='ocr_line' id='line_1_35' title="bbox 2204 722 3791 793; baseline 0.001 -17"><span class='ocrx_word' id='word_1_255' title='bbox 2204 725 2372 793; x_wconf 80' lang='grc' dir='ltr'>ὑμᾶς,</span> <span class='ocrx_word' id='word_1_256' title='bbox 2406 723 2502 775; x_wconf 76' lang='grc' dir='ltr'><strong>καὶ</strong></span> <span class='ocrx_word' id='word_1_257' title='bbox 2532 723 2608 786; x_wconf 85' lang='grc' dir='ltr'>ὼς</span> <span class='ocrx_word' id='word_1_258' title='bbox 2632 723 2883 789; x_wconf 74' lang='grc' dir='ltr'><strong>παίγνιον</strong></span> <span class='ocrx_word' id='word_1_259' title='bbox 2915 722 3211 792; x_wconf 80' lang='grc' dir='ltr'>κέκτηνται</span> <span class='ocrx_word' id='word_1_260' title='bbox 3243 739 3258 787; x_wconf 85' lang='lat'><strong>;</strong></span> <span class='ocrx_word' id='word_1_261' title='bbox 3294 725 3450 777; x_wconf 83' lang='grc' dir='ltr'><strong>Κατά</strong></span> <span class='ocrx_word' id='word_1_262' title='bbox 3479 727 3634 777; x_wconf 84' lang='grc' dir='ltr'>ποῖον</span> <span class='ocrx_word' id='word_1_263' title='bbox 3660 725 3791 793; x_wconf 81' lang='grc' dir='ltr'>τρό-</span> 
     </span>
    </p>
   </div>
   <div class='ocr_carea' id='block_1_36' title="bbox 2205 815 3787 887">
    <p class='ocr_par' dir='ltr' id='par_1_36' title="bbox 2205 815 3787 887">
     <span class='ocr_line' id='line_1_36' title="bbox 2205 815 3787 887; baseline 0.001 -18"><span class='ocrx_word' id='word_1_264' title='bbox 2205 833 2308 869; x_wconf 88' lang='grc' dir='ltr'>πον</span> <span class='ocrx_word' id='word_1_265' title='bbox 2351 815 2660 884; x_wconf 76' lang='grc' dir='ltr'>λαμϐάνετε</span> <span class='ocrx_word' id='word_1_266' title='bbox 2714 816 2873 884; x_wconf 81' lang='grc' dir='ltr'>ὑμεῖς</span> <span class='ocrx_word' id='word_1_267' title='bbox 2912 815 3118 886; x_wconf 80' lang='grc' dir='ltr'><strong>ἀρτίως</strong></span> <span class='ocrx_word' id='word_1_268' title='bbox 3171 817 3325 886; x_wconf 79' lang='grc' dir='ltr'>ἰσχὺν</span> <span class='ocrx_word' id='word_1_269' title='bbox 3367 815 3521 887; x_wconf 78' lang='grc' dir='ltr'>παρὰ</span> <span class='ocrx_word' id='word_1_270' title='bbox 3554 817 3787 886; x_wconf 86' lang='grc' dir='ltr'>Κυρίου,</span> 
     </span>
    </p>
   </div>
   <div class='ocr_carea' id='block_1_37' title="bbox 2201 908 3791 979">
    <p class='ocr_par' dir='ltr' id='par_1_37' title="bbox 2201 908 3791 979">
     <span class='ocr_line' id='line_1_37' title="bbox 2201 908 3791 979; baseline 0.001 -18"><span class='ocrx_word' id='word_1_271' title='bbox 2201 908 2460 962; x_wconf 89' lang='grc' dir='ltr'>τοσοῦτον</span> <span class='ocrx_word' id='word_1_272' title='bbox 2516 908 2858 979; x_wconf 77' lang='grc' dir='ltr'><strong>ὑπάρχοντες</strong></span> <span class='ocrx_word' id='word_1_273' title='bbox 2908 909 3217 978; x_wconf 84' lang='grc' dir='ltr'>ἀνίσχυροι,</span> <span class='ocrx_word' id='word_1_274' title='bbox 3262 910 3344 962; x_wconf 84' lang='grc' dir='ltr'>ὅτι</span> <span class='ocrx_word' id='word_1_275' title='bbox 3402 910 3513 962; x_wconf 78' lang='grc' dir='ltr'>οὐδ’</span> <span class='ocrx_word' id='word_1_276' title='bbox 3545 908 3612 962; x_wconf 84' lang='grc' dir='ltr'><strong>ἂν</strong></span> <span class='ocrx_word' id='word_1_277' title='bbox 3664 911 3791 978; x_wconf 74' lang='grc' dir='ltr'>ἷσην</span> 
     </span>
    </p>
   </div>
   <div class='ocr_carea' id='block_1_38' title="bbox 2204 996 3792 1070">
    <p class='ocr_par' dir='ltr' id='par_1_38' title="bbox 2204 996 3792 1070">
     <span class='ocr_line' id='line_1_38' title="bbox 2204 996 3792 1070; baseline 0.002 -20"><span class='ocrx_word' id='word_1_278' title='bbox 2204 996 2471 1060; x_wconf 83' lang='grc' dir='ltr'><strong>κώνωπος</strong></span> <span class='ocrx_word' id='word_1_279' title='bbox 2491 998 2630 1068; x_wconf 81' lang='grc' dir='ltr'>πρὸς</span> <span class='ocrx_word' id='word_1_280' title='bbox 2653 998 2713 1051; x_wconf 83' lang='grc' dir='ltr'>τὸ</span> <span class='ocrx_word' id='word_1_281' title='bbox 2737 997 2958 1051; x_wconf 82' lang='grc' dir='ltr'>δάκνειν</span> <span class='ocrx_word' id='word_1_282' title='bbox 2983 999 3112 1061; x_wconf 82' lang='grc' dir='ltr'>τοὺς</span> <span class='ocrx_word' id='word_1_283' title='bbox 3138 998 3368 1068; x_wconf 81' lang='grc' dir='ltr'>ἐχθροὺς</span> <span class='ocrx_word' id='word_1_284' title='bbox 3403 997 3559 1070; x_wconf 82' lang='grc' dir='ltr'>ὑμῶν</span> <span class='ocrx_word' id='word_1_285' title='bbox 3585 1000 3792 1069; x_wconf 87' lang='grc' dir='ltr'>κέκτη-</span> 
     </span>
    </p>
   </div>
   <div class='ocr_carea' id='block_1_39' title="bbox 2207 1088 3792 1161">
    <p class='ocr_par' dir='ltr' id='par_1_39' title="bbox 2207 1088 3792 1161">
     <span class='ocr_line' id='line_1_39' title="bbox 2207 1088 3792 1161; baseline 0.003 -21"><span class='ocrx_word' id='word_1_286' title='bbox 2207 1088 2298 1141; x_wconf 80' lang='grc' dir='ltr'><strong>σθε</strong></span> <span class='ocrx_word' id='word_1_287' title='bbox 2359 1089 2627 1160; x_wconf 83' lang='grc' dir='ltr'>δύναμιν;</span> <span class='ocrx_word' id='word_1_288' title='bbox 2699 1089 2803 1143; x_wconf 85' lang='grc' dir='ltr'><strong>ποῦ</strong></span> <span class='ocrx_word' id='word_1_289' title='bbox 2859 1090 2917 1142; x_wconf 85' lang='grc' dir='ltr'>δὲ</span> <span class='ocrx_word' id='word_1_290' title='bbox 2973 1091 3275 1161; x_wconf 83' lang='grc' dir='ltr'><strong>καθορᾶται</strong></span> <span class='ocrx_word' id='word_1_291' title='bbox 3320 1091 3523 1161; x_wconf 80' lang='grc' dir='ltr'><strong>ἀρτίως</strong></span> <span class='ocrx_word' id='word_1_292' title='bbox 3577 1091 3792 1161; x_wconf 78' lang='grc' dir='ltr'>βοηθῶν</span> 
     </span>
    </p>
   </div>
   <div class='ocr_carea' id='block_1_40' title="bbox 2206 1181 3792 1252">
    <p class='ocr_par' dir='ltr' id='par_1_40' title="bbox 2206 1181 3792 1252">
     <span class='ocr_line' id='line_1_40' title="bbox 2206 1181 3792 1252; baseline 0.002 -18"><span class='ocrx_word' id='word_1_293' title='bbox 2206 1181 2335 1251; x_wconf 82' lang='grc' dir='ltr'>ὑμῖν</span> <span class='ocrx_word' id='word_1_294' title='bbox 2369 1181 2576 1252; x_wconf 81' lang='grc' dir='ltr'>Κύριος</span> <span class='ocrx_word' id='word_1_295' title='bbox 2605 1199 2618 1247; x_wconf 92' lang='grc'><strong>;</strong></span> <span class='ocrx_word' id='word_1_296' title='bbox 2673 1183 2796 1234; x_wconf 71' lang='grc' dir='ltr'>Ἐπὶ</span> <span class='ocrx_word' id='word_1_297' title='bbox 2832 1183 2937 1235; x_wconf 86' lang='grc' dir='ltr'>τίνι</span> <span class='ocrx_word' id='word_1_298' title='bbox 2973 1183 3264 1252; x_wconf 78' lang='grc' dir='ltr'><strong>πράγματι</strong></span> <span class='ocrx_word' id='word_1_299' title='bbox 3295 1200 3312 1247; x_wconf 86' lang='grc'><strong>;</strong></span> <span class='ocrx_word' id='word_1_300' title='bbox 3339 1183 3433 1234; x_wconf 74' lang='grc' dir='ltr'><strong>ἐπὶ</strong></span> <span class='ocrx_word' id='word_1_301' title='bbox 3471 1183 3792 1237; x_wconf 62' lang='grc' dir='ltr'>τίνικάπεί-</span> 
     </span>
    </p>
   </div>
   <div class='ocr_carea' id='block_1_41' title="bbox 2207 1273 3789 1346">
    <p class='ocr_par' dir='ltr' id='par_1_41' title="bbox 2207 1273 3789 1346">
     <span class='ocr_line' id='line_1_41' title="bbox 2207 1273 3789 1346; baseline 0.003 -22"><span class='ocrx_word' id='word_1_302' title='bbox 2207 1273 2329 1327; x_wconf 87' lang='grc' dir='ltr'>Θεια</span> <span class='ocrx_word' id='word_1_303' title='bbox 2366 1273 2523 1344; x_wconf 84' lang='grc'><strong>(97);</strong></span> <span class='ocrx_word' id='word_1_304' title='bbox 2560 1274 2652 1326; x_wconf 78' lang='grc' dir='ltr'><strong>ἐπὶ</strong></span> <span class='ocrx_word' id='word_1_305' title='bbox 2704 1273 2841 1344; x_wconf 85' lang='grc' dir='ltr'>ποίῳ</span> <span class='ocrx_word' id='word_1_306' title='bbox 2891 1273 3036 1338; x_wconf 78' lang='grc' dir='ltr'>δόξα,</span> <span class='ocrx_word' id='word_1_307' title='bbox 3073 1273 3106 1344; x_wconf 80' lang='grc' dir='ltr'>ἦ</span> <span class='ocrx_word' id='word_1_308' title='bbox 3161 1274 3315 1343; x_wconf 75' lang='grc' dir='ltr'>τιμὴ,</span> <span class='ocrx_word' id='word_1_309' title='bbox 3361 1274 3392 1346; x_wconf 81' lang='grc' dir='ltr'><strong>ἢ</strong></span> <span class='ocrx_word' id='word_1_310' title='bbox 3458 1273 3789 1342; x_wconf 77' lang='grc' dir='ltr'>δυναστεέα;</span> 
     </span>
    </p>
   </div>
   <div class='ocr_carea' id='block_1_42' title="bbox 2209 1363 3791 1438">
    <p class='ocr_par' dir='ltr' id='par_1_42' title="bbox 2209 1363 3791 1438">
     <span class='ocr_line' id='line_1_42' title="bbox 2209 1363 3791 1438; baseline 0.001 -20"><span class='ocrx_word' id='word_1_311' title='bbox 2209 1367 2324 1419; x_wconf 79' lang='grc' dir='ltr'><strong>Οὐκ</strong></span> <span class='ocrx_word' id='word_1_312' title='bbox 2386 1363 2436 1418; x_wconf 80' lang='grc' dir='ltr'>εί</span> <span class='ocrx_word' id='word_1_313' title='bbox 2485 1366 2621 1418; x_wconf 76' lang='grc' dir='ltr'>ὡσεὶ</span> <span class='ocrx_word' id='word_1_314' title='bbox 2680 1366 2878 1429; x_wconf 79' lang='grc' dir='ltr'>σποδὸς</span> <span class='ocrx_word' id='word_1_315' title='bbox 2925 1367 3020 1418; x_wconf 66' lang='grc' dir='ltr'><strong>καὶ⁸</strong></span> <span class='ocrx_word' id='word_1_316' title='bbox 3075 1366 3151 1429; x_wconf 82' lang='grc' dir='ltr'>ὡς</span> <span class='ocrx_word' id='word_1_317' title='bbox 3181 1366 3381 1437; x_wconf 81' lang='grc' dir='ltr'>ὁμίχλη</span> <span class='ocrx_word' id='word_1_318' title='bbox 3409 1367 3470 1420; x_wconf 75' lang='grc' dir='ltr'>τὸ</span> <span class='ocrx_word' id='word_1_319' title='bbox 3496 1367 3791 1438; x_wconf 82' lang='grc' dir='ltr'>πρόσωπον</span> 
     </span>
    </p>
   </div>
   <div class='ocr_carea' id='block_1_43' title="bbox 2206 1459 3790 1530">
    <p class='ocr_par' dir='ltr' id='par_1_43' title="bbox 2206 1459 3790 1530">
     <span class='ocr_line' id='line_1_43' title="bbox 2206 1459 3790 1530; baseline 0.001 -18"><span class='ocrx_word' id='word_1_320' title='bbox 2206 1459 2586 1530; x_wconf 81' lang='grc' dir='ltr'>τεταγμένος;</span> <span class='ocrx_word' id='word_1_321' title='bbox 2639 1459 2772 1512; x_wconf 81' lang='grc' dir='ltr'>Ἰδοὺ</span> <span class='ocrx_word' id='word_1_322' title='bbox 2813 1463 2862 1513; x_wconf 90' lang='grc' dir='ltr'>οί</span> <span class='ocrx_word' id='word_1_323' title='bbox 2910 1460 3176 1528; x_wconf 75' lang='grc' dir='ltr'>Ἑϐραῖοι,</span> <span class='ocrx_word' id='word_1_324' title='bbox 3226 1461 3336 1513; x_wconf 72' lang='grc' dir='ltr'>ἰδοὺ</span> <span class='ocrx_word' id='word_1_325' title='bbox 3369 1461 3463 1514; x_wconf 74' lang='grc' dir='ltr'>καὶ</span> <span class='ocrx_word' id='word_1_326' title='bbox 3498 1463 3562 1514; x_wconf 80' lang='grc' dir='ltr'>σὺ</span> <span class='ocrx_word' id='word_1_327' title='bbox 3603 1461 3790 1524; x_wconf 80' lang='grc' dir='ltr'>αὐτός.</span> 
     </span>
    </p>
   </div>
   <div class='ocr_carea' id='block_1_44' title="bbox 2219 1549 3792 1624">
    <p class='ocr_par' dir='ltr' id='par_1_44' title="bbox 2219 1549 3792 1624">
     <span class='ocr_line' id='line_1_44' title="bbox 2219 1549 3792 1624; baseline 0.002 -20"><span class='ocrx_word' id='word_1_328' title='bbox 2219 1553 2499 1606; x_wconf 75' lang='grc' dir='ltr'>’ἰδέτωσαν</span> <span class='ocrx_word' id='word_1_329' title='bbox 2549 1549 2642 1606; x_wconf 79' lang='grc' dir='ltr'><strong>οὖν</strong></span> <span class='ocrx_word' id='word_1_330' title='bbox 2694 1553 2764 1605; x_wconf 81' lang='grc' dir='ltr'>τὰ</span> <span class='ocrx_word' id='word_1_331' title='bbox 2809 1553 3078 1622; x_wconf 85' lang='grc' dir='ltr'>πρόσωπα</span> <span class='ocrx_word' id='word_1_332' title='bbox 3133 1553 3290 1622; x_wconf 84' lang='grc' dir='ltr'>ὑμῶν</span> <span class='ocrx_word' id='word_1_333' title='bbox 3345 1553 3394 1606; x_wconf 89' lang='grc' dir='ltr'>οί</span> <span class='ocrx_word' id='word_1_334' title='bbox 3451 1553 3792 1624; x_wconf 78' lang='grc' dir='ltr'>βουλόμενοι.</span> 
     </span>
    </p>
   </div>
   <div class='ocr_carea' id='block_1_45' title="bbox 2207 1643 3795 1714">
    <p class='ocr_par' dir='ltr' id='par_1_45' title="bbox 2207 1643 3795 1714">
     <span class='ocr_line' id='line_1_45' title="bbox 2207 1643 3795 1714; baseline -0.001 -17"><span class='ocrx_word' id='word_1_335' title='bbox 2207 1645 2323 1697; x_wconf 81' lang='grc' dir='ltr'>Οὐκ</span> <span class='ocrx_word' id='word_1_336' title='bbox 2371 1645 2478 1697; x_wconf 80' lang='grc' dir='ltr'><strong>εἰσὶ</strong></span> <span class='ocrx_word' id='word_1_337' title='bbox 2527 1645 2709 1709; x_wconf 87' lang='grc' dir='ltr'>κὸνις;</span> <span class='ocrx_word' id='word_1_338' title='bbox 2743 1646 2804 1697; x_wconf 81' lang='grc' dir='ltr'><strong>οῦ</strong></span> <span class='ocrx_word' id='word_1_339' title='bbox 2857 1643 3134 1711; x_wconf 78' lang='grc' dir='ltr'><strong>πεφύκασι</strong></span> <span class='ocrx_word' id='word_1_340' title='bbox 3176 1644 3402 1714; x_wconf 73' lang='grc' dir='ltr'>τέφρας</span> <span class='ocrx_word' id='word_1_341' title='bbox 3435 1643 3648 1710; x_wconf 82' lang='grc' dir='ltr'>’πόθεν;</span> <span class='ocrx_word' id='word_1_342' title='bbox 3694 1644 3795 1696; x_wconf 81' lang='grc' dir='ltr'>Ἐκ</span> 
     </span>
    </p>
   </div>
   <div class='ocr_carea' id='block_1_46' title="bbox 2207 1731 3796 1806">
    <p class='ocr_par' dir='ltr' id='par_1_46' title="bbox 2207 1731 3796 1806">
     <span class='ocr_line' id='line_1_46' title="bbox 2207 1731 3796 1806; baseline 0 -19"><span class='ocrx_word' id='word_1_343' title='bbox 2207 1734 2302 1787; x_wconf 89' lang='grc' dir='ltr'><strong>τοῦ</strong></span> <span class='ocrx_word' id='word_1_344' title='bbox 2345 1736 2420 1805; x_wconf 86' lang='grc' dir='ltr'>μὴ</span> <span class='ocrx_word' id='word_1_345' title='bbox 2443 1731 2581 1789; x_wconf 81' lang='grc' dir='ltr'>εἶναι</span> <span class='ocrx_word' id='word_1_346' title='bbox 2617 1735 2779 1806; x_wconf 81' lang='grc' dir='ltr'>χάριν</span> <span class='ocrx_word' id='word_1_347' title='bbox 2807 1738 2874 1788; x_wconf 83' lang='grc' dir='ltr'>ἐκ</span> <span class='ocrx_word' id='word_1_348' title='bbox 2899 1736 3035 1788; x_wconf 83' lang='grc' dir='ltr'>Θεοῦ</span> <span class='ocrx_word' id='word_1_349' title='bbox 3069 1738 3126 1788; x_wconf 79' lang='grc' dir='ltr'><strong>ὲν</strong></span> <span class='ocrx_word' id='word_1_350' title='bbox 3153 1737 3305 1803; x_wconf 80' lang='grc' dir='ltr'>ὑμῖν,</span> <span class='ocrx_word' id='word_1_351' title='bbox 3348 1737 3406 1788; x_wconf 83' lang='grc' dir='ltr'>ὲν</span> <span class='ocrx_word' id='word_1_352' title='bbox 3433 1733 3510 1806; x_wconf 81' lang='grc' dir='ltr'><strong>τῷ</strong></span> <span class='ocrx_word' id='word_1_353' title='bbox 3539 1735 3614 1805; x_wconf 81' lang='grc' dir='ltr'>μὴ</span> <span class='ocrx_word' id='word_1_354' title='bbox 3643 1734 3796 1804; x_wconf 74' lang='grc' dir='ltr'>ἔχειν</span> 
     </span>
    </p>
   </div>
   <div class='ocr_carea' id='block_1_47' title="bbox 2212 1826 3799 1898">
    <p class='ocr_par' dir='ltr' id='par_1_47' title="bbox 2212 1826 3799 1898">
     <span class='ocr_line' id='line_1_47' title="bbox 2212 1826 3799 1898; baseline 0.001 -19"><span class='ocrx_word' id='word_1_355' title='bbox 2212 1827 2358 1896; x_wconf 81' lang='grc' dir='ltr'>ὑμᾶς</span> <span class='ocrx_word' id='word_1_356' title='bbox 2405 1827 2633 1896; x_wconf 79' lang='grc' dir='ltr'>Πνεῦμα</span> <span class='ocrx_word' id='word_1_357' title='bbox 2691 1827 2870 1896; x_wconf 74' lang='grc' dir='ltr'>ἅγιον.</span> <span class='ocrx_word' id='word_1_358' title='bbox 2908 1829 3007 1881; x_wconf 82' lang='grc' dir='ltr'>Διά</span> <span class='ocrx_word' id='word_1_359' title='bbox 3049 1827 3148 1898; x_wconf 80' lang='grc' dir='ltr'>τὴν</span> <span class='ocrx_word' id='word_1_360' title='bbox 3189 1828 3447 1881; x_wconf 83' lang='grc' dir='ltr'><strong>ἀπιστίαν</strong></span> <span class='ocrx_word' id='word_1_361' title='bbox 3487 1826 3640 1897; x_wconf 82' lang='grc' dir='ltr'>ὑμῶν</span> <span class='ocrx_word' id='word_1_362' title='bbox 3694 1827 3799 1888; x_wconf 61' lang='grc' dir='ltr'>καὶ</span> 
     </span>
    </p>
   </div>
   <div class='ocr_carea' id='block_1_48' title="bbox 2211 1919 3799 1991">
    <p class='ocr_par' dir='ltr' id='par_1_48' title="bbox 2211 1919 3799 1991">
     <span class='ocr_line' id='line_1_48' title="bbox 2211 1919 3799 1991; baseline 0.001 -19"><span class='ocrx_word' id='word_1_363' title='bbox 2211 1920 2616 1989; x_wconf 82' lang='grc' dir='ltr'>κακοπραγίαν,</span> <span class='ocrx_word' id='word_1_364' title='bbox 2649 1921 2748 1973; x_wconf 79' lang='grc' dir='ltr'><strong>οὐκ</strong></span> <span class='ocrx_word' id='word_1_365' title='bbox 2775 1921 2897 1974; x_wconf 78' lang='grc' dir='ltr'>ἐστὲ</span> <span class='ocrx_word' id='word_1_366' title='bbox 2921 1920 3289 1991; x_wconf 84' lang='grc' dir='ltr'>διεσχισμένοι</span> <span class='ocrx_word' id='word_1_367' title='bbox 3321 1919 3416 1973; x_wconf 82' lang='grc' dir='ltr'>ἀπ’</span> <span class='ocrx_word' id='word_1_368' title='bbox 3438 1919 3684 1991; x_wconf 86' lang='grc' dir='ltr'>ἀλλήλων</span> <span class='ocrx_word' id='word_1_369' title='bbox 3711 1923 3799 1984; x_wconf 79' lang='grc' dir='ltr'>εἰς</span> 
     </span>
    </p>
   </div>
   <div class='ocr_carea' id='block_1_49' title="bbox 2209 2010 3799 2084">
    <p class='ocr_par' dir='ltr' id='par_1_49' title="bbox 2209 2010 3799 2084">
     <span class='ocr_line' id='line_1_49' title="bbox 2209 2010 3799 2084; baseline -0.002 -18"><span class='ocrx_word' id='word_1_370' title='bbox 2209 2012 2278 2066; x_wconf 83' lang='grc' dir='ltr'>τὰ</span> <span class='ocrx_word' id='word_1_371' title='bbox 2314 2012 2530 2082; x_wconf 77' lang='grc' dir='ltr'>πέρατα</span> <span class='ocrx_word' id='word_1_372' title='bbox 2558 2013 2659 2082; x_wconf 81' lang='grc' dir='ltr'>τῆς</span> <span class='ocrx_word' id='word_1_373' title='bbox 2691 2012 3042 2083; x_wconf 78' lang='grc' dir='ltr'><strong>οἰκουμένης,</strong></span> <span class='ocrx_word' id='word_1_374' title='bbox 3073 2013 3205 2065; x_wconf 73' lang='grc' dir='ltr'>ὡσεὶ</span> <span class='ocrx_word' id='word_1_375' title='bbox 3236 2010 3548 2084; x_wconf 78' lang='grc' dir='ltr'>διερῤωγὼς</span> <span class='ocrx_word' id='word_1_376' title='bbox 3572 2011 3799 2082; x_wconf 79' lang='grc' dir='ltr'>χιτωνί-</span> 
     </span>
    </p>
   </div>
   <div class='ocr_carea' id='block_1_50' title="bbox 2214 2105 3798 2176">
    <p class='ocr_par' dir='ltr' id='par_1_50' title="bbox 2214 2105 3798 2176">
     <span class='ocr_line' id='line_1_50' title="bbox 2214 2105 3798 2176; baseline -0.001 -17"><span class='ocrx_word' id='word_1_377' title='bbox 2214 2124 2364 2172; x_wconf 86' lang='grc' dir='ltr'>σκος,</span> <span class='ocrx_word' id='word_1_378' title='bbox 2405 2108 2500 2161; x_wconf 70' lang='grc' dir='ltr'>καὶ</span> <span class='ocrx_word' id='word_1_379' title='bbox 2559 2108 2689 2160; x_wconf 73' lang='grc' dir='ltr'>ὡσεὶ</span> <span class='ocrx_word' id='word_1_380' title='bbox 2747 2107 2962 2176; x_wconf 78' lang='grc' dir='ltr'>ἱμάτιον</span> <span class='ocrx_word' id='word_1_381' title='bbox 3001 2107 3495 2176; x_wconf 78' lang='grc' dir='ltr'>πεπαλαιωμένον;</span> <span class='ocrx_word' id='word_1_382' title='bbox 3553 2107 3694 2160; x_wconf 83' lang='grc' dir='ltr'><strong>Πότε</strong></span> <span class='ocrx_word' id='word_1_383' title='bbox 3733 2105 3798 2158; x_wconf 77' lang='grc' dir='ltr'>δὲ</span> 
     </span>
    </p>
   </div>
   <div class='ocr_carea' id='block_1_51' title="bbox 2211 2197 3798 2269">
    <p class='ocr_par' dir='ltr' id='par_1_51' title="bbox 2211 2197 3798 2269">
     <span class='ocr_line' id='line_1_51' title="bbox 2211 2197 3798 2269; baseline 0 -19"><span class='ocrx_word' id='word_1_384' title='bbox 2211 2199 2561 2269; x_wconf 67' lang='grc' dir='ltr'>ᾐσχύνθησαν</span> <span class='ocrx_word' id='word_1_385' title='bbox 2613 2199 2709 2250; x_wconf 68' lang='grc' dir='ltr'><strong>καλ⁸</strong></span> <span class='ocrx_word' id='word_1_386' title='bbox 2769 2199 3154 2269; x_wconf 79' lang='grc' dir='ltr'>ὲνετρὰπησαν</span> <span class='ocrx_word' id='word_1_387' title='bbox 3215 2199 3416 2262; x_wconf 79' lang='grc' dir='ltr'>πάντες</span> <span class='ocrx_word' id='word_1_388' title='bbox 3479 2199 3594 2252; x_wconf 84' lang='grc' dir='ltr'>ὅσοι</span> <span class='ocrx_word' id='word_1_389' title='bbox 3651 2197 3798 2267; x_wconf 77' lang='grc' dir='ltr'>πρὸς</span> 
     </span>
    </p>
   </div>
   <div class='ocr_carea' id='block_1_52' title="bbox 2215 2286 3799 2356">
    <p class='ocr_par' dir='ltr' id='par_1_52' title="bbox 2215 2286 3799 2356">
     <span class='ocr_line' id='line_1_52' title="bbox 2215 2286 3799 2356; baseline 0 -17"><span class='ocrx_word' id='word_1_390' title='bbox 2215 2289 2361 2356; x_wconf 78' lang='grc' dir='ltr'>ὑμᾶς</span> <span class='ocrx_word' id='word_1_391' title='bbox 2386 2286 2831 2356; x_wconf 75' lang='grc' dir='ltr'>ὴναντιὼθησανς</span> <span class='ocrx_word' id='word_1_392' title='bbox 2860 2287 2970 2340; x_wconf 87' lang='grc' dir='ltr'><strong>Ποῦ</strong></span> <span class='ocrx_word' id='word_1_393' title='bbox 3001 2288 3137 2341; x_wconf 70' lang='grc' dir='ltr'>εἰσὶν</span> <span class='ocrx_word' id='word_1_394' title='bbox 3161 2289 3236 2352; x_wconf 87' lang='grc' dir='ltr'>ὡς</span> <span class='ocrx_word' id='word_1_395' title='bbox 3259 2289 3359 2342; x_wconf 79' lang='grc' dir='ltr'><strong>οὐκ</strong></span> <span class='ocrx_word' id='word_1_396' title='bbox 3384 2288 3540 2353; x_wconf 72' lang='grc' dir='ltr'>ὅντες</span> <span class='ocrx_word' id='word_1_397' title='bbox 3561 2288 3610 2340; x_wconf 76' lang='lat' dir='ltr'><strong>oi</strong></span> <span class='ocrx_word' id='word_1_398' title='bbox 3636 2286 3799 2356; x_wconf 83' lang='grc' dir='ltr'>ὑμῶν</span> 
     </span>
    </p>
   </div>
   <div class='ocr_carea' id='block_1_53' title="bbox 2214 2377 3800 2452">
    <p class='ocr_par' dir='ltr' id='par_1_53' title="bbox 2214 2377 3800 2452">
     <span class='ocr_line' id='line_1_53' title="bbox 2214 2377 3800 2452; baseline 0.001 -22"><span class='ocrx_word' id='word_1_399' title='bbox 2214 2377 2476 2431; x_wconf 85' lang='grc' dir='ltr'>ἀντίδικοι</span> <span class='ocrx_word' id='word_1_400' title='bbox 2510 2395 2524 2444; x_wconf 89' lang='lat'><strong>;</strong></span> <span class='ocrx_word' id='word_1_401' title='bbox 2563 2379 2697 2432; x_wconf 86' lang='grc' dir='ltr'><strong>Πότε</strong></span> <span class='ocrx_word' id='word_1_402' title='bbox 2726 2381 2782 2432; x_wconf 79' lang='grc' dir='ltr'>δὲ</span> <span class='ocrx_word' id='word_1_403' title='bbox 2812 2379 3115 2452; x_wconf 76' lang='grc' dir='ltr'>ἐζητήσατε</span> <span class='ocrx_word' id='word_1_404' title='bbox 3149 2381 3366 2445; x_wconf 75' lang='grc' dir='ltr'>αὐτοὺς,</span> <span class='ocrx_word' id='word_1_405' title='bbox 3397 2380 3489 2434; x_wconf 77' lang='grc' dir='ltr'>καὶ</span> <span class='ocrx_word' id='word_1_406' title='bbox 3510 2381 3614 2450; x_wconf 78' lang='grc' dir='ltr'>οὐχ</span> <span class='ocrx_word' id='word_1_407' title='bbox 3633 2379 3800 2450; x_wconf 67' lang='grc' dir='ltr'>εὑρέ-</span> 
     </span>
    </p>
   </div>
   <div class='ocr_carea' id='block_1_54' title="bbox 2217 2469 3798 2542">
    <p class='ocr_par' dir='ltr' id='par_1_54' title="bbox 2217 2469 3798 2542">
     <span class='ocr_line' id='line_1_54' title="bbox 2217 2469 3798 2542; baseline 0.003 -22"><span class='ocrx_word' id='word_1_408' title='bbox 2217 2469 2391 2539; x_wconf 81' lang='grc' dir='ltr'>ϐησαν</span> <span class='ocrx_word' id='word_1_409' title='bbox 2415 2485 2430 2534; x_wconf 91' lang='lat'><strong>;</strong></span> <span class='ocrx_word' id='word_1_410' title='bbox 2474 2470 2583 2522; x_wconf 88' lang='grc' dir='ltr'><strong>Ποῦ</strong></span> <span class='ocrx_word' id='word_1_411' title='bbox 2608 2470 2663 2524; x_wconf 83' lang='grc' dir='ltr'>δὲ</span> <span class='ocrx_word' id='word_1_412' title='bbox 2697 2472 2726 2522; x_wconf 97' lang='lat'><strong>6</strong></span> <span class='ocrx_word' id='word_1_413' title='bbox 2755 2471 2887 2534; x_wconf 81' lang='grc' dir='ltr'>Θεὸς</span> <span class='ocrx_word' id='word_1_414' title='bbox 2912 2472 3132 2541; x_wconf 81' lang='grc' dir='ltr'>κρατῶν</span> <span class='ocrx_word' id='word_1_415' title='bbox 3165 2474 3262 2541; x_wconf 72' lang='grc' dir='ltr'>τῆς</span> <span class='ocrx_word' id='word_1_416' title='bbox 3291 2471 3470 2536; x_wconf 81' lang='grc' dir='ltr'>δεξιᾶς</span> <span class='ocrx_word' id='word_1_417' title='bbox 3490 2472 3668 2542; x_wconf 81' lang='grc' dir='ltr'>ὑμῶν,</span> <span class='ocrx_word' id='word_1_418' title='bbox 3696 2473 3798 2525; x_wconf 80' lang='grc' dir='ltr'><strong>καὶ</strong></span> 
     </span>
    </p>
   </div>
   <div class='ocr_carea' id='block_1_55' title="bbox 2214 2561 3800 2636">
    <p class='ocr_par' dir='ltr' id='par_1_55' title="bbox 2214 2561 3800 2636">
     <span class='ocr_line' id='line_1_55' title="bbox 2214 2561 3800 2636; baseline 0.004 -23"><span class='ocrx_word' id='word_1_419' title='bbox 2214 2561 2424 2632; x_wconf 84' lang='grc' dir='ltr'><strong>ὁδηγῶν</strong></span> <span class='ocrx_word' id='word_1_420' title='bbox 2455 2563 2599 2633; x_wconf 82' lang='grc' dir='ltr'>ὑμᾶς</span> <span class='ocrx_word' id='word_1_421' title='bbox 2621 2564 2711 2616; x_wconf 81' lang='grc' dir='ltr'>ὲπί</span> <span class='ocrx_word' id='word_1_422' title='bbox 2733 2581 2841 2618; x_wconf 88' lang='grc' dir='ltr'>τινι</span> <span class='ocrx_word' id='word_1_423' title='bbox 2867 2565 3208 2635; x_wconf 81' lang='grc' dir='ltr'>εὐτυχήματι</span> <span class='ocrx_word' id='word_1_424' title='bbox 3239 2583 3256 2632; x_wconf 84' lang='grc'><strong>;</strong></span> <span class='ocrx_word' id='word_1_425' title='bbox 3283 2564 3392 2618; x_wconf 90' lang='grc' dir='ltr'><strong>Ποῦ</strong></span> <span class='ocrx_word' id='word_1_426' title='bbox 3420 2564 3475 2618; x_wconf 83' lang='grc' dir='ltr'>δὲ</span> <span class='ocrx_word' id='word_1_427' title='bbox 3519 2566 3800 2636; x_wconf 72' lang='grc' dir='ltr'>χρηματίο</span> 
     </span>
    </p>
   </div>
   <div class='ocr_carea' id='block_1_56' title="bbox 2216 2651 3801 2727">
    <p class='ocr_par' dir='ltr' id='par_1_56' title="bbox 2216 2651 3801 2727">
     <span class='ocr_line' id='line_1_56' title="bbox 2216 2651 3801 2727; baseline 0.004 -23"><span class='ocrx_word' id='word_1_428' title='bbox 2216 2651 2372 2716; x_wconf 76' lang='grc' dir='ltr'>ζεται</span> <span class='ocrx_word' id='word_1_429' title='bbox 2400 2654 2510 2725; x_wconf 80' lang='lat'><strong>(98)</strong></span> <span class='ocrx_word' id='word_1_430' title='bbox 2541 2655 2637 2706; x_wconf 72' lang='grc' dir='ltr'><strong>καὶ</strong></span> <span class='ocrx_word' id='word_1_431' title='bbox 2673 2655 2806 2708; x_wconf 66' lang='grc' dir='ltr'>ὡσεὶ</span> <span class='ocrx_word' id='word_1_432' title='bbox 2845 2655 3060 2727; x_wconf 80' lang='grc' dir='ltr'><strong>σκώληξ</strong></span> <span class='ocrx_word' id='word_1_433' title='bbox 3103 2658 3587 2727; x_wconf 73' lang='grc' dir='ltr'><strong>τεταπεινωμένος,</strong></span> <span class='ocrx_word' id='word_1_434' title='bbox 3623 2660 3651 2710; x_wconf 91' lang='lat'><strong>6</strong></span> <span class='ocrx_word' id='word_1_435' title='bbox 3684 2658 3801 2711; x_wconf 79' lang='grc' dir='ltr'><strong>τῶν</strong></span> 
     </span>
    </p>
   </div>
   <div class='ocr_carea' id='block_1_57' title="bbox 2228 2745 3802 2821">
    <p class='ocr_par' dir='ltr' id='par_1_57' title="bbox 2228 2745 3802 2821">
     <span class='ocr_line' id='line_1_57' title="bbox 2228 2745 3802 2821; baseline 0.003 -24"><span class='ocrx_word' id='word_1_436' title='bbox 2228 2745 2497 2798; x_wconf 75' lang='grc' dir='ltr'><strong>Ἰουδαίων</strong></span> <span class='ocrx_word' id='word_1_437' title='bbox 2537 2747 2768 2818; x_wconf 71' lang='grc' dir='ltr'>σοϐαρός</span> <span class='ocrx_word' id='word_1_438' title='bbox 2809 2765 2866 2800; x_wconf 90' lang='grc' dir='ltr'>τε</span> <span class='ocrx_word' id='word_1_439' title='bbox 2913 2750 3007 2802; x_wconf 77' lang='grc' dir='ltr'><strong>καὶ</strong></span> <span class='ocrx_word' id='word_1_440' title='bbox 3051 2749 3430 2821; x_wconf 77' lang='grc' dir='ltr'>λιθοκάρδιος;</span> <span class='ocrx_word' id='word_1_441' title='bbox 3464 2750 3573 2804; x_wconf 90' lang='grc' dir='ltr'><strong>Ποῦ</strong></span> <span class='ocrx_word' id='word_1_442' title='bbox 3609 2750 3664 2803; x_wconf 84' lang='grc' dir='ltr'>δὲ</span> <span class='ocrx_word' id='word_1_443' title='bbox 3696 2750 3802 2802; x_wconf 74' lang='grc' dir='ltr'>καὶ</span> 
     </span>
    </p>
   </div>
   <div class='ocr_carea' id='block_1_58' title="bbox 2214 2837 3802 2912">
    <p class='ocr_par' dir='ltr' id='par_1_58' title="bbox 2214 2837 3802 2912">
     <span class='ocr_line' id='line_1_58' title="bbox 2214 2837 3802 2912; baseline 0.005 -24"><span class='ocrx_word' id='word_1_444' title='bbox 2214 2837 2487 2904; x_wconf 73' lang='grc' dir='ltr'>ὀλιγοστοὶ</span> <span class='ocrx_word' id='word_1_445' title='bbox 2546 2840 2954 2910; x_wconf 84' lang='grc' dir='ltr'>χρηματίζετε,</span> <span class='ocrx_word' id='word_1_446' title='bbox 3006 2841 3102 2894; x_wconf 72' lang='grc' dir='ltr'><strong>καὶ</strong></span> <span class='ocrx_word' id='word_1_447' title='bbox 3167 2843 3266 2912; x_wconf 78' lang='grc' dir='ltr'>τὴν</span> <span class='ocrx_word' id='word_1_448' title='bbox 3319 2841 3588 2912; x_wconf 84' lang='grc' dir='ltr'>λύτρωσιν</span> <span class='ocrx_word' id='word_1_449' title='bbox 3643 2843 3802 2911; x_wconf 69' lang='grc' dir='ltr'>παρὰ</span> 
     </span>
    </p>
   </div>
   <div class='ocr_carea' id='block_1_59' title="bbox 2216 2930 3799 3008">
    <p class='ocr_par' dir='ltr' id='par_1_59' title="bbox 2216 2930 3799 3008">
     <span class='ocr_line' id='line_1_59' title="bbox 2216 2930 3799 3008; baseline 0.006 -27"><span class='ocrx_word' id='word_1_450' title='bbox 2216 2930 2427 3000; x_wconf 83' lang='grc' dir='ltr'>Κυρίου</span> <span class='ocrx_word' id='word_1_451' title='bbox 2451 2933 2801 3001; x_wconf 79' lang='grc' dir='ltr'><strong>κεκτημένοι,</strong></span> <span class='ocrx_word' id='word_1_452' title='bbox 2829 2935 2877 2986; x_wconf 82' lang='grc' dir='ltr'><strong>οἱ</strong></span> <span class='ocrx_word' id='word_1_453' title='bbox 2895 2934 2952 2985; x_wconf 82' lang='grc' dir='ltr'><strong>ἐν</strong></span> <span class='ocrx_word' id='word_1_454' title='bbox 2980 2933 3130 3007; x_wconf 82' lang='grc' dir='ltr'>πάσῃ</span> <span class='ocrx_word' id='word_1_455' title='bbox 3146 2937 3212 3004; x_wconf 80' lang='grc' dir='ltr'>τῇ</span> <span class='ocrx_word' id='word_1_456' title='bbox 3227 2937 3296 3006; x_wconf 80' lang='grc' dir='ltr'><strong>γῇ</strong></span> <span class='ocrx_word' id='word_1_457' title='bbox 3319 2935 3452 2988; x_wconf 79' lang='grc' dir='ltr'>ὡσεὶ</span> <span class='ocrx_word' id='word_1_458' title='bbox 3476 2937 3666 3007; x_wconf 86' lang='grc' dir='ltr'>ἀκρεῖς</span> <span class='ocrx_word' id='word_1_459' title='bbox 3678 2936 3799 3008; x_wconf 84' lang='grc'><strong>(99)</strong></span> 
     </span>
    </p>
   </div>
   <div class='ocr_carea' id='block_1_60' title="bbox 2217 3023 3802 3097">
    <p class='ocr_par' dir='ltr' id='par_1_60' title="bbox 2217 3023 3802 3097">
     <span class='ocr_line' id='line_1_60' title="bbox 2217 3023 3802 3097; baseline 0.004 -23"><span class='ocrx_word' id='word_1_460' title='bbox 2217 3023 2544 3092; x_wconf 73' lang='grc' dir='ltr'>καθήμενοι,</span> <span class='ocrx_word' id='word_1_461' title='bbox 2575 3024 2669 3078; x_wconf 76' lang='grc' dir='ltr'><strong>καὶ</strong></span> <span class='ocrx_word' id='word_1_462' title='bbox 2701 3025 2854 3097; x_wconf 75' lang='grc' dir='ltr'>παρὰ</span> <span class='ocrx_word' id='word_1_463' title='bbox 2884 3028 3101 3080; x_wconf 79' lang='grc' dir='ltr'>πάντων</span> <span class='ocrx_word' id='word_1_464' title='bbox 3126 3027 3526 3097; x_wconf 82' lang='grc' dir='ltr'>ὲμπτυόμενοι,</span> <span class='ocrx_word' id='word_1_465' title='bbox 3557 3029 3654 3080; x_wconf 75' lang='grc' dir='ltr'>καὶ</span> <span class='ocrx_word' id='word_1_466' title='bbox 3685 3046 3802 3097; x_wconf 85' lang='grc' dir='ltr'>μη-</span> 
     </span>
    </p>
   </div>
   <div class='ocr_carea' id='block_1_61' title="bbox 2216 3115 3803 3192">
    <p class='ocr_par' dir='ltr' id='par_1_61' title="bbox 2216 3115 3803 3192">
     <span class='ocr_line' id='line_1_61' title="bbox 2216 3115 3803 3192; baseline 0.004 -24"><span class='ocrx_word' id='word_1_467' title='bbox 2216 3115 2270 3168; x_wconf 90' lang='grc' dir='ltr'><strong>δε</strong></span> <span class='ocrx_word' id='word_1_468' title='bbox 2281 3115 2409 3185; x_wconf 84' lang='grc' dir='ltr'>μίαν</span> <span class='ocrx_word' id='word_1_469' title='bbox 2431 3117 2702 3186; x_wconf 84' lang='grc' dir='ltr'>λύτρωσιν</span> <span class='ocrx_word' id='word_1_470' title='bbox 2737 3120 2886 3190; x_wconf 81' lang='grc' dir='ltr'>παρὰ</span> <span class='ocrx_word' id='word_1_471' title='bbox 2912 3120 3119 3189; x_wconf 84' lang='grc' dir='ltr'>Κυρίου</span> <span class='ocrx_word' id='word_1_472' title='bbox 3142 3120 3420 3189; x_wconf 74' lang='grc' dir='ltr'>δεχόμενοι</span> <span class='ocrx_word' id='word_1_473' title='bbox 3442 3137 3456 3185; x_wconf 87' lang='grc'><strong>;</strong></span> <span class='ocrx_word' id='word_1_474' title='bbox 3488 3121 3722 3192; x_wconf 84' lang='grc' dir='ltr'>Ἀπατᾷ,</span> <span class='ocrx_word' id='word_1_475' title='bbox 3749 3115 3803 3174; x_wconf 83' lang='grc' dir='ltr'><strong>ὧ</strong></span> 
     </span>
    </p>
   </div>
   <div class='ocr_carea' id='block_1_62' title="bbox 515 3196 2110 3284">
    <p class='ocr_par' dir='ltr' id='par_1_62' title="bbox 515 3196 2110 3266">
     <span class='ocr_line' id='line_1_62' title="bbox 515 3196 2110 3266; baseline -0.003 -14"><span class='ocrx_word' id='word_1_476' title='bbox 515 3207 574 3252; x_wconf 90' lang='lat' dir='ltr'><strong>et</strong></span> <span class='ocrx_word' id='word_1_477' title='bbox 600 3198 736 3250; x_wconf 91' lang='lat' dir='ltr'><strong>muti</strong></span> <span class='ocrx_word' id='word_1_478' title='bbox 768 3196 1056 3259; x_wconf 86' lang='lat' dir='ltr'><strong>desidetis,</strong></span> <span class='ocrx_word' id='word_1_479' title='bbox 1089 3205 1145 3249; x_wconf 92' lang='lat' dir='ltr'><strong>et</strong></span> <span class='ocrx_word' id='word_1_480' title='bbox 1171 3196 1240 3250; x_wconf 90' lang='lat' dir='ltr'><strong>ab</strong></span> <span class='ocrx_word' id='word_1_481' title='bbox 1273 3197 1534 3250; x_wconf 90' lang='lat' dir='ltr'><strong>omnibus</strong></span> <span class='ocrx_word' id='word_1_482' title='bbox 1567 3197 1961 3266; x_wconf 89' lang='lat' dir='ltr'><strong>conspuimini,</strong></span> <span class='ocrx_word' id='word_1_483' title='bbox 1987 3196 2110 3250; x_wconf 93' lang='lat' dir='ltr'><strong>nul-</strong></span> 
     </span>
    </p>
   </div>
   <div class='ocr_carea' id='block_1_63' title="bbox 2212 3196 3795 3284">
    <p class='ocr_par' dir='ltr' id='par_1_63' title="bbox 2232 3207 3795 3282">
     <span class='ocr_line' id='line_1_63' title="bbox 2232 3207 3795 3282; baseline 0.005 -24"><span class='ocrx_word' id='word_1_484' title='bbox 2232 3207 2452 3276; x_wconf 72' lang='lat' dir='ltr'><strong>‘Ep6a‘tv.</strong></span> <span class='ocrx_word' id='word_1_485' title='bbox 2475 3208 2660 3262; x_wconf 87' lang='grc' dir='ltr'>Ταῦτα</span> <span class='ocrx_word' id='word_1_486' title='bbox 2679 3208 2788 3280; x_wconf 86' lang='grc' dir='ltr'><strong>γὰρ</strong></span> <span class='ocrx_word' id='word_1_487' title='bbox 2820 3210 3062 3281; x_wconf 76' lang='grc' dir='ltr'>περὶτοῦ</span> <span class='ocrx_word' id='word_1_488' title='bbox 3097 3212 3233 3281; x_wconf 76' lang='grc' dir='ltr'>ἐμοῦ</span> <span class='ocrx_word' id='word_1_489' title='bbox 3269 3212 3507 3282; x_wconf 80' lang='grc' dir='ltr'>Χριστοῦ</span> <span class='ocrx_word' id='word_1_490' title='bbox 3533 3213 3628 3266; x_wconf 73' lang='grc' dir='ltr'><strong>καὶ</strong></span> <span class='ocrx_word' id='word_1_491' title='bbox 3651 3213 3795 3266; x_wconf 78' lang='grc' dir='ltr'>Θεοῦ</span> 
     </span>
    </p>
   </div>
   <div class='ocr_carea' id='block_1_64' title="bbox 516 3286 2116 3358">
    <p class='ocr_par' dir='ltr' id='par_1_64' title="bbox 516 3286 2116 3358">
     <span class='ocr_line' id='line_1_64' title="bbox 516 3286 2116 3358; baseline 0.001 -17"><span class='ocrx_word' id='word_1_492' title='bbox 516 3288 625 3341; x_wconf 90' lang='lat' dir='ltr'><strong>lam</strong></span> <span class='ocrx_word' id='word_1_493' title='bbox 661 3304 690 3340; x_wconf 90' lang='lat' dir='ltr'><strong>a</strong></span> <span class='ocrx_word' id='word_1_494' title='bbox 726 3287 959 3340; x_wconf 91' lang='lat' dir='ltr'><strong>Domino</strong></span> <span class='ocrx_word' id='word_1_495' title='bbox 1004 3286 1392 3342; x_wconf 88' lang='lat' dir='ltr'><strong>liberationem</strong></span> <span class='ocrx_word' id='word_1_496' title='bbox 1433 3289 1822 3358; x_wconf 90' lang='lat' dir='ltr'><strong>accipientes?</strong></span> <span class='ocrx_word' id='word_1_497' title='bbox 1852 3290 1990 3344; x_wconf 86' lang='lat' dir='ltr'><strong>Tota</strong></span> <span class='ocrx_word' id='word_1_498' title='bbox 2023 3306 2116 3344; x_wconf 91' lang='lat' dir='ltr'><strong>er-</strong></span> 
     </span>
    </p>
   </div>
   <div class='ocr_carea' id='block_1_65' title="bbox 517 3379 2120 3440">
    <p class='ocr_par' dir='ltr' id='par_1_65' title="bbox 517 3379 2120 3440">
     <span class='ocr_line' id='line_1_65' title="bbox 517 3379 2120 3440; baseline 0.001 -7"><span class='ocrx_word' id='word_1_499' title='bbox 517 3395 610 3433; x_wconf 85' lang='lat' dir='ltr'><strong>ras</strong></span> <span class='ocrx_word' id='word_1_500' title='bbox 645 3379 754 3440; x_wconf 80' lang='lat' dir='ltr'><strong>via,</strong></span> <span class='ocrx_word' id='word_1_501' title='bbox 785 3395 816 3432; x_wconf 96' lang='lat' dir='ltr'><strong>o</strong></span> <span class='ocrx_word' id='word_1_502' title='bbox 843 3379 1119 3432; x_wconf 84' lang='lat' dir='ltr'><strong>llerbane.</strong></span> <span class='ocrx_word' id='word_1_503' title='bbox 1165 3379 1291 3433; x_wconf 67' lang='grc' dir='ltr'><strong>ΙΙωο</strong></span> <span class='ocrx_word' id='word_1_504' title='bbox 1328 3380 1478 3434; x_wconf 90' lang='lat' dir='ltr'><strong>enim</strong></span> <span class='ocrx_word' id='word_1_505' title='bbox 1521 3380 1590 3434; x_wconf 90' lang='lat' dir='ltr'><strong>de</strong></span> <span class='ocrx_word' id='word_1_506' title='bbox 1632 3397 1756 3434; x_wconf 88' lang='lat' dir='ltr'><strong>meo</strong></span> <span class='ocrx_word' id='word_1_507' title='bbox 1802 3381 2026 3436; x_wconf 86' lang='lat' dir='ltr'><strong>Christo</strong></span> <span class='ocrx_word' id='word_1_508' title='bbox 2062 3390 2120 3437; x_wconf 89' lang='lat' dir='ltr'><strong>et</strong></span> 
     </span>
    </p>
   </div>
   <div class='ocr_carea' id='block_1_66' title="bbox 517 3471 2120 3544">
    <p class='ocr_par' dir='ltr' id='par_1_66' title="bbox 517 3471 2120 3544">
     <span class='ocr_line' id='line_1_66' title="bbox 517 3471 2120 3544; baseline -0.001 -15"><span class='ocrx_word' id='word_1_509' title='bbox 517 3473 654 3536; x_wconf 87' lang='lat' dir='ltr'><strong>Deo,</strong></span> <span class='ocrx_word' id='word_1_510' title='bbox 681 3472 948 3540; x_wconf 84' lang='lat' dir='ltr'><strong>prepheta</strong></span> <span class='ocrx_word' id='word_1_511' title='bbox 987 3471 1320 3525; x_wconf 88' lang='lat' dir='ltr'><strong>vaticinatus</strong></span> <span class='ocrx_word' id='word_1_512' title='bbox 1343 3481 1447 3526; x_wconf 89' lang='lat' dir='ltr'><strong>est.</strong></span> <span class='ocrx_word' id='word_1_513' title='bbox 1485 3473 1552 3527; x_wconf 86' lang='lat' dir='ltr'><strong>Et</strong></span> <span class='ocrx_word' id='word_1_514' title='bbox 1575 3475 1742 3544; x_wconf 83' lang='lat' dir='ltr'><strong>elegit</strong></span> <span class='ocrx_word' id='word_1_515' title='bbox 1765 3475 1944 3544; x_wconf 90' lang='lat' dir='ltr'><strong>ipsum</strong></span> <span class='ocrx_word' id='word_1_516' title='bbox 1975 3476 2120 3544; x_wconf 76' lang='lat' dir='ltr'><strong>Deus</strong></span> 
     </span>
    </p>
   </div>
   <div class='ocr_carea' id='block_1_67' title="bbox 533 3539 2118 3628">
    <p class='ocr_par' dir='ltr' id='par_1_67' title="bbox 533 3539 2118 3628">
     <span class='ocr_line' id='line_1_67' title="bbox 533 3539 2118 3628; baseline 0.002 -10"><span class='ocrx_word' id='word_1_517' title='bbox 533 3573 590 3618; x_wconf 89' lang='lat' dir='ltr'><strong>et</strong></span> <span class='ocrx_word' id='word_1_518' title='bbox 620 3563 857 3626; x_wconf 89' lang='lat' dir='ltr'><strong>vocavit,</strong></span> <span class='ocrx_word' id='word_1_519' title='bbox 895 3571 952 3616; x_wconf 92' lang='lat' dir='ltr'><strong>et</strong></span> <span class='ocrx_word' id='word_1_520' title='bbox 979 3563 1368 3628; x_wconf 79' lang='lat' dir='ltr'><strong>sanctilicavit,</strong></span> <span class='ocrx_word' id='word_1_521' title='bbox 1409 3573 1465 3617; x_wconf 90' lang='lat' dir='ltr'><strong>et</strong></span> <span class='ocrx_word' id='word_1_522' title='bbox 1489 3564 1702 3628; x_wconf 76' lang='lat' dir='ltr'><strong>dilexit,</strong></span> <span class='ocrx_word' id='word_1_523' title='bbox 1739 3577 1794 3620; x_wconf 89' lang='lat' dir='ltr'><strong>et</strong></span> <span class='ocrx_word' id='word_1_524' title='bbox 1824 3582 1932 3619; x_wconf 91' lang='lat' dir='ltr'><strong>non</strong></span> <span class='ocrx_word' id='word_1_525' title='bbox 1957 3539 2118 3621; x_wconf 55' lang='lat' dir='ltr'><strong>dere.-</strong></span> 
     </span>
    </p>
   </div>
   <div class='ocr_carea' id='block_1_68' title="bbox 520 3655 2119 3726">
    <p class='ocr_par' dir='ltr' id='par_1_68' title="bbox 520 3655 2119 3726">
     <span class='ocr_line' id='line_1_68' title="bbox 520 3655 2119 3726; baseline 0 -14"><span class='ocrx_word' id='word_1_526' title='bbox 520 3656 782 3726; x_wconf 86' lang='lat' dir='ltr'><strong>liquit;et</strong></span> <span class='ocrx_word' id='word_1_527' title='bbox 805 3655 1205 3718; x_wconf 89' lang='lat' dir='ltr'><strong>corroboravit,</strong></span> <span class='ocrx_word' id='word_1_528' title='bbox 1227 3665 1282 3709; x_wconf 92' lang='lat' dir='ltr'><strong>et</strong></span> <span class='ocrx_word' id='word_1_529' title='bbox 1300 3657 1464 3725; x_wconf 84' lang='lat' dir='ltr'><strong>juvit,</strong></span> <span class='ocrx_word' id='word_1_530' title='bbox 1491 3666 1548 3711; x_wconf 89' lang='lat' dir='ltr'><strong>et</strong></span> <span class='ocrx_word' id='word_1_531' title='bbox 1568 3658 2119 3712; x_wconf 81' lang='lat' dir='ltr'><strong>conﬁrmavitdextra</strong></span> 
     </span>
    </p>
   </div>
   <div class='ocr_carea' id='block_1_69' title="bbox 521 3746 2121 3820">
    <p class='ocr_par' dir='ltr' id='par_1_69' title="bbox 521 3746 2121 3820">
     <span class='ocr_line' id='line_1_69' title="bbox 521 3746 2121 3820; baseline 0 -16"><span class='ocrx_word' id='word_1_532' title='bbox 521 3763 616 3804; x_wconf 87' lang='lat' dir='ltr'><strong>sua</strong></span> <span class='ocrx_word' id='word_1_533' title='bbox 637 3747 866 3801; x_wconf 83' lang='lat' dir='ltr'><strong>maxima</strong></span> <span class='ocrx_word' id='word_1_534' title='bbox 879 3755 933 3800; x_wconf 90' lang='lat' dir='ltr'><strong>et</strong></span> <span class='ocrx_word' id='word_1_535' title='bbox 949 3746 1671 3818; x_wconf 79' lang='lat' dir='ltr'><strong>potentissima.Responde,</strong></span> <span class='ocrx_word' id='word_1_536' title='bbox 1687 3751 1811 3820; x_wconf 85' lang='lat' dir='ltr'><strong>quis</strong></span> <span class='ocrx_word' id='word_1_537' title='bbox 1828 3751 1989 3805; x_wconf 93' lang='lat' dir='ltr'><strong>modo</strong></span> <span class='ocrx_word' id='word_1_538' title='bbox 2007 3752 2121 3820; x_wconf 88' lang='lat' dir='ltr'><strong>glo-</strong></span> 
     </span>
    </p>
   </div>
   <div class='ocr_carea' id='block_1_70' title="bbox 524 3839 2120 3912">
    <p class='ocr_par' dir='ltr' id='par_1_70' title="bbox 524 3839 2120 3912">
     <span class='ocr_line' id='line_1_70' title="bbox 524 3839 2120 3912; baseline 0.003 -21"><span class='ocrx_word' id='word_1_539' title='bbox 524 3839 796 3902; x_wconf 82' lang='lat' dir='ltr'><strong>riﬁcatur,</strong></span> <span class='ocrx_word' id='word_1_540' title='bbox 825 3839 950 3908; x_wconf 90' lang='lat' dir='ltr'><strong>quis</strong></span> <span class='ocrx_word' id='word_1_541' title='bbox 973 3847 1184 3908; x_wconf 83' lang='lat' dir='ltr'><strong>regnat,</strong></span> <span class='ocrx_word' id='word_1_542' title='bbox 1223 3844 1349 3908; x_wconf 89' lang='lat' dir='ltr'><strong>quis</strong></span> <span class='ocrx_word' id='word_1_543' title='bbox 1377 3839 1539 3895; x_wconf 83' lang='lat' dir='ltr'><strong>fortis</strong></span> <span class='ocrx_word' id='word_1_544' title='bbox 1561 3851 1725 3896; x_wconf 89' lang='lat' dir='ltr'><strong>estet</strong></span> <span class='ocrx_word' id='word_1_545' title='bbox 1764 3843 2120 3912; x_wconf 71' lang='lat' dir='ltr'><strong>praepotens?</strong></span> 
     </span>
    </p>
   </div>
   <div class='ocr_carea' id='block_1_71' title="bbox 519 3924 2119 3994">
    <p class='ocr_par' dir='ltr' id='par_1_71' title="bbox 519 3924 2119 3994">
     <span class='ocr_line' id='line_1_71' title="bbox 519 3924 2119 3994; baseline 0.003 -15"><span class='ocrx_word' id='word_1_546' title='bbox 519 3924 642 3979; x_wconf 84' lang='lat' dir='ltr'><strong>Non</strong></span> <span class='ocrx_word' id='word_1_547' title='bbox 676 3926 841 3989; x_wconf 81' lang='lat' dir='ltr'><strong>alios,</strong></span> <span class='ocrx_word' id='word_1_548' title='bbox 878 3941 1041 3994; x_wconf 91' lang='lat' dir='ltr'><strong>quam</strong></span> <span class='ocrx_word' id='word_1_549' title='bbox 1098 3927 1259 3980; x_wconf 86' lang='lat' dir='ltr'><strong>Jesus</strong></span> <span class='ocrx_word' id='word_1_550' title='bbox 1287 3927 1544 3982; x_wconf 87' lang='lat' dir='ltr'><strong>Christus</strong></span> <span class='ocrx_word' id='word_1_551' title='bbox 1579 3929 1843 3984; x_wconf 89' lang='lat' dir='ltr'><strong>Dominus</strong></span> <span class='ocrx_word' id='word_1_552' title='bbox 1873 3945 2028 3983; x_wconf 90' lang='lat' dir='ltr'><strong>meus</strong></span> <span class='ocrx_word' id='word_1_553' title='bbox 2063 3938 2119 3984; x_wconf 89' lang='lat' dir='ltr'><strong>et</strong></span> 
     </span>
    </p>
   </div>
   <div class='ocr_carea' id='block_1_72' title="bbox 521 4018 2118 4097">
    <p class='ocr_par' dir='ltr' id='par_1_72' title="bbox 521 4018 2118 4097">
     <span class='ocr_line' id='line_1_72' title="bbox 521 4018 2118 4097; baseline 0.001 -24"><span class='ocrx_word' id='word_1_554' title='bbox 521 4018 688 4073; x_wconf 83' lang='lat' dir='ltr'><strong>Deus.</strong></span> <span class='ocrx_word' id='word_1_555' title='bbox 710 4019 829 4073; x_wconf 88' lang='lat' dir='ltr'><strong>Non</strong></span> <span class='ocrx_word' id='word_1_556' title='bbox 856 4035 972 4082; x_wconf 88' lang='lat' dir='ltr'><strong>vos,</strong></span> <span class='ocrx_word' id='word_1_557' title='bbox 999 4019 1237 4084; x_wconf 66' lang='lat' dir='ltr'><strong>Hebraei,</strong></span> <span class='ocrx_word' id='word_1_558' title='bbox 1260 4021 1500 4075; x_wconf 84' lang='lat' dir='ltr'><strong>maximo</strong></span> <span class='ocrx_word' id='word_1_559' title='bbox 1532 4023 1745 4090; x_wconf 88' lang='lat' dir='ltr'><strong>pudore</strong></span> <span class='ocrx_word' id='word_1_560' title='bbox 1767 4031 1823 4076; x_wconf 90' lang='lat' dir='ltr'><strong>et</strong></span> <span class='ocrx_word' id='word_1_561' title='bbox 1848 4022 2118 4097; x_wconf 85' lang='lat' dir='ltr'><strong>dedecore</strong></span> 
     </span>
    </p>
   </div>
   <div class='ocr_carea' id='block_1_73' title="bbox 521 4111 2119 4183">
    <p class='ocr_par' dir='ltr' id='par_1_73' title="bbox 521 4111 2119 4183">
     <span class='ocr_line' id='line_1_73' title="bbox 521 4111 2119 4183; baseline 0.004 -20"><span class='ocrx_word' id='word_1_562' title='bbox 521 4125 587 4164; x_wconf 90' lang='lat' dir='ltr'><strong>ac</strong></span> <span class='ocrx_word' id='word_1_563' title='bbox 613 4113 819 4180; x_wconf 89' lang='lat' dir='ltr'><strong>probro</strong></span> <span class='ocrx_word' id='word_1_564' title='bbox 846 4111 1063 4166; x_wconf 82' lang='lat' dir='ltr'><strong>confusi</strong></span> <span class='ocrx_word' id='word_1_565' title='bbox 1087 4113 1245 4178; x_wconf 87' lang='lat' dir='ltr'><strong>estis,</strong></span> <span class='ocrx_word' id='word_1_566' title='bbox 1281 4122 1340 4167; x_wconf 91' lang='lat' dir='ltr'><strong>ut</strong></span> <span class='ocrx_word' id='word_1_567' title='bbox 1372 4115 1467 4183; x_wconf 91' lang='lat' dir='ltr'><strong>qui</strong></span> <span class='ocrx_word' id='word_1_568' title='bbox 1497 4115 1549 4168; x_wconf 92' lang='lat' dir='ltr'><strong>in</strong></span> <span class='ocrx_word' id='word_1_569' title='bbox 1586 4115 1765 4183; x_wconf 90' lang='lat' dir='ltr'><strong>ipsum</strong></span> <span class='ocrx_word' id='word_1_570' title='bbox 1799 4115 2119 4171; x_wconf 88' lang='lat' dir='ltr'><strong>incursave-</strong></span> 
     </span>
    </p>
   </div>
   <div class='ocr_carea' id='block_1_74' title="bbox 521 4198 2117 4268">
    <p class='ocr_par' dir='ltr' id='par_1_74' title="bbox 521 4198 2117 4268">
     <span class='ocr_line' id='line_1_74' title="bbox 521 4198 2117 4268; baseline 0.004 -15"><span class='ocrx_word' id='word_1_571' title='bbox 521 4198 670 4261; x_wconf 83' lang='lat' dir='ltr'><strong>ritis,</strong></span> <span class='ocrx_word' id='word_1_572' title='bbox 704 4207 764 4252; x_wconf 89' lang='lat' dir='ltr'><strong>et</strong></span> <span class='ocrx_word' id='word_1_573' title='bbox 795 4199 1040 4268; x_wconf 80' lang='lat' dir='ltr'><strong>graviter</strong></span> <span class='ocrx_word' id='word_1_574' title='bbox 1067 4200 1342 4254; x_wconf 85' lang='lat' dir='ltr'><strong>adversati</strong></span> <span class='ocrx_word' id='word_1_575' title='bbox 1368 4203 1547 4256; x_wconf 88' lang='lat' dir='ltr'><strong>estis?</strong></span> <span class='ocrx_word' id='word_1_576' title='bbox 1577 4202 1770 4257; x_wconf 83' lang='lat' dir='ltr'><strong>Nonne</strong></span> <span class='ocrx_word' id='word_1_577' title='bbox 1792 4204 1929 4258; x_wconf 91' lang='lat' dir='ltr'><strong>estis</strong></span> <span class='ocrx_word' id='word_1_578' title='bbox 1958 4213 2017 4258; x_wconf 88' lang='lat' dir='ltr'><strong>ut</strong></span> <span class='ocrx_word' id='word_1_579' title='bbox 2037 4204 2117 4260; x_wconf 94' lang='lat' dir='ltr'><strong>illi</strong></span> 
     </span>
    </p>
   </div>
   <div class='ocr_carea' id='block_1_75' title="bbox 520 4291 2119 4364">
    <p class='ocr_par' dir='ltr' id='par_1_75' title="bbox 520 4291 2119 4364">
     <span class='ocr_line' id='line_1_75' title="bbox 520 4291 2119 4364; baseline 0.004 -21"><span class='ocrx_word' id='word_1_580' title='bbox 520 4291 619 4358; x_wconf 91' lang='lat' dir='ltr'><strong>qui</strong></span> <span class='ocrx_word' id='word_1_581' title='bbox 663 4307 776 4344; x_wconf 90' lang='lat' dir='ltr'><strong>non</strong></span> <span class='ocrx_word' id='word_1_582' title='bbox 808 4292 981 4345; x_wconf 88' lang='lat' dir='ltr'><strong>sunt?</strong></span> <span class='ocrx_word' id='word_1_583' title='bbox 1014 4291 1116 4346; x_wconf 91' lang='lat' dir='ltr'><strong>Ubi</strong></span> <span class='ocrx_word' id='word_1_584' title='bbox 1143 4293 1306 4346; x_wconf 90' lang='lat' dir='ltr'><strong>etiam</strong></span> <span class='ocrx_word' id='word_1_585' title='bbox 1341 4311 1490 4348; x_wconf 92' lang='lat' dir='ltr'><strong>nunc</strong></span> <span class='ocrx_word' id='word_1_586' title='bbox 1531 4296 1961 4364; x_wconf 90' lang='lat' dir='ltr'><strong>conspicimini?</strong></span> <span class='ocrx_word' id='word_1_587' title='bbox 2011 4297 2119 4356; x_wconf 74' lang='lat' dir='ltr'><strong>Vos</strong></span> 
     </span>
    </p>
   </div>
   <div class='ocr_carea' id='block_1_76' title="bbox 519 4383 2113 4463">
    <p class='ocr_par' dir='ltr' id='par_1_76' title="bbox 519 4383 2113 4463">
     <span class='ocr_line' id='line_1_76' title="bbox 519 4383 2113 4463; baseline 0.006 -28"><span class='ocrx_word' id='word_1_588' title='bbox 519 4383 640 4452; x_wconf 86' lang='lat' dir='ltr'><strong>ejus</strong></span> <span class='ocrx_word' id='word_1_589' title='bbox 666 4383 762 4452; x_wconf 86' lang='lat' dir='ltr'><strong>qui</strong></span> <span class='ocrx_word' id='word_1_590' title='bbox 788 4384 940 4437; x_wconf 90' lang='lat' dir='ltr'><strong>cruci</strong></span> <span class='ocrx_word' id='word_1_591' title='bbox 965 4383 1070 4438; x_wconf 80' lang='lat' dir='ltr'><strong>fuit</strong></span> <span class='ocrx_word' id='word_1_592' title='bbox 1089 4384 1360 4450; x_wconf 80' lang='lat' dir='ltr'><strong>conﬁxus,</strong></span> <span class='ocrx_word' id='word_1_593' title='bbox 1395 4387 1814 4458; x_wconf 88' lang='lat' dir='ltr'><strong>inimici,ipsnm</strong></span> <span class='ocrx_word' id='word_1_594' title='bbox 1843 4389 2113 4463; x_wconf 61' lang='lat' dir='ltr'><strong>quairitis,</strong></span> 
     </span>
    </p>
   </div>
   <div class='ocr_carea' id='block_1_77' title="bbox 519 4463 2112 4549">
    <p class='ocr_par' dir='ltr' id='par_1_77' title="bbox 519 4463 2112 4549">
     <span class='ocr_line' id='line_1_77' title="bbox 519 4463 2112 4549; baseline 0.003 -19"><span class='ocrx_word' id='word_1_595' title='bbox 519 4484 577 4530; x_wconf 89' lang='lat' dir='ltr'><strong>et</strong></span> <span class='ocrx_word' id='word_1_596' title='bbox 599 4491 709 4529; x_wconf 89' lang='lat' dir='ltr'><strong>non</strong></span> <span class='ocrx_word' id='word_1_597' title='bbox 743 4475 1009 4530; x_wconf 90' lang='lat' dir='ltr'><strong>invenitis</strong></span> <span class='ocrx_word' id='word_1_598' title='bbox 1043 4495 1054 4529; x_wconf 93' lang='lat'>:</span> <span class='ocrx_word' id='word_1_599' title='bbox 1090 4487 1386 4546; x_wconf 85' lang='lat' dir='ltr'><strong>prepterea</strong></span> <span class='ocrx_word' id='word_1_600' title='bbox 1418 4480 1564 4549; x_wconf 92' lang='lat' dir='ltr'><strong>quod</strong></span> <span class='ocrx_word' id='word_1_601' title='bbox 1591 4463 1990 4535; x_wconf 85' lang='lat' dir='ltr'><strong>contumeliose</strong></span> <span class='ocrx_word' id='word_1_602' title='bbox 2014 4481 2112 4536; x_wconf 88' lang='lat' dir='ltr'><strong>de—</strong></span> 
     </span>
    </p>
   </div>
   <div class='ocr_carea' id='block_1_78' title="bbox 2215 3301 3800 3373">
    <p class='ocr_par' dir='ltr' id='par_1_78' title="bbox 2215 3301 3800 3373">
     <span class='ocr_line' id='line_1_78' title="bbox 2215 3301 3800 3373; baseline 0.004 -21"><span class='ocrx_word' id='word_1_603' title='bbox 2215 3301 2244 3352; x_wconf 90' lang='lat'><strong>6</strong></span> <span class='ocrx_word' id='word_1_604' title='bbox 2275 3302 2563 3372; x_wconf 80' lang='grc' dir='ltr'>προφήτης</span> <span class='ocrx_word' id='word_1_605' title='bbox 2609 3302 2847 3373; x_wconf 76' lang='grc' dir='ltr'>ῂνίξατο.</span> <span class='ocrx_word' id='word_1_606' title='bbox 2901 3304 3010 3356; x_wconf 72' lang='grc' dir='ltr'>Καὶ</span> <span class='ocrx_word' id='word_1_607' title='bbox 3051 3302 3335 3371; x_wconf 77' lang='grc' dir='ltr'>ἐξελέξατο</span> <span class='ocrx_word' id='word_1_608' title='bbox 3380 3305 3539 3359; x_wconf 80' lang='grc' dir='ltr'>αὐτὸν</span> <span class='ocrx_word' id='word_1_609' title='bbox 3565 3307 3594 3358; x_wconf 93' lang='lat'><strong>6</strong></span> <span class='ocrx_word' id='word_1_610' title='bbox 3638 3305 3800 3370; x_wconf 85' lang='grc' dir='ltr'>Θεὸς,</span> 
     </span>
    </p>
   </div>
   <div class='ocr_carea' id='block_1_79' title="bbox 2216 3390 3804 3465">
    <p class='ocr_par' dir='ltr' id='par_1_79' title="bbox 2216 3390 3804 3465">
     <span class='ocr_line' id='line_1_79' title="bbox 2216 3390 3804 3465; baseline 0.004 -23"><span class='ocrx_word' id='word_1_611' title='bbox 2216 3391 2310 3442; x_wconf 77' lang='grc' dir='ltr'><strong>καὶ</strong></span> <span class='ocrx_word' id='word_1_612' title='bbox 2363 3390 2610 3453; x_wconf 76' lang='grc' dir='ltr'>ἐκάλεσε,</span> <span class='ocrx_word' id='word_1_613' title='bbox 2647 3393 2743 3444; x_wconf 75' lang='grc' dir='ltr'>καὶ</span> <span class='ocrx_word' id='word_1_614' title='bbox 2795 3392 3028 3462; x_wconf 54' lang='grc' dir='ltr'>ηνγίασε,</span> <span class='ocrx_word' id='word_1_615' title='bbox 3060 3395 3154 3446; x_wconf 71' lang='grc' dir='ltr'><strong>καὶ</strong></span> <span class='ocrx_word' id='word_1_616' title='bbox 3205 3393 3482 3465; x_wconf 75' lang='grc' dir='ltr'><strong>ἠγάπησε,</strong></span> <span class='ocrx_word' id='word_1_617' title='bbox 3546 3397 3643 3448; x_wconf 78' lang='grc' dir='ltr'><strong>καὶ</strong></span> <span class='ocrx_word' id='word_1_618' title='bbox 3694 3396 3804 3448; x_wconf 81' lang='grc' dir='ltr'>οὐκ</span> 
     </span>
    </p>
   </div>
   <div class='ocr_carea' id='block_1_80' title="bbox 2216 3482 3807 3557">
    <p class='ocr_par' dir='ltr' id='par_1_80' title="bbox 2216 3482 3807 3557">
     <span class='ocr_line' id='line_1_80' title="bbox 2216 3482 3807 3557; baseline 0.004 -23"><span class='ocrx_word' id='word_1_619' title='bbox 2216 3482 2566 3550; x_wconf 74' lang='grc' dir='ltr'>ἐγκατέλιπε,</span> <span class='ocrx_word' id='word_1_620' title='bbox 2593 3486 2689 3535; x_wconf 83' lang='grc' dir='ltr'>καὶ</span> <span class='ocrx_word' id='word_1_621' title='bbox 2719 3484 2994 3553; x_wconf 79' lang='grc' dir='ltr'>ὲνίσχυσε,</span> <span class='ocrx_word' id='word_1_622' title='bbox 3028 3486 3120 3538; x_wconf 81' lang='grc' dir='ltr'>καὶ</span> <span class='ocrx_word' id='word_1_623' title='bbox 3151 3485 3442 3556; x_wconf 74' lang='grc' dir='ltr'>ἐϐοήθησε,</span> <span class='ocrx_word' id='word_1_624' title='bbox 3473 3488 3568 3540; x_wconf 76' lang='grc' dir='ltr'>καὶ</span> <span class='ocrx_word' id='word_1_625' title='bbox 3617 3488 3807 3557; x_wconf 73' lang='grc' dir='ltr'>ἠσφα-</span> 
     </span>
    </p>
   </div>
   <div class='ocr_carea' id='block_1_81' title="bbox 2215 3573 3804 3649">
    <p class='ocr_par' dir='ltr' id='par_1_81' title="bbox 2215 3573 3804 3649">
     <span class='ocr_line' id='line_1_81' title="bbox 2215 3573 3804 3649; baseline 0.003 -23"><span class='ocrx_word' id='word_1_626' title='bbox 2215 3573 2404 3627; x_wconf 92' lang='grc' dir='ltr'>λίσατο</span> <span class='ocrx_word' id='word_1_627' title='bbox 2434 3577 2499 3645; x_wconf 80' lang='grc' dir='ltr'><strong>τῇ</strong></span> <span class='ocrx_word' id='word_1_628' title='bbox 2539 3574 2691 3646; x_wconf 80' lang='grc' dir='ltr'>δεξιᾷ</span> <span class='ocrx_word' id='word_1_629' title='bbox 2729 3575 2894 3628; x_wconf 87' lang='grc' dir='ltr'>αὐτοῦ</span> <span class='ocrx_word' id='word_1_630' title='bbox 2932 3580 3000 3648; x_wconf 81' lang='grc' dir='ltr'><strong>τῇ</strong></span> <span class='ocrx_word' id='word_1_631' title='bbox 3036 3578 3290 3649; x_wconf 82' lang='grc' dir='ltr'>μεγίστῃ.</span> <span class='ocrx_word' id='word_1_632' title='bbox 3335 3578 3686 3648; x_wconf 85' lang='grc' dir='ltr'>Ἀποκρίθητι</span> <span class='ocrx_word' id='word_1_633' title='bbox 3710 3579 3804 3643; x_wconf 86' lang='grc' dir='ltr'><strong>τίς</strong></span> 
     </span>
    </p>
   </div>
   <div class='ocr_carea' id='block_1_82' title="bbox 2215 3666 3807 3741">
    <p class='ocr_par' dir='ltr' id='par_1_82' title="bbox 2215 3666 3807 3741">
     <span class='ocr_line' id='line_1_82' title="bbox 2215 3666 3807 3741; baseline 0.002 -23"><span class='ocrx_word' id='word_1_634' title='bbox 2215 3666 2422 3737; x_wconf 80' lang='grc' dir='ltr'>ἀρτίως</span> <span class='ocrx_word' id='word_1_635' title='bbox 2462 3667 2745 3731; x_wconf 76' lang='grc' dir='ltr'>δοξάζεται</span> <span class='ocrx_word' id='word_1_636' title='bbox 2770 3707 2785 3730; x_wconf 86' lang='grc'><strong>,</strong></span> <span class='ocrx_word' id='word_1_637' title='bbox 2817 3667 2900 3731; x_wconf 87' lang='grc' dir='ltr'><strong>τίς</strong></span> <span class='ocrx_word' id='word_1_638' title='bbox 2937 3668 3233 3740; x_wconf 76' lang='grc' dir='ltr'>βασιλεύει,</span> <span class='ocrx_word' id='word_1_639' title='bbox 3265 3669 3350 3732; x_wconf 91' lang='grc' dir='ltr'><strong>τίς</strong></span> <span class='ocrx_word' id='word_1_640' title='bbox 3388 3671 3534 3723; x_wconf 77' lang='grc' dir='ltr'>ἐστιν</span> <span class='ocrx_word' id='word_1_641' title='bbox 3577 3669 3807 3741; x_wconf 77' lang='grc' dir='ltr'>ἰσχυρὸς</span> 
     </span>
    </p>
   </div>
   <div class='ocr_carea' id='block_1_83' title="bbox 2216 3759 3807 3834">
    <p class='ocr_par' dir='ltr' id='par_1_83' title="bbox 2216 3759 3807 3834">
     <span class='ocr_line' id='line_1_83' title="bbox 2216 3759 3807 3834; baseline 0.002 -21"><span class='ocrx_word' id='word_1_642' title='bbox 2216 3760 2312 3813; x_wconf 73' lang='grc' dir='ltr'>καὶ</span> <span class='ocrx_word' id='word_1_643' title='bbox 2344 3759 2808 3830; x_wconf 83' lang='grc' dir='ltr'>μεγαλοδύναμος,</span> <span class='ocrx_word' id='word_1_644' title='bbox 2836 3761 2954 3814; x_wconf 84' lang='grc' dir='ltr'>ἀλλ’</span> <span class='ocrx_word' id='word_1_645' title='bbox 2977 3762 3010 3833; x_wconf 81' lang='grc' dir='ltr'><strong>ἢ</strong></span> <span class='ocrx_word' id='word_1_646' title='bbox 3044 3763 3253 3834; x_wconf 82' lang='grc' dir='ltr'>Ἰησοῦς</span> <span class='ocrx_word' id='word_1_647' title='bbox 3281 3764 3516 3832; x_wconf 82' lang='grc' dir='ltr'>Χριστὸς</span> <span class='ocrx_word' id='word_1_648' title='bbox 3539 3765 3567 3816; x_wconf 86' lang='lat'><strong>6</strong></span> <span class='ocrx_word' id='word_1_649' title='bbox 3593 3763 3807 3834; x_wconf 75' lang='grc' dir='ltr'>Κύριός</span> 
     </span>
    </p>
   </div>
   <div class='ocr_carea' id='block_1_84' title="bbox 2220 3853 3805 3924">
    <p class='ocr_par' dir='ltr' id='par_1_84' title="bbox 2220 3853 3805 3924">
     <span class='ocr_line' id='line_1_84' title="bbox 2220 3853 3805 3924; baseline -0.001 -20"><span class='ocrx_word' id='word_1_650' title='bbox 2220 3870 2320 3923; x_wconf 85' lang='grc' dir='ltr'><strong>μου</strong></span> <span class='ocrx_word' id='word_1_651' title='bbox 2364 3854 2458 3906; x_wconf 79' lang='grc' dir='ltr'>καὶ</span> <span class='ocrx_word' id='word_1_652' title='bbox 2483 3853 2654 3918; x_wconf 82' lang='grc' dir='ltr'>Θεός;</span> <span class='ocrx_word' id='word_1_653' title='bbox 2691 3853 2806 3906; x_wconf 80' lang='grc' dir='ltr'><strong>Οὐκ</strong></span> <span class='ocrx_word' id='word_1_654' title='bbox 2833 3853 2955 3906; x_wconf 78' lang='grc' dir='ltr'>ἕστε</span> <span class='ocrx_word' id='word_1_655' title='bbox 2995 3855 3174 3923; x_wconf 79' lang='grc' dir='ltr'>ὑμεῖς,</span> <span class='ocrx_word' id='word_1_656' title='bbox 3207 3856 3257 3907; x_wconf 73' lang='lat' dir='ltr'><strong>ot</strong></span> <span class='ocrx_word' id='word_1_657' title='bbox 3305 3854 3568 3924; x_wconf 77' lang='grc' dir='ltr'>Ἑϐραῖοι,</span> <span class='ocrx_word' id='word_1_658' title='bbox 3603 3857 3661 3908; x_wconf 88' lang='grc' dir='ltr'><strong>ὲν</strong></span> <span class='ocrx_word' id='word_1_659' title='bbox 3705 3856 3805 3908; x_wconf 74' lang='lat' dir='ltr'><strong>ai.</strong></span> 
     </span>
    </p>
   </div>
   <div class='ocr_carea' id='block_1_85' title="bbox 2218 3943 3802 4020">
    <p class='ocr_par' dir='ltr' id='par_1_85' title="bbox 2218 3943 3802 4020">
     <span class='ocr_line' id='line_1_85' title="bbox 2218 3943 3802 4020; baseline 0.004 -24"><span class='ocrx_word' id='word_1_660' title='bbox 2218 3943 2387 4016; x_wconf 80' lang='grc' dir='ltr'>σχύνῃ</span> <span class='ocrx_word' id='word_1_661' title='bbox 2415 3945 2508 3999; x_wconf 73' lang='grc' dir='ltr'>καὶ</span> <span class='ocrx_word' id='word_1_662' title='bbox 2539 3947 2597 3998; x_wconf 87' lang='grc' dir='ltr'><strong>ὲν</strong></span> <span class='ocrx_word' id='word_1_663' title='bbox 2628 3950 2803 4017; x_wconf 81' lang='grc' dir='ltr'>τροπῇ</span> <span class='ocrx_word' id='word_1_664' title='bbox 2835 3947 3090 4020; x_wconf 80' lang='grc' dir='ltr'>μεγίστη,</span> <span class='ocrx_word' id='word_1_665' title='bbox 3112 3947 3188 4010; x_wconf 82' lang='grc' dir='ltr'><strong>ὡς</strong></span> <span class='ocrx_word' id='word_1_666' title='bbox 3207 3948 3593 4012; x_wconf 84' lang='grc' dir='ltr'>ἀντιπεσόντες</span> <span class='ocrx_word' id='word_1_667' title='bbox 3613 3949 3764 4018; x_wconf 81' lang='grc' dir='ltr'><strong>αὐτῷ</strong></span> <span class='ocrx_word' id='word_1_668' title='bbox 3783 3992 3802 4016; x_wconf 93' lang='grc'><strong>,</strong></span> 
     </span>
    </p>
   </div>
   <div class='ocr_carea' id='block_1_86' title="bbox 2217 4033 3806 4106">
    <p class='ocr_par' dir='ltr' id='par_1_86' title="bbox 2217 4033 3806 4106">
     <span class='ocr_line' id='line_1_86' title="bbox 2217 4033 3806 4106; baseline 0.006 -22"><span class='ocrx_word' id='word_1_669' title='bbox 2217 4033 2316 4087; x_wconf 74' lang='grc' dir='ltr'>καὶ</span> <span class='ocrx_word' id='word_1_670' title='bbox 2369 4033 2555 4105; x_wconf 81' lang='grc' dir='ltr'>ἀκμὴν</span> <span class='ocrx_word' id='word_1_671' title='bbox 2603 4036 3008 4104; x_wconf 88' lang='grc' dir='ltr'>ἀντικείμενοι;</span> <span class='ocrx_word' id='word_1_672' title='bbox 3075 4037 3150 4090; x_wconf 82' lang='grc' dir='ltr'><strong>Οὐ</strong></span> <span class='ocrx_word' id='word_1_673' title='bbox 3205 4038 3487 4106; x_wconf 80' lang='grc' dir='ltr'>πεφύκατε</span> <span class='ocrx_word' id='word_1_674' title='bbox 3547 4040 3624 4102; x_wconf 84' lang='grc' dir='ltr'>ὡς</span> <span class='ocrx_word' id='word_1_675' title='bbox 3695 4041 3806 4094; x_wconf 78' lang='grc' dir='ltr'><strong>οὐκ</strong></span> 
     </span>
    </p>
   </div>
   <div class='ocr_carea' id='block_1_87' title="bbox 2216 4122 3806 4202">
    <p class='ocr_par' dir='ltr' id='par_1_87' title="bbox 2216 4122 3806 4202">
     <span class='ocr_line' id='line_1_87' title="bbox 2216 4122 3806 4202; baseline 0.006 -26"><span class='ocrx_word' id='word_1_676' title='bbox 2216 4122 2404 4189; x_wconf 79' lang='grc' dir='ltr'>ὅντες;</span> <span class='ocrx_word' id='word_1_677' title='bbox 2440 4125 2548 4177; x_wconf 88' lang='grc' dir='ltr'><strong>Ποῦ</strong></span> <span class='ocrx_word' id='word_1_678' title='bbox 2581 4125 2692 4198; x_wconf 85' lang='grc' dir='ltr'><strong>γὰρ</strong></span> <span class='ocrx_word' id='word_1_679' title='bbox 2744 4127 2841 4181; x_wconf 70' lang='grc' dir='ltr'>καὶ</span> <span class='ocrx_word' id='word_1_680' title='bbox 2883 4127 3225 4198; x_wconf 74' lang='grc' dir='ltr'>καθορᾶσθες</span> <span class='ocrx_word' id='word_1_681' title='bbox 3257 4132 3477 4198; x_wconf 85' lang='grc' dir='ltr'>Ζητεῖτε</span> <span class='ocrx_word' id='word_1_682' title='bbox 3517 4131 3568 4183; x_wconf 77' lang='lat' dir='ltr'><strong>oi</strong></span> <span class='ocrx_word' id='word_1_683' title='bbox 3609 4131 3806 4202; x_wconf 75' lang='grc' dir='ltr'><strong>ἐχθροὶ</strong></span> 
     </span>
    </p>
   </div>
   <div class='ocr_carea' id='block_1_88' title="bbox 2216 4215 3805 4294">
    <p class='ocr_par' dir='ltr' id='par_1_88' title="bbox 2216 4215 3805 4294">
     <span class='ocr_line' id='line_1_88' title="bbox 2216 4215 3805 4294; baseline 0.007 -27"><span class='ocrx_word' id='word_1_684' title='bbox 2216 4215 2312 4269; x_wconf 91' lang='grc' dir='ltr'><strong>τοῦ</strong></span> <span class='ocrx_word' id='word_1_685' title='bbox 2353 4216 2796 4288; x_wconf 74' lang='grc' dir='ltr'>ἐσταυρωμένον,</span> <span class='ocrx_word' id='word_1_686' title='bbox 2829 4221 2926 4273; x_wconf 82' lang='grc' dir='ltr'><strong>καὶ</strong></span> <span class='ocrx_word' id='word_1_687' title='bbox 2973 4221 3072 4291; x_wconf 78' lang='grc' dir='ltr'><strong>οὐχ</strong></span> <span class='ocrx_word' id='word_1_688' title='bbox 3123 4221 3430 4292; x_wconf 84' lang='grc' dir='ltr'>εὑρίσκετε,</span> <span class='ocrx_word' id='word_1_689' title='bbox 3483 4223 3616 4277; x_wconf 85' lang='grc' dir='ltr'>διότι</span> <span class='ocrx_word' id='word_1_690' title='bbox 3655 4241 3805 4294; x_wconf 84' lang='grc' dir='ltr'>παρ-</span> 
     </span>
    </p>
   </div>
   <div class='ocr_carea' id='block_1_89' title="bbox 2225 4308 3805 4384">
    <p class='ocr_par' dir='ltr' id='par_1_89' title="bbox 2225 4308 3805 4384">
     <span class='ocr_line' id='line_1_89' title="bbox 2225 4308 3805 4384; baseline 0.008 -25"><span class='ocrx_word' id='word_1_691' title='bbox 2225 4308 2477 4379; x_wconf 81' lang='grc' dir='ltr'>ῳνήσατε</span> <span class='ocrx_word' id='word_1_692' title='bbox 2534 4311 2956 4383; x_wconf 82' lang='grc' dir='ltr'>σταυρώσαντες</span> <span class='ocrx_word' id='word_1_693' title='bbox 3009 4314 3101 4366; x_wconf 82' lang='grc' dir='ltr'>τὸν</span> <span class='ocrx_word' id='word_1_694' title='bbox 3133 4314 3343 4368; x_wconf 88' lang='grc' dir='ltr'>δίκαιον</span> <span class='ocrx_word' id='word_1_695' title='bbox 3367 4317 3461 4369; x_wconf 73' lang='grc' dir='ltr'>καὶ</span> <span class='ocrx_word' id='word_1_696' title='bbox 3504 4316 3659 4384; x_wconf 76' lang='grc' dir='ltr'>ἅγιον</span> <span class='ocrx_word' id='word_1_697' title='bbox 3703 4319 3805 4372; x_wconf 74' lang='grc' dir='ltr'><strong>καὶ</strong></span> 
     </span>
    </p>
   </div>
   <div class='ocr_carea' id='block_1_90' title="bbox 2217 4398 3804 4479">
    <p class='ocr_par' dir='ltr' id='par_1_90' title="bbox 2217 4398 3804 4479">
     <span class='ocr_line' id='line_1_90' title="bbox 2217 4398 3804 4479; baseline 0.007 -28"><span class='ocrx_word' id='word_1_698' title='bbox 2217 4398 2626 4470; x_wconf 82' lang='grc' dir='ltr'>ἀναμάρτητον.</span> <span class='ocrx_word' id='word_1_699' title='bbox 2651 4403 2894 4457; x_wconf 87' lang='grc' dir='ltr'>Γίνωσκε</span> <span class='ocrx_word' id='word_1_700' title='bbox 2916 4405 3031 4471; x_wconf 82' lang='grc' dir='ltr'>οῦν,</span> <span class='ocrx_word' id='word_1_701' title='bbox 3053 4407 3136 4459; x_wconf 81' lang='grc' dir='ltr'>ὅτι</span> <span class='ocrx_word' id='word_1_702' title='bbox 3172 4408 3299 4478; x_wconf 76' lang='grc' dir='ltr'>περὶ</span> <span class='ocrx_word' id='word_1_703' title='bbox 3320 4409 3349 4460; x_wconf 84' lang='grc' dir='ltr'>ὑ</span> <span class='ocrx_word' id='word_1_704' title='bbox 3358 4407 3474 4478; x_wconf 86' lang='grc' dir='ltr'>μῶν</span> <span class='ocrx_word' id='word_1_705' title='bbox 3498 4409 3804 4479; x_wconf 82' lang='grc' dir='ltr'>λελάληκεν</span> 
     </span>
    </p>
   </div>
   <div class='ocr_carea' id='block_1_91' title="bbox 2218 4492 3804 4569">
    <p class='ocr_par' dir='ltr' id='par_1_91' title="bbox 2218 4492 3804 4569">
     <span class='ocr_line' id='line_1_91' title="bbox 2218 4492 3804 4569; baseline 0.007 -25"><span class='ocrx_word' id='word_1_706' title='bbox 2218 4492 2246 4544; x_wconf 88' lang='lat'><strong>6</strong></span> <span class='ocrx_word' id='word_1_707' title='bbox 2271 4494 2581 4564; x_wconf 83' lang='grc' dir='ltr'>προφήτης,</span> <span class='ocrx_word' id='word_1_708' title='bbox 2611 4495 2694 4547; x_wconf 85' lang='grc' dir='ltr'>ὅτι</span> <span class='ocrx_word' id='word_1_709' title='bbox 2725 4495 2884 4550; x_wconf 83' lang='grc' dir='ltr'>Ἰδοὺ</span> <span class='ocrx_word' id='word_1_710' title='bbox 2907 4498 3429 4566; x_wconf 70' lang='grc' dir='ltr'><strong>αἰσχυνθήσονται</strong></span> <span class='ocrx_word' id='word_1_711' title='bbox 3461 4501 3555 4553; x_wconf 77' lang='grc' dir='ltr'><strong>καί</strong></span> <span class='ocrx_word' id='word_1_712' title='bbox 3587 4501 3804 4569; x_wconf 76' lang='grc' dir='ltr'>ἐντρα-</span> 
     </span>
    </p>
   </div>
   <div class='ocr_carea' id='block_1_92' title="bbox 517 4566 2110 4665">
    <p class='ocr_par' dir='ltr' id='par_1_92' title="bbox 517 4566 2099 4638">
     <span class='ocr_line' id='line_1_92' title="bbox 517 4566 2099 4638; baseline 0.004 -17"><span class='ocrx_word' id='word_1_713' title='bbox 517 4566 771 4621; x_wconf 88' lang='lat' dir='ltr'><strong>bacchati</strong></span> <span class='ocrx_word' id='word_1_714' title='bbox 798 4567 1183 4637; x_wconf 88' lang='lat' dir='ltr'><strong>estis,justum</strong></span> <span class='ocrx_word' id='word_1_715' title='bbox 1221 4579 1275 4623; x_wconf 91' lang='lat' dir='ltr'><strong>et</strong></span> <span class='ocrx_word' id='word_1_716' title='bbox 1303 4578 1559 4626; x_wconf 84' lang='lat' dir='ltr'><strong>sanctum</strong></span> <span class='ocrx_word' id='word_1_717' title='bbox 1594 4582 1651 4626; x_wconf 90' lang='lat' dir='ltr'><strong>et</strong></span> <span class='ocrx_word' id='word_1_718' title='bbox 1707 4572 2057 4629; x_wconf 89' lang='lat' dir='ltr'><strong>innocentem</strong></span> <span class='ocrx_word' id='word_1_719' title='bbox 2084 4614 2099 4638; x_wconf 90' lang='lat'><strong>,</strong></span> 
     </span>
    </p>
   </div>
   <div class='ocr_carea' id='block_1_93' title="bbox 2212 4566 3804 4665">
    <p class='ocr_par' dir='ltr' id='par_1_93' title="bbox 2212 4566 3804 4665">
     <span class='ocr_line' id='line_1_93' title="bbox 2212 4566 3804 4665; baseline 0.006 -27"><span class='ocrx_word' id='word_1_720' title='bbox 2212 4585 2511 4651; x_wconf 73' lang='grc' dir='ltr'>στήσονται</span> <span class='ocrx_word' id='word_1_721' title='bbox 2539 4587 2766 4654; x_wconf 82' lang='grc' dir='ltr'>πάντες</span> <span class='ocrx_word' id='word_1_722' title='bbox 2791 4592 2846 4642; x_wconf 79' lang='grc' dir='ltr'><strong>οἱ</strong></span> <span class='ocrx_word' id='word_1_723' title='bbox 2885 4591 3286 4660; x_wconf 77' lang='grc' dir='ltr'>ἀντικείμενοι</span> <span class='ocrx_word' id='word_1_724' title='bbox 3312 4609 3431 4646; x_wconf 77' lang='grc' dir='ltr'>σοι.</span> <span class='ocrx_word' id='word_1_725' title='bbox 3469 4593 3655 4658; x_wconf 72' lang='grc' dir='ltr'>Οὐδεὶς</span> <span class='ocrx_word' id='word_1_726' title='bbox 3686 4566 3804 4665; x_wconf 72' lang='grc' dir='ltr'>γὰρ</span> 
     </span>
    </p>
   </div>
   <div class='ocr_carea' id='block_1_94' title="bbox 518 4658 2106 4733">
    <p class='ocr_par' dir='ltr' id='par_1_94' title="bbox 518 4658 2106 4733">
     <span class='ocr_line' id='line_1_94' title="bbox 518 4658 2106 4733; baseline 0.006 -23"><span class='ocrx_word' id='word_1_727' title='bbox 518 4658 807 4726; x_wconf 82' lang='lat' dir='ltr'><strong>omnisque</strong></span> <span class='ocrx_word' id='word_1_728' title='bbox 833 4659 1041 4726; x_wconf 88' lang='lat' dir='ltr'><strong>peccati</strong></span> <span class='ocrx_word' id='word_1_729' title='bbox 1068 4671 1350 4728; x_wconf 87' lang='lat' dir='ltr'><strong>expertem</strong></span> <span class='ocrx_word' id='word_1_730' title='bbox 1378 4662 1628 4730; x_wconf 89' lang='lat' dir='ltr'><strong>patibulo</strong></span> <span class='ocrx_word' id='word_1_731' title='bbox 1654 4663 1976 4733; x_wconf 79' lang='lat' dir='ltr'><strong>deligentcs.</strong></span> <span class='ocrx_word' id='word_1_732' title='bbox 2003 4665 2106 4720; x_wconf 90' lang='lat' dir='ltr'><strong>Co-</strong></span> 
     </span>
    </p>
   </div>
   <div class='ocr_carea' id='block_1_95' title="bbox 518 4746 2104 4822">
    <p class='ocr_par' dir='ltr' id='par_1_95' title="bbox 518 4746 2104 4822">
     <span class='ocr_line' id='line_1_95' title="bbox 518 4746 2104 4822; baseline 0.004 -22"><span class='ocrx_word' id='word_1_733' title='bbox 518 4762 722 4815; x_wconf 78' lang='lat' dir='ltr'><strong>gnosce</strong></span> <span class='ocrx_word' id='word_1_734' title='bbox 758 4746 946 4816; x_wconf 82' lang='lat' dir='ltr'><strong>igitur,</strong></span> <span class='ocrx_word' id='word_1_735' title='bbox 980 4748 1128 4815; x_wconf 89' lang='lat' dir='ltr'><strong>quod</strong></span> <span class='ocrx_word' id='word_1_736' title='bbox 1153 4749 1221 4803; x_wconf 92' lang='lat' dir='ltr'><strong>de</strong></span> <span class='ocrx_word' id='word_1_737' title='bbox 1245 4750 1405 4804; x_wconf 88' lang='lat' dir='ltr'><strong>vobis</strong></span> <span class='ocrx_word' id='word_1_738' title='bbox 1436 4751 1654 4806; x_wconf 88' lang='lat' dir='ltr'><strong>locutus</strong></span> <span class='ocrx_word' id='word_1_739' title='bbox 1676 4762 1760 4806; x_wconf 88' lang='lat' dir='ltr'><strong>est</strong></span> <span class='ocrx_word' id='word_1_740' title='bbox 1791 4754 2061 4822; x_wconf 88' lang='lat' dir='ltr'><strong>propheta</strong></span> <span class='ocrx_word' id='word_1_741' title='bbox 2090 4772 2104 4807; x_wconf 88' lang='lat'><strong>:</strong></span> 
     </span>
    </p>
   </div>
   <div class='ocr_carea' id='block_1_96' title="bbox 517 4825 2111 4911">
    <p class='ocr_par' dir='ltr' id='par_1_96' title="bbox 517 4825 2111 4911">
     <span class='ocr_line' id='line_1_96' title="bbox 517 4825 2111 4911; baseline 0.005 -21"><span class='ocrx_word' id='word_1_742' title='bbox 517 4825 845 4890; x_wconf 78' lang='lat' dir='ltr'><strong>Erubescent</strong></span> <span class='ocrx_word' id='word_1_743' title='bbox 885 4849 932 4889; x_wconf 79' lang='lat' dir='ltr'><strong>et</strong></span> <span class='ocrx_word' id='word_1_744' title='bbox 986 4839 1380 4907; x_wconf 74' lang='lat' dir='ltr'><strong>confundentur</strong></span> <span class='ocrx_word' id='word_1_745' title='bbox 1417 4858 1594 4894; x_wconf 83' lang='lat' dir='ltr'><strong>omnes</strong></span> <span class='ocrx_word' id='word_1_746' title='bbox 1627 4843 1716 4911; x_wconf 80' lang='lat' dir='ltr'><strong>qui</strong></span> <span class='ocrx_word' id='word_1_747' title='bbox 1760 4843 2111 4898; x_wconf 81' lang='lat' dir='ltr'><strong>adversantur</strong></span> 
     </span>
    </p>
   </div>
   <div class='ocr_carea' id='block_1_97' title="bbox 519 4933 2108 4992">
    <p class='ocr_par' dir='ltr' id='par_1_97' title="bbox 519 4933 2108 4992">
     <span class='ocr_line' id='line_1_97' title="bbox 519 4933 2108 4992; baseline 0.005 -8"><span class='ocrx_word' id='word_1_748' title='bbox 519 4934 630 4987; x_wconf 81' lang='lat' dir='ltr'><strong>tibi.</strong></span> <span class='ocrx_word' id='word_1_749' title='bbox 661 4933 855 4986; x_wconf 84' lang='lat' dir='ltr'><strong>Nullus</strong></span> <span class='ocrx_word' id='word_1_750' title='bbox 883 4934 1030 4986; x_wconf 89' lang='lat' dir='ltr'><strong>enitn</strong></span> <span class='ocrx_word' id='word_1_751' title='bbox 1065 4935 1349 4987; x_wconf 87' lang='lat' dir='ltr'><strong>hominum</strong></span> <span class='ocrx_word' id='word_1_752' title='bbox 1383 4944 1490 4988; x_wconf 90' lang='lat' dir='ltr'><strong>tam</strong></span> <span class='ocrx_word' id='word_1_753' title='bbox 1521 4936 1798 4990; x_wconf 89' lang='lat' dir='ltr'><strong>hostiliter</strong></span> <span class='ocrx_word' id='word_1_754' title='bbox 1825 4946 1881 4990; x_wconf 93' lang='lat' dir='ltr'><strong>et</strong></span> <span class='ocrx_word' id='word_1_755' title='bbox 1911 4938 2108 4992; x_wconf 89' lang='lat' dir='ltr'><strong>acerbe</strong></span> 
     </span>
    </p>
   </div>
   <div class='ocr_carea' id='block_1_98' title="bbox 518 5025 2098 5101">
    <p class='ocr_par' dir='ltr' id='par_1_98' title="bbox 518 5025 2098 5101">
     <span class='ocr_line' id='line_1_98' title="bbox 518 5025 2098 5101; baseline 0.005 -23"><span class='ocrx_word' id='word_1_756' title='bbox 518 5025 844 5078; x_wconf 85' lang='lat' dir='ltr'><strong>adversatur</strong></span> <span class='ocrx_word' id='word_1_757' title='bbox 866 5026 1098 5080; x_wconf 89' lang='lat' dir='ltr'><strong>Domino</strong></span> <span class='ocrx_word' id='word_1_758' title='bbox 1126 5042 1245 5080; x_wconf 90' lang='lat' dir='ltr'><strong>meo</strong></span> <span class='ocrx_word' id='word_1_759' title='bbox 1266 5027 1394 5081; x_wconf 85' lang='lat' dir='ltr'><strong>Jesu</strong></span> <span class='ocrx_word' id='word_1_760' title='bbox 1413 5027 1655 5090; x_wconf 85' lang='lat' dir='ltr'><strong>Christo,</strong></span> <span class='ocrx_word' id='word_1_761' title='bbox 1681 5045 1845 5098; x_wconf 89' lang='lat' dir='ltr'><strong>quam</strong></span> <span class='ocrx_word' id='word_1_762' title='bbox 1873 5047 1967 5085; x_wconf 93' lang='lat' dir='ltr'><strong>vos</strong></span> <span class='ocrx_word' id='word_1_763' title='bbox 2003 5033 2098 5101; x_wconf 92' lang='lat' dir='ltr'><strong>qui</strong></span> 
     </span>
    </p>
   </div>
   <div class='ocr_carea' id='block_1_99' title="bbox 516 5113 2103 5186">
    <p class='ocr_par' dir='ltr' id='par_1_99' title="bbox 516 5113 2103 5186">
     <span class='ocr_line' id='line_1_99' title="bbox 516 5113 2103 5186; baseline 0.006 -18"><span class='ocrx_word' id='word_1_764' title='bbox 516 5113 652 5168; x_wconf 88' lang='lat' dir='ltr'><strong>estis</strong></span> <span class='ocrx_word' id='word_1_765' title='bbox 698 5116 1088 5178; x_wconf 89' lang='lat' dir='ltr'><strong>exsecrabiles,</strong></span> <span class='ocrx_word' id='word_1_766' title='bbox 1120 5117 1338 5186; x_wconf 82' lang='lat' dir='ltr'><strong>perﬁdi,</strong></span> <span class='ocrx_word' id='word_1_767' title='bbox 1388 5118 1659 5174; x_wconf 83' lang='lat' dir='ltr'><strong>inﬁdeles.</strong></span> <span class='ocrx_word' id='word_1_768' title='bbox 1701 5121 1836 5174; x_wconf 89' lang='lat' dir='ltr'><strong>Nam</strong></span> <span class='ocrx_word' id='word_1_769' title='bbox 1866 5137 1932 5175; x_wconf 86' lang='lat' dir='ltr'><strong>ex</strong></span> <span class='ocrx_word' id='word_1_770' title='bbox 1979 5123 2103 5178; x_wconf 90' lang='lat' dir='ltr'><strong>aliis</strong></span> 
     </span>
    </p>
   </div>
   <div class='ocr_carea' id='block_1_100' title="bbox 518 5206 2103 5287">
    <p class='ocr_par' dir='ltr' id='par_1_100' title="bbox 518 5206 2103 5287">
     <span class='ocr_line' id='line_1_100' title="bbox 518 5206 2103 5287; baseline 0.009 -29"><span class='ocrx_word' id='word_1_771' title='bbox 518 5206 688 5259; x_wconf 82' lang='lat' dir='ltr'><strong>sectis</strong></span> <span class='ocrx_word' id='word_1_772' title='bbox 718 5207 811 5274; x_wconf 93' lang='lat' dir='ltr'><strong>qui</strong></span> <span class='ocrx_word' id='word_1_773' title='bbox 847 5208 1125 5263; x_wconf 86' lang='lat' dir='ltr'><strong>obsistunt</strong></span> <span class='ocrx_word' id='word_1_774' title='bbox 1150 5225 1214 5263; x_wconf 90' lang='lat' dir='ltr'><strong>ac</strong></span> <span class='ocrx_word' id='word_1_775' title='bbox 1248 5211 1598 5277; x_wconf 89' lang='lat' dir='ltr'><strong>renituntur,</strong></span> <span class='ocrx_word' id='word_1_776' title='bbox 1627 5213 1679 5267; x_wconf 94' lang='lat' dir='ltr'><strong>in</strong></span> <span class='ocrx_word' id='word_1_777' title='bbox 1715 5225 1870 5284; x_wconf 90' lang='lat' dir='ltr'><strong>parte</strong></span> <span class='ocrx_word' id='word_1_778' title='bbox 1897 5219 2103 5287; x_wconf 87' lang='lat' dir='ltr'><strong>aliqua,</strong></span> 
     </span>
    </p>
   </div>
   <div class='ocr_carea' id='block_1_101' title="bbox 519 5294 2106 5380">
    <p class='ocr_par' dir='ltr' id='par_1_101' title="bbox 519 5294 2106 5380">
     <span class='ocr_line' id='line_1_101' title="bbox 519 5294 2106 5380; baseline 0.011 -33"><span class='ocrx_word' id='word_1_779' title='bbox 519 5294 562 5348; x_wconf 87' lang='lat' dir='ltr'><strong>si</strong></span> <span class='ocrx_word' id='word_1_780' title='bbox 583 5295 870 5350; x_wconf 89' lang='lat' dir='ltr'><strong>vobiscum</strong></span> <span class='ocrx_word' id='word_1_781' title='bbox 890 5309 1304 5367; x_wconf 88' lang='lat' dir='ltr'><strong>comparentur,</strong></span> <span class='ocrx_word' id='word_1_782' title='bbox 1329 5302 1379 5356; x_wconf 91' lang='lat' dir='ltr'><strong>ei</strong></span> <span class='ocrx_word' id='word_1_783' title='bbox 1403 5303 1784 5360; x_wconf 83' lang='lat' dir='ltr'><strong>adversantur.</strong></span> <span class='ocrx_word' id='word_1_784' title='bbox 1811 5308 1888 5362; x_wconf 87' lang='lat' dir='ltr'><strong>Ne</strong></span> <span class='ocrx_word' id='word_1_785' title='bbox 1916 5309 2106 5380; x_wconf 89' lang='lat' dir='ltr'><strong>igitur,</strong></span> 
     </span>
    </p>
   </div>
   <div class='ocr_carea' id='block_1_102' title="bbox 518 5383 1274 5452">
    <p class='ocr_par' dir='ltr' id='par_1_102' title="bbox 518 5383 1274 5452">
     <span class='ocr_line' id='line_1_102' title="bbox 518 5383 1274 5452; baseline 0.008 -11"><span class='ocrx_word' id='word_1_786' title='bbox 518 5411 551 5448; x_wconf 92' lang='grc' dir='ltr'>ο</span> <span class='ocrx_word' id='word_1_787' title='bbox 596 5383 813 5452; x_wconf 65' lang='grc' dir='ltr'>ιυιιιὲο,</span> <span class='ocrx_word' id='word_1_788' title='bbox 887 5406 1201 5446; x_wconf 89' lang='lat' dir='ltr'><strong>sermonem</strong></span> <span class='ocrx_word' id='word_1_789' title='bbox 1261 5394 1274 5447; x_wconf 93' lang='lat' dir='ltr'><strong>i</strong></span> 
     </span>
    </p>
   </div>
   <div class='ocr_carea' id='block_1_103' title="bbox 2207 4677 3801 4756">
    <p class='ocr_par' dir='ltr' id='par_1_103' title="bbox 2207 4677 3801 4756">
     <span class='ocr_line' id='line_1_103' title="bbox 2207 4677 3801 4756; baseline 0.006 -26"><span class='ocrx_word' id='word_1_790' title='bbox 2207 4677 2464 4730; x_wconf 87' lang='grc' dir='ltr'>τοσοῦτον</span> <span class='ocrx_word' id='word_1_791' title='bbox 2498 4679 2805 4734; x_wconf 85' lang='grc' dir='ltr'>ἀντίκειται</span> <span class='ocrx_word' id='word_1_792' title='bbox 2835 4682 2912 4752; x_wconf 82' lang='grc' dir='ltr'>τῷ</span> <span class='ocrx_word' id='word_1_793' title='bbox 2943 4685 3136 4754; x_wconf 80' lang='grc' dir='ltr'>Κυρίῳ</span> <span class='ocrx_word' id='word_1_794' title='bbox 3169 4702 3269 4754; x_wconf 88' lang='grc' dir='ltr'><strong>μου</strong></span> <span class='ocrx_word' id='word_1_795' title='bbox 3309 4685 3488 4756; x_wconf 85' lang='grc' dir='ltr'>Ἰησοῦ</span> <span class='ocrx_word' id='word_1_796' title='bbox 3529 4686 3752 4756; x_wconf 80' lang='grc' dir='ltr'>Χριστῷ</span> <span class='ocrx_word' id='word_1_797' title='bbox 3783 4728 3801 4748; x_wconf 86' lang='grc'><strong>,</strong></span> 
     </span>
    </p>
   </div>
   <div class='ocr_carea' id='block_1_104' title="bbox 2208 4768 3804 4848">
    <p class='ocr_par' dir='ltr' id='par_1_104' title="bbox 2208 4768 3804 4848">
     <span class='ocr_line' id='line_1_104' title="bbox 2208 4768 3804 4848; baseline 0.007 -28"><span class='ocrx_word' id='word_1_798' title='bbox 2208 4768 2285 4832; x_wconf 85' lang='grc' dir='ltr'><strong>ὡς</strong></span> <span class='ocrx_word' id='word_1_799' title='bbox 2309 4770 2488 4840; x_wconf 82' lang='grc' dir='ltr'>ὑμεῖς,</span> <span class='ocrx_word' id='word_1_800' title='bbox 2519 4773 2568 4823; x_wconf 89' lang='grc' dir='ltr'>οί</span> <span class='ocrx_word' id='word_1_801' title='bbox 2601 4773 3018 4844; x_wconf 81' lang='grc' dir='ltr'>ἐπικατάρατοι,</span> <span class='ocrx_word' id='word_1_802' title='bbox 3048 4776 3098 4828; x_wconf 73' lang='lat' dir='ltr'><strong>ot</strong></span> <span class='ocrx_word' id='word_1_803' title='bbox 3120 4776 3358 4830; x_wconf 79' lang='grc' dir='ltr'>ἄπιστοι.</span> <span class='ocrx_word' id='word_1_804' title='bbox 3393 4778 3458 4830; x_wconf 70' lang='lat' dir='ltr'><strong>Ol</strong></span> <span class='ocrx_word' id='word_1_805' title='bbox 3482 4778 3588 4848; x_wconf 82' lang='grc' dir='ltr'>γὰρ</span> <span class='ocrx_word' id='word_1_806' title='bbox 3608 4778 3804 4831; x_wconf 75' lang='grc' dir='ltr'>ἐκτῶν</span> 
     </span>
    </p>
   </div>
   <div class='ocr_carea' id='block_1_105' title="bbox 2211 4859 3806 4938">
    <p class='ocr_par' dir='ltr' id='par_1_105' title="bbox 2211 4859 3806 4938">
     <span class='ocr_line' id='line_1_105' title="bbox 2211 4859 3806 4938; baseline 0.004 -23"><span class='ocrx_word' id='word_1_807' title='bbox 2211 4859 2390 4915; x_wconf 81' lang='grc' dir='ltr'>ἄλλων</span> <span class='ocrx_word' id='word_1_808' title='bbox 2439 4861 2708 4932; x_wconf 80' lang='grc' dir='ltr'>αἱρέσεων</span> <span class='ocrx_word' id='word_1_809' title='bbox 2760 4865 3202 4928; x_wconf 82' lang='grc' dir='ltr'>ἀντιπίπτοντες,</span> <span class='ocrx_word' id='word_1_810' title='bbox 3249 4866 3490 4936; x_wconf 85' lang='grc' dir='ltr'>μερικῶς</span> <span class='ocrx_word' id='word_1_811' title='bbox 3538 4867 3614 4930; x_wconf 84' lang='grc' dir='ltr'>ὡς</span> <span class='ocrx_word' id='word_1_812' title='bbox 3660 4870 3806 4938; x_wconf 62' lang='grc' dir='ltr'>πρδς</span> 
     </span>
    </p>
   </div>
   <div class='ocr_carea' id='block_1_106' title="bbox 2211 4951 3805 5030">
    <p class='ocr_par' dir='ltr' id='par_1_106' title="bbox 2211 4951 3805 5030">
     <span class='ocr_line' id='line_1_106' title="bbox 2211 4951 3805 5030; baseline 0.006 -27"><span class='ocrx_word' id='word_1_813' title='bbox 2211 4951 2356 5021; x_wconf 83' lang='grc' dir='ltr'>ὑμᾶς</span> <span class='ocrx_word' id='word_1_814' title='bbox 2389 4953 2757 5008; x_wconf 76' lang='grc' dir='ltr'>ἐναντιοῦνται</span> <span class='ocrx_word' id='word_1_815' title='bbox 2786 4956 2956 5027; x_wconf 79' lang='grc' dir='ltr'>αὐτῷ.</span> <span class='ocrx_word' id='word_1_816' title='bbox 2982 4957 3091 5010; x_wconf 73' lang='grc' dir='ltr'>Καὶ</span> <span class='ocrx_word' id='word_1_817' title='bbox 3119 4958 3316 5028; x_wconf 84' lang='grc' dir='ltr'>μηκέτι</span> <span class='ocrx_word' id='word_1_818' title='bbox 3339 4958 3670 5030; x_wconf 81' lang='grc' dir='ltr'>λογοτριόὠν</span> <span class='ocrx_word' id='word_1_819' title='bbox 3701 4976 3805 5012; x_wconf 86' lang='grc' dir='ltr'>πε-</span> 
     </span>
    </p>
   </div>
   <div class='ocr_carea' id='block_1_107' title="bbox 2211 5041 3804 5123">
    <p class='ocr_par' dir='ltr' id='par_1_107' title="bbox 2211 5041 3804 5123">
     <span class='ocr_line' id='line_1_107' title="bbox 2211 5041 3804 5123; baseline 0.006 -26"><span class='ocrx_word' id='word_1_820' title='bbox 2211 5046 2401 5116; x_wconf 84' lang='grc' dir='ltr'>ριάγου</span> <span class='ocrx_word' id='word_1_821' title='bbox 2453 5065 2562 5118; x_wconf 83' lang='grc' dir='ltr'>μοι,</span> <span class='ocrx_word' id='word_1_822' title='bbox 2593 5041 2639 5100; x_wconf 78' lang='grc' dir='ltr'><strong>ὦ</strong></span> <span class='ocrx_word' id='word_1_823' title='bbox 2682 5049 2924 5105; x_wconf 85' lang='grc' dir='ltr'>Ἰουδαῖε.</span> <span class='ocrx_word' id='word_1_824' title='bbox 2974 5049 3320 5120; x_wconf 76' lang='grc' dir='ltr'>ὐφθαλμοὺς</span> <span class='ocrx_word' id='word_1_825' title='bbox 3348 5053 3456 5123; x_wconf 83' lang='grc' dir='ltr'>γάρ</span> <span class='ocrx_word' id='word_1_826' title='bbox 3500 5069 3590 5121; x_wconf 89' lang='grc' dir='ltr'><strong>μοι</strong></span> <span class='ocrx_word' id='word_1_827' title='bbox 3632 5053 3804 5107; x_wconf 85' lang='grc' dir='ltr'>δέδω-</span> 
     </span>
    </p>
   </div>
   <div class='ocr_carea' id='block_1_108' title="bbox 2211 5138 3805 5215">
    <p class='ocr_par' dir='ltr' id='par_1_108' title="bbox 2211 5138 3805 5215">
     <span class='ocr_line' id='line_1_108' title="bbox 2211 5138 3805 5215; baseline 0.007 -27"><span class='ocrx_word' id='word_1_828' title='bbox 2211 5154 2307 5188; x_wconf 88' lang='grc' dir='ltr'><strong>κεν</strong></span> <span class='ocrx_word' id='word_1_829' title='bbox 2331 5139 2358 5189; x_wconf 91' lang='lat'><strong>6</strong></span> <span class='ocrx_word' id='word_1_830' title='bbox 2387 5138 2521 5201; x_wconf 82' lang='grc' dir='ltr'>Θεὸς</span> <span class='ocrx_word' id='word_1_831' title='bbox 2547 5142 2792 5211; x_wconf 78' lang='grc' dir='ltr'>νοεροὺς,</span> <span class='ocrx_word' id='word_1_832' title='bbox 2820 5144 2914 5195; x_wconf 76' lang='grc' dir='ltr'>καὶ</span> <span class='ocrx_word' id='word_1_833' title='bbox 2951 5143 3274 5196; x_wconf 79' lang='grc' dir='ltr'>κατοπτεῦω</span> <span class='ocrx_word' id='word_1_834' title='bbox 3312 5145 3410 5215; x_wconf 84' lang='grc' dir='ltr'>τὴν</span> <span class='ocrx_word' id='word_1_835' title='bbox 3453 5146 3510 5196; x_wconf 84' lang='grc' dir='ltr'><strong>ἐν</strong></span> <span class='ocrx_word' id='word_1_836' title='bbox 3531 5144 3609 5214; x_wconf 82' lang='grc' dir='ltr'>τῷ</span> <span class='ocrx_word' id='word_1_837' title='bbox 3642 5145 3805 5214; x_wconf 70' lang='grc' dir='ltr'><strong>βάθει</strong></span> 
     </span>
    </p>
   </div>
   <div class='ocr_carea' id='block_1_109' title="bbox 2213 5227 3799 5306">
    <p class='ocr_par' dir='ltr' id='par_1_109' title="bbox 2213 5227 3799 5306">
     <span class='ocr_line' id='line_1_109' title="bbox 2213 5227 3799 5306; baseline 0.009 -27"><span class='ocrx_word' id='word_1_838' title='bbox 2213 5227 2312 5297; x_wconf 85' lang='grc' dir='ltr'>τῆς</span> <span class='ocrx_word' id='word_1_839' title='bbox 2332 5229 2495 5296; x_wconf 81' lang='grc' dir='ltr'>ἁγίας</span> <span class='ocrx_word' id='word_1_840' title='bbox 2517 5231 2741 5302; x_wconf 83' lang='grc' dir='ltr'>Γραφῆς</span> <span class='ocrx_word' id='word_1_841' title='bbox 2771 5234 3031 5304; x_wconf 86' lang='grc' dir='ltr'>κειμένην</span> <span class='ocrx_word' id='word_1_842' title='bbox 3059 5235 3337 5306; x_wconf 84' lang='grc' dir='ltr'>ἀληθειαν.</span> <span class='ocrx_word' id='word_1_843' title='bbox 3357 5236 3429 5288; x_wconf 86' lang='grc' dir='ltr'><strong>Σὺ</strong></span> <span class='ocrx_word' id='word_1_844' title='bbox 3460 5236 3516 5289; x_wconf 86' lang='grc' dir='ltr'>δὲ</span> <span class='ocrx_word' id='word_1_845' title='bbox 3547 5237 3799 5304; x_wconf 84' lang='grc' dir='ltr'>τυφλώτ-</span> 
     </span>
    </p>
   </div>
   <div class='ocr_carea' id='block_1_110' title="bbox 2217 5321 3084 5398">
    <p class='ocr_par' dir='ltr' id='par_1_110' title="bbox 2217 5321 3084 5398">
     <span class='ocr_line' id='line_1_110' title="bbox 2217 5321 3084 5398; baseline 0.013 -28"><span class='ocrx_word' id='word_1_846' title='bbox 2217 5335 2346 5382; x_wconf 87' lang='grc' dir='ltr'>των,</span> <span class='ocrx_word' id='word_1_847' title='bbox 2381 5321 2634 5376; x_wconf 87' lang='grc' dir='ltr'>δελεάσαι</span> <span class='ocrx_word' id='word_1_848' title='bbox 2665 5341 2732 5392; x_wconf 88' lang='grc' dir='ltr'><strong>με</strong></span> <span class='ocrx_word' id='word_1_849' title='bbox 2769 5326 2828 5378; x_wconf 79' lang='grc' dir='ltr'><strong>οὐ</strong></span> <span class='ocrx_word' id='word_1_850' title='bbox 2857 5326 3084 5398; x_wconf 80' lang='grc' dir='ltr'>δυνήσῃ.</span> 
     </span>
    </p>
   </div>
   <div class='ocr_carea' id='block_1_111' title="bbox 520 5479 3796 5589">
    <p class='ocr_par' dir='ltr' id='par_1_111' title="bbox 520 5479 3796 5589">
     <span class='ocr_line' id='line_1_111' title="bbox 520 5479 3796 5589; baseline 0.012 -56"><span class='ocrx_word' id='word_1_851' title='bbox 520 5479 906 5589; x_wconf 60' lang='lat' dir='ltr'><strong>intelligentes,</strong></span> <span class='ocrx_word' id='word_1_852' title='bbox 955 5484 1158 5589; x_wconf 75' lang='lat' dir='ltr'><strong>quibus</strong></span> <span class='ocrx_word' id='word_1_853' title='bbox 1194 5502 1296 5557; x_wconf 87' lang='lat' dir='ltr'><strong>ego</strong></span> <span class='ocrx_word' id='word_1_854' title='bbox 1330 5490 1494 5544; x_wconf 89' lang='lat' dir='ltr'><strong>etiam</strong></span> <span class='ocrx_word' id='word_1_855' title='bbox 1558 5491 1612 5544; x_wconf 92' lang='lat' dir='ltr'><strong>in</strong></span> <span class='ocrx_word' id='word_1_856' title='bbox 1677 5494 1953 5562; x_wconf 83' lang='lat' dir='ltr'><strong>profundo</strong></span> <span class='ocrx_word' id='word_1_857' title='bbox 1985 5513 2154 5557; x_wconf 70' lang='lat' dir='ltr'><strong>sacra:</strong></span> <span class='ocrx_word' id='word_1_858' title='bbox 2200 5504 2500 5578; x_wconf 62' lang='lat' dir='ltr'><strong>Scriptura:</strong></span> <span class='ocrx_word' id='word_1_859' title='bbox 2520 5510 2933 5568; x_wconf 88' lang='lat' dir='ltr'><strong>delitescentem</strong></span> <span class='ocrx_word' id='word_1_860' title='bbox 2953 5515 3238 5570; x_wconf 86' lang='lat' dir='ltr'><strong>veritatem</strong></span> <span class='ocrx_word' id='word_1_861' title='bbox 3257 5518 3479 5587; x_wconf 85' lang='lat' dir='ltr'><strong>penitus</strong></span> <span class='ocrx_word' id='word_1_862' title='bbox 3493 5517 3796 5589; x_wconf 86' lang='lat' dir='ltr'><strong>perspicio.</strong></span> 
     </span>
    </p>
   </div>
   <div class='ocr_carea' id='block_1_112' title="bbox 519 5572 1875 5657">
    <p class='ocr_par' dir='ltr' id='par_1_112' title="bbox 519 5572 1875 5657">
     <span class='ocr_line' id='line_1_112' title="bbox 519 5572 1875 5657; baseline 0.015 -31"><span class='ocrx_word' id='word_1_863' title='bbox 519 5572 600 5627; x_wconf 79' lang='lat' dir='ltr'><strong>Tu</strong></span> <span class='ocrx_word' id='word_1_864' title='bbox 630 5591 761 5630; x_wconf 88' lang='lat' dir='ltr'><strong>vero</strong></span> <span class='ocrx_word' id='word_1_865' title='bbox 788 5579 1085 5634; x_wconf 67' lang='lat' dir='ltr'><strong>cmcutiens</strong></span> <span class='ocrx_word' id='word_1_866' title='bbox 1110 5579 1358 5638; x_wconf 89' lang='lat' dir='ltr'><strong>inescare</strong></span> <span class='ocrx_word' id='word_1_867' title='bbox 1390 5600 1476 5640; x_wconf 87' lang='lat' dir='ltr'><strong>me</strong></span> <span class='ocrx_word' id='word_1_868' title='bbox 1504 5602 1615 5641; x_wconf 91' lang='lat' dir='ltr'><strong>non</strong></span> <span class='ocrx_word' id='word_1_869' title='bbox 1644 5591 1875 5657; x_wconf 89' lang='lat' dir='ltr'><strong>poteris.</strong></span> 
     </span>
    </p>
   </div>
   <div class='ocr_carea' id='block_1_113' title="bbox 2046 5705 2282 5764">
    <p class='ocr_par' dir='ltr' id='par_1_113' title="bbox 2046 5705 2282 5764">
     <span class='ocr_line' id='line_1_113' title="bbox 2046 5705 2282 5764; baseline 0.004 -3"><span class='ocrx_word' id='word_1_870' title='bbox 2046 5705 2282 5764; x_wconf 72' lang='grc' dir='ltr'><strong>ΝΟΤᾸΞ.</strong></span> 
     </span>
    </p>
   </div>
   <div class='ocr_carea' id='block_1_114' title="bbox 589 5779 1892 5923">
    <p class='ocr_par' dir='ltr' id='par_1_114' title="bbox 589 5779 1892 5923">
     <span class='ocr_line' id='line_1_114' title="bbox 589 5779 1892 5923; baseline 0.013 -90"><span class='ocrx_word' id='word_1_871' title='bbox 589 5779 702 5923; x_wconf 51' lang='grc' dir='ltr'><strong>(97ζ</strong></span> <span class='ocrx_word' id='word_1_872' title='bbox 733 5782 817 5836; x_wconf 80' lang='lat' dir='ltr'><strong>Al.</strong></span> <span class='ocrx_word' id='word_1_873' title='bbox 851 5784 1124 5855; x_wconf 72' lang='grc' dir='ltr'>ἀπειθείᾳ.</span> <span class='ocrx_word' id='word_1_874' title='bbox 1156 5786 1320 5844; x_wconf 89' lang='lat' dir='ltr'><strong>Forte</strong></span> <span class='ocrx_word' id='word_1_875' title='bbox 1346 5788 1653 5864; x_wconf 80' lang='grc' dir='ltr'>εὐπειθείᾳ.</span> <span class='ocrx_word' id='word_1_876' title='bbox 1685 5791 1892 5850; x_wconf 72' lang='lat' dir='ltr'><strong>GeLox.</strong></span> 
     </span>
     <span class='ocr_line' id='line_1_115' title="bbox 589 5849 1891 5923; baseline 0.012 -20"><span class='ocrx_word' id='word_1_877' title='bbox 589 5849 679 5921; x_wconf 66' lang='lat'><strong>(98</strong></span> <span class='ocrx_word' id='word_1_878' title='bbox 738 5853 1173 5923; x_wconf 80' lang='grc' dir='ltr'>Χρηματίζεται.</span> <span class='ocrx_word' id='word_1_879' title='bbox 1229 5858 1389 5913; x_wconf 84' lang='lat' dir='ltr'><strong>Forte</strong></span> <span class='ocrx_word' id='word_1_880' title='bbox 1419 5863 1775 5923; x_wconf 79' lang='grc' dir='ltr'>χρηματίζει.</span> <span class='ocrx_word' id='word_1_881' title='bbox 1811 5865 1891 5920; x_wconf 84' lang='lat' dir='ltr'><strong>In.</strong></span> 
     </span>
    </p>
   </div>
   <div class='ocr_carea' id='block_1_115' title="bbox 588 5849 1891 5934">
    <p class='ocr_par' dir='ltr' id='par_1_115' title="bbox 588 5849 1891 5934">
     <span class='ocr_line' id='line_1_116' title="bbox 588 5849 1891 5934; baseline 0.012 -31"><span class='ocrx_word' id='word_1_882' title='bbox 588 5849 700 5923; x_wconf 63' lang='lat'><strong>(98)</strong></span> <span class='ocrx_word' id='word_1_883' title='bbox 738 5849 1173 5923; x_wconf 69' lang='grc' dir='ltr'>Χρηματίζεὲαι.</span> <span class='ocrx_word' id='word_1_884' title='bbox 1229 5858 1389 5913; x_wconf 84' lang='lat' dir='ltr'><strong>Forte</strong></span> <span class='ocrx_word' id='word_1_885' title='bbox 1419 5849 1775 5934; x_wconf 70' lang='grc' dir='ltr'>χρηματίζει.</span> <span class='ocrx_word' id='word_1_886' title='bbox 1811 5849 1891 5920; x_wconf 79' lang='lat' dir='ltr'><strong>lu.</strong></span> 
     </span>
    </p>
   </div>
   <div class='ocr_carea' id='block_1_116' title="bbox 2290 5799 3296 5878">
    <p class='ocr_par' dir='ltr' id='par_1_116' title="bbox 2290 5799 3296 5878">
     <span class='ocr_line' id='line_1_117' title="bbox 2290 5799 3296 5878; baseline 0.01 -24"><span class='ocrx_word' id='word_1_887' title='bbox 2290 5799 2402 5871; x_wconf 86' lang='lat'><strong>(99)</strong></span> <span class='ocrx_word' id='word_1_888' title='bbox 2453 5803 2704 5872; x_wconf 71' lang='lat' dir='ltr'><strong>‘Axpsa&#39;q.</strong></span> <span class='ocrx_word' id='word_1_889' title='bbox 2749 5805 2912 5863; x_wconf 85' lang='lat' dir='ltr'><strong>Forte</strong></span> <span class='ocrx_word' id='word_1_890' title='bbox 2943 5807 3186 5878; x_wconf 83' lang='grc' dir='ltr'>ἀκρίδες.</span> <span class='ocrx_word' id='word_1_891' title='bbox 3221 5809 3296 5866; x_wconf 80' lang='lat' dir='ltr'><strong>In.</strong></span> 
     </span>
    </p>
   </div>
  </div>
