4088 6598
284 416 385 481 709

1216 411 1671 474 DISPUTATIO
1710 411 1869 472 CUM
1907 411 2272 472 HERBANO
2307 381 2605 472 Jun/so;

3432 412 3539 477 710

350 527 462 583 Kal.
485 529 526 582 0
558 527 784 582 EPBAN
832 527 943 582 Καὶ
991 527 1042 579 εἰ
1074 524 1248 588 οὕτως
1291 525 1405 596 ἔχει
1425 568 1440 592 ,
1468 527 1606 596 ποίῳ
1641 525 1699 578 δὲ
1727 525 1852 592 τρό-

2023 522 2230 578 HERB.
2262 523 2318 578 Si
2345 523 2452 577 hoc
2489 523 2566 578 ita
2593 529 2699 586 est,
2746 519 3024 591 quomodo
3069 519 3348 576 Christum
3380 530 3538 579 tuum

280 633 366 686 πῳ
415 614 508 670 τὸν
566 617 804 687 Χριστόν
861 634 955 669 σου
994 616 1126 669 Θεὸν
1185 615 1650 687 προσαγορεύεις,
1693 615 1778 684 ἐφ’
1809 608 1853 683 ᾧ

279 706 411 771 Θεὸς
455 710 485 760 6
534 708 666 777 ἐμὸς
689 706 993 772 ἐξελέξατο,
1021 709 1117 760 καὶ
1147 709 1425 777 ἠγάπησε,
1456 710 1550 760 καὶ
1585 707 1653 760 τὰ
1691 707 1852 777 ἐξῆς;

279 799 488 853 Οὐκοῦν
521 800 620 853 οὐκ
646 799 763 852 ἐστι
804 799 959 862 Θεὸς,
997 800 1073 863 ὡς
1111 800 1308 867 λέγεις,
1341 801 1425 852 ὅτι
1476 800 1675 868 φάσκει
1726 797 1856 870 περὶ

279 893 444 946 αὑτοῦ
491 893 578 946 διὰ
605 891 699 947 τοῦ
732 895 1031 966 προφήτου,
1072 894 1175 958 ὅτι,
1211 893 1352 963 Ἐγὼ
1391 893 1502 962 γάρ
1530 897 1646 962 ειμι
1679 896 1712 946 ό
1761 892 1856 946 ἐν·

280 986 550 1053 ισχύσας
589 1000 682 1038 σε.
716 985 840 1048 Πῶς
861 985 916 1038 δέ
952 987 1045 1038 καὶ
1074 985 1368 1049 ἀποκαλεῖς
1388 986 1552 1038 αὑτὸν
1595 984 1727 1037 Θεὸν
1763 985 1856 1038 καὶ

281 1075 513 1145 Σωτῆρὰ
561 1092 678 1141 σου,
713 1075 861 1137 ὅστις
906 1074 1088 1138 καθὼς
1139 1077 1172 1146 ὴ
1217 1076 1524 1146 προφητεία
1569 1078 1853 1146 μαρτυρεῖ,

279 1166 405 1220 ἄνευ
436 1165 530 1219 τοῦ
556 1165 690 1237 ἐμοῦ
718 1165 853 1218 Θεοῦ
880 1167 1140 1236 πράττειν
1169 1184 1220 1219 τι
1245 1167 1306 1219 ού
1341 1167 1563 1220 δύναται
1589 1186 1604 1234 ;

349 1258 458 1310 Καὶ
485 1259 526 1309 0
574 1257 786 1311 ΑΓΙΟΣ.
829 1257 1111 1322 Τοσαύτας
1153 1259 1459 1325 ἀποδείξεις
1479 1299 1494 1321 ,
1525 1259 1700 1327 ἄθλιε,
1727 1261 1858 1332 περ)⁸

282 1356 444 1410 αὐτοῦ
464 1353 804 1424 δειξάμενος,
828 1355 1045 1412 οὐδέπω
1086 1355 1347 1425 συνῆκας,
1377 1358 1438 1408 ἐν
1470 1355 1581 1408 τίσι
1627 1355 1855 1424 φύσεσιν

283 1447 312 1498 6
348 1445 480 1516 ἐμὸς
513 1445 792 1513 Δεσπότης
817 1445 1191 1515 ἐχρημάτισεν
1212 1447 1306 1510 ;ού
1329 1450 1398 1518 τῇ
1427 1449 1670 1519 προτέρᾳ
1697 1447 1858 1502 λελὰ-

281 1538 446 1609 ληκα,
477 1539 558 1591 ὅτι
592 1537 724 1608 ἐμὸς
771 1538 980 1608 Ἰησοὺς
1013 1539 1246 1609 Χριστὸς
1276 1540 1407 1603 Θεὸς
1431 1537 1496 1610 ἦν
1524 1542 1620 1594 καὶ
1647 1541 1858 1614 ἄνθρωο

281 1646 422 1695 πος;
451 1629 583 1690 Θεὸς
602 1628 660 1682 δὲ
681 1631 832 1692 ποῖος
857 1647 872 1694 ;
901 1621 1068 1692 Οὗτος
1097 1630 1126 1681 ό
1154 1630 1346 1698 λέγων,
1377 1632 1460 1684 ὅτι
1503 1632 1670 1700 Ἐγὼ,
1698 1636 1854 1702 φησὶ,

287 1723 430 1788 Θεὸς
458 1721 690 1789 πρῶτος
714 1739 727 1750 ⁸
755 1723 818 1774 τὸ
845 1721 922 1787 δὲ,
959 1725 1044 1787 είς
1069 1721 1140 1775 τὰ
1168 1721 1542 1792 ἐπερχόμενα
1569 1725 1684 1795 ἐγώ
1719 1729 1857 1795 ειμι,

285 1817 415 1867 ποῖα
438 1813 785 1883 ἐπερχόμενα
813 1813 986 1881 λέγει,
1018 1813 1132 1866 ἀλλ’
1161 1815 1193 1884 ἢ
1225 1814 1324 1884 τῆς
1351 1815 1623 1886 ἐνσάρκου
1649 1820 1857 1871 οίκονο-

289 1907 418 2000 μίας
477 1905 812 2000 μυστήριονς
1026 1900 1133 2000 οὖν
1167 1908 1196 1959 6
1231 1907 1364 1970 Θεὸς
1423 1909 1516 1961 καὶ
1570 1909 1860 1981 ἄνθρωπος
1896 1947 1934 2000 Β

288 1995 684 2066 ἐχρημάτισεν,
736 1993 1012 2066 ἐϐοηθήθη
1065 1997 1283 2060 πάντως
1327 2002 1396 2070 τῇ
1453 2000 1858 2072 ἀνθρωπότητι.

299 2084 443 2153 Ἐγὼ
518 2085 892 2154 ἐξελεξάμην
958 2103 1052 2151 σε,
1115 2089 1208 2142 τοῦ
1266 2089 1523 2157 γενέσθαι
1577 2093 1700 2162 ἐμοὶ
1741 2095 1864 2147 καθ’

288 2176 613 2240 ὑπόστασιν,
648 2178 742 2228 καὶ
781 2176 928 2246 Ἐγὼ
949 2177 1255 2245 ἐϐοήθησά
1279 2196 1397 2243 σοι,
1439 2182 1610 2250 ἧγουν
1650 2184 1739 2236 διὰ
1771 2185 1863 2237 σού

287 2269 438 2340 πάσῃ
465 2273 532 2338 τῇ
564 2268 969 2339 ἀνθρωπότητι,
1004 2273 1071 2340 τῇ
1099 2269 1476 2345 βαπτιζομένῃ
1505 2274 1586 2336 είς
1620 2275 1863 2345 Πατέρα,

289 2361 386 2414 καὶ
424 2360 570 2424 Υἱὸν,
596 2362 692 2412 καὶ
717 2361 939 2430 Πνεῦμα
966 2361 1141 2430 ἅγιον.

361 2450 474 2504 Καὶ
505 2453 544 2503 0
580 2451 831 2504 EPBAN.
869 2453 978 2505 Καὶ
1015 2453 1116 2505 ποῦ
1146 2453 1366 2523 ᾐνίξατό
1398 2473 1482 2515 τις
1505 2455 1614 2510 τῶν
1655 2475 1868 2529 προφη·

289 2543 420 2608 τῶν,
450 2544 531 2595 ὅτι
563 2543 694 2606 Θεὸς
727 2543 1012 2613 ἄνθρωπος
1043 2545 1193 2599 ἔσται
1231 2547 1259 2599 ό
1293 2549 1545 2619 Χριστὸς,
1579 2549 1638 2603 ὸν
1667 2553 1867 2622 τρόπον

291 2632 601 2703 λελάληκας
615 2650 631 2700 ;

367 2728 478 2780 Kai.
515 2727 556 2780 Ο
589 2727 806 2782 ΑΙἸΟΣ.
842 2730 1054 2802 Εῖρηκά
1085 2748 1190 2797 σοι,
1221 2733 1302 2788 ὅτι
1337 2735 1368 2804 ἡ
1409 2736 1603 2808 θεότης
1633 2738 1868 2794 ἔπλασεν

293 2819 464 2890 ἑαυτῇ
520 2820 939 2890 ἀνθρωπότητα,
991 2824 1115 2894 ἥτις
1183 2826 1278 2880 καὶ
1329 2827 1619 2884 πέπονθεν.
1661 2831 1870 2900 Ἰησοῦς

291 2911 529 2981 Χριστὸς
556 2913 614 2977 ἐξ
646 2913 827 2980 ἁγνῶν
856 2915 1102 2984 αἱμάτων
1128 2917 1226 2987 τῆς
1258 2920 1536 2988 Παρθένου
1561 2923 1654 2975 καὶ
1683 2924 1872 2977 Θεοτό-

292 3018 417 3065 κου,
465 3003 586 3072 ἥτις
634 2999 704 3073 ἦν
751 3005 814 3057 ἐκ
867 3008 1185 3076 σπέρματος
1248 3011 1434 3075 Δαδὶδ,
1484 3013 1612 3067 ἄνευ
1678 3016 1872 3086 ἀνδρὸς

296 3093 590 3155 συνουσίας
631 3095 924 3165 προῆλθεν.
954 3091 1034 3159 εἷς
1062 3101 1127 3151 ἐκ
1167 3099 1262 3152 δύο
1293 3103 1388 3154 καὶ
1428 3104 1566 3171 μετὰ
1595 3104 1691 3173 τὴν
1715 3107 1870 3159 ἐναν-

1959 616 2128 669 Deum
2150 615 2412 684 appellas,
2431 614 2504 667 ob
2534 614 2610 676 id,
2637 613 2767 682 quia
2795 613 2940 666 Deus
2962 626 3120 666 meus
3143 611 3322 680 ipsum
3345 613 3536 683 elegit,

1959 707 2171 772 dilexit,
2191 717 2247 760 et
2270 706 2510 761 cratera?
2542 705 2660 759 Non
2695 705 2862 778 igitur
2893 704 2981 758 hic
3004 704 3151 758 Deus
3173 713 3280 768 est,
3302 705 3448 758 sicut
3478 715 3537 760 tu

1960 800 2196 854 allirmas
2222 817 2234 852 :
2267 799 2396 869 quia
2425 799 2494 852 de
2514 814 2580 853 eo
2616 813 2714 868 per
2742 797 3064 866 prophetam
3091 795 3226 850 dicit
3253 814 3268 849 :
3292 795 3406 866 Ego
3420 813 3539 851 sum

1959 892 2050 960 qui
2104 900 2153 943 te
2201 891 2393 960 fortem
2432 889 2656 942 reddidi.
2717 886 3004 954 Quomodo
3071 887 3238 956 igitur
3296 888 3540 956 appellas

1960 985 2139 1054 ipsum
2189 985 2359 1038 Deum
2399 991 2455 1036 et
2507 982 2851 1036 Salvatorem
2900 988 3054 1034 tuum
3085 1020 3100 1044 ,
3136 980 3232 1050 qui
3288 980 3536 1049 quidem,

1960 1076 2102 1132 sicut
2124 1076 2394 1145 propheta
2443 1082 2694 1138 testatur,
2741 1073 2860 1127 sine
2891 1072 3004 1127 Deo
3034 1087 3158 1126 meo
3192 1072 3333 1126 nihil
3357 1079 3541 1141 potest

1959 1168 2178 1224 hwm?

2031 1262 2087 1318 S.
2116 1263 2322 1318 ARCII.
2349 1263 2393 1318 0
2427 1263 2614 1323 miser.
2641 1272 2722 1318 tot
2745 1263 2855 1334 jam
2881 1262 2949 1317 de
2979 1262 3098 1332 ipso
3115 1261 3543 1316 demonstratio-

1960 1369 2058 1409 nes
2081 1364 2138 1408 et
2167 1354 2480 1408 testimonia
2521 1354 2758 1418 ostendi,
2807 1366 2864 1408 et
2903 1354 3148 1407 nondum
3194 1353 3538 1416 intellexisti,

1959 1447 2164 1516 quibus
2195 1447 2409 1500 naturis
2433 1454 2650 1500 constat
2675 1460 2830 1499 meus
2860 1445 3124 1500 Dominus
3153 1446 3176 1497 ?
3204 1445 3396 1498 Nonne
3424 1446 3540 1513 pri-

1960 1539 2049 1594 die
2080 1539 2215 1602 dixi,
2252 1539 2641 1593 meumJesum
2671 1537 2953 1592 Christum
2975 1539 3147 1592 Deum
3177 1553 3298 1592 esse
3346 1546 3402 1590 et
3441 1537 3541 1590 ho-

1961 1631 2166 1685 minem
2196 1631 2218 1683 ?
2246 1631 2418 1684 Deum
2445 1639 2652 1691 autem,
2681 1628 2894 1698 quem?
2928 1629 3084 1682 Illum
3111 1628 3206 1696 qui
3226 1627 3397 1681 dicit:
3425 1627 3539 1696 Ego

1959 1722 2099 1776 Deus
2135 1726 2356 1793 primus.
2393 1723 2530 1777 Illud
2559 1739 2712 1786 vero,
2743 1721 2823 1775 Ad
2847 1737 2964 1791 qua:
2989 1723 3228 1785 ueniunt,
3256 1737 3348 1790 ego
3395 1737 3536 1783 sum,

1960 1832 2210 1885 quamam
2240 1817 2344 1869 alia
2368 1816 2644 1870 venientia
2695 1814 2850 1877 dicit,
2877 1829 3040 1883 quam
3069 1828 3281 1868 carnea:
3313 1813 3540 1882 dispen-

1963 1905 2193 1960 sationis
2219 1906 2542 1976 mysterium
2565 1905 2587 1957 ?
2615 1889 2882 1970 Quoniam
2916 1903 3082 1973 igitur
3127 1903 3271 1956 Deus
3293 1911 3349 1956 et
3374 1901 3542 1955 homo

1965 1998 2090 2060 fuit,
2116 1999 2336 2067 adjutus
2367 1978 2726 2067 luitprorsus
2767 1995 2949 2065 quoad
2974 1995 3394 2049 humanitatem.
3428 1993 3541 2063 Ego

1966 2087 2096 2158 elegi
2151 2097 2219 2151 te,
2271 2097 2326 2142 ut
2352 2103 2503 2141 esses
2529 2088 2662 2140 mihi
2698 2103 2794 2156 per
2833 2085 3244 2141 subsistentiam
3279 2103 3293 2138 :
3329 2095 3386 2138 et
3429 2084 3541 2154 Ego

1967 2180 2147 2248 adjuvi
2184 2190 2255 2245 te,
2282 2197 2477 2249 nempe
2513 2197 2611 2250 per
2642 2181 2842 2249 tejuvi
2867 2195 3084 2233 omnem
3119 2179 3538 2243 humanitatem,

1966 2285 2087 2338 quce
2115 2285 2272 2323 sacro
2294 2271 2511 2324 lavacro
2550 2271 2777 2340 tingitur
2806 2269 2860 2323 in
2885 2270 3125 2333 Patrem,
3159 2276 3215 2322 et
3235 2269 3455 2337 Filium,
3485 2278 3545 2324 et

1969 2361 2233 2431 Spiritum
2268 2373 2540 2416 sanctum.

2038 2452 2242 2506 llERB.
2297 2453 2528 2508 Ubinam
2584 2455 2976 2522 prophetarum
3043 2454 3335 2524 quisquam
3381 2453 3544 2525 633

1968 2545 2302 2600 vaticinatus
2323 2554 2408 2599 est
2429 2546 2710 2600 Christum
2735 2546 2981 2600 futurqu
3003 2562 3124 2601 esse
3156 2547 3328 2601 Deum
3359 2556 3415 2601 et
3445 2549 3546 2599 ho-

1969 2640 2194 2700 minem,
2227 2637 2370 2690 sicut
2392 2637 2575 2690 dixisti
2607 2637 2630 2690 ?
3176 2677 3200 2699 .

1972 2790 1978 2796 η
2042 2727 2096 2780 S.
2128 2727 2336 2782 ARCll.
2376 2728 2498 2780 Tibi
2539 2728 2653 2782 dixi
2690 2727 3041 2783 divinitatem
3079 2729 3185 2782 sibi
3221 2729 3544 2783 eﬂ‘ormasse

1969 2829 2028 2872 et
2065 2819 2381 2889 adjunxisse
2407 2820 2831 2884 humanitatem,
2858 2836 2980 2888 qua:
3013 2821 3238 2889 quidem
3289 2837 3544 2890 perpessa

1970 2920 2075 2964 est.
2115 2913 2276 2966 Jesus
2328 2912 2589 2966 Christus
2643 2927 2710 2965 ex
2763 2929 2900 2981 puro
2962 2921 3228 2980 castoque
3276 2913 3544 2980 sanguine

1971 3004 2214 3075 Virginis
2241 3015 2296 3060 et
2341 3006 2609 3075 Deiparze,
2657 3021 2780 3075 quae
2809 3005 2912 3058 fuit
2958 3021 3022 3060 ex
3057 3007 3268 3059 semine
3299 3005 3542 3070 Davidis,

1973 3097 2092 3150 sine
2121 3097 2224 3150 viri
2259 3113 2560 3168 congressu
2593 3099 2648 3151 in
2686 3098 2952 3151 mundum
3004 3097 3236 3166 prodiit,
3275 3113 3421 3151 unus
3477 3113 3547 3151 ex

295 3184 604 3256 θρώπησιν.
644 3188 752 3240 Kal.
792 3190 824 3258 ή
870 3189 969 3258 μέν
999 3190 1356 3263 ἀνθρωπότης
1381 3195 1544 3249 αὑτοῦ
1573 3200 1748 3251 πάντα
1774 3201 1872 3253 ὅσα

1973 3189 2190 3253 duabus
2227 3189 2439 3242 naturis
2459 3190 2626 3242 etiam
2671 3199 3026 3259 posteaquam
3055 3191 3218 3243 horno
3243 3190 3419 3244 factus
3439 3200 3546 3244 est.

294 3279 578 3349 κέκτημαι
622 3281 796 3347 κάγὼ,
837 3283 1122 3352 ἐκέκτητο,
1170 3284 1309 3353 πλὴν
1352 3289 1450 3357 τῆς
1499 3289 1803 3359 ἁμαρτίας·
1838 3293 1870 3362 ή

1980 3282 2501 3352 Πιήυεειιυηιαιιὶῑειε
2525 3281 2749 3351 quidem
2771 3282 2956 3335 omnia
2988 3297 3110 3350 qua:
3159 3282 3275 3352 ipse
3307 3297 3410 3352 ego
3447 3283 3548 3336 ha-

293 3368 354 3422 δὲ
404 3369 594 3438 θεότης
637 3370 824 3437 αὑτοῦ,
863 3374 1040 3426 πάντα
1081 3374 1110 3426 ὃ
1158 3377 1344 3447 Πατὴρ
1398 3380 1684 3451 ἐκέκτητο,
1735 3384 1873 3454 πλὴν

292 3460 396 3531 τῆς
445 3462 790 3531 ἀγεννησίας.
831 3464 1152 3534 ’Λγέννητος
1195 3467 1303 3537 γὰρ
1351 3470 1380 3520 6
1419 3470 1570 3536 Θεὸς,
1615 3475 1874 3545 γεννητὸς

292 3551 355 3603 δέ
383 3552 412 3602 ὁ
437 3552 612 3619 Λόγος
632 3553 827 3606 αὐτοῦ’
868 3558 924 3608 ἐν
964 3558 1062 3626 μιᾷ
1092 3557 1148 3609 δὲ
1175 3561 1240 3628 τῇ
1272 3559 1590 3623 ὑποστάσει,
1629 3566 1722 3634 ἦτε
1753 3566 1874 3619 656-

295 3658 398 3712 της
429 3643 595 3695 αὐτοῦ
633 3645 725 3696 καὶ
769 3646 801 3714 ή
843 3645 938 3698 ἀνθ
954 3648 1204 3718 ρωπότης
1249 3656 1574 3722 στοιχείται·
1621 3657 1872 3729 ἐπειδὴή

299 3733 442 3805 σὰρξ
467 3735 635 3788 αὐτοῦ
666 3738 765 3790 οὐκ
799 3739 1040 3809 ἐσπάρη,
1070 3741 1186 3793 ἀλλ’
1209 3742 1237 3793 ό
1268 3744 1438 3811 Λόγος
1469 3746 1563 3798 τοῦ
1591 3747 1724 3800 Θεοῦ
1752 3751 1874 3802 αντὶ

297 3827 620 3896 σπέρματος
655 3832 712 3882 ἐν
758 3833 824 3900 τῇ
872 3831 1057 3902 μήτρᾳ
1089 3833 1185 3901 τῆς
1231 3835 1532 3904 Παρθένου,
1566 3839 1764 3905 ἐπάγει
1796 3842 1874 3902 εἰς

300 3917 504 3987 σάρκα,
538 3920 705 3987 μηδὲν
744 3921 806 3972 τὸ
847 3923 1076 3976 καθόλου
1105 3926 1394 3994 τραπεὶςῆ
1431 3927 1745 3992 ἀλλοιωθεὶς
1779 3931 1876 4001 τῆς

296 4011 470 4064 αὑτοῦ
506 4012 780 4081 θεότητος.
816 4015 1123 4084 Ἀτρεπτος
1154 4017 1262 4085 γὰρ
1296 4019 1326 4088 ἡ
1363 4017 1552 4088 θεότης
1593 4021 1686 4072 καὶ
1710 4022 1876 4074 ἀναλ-

295 4101 546 4164 λοίωτος.
593 4103 750 4156 Ἐπεὶ
781 4100 873 4158 οὖν
903 4107 1208 4176 εἰρήκαμεν
1240 4109 1320 4161 ὅτι
1352 4111 1384 4180 ἡ
1412 4109 1602 4179 θεότης
1641 4112 1876 4167 ἔπλασεν

299 4195 468 4262 ἐαυτῇ
515 4193 932 4266 ὰνθρωπότητα,
981 4201 1162 4268 γυμνῇ
1211 4200 1276 4268 τῇ
1325 4200 1483 4272 οὐσία
1511 4203 1623 4264 τοῖς
1664 4203 1878 4274 ἀνθρώ-

302 4303 430 4347 ποις
465 4288 1003 4358 συναναστρέφεσθαι
1050 4290 1152 4344 οὐκ
1191 4290 1462 4346 ἐϐούλετο.
1513 4295 1676 4362 Λέγει
1709 4296 1816 4366 γὰρ
1852 4298 1880 4349 ὁ

311 4379 545 4440 Ἥσαῖας
585 4380 717 4449 περὶ
762 4380 982 4433 τούτουο
1025 4381 1224 4447 Οὕτως
1245 4384 1393 4450 φησι
1425 4384 1639 4452 Κύριος
1665 4390 1699 4438 ὁ
1736 4385 1880 4452 Θεὸς

300 4474 336 4525 ὀ
396 4469 642 4534 πλάσας
705 4470 910 4534 αὑτὸν,
968 4475 1000 4525 ό
1044 4473 1306 4538 ποιήσας
1360 4473 1432 4527 τὰ
1485 4475 1877 4544 ἐπερχόμενα,

299 4565 475 4633 ἧγουν
512 4563 578 4615 τὰ
612 4563 709 4632 τῆς
741 4561 867 4625 νέας
893 4562 1117 4632 χάριτος
1149 4567 1442 4634 μυστήρια.
1486 4565 1653 4633 Ἐγὼ,
1691 4565 1878 4635 φησὶν,

299 4631 515 4723 Δἤγειρα
563 4631 751 4706 αὑτὸν
794 4631 944 4723 μετὰ
975 4631 1386 4724 Ῠδικαιοσύνής
1438 4631 1723 4724 βασιλέα,
1755 4631 1878 4711 ’καὶ
1914 4631 1954 4685 D

302 4742 496 4798 πᾶσαι
520 4747 578 4796 αἱ
614 4743 738 4796 ὁδοὶ
772 4743 962 4797 αὐτοῦ
997 4745 1240 4808 εὐθεῖαι,
1282 4746 1424 4800 τοῦτ’
1459 4747 1594 4813 ἐστι,
1629 4747 1721 4800 τοῦ
1748 4750 1884 4819 Χρι-

305 4835 460 4890 στοῦ.
497 4832 687 4901 Οὗτος
723 4835 1112 4905 οἰκοδομήσει
1160 4838 1272 4906 τὴν
1310 4841 1494 4892 πόλιν
1529 4857 1686 4907 μουο
1728 4837 1882 4911 οἶμαι

299 4929 363 4980 δὲ
393 4929 493 4996 τὴν
540 4929 836 5001 καθολικὴν
885 4930 1244 4998 Ἐκκλησίαν·
1296 4931 1393 4984 καὶ
1430 4931 1544 4996 τὴν
1587 4935 1881 5000 αἰχμαλω-

301 5021 454 5073 σίαν
483 5020 588 5073 τοῦ
631 5021 784 5074 λαοῦ
829 5040 950 5090 μου
1005 5022 1352 5090 ἐπιστρέψει
1391 5024 1500 5077 ἀπὸ
1547 5025 1643 5095 τῆς
1677 5025 1885 5096 πλάνης

302 5112 404 5164 xat
448 5113 549 5181 τῆς
594 5113 972 5182 αἰχμαλωσίας
1013 5113 1106 5166 τοῦ
1144 5115 1418 5168 διαϐόλου.
1467 5118 1548 5168 Οὺ
1588 5116 1738 5184 μετὰ
1775 5118 1885 5170 .115-

302 5221 482 5271 τρων,
523 5205 710 5275 φησὶν,
761 5204 905 5258 οὐδὲ
961 5206 1113 5274 μετὰ
1164 5206 1388 5274 δώρων,
1441 5203 1572 5260 εἷπε
1603 5210 1817 5276 Κύριος
1851 5212 1884 5263 ό

305 5299 481 5364 Θεὸς,
514 5300 652 5353 ἀλλὰ
689 5300 838 5370 ἰσχύῖ
886 5302 1159 5371 θεότητος.
1203 5303 1315 5355 Καὶ
1354 5304 1584 5356 ἄκουσον
1627 5304 1726 5374 τὴν
1756 5305 1884 5357 ὑπο-

301 5391 483 5460 ταγὴν
513 5392 622 5443 τῶν
657 5393 848 5445 ἐθνῶν.
892 5393 1054 5446 Οὕτω
1091 5393 1240 5461 φησι
1277 5395 1492 5462 Κύριος
1527 5397 1559 5446 ό
1585 5395 1728 5460 Θεὸς
1775 5411 1884 5449 σα-

307 5480 490 5542 σαὼθ.
534 5482 898 5535 Ἐκοπίασεν
924 5483 1248 5553 Αἴγυπτος,
1285 5485 1430 5537 τοῦτ’
1460 5486 1575 5538 ἔστι
1607 5489 1670 5557 τῇ
1706 5486 1880 5559 πλάνῃ

304 5573 646 5626 δουλεύσασα
677 5587 692 5602 ⁸
723 5574 821 5627 καὶ
846 5575 1097 5643 ἐμπορία
1122 5577 1434 5629 Αἰθιόπων.
1469 5578 1575 5630 Καὶ
1604 5581 1657 5630 οἱ
1689 5581 1882 5634 Σαϐϐὰ

301 5664 426 5718 νῦν
467 5663 682 5732 ἄνδρες
719 5664 963 5733 ὑψηλοί,
995 5665 1094 5717 ἐπὶ
1130 5665 1204 5718 σὲ
1237 5666 1666 5733 ἀναϐήσονται,
1717 5668 1882 5739 ἤγουν

303 5753 718 5821 πιστεύσαντες,
752 5756 849 5808 καὶ
885 5756 984 5809 σοί
1010 5757 1255 5810 ἔσονται
1282 5757 1488 5813 δοῦλοι
1511 5775 1525 5790 ·
1563 5759 1660 5812 καί
1694 5760 1884 5814 ὀπίσω

385 5868 432 5902 ⁸⁸
465 5867 574 5923 Isa.
608 5884 728 5937 λιν,
762 5868 847 5934 ll,
893 5869 979 5924 l5.

1975 3374 2100 3435 beo,
2131 3375 2394 3437 obtinuit,
2428 3383 2662 3443 excepto
2685 3382 2912 3442 peccato
2939 3392 2951 3426 :
2990 3373 3256 3429 divinitas
3276 3391 3409 3429 vero
3428 3377 3548 3446 ejus

1973 3482 2315 3536 quaecunque
2347 3469 2510 3522 Pater
2545 3465 2758 3531 habuit,
2784 3475 3010 3536 excepta
3054 3468 3280 3538 ingeniti
3311 3469 3546 3522 ratione.

1974 3563 2092 3615 Non
2126 3562 2272 3615 enim
2307 3562 2448 3614 Deus
2472 3561 2674 3630 (Pater)
2695 3559 2916 3629 genitus
2944 3568 3030 3613 est
3073 3560 3352 3614 :Verhum
3376 3561 3550 3615 Filius

1975 3657 2095 3726 ejus
2127 3664 2212 3709 est
2241 3655 2510 3724 genitum.
2547 3655 2606 3708 In
2630 3670 2737 3707 una
2761 3662 2946 3707 autem
2978 3653 3256 3723 hypostasi
3301 3663 3357 3706 et
3401 3652 3548 3705 divi-

1976 3747 2121 3799 nitas
2146 3748 2265 3816 ejus
2313 3756 2369 3800 et
2402 3745 2716 3799 humanitas
2773 3745 3067 3813 conjuncta
3117 3752 3222 3807 est,
3287 3744 3549 3813 quoniam

1977 3852 2106 3890 caro
2133 3838 2255 3906 ejus
2281 3852 2388 3890 non
2420 3845 2504 3890 est
2535 3846 2648 3889 sata
2683 3851 2747 3889 ex
2772 3835 2983 3889 semine
3013 3852 3025 3887 :
3059 3835 3154 3888 sed
3186 3835 3426 3888 Verbum
3452 3835 3550 3890 Dei

1978 3944 2078 3998 pro
2105 3928 2316 3982 semine
2369 3929 2426 3981 in
2478 3936 2636 3981 utero
2670 3926 2910 3996 Virginis
2961 3925 3176 3980 inducit
3218 3927 3272 3978 in
3303 3942 3548 3991 carnem,

1981 4019 2190 4088 absque
2226 4019 2336 4072 ulla
2363 4017 2592 4070 omnino
2622 4016 2986 4070 conversione
3015 4025 3112 4070 aut
3167 4017 3552 4072 immutatione

1978 4113 2098 4182 ejus
2145 4111 2476 4165 divinitatis.
2536 4110 2631 4163 Est
2685 4109 2832 4162 enim
2885 4108 3329 4163 inconvertibilis
3383 4119 3552 4179 atque

1981 4203 2343 4258 immutabilis
2398 4201 2678 4256 divinitas.
2741 4200 3008 4266 Quoniam
3066 4200 3234 4270 igitur
3288 4200 3548 4267 diximus,

1980 4297 2125 4367 quod
2151 4295 2411 4349 divinitas
2445 4294 2550 4348 sibi
2582 4292 2897 4348 eﬂ‘ormavit
2946 4292 3372 4355 humanitatem,
3404 4292 3553 4348 nuda

1981 4399 2037 4444 et
2065 4387 2303 4457 simplici
2328 4386 2567 4441 essentia
2588 4400 2714 4440 cum
2746 4384 3068 4439 hominibus
3107 4383 3426 4438 conversari
3455 4399 3555 4438 no-

1981 4480 2150 4534 lebat.
2178 4480 2323 4534 Dicit
2350 4478 2498 4532 enim
2530 4478 2700 4532 Isaias
2741 4477 2809 4530 de
2834 4491 2903 4531 eo
2945 4490 2960 4528 :
2999 4474 3084 4529 Sic
3117 4476 3243 4529 dicit
3296 4475 3554 4530 Dominus

1983 4571 2122 4626 Deus
2151 4572 2242 4641 qui
2269 4569 2516 4640 formavit
2538 4570 2731 4639 ipsum,
2757 4569 2844 4637 qui
2882 4567 2998 4636 fecit
3029 4582 3090 4618 ea
3125 4581 3242 4635 qua:
3289 4567 3550 4630 eveniunt,

1983 4678 2182 4733 nempe
2208 4678 2364 4716 nova:
2384 4661 2575 4732 gratia:
2600 4659 2861 4731 mysteria
2891 4675 2905 4710 ε
2939 4659 3075 4728 Ego,
3101 4658 3302 4727 inquit,
3330 4659 3554 4711 ett-citavi

1983 4750 2155 4818 ipsum
2182 4766 2299 4802 cum
2315 4750 2531 4818 justitia
2565 4765 2761 4818 regem,
2791 4756 2840 4799 et
2882 4763 3058 4800 omnes
3082 4748 3177 4801 via}
3207 4747 3318 4815 ejus
3366 4756 3554 4811 recta};

1985 4840 2037 4893 id
2055 4850 2162 4905 est,
2182 4840 2410 4896 Christi.
2435 4840 2534 4894 Hic
2555 4840 2836 4908 wdiﬁcabit
2857 4840 3118 4892 civitatem
3146 4855 3349 4903 meam;
3368 4824 3554 4904 idest,

1985 4941 2047 4984 ut.
2073 4931 2334 4994 arbitror,
2366 4931 2690 4985 catholicam
2718 4929 3018 4982 Ecclesium
3070 4945 3082 4981 :
3119 4936 3168 4980 et
3197 4930 3557 4997 captivitatem

1987 5023 2168 5092 papuli
2201 5024 2301 5076 mei
2349 5031 2636 5087 convertet,
2663 5022 2731 5076 ah
2761 5036 2953 5075 errore
2995 5029 3050 5074 et
3081 5021 3401 5090 captivitate
3444 5021 3562 5076 dia-

1986 5114 2098 5168 boli
2133 5131 2146 5166 :
2179 5113 2317 5178 Non,
2348 5114 2549 5182 inquit,
2581 5130 2699 5166 cum
2731 5113 2895 5182 pretio
2921 5112 3294 5182 redemptionis
3315 5123 3362 5166 et
3385 5114 3559 5176 donis,

1990 5204 2113 5257 dicit
2149 5205 2401 5258 Dominus
2433 5205 2572 5258 Deus
2595 5204 2661 5270 ⁵⁸,
2696 5203 2791 5258 sed
2820 5204 3020 5258 robore
3045 5204 3374 5259 divinitatis.
3412 5204 3558 5258 Audi

1985 5297 2263 5367 quomodo
2318 5306 2511 5367 gentes
2565 5312 2623 5350 se
2674 5297 2794 5366 ejus
2860 5296 3094 5366 imperio
3144 5297 3481 5367 subjecerint
3502 5307 3560 5352 et

1985 5389 2365 5444 submiserint.
2393 5387 2480 5443 Sic
2530 5389 2652 5441 dicit
2696 5388 2948 5440 Dominus
2993 5386 3131 5440 Deus
3169 5387 3424 5442 sabaoth:
3453 5387 3560 5441 La—

1987 5482 2190 5536 boravit
2212 5481 2494 5552 ZEggptus,
2524 5480 2654 5533 dum
2685 5481 2946 5534 nimirum
2975 5478 3154 5534 errori
3214 5480 3480 5544 servivit;
3512 5487 3562 5532 et

1987 5575 2293 5648 zEthiopum
2324 5577 2628 5647 negotiatio.
2652 5574 2722 5629 Et
2748 5576 2838 5645 qui
2868 5591 3006 5627 nunc
3033 5575 3089 5628 in
3117 5571 3289 5628 Sabba
3315 5581 3436 5628 sunt
3469 5589 3562 5626 ea:-

1989 5668 2112 5721 celsi
2144 5670 2264 5733 υὶ-νὶ,
2306 5669 2375 5722 ad
2409 5677 2458 5722 te
2487 5675 2791 5732 ascendent,
2814 5667 3026 5722 scilicet
3051 5665 3363 5730 credentes,
3393 5673 3441 5719 et
3472 5667 3563 5720 tibi

1991 5771 2145 5815 erunt
2176 5762 2333 5827 servi,
2370 5760 2438 5816 Et
2458 5779 2490 5816 a
2528 5769 2673 5832 tergo
2706 5768 2794 5815 tuo
2816 5767 3100 5831 sequentur
3121 5760 3280 5814 vincti
3307 5757 3525 5813 manicis
3543 5772 3566 5814 :
