4088 6562
549 391 662 460 ’111

1478 387 1540 448 S.
1587 385 2011 450 GREGENTII
2048 379 2286 444 EPISC.
2321 380 2859 442 TAPHARENSIS

3703 378 3810 446 712

546 507 816 566 nimirum
840 502 1175 560 ﬁrmitate'et
1202 500 1540 558 certitudine
1557 501 1943 558 submissionis
1970 516 2121 556 suae:

2247 511 2345 551 νου
2360 495 2857 564 ἀκολουθήσουσι
2878 494 3183 566 δεδεμένοι
3200 496 3601 567 χειροπέδαις,
3624 496 3814 567 δηλον-

556 600 622 656 Et
644 599 715 655 ad
743 606 793 652 te
827 596 1153 662 transibunt,
1196 602 1246 649 et
1270 596 1568 650 adorabunt
1604 611 1674 662 te,
1713 613 1813 667 per
1844 596 2030 660 ﬁdem,
2076 599 2126 647 et

548 694 609 748 in
642 700 693 746 te
716 689 1090 762 precabantur.
1130 686 1199 740 Et
1222 688 1360 755 quia
1374 688 1430 742 in
1464 697 1513 741 te
1546 688 1685 743 Deus
1711 698 1807 749 est,
1841 702 2039 757 nempe
2071 685 2128 740 in

551 781 904 839 humanitate
927 788 1044 843 tua,
1071 786 1127 831 tu
1149 795 1202 832 es
1251 777 1410 833 Deus.
1442 779 1858 844 Animadverte,
1882 778 2001 832 Non
2051 784 2129 831 est

550 874 694 930 Deus
726 881 921 945 praeter
946 881 997 925 te
1028 887 1046 926 :
1080 881 1376 941 propterea
1404 871 1550 940 quod
1600 873 1717 941 ipse
1771 872 1844 926 sit
1886 870 2128 927 Verbum

552 979 773 1028 verum,
806 965 1016 1032 absque
1072 962 1185 1016 ullo
1216 961 1508 1017 mendacio
1541 962 1677 1017 dicit
1706 961 1977 1032 propheta
2015 961 2130 1014 :Tu

549 1073 609 1111 es
644 1058 806 1121 enim,
868 1053 1075 1123 inquit,
1101 1052 1264 1118 Deus,
1294 1063 1346 1107 et
1388 1055 1717 1117 nescivimus,
1770 1053 1899 1123 quia
1936 1066 2131 1108 errore

555 1146 981 1202 simulacrorum
1005 1144 1121 1199 sive
1153 1143 1383 1198 deorum
1420 1143 1686 1198 falsorum
1711 1142 1922 1199 detenti
1953 1150 2009 1197 et
2039 1156 2133 1196 oc—

470 1272 474 1277 -
550 1238 744 1308 cupati
797 1251 1042 1301 eramus,
1095 1235 1232 1290 Deus
1283 1234 1547 1301 Israelis;
1582 1244 1640 1290 et
1706 1235 1775 1301 si,
1838 1242 2132 1305 postquam

554 1349 724 1389 carne
754 1340 935 1388 tectus
952 1343 1011 1387 et
1039 1331 1271 1385 indutus
1289 1331 1470 1396 fuisti,
1501 1347 1614 1386 non
1638 1330 1922 1402 accipiunt
1949 1339 2023 1385 te.
2048 1330 2131 1384 Tu

557 1435 743 1481 tamen
776 1425 923 1480 Deus
941 1439 1002 1478 es
1028 1422 1300 1478 Servator.
1327 1423 1534 1478 Deinde
1579 1423 1921 1494 subjungens
1943 1423 2012 1478 de
2044 1421 2135 1477 his

558 1515 655 1584 qui
685 1515 740 1567 in
769 1528 895 1567 eum
923 1529 1034 1567 non
1066 1512 1303 1566 credunt
1333 1529 1349 1565 :
1381 1511 1701 1566 Erubescent
1724 1519 1773 1565 et
1804 1511 2134 1581 confunden-

560 1613 649 1657 tur
676 1619 854 1657 omnes
880 1603 1079 1656 inimici
1115 1603 1211 1667 tui,
1250 1610 1307 1656 et
1330 1602 1426 1671 qui
1454 1617 1522 1657 ex
1556 1602 1719 1656 nobis
1741 1602 2023 1673 gentibus,
2078 1609 2136 1657 et

559 1694 655 1766 qui
704 1710 771 1750 ex
794 1694 955 1749 vobis
1004 1693 1271 1749 Hebraeis.
1313 1693 1383 1749 Et
1414 1693 1786 1755 ambulabunt,
1818 1694 1914 1760 ait,
1951 1695 2039 1748 isti
2079 1694 2135 1747 in

559 1787 760 1858 pudore
783 1786 850 1850 ⁸⁷,
886 1793 1004 1840 uta
1042 1786 1279 1840 veritate
1309 1786 1537 1840 alienati
1583 1795 1640 1840 et
1671 1786 1888 1855 perﬁdi.
1925 1785 2136 1840 Adver—

2235 588 2319 641 ότι
2353 591 2417 659 τῇ
2452 588 2730 661 ἀσφαλείᾳ
2773 589 2874 660 τῆς
2923 590 3206 661 ὑποταγῆς
3233 589 3434 643 αὐτῶν.
3457 588 3572 644 ’Καὶ
3610 587 3816 656 διασή-

2233 696 2447 736 σονται
2479 682 2629 749 πρὸς
2656 681 2751 746 σὲ,
2799 680 2897 735 καὶ
2945 679 3452 749 προσκυνήσουσι
3498 697 3571 735 σε
3599 681 3701 751 (l),
3728 679 3818 733 δ.ἀ

2234 772 2333 842 τῆς
2370 771 2627 836 πίστεως,
2652 771 2751 824 καὶ
2779 771 2847 825 ἐν
2878 770 2980 825 σοι
3003 771 3462 840 προσεύξονται.
3497 771 3609 826 Καὶ
3637 770 3818 823 ὅτιέν

2233 865 2336 918 σοὶ
2383 865 2530 931 Θεός
2564 865 2759 926 ἐστιν,
2796 865 2967 935 ἤγουν
2993 866 3053 917 έν
3089 867 3155 935 τῇ
3195 862 3579 934 ἀνθρωπότητι
3622 863 3815 927 αὐτοῦ,

2236 957 2319 1012 σὺ
2367 952 2427 1011 εἴ
2475 959 2641 1024 Θεός.
2685 958 2953 1029 Πρόσεχε,
2984 958 3096 1013 Kal
3142 958 3254 1011 οὐκ
3298 958 3430 1010 ἐστι
3464 956 3611 1019 Θεὸς
3648 955 3819 1021 πλὴν

2237 1068 2376 1116 σου,
2407 1050 2497 1104 διὰ
2544 1051 2606 1104 τὸ
2649 1046 2803 1106 εἶναι.
2825 1049 2990 1103 αὐτὸν
3037 1050 3130 1104 τὸν
3176 1049 3349 1117 Λόγον
3392 1048 3485 1101 τὸν
3537 1047 3815 1118 ἀληθινὸν,

2237 1140 2488 1211 ἀψευδῶς
2530 1140 2683 1210 λέγει
2720 1141 2749 1194 ό
2797 1142 3126 1212 προφήτης’
3167 1140 3253 1194 Σὺ
3299 1139 3411 1210 γὰρ
3433 1140 3507 1204 εἷ,
3550 1139 3742 1208 φησὶν,
3785 1140 3819 1192 ὁ

2242 1233 2408 1301 Θεὸς,
2440 1233 2541 1287 καὶ
2575 1235 2689 1288 οὐκ
2713 1232 2984 1302 εῑδομεν,
3013 1233 3152 1286 διότι
3196 1234 3264 1303 τῇ
3303 1231 3481 1304 πλάνῃ
3521 1230 3628 1284 τῶν
3667 1229 3821 1283 εἰδώ-

2238 1326 2349 1380 λων
2392 1326 2946 1397 προκατειλήμμεθα,
3011 1325 3156 1391 Θεὸς
3208 1325 3316 1379 τοῦ
3384 1323 3657 1393 Ἰσραὴλ,
3714 1323 3820 1378 κᾶν

2242 1418 2618 1490 σαρκωθέντος
2665 1435 2780 1481 σου,
2818 1419 2879 1471 οὐ
2927 1417 3319 1488 προσδέχονται
3353 1434 3434 1472 σε.
3481 1416 3642 1470 Ἀλλά
3676 1417 3742 1469 σὺ
3768 1411 3825 1468 εἴ

2240 1512 2269 1563 ὁ
2301 1510 2530 1579 Σωτήρ.
2577 1511 2827 1580 Ἐπάγων
2856 1509 2924 1565 δὲ
2949 1511 3080 1581 περὶ
3107 1510 3216 1562 τῶν
3245 1509 3619 1563 ἀπιστούντων
3646 1507 3819 1578 αὐτῷ,

2240 1604 2414 1673 λέγει,
2474 1602 3008 1672 Αίσχυνθήσονται
3040 1601 3262 1667 πάντες
3319 1604 3373 1655 ol
3422 1599 3824 1669 ἀντικείμενοι

2241 1694 2424 1762 αὐτῷ,
2451 1695 2585 1748 οἵτε
2618 1693 2677 1758 ἐξ
2712 1693 2873 1765 ἡμῶν
2910 1694 3021 1747 τῶν
3060 1693 3252 1759 ἐθνῶν,
3286 1694 3383 1747 καὶ
3417 1694 3476 1761 ἐξ
3522 1694 3681 1763 ὑμῶν
3712 1694 3826 1749 τῶν

2257 1787 2551 1859 Ἐϐραίων.
2622 1787 2734 1840 Kal
2789 1787 3229 1854 πορεύσονται,
3286 1786 3485 1856 φησιν,
3534 1781 3704 1840 οὗτοι
3753 1785 3827 1839 ἐν

561 1879 654 1942 tis,
686 1893 720 1933 ο
758 1876 1037 1939 Herbane,
1061 1891 1316 1944 qumnam
1361 1876 1511 1931 dicat
1550 1876 1855 1946 propheta?
1906 1877 2041 1946 quid
2069 1878 2137 1931 ad

2247 1880 2542 1948 αἰσχύνῃ,
2578 1878 2655 1941 ὡς
2705 1876 3211 1948 ἀπηλλοτριωμένοι
3271 1877 3368 1947 τῆς
3417 1875 3676 1945 ἀληθείας
3727 1876 3829 1929 καὶ

559 1984 628 2024 ea
686 1969 874 2024 dices?
916 1967 1180 2037 Nunquid
1229 1968 1501 2023 mentitur
1553 1967 1647 2023 Dei
1693 1982 1793 2022 ore
1843 1967 1963 2023 haec
2007 1969 2142 2024 eﬂ'a-

562 2069 654 2117 lus
671 2062 696 2114 ?

636 2274 848 2339 HERB.
868 2280 1056 2336 Absit!
1078 2279 1170 2335 Sic
1189 2279 1337 2334 enim
1368 2279 1505 2334 dicit
1528 2278 1821 2352 pr0pheta,
1845 2298 1953 2352 quo
1977 2280 2142 2336 modo

565 2378 836 2436 recitasti.
869 2376 976 2432 Sed
999 2375 1245 2430 nondum
1270 2383 1402 2445 puto
1435 2374 1587 2428 illum
1609 2372 1846 2444 (scilicet
1866 2370 2138 2440 Messiam)

563 2470 861 2526 advenisse
911 2486 925 2522 :
977 2466 1075 2522 sed
1128 2466 1316 2521 veniet
1364 2465 1559 2536 procul
1617 2463 1786 2518 dubio
1841 2478 1942 2518 suo
2001 2471 2141 2517 tem-

565 2578 724 2635 pore.

641 2655 698 2709 S.
723 2651 929 2708 ARCll‘.
968 2648 1224 2721 Serpenti
1250 2646 1549 2718 persimilis
1578 2644 1808 2710 videris,
1846 2660 2010 2715 quem
2038 2643 2143 2698 ali-

568 2734 694 2818 quis
745 2744 1103 2816 persequitur
1144 2749 1201 2796 et
1229 2739 1361 2796 ferit
1397 2757 1410 2794 :
1441 2739 1532 2793 hic
1583 2736 1917 2808 percutienti
1966 2742 2141 2790 totum

566 2854 769 2909 corpus
788 2836 1076 2908 objiciens,
1116 2833 1414 2904 malignum
1458 2838 1623 2901 caput
1653 2829 1721 2884 ad
1752 2836 1985 2883 mortem
2016 2841 2145 2897 pro-

566 2930 702 2986 dere
736 2944 847 2984 non
878 2935 1103 2998 potest:
1138 2924 1194 2980 id
1226 2932 1330 2988 est,
1384 2923 1682 2994 malignam
1738 2919 2054 2991 perﬁdiam,
2088 2927 2146 2974 et

567 3019 840 3091 unigeniti
865 3006 986 3072 Filii
1003 3017 1098 3072 Dei
1117 3015 1561 3085 abnegationem.
1587 3012 1857 3083 Equidem
1878 2999 1993 3067 scio
2017 3025 2147 3081 pro-

568 3116 859 3187 phetarum
906 3110 1402 3167 demonstrationes
1456 3108 1555 3161 tibi
1584 3107 1745 3161 ﬁdem
1780 3105 1959 3160 facere
1995 3124 2007 3157 :
2047 3103 2145 3158 sed

566 3208 639 3261 ad
665 3207 953 3262 veritatem
979 3220 1089 3257 non
1111 3203 1197 3257 vis
1229 3201 1439 3256 venire.
1468 3201 1602 3255 Nam
1634 3197 1899 3268 temporis
1928 3196 2214 3263 diuturIC

569 3301 744 3355 nitate
774 3311 1032 3368 perversa
1062 3280 1406 3349 consuetudo
1448 3292 1501 3346 in
1543 3302 1594 3346 te
1625 3290 1947 3346 conﬁrmata
1980 3298 2146 3357 atque

572 3391 879 3445 inveterata
906 3396 1099 3441 curatu
1130 3384 1391 3445 (liliicilis,
1439 3383 1523 3439 vel
1559 3383 1786 3437 omnino
1823 3380 2148 3435 insanabilis

573 3479 750 3536 evasit
786 3496 798 3531 :
831 3486 886 3531 et
928 3476 1148 3546 quoties
1175 3483 1227 3528 te
1258 3472 1556 3542 aliquando
1595 3470 1909 3542 pmnitebit,
1953 3469 2149 3523 anima:

573 3582 684 3627 tua:
721 3569 931 3641 apertis
965 3567 1164 3630 oculis,
1189 3581 1313 3620 cum
1342 3565 1445 3620 hac
1468 3563 1581 3618 vita
1610 3562 1904 3617 defunctus
1951 3559 2144 3623 fueris,

572 3674 630 3719 et
659 3662 876 3717 videbis
902 3657 1181 3729 quomodo
1206 3657 1297 3727 qui
1335 3657 1556 3712 Christo
1602 3670 1715 3709 non
1765 3653 2145 3718 crediderunt,

570 3755 959 3825 corripiuntur
984 3761 1039 3807 et
1065 3749 1230 3823 634
1255 3747 1622 3820 judicantur?

644 3843 850 3900 HERB.
884 3843 1063 3897 Moses
1090 3841 1252 3895 nobis
1296 3839 1354 3893 in
1393 3836 1775 3893 Pentateucho
1830 3832 2146 3899 denuntiat,

573 3937 768 3991 dicens
795 3954 808 3989 :
847 3933 964 3989 Scio
997 3949 1113 4003 ego,
1142 3931 1343 4001 inquit,
1369 3929 1510 4000 quod
1547 3930 1602 3982 in
1630 3928 1874 3983 extremis
1897 3927 2148 3996 tempori-

572 4030 743 4085 busiu
779 4042 959 4082 omnes
987 4038 1166 4097 gentes
1205 4023 1615 4093 dissipabimini.
1662 4021 1811 4075 Vobis
1851 4021 2016 4091 igitur
2074 4026 2152 4070 te-

572 4118 778 4188 stiﬁcor
799 4115 1007 4180 caelum,
1037 4114 1174 4185 quod
1208 4122 1283 4166 est
1310 4113 1480 4176 hodie,
1513 4122 1562 4164 et
1596 4112 1768 4180 ipsam
1832 4119 2053 4170 terram,
2087 4124 2152 4161 ne

574 4213 672 4266 deo
715 4209 891 4264 alieno
944 4207 1102 4275 ﬁdem
1154 4205 1412 4268 habeatis,
1451 4219 1616 4273 neque
1676 4201 1924 4256 invocatis
1957 4199 2148 4262 alium,

2242 1974 2485 2027 ἄπιστοι.
2519 1971 2841 2041 Προσέχεις,
2874 1970 3098 2041 Ἐρόᾶν,
3128 1970 3252 2022 τίνα
3270 1969 3419 2037 λέγει
3442 1970 3471 2022 ὁ
3499 1970 3827 2041 προφήτηςς

2241 2068 2310 2121 Τί
2338 2062 2432 2119 οὖν
2467 2066 2614 2137 ἐρεῖς
2657 2062 2797 2134 πρὸς
2847 2062 3055 2127 ταῦτα;
3107 2060 3200 2132 Μὴ
3232 2060 3342 2130 ἄρα
3378 2059 3636 2130 ψεύδεται
3678 2060 3713 2114 ὁ
3757 2059 3831 2114 ἐκ

2243 2158 2516 2226 στόματος
2550 2153 2686 2208 Θεοῦ
2708 2153 2952 2225 λαλήσας
2979 2152 3187 2219 ταῦτα;

2313 2249 2424 2302 Καὶ
2468 2249 2510 2300 0
2555 2246 2806 2300 EPBAN.
2843 2246 2938 2317 Μὴ
2994 2246 3225 2315 γένοιτο.
3268 2244 3456 2309 Οῦτως
3482 2244 3592 2315 γὰρ
3614 2242 3769 2311 λέγει
3798 2243 3830 2296 ό

2243 2341 2535 2412 προφήτης
2569 2337 2693 2392 καθ’
2730 2337 2789 2391 ὃν
2822 2339 3026 2409 τρόπον
3070 2338 3403 2409 λελάληκας.
3446 2335 3610 2390 Ἀλλά
3653 2334 3828 2401 δοκῶ,

2247 2434 2418 2502 μήπω
2449 2431 2661 2483 ἐκεῖνον
2678 2427 3018 2498 ἐληλυθέναι,
3053 2431 3273 2492 πάντως
3299 2429 3357 2482 δὲ
3386 2426 3668 2481 ἐλεύσεται
3701 2425 3826 2497 ἰδίῳ

2251 2522 2451 2595 καιρῷ.

2312 2621 2423 2674 Καὶ
2459 2623 2500 2675 Ο
2529 2620 2750 2675 ΑΓΙΟΣ.
2783 2618 3010 2680 Ἔοικας
3036 2615 3157 2683 ὕφει
3198 2613 3327 2675 τινὶ,
3363 2609 3832 2682 καταδιωκομένιρ

2243 2712 2350 2765 ὑπό
2391 2729 2560 2775 τινος,
2608 2711 2705 2764 καὶ
2738 2707 3085 2777 τυπτομένῳ,
3115 2704 3175 2766 ὃς
3206 2703 3314 2756 πᾶν
3348 2701 3411 2755 τὸ
3460 2701 3622 2771 σῶμα
3650 2715 3831 2771 προσ.

2245 2805 2360 2868 θεὶς
2391 2803 2471 2874 τῷ
2500 2803 2781 2862 τύπτοντι,
2813 2799 2915 2870 τὴν
2949 2795 3192 2868 πονηρὰν
3227 2792 3467 2864 κεφαλὴν
3505 2791 3565 2844 οὐ
3599 2789 3833 2844 δύναται

2247 2895 2544 2967 προδοῦναι
2577 2895 2659 2959 είς
2688 2893 2921 2948 θάνατον
2939 2905 2952 2919 ’
2988 2887 3134 2941 τοῦτ’
3164 2887 3305 2951 ἐστι,
3333 2887 3434 2958 τὴν
3458 2883 3833 2938 κακοπιστίαν

2246 2988 2342 3040 καὶ
2367 2985 2469 3056 τὴν
2496 2984 2593 3037 τοῦ
2628 2978 2952 3053 μονογενοῦς
2981 2975 3112 3030 Υίοῦ
3148 2974 3285 3029 Θεοῦ
3316 2972 3565 3043 ἄρνησιν.
3591 2968 3688 3040 Μὴ
3717 2968 3831 3043 γὰρ

2246 3081 2349 3134 οὐκ
2398 3079 2723 3148 ἐπίσταμαι,
2758 3075 2841 3128 ὅτι
2892 3069 3143 3125 πείθουσί
3184 3085 3243 3122 σε
3283 3068 3340 3120 αἱ
3377 3061 3681 3127 ἀποδείξεις
3715 3061 3834 3115 τῶν

2248 3171 2581 3245 προφητῶν·
2609 3167 2726 3223 ἀλλ’
2753 3167 2816 3219 οὐ
2854 3164 3035 3236 βούλει
3070 3161 3244 3215 ἐλθεῖν
3274 3160 3368 3212 ἐπὶ
3396 3156 3494 3229 τὴν
3536 3153 3830 3227 ἀλήθειαν.

2245 3266 2439 3338 Χρόνῳ
2474 3265 2586 3335 γὰρ
2618 3260 2766 3331 κακὴ
2798 3257 3061 3327 συνήθεια
3094 3252 3452 3326 βεϐαιωθεῖσα
3477 3250 3535 3302 ὲν
3572 3248 3678 3314 σοὶ,
3699 3248 3836 3302 δυσ-

2250 3359 2396 3421 ίατος
2449 3355 2718 3425 ἐγεγόνει,
2773 3350 2807 3421 ἢ
2856 3349 2952 3402 καὶ
3022 3344 3372 3401 παντάπασιν
3429 3340 3681 3404 ἀνίατοςν
3730 3340 3836 3394 καὶ

2245 3451 2420 3504 ὁπόσα
2454 3444 2908 3519 μεταμεληθήσῃ,
2939 3439 3321 3508 διανοιγέντων
3367 3435 3474 3489 τῶν
3526 3431 3837 3503 ὀφθαλμῶν

2246 3546 2346 3615 τῆς
2380 3543 2562 3613 ψυχῆς
2600 3558 2722 3603 σου,
2754 3537 2959 3591 ὁπόταν
3009 3533 3240 3604 ὲκλείψῃ
3271 3529 3366 3583 τοῦ
3396 3529 3524 3601 τῇδε
3554 3527 3695 3598 βίου,
3729 3525 3839 3582 καὶ

2251 3637 2446 3709 βλέψῃ,
2484 3634 2604 3697 πῶς
2637 3634 2687 3686 οί
2720 3630 2796 3703 μὴ
2834 3628 2914 3700 τῷ
2945 3625 3168 3698 Χριστῷ
3201 3622 3596 3683 πιστεύσαντες
3641 3633 3835 3689 παρα·-
3866 3670 3879 3679 ,

2248 3731 2624 3801 λαμϐάνονται
2656 3725 2753 3778 καὶ
2784 3719 3263 3784 καταδικάζονται.

2322 3820 2572 3875 EPBAN.
2607 3813 2854 3884 Μωῦσῆς
2877 3815 3013 3883 ἡμῖν
3039 3812 3098 3864 ὲν
3133 3811 3195 3880 τῇ
3223 3803 3583 3875 Πεντατεύχῳ
3611 3817 3839 3872 rapa?-

2250 3914 2431 3984 γέλλει
2481 3912 2685 3980 λέγων’
2756 3908 3113 3976 Ἐπίσταμαι
3176 3901 3311 3972 ἐγὼ,
3366 3898 3552 3970 φησὶν,
3601 3894 3692 3948 ὅτι
3733 3892 3837 3946 ἐπ’

2249 4004 2528 4075 ἐσχάτων
2582 4003 2702 4055 τῶν
2726 4001 2982 4070 ’χρόνων
3028 3988 3691 4085 1,διιισκορετισινίιξονειζθε

2252 4098 2403 4153 πᾶσι
2424 4095 2552 4161 τοῖς
2583 4095 2813 4150 ἔθνεσι.
2851 4075 3324 4159 Διαμαρτύρομαι
3375 4078 3487 4136 οὖν
3516 4077 3680 4151 ὑμῖν,
3711 4075 3836 4130 τὸν

2252 4187 2538 4258 οὐρανὸν,
2580 4186 2648 4251 ὅς
2678 4185 2810 4239 ἐστι
2845 4182 3136 4251 σήμερον,
3170 4177 3267 4232 καὶ
3315 4173 3513 4241 αὐτὴν
3532 4168 3648 4238 τὴν
3683 4165 3837 4239 γῆν.

575 4319 738 4377 quam
757 4300 1046 4357 Dominum
1072 4297 1241 4352 Deum
1264 4305 1503 4350 uasti-um
1523 4295 1590 4349 ⁸⁸.
1618 4293 1988 4361 Quamobrem
2013 4291 2144 4345 mihi

2247 4282 2334 4353 μὴ
2385 4278 2710 4347 πεισθῆναι
2765 4275 2878 4342 θεῷ
2920 4273 3099 4343 ἑτέρῳ
3144 4265 3588 4334 ὐποκληθῆναι,
3635 4259 3839 4377 παρὲξ

576 4351 969 4377 -ιπ--η---τ-ηη
997 4351 1019 4353 η
1076 4351 1079 4352 ν
1629 4351 1663 4361 η

574 4412 739 4471 grave
769 4403 855 4450 est
879 4402 935 4447 et
965 4391 1228 4447 acerbum
1258 4390 1430 4444 Deum
1482 4388 1621 4458 legis
1650 4387 1931 4450 deserere,
1986 4399 2144 4454 quem

2249 4351 2479 4443 κυρίου
2531 4372 2639 4426 τοῦ
2690 4370 2842 4425 Θεοῦ
2904 4365 3095 4437 ἡμῶν.
3128 4361 3340 4417 Οὐκοῦν
3384 4356 3522 4430 βαρύ
3572 4371 3663 4426 μοι
3709 4351 3840 4471 to?!

574 4445 744 4542 Etiam
777 4493 836 4539 tu
859 4489 1082 4538 testaris
1112 4482 1282 4536 Deum
1308 4495 1431 4534 esse
1460 4478 1734 4543 veritatis,
1764 4485 1820 4532 et
1859 4477 2033 4530 Deum
2060 4475 2144 4546 ju-

2252 4467 2579 4524 καταλιπεῖν
2601 4464 2690 4518 τὸν
2713 4463 2847 4516 Θεὸν
2866 4459 2962 4514 τοῦ
2988 4456 3184 4528 νόμου,
3206 4454 3266 4507 ὃν
3288 4453 3385 4506 καὶ
3399 4450 3479 4504 -σὺ
3508 4445 3839 4519 μαρτυρεῖς,

575 4580 791 4636 niorem
838 4576 1092 4637 adorare,
1132 4589 1259 4629 eum
1312 4571 1557 4626 nesciam
1592 4571 1742 4625 unde
1797 4568 2144 4623 introductus

2255 4563 2340 4616 ὅτι
2372 4559 2488 4613 ἐστὶ
2516 4557 2650 4620 Θεὸς
2680 4552 2965 4625 ἀληθείας·
2997 4549 3094 4604 καὶ
3123 4543 3503 4616 προσκυνῆσαι
3544 4537 3664 4607 Θεῷ
3694 4553 3841 4590 νεω-

576 4674 668 4728 sit.
713 4670 850 4738 Quis
878 4668 1029 4724 enim
1080 4675 1165 4722 est
1216 4665 1312 4737 qui
1352 4665 1488 4719 mihi
1539 4662 1758 4733 plenam
1815 4669 1871 4716 et
1903 4669 2144 4715 exactam

2255 4655 2403 4724 τέρῳ
2439 4651 2606 4705 πόθεν
2665 4643 3057 4715 ὲπεισαχθέντι
3090 4641 3191 4703 οὐκ
3215 4636 3392 4700 εἰδώς.
3423 4634 3521 4696 Τίς
3544 4631 3653 4701 γάρ
3679 4632 3842 4684 ἐστιν

2254 4747 2284 4800 ό
2324 4722 2704 4813 ήπληροφορῶν
2740 4755 2850 4807 μοι,
2887 4736 2972 4789 ὅτι
3024 4735 3082 4786 ὲν
3131 4728 3363 4800 ἀληθείᾳ
3415 4725 3579 4788 αὐτός
3626 4724 3776 4813 εστιν
3809 4722 3847 4776 ὅ

2257 4812 2516 4907 Χριστος,
2544 4832 2674 4902 περὶ
2702 4826 2765 4885 οἶ)
2794 4828 2890 4883 καὶ
2928 4828 2984 4881 αἱ
3021 4823 3354 4896 προφητεῖαι
3383 4814 3605 4878 δικαίως
3636 4812 3844 4907 λέγου-

2261 4903 2368 4990 σιν,
2400 4927 2433 4998 ἢ
2472 4923 2673 4996 μᾶλλον
2710 4921 2902 4991 ἕτερός
2927 4920 3011 4983 τίς
3032 4920 3172 4980 ἐστι,
3201 4912 3388 4984 ἀκμὴν
3419 4910 3518 4963 οὐκ
3537 4903 3843 4978 ἐληλυθώςς

2331 5019 2442 5074 Καὶ
2475 5019 2516 5070 Ο
2538 5014 2758 5070 ΑΓΙΟΣ.
2794 5013 2967 5066 Ὅταν
3004 5011 3117 5073 τοῖς
3147 5008 3260 5069 σοῖς
3310 5003 3620 5075 προφήταις
3652 4998 3715 5051 οὐ
3742 5015 3847 5051 πι-

2262 5110 2499 5175 στεύεις,
2548 5107 2666 5168 πῶς
2709 5104 2880 5174 ἑτέρῳ
2917 5102 3025 5155 τινὶ
3068 5098 3411 5162 πιστεύσεις;
3456 5093 3516 5146 '0
3569 5091 3680 5161 γὰρ
3723 5091 3850 5153 τοῖς

2260 5200 2456 5258 ἑαυτοῦ
2482 5198 2782 5268 ὀφθαλμοῖς
2805 5192 3237 5263 ἐναντιούμενος,
3265 5189 3383 5252 πῶς
3408 5185 3595 5256 ἐτέρου
3618 5183 3848 5254 διηγου-

2265 5296 2425 5367 μένου
2452 5288 2851 5363 παραδέξεται;
2882 5287 3129 5357 Εῐρηκας
3157 5283 3214 5337 δὲ
3245 5280 3375 5352 περὶ
3410 5276 3503 5332 τοῦ
3535 5274 3673 5367 ἐμοῦ
3700 5274 3850 5367 Χρι-

2265 5387 2391 5442 στοῦ
2420 5387 2516 5439 καὶ
2538 5385 2698 5451 Θεοῦ,
2724 5384 2806 5437 ὅτι
2823 5381 3075 5452 νεωτέρῳ
3090 5375 3211 5447 Θεῷ
3230 5369 3475 5428 ἀδυνατῶ
3498 5366 3593 5422 τοῦ
3616 5364 3851 5419 πιστεῦ-

2264 5499 2373 5545 σαι,
2406 5478 2521 5542 καὶ,
2548 5473 2724 5548 οἶμαι,
2770 5475 2890 5537 ὅλος
2909 5473 3134 5534 σκότους
3165 5464 3441 5538 ὲπλήσθης
3465 5458 3640 5515 ταῦτα
3668 5458 3848 5526 φθεγ-

2264 5573 2519 5644 ξάμενος.
2567 5568 2674 5622 Τὸν
2706 5565 2816 5637 γὰρ
2866 5565 3040 5634 Λόγον
3080 5561 3178 5617 τοῦ
3216 5557 3354 5615 Θεοῦ
3391 5555 3486 5612 καὶ
3519 5549 3740 5624 Πατρὸς
3776 5548 3849 5602 σὺ

575 4766 741 4821 ﬁdem
772 4763 959 4828 faciat,
1012 4759 1163 4831 quod
1213 4773 1345 4813 vere
1395 4757 1489 4811 hic
1522 4764 1607 4810 est
1632 4753 1909 4816 Christus,
1945 4751 2013 4807 de
2044 4767 2154 4821 quo

575 4855 975 4926 prophetarum
1031 4848 1256 4905 oracula
1305 4848 1458 4918 juste
1518 4853 1575 4899 et
1620 4859 1752 4899 vere
1794 4843 2152 4912 loquuntur:

575 4963 648 5001 an
680 4945 870 5015 potius
891 4944 1032 4998 alius
1062 4940 1287 5012 quidam
1322 4948 1431 5003 est,
1464 4937 1559 5007 qui
1582 4935 1828 4991 nondum
1849 4933 2048 4987 venit?

535 5066 543 5083 ι
648 5037 707 5092 S.
750 5033 955 5092 ARCH.
1005 5031 1467 5101 Quandoquidem
1535 5028 1644 5082 tuis
1706 5024 1997 5097 prophetis
2045 5040 2156 5079 non

578 5126 786 5193 credis,
837 5125 1117 5196 quomodo
1160 5122 1322 5177 alteri
1353 5120 1515 5175 ﬁdem
1549 5119 1808 5174 habetis?
1855 5117 1961 5184 Qui
2008 5116 2156 5171 enim

580 5218 698 5275 suis
720 5217 898 5273 oculis
922 5216 1306 5277 adversantur,
1334 5211 1612 5284 quomodo
1644 5210 1875 5265 alterius
1907 5224 2149 5279 praeeun-

583 5312 656 5366 tis
710 5310 903 5364 oculos
940 5307 1304 5377 approbabit?
1362 5306 1437 5360 De
1494 5320 1618 5359 meo
1674 5302 1897 5358 Christo
1945 5308 2001 5355 et
2047 5300 2159 5355 Deo

582 5395 773 5453 dixisti
807 5404 861 5451 te
895 5411 1010 5451 non
1042 5410 1202 5465 posse
1232 5393 1427 5448 adduci
1459 5402 1518 5448 ut
1541 5391 1747 5464 juniori
1776 5392 1889 5446 Deo
1916 5390 2113 5445 credas
2143 5409 2154 5443 :

582 5503 647 5548 ut
675 5506 824 5553 reor,
875 5489 1124 5545 tenebris
1155 5488 1355 5558 plenus
1404 5502 1551 5553 eras,
1601 5501 1727 5541 cum
1780 5484 1897 5540 haec
1942 5483 2153 5539 dixisti.

580 5580 826 5639 Verbum
859 5579 954 5637 Dei
982 5590 1037 5637 et
1064 5580 1263 5644 Patris,
1294 5587 1354 5633 tu
1374 5579 1654 5650 juniorem
1681 5578 1854 5633 Deum
1882 5576 2157 5647 appellas?

651 5698 697 5731 ⁸⁷
723 5697 831 5754 lsa.
858 5713 980 5765 τιν,
1022 5696 1193 5752 14-16
1221 5709 1333 5752 sec.
1365 5693 1530 5749 LXX.
1607 5693 1651 5727 ⁵⁸
1682 5693 1842 5750 Deut.
1877 5709 1953 5763 ιν,
1987 5691 2077 5747 26.

2090 5757 2322 5816 NOTIE.

550 5824 553 5827 ’
654 5837 1093 5913 (1)Προσκ.σε.
1134 5838 1339 5908 Προςκ.
1378 5849 1485 5891 σοι.
1528 5832 1733 5889 ϐυιοιι.
