4088 6546
349 419 458 485 713

1284 422 1743 485 DISPUTATIO
1774 424 1935 485 CUM
1973 426 2335 488 HERBANO
2368 428 2651 490 JUD/EO.

3497 430 3605 494 7M

350 529 617 598 νεώτερον
650 527 786 585 Θεὸν
803 526 1119 616 ἀποκαλεῖς,
1145 529 1236 585 τὸν
1264 531 1330 584 ὲκ
1354 530 1568 602 Πατρὸς
1588 531 1696 603 πρὸ
1717 530 1927 587 αἰώνων

2040 535 2283 605 eumqui
2336 550 2404 590 ex
2456 537 2620 592 Patre
2677 539 2896 609 genitus
2922 548 3009 596 est
3056 548 3186 598 ante
3243 543 3467 610 saecula,
3506 560 3608 616 per

351 621 706 692 γεννηθέντα,
739 620 807 674 δι’
833 615 895 673 οὗ
927 622 957 674 ὁ
981 620 1215 693 οὐρανὸς
1248 622 1343 676 καὶ
1366 623 1400 694 ή
1428 622 1501 694 γῆ
1530 622 1931 695 δεδημιούργη-

350 730 462 777 ται,
488 713 582 765 καὶ
612 710 792 764 πάντα
823 712 892 765 τὰ
917 714 975 765 ὲν
1010 712 1228 779 αύτοῖς;
1264 711 1434 777 Δείξω
1488 729 1569 765 σοι
1598 712 1656 765 δὲ
1710 714 1794 767 ὅτι
1819 731 1929 783 χω-

352 805 440 875 ρὶς
465 803 560 857 τοῦ
578 802 841 873 νεωτέρου
858 801 1010 855 τοῦδε
1031 801 1189 867 Θεοῦ,
1209 801 1285 865 ὡς
1310 803 1375 855 σὺ
1403 802 1529 874 φὴς,
1556 802 1610 855 τί
1627 803 1747 856 ποτ’
1761 799 1856 857 οὖν
1867 803 1929 857 ού

350 894 754 966 κατεργάζεται
775 896 803 947 ὁ
825 893 958 957 Θεὸς
981 893 1074 946 καὶ
1090 894 1301 966 Πατήρ.
1333 894 1575 964 Πρόσεχε
1593 892 1649 947 δὲ
1663 893 1929 965 ἀκριϐῶςο

363 986 493 1040 Ἐάν
545 1003 632 1049 τις
666 984 953 1057 ἄνθρωπος
982 985 1261 1055 βασιλεὺς,
1297 984 1331 1056 ἢ
1360 985 1541 1053 ἄλλος,
1597 985 1672 1057 μὴ
1707 986 1770 1040 τὸ
1802 986 1932 1040 καθ-

348 1078 475 1131 όλου
503 1074 837 1147 φθέγξασθαι
858 1075 1176 1147 δυνάμενος,
1205 1076 1343 1148 ποίῳ
1369 1077 1560 1149 τρόπῳ
1581 1076 1696 1144 ἕξει
1722 1077 1793 1131 τὰ
1817 1078 1931 1132 δια-

350 1170 611 1239 τάγματα
635 1169 802 1224 αὕτοῦ
843 1167 923 1239 τῷ
966 1166 1131 1240 κοινῷ
1157 1168 1254 1222 καὶ
1305 1171 1374 1241 τῇ
1417 1169 1709 1242 συγκλήτῳ
1739 1170 1931 1241 διηγή-

356 1262 576 1326 σασθαι,
598 1263 747 1325 ὅπως
777 1262 940 1316 αὑτὸν
974 1260 1424 1333 θεραπεύσωσινς

424 1354 672 1409 ΕΡΒΑΝ.
708 1354 918 1417 Ὄντως
939 1352 1138 1419 οὐδενὶ,
1167 1354 1217 1406 εἰ
1243 1351 1320 1423 μὴ
1347 1352 1639 1406 ἐπίσταται
1671 1351 1931 1414 πολλάκις

352 1448 684 1519 γράμματα,
719 1446 815 1499 καὶ
854 1444 1172 1508 σιωπῶντος
1214 1444 1310 1498 τοῦ
1351 1444 1640 1515 στόματος,
1670 1444 1931 1516 χαράττει

352 1544 413 1594 ὲν
443 1539 521 1610 τῷ
557 1539 714 1610 τόμῳ
734 1536 805 1591 τὰ
845 1538 1071 1609 ῥήματα
1099 1535 1292 1602 αὑτοῦ,
1316 1536 1411 1591 καὶ
1440 1532 1705 1608 παρέχει,
1721 1536 1817 1590 καὶ
1847 1536 1933 1605 γί-

353 1652 561 1690 νονται.

426 1730 536 1782 Καὶ
569 1728 611 1779 0
644 1725 861 1779 ΑΓΙΟΣ.
900 1722 1027 1778 Ἐὰν
1060 1723 1117 1778 δὲ
1159 1723 1236 1796 μὴ
1270 1723 1558 1777 ἐπίσταται
1603 1706 1929 1795 γράμματα,

352 1823 407 1877 τί
437 1822 681 1889 γίνεται;

2030 641 2197 695 quem
2240 630 2441 683 calum
2499 638 2557 685 et
2602 639 2769 698 terra,
2802 641 2859 687 et
2886 636 3071 688 omnia
3098 649 3222 704 quae
3266 634 3322 689 in
3352 637 3435 691 eis
3453 647 3606 701 sunt,

2030 717 2175 775 facta
2209 730 2342 774 sunt
2367 728 2426 776 et
2468 724 2768 777 constant?
2801 722 2925 778 Tibi
2986 737 3172 783 autem
3214 725 3611 781 demonstrabo

2032 811 2203 866 Deum
2238 813 2460 868 Patrem
2489 814 2630 868 nihil
2659 815 2962 886 quidquam
2997 817 3214 887 operari
3239 816 3360 872 sine
3392 818 3497 872 hoc
3517 818 3609 888 ju-

2030 906 2189 960 niore
2204 903 2340 969 Deo,
2364 919 2527 975 quem
2558 906 2638 961 sic
2658 915 2715 962 tu
2734 909 3001 978 appellas.
3030 909 3268 964 Attende
3293 910 3608 981 diligenter.

1991 1015 1999 1022 ·
2032 994 2090 1050 Si
2136 996 2262 1065 quis
2312 995 2424 1066 (sit)
2472 996 2641 1051 homo
2674 1013 2792 1065 rex,
2825 1001 2914 1055 vel
2961 1001 3104 1056 alius
3130 1001 3225 1071 qui
3249 1001 3405 1056 nullo
3444 1000 3612 1056 modo

2030 1088 2136 1144 fari
2168 1090 2381 1161 possit;
2418 1090 2700 1161 quomodo
2744 1105 2846 1146 sua
2899 1091 3081 1147 edicta
3107 1101 3168 1147 et
3200 1093 3459 1147 mandata
3501 1091 3613 1147 rei-

2031 1176 2266 1248 publicae
2289 1187 2346 1232 et
2374 1177 2593 1233 senatui
2618 1177 2826 1248 poterit
2868 1193 3170 1249 exponere,
3200 1187 3261 1233 ut
3290 1179 3474 1249 ipsum
3516 1192 3613 1233 cu-

2032 1269 2193 1325 rent?

2102 1359 2307 1416 HERB.
2361 1360 2527 1416 Nullo
2576 1372 2771 1415 revera
2810 1359 2996 1426 modo,
3048 1361 3156 1415 nisi
3206 1360 3423 1416 litteras
3454 1375 3602 1430 saepe

2032 1454 2171 1507 sciat
2202 1453 2470 1516 scribere,
2506 1461 2564 1507 et
2598 1453 2766 1508 tacito
2811 1465 2908 1508 ore
2956 1454 3014 1507 in
3073 1453 3265 1508 charta
3306 1454 3477 1509 verba
3511 1468 3612 1509 sua

2031 1554 2238 1611 exaret,
2265 1552 2323 1600 et
2345 1546 2611 1616 prazbeat,
2651 1554 2709 1600 et
2739 1545 2897 1600 ﬁant.

2101 1730 2159 1785 S.
2189 1727 2395 1785 ARCH.
2430 1728 2588 1796 Quod
2614 1729 2660 1783 si
2695 1728 2915 1785 litteras
2949 1730 3188 1799 nesciat,
3217 1730 3353 1800 quid
3373 1730 3505 1786 fiet?

428 1886 674 1967 SPBAN.
719 1911 845 1965 Ἐὰν
907 1908 983 1981 μὴ
1050 1910 1367 1976 ἐπίσταται,
1445 1908 1599 1979 μένει
1654 1905 1934 1969 παντελῶς

2106 1907 2312 1963 HERB.
2350 1908 2409 1964 Si
2434 1908 2652 1978 ignoret
2676 1908 2912 1973 litteras,
2946 1916 3134 1963 manet
3177 1923 3405 1979 prorsus
3431 1908 3605 1975 iners,

354 2005 740 2074 ἀνενέργητος.
1256 2042 1259 2043 ν

331 2166 336 2171 ι
428 2098 537 2151 Ka‘.
560 2098 601 2150 Ο
624 2097 843 2150 ᾹΙἾυΣ.
886 2095 947 2153 '0
976 2095 1110 2158 Θεὸς
1133 2087 1227 2147 οῦν
1254 2090 1336 2162 τῷ
1368 2090 1528 2161 Λόγῳ
1557 2088 1723 2144 αὐτοῦ
1745 2088 1935 2159 φαίνε-

354 2207 446 2243 ται
470 2189 639 2242 ποιῶν
663 2188 861 2252 πάντα,
895 2188 929 2260 ἢ
964 2189 1143 2258 σιωπῇ
1173 2203 1283 2240 τινι
1318 2186 1411 2238 καὶ
1435 2184 1718 2254 ἐπιστήμῃ

426 2280 671 2335 EPBAN.
702 2280 791 2350 Τῷ
830 2279 975 2351 λόγῳ
1008 2278 1197 2346 αὐτοῦ,
1227 2276 1325 2332 καὶ
1352 2274 1430 2347 τῷ
1457 2274 1861 2346 προστάγματι.

428 2375 603 2429 Καὶο
632 2373 850 2428 ΑΓΙΟΣ.
884 2373 1226 2444 Γέγραπται,
1284 2370 1365 2422 ὃτι
1402 2366 1485 2434 Τῷ
1510 2370 1678 2436 Λόγῳ
1715 2364 1935 2433 Κυρίου

354 2467 413 2520 oi
436 2464 679 2532 οὐρανοὶ
708 2461 1187 2532 ἐστερεώθησαν,
1215 2459 1315 2514 καὶ
1357 2459 1438 2525 τῷ
1480 2458 1781 2526 Πνεύματι
1829 2454 1937 2509 τοῦ

352 2559 657 2628 στόματος
694 2556 881 2611 αὑτοῦ
911 2553 1080 2611 πᾶσα
1110 2554 1151 2624 ἡ
1197 2553 1452 2622 δύναμις
1481 2550 1669 2607 αὑτοῦ
1707 2549 1813 2621 (εγ
1842 2547 1937 2602 καὶ

353 2652 427 2706 τὰ
452 2652 600 2722 ἑξῆς.
636 2650 840 2704 Τοῦτον
868 2648 926 2703 δὲ
953 2648 1047 2702 τὸν
1075 2647 1247 2715 Λόγον
1275 2645 1606 2713 εὑρίσκομεν
1630 2644 1813 2713 ἡμεῖς,
1848 2638 1936 2694 ἐπ’

354 2744 604 2814 ἐσχάτων
648 2740 760 2794 τῶν
783 2737 1006 2811 ἡμερῶν
1028 2740 1093 2791 ὲκ
1128 2736 1445 2805 σπέρματος
1483 2731 1646 2784 Δαϐιδ
1666 2728 1939 2799 ὲνανθρω-

356 2837 631 2905 πήσαντα,
654 2831 745 2887 διὰ
784 2830 885 2903 τὴν
916 2828 1192 2899 σωτηρίαν
1220 2824 1318 2895 τὴν
1341 2823 1642 2895 ἡμετέραν,
1671 2822 1766 2875 ita).
1792 2836 1937 2889 γνω-

359 2927 585 2998 ρίζομεν
609 2924 773 2979 αὑτὸν
798 2922 895 2976 ἕνα
925 2920 1059 2973 Θεὸν
1082 2920 1181 2972 σὺν
1205 2916 1282 2987 τῷ
1307 2916 1487 2986 Πατρὶ
1511 2913 1604 2967 καὶ
1632 2910 1935 2981 Πνεύματι,

356 3020 453 3073 καὶ
484 3016 817 3087 πιστεύομεν
847 3014 927 3077 είς
950 3010 1135 3064 αὐτόν.
1161 3009 1234 3061 Σὺ
1261 3002 1353 3061 οῦν
1376 3004 1495 3069 πῶς
1520 3004 1751 3076 εἴρηκας
1774 2998 1937 3053 αὑτὸν

356 3109 493 3164 Θεὸν
524 3102 664 3161 εἶναι
711 3103 997 3173 νεώτερον,
1026 3094 1088 3155 οῦ
1115 3098 1286 3171 χωρὶς
1310 3098 1339 3149 ὁ
1362 3096 1494 3158 Θεὸς
1540 3094 1631 3148 xal.
1664 3090 1857 3161 Πατὴρ
1884 3088 1937 3140 τί

2036 2016 2139 2057 nec
2163 2001 2468 2071 quidquam
2497 2009 2680 2070 potest
2698 1999 2938 2055 efficere.

2110 2092 2168 2147 S.
2192 2091 2403 2147 ARCH.
2441 2092 2527 2146 An
2549 2107 2685 2147 vero
2710 2092 2858 2147 Deus
2901 2106 3005 2146 suo
3032 2092 3220 2147 Verbo
3265 2092 3490 2149 videtur
3524 2091 3610 2148 fa-

2034 2200 2162 2241 cere
2186 2184 2393 2249 omnia,
2419 2199 2489 2239 an
2524 2184 2745 2239 silentio
2771 2184 3008 2254 quodam
3029 2193 3087 2240 et
3112 2184 3384 2240 scientia?
3442 2204 3445 2207 ·

2106 2275 2311 2331 HERB.
2338 2276 2519 2330 Verbo
2541 2290 2663 2338 suo,
2691 2283 2748 2330 et
2774 2274 3055 2331 mandato.

2107 2368 2165 2423 S.
2202 2366 2412 2422 ARCH.
2469 2366 2749 2436 Scriptum
2808 2376 2915 2433 est,
2973 2366 3123 2437 quod
3179 2368 3342 2422 Verbo
3400 2368 3614 2424 Domini

2036 2458 2150 2511 cali
2172 2457 2379 2526 ﬁrmati
2426 2464 2573 2522 sunt,
2608 2465 2661 2510 et
2683 2454 2887 2527 Spiritu
2916 2457 3024 2511 oris
3059 2457 3177 2528 ejus
3227 2460 3400 2513 omnis
3448 2461 3614 2515 uirtus

2036 2565 2219 2604 eorum
2239 2551 2309 2616 ⁸³,
2335 2557 2392 2604 et
2416 2558 2634 2604 caetera.
2668 2549 2785 2605 Hoc
2813 2556 2998 2604 autem
3016 2550 3257 2605 Verbum
3281 2566 3383 2606 nos
3401 2551 3617 2607 inveni-

2038 2656 2182 2707 mus,
2218 2642 2274 2695 in
2295 2641 2558 2697 extremis
2584 2640 2783 2696 diebus
2810 2656 2880 2696 ex
2899 2641 3113 2697 semine
3138 2642 3366 2699 Davidis
3427 2644 3614 2699 homi-

2036 2752 2164 2792 nem
2214 2736 2423 2791 factum
2459 2744 2689 2805 propter
2721 2735 2955 2790 salutem
3005 2746 3273 2803 nostram,
3317 2746 3374 2793 et
3407 2754 3616 2810 cogno-

2038 2828 2246 2883 scimus
2279 2826 2461 2896 ipsum
2492 2841 2667 2880 unum
2704 2826 2877 2881 Deum
2912 2841 3041 2880 cum
3072 2827 3233 2882 Patre
3265 2836 3321 2883 et
3376 2830 3613 2900 Spiritu,

2036 2928 2094 2973 ct
2138 2916 2418 2973 credimus
2453 2917 2509 2971 in
2557 2916 2757 2986 ipsum.
2817 2917 2900 2971 Tu
2956 2917 3129 2988 igitur
3154 2922 3435 2989 quomodo
3473 2923 3616 2978 dicis

2037 3024 2165 3064 eum
2211 3009 2386 3075 Deum
2416 3009 2697 3079 iuniorem
2742 3023 2885 3075 esse,
2920 3010 3042 3064 sine
3096 3026 3209 3079 quo
3255 3011 3400 3068 Deus
3454 3015 3620 3070 Pater

2038 3114 2344 3169 numquam
2374 3099 2676 3169 quidquam
2703 3100 3012 3168 operatur?
3041 3100 3187 3155 Tace
3226 3117 3384 3173 ergo,
3421 3112 3479 3159 et
3499 3104 3618 3160 noli

360 3200 482 3256 ποτ’
508 3195 600 3254 οὖν
641 3194 975 3269 ἐργάζεσθαι
1013 3194 1075 3247 ού
1111 3193 1353 3261 πέφυκες
1389 3186 1579 3241 Σιώπα
1615 3184 1813 3247 τοίνυν,
1843 3181 1937 3235 καὶ

2041 3192 2237 3263 impias
2285 3199 2344 3247 et
2400 3189 2653 3245 infandas
2685 3190 3049 3248 contumelias
3081 3207 3363 3261 evomere,
3395 3196 3620 3251 tametsi

362 3292 443 3365 μὴ
475 3290 810 3362 βλασφήμει,
834 3286 940 3340 κᾶν
972 3286 1096 3339 ἐπεὶ
1125 3284 1200 3353 (5)
1224 3283 1285 3337 ού
1313 3280 1591 3343 πιστεύεις
1636 3278 1719 3341 εἱς
1748 3275 1933 3330 αὐτόν.

435 3380 682 3435 EPBAN.
734 3376 846 3432 Καὶ
880 3378 1031 3439 ποῖος
1096 3374 1389 3447 προφήτης
1442 3364 1802 3440 ὲπιτρέπεταί
1846 3380 1939 3433 μοι

359 3473 641 3530 πιστεύειν
667 3472 747 3533 είς
780 3469 970 3534 αύτόν;
1844 3478 1849 3483 '

432 3567 545 3622 Kal.
575 3568 616 3620 Ο
643 3564 862 3620 ΑΓΙΟΣ.
888 3560 1059 3623 Αὐτὸς
1084 3561 1112 3613 ὁ
1143 3558 1275 3621 Θεὸς
1309 3555 1403 3610 τοῦ
1442 3554 1607 3624 νόμου
1639 3550 1941 3623 προτρέπε-

359 3658 453 3712 ταί
498 3675 580 3711 σοι
625 3656 800 3724 λέγων
852 3652 940 3707 διὰ
998 3650 1220 3703 Ἡσαΐου
1268 3646 1361 3700 τοῦ
1412 3644 1725 3715 προφήτου’
1795 3638 1941 3694 Ἰδοὺ

360 3750 499 3819 ἐγὼ,
560 3749 747 3819 φησὶν,
792 3743 1030 3816 ἐμϐαλῶ
1085 3744 1172 3807 εὶς
1199 3740 1273 3794 τὰ
1311 3737 1557 3808 θεμέλια
1590 3734 1745 3789 Σιὼν·
1768 3733 1944 3788 λίθον

362 3838 694 3908 πολυτελῆ,
718 3838 814 3892 καί
866 3839 898 3891 ὁ
942 3834 1243 3888 πιστεύων
1283 3830 1370 3897 είς
1396 3828 1587 3884 αὐτὸν
1637 3828 1708 3881 οὐ
1739 3839 1944 3879 καται-

363 3929 800 4001 σχυνθήσεται.
844 3924 951 3978 Τοῦ
993 3922 1131 3977 Θεοῦ
1186 3938 1281 3975 σου
1332 3916 1624 3989 τοιγαροῦν
1672 3915 1945 3986 προστάσ-

367 4040 578 4089 σοντος,
640 4022 729 4074 ἵνα
783 4017 1087 4090 πιστεύσῃς
1134 4015 1216 4076 εἰς
1274 4012 1465 4079 αὐτὸν,
1508 4011 1577 4064 δι’
1631 4011 1698 4080 ἢν
1764 4006 1945 4061 αἰτίαν

365 4114 607 4176 ἀπωθεῖς
636 4112 733 4166 καὶ
768 4108 1070 4181 καμμύεις,
1102 4105 1200 4160 καὶ
1253 4103 1403 4176 βύεις
1431 4103 1503 4158 τὰ
1531 4096 1664 4167 ὦτα,
1695 4101 1789 4154 καὶ
1815 4100 1947 4153 ἀνα-

365 4205 542 4279 ϐάλλῃ
592 4203 688 4257 τοῦ
732 4200 1057 4275 προσελθεῖν
1095 4196 1276 4267 aurci);
1311 4197 1373 4249 Ei
1399 4194 1477 4267 τῷ
1507 4193 1626 4265 Θεῷ
1680 4208 1774 4246 σου
1806 4207 1944 4262 παρ-

365 4302 500 4373 ορᾷς
534 4300 630 4353 καὶ
661 4294 997 4368 παροργίζῃ,
1028 4290 1346 4354 κελεύοντός
1382 4308 1475 4343 σου
1509 4289 1587 4359 (4)
1614 4290 1947 4358 προσκυνεῖν

365 4394 446 4462 τῷ
476 4388 591 4462 Υίῴ
622 4387 788 4445 αὑτοῦ
814 4400 830 4419 ⁸
854 4386 1045 4458 ἐμοῦῆ
1079 4386 1268 4457 ἐτέρου
1297 4383 1519 4438 πώποτε
1542 4381 1836 4453 εἰσακούσῃ
1867 4382 1948 4443 είς

2043 3286 2096 3339 in
2130 3284 2311 3353 ipsum
2340 3282 2588 3337 nondum
2625 3283 2830 3338 credis.

2112 3372 2318 3428 HERB.
2354 3371 2424 3426 Et
2471 3370 2597 3441 quis
2641 3371 2909 3441 prOpheta
2963 3372 3220 3444 praecipit
3271 3374 3433 3442 mihi,
3465 3384 3527 3431 ut
3563 3377 3623 3434 in

2042 3467 2223 3536 ipsum
2248 3464 2470 3520 credam
2488 3464 2513 3516 ?

2113 3558 2169 3613 S.
2195 3556 2403 3613 ARCH.
2434 3557 2678 3627 lpsemet
2706 3558 2856 3614 Deus
2904 3558 3045 3629 legis
3075 3559 3331 3615 hortatur
3360 3577 3463 3631 per
3488 3576 3623 3631 pro-

2042 3652 2267 3722 phetam
2304 3651 2523 3715 Isaiam,
2570 3650 2763 3705 dicens
2800 3668 2813 3703 :
2854 3650 3011 3716 Ecce,
3062 3651 3266 3721 inquit,
3310 3656 3519 3709 mittam
3550 3672 3621 3709 aa

2044 3743 2396 3814 fundamenta
2439 3739 2615 3796 Sionis
2652 3740 2883 3812 lapidem
2911 3742 3202 3812 pretiosum
3229 3759 3248 3797 :
3272 3752 3321 3796 et
3342 3746 3431 3814 qui
3456 3747 3624 3800 credit

2042 3836 2098 3889 in
2142 3835 2339 3905 ipsum,
2399 3848 2504 3886 non
2567 3832 2921 3902 confundetur
2956 3832 3022 3885 ‘°.
3078 3832 3217 3887 Cum
3270 3833 3439 3905 igitur
3474 3836 3624 3892 Deus

2045 3925 2392 3996 tuusjubeat
2433 3932 2495 3979 ut
2542 3922 2739 3978 credas
2790 3922 2847 3976 in
2891 3922 3097 3993 ipsum,
3152 3938 3317 3993 quam
3359 3925 3433 3980 ob
3493 3942 3626 3982 cau-

2045 4034 2161 4074 sam
2196 4017 2447 4088 repellis,
2476 4025 2533 4071 et
2555 4016 2747 4071 oculos
2769 4016 3008 4081 claudis,
3043 4031 3317 4088 auresque
3350 4019 3622 4085 obstruis,

2044 4119 2105 4165 et
2129 4111 2251 4182 ejus
2292 4109 2592 4163 adventum
2633 4108 2934 4178 prorogas?
2973 4107 3032 4163 Si
3075 4108 3247 4164 Deum
3292 4118 3447 4165 tuum
3488 4127 3625 4168 con-

2049 4204 2253 4259 temnis
2291 4211 2349 4257 et
2384 4202 2453 4257 ad
2490 4202 2631 4256 iram
2656 4215 2949 4271 provocas,
2994 4201 3088 4271 qui
3114 4202 3276 4272 jubet
3304 4210 3358 4257 te
3392 4202 3626 4259 adorare

2051 4312 2214 4351 suum
2242 4294 2447 4350 Filium
2479 4312 2492 4348 :
2527 4310 2597 4348 an
2628 4308 2719 4348 me
2745 4293 2831 4348 vel
2870 4293 3042 4347 alium
3082 4309 3327 4363 unquam
3359 4295 3623 4362 audieris,

2046 4396 2104 4442 et
2136 4387 2204 4442 ad
2240 4388 2353 4446 hoc.
2382 4400 2686 4457 persuasus
2703 4385 2955 4440 veneris?
2988 4384 3111 4440 Non
3148 4388 3353 4456 opinor
3382 4406 3395 4441 :
3432 4402 3541 4443 non
3578 4389 3627 4443 si

366 4485 558 4548 τοῦτος
584 4484 697 4537 Ούκ
724 4477 902 4552 οἶμαι,
927 4480 1028 4532 οὐκ
1068 4479 1135 4533 ἂν
1164 4475 1566 4548 χρονοτριόήσῃ
1593 4474 1686 4528 ἐπὶ
1710 4474 1811 4544 τῆς
1844 4473 1939 4542 γῆς

2052 4494 2233 4535 annos
2279 4478 2602 4533 Mathusalae
2655 4477 2934 4547 longaevus
2986 4476 3043 4531 in
3084 4484 3233 4531 terra
3271 4479 3623 4535 contriveris.

366 4578 435 4628 ri
467 4575 561 4646 ἔτη
583 4573 677 4627 τοῦ
702 4570 1057 4628 Μαθουσάλα.

442 4666 690 4720 EPBAN.
733 4664 819 4726 Ὠς
850 4661 984 4731 ὁρῶ,
1011 4662 1107 4714 καὶ
1129 4661 1179 4713 οἱ
1219 4659 1495 4730 προφῆται
1524 4659 1602 4722 είς
1631 4657 1698 4711 τὰ
1720 4656 1950 4709 πλεῖστα

370 4759 551 4814 αὐτῶν
586 4754 994 4826 ἐναντιούμενοι
1021 4753 1391 4824 εὑρίσκονται.
1420 4752 1518 4804 Ἔν
1563 4767 1673 4803 τισι
1721 4750 1829 4821 γὰρ
1862 4765 1954 4802 κε-

372 4850 631 4918 φαλαίοις
687 4851 820 4920 ἡμῖν
848 4848 961 4910 τοῖς
1000 4845 1275 4907 Ἰουδαίοις
1313 4843 1635 4914 βοηθοῦντες
1664 4843 1953 4915 εὑρίσκον-

370 4962 485 5010 ται,
517 4942 574 4997 ἐν
597 4960 709 4995 τισι
740 4942 796 4995 δὲ
830 4941 924 4993 καὶ
958 4941 1087 5011 ύμῖν
1111 4941 1224 5003 τοῖς
1253 4938 1360 4993 ἀπὸ
1396 4937 1503 4992 τῶν
1524 4936 1717 4991 ἐθνῶν.

446 5127 557 5180 Kal.
588 5128 628 5179 0
654 5094 873 5177 ΑΓῙΟΣ.
905 5122 1158 5193 ossam
1188 5120 1533 5192 εὑρίσκονται
1576 5119 1950 5190 ἀντεχόμενοι,

2125 4655 2333 4710 HERB.
2366 4655 2427 4709 In
2458 4653 2736 4724 plurimis,
2766 4662 2828 4708 ut
2856 4653 3038 4718 video,
3066 4655 3350 4723 propheta:
3380 4654 3484 4724 ipsi
3516 4655 3626 4710 sibi

2057 4761 2370 4819 repugnare
2414 4756 2470 4801 et
2515 4745 2896 4801 contradicere
2936 4743 3455 4814 deprehenduntur.
3488 4747 3627 4802 Nam

2054 4839 2195 4894 locis
2231 4850 2289 4894 et
2331 4838 2608 4908 capitibus
2651 4835 2985 4906 quibusdam
3016 4836 3178 4891 nobis
3208 4837 3413 4892 Judaais
3439 4838 3628 4895 favere

2058 4933 2446 4996 inveniuntur,
2496 4932 2552 4986 in
2592 4929 2718 4985 aliis
2743 4944 2877 4985 vero
2898 4928 3059 4984 vobis
3077 4928 3409 4984 Christianis
3436 4930 3532 4996 qui
3560 4946 3630 4988 ex

2055 5025 2316 5097 gentibus
2344 5023 2500 5079 estis.

2127 5120 2183 5173 S.
2221 5117 2432 5173 ARCH.
2473 5117 2756 5185 Nusquam
2792 5114 2899 5169 sibi
2936 5115 3322 5180 adversantur,
3354 5115 3438 5171 vel
3471 5116 3633 5173 vobis

375 5221 410 5290 ἢ
446 5219 665 5290 βοηθεῖν
697 5218 810 5280 τοῖς
839 5214 1138 5281 Ἰουδαίοις,
1167 5214 1244 5278 ὡς
1272 5213 1472 5282 λέγεις,
1502 5210 1939 5277 καταδικάζοντες

2056 5210 2287 5275 ludatis,
2324 5210 2469 5265 sicut
2491 5208 2654 5274 dicis,
2689 5209 2874 5263 favere
2905 5207 3289 5273 inveniuntur,
3320 5207 3417 5263 sed
3447 5208 3635 5279 potius

373 5313 432 5366 δὲ
456 5310 684 5382 μᾶλλον
714 5307 903 5379 ἐπειδὴ
933 5305 993 5373 ἐξ
1022 5305 1200 5380 ἀρχῆς
1223 5305 1694 5377 σκληροτράχηλοι
1728 5308 1794 5376 τῇ
1822 5322 1956 5377 καρ-

374 5404 466 5476 δῖᾳ
487 5403 764 5473 ἐγένεσθε,
801 5404 894 5457 καὶ
928 5403 1298 5475 ἀπερίτμητοι
1329 5402 1445 5463 τοῖς
1473 5399 1609 5453 ὠσίν
1629 5418 1642 5433 ·
1671 5398 1956 5453 ἀπειθοῦν-

450 5565 497 5596 ⁸⁹
529 5563 794 5629 Ps.xxxn,
820 5562 912 5617 56.
989 5562 1034 5592 ⁶⁰
1062 5560 1167 5616 Isa.
1204 5576 1389 5624 xxvm,
1420 5558 1503 5611 16.

2061 5319 2163 5358 vos
2201 5301 2618 5357 condemnare:
2651 5300 3101 5371 quandoquidem
3156 5301 3225 5356 ab
3274 5302 3434 5369 initio
3479 5303 3635 5359 dura:

2059 5407 2116 5452 et
2163 5396 2355 5469 rigidae
2404 5394 2641 5450 cervicis
2682 5394 2887 5459 fuistis,
2940 5394 3009 5450 ad
3044 5410 3265 5451 omnem
3298 5404 3506 5451 rectam
3541 5412 3632 5452 ra-

1886 5673 2118 5729 NOTAE.

452 5770 531 5914 (ἓξ
558 5771 776 5825 Αὑτοῦ.
814 5770 947 5839 Leg.
983 5769 1185 5823 αὐτῶν.
1220 5767 1427 5823 GtLON.

454 5843 510 5911 (ὅ
558 5843 736 5896 Ἐπεί.
775 5842 916 5894 Ἔτι.
944 5840 1017 5895 In.

454 5840 531 5911 (ὅ)
558 5843 736 5896 Ἐπεί.
775 5842 916 5894 Ἔτι.
944 5840 1017 5895 In.

705 5934 975 5993 ΡΑτιιοι..
1023 5933 1139 5991 Gn.
1190 5929 1537 5989 LXXXVI.

2139 5762 2215 5834 (ι)
2257 5761 2340 5827 Τῷ
2364 5761 2899 5834 Θεῷ-έπαροργίζῃ,
2948 5764 3303 5829 κελεύοντός
3357 5781 3494 5819 σου.
3529 5763 3634 5824 Τὸν

2064 5832 2621 5908 Θεὸνὲ-παροργίζει,
2658 5832 2932 5888 κελεύοντί
2964 5850 3022 5886 σε
3057 5835 3144 5889 vel
3211 5834 3517 5890 κελεύοντα.
3551 5835 3629 5897 In,

3239 5918 3347 5983 23⁷
