4094 6588
475 437 584 512 715

1414 439 1478 501 S.
1516 431 1944 500 GREGENTII
1983 429 2225 497 EPISC.
2260 425 2796 497 TAPHARENSIS

3645 411 3773 485 ’116

479 565 687 619 tionem
708 551 1090 629 635cmum
1133 554 1193 604 et
1228 541 1460 603 surdum
1493 549 1552 599 et
1591 555 1817 599 saxeum
1844 537 2072 597 omnino

2188 553 2266 602 ιες
2288 536 2348 590 δὲ
2369 535 2443 590 τὰ
2475 534 2614 607 πρὸς
2640 533 2798 598 Θεὸν,
2822 531 2916 586 καὶ
2949 525 3026 602 τῷ
3055 528 3200 602 ἁγίῳ
3215 519 3502 600 Πνεῦματι
3535 526 3772 584 ἀντιπί-

479 668 577 711 cor
594 627 890 712 habentes,
917 636 1298 698 incircumcisi
1324 633 1553 691 auribus
1573 651 1587 688 :
1606 633 1720 688 Deo
1751 627 2066 686 reiractarii

481 753 542 800 et
565 738 916 815 pervicaces,
943 727 1182 802 Spiritui
1210 733 1405 783 sancto
1442 723 1793 787 resistentes,
1829 719 2066 776 sanctis-

483 835 685 894 simum
718 843 923 888 nomen
955 825 1080 898 ejus
1104 819 1267 876 valde
1286 815 1680 876 contristastis.
1963 877 1966 880 γ

554 924 766 984 HERB.
794 920 934 988 Quis
949 925 1047 973 tua
1067 911 1361 986 magniﬁca
1379 917 1437 966 et
1455 898 1728 981 elegantia
1744 903 1916 962 verba
1933 917 2070 959 con-

487 1017 724 1093 gesserit
764 1027 937 1084 supra
977 1020 1208 1066 arenam
1251 1018 1376 1075 quae
1422 1008 1512 1057 est
1537 999 1595 1055 in
1639 998 1829 1093 littore
1862 995 2076 1093 maris?

488 1086 632 1180 huis
657 1109 987 1164 occurreret
1025 1099 1142 1155 tuis
1166 1093 1440 1153 contortis
1479 1099 1536 1146 et
1567 1089 1838 1146 aculeatis
1879 1086 2068 1158 sopbi-

489 1201 686 1258 smatis
704 1199 728 1254 7
749 1197 873 1254 Non
901 1193 1045 1250 dixit
1073 1191 1223 1248 Deus
1247 1186 1408 1252 Mosi,
1432 1198 1559 1240 cum
1584 1181 1725 1237 rubo
1760 1179 2028 1236 insideret
2053 1195 2067 1231 ε

493 1291 681 1348 Videns
709 1287 816 1343 uidi
842 1284 1177 1357 aﬂlictionem
1203 1276 1385 1352 populi
1414 1275 1516 1330 mei
1538 1275 1629 1346 qui
1652 1281 1728 1327 est
1745 1272 1802 1326 in
1818 1269 2071 1342 zEgypto,

490 1392 542 1439 et
572 1380 818 1437 descendi
867 1384 926 1432 ut
959 1374 1224 1430 redimam
1269 1385 1356 1424 eos
1374 1367 1422 1401 “
1447 1367 1471 1421 τ
1495 1365 1675 1421 Moses
1731 1371 1918 1420 autem
1960 1377 2074 1418 non

491 1474 564 1532 ad
589 1474 766 1530 Deum
799 1470 1022 1524 locutus
1053 1472 1141 1520 est
1172 1480 1187 1517 :
1228 1459 1288 1516 Si
1312 1458 1490 1514 inueni
1527 1457 1764 1529 gratiam
1789 1470 1971 1508 coram
2003 1461 2075 1519 te,

492 1573 544 1621 et
571 1562 710 1635 quod
752 1557 980 1632 populus
1012 1563 1132 1608 tuus
1179 1553 1290 1607 haec
1331 1564 1477 1622 gens,
1510 1545 1729 1602 ostende
1758 1545 1888 1600 mihi
1927 1551 2078 1635 tuam

491 1654 829 1730 gloriam":
862 1657 921 1706 et
977 1646 1217 1717 diligens
1255 1643 1402 1698 Deus
1451 1639 1721 1711 populum
1764 1651 1951 1702 suum,
1982 1634 2080 1706 qui

491 1763 688 1808 sumus
714 1760 841 1810 nos,
872 1739 1120 1798 ostendit
1144 1737 1199 1794 ei
1228 1736 1462 1808 gloriam
1486 1732 1684 1790 suam?
1729 1730 1952 1786 Balaam
1981 1744 2077 1784 au-

492 1849 606 1900 tem
630 1857 660 1895 a
693 1838 860 1895 Balac
882 1849 1013 1906 rege
1035 1831 1340 1888 accersitus
1359 1827 1429 1884 ad
1455 1824 1859 1883 exsecrandum
1890 1831 1948 1879 ct
1989 1821 2079 1878 di-

492 1935 578 1992 ris
603 1927 996 1991 devovendum
1029 1925 1246 1997 primos
1277 1931 1468 1994 patres
1499 1928 1744 1986 nostros,
1775 1925 2075 1974 castrame-
2109 1895 2153 1952 Β

493 2029 679 2080 tantes
727 2020 787 2075 in
823 2027 975 2074 terra
1023 2013 1200 2085 ipsius
1228 2051 1244 2078 ,
1294 2024 1422 2066 cum
1475 2007 1577 2064 Dei
1633 2006 1903 2079 populum
1952 2019 2074 2062 esse

493 2113 751 2176 vidisset,
782 2107 868 2164 eis
894 2104 1084 2179 potius
1105 2099 1415 2166 benedixit,
1451 2113 1620 2170 quam
1640 2097 1783 2152 male
1807 2097 2076 2167 impreca-

496 2216 591 2263 tus
633 2210 741 2260 est.
800 2201 871 2256 Et
900 2199 1062 2256 Jesus
1105 2194 1205 2266 qui
1255 2191 1467 2249 dicitur
1523 2190 1697 2256 Nave,
1742 2202 1846 2260 pro
1896 2187 2074 2242 salute

497 2296 690 2370 populi
721 2292 869 2350 bello
896 2289 1080 2344 valido
1111 2293 1168 2342 et
1192 2284 1322 2341 forti
1348 2297 1671 2348 occurrens,
1696 2293 1885 2336 nonne
1903 2279 2076 2370 maxi-

498 2369 607 2444 mis
639 2381 1064 2451 elementisqute
1085 2378 1141 2433 in
1165 2375 1291 2432 caeli
1315 2374 1664 2430 ﬁrmamento
1695 2372 1882 2428 lucem
1907 2369 2073 2426 emit-

500 2487 646 2545 tunt,
681 2477 823 2533 dixit
846 2491 860 2527 ι
885 2470 996 2527 Stet
1023 2468 1105 2524 sol
1125 2477 1308 2524 contra
1335 2466 1575 2531 Gabaon,
1613 2472 1664 2518 et
1722 2465 1849 2519 luna
1889 2471 2075 2518 contra

497 2571 694 2628 vallem
721 2563 986 2640 (Ajalon),
1013 2569 1071 2616 ut
1118 2569 1394 2615 conteram
1415 2558 1655 2612 inimicos
1677 2555 1893 2610 Domini
1914 2555 1959 2586 ⁸⁸
1985 2571 1999 2608 :
2021 2561 2077 2609 et

498 2659 754 2720 obedivit
781 2655 1078 2726 indulgens
1107 2650 1315 2723 populo
1348 2648 1567 2704 Domini
1589 2648 1614 2702 Ἰ
1636 2645 1778 2703 Cum
1821 2644 2076 2701 Samuele

501 2762 691 2812 autem
721 2763 910 2805 nonne
930 2747 1078 2802 Deus
1109 2741 1462 2800 familiariter
1489 2739 1799 2795 collocutus
1833 2743 1918 2793 cst
1941 2750 2075 2807 pro-

500 2853 629 2916 pter
654 2841 888 2898 salutem
925 2833 1171 2897 lsraelis,
1195 2829 1435 2901 diligens
1471 2827 1737 2898 populum
1775 2823 1982 2880 suum?
2009 2821 2073 2876 Et

501 2934 679 2994 David
749 2946 847 2986 rex
919 2941 1107 2983 nonne
1137 2939 1239 2996 pro
1305 2921 1511 2978 lsraele
1559 2919 1792 2990 'patiens
1817 2917 2075 2973 dicebat:

503 3028 706 3084 Memor
728 3030 860 3087 esto,
906 3018 1155 3077 Domine,
1185 3028 1470 3086 synagoga:
1496 3021 1600 3066 tua:
1621 3027 1784 3081 quam
1808 3009 2080 3074 possedisti

505 3121 571 3176 ab
627 3115 823 3173 initio?
864 3110 1125 3168 Liberasti
1157 3108 1364 3177 virgam
1401 3104 1728 3160 hereditatis
1767 3110 1871 3158 tua:
1895 3102 1962 3155 “.
2013 3101 2082 3155 Et

503 3211 656 3270 Elias
676 3206 948 3279 propheta
962 3214 1145 3257 nonne
1161 3197 1229 3252 ad
1250 3195 1437 3251 Achab
1457 3194 1600 3250 dixit
1631 3210 1645 3247 :
1670 3192 1839 3248 Parce
1860 3190 2080 3264 populo:

507 3314 566 3359 tu
605 3319 657 3357 es
687 3301 778 3372 qui
812 3295 1064 3368 pervertis
1087 3289 1367 3354 Israelem,
1401 3294 1450 3340 et
1472 3287 1688 3341 domum
1717 3286 1886 3355 patris
1909 3285 2088 3338 tui“?

509 3396 580 3451 Et
608 3392 840 3448 Elisaus
882 3385 1150 3458 populum
1194 3379 1539 3445 defendens,
1617 3377 1764 3449 apud
1813 3393 1875 3433 se
1907 3377 2088 3433 dixit:

511 3485 768 3548 Domine,
803 3493 961 3552 parce
985 3474 1202 3548 papula,
1235 3480 1285 3526 et
1320 3487 1426 3526 non
1453 3467 1702 3524 reuelauit
1733 3469 1880 3534 mihi,
1911 3475 1963 3521 et
2000 3467 2094 3521 do-

487 3568 712 3636 loribus
743 3587 913 3645 angor
938 3577 1046 3624 toto
1089 3568 1194 3622 die.
1233 3565 1303 3622 Et
1342 3562 1611 3620 Jeremias
1649 3577 1762 3616 non
1796 3559 1955 3627 dixit,
1990 3575 2093 3631 pro

512 3673 720 3748 populo
749 3670 1010 3742 plorans:
1038 3663 1156 3720 Heu
1187 3676 1291 3728 me,
1324 3659 1566 3724 Domine,
1615 3666 1738 3711 tune
1758 3655 1941 3727 perdes
1970 3654 2095 3709 reli-

513 3783 675 3839 quum
699 3760 918 3818 Israelis
935 3758 982 3791 ⁸⁸
1004 3757 1028 3812 ?
1054 3756 1126 3811 Et
1152 3753 1321 3810 lsaias
1352 3768 1367 3806 :
1401 3751 1494 3807 Ubi
1509 3757 1586 3804 est
1628 3748 1912 3803 multitudo
1937 3749 2095 3803 mise-

515 3858 758 3915 ricordia:
797 3864 925 3918 tute,
958 3849 1202 3912 Domine,
1235 3846 1362 3916 quia
1407 3850 1456 3896 et
1499 3841 1863 3896 miserationes
1903 3848 2008 3896 tua:
2043 3855 2099 3894 se

517 3953 886 4010 abstinuerunt
911 3963 943 3999 a
967 3943 1112 3997 nobis
1139 3940 1164 3995 .9
1189 3938 1265 3995 Tu
1290 3938 1429 3992 enim
1452 3943 1603 4006 pater
1618 3950 1670 3988 es
1692 3943 1906 3988 noster:
1934 3933 2097 3987 libera

515 4061 634 4099 nos.
678 4040 755 4098 Ab
806 4038 982 4103 initio,
1014 4032 1258 4094 Domine,
1289 4045 1479 4084 nomen
1518 4038 1668 4082 tuum
1695 4043 1855 4096 super
1885 4042 1977 4079 nos
2001 4033 2094 4080 est.

519 4135 628 4192 Cur
653 4148 746 4188 nos
773 4148 805 4184 a
835 4131 920 4184 via
950 4134 1042 4181 tua
1085 4138 1271 4178 errare
1304 4119 1520 4192 fecisti?
1555 4118 1831 4174 Indurasti
1879 4133 1970 4171 cor
2007 4132 2102 4170 no-

515 4235 712 4288 strum,
742 4227 798 4273 ut
831 4227 881 4273 te
912 4231 1017 4272 non
1049 4214 1353 4268 timeremus
1379 4211 1446 4274 ⁶⁷,
1483 4216 1541 4263 et
1580 4215 1800 4262 caetera.
1830 4205 1970 4262 Cum
1997 4206 2102 4277 igi-

520 4327 615 4372 tur
663 4313 723 4368 hi
755 4324 951 4366 omnes
1003 4320 1108 4377 pro
1134 4303 1340 4374 populo
1371 4299 1677 4356 Israelitico
1712 4298 2017 4369 patiantur,
2048 4308 2107 4354 et

522 4411 646 4482 ejus
685 4417 909 4461 causam
970 4396 1294 4461 defendant,
1361 4391 1642 4464 quomodo
1703 4391 1822 4462 ipse
1877 4391 2101 4459 dixisti,

521 4497 676 4573 quod
727 4511 831 4552 nos
863 4487 1153 4566 prophetae
1187 4486 1567 4545 condemnant
1591 4527 1606 4554 ,
1637 4500 1822 4556 neque
1867 4486 2108 4557 amplius

517 4592 687 4651 nobis
712 4583 1099 4661 opitulantur?

2167 643 2422 694 πτοντες,
2473 625 2783 697 ἔλυπήσατε
2830 621 3086 694 μεγάλως
3138 621 3200 677 τδ
3252 621 3520 691 πανάγιον
3580 620 3772 694 ὄνομα

2163 720 2351 776 αὐτοῦ.

2242 911 2489 968 EPBAN.
2521 909 2621 976 Τίς
2651 909 2898 984 ἀθροίσει
2949 907 3142 982 κομψά
3201 909 3428 983 ῥήματα
3480 909 3626 984 ὑπὲρ
3653 910 3768 982 τὴν

2171 1007 2358 1080 ἄμμον
2396 1005 2500 1078 τὴν
2527 1005 2681 1079 παρά
2711 1003 2774 1059 τὺ
2811 1003 2989 1076 χεῖλος
3023 1003 3127 1076 τῆς
3160 1003 3458 1076 θαλάσσης,
3487 1005 3586 1060 καὶ
3622 1023 3769 1059 συν-

2172 1101 2402 1172 αντήσει
2443 1116 2528 1154 σοι
2582 1099 2640 1153 ὲν
2675 1099 3032 1170 διαστροφαϊς
3076 1113 3139 1151 τε
3193 1097 3291 1152 καὶ
3337 1097 3592 1165 λέξεσιν;
3639 1099 3766 1152 Οὐκ

2171 1189 2327 1246 εἶπεν
2347 1194 2378 1246 ὁ
2403 1190 2539 1255 Θεὸς
2561 1189 2640 1263 τῷ
2667 1191 2878 1262 Μωῦσῇ
2900 1189 2994 1243 ἐπὶ
3023 1189 3120 1261 τῆς
3157 1187 3325 1260 βάτου
3345 1231 3360 1255 ,
3396 1188 3564 1245 Ἰδὼν
3588 1185 3768 1244 εἶδον·

2171 1285 2292 1354 τὴν
2335 1285 2608 1340 κάκωσιν
2652 1281 2763 1338 τοῦ
2806 1282 2965 1338 λαοῦ
2998 1299 3120 1352 μου
3173 1281 3285 1337 τοῦ
3331 1281 3403 1337 ἐν
3451 1282 3762 1352 Αἰγύπτῳ,

2173 1376 2276 1432 καί
2326 1373 2588 1446 κατέϐην
2624 1373 2733 1430 τοῦ
2775 1373 3096 1441 ἐξελέσθαι
3135 1375 3405 1442 αὐτούς;
3448 1375 3654 1444 Μωσῆς
3696 1373 3766 1428 δὲ

2177 1471 2282 1524 οὐκ
2320 1466 2444 1525 εἷπε
2471 1467 2611 1540 πρὸς
2639 1468 2735 1524 τὸν
2757 1467 3009 1535 Θεὸν,Εί
3044 1461 3230 1538 εὗρον
3267 1465 3446 1537 χάριν
3497 1465 3766 1521 ἐνώπιόν

2177 1580 2318 1628 σου,
2350 1562 2449 1619 καί
2482 1561 2572 1617 ὅτι
2597 1563 2747 1628 λαός
2769 1577 2887 1617 σου
2916 1559 2988 1615 τὸ
3007 1560 3188 1627 ἔθνος
3206 1558 3403 1626 τοῦτο,
3427 1558 3630 1626 δεῖξόν
3656 1576 3767 1632 μοι

2177 1654 2297 1726 τὴν
2354 1652 2617 1710 σεαυτοῦ
2677 1653 2870 1717 δόξαν
2895 1667 2914 1685 θ
2963 1651 3059 1707 καὶ
3108 1650 3341 1722 ἀγαπῶν
3392 1652 3422 1706 6
3475 1650 3611 1716 Θεὸς
3667 1651 3768 1705 τὸν

2177 1745 2307 1801 λαὸν
2350 1744 2540 1808 αὑτοῦ,
2581 1743 2778 1806 οἵτινές
2825 1743 2996 1814 ἐσμεν
3029 1743 3212 1814 ἡμεῖς,
3242 1738 3443 1806 ἔδειξεν
3485 1739 3636 1810 αὐτῷ
3663 1739 3772 1811 τὴν

2181 1837 2343 1905 δόξαν
2395 1835 2599 1902 αὐτοῦς
2635 1835 2748 1890 Καὶ
2779 1833 3012 1905 Βαλαὰμ
3052 1833 3110 1886 δὲ
3143 1835 3172 1888 ὁ
3212 1831 3575 1905 μετακληθεὶς
3607 1833 3774 1903 παρᾶ

2181 1929 2276 1984 τοῦ
2306 1928 2494 1983 Βαλὰκ
2545 1927 2641 1981 τοῦ
2690 1925 2956 1998 βασιλέως
2985 1923 3301 1996 ἀράσασθαι
3328 1923 3458 1988 τοὺς
3483 1923 3772 1994 προπάτο-

2184 2038 2282 2095 ρας
2312 2021 2491 2094 ήμῶν,
2543 2017 3073 2092 παρεμϐεϐληκότας
3118 2018 3176 2071 ὲν
3208 2019 3274 2088 τῇ
3303 2018 3376 2087 γῇ
3420 2013 3607 2078 αὐτοῦ,
3635 2012 3772 2068 θεα-

2183 2117 2420 2187 σάμενος
2473 2116 2555 2169 ὅτι
2588 2111 2684 2167 τοῦ
2733 2111 2873 2166 Θεοῦ
2923 2110 3054 2175 λαὸς
3086 2106 3177 2183 ἧν,
3209 2110 3516 2182 ηὐλόγησεν
3561 2107 3772 2171 αὐτοὺς

2185 2207 2408 2278 μᾶλλον,
2439 2206 2536 2259 καὶ
2564 2205 2666 2259 οὐκ
2691 2204 3095 2276 ὲκατηράσατο.
3132 2203 3242 2256 Καὶ
3283 2201 3492 2273 Ἰησοῦς
3520 2201 3576 2255 δὲ
3601 2204 3630 2255 ὁ
3659 2200 3760 2255 τοῦ

2181 2297 2340 2369 Ναυῆ
2364 2296 2504 2368 ὑπὲρ
2537 2295 2639 2367 τῆς
2669 2295 2944 2366 σωτηρίας
2967 2292 3066 2348 τοῦ
3095 2293 3229 2349 λαοῦ
3259 2293 3487 2364 πολέμῳ
3517 2292 3770 2364 κραταιῷ

2183 2392 2542 2462 συναντήσας,
2591 2388 2712 2459 οὐχὶ
2759 2388 2872 2452 τοῖς
2930 2386 3210 2458 μεγίστοις
3265 2386 3550 2456 στοιχείοις
3613 2385 3773 2457 ετρηο

2182 2500 2268 2551 κε,
2292 2484 2404 2546 τοῖς
2427 2483 2486 2536 ὲν
2515 2479 2594 2552 τῷ
2620 2478 2956 2551 στερεῶματι
2985 2477 3079 2533 τοῦ
3107 2477 3338 2550 οὐρανοῦ
3361 2477 3728 2548 φωτοόολοῦσι
3746 2516 3765 2542 ,

2183 2575 2388 2644 Στήτω
2419 2577 2453 2630 ό
2487 2573 2664 2642 ἥλιος
2697 2571 2850 2627 κατὰ
2874 2570 3108 2636 Γαϐαῶ,
3135 2571 3233 2631 καί
3270 2573 3308 2640 ἠ
3333 2573 3570 2639 σελήνη
3611 2571 3771 2625 κατὰ

2183 2669 2479 2741 φάραγγα,
2505 2665 2618 2732 ἕως
2674 2666 2936 2734 ἐκτρίψω
2992 2663 3136 2731 τοὺς
3183 2663 3439 2734 ἐχθροὺς
3495 2667 3720 2735 Κυρίου
3749 2682 3763 2694 ·

2185 2760 2281 2814 καὶ
2315 2759 2594 2830 ὑπήκουσε
2621 2796 2637 2823 ,
2669 2754 2839 2826 φειδῶ
2868 2755 2946 2826 (5)
2965 2755 3058 2809 τοῦ
3093 2754 3227 2808 λαοῦ
3265 2756 3508 2827 Κυρίου;
3540 2757 3652 2811 Kal
3686 2756 3771 2828 τῷ

2186 2847 2443 2918 Σαμουὴλ
2475 2847 2531 2900 δὲ
2564 2843 2986 2918 προσωμίλησεν
3013 2845 3044 2898 ὁ
3073 2843 3207 2908 Θεὸς
3239 2844 3328 2899 διὰ
3351 2845 3452 2917 τὴν
3487 2845 3768 2918 σωτηρίαν

2185 2942 2282 2996 τοῦ
2322 2939 2564 3013 Ἰσραὴλ,
2593 2937 2826 3008 ἀγαπῶν
2877 2937 2970 2992 τὸν
3007 2935 3135 2991 λαὸν
3178 2936 3370 2993 αὑτοῦ.
3404 2939 3516 2993 Καὶ
3542 2939 3707 2992 Δασὶδ
3739 2940 3772 2991 ὁ

2190 3034 2446 3106 βασιλεὺς
2471 3033 2592 3103 οὐχὶ⁵
2613 3029 2754 3102 ὑπὲρ
2783 3029 2877 3084 τοῦ
2913 3029 3129 3102 Ἰσραὴλ
3161 3030 3389 3101 πάσχων
3411 3030 3773 3100 ἐλεγε,Μνή-

2189 3128 2401 3193 σθητι,
2436 3121 2652 3192 Κύριε,
2685 3121 2798 3191 τῆς
2833 3118 3196 3190 συναγωγῆς
3238 3135 3392 3187 σου,
3431 3116 3507 3192 ἧς
3529 3120 3775 3192 ἐκτήσω

2189 3217 2293 3273 ἀπ’
2319 3212 2549 3284 ἀρχῆς;
2589 3211 2934 3281 Ἐλυτρώσω
2949 3211 3181 3281 ῥάϐδον
3207 3213 3612 3282 κληρονομίας
3629 3228 3772 3267 σου.

2193 3305 2304 3360 Kal
2347 3304 2532 3360 Ἦλιοὺ
2571 3305 2601 3358 ὀ
2634 3304 2922 3376 προφήτης
2968 3303 3070 3358 οὐκ
3122 3303 3315 3375 εἴρηκε
3374 3303 3514 3374 πρὸς
3569 3303 3779 3375 ’Δχαὰ6

2193 3397 2390 3468 λέγων,
2417 3395 2623 3452 Φειδοἵ
2661 3396 2738 3469 (6)
2770 3396 2879 3459 τοῦ
2904 3395 3062 3452 λαοῦ
3089 3409 3106 3425 ⁸
3135 3395 3217 3451 σὺ
3236 3392 3297 3451 εἴ
3319 3399 3352 3451 ό
3399 3396 3782 3466 διαστρέφων

2193 3484 2303 3546 τὸν
2342 3487 2610 3559 Ἰσραὴλ,
2641 3487 2740 3543 καὶ
2791 3491 2825 3542 ό
2865 3484 3033 3555 οἷκος
3081 3488 3190 3543 τοῦ
3225 3490 3450 3558 πατρός
3482 3503 3636 3553 σου;
3669 3491 3784 3544 Kal

2206 3582 2481 3636 Ἐλισσαιὲ
2526 3579 3115 3653 ὖπεραπολογούμενος
3159 3581 3256 3635 τοῦ
3296 3581 3453 3647 λαοῦ,
3484 3578 3606 3636 εἷπε
3653 3581 3784 3635 καθ’

2200 3673 2414 3739 ἑαυτὸν,
2447 3674 2646 3743 Κύριε,
2677 3672 2882 3743 φεῖσαι
2904 3672 2979 3744 (7)
3012 3673 3118 3728 τοῦ
3161 3673 3316 3728 λαοῦ
3354 3690 3494 3741 σου,
3537 3674 3634 3728 καὶ
3669 3677 3786 3728 οὐκ

2199 3765 2561 3834 ἀπεκάλυψέ
2583 3782 2709 3835 μοι,
2732 3764 2831 3818 καὶ
2873 3767 2986 3819 οὐκ
3023 3764 3402 3836 ὀδυνώμενός
3461 3769 3577 3837 ειμι
3631 3765 3789 3833 ὅλην

2200 3859 2317 3928 τὴν
2339 3858 2586 3927 ἡμέραν.
2611 3857 2724 3910 Kal
2748 3857 2776 3910 ὁ
2815 3855 3088 3928 Ἱερεμίας
3117 3857 3174 3911 δὲ
3214 3857 3314 3912 οὑκ
3350 3860 3571 3929 εἴρηκεν
3597 3860 3787 3930 ὀδυρό-

2206 3966 2366 4021 μενος
2395 3949 2534 4019 ὐπὲρ
2579 3947 2673 4000 τοῦ
2701 3945 2858 4014 λαοῦ,
2881 3947 3070 4018 Οτμοι,
3105 3949 3282 4016 Κύριε
3302 3991 3316 4014 ,
3350 3949 3680 4017 ἁπολέσεις
3704 3951 3790 4005 σὺ

2203 4042 2271 4096 τὸ
2291 4040 2513 4096 λοιπὸν
2537 4039 2645 4095 τοῦ
2677 4039 2961 4109 Ἰσραήλ;
2998 4042 3108 4095 Kal
3135 4041 3365 4106 Ἡσαΐας
3394 4042 3472 4108 δὲ,
3505 4042 3630 4096 Ποῦ
3654 4043 3791 4097 ἐστι

2205 4133 2270 4184 τὸ
2315 4129 2552 4199 πλῆθος
2611 4129 2720 4184 τοῦ
2761 4129 2976 4196 ἐλέους
3049 4145 3194 4198 σου,
3252 4132 3470 4201 Κύριε,
3529 4134 3617 4186 ὅτι
3673 4134 3792 4187 ἁπ-

2202 4221 2400 4291 ἐσχον
2461 4220 2539 4291 (8)
2582 4219 2769 4289 ήμῒν;
2799 4220 2884 4275 Σὺ
2911 4221 3023 4290 γὰρ
3068 4217 3129 4274 εἴ
3173 4222 3371 4292 πατὴρ
3395 4221 3586 4294 ἡμῶν,
3601 4223 3795 4290 ῥῦσαι

2206 4311 2386 4382 ἡμᾶς.
2423 4310 2551 4366 Ἀπ’
2579 4309 2793 4380 ἀρχῆς,
2846 4311 3047 4380 Κύριε,
3079 4311 3146 4366 τὸ
3167 4311 3359 4382 ὄνομά
3381 4328 3501 4368 σου
3519 4314 3613 4383 ἐφ’
3632 4311 3794 4382 ἡμᾶς

2205 4405 2357 4460 ἐστι.
2388 4403 2450 4458 Τι
2497 4402 2856 4471 ἐπλάνησας
2907 4403 3069 4474 ἡμᾶς
3127 4405 3250 4460 ἀπὸ
3293 4404 3406 4474 τῆς
3451 4405 3596 4461 ὀδοῦ
3633 4422 3793 4470 σου;

2219 4496 2636 4567 Ἐσκλήρυνας
2657 4495 2774 4564 τὴν
2791 4495 3045 4565 καρδίαν
3065 4496 3236 4567 ἡμῶν
3254 4497 3361 4552 τοῦ
3376 4498 3462 4569 μὴ
3479 4497 3795 4568 φοϐεῖσθαι

2201 4603 2298 4654 σε,
2331 4588 2523 4642 καὶτὰ
2566 4587 2717 4658 ἑξῆς.
2750 4587 2970 4643 Τούτων
3024 4589 3283 4646 ἁπάντων
3326 4591 3794 4663 ὑπερπασχόντων

521 4689 664 4760 ὑπὲρ
709 4685 805 4740 τοῦ
857 4679 993 4736 λαοῦ
1023 4676 1277 4751 Ἰσραὴλ,
1307 4675 1403 4729 καὶ
1436 4673 1931 4745 ἀπολογουμένων,
1985 4678 2104 4744 πῶς
2143 4681 2306 4747 αὐτὸς
2346 4683 2602 4755 εἴρηκας,
2636 4683 2720 4737 ὅτι
2757 4681 3220 4748 καταδικάζουσιν
3253 4685 3406 4758 ἡμᾶς
3469 4686 3520 4739 oi
3589 4685 3795 4757 προφῆ-

517 4798 632 4846 ται,
660 4779 757 4834 καὶ
788 4776 912 4847 οὐχὶ
945 4770 1146 4845 μᾶλλον
1178 4766 1438 4840 βοηθοῦσι
1465 4783 1481 4832 ;

591 4873 652 4930 S.
679 4868 888 4929 ARCH.
935 4867 1059 4924 Non
1099 4865 1170 4920 ad
1216 4863 1362 4917 hanc
1401 4859 1664 4931 speciem,
1699 4860 1814 4916 sive
1845 4861 1914 4916 ad
1956 4863 2104 4920 hunc

521 4979 751 5024 sensum
813 4961 929 5018 dixi
957 4975 1058 5015 vos
1115 4973 1146 5013 a
1205 4952 1499 5026 prophetis
1549 4953 1930 5010 condemnari.
1971 4955 2104 5024 Quae

523 5055 887 5130 praecedunt,
939 5047 1231 5123 praeterii:
1265 5061 1390 5118 quae
1447 5054 1763 5116 sequuntur
1809 5046 1878 5102 ad
1939 5047 2103 5104 linem

522 5149 673 5204 vide.

611 5237 817 5295 HEBB.
871 5235 1133 5304 Quaenam
1164 5241 1294 5290 sunt
1334 5232 1392 5288 in
1413 5240 1683 5298 extremo,
1722 5232 2106 5290 mihienarra.

2282 4862 2394 4918 Kal
2418 4865 2461 4916 0
2489 4862 2709 4920 ΑΓΙΟΣ.
2741 4865 2815 4921 Οὐ
2851 4866 2996 4922 κατά
3037 4866 3295 4940 τοιαύτην
3333 4867 3573 4940 ἔμφασιν
3597 4870 3797 4942 εἴρηκα

2211 4954 2324 5025 ἐγὼ
2349 4957 2479 5018 τοὺς
2515 4961 2804 5030 προφήτας
2834 4960 3223 5028 καταδικάζειν
3257 4964 3422 5033 ὑμᾶς.
3448 4962 3530 5016 Τὰ
3556 4963 3664 5035 γὰρ
3693 4963 3796 5036 ἔμ-

2213 5050 2452 5123 προσθεν
2485 5051 2796 5124 παρῆλθονο
2825 5052 2895 5107 τὰ
2926 5053 2981 5108 δὲ
3009 5054 3104 5108 ἐπὶ
3131 5056 3317 5121 τέλους
3348 5056 3468 5127 ὅρα.

2283 5230 2534 5286 EPBAN.
2560 5232 2672 5286 Kal
2703 5231 2824 5285 τίνα
2854 5233 2963 5286 εἰσὶ
3001 5232 3069 5286 τὰ
3106 5232 3200 5287 ἐπὶ
3234 5233 3443 5302 τέλους,
3473 5233 3798 5304 ἅνάγγειλόν

2215 5338 2328 5394 μοι.

591 5489 639 5522 οι
676 5485 962 5558 Ειοάειιι,
995 5485 1050 5548 7,
1079 5481 1132 5538 8.
1207 5477 1450 5558 f’nE_x_od.
1474 5493 1663 5545 χχχιιι,
1694 5477 1781 5533 l3.
1824 5477 1870 5510 “
1895 5477 2064 5534 Josue

2188 5479 2275 5535 i5.
2351 5480 2397 5513 “
2426 5481 2569 5538 Psal.
2593 5499 2777 5550 sxxm,
2830 5485 2885 5541 2.
2923 5485 2968 5517 ⁸⁸
2996 5485 3065 5540 lli
3105 5487 3242 5558 Reg.
3277 5486 3541 5553 “111,18.
3611 5485 3658 5518 ⁸⁸
3679 5486 3795 5543 Jer.

526 5576 673 5628 xxxi,
701 5561 754 5613 7-.
830 5557 874 5588 "
906 5555 1011 5610 lsa.
1035 5567 1182 5620 ant,
1208 5550 1392 5606 15-17.

2037 5638 2268 5702 NOTAE.

599 5745 676 5818 (5)
704 5740 914 5818 (Dauid):
946 5739 1291 5818 ιιξειξόμενος.
1326 5735 1533 5794 ϐυιοιι.

598 5809 675 5881 (6)
711 5812 926 5868 Φειὸοἷ.
957 5809 1276 5881 Φείδουε-Ιυ.

601 5876 677 5961 (7')
707 5886 908 5955 Κύριε,
934 5880 1097 5954 Sosia.
1151 5878 1269 5936 Hoc
1310 5893 1422 5934 non
1456 5876 1726 5935 invenitur
1764 5876 1821 5934 in
1849 5879 2106 5933 versione

2131 5814 2141 5820 .
2211 5739 2376 5820 LX};
2408 5741 2486 5820 le-

2287 5812 2363 5885 (8)
2407 5815 2535 5869 Ὅτι
2565 5813 2787 5884 ἁπεσχ.
2822 5813 2982 5869 LXX.
3019 5815 3142 5870 Ὀτι
3176 5815 3408 5888 ἀνέσχον
3433 5813 3625 5887 ὴμῶν;
3652 5813 3726 5868 iu.
