4088 6536
251 433 360 498 717

1212 427 1673 490 DISPUTATIO
1709 427 1872 488 CUM
1913 427 2277 489 HERBANO
2315 428 2601 491 JUD/EO.

3409 432 3513 497 718

323 545 740 601 ΚαὶΟΛῙἸΟΣ.
766 543 864 598 Ἐν
898 543 1054 616 ῥῆμά
1099 559 1181 596 σοι
1234 544 1268 614 ἢ
1325 543 1453 615 μιᾶς
1501 541 1838 613 προφητείας

2016 542 2073 597 S.
2121 543 2327 598 ARCl-l.
2365 543 2607 599 Verbum
2655 559 2826 600 unum
2863 544 2949 600 vel
3000 544 3166 600 unius
3207 546 3516 616 prophetiae

251 641 558 711 σαφήνισον
586 638 679 709 (9)
711 637 816 704 ἔξω
849 635 944 690 τοῦ
989 634 1377 707 διηγήσασθαι,
1410 633 1502 688 καὶ
1536 631 1836 701 ίλιγγιάσαι

249 732 463 802 σφόδρα
485 730 651 802 ἔχεις.

323 823 578 878 ΕΡΒΑΝ.
635 824 911 896 Διήγησαι
974 821 1178 893 μᾶλλον
1244 820 1414 893 μηδὲν
1460 817 1834 888 ἀναϐαλλόμε-

249 933 363 981 νος.

327 1007 440 1060 Καὶ
488 1010 531 1062 0
569 1004 789 1062 ΔΓΙΟΣ.
823 1001 996 1060 Εἶπεν
1053 1004 1282 1068 Ἡσαΐας
1339 1004 1471 1076 περὶ
1521 1002 1699 1074 ὑμῶν,
1743 1001 1834 1055 τὸν

250 1101 494 1170 ἐξαίσιον
526 1101 692 1170 ὄγκον
713 1101 824 1155 τῶν
851 1098 1345 1172 πλημμελημάτων
1378 1097 1533 1168 ὑμῶν
1559 1097 1837 1166 θεασάμε-

252 1211 347 1258 νος
403 1192 695 1266 πόρρωθεν
743 1192 960 1265 ὄμμασι
1012 1190 1390 1264 προφητείας,
1446 1189 1544 1245 καὶ
1597 1189 1682 1243 ὅτι
1739 1189 1840 1258 οὐχ

253 1286 443 1350 ἒξεται
484 1287 678 1355 στῆναι
713 1283 810 1338 ἐπὶ
831 1281 941 1338 τῶν
970 1283 1255 1354 προτέρων
1283 1279 1440 1351 ὑμῶν
1468 1279 1668 1343 ποδῶν,
1703 1278 1839 1331 Ἰου-

249 1380 463 1444 δαϊκοῖς
484 1376 891 1450 χαρακτῆρσιν,
915 1377 970 1431 εί
999 1375 1076 1447 μὴ
1098 1375 1158 1429 ὲν
1187 1374 1265 1446 τῷ
1281 1374 1390 1445 νέῳ
1409 1373 1562 1444 νόμῳ
1582 1370 1680 1426 τοῦ
1701 1371 1838 1441 Χρι-

253 1471 406 1536 στοῦ,
468 1469 673 1539 λέγων’
740 1470 969 1535 Ἄκουε,
999 1466 1256 1537 οὐρανὲ,
1311 1465 1410 1520 καί
1455 1461 1754 1529 ὲνωτίζου,
1801 1464 1840 1530 ἡ

251 1560 356 1630 τῆ,
389 1559 480 1614 ὅτι
521 1560 739 1627 Κύριος
793 1558 1107 1627 ἐλάλησεν
1137 1574 1152 1590 ο
1189 1557 1362 1622 υἱοὺς
1401 1554 1705 1626 ἐγέννησα
1740 1555 1840 1607 καὶ

249 1652 475 1722 ὓψωσα
504 1667 524 1684 ⁸
579 1650 752 1706 αὐτοὶ
811 1649 880 1704 δέ
937 1667 1016 1720 με
1067 1649 1394 1718 ἠθέτησαν.
1454 1646 1699 1719 Πρόσεχε
1756 1646 1842 1700 ἵνα

251 1744 461 1807 συνιεῖς
493 1741 590 1796 καὶ
648 1739 996 1811 ίλιγγιάσεις.
1059 1741 1281 1810 Ἔγνω,
1335 1737 1494 1808 φησὶ,
1521 1733 1682 1802 ,βοῦς
1734 1733 1842 1788 τὸν

250 1836 647 1904 κτησάμενον
706 1832 918 1898 αὐτὸν,
946 1833 1266 1900 ἄνθρωπον
1297 1829 1641 1898 πριάμενον
1687 1825 1836 1897 (10)·

231 1924 355 1979 καί
377 1924 520 1992 ὄνος
555 1924 675 1994 τὴν
708 1923 947 1995 φάτνην
973 1922 1081 1978 τοῦ
1102 1921 1324 1992 Κυρίου
1351 1919 1542 1976 αὐτοῦ
1581 1918 1836 1988 συνῆκεο

265 2013 508 2082 Ἰσραὴλ
544 2013 613 2068 δέ
635 2030 713 2084 με
729 2014 841 2067 οὐκ
865 2013 1040 2082 ἔγνω,
1078 2011 1180 2065 καί
1215 2013 1249 2065 ὀ
1271 2009 1422 2077 λαός
1450 2027 1570 2080 μου
1593 2009 1666 2063 οὐ
1688 2023 1838 2062 συν-

250 2104 422 2175 ῆκεν.
468 2105 632 2177 Ὁρᾷς
675 2103 1159 2176 μυστήριονιπῶς
1197 2103 1296 2157 καὶ
1335 2102 1444 2156 τῶν
1482 2100 1698 2172 κτηνῶν
1726 2099 1839 2171 (ll)

251 2192 428 2266 εἶπεν,
457 2198 540 2262 εἰς
561 2199 629 2270 ἣν
661 2196 785 2251 καθ’
832 2197 1074 2268 ἑκάστην
1099 2193 1448 2269 χορτάζεται.
1487 2191 1731 2263 Ἰσραὴλ
1769 2191 1841 2247 δέ

245 2305 326 2359 με
366 2291 480 2345 οὐκ
508 2289 687 2360 ἔγνω,
719 2287 821 2343 καὶ
855 2293 888 2344 ό
921 2291 1072 2356 λαός
1101 2307 1221 2359 μου
1251 2290 1327 2343 οὐ
1361 2287 1656 2356 συνῆκεν.
1674 2287 1840 2357 Ὀρᾷς

252 2377 572 2448 μυστήριον,
590 2378 707 2441 πῶς
725 2377 939 2441 καὶτῶν
961 2379 1173 2450 κτηνῶν
1189 2374 1341 2431 εἶπεν
1355 2376 1840 2448 ἀναισθητοτὲρους

1940 633 2150 704 absque
2181 635 2292 690 ulla
2317 635 2569 707 longiore
2599 636 2954 694 enarratione
2978 636 3079 691 tibi
3106 637 3434 708 explanabo,
3459 647 3518 696 et

1939 727 2300 782 vehementer
2327 729 2601 799 vertigine
2631 729 2887 785 laborare
2912 738 3087 800 potes.

2010 817 2214 873 HERB.
2250 819 2462 875 Enarra
2485 821 2670 892 potius
2688 830 2745 877 et
2768 837 3006 893 expone,
3031 820 3171 876 nihil
3195 827 3516 876 cunctatus.

2011 995 2067 1051 S.
2089 995 2294 1052 ARCH.
2323 999 2492 1056 Isaias
2515 1001 2586 1057 de
2615 1003 2774 1058 vobis
2798 1004 2957 1071 dixit,
2979 1005 3316 1062 immensum
3347 1014 3514 1077 atque

1939 1088 2264 1144 inusitatum
2319 1101 2633 1148 vestrorum
2687 1096 2962 1152 scelerum
3021 1106 3296 1155 tumorem
3351 1100 3518 1172 longe

1938 1187 2067 1235 ante
2101 1182 2281 1237 oculis
2309 1185 2618 1255 prophetia:
2648 1189 3058 1259 speculatus,et
3079 1191 3230 1262 quod
3259 1208 3373 1249 non
3397 1209 3517 1248 am-

1938 1272 2086 1342 plius
2122 1274 2409 1344 prioribus
2457 1277 2661 1333 vestris
2713 1280 2974 1350 pedibus,
3030 1281 3086 1337 id
3117 1292 3222 1350 est,
3267 1284 3520 1342 Judaicis

1939 1367 2362 1423 cliaracteribus
2393 1377 2450 1423 et
2476 1369 2688 1440 figuris,
2737 1381 2883 1428 stare
2911 1374 3190 1442 poteritis,
3227 1375 3334 1431 nisi
3376 1393 3517 1432 nova

1940 1459 2058 1529 lege
2084 1459 2214 1515 Jesu
2239 1459 2466 1527 Christi,
2502 1464 2694 1520 dicens
2722 1483 2735 1519 :
2763 1467 2921 1534 Audi,
2958 1469 3168 1536 caelum,
3205 1480 3255 1524 et
3302 1473 3520 1527 auribus

1940 1553 2168 1621 percipe,
2203 1561 2370 1616 terra,
2402 1557 2654 1625 quoniam
2681 1557 2938 1614 Dominus
2972 1561 3173 1618 locutus
3215 1573 3290 1618 est
3332 1582 3350 1621 :
3378 1565 3519 1634 ﬁlios

1941 1647 2119 1714 genui,
2149 1654 2199 1698 et
2231 1647 2465 1702 exaltavi
2490 1669 2501 1703 :
2528 1651 2628 1721 ipsi
2651 1659 2830 1706 autem
2858 1670 2938 1707 me
2961 1660 3350 1726 spreverunt“.
3375 1660 3519 1714 Audi

1941 1745 2176 1802 attente,
2205 1747 2266 1794 ut
2303 1741 2602 1812 intelligas,
2631 1752 2687 1799 et
2719 1745 2991 1815 vertigine
3025 1749 3278 1804 tenteris.
3310 1749 3520 1821 Cogno-

1941 1829 2014 1882 vit
2038 1828 2127 1883 bos
2160 1846 2510 1900 possessorem
2535 1850 2714 1898 suum,
2740 1836 3004 1890 hominem
3031 1839 3121 1907 qui
3144 1840 3271 1892 emit
3295 1855 3313 1894 :
3342 1851 3391 1895 et
3414 1843 3522 1896 asi-

1873 1900 1913 1955 Β
1944 1937 2044 1974 nus
2079 1935 2313 1992 praesepe
2359 1924 2560 1977 domini
2603 1925 2687 1978 sui
2738 1925 2999 1981 intellexit
3043 1900 3068 1982 ἐ
3107 1929 3284 1984 Israel
3338 1940 3522 1986 autem

1943 2029 2025 2066 me
2051 2030 2156 2068 non
2186 2017 2433 2086 cognovit
2459 2057 2474 2079 ,
2525 2026 2572 2069 et
2605 2016 2830 2088 papulas
2869 2035 3013 2073 meus
3046 2036 3149 2074 non
3176 2021 3518 2079 intellexit".

1946 2103 2108 2158 Vides
2172 2106 2524 2176 mysterium,
2577 2107 2855 2176 quomodo
2915 2109 3083 2164 etiam
3135 2111 3521 2182 iumentorum

1942 2213 2188 2268 praesepe
2219 2198 2384 2264 dixit,
2409 2197 2576 2270 636
2602 2199 2670 2254 ad
2709 2199 2859 2269 quod
2905 2201 3156 2271 quotidie
3192 2204 3394 2274 pabula
3423 2221 3523 2261 ca-

1942 2289 2119 2360 piunt.
2157 2289 2331 2344 Israel
2382 2297 2563 2343 autem
2604 2305 2685 2343 me
2744 2307 2850 2344 non
2905 2295 3138 2363 agnovit,
3196 2303 3244 2348 et
3298 2295 3523 2367 populus

1942 2397 2086 2434 meus
2121 2398 2222 2435 non
2243 2380 2524 2435 intellexit.
2558 2379 2726 2436 Vides
2747 2383 3094 2452 mysterium,
3126 2386 3404 2454 quomodo
3423 2403 3525 2443 vos

252 2469 400 2540 ὑμᾶς
426 2485 442 2536 ;
473 2463 606 2523 Εἶτα
635 2469 854 2538 ἐπάγει,
884 2469 1033 2525 Οὐαί
1057 2471 1238 2537 ἔθνος
1263 2468 1616 2539 ἁμαρτωλὸν
1634 2507 1650 2533 ,
1687 2468 1838 2536 λαὸς

1940 2471 2209 2540 iumentis
2232 2469 2575 2541 stupidiores
2601 2469 2898 2526 aﬂirmavit
2920 2472 2943 2525 ?
2964 2472 3176 2530 Deinde
3203 2475 3519 2547 subiunxit:

248 2561 494 2631 πλήρης
515 2561 784 2633 ἀνομιῶν
813 2561 951 2634 (12),
981 2562 1084 2617 οὐκ
1103 2563 1162 2616 ὲν
1185 2562 1368 2633 μέρει,
1429 2560 1568 2615 ἀλλὰ
1596 2561 1836 2632 πλήρης’

251 2651 501 2724 σπέρμα,
522 2653 706 2707 οὐκέτι
748 2652 1026 2726 Ἀϐραὰμ,
1061 2653 1200 2708 ἀλλὰ
1254 2653 1497 2724 πονηρόν
1519 2669 1532 2683 ·
1562 2652 1839 2717 υίοῖ,οὑκ-

248 2744 332 2799 ἐτι
359 2745 455 2801 τοῦ
482 2745 841 2816 Θεοῦφιαθὼς
867 2740 1021 2800 εἷπεν
1051 2747 1108 2799 ὲν
1130 2747 1296 2817 ἀρχῇ,
1322 2744 1493 2812 υἱοὺς
1511 2744 1834 2816 ἐγέννησα.

247 2837 367 2892 ἀλλ’
398 2839 506 2892 υἱοὶ
524 2839 742 2909 ἄνομοι,
767 2838 921 2911 φησί.
948 2840 1058 2893 Καὶ
1083 2839 1412 2911 προστίθησι
1443 2837 1542 2909 τὴν
1571 2838 1833 2910 ἄρνησιν,

262 2931 742 3001 Ἐγκατελίπετε,
775 2931 974 3001 λέγων,
1005 2932 1113 2986 τὸν
1143 2933 1387 3000 Κύριον,
1413 2932 1509 2986 καὶ
1544 2931 1839 3000 παρωργί-

247 3036 400 3076 cate
432 3021 542 3076 τὸν
587 3021 760 3093 ἅγιον
799 3021 906 3077 τοῦ
948 3021 1197 3090 Ἰσραὴλ
1226 3019 1662 3093 σταυρώσαντες.
1695 3021 1837 3093 Ὅρα

251 3114 597 3184 προφητείας
645 3113 784 3184 μετὰ
815 3113 1139 3184 ἀσφαλείας.
1176 3114 1252 3166 Οὐ
1290 3111 1452 3183 μόνον
1483 3111 1837 3181 ἐγκατελίπε-

248 3220 332 3269 τε,
361 3205 550 3277 φησὶν,
580 3205 952 3277 ἀρνησάμενοι
1007 3204 1101 3257 τὸν
1142 3204 1200 3256 ὲν
1251 3202 1401 3274 μέσῳ
1430 3201 1585 3273 ὑμῶν
1613 3202 1836 3257 ἐλθόντα

247 3293 327 3359 ὼς
381 3294 692 3366 ἄνθρωπον,
717 3294 862 3348 τοῦτ’
895 3293 1009 3347 ἔστι
1052 3291 1144 3346 τὸν
1173 3291 1379 3363 Κὺριον
1425 3290 1586 3361 ἡμῶν
1628 3291 1838 3363 Ἰησοῦν

247 3385 526 3457 Χριστὸν,
556 3385 693 3440 ἀλλὰ
741 3385 842 3440 και
897 3385 1314 3455 παρωργίσατε
1350 3383 1461 3436 τὸν
1511 3381 1684 3451 ἅγιον
1729 3381 1838 3436 τοῦ

262 3476 553 3546 Ἰσραὴλ,
591 3476 1015 3548 σταυρώσαντες
1081 3476 1281 3547 μάτην
1311 3474 1376 3529 Τί
1429 3475 1708 3546 ὲπλήγητε
1769 3477 1836 3547 τῇ

248 3566 453 3638 καρδίᾳ
474 3566 580 3620 ὑπὸ
608 3565 704 3620 τοῦ
730 3565 985 3622 διαϐόλου
1015 3564 1402 3637 προστιθέντες
1421 3566 1654 3636 ἀνομίας
1677 3582 1691 3630 ;
1725 3565 1840 3617 Οὐκ

248 3658 480 3729 ἢρκεσε,
505 3659 694 3729 φησὶν,
725 3661 754 3712 ό
784 3659 1052 3731 πρότερος
1085 3657 1252 3727 ὖγκος
1284 3655 1394 3712 τῶν
1421 3657 1836 3729 πλημμελημόι⁴

246 3765 383 3813 των,
409 3747 546 3802 ἀλλὰ
606 3751 699 3804 καὶ
742 3750 823 3802 ἔτι
860 3746 1338 3820 βλασφημοῦντες,
1367 3747 1464 3802 καὶ
1519 3749 1710 3810 ποινὰς
1745 3747 1840 3802 ἐπὶ

246 3839 328 3911 τῷ
363 3843 648 3910 μονογενεῖ
669 3841 783 3912 Υίῷ
806 3842 898 3895 τοῦ
925 3841 1064 3895 Θεοῦ
1094 3842 1489 3913 προσάγοντες.
1517 3840 1838 3906 πλεονάζετε

249 3933 347 3987 ἰπὶ
381 3935 504 3997 ταῖς
531 3937 800 4006 κορυφαῖς
825 3933 978 4005 ὑμῶν
1000 3932 1097 4004 τὴν
1118 3932 1370 4004 ἀνομίαν.
1407 3929 1586 3988 Πᾶσα
1602 3930 1839 4000 κεφαλὴ

252 4027 338 4093 τίς
358 4025 571 4081 πόνον·
595 4027 682 4080 ῖνα
695 4026 770 4098 μὴ
791 4027 973 4100 εἴπῃς,
999 4026 1092 4082 καί
1111 4043 1256 4090 τινες
1279 4023 1340 4091 ἐξ
1357 4025 1509 4096 ὑμῶν
1527 4019 1668 4095 ἦσαν
1683 4024 1840 4077 εὐσε-

249 4113 389 4183 ϐεῖς,
415 4117 508 4170 καί
528 4133 676 4181 τινες
703 4117 944 4182 ἀσεϐεῖς,
974 4118 1068 4172 καὶ
1093 4118 1174 4171 ὃτι
1208 4117 1304 4188 οὐχ
1325 4115 1512 4180 ἁπλῶς
1536 4115 1758 4170 ἔλαττόν
1786 4133 1843 4168 τι

247 4207 592 4278 ἡμάρτανον,
626 4208 741 4262 ἀλλ’
766 4210 826 4262 ὲν
863 4207 1013 4280 πόνῳ
1037 4209 1129 4264 καὶ
1151 4209 1208 4262 ἐν
1234 4208 1491 4281 πονηρίᾳ,
1529 4207 1693 4279 φησί·
1732 4207 1841 4262 Kal

247 4297 422 4356 πᾶσα
443 4299 656 4368 καρδία
673 4301 761 4366 είς
778 4300 1284 4369 λύπην.Ἔκαστος
1307 4301 1449 4355 κατὰ
1485 4298 1580 4354 τοῦ
1613 4300 1841 4374 πλησίον

247 4391 419 4446 αὐτοῦ
454 4393 709 4448 ἐλυπεῖτο
730 4393 796 4448 ὲκ
831 4393 1027 4463 φθόνου
1051 4394 1144 4449 καὶ
1186 4394 1408 4466 μήνιδος
1455 4395 1550 4450 καὶ
1600 4395 1838 4458 κακίας,

245 4485 339 4540 διὰ
375 4485 438 4540 τὸ
487 4484 864 4557 πληθυνθῆναι
899 4487 1000 4557 τὴν
1055 4487 1310 4558 ἀνομίαν,
1342 4487 1439 4542 καὶ
1490 4487 1736 4557 ψυγῆναι
1783 4489 1842 4541 ἐν

1943 2561 2029 2615 Va:
2049 2563 2191 2632 genti
2214 2563 2514 2633 peccatrici,
2537 2577 2616 2616 va:
2643 2560 2836 2632 populo
2862 2563 3225 2633 iniquitatibus
3251 2566 3407 2638 pleno
3425 2569 3472 2600 ⁷ο
3507 2586 3520 2621 :

1943 2666 2052 2706 non
2079 2651 2134 2705 in
2168 2661 2347 2722 parte,
2379 2651 2476 2707 sed
2506 2652 2696 2724 pleno,
2728 2667 2922 2710 semen
2943 2670 3056 2711 non
3078 2657 3318 2728 amplius
3343 2659 3524 2716 Abra-

1941 2741 2048 2806 hae,
2081 2743 2180 2798 sed
2217 2743 2534 2815 improbum
2569 2745 2712 2802 dixit
2747 2766 2762 2803 :
2794 2746 2960 2811 filios,
2990 2763 3101 2803 non
3125 2750 3364 2820 amplius
3380 2751 3527 2808 ﬁlios

1940 2835 2063 2897 Dei,
2095 2835 2238 2889 sicut
2269 2835 2407 2890 dixit
2433 2835 2487 2891 in
2535 2835 2839 2907 principio,
2868 2836 3010 2906 ﬁlios
3039 2841 3220 2910 genui,
3249 2839 3347 2895 sed
3379 2840 3528 2898 filios

1939 2925 2182 2982 nefarios
2212 2927 2474 2998 appellat.
2515 2929 2585 2984 Et
2609 2928 2765 2984 addit
2794 2928 3245 3000 abnegationem,
3274 2931 3405 2986 dum
3437 2933 3526 2988 di-

1939 3021 2019 3075 cit
2054 3039 2066 3074 :
2098 3019 2466 3091 Dereliquistis
2497 3020 2804 3087 Dominum,
2833 3031 2880 3075 et
2913 3022 2983 3076 ad
3020 3023 3159 3076 iram
3203 3025 3525 3093 prouocastis

1941 3114 2113 3182 ipsum
2136 3120 2380 3166 sanctum
2429 3111 2670 3175 Israelis.
2705 3113 2858 3168 cruci
2901 3123 2959 3168 et
2991 3113 3244 3184 patibulo
3275 3115 3526 3187 defigen-

1941 3211 2044 3261 tes.
2091 3189 2224 3259 Vide
2245 3204 2358 3275 iam
2395 3220 2521 3260 cum
2551 3205 2891 3262 certitudine
2923 3204 3113 3262 divina
3129 3207 3374 3262 oracula.
3402 3209 3526 3264 Non

1944 3295 2112 3351 modo
2149 3295 2561 3366 dereliquistis,
2607 3297 2719 3361 ait,
2753 3297 3093 3368 abnegautes
3148 3313 3278 3353 eum
3327 3300 3420 3370 qui
3469 3300 3528 3355 in

1943 3385 2190 3440 medium
2243 3387 2417 3442 vestri
2447 3387 2622 3454 venit,
2659 3388 2715 3443 id
2772 3398 2859 3443 est
2913 3389 3208 3446 Dominum
3273 3380 3528 3447 nostrum

1941 3479 2132 3534 Jesum
2145 3476 2462 3546 Christum;
2485 3479 2582 3534 sed
2600 3480 2856 3534 irritastis
2887 3483 3058 3551 ipsum
3073 3490 3318 3537 sanctum
3344 3482 3527 3538 Israe-

1944 3568 2030 3633 lis,
2066 3584 2196 3624 eum
2228 3569 2382 3625 cruci
2411 3568 2752 3641 sufﬁgentcs.
2795 3569 2892 3625 sed
2939 3571 3338 3642 nequidquam.
3382 3573 3528 3640 Quid

1942 3660 2195 3730 percussi
2244 3670 2302 3716 et
2333 3660 2567 3716 sauciati
2613 3659 2799 3716 fuistis
2831 3661 3000 3716 corde
3044 3677 3075 3717 a
3109 3661 3354 3730 diabolo,
3386 3667 3528 3737 adii-

1944 3751 2158 3808 cientes
2188 3752 2541 3822 iniquitatem
2567 3753 2733 3808 ?No'n
2762 3754 2897 3809 satis
2937 3753 3064 3819 fuit,
3107 3755 3209 3820 ait,
3248 3757 3402 3826 prior
3435 3766 3527 3812 tu-

1946 3859 2069 3898 mor
2099 3845 2378 3900 scelerum
2411 3853 2753 3911 vestrorum,
2782 3844 2881 3900 sed
2913 3844 3100 3916 impiis
3136 3848 3408 3904 conviciis
3439 3849 3528 3906 in-

1945 3947 2250 4003 cessentes,
2278 3946 2336 3993 et
2362 3953 2557 4009 poenas
2595 3937 2849 4008 unigena
2890 3937 2988 3993 Dei
3006 3937 3146 3995 Filio
3191 3940 3526 4010 inferentes,

1946 4045 2114 4098 super
2168 4029 2476 4085 verticibus
2529 4029 2736 4084 vestris
2803 4028 3154 4100 iniquitatem
3205 4034 3527 4090 cumulatis.

1947 4121 2114 4176 Omne
2149 4131 2330 4192 caput,
2357 4121 2456 4185 ait,
2493 4121 2564 4175 ad
2591 4120 2828 4175 laborem
2859 4139 2872 4174 :
2906 4131 2968 4177 ut
2998 4139 3109 4178 non
3138 4123 3315 4188 dicas,
3349 4140 3415 4180 ex
3434 4143 3534 4182 vo-

1947 4212 2035 4267 bis
2060 4211 2333 4281 quosdam
2392 4210 2517 4282 pios
2563 4211 2758 4276 fuisse,
2804 4213 3074 4282 quosdam
3107 4230 3243 4270 vero
3276 4215 3482 4287 impios
3513 4237 3528 4272 ;

1947 4319 2054 4359 nec
2079 4302 2410 4373 simpliciter
2430 4311 2488 4358 et
2505 4303 2733 4359 omnino
2757 4303 2945 4360 minus
2967 4305 3103 4376 quid
3125 4322 3221 4362 eos
3244 4323 3528 4378 peccasse.

1951 4395 2050 4452 sed
2100 4396 2156 4449 in
2189 4395 2381 4450 labore
2416 4402 2474 4450 et
2501 4395 2880 4467 improbitate,
2919 4395 3120 4466 inquit,
3153 4397 3224 4452 Et
3261 4416 3415 4453 omne
3440 4418 3532 4454 cor

1947 4485 2019 4538 ad
2081 4485 2400 4538 dolorem".
2459 4485 2850 4556 Unusquisque
2904 4487 3170 4544 adversus
3214 4492 3528 4559 proximum

249 4579 383 4650 ὑμῖν
441 4579 543 4651 τὴν
595 4580 825 4651 ἀγάπην
882 4581 994 4635 τῶν
1022 4581 1262 4636 πολλῶν.
1301 4582 1436 4636 Ἀπὸ
1472 4581 1680 4636 ποδῶν
1728 4583 1838 4648 ἕως

1949 4591 2110 4630 suum
2155 4575 2349 4630 dolore
2403 4574 2844 4630 contristabatur
2884 4592 2998 4645 pra:
3030 4577 3276 4643 invidia,
3330 4588 3387 4633 ct
3446 4580 3528 4634 ira

245 4669 555 4739 κεφαλῆς,
590 4671 759 4742 φησίν
787 4687 801 4703 ·
837 4672 923 4725 ἵνα
958 4670 1037 4742 μὴ
1076 4672 1260 4746 εἴπῃς,
1299 4673 1383 4726 ὃτι
1430 4674 1492 4725 τὺ
1532 4673 1714 4727 κοινὸν
1740 4674 1835 4727 τοῦ

243 4759 377 4814 λαοῦ
429 4761 620 4826 ἁπλῶς
679 4762 978 4834 ὴνόμησεν,
1002 4761 1142 4817 ἀλλὰ
1179 4763 1278 4816 καὶ
1312 4761 1476 4826 αὐτὸς
1509 4765 1538 4817 ὁ
1583 4763 1838 4833 βασιλεὺς

246 4851 404 4922 καὶὴ
440 4851 748 4924 σύγκλητος
790 4851 983 4909 αὑτοῦ.
1025 4851 1201 4906 Τοῦτο
1245 4852 1353 4924 γὰρ
1390 4852 1544 4923 δηλοῖ
1573 4853 1656 4919 τὸ,
1703 4853 1837 4908 ’Λπὸ

241 4940 454 4996 ποδῶν
479 4942 594 5010 ἓως
620 4943 896 5014 κεφαλῆς
957 4943 1158 4999 αὐτῶν
1214 4947 1326 5000 οὐκ
1365 4945 1540 4999 ἔστιν
1588 4944 1681 4998 ἐπ’
1729 4948 1839 4999 αὐ-

241 5030 374 5097 τοῖς
420 5032 536 5104 (15)
575 5034 932 5103 ὀλοκληρία,
956 5033 1102 5089 οὐδὲ
1125 5035 1357 5104 τραῦμα
1389 5035 1459 5088 ἐν
1485 5034 1674 5104 μέρει,
1699 5035 1838 5088 οὔτε

242 5123 496 5195 [uim-lib,
522 5126 664 5180 οὔτε
689 5127 895 5197 πληγὴ
917 5128 1378 5198 φλεγμαίνουσα
1401 5127 1472 5180 ἐν
1490 5125 1698 5194 πέρατι
1726 5126 1834 5222 τεῦ

317 5285 365 5318 ⁸⁸
403 5287 508 5343 lsa.
542 5303 583 5352 ι,
613 5287 668 5342 2.
747 5289 792 5321 ”
826 5287 962 5345 ibid.
997 5289 1052 5345 ὅ.
1130 5290 1174 5321 ⁷ο
1214 5288 1351 5344 ibid.
1412 5289 1466 5344 ι.
1543 5289 1583 5318 ’⁸
1612 5287 1747 5343 ibid.
1773 5289 1830 5344 5.

1941 4683 2087 4722 saeva
2121 4677 2178 4722 et
2207 4665 2564 4736 improbitate
2600 4684 2613 4720 :
2647 4667 2775 4737 quia
2805 4667 3174 4737 multiplicata
3199 4679 3285 4724 est
3324 4670 3529 4740 iniqui-

1945 4769 2048 4825 tas,
2075 4766 2133 4814 et
2157 4760 2287 4829 quia
2325 4759 2378 4813 in
2423 4759 2585 4814 vobis
2644 4759 2861 4814 refrixit
2907 4761 3206 4816 multorum
3255 4763 3521 4818 cbaritas.

1939 4853 1982 4906 Α
2006 4851 2222 4922 pedibus
2253 4867 2419 4923 usque
2463 4851 2533 4905 ad
2575 4862 2755 4921 caput,
2784 4853 2895 4918 ait;
2926 4869 2996 4908 ne
3024 4853 3179 4908 dicas
3207 4855 3406 4925 vulgus
3435 4870 3526 4910 so-

1943 4945 2057 4998 lum
2085 4942 2274 5012 inique
2308 4952 2476 5014 atque
2512 4943 2682 5013 impie
2715 4943 2925 5014 egisse,
2954 4944 3052 5000 sed
3083 4954 3140 5000 et
3184 4945 3301 5017 ipse
3343 4963 3441 5002 rex
3469 4961 3528 5004 et

1942 5035 2242 5091 concilium
2295 5037 2416 5107 ejus
2449 5036 2618 5106 impie
2662 5045 2720 5091 et
2749 5037 3017 5093 scelerate
3052 5037 3184 5109 egit.
3218 5039 3336 5095 Hoc
3374 5041 3524 5098 enim

1945 5127 2214 5193 declarat,
2241 5127 2285 5183 Α
2314 5127 2526 5198 pedibus
2550 5144 2715 5200 usque
2741 5127 2811 5184 ad
2837 5140 2997 5200 caput
3036 5131 3294 5203 ipsorum,
3325 5150 3428 5189 non
3449 5145 3527 5191 est

1773 5398 2002 5456 ΝΟΤΔΕ.

344 5493 814 5584 ἓλκξιξειῖνισρνς
855 5497 1165 5584 ξεφηνίσω-
1198 5497 1404 5584 “vtet-

347 5565 436 5636 10)
465 5567 806 5639 Ἄνθρωπον
869 5565 1217 5639 πριάμενον.
1281 5568 1617 5639 Huiusmodi
1673 5570 1837 5625 scho-

247 5635 391 5700 lion,
418 5635 549 5690 'sive
583 5635 804 5706 ingenio
843 5635 1217 5700 amanuensis,
1247 5635 1488 5693 sive'alii
1522 5641 1838 5695 versionuin

249 5706 487 5780 editioni
517 5715 804 5780 acceptum
837 5707 1131 5780 referatur,
1163 5707 1466 5780 absurdum
1497 5720 1646 5765 certe
1674 5720 1838 5780 atque

248 5777 547 5852 absonum.
579 5777 863 5852 “lassum
879 5793 954 5841 οη
978 5777 1154 5848 Epist.
1190 5777 1259 5852 de
1301 5779 1511 5850 Aquila:
1534 5781 1588 5835 in
1635 5777 1836 5852 Script.

248 5847 470 5903 Philon.
502 5847 629 5904 Jud.
663 5847 979 5920 fragment.,
1021 5847 1144 5920 pag.
1183 5849 1273 5904 2-5.

2011 5497 2124 5568 (Η)
2157 5495 2422 5568 κτηνῶν.
2459 5497 2690 5567 Κτηνῶν
2716 5497 2943 5566 φάτνην.
2967 5498 3170 5555 GULON.

1999 5567 2122 5639 (12)
2165 5567 2478 5639 Ἀνομιῶν.
2511 5568 2842 5639 Ἀμαρτιῶν.
2875 5571 2950 5625 In.

2012 5638 2123 5708 (15)
2153 5639 2286 5710 _’E;z‘
2311 5638 2539 5710 αὐτοῖς.
2573 5638 2766 5696 Scrlbe
2808 5642 2867 5692 ὲν
2895 5641 3064 5710 αὐτῷ.
3102 5642 3174 5696 In.
3211 5672 3279 5682 —
3305 5643 3518 5699 Praece-

1939 5707 2077 5784 dens
2105 5707 2287 5784 αρτῶν
2317 5718 2373 5784 et
2399 5709 2807 5784 subsequentia
2841 5713 2899 5763 ὲν
2919 5707 3109 5784 μέρει,
3144 5713 3341 5768 desunt
3372 5716 3518 5784 apud

1940 5778 2101 5853 LXX.
2132 5777 2294 5853 Hunc
2329 5778 2511 5834 locum
2536 5777 2695 5836 aliter
2729 5779 2889 5836 effert
2918 5777 3166 5852 Vulgata,
3212 5793 3268 5838 et
3295 5777 3519 5853 quidem

1941 5849 2114 5904 multo
2147 5849 2479 5920 planiorem.
2792 5873 2803 5885 ~
