4094 6548
578 426 684 493 719

1531 427 1589 486 S.
1626 424 2048 486 GREGENTII
2086 421 2320 485 EPISC.
2359 423 2886 486 TAPHARENSIS

3744 422 3860 486 720

577 546 632 599 in
663 544 792 615 ipsis
826 542 1037 613 integra
1068 543 1306 608 sanitas,
1339 557 1505 612 neque
1533 540 1724 596 vulnus
1760 543 1817 596 in
1845 551 2020 614 parte,
2060 558 2156 597 ne-

2268 542 2715 613 σώματος,ἀλλά
2761 543 2872 596 ἀπὸ
2916 542 3128 598 ἀνωθεν
3175 543 3283 606 ἕως
3332 543 3485 596 κάτω
3525 541 3722 613 βαθεῖα
3750 543 3861 614 ἀῤ-

579 651 679 708 que
707 636 841 691 livor
875 645 924 691 et
942 636 1114 700 vibex,
1152 651 1318 706 neque
1351 634 1513 707 plaga
1537 636 1729 691 ardens
1748 637 1806 692 in
1827 637 2160 690 extremitate

579 729 818 800 corporis
835 729 914 791 ἠς
939 728 1036 782 scd
1061 743 1092 782 a
1115 737 1271 798 parte
1295 742 1512 782 summa
1533 743 1711 799 usque
1741 728 1810 784 ad
1835 728 2001 783 imam
2026 743 2158 799 pro-

580 819 752 874 funda
777 819 1065 890 aegrotatio
1090 826 1148 872 et
1178 817 1342 873 dolor
1367 817 1576 874 eﬂ‘erus
1600 828 1766 890 atque
1782 817 2158 874 indomabilis.

580 909 703 964 Non
733 916 819 964 est
853 924 944 963 ars
990 923 1172 978 neque
1218 908 1563 978 experientia
1586 949 1602 975 ,
1633 924 1757 979 qua:
1786 910 1943 980 juvet
1971 917 2029 964 et
2061 923 2161 964 cu-

585 1016 710 1056 rare
743 1001 948 1055 valeat.
985 999 1144 1056 Haud
1174 1002 1309 1058 licet
1336 1003 1610 1073 malagma
1653 1002 1950 1072 applicare,
1981 1016 2161 1072 neque

582 1092 769 1147 oleum
795 1091 1104 1158 aﬂ‘undere,
1139 1102 1370 1165 propter
1385 1096 1602 1165 peccati
1627 1094 2016 1166 pervicaciam,
2042 1093 2157 1148 vel-

587 1194 652 1240 ut
689 1185 948 1240 morbum
974 1192 1224 1242 tenacem
1251 1194 1308 1242 et
1325 1187 1736 1243 ineluctabilem
1761 1201 1908 1242 :non
1935 1185 2162 1241 fasciam

585 1281 1007 1350 circumpouere
1030 1287 1260 1351 propter
1281 1294 1378 1335 cor
1397 1280 1774 1350 impamitens.
1802 1278 1965 1334 Terra
1989 1287 2164 1332 vestra

585 1375 818 1438 deserta,
852 1372 908 1427 id
931 1381 1040 1439 est,
1074 1381 1296 1428 terrena
1325 1371 1678 1426 tabernacula
1698 1412 1713 1438 ,
1745 1377 2007 1440 tanquam
2034 1369 2168 1424 alie-

587 1473 714 1519 nata
758 1479 791 1519 a
829 1471 1022 1519 sancto
1051 1480 1065 1518 :
1092 1464 1222 1533 quia
1277 1471 1508 1533 peccato
1551 1470 1608 1517 et
1660 1462 1875 1518 scelere
1941 1461 2164 1517 referta.

2263 632 2468 704 ρωστία
2520 634 2617 687 καὶ
2663 634 2825 706 ὀδύνη
2883 635 3232 705 ἀκυρίευτος.
3287 634 3405 688 Οὐκ
3450 634 3571 687 ἐστι
3615 634 3790 704 τέχνη
3822 635 3860 704 ἢ

2261 724 2430 796 πεῖρα
2481 722 2771 793 ὠφελοῦσα
2811 724 2949 797 πρὸς
2981 725 3246 797 ίατρείαν.
3284 725 3397 779 Οὐκ
3426 724 3546 778 ἐστι
3579 725 3862 795 μάλαγμα

2261 815 2553 882 ἐπιθεῖναι,
2576 815 2701 869 οὔτε
2743 815 2947 883 ἔλαιον,
2976 816 3065 872 sta:
3117 817 3182 872 τὸ
3225 816 3493 888 ἐπίμονον
3533 817 3636 889 τῆς
3666 817 3863 889 ἀμαρ-

2261 905 2407 968 τίας.
2474 903 2590 958 Οὐκ
2635 904 2751 959 ἐστι
2799 906 2943 960 κατά
2995 904 3196 978 δεσμοῦ
3233 905 3347 978 (14)
3378 905 3630 976 ποιῆσαι,
3671 906 3763 961 διά
3791 905 3863 959 τὸ

2262 998 2656 1069 ἀμετανόητον.
2673 997 2746 1054 Ἦ
2757 996 2832 1069 γῆ
2849 999 3019 1069 ὑμῶν
3029 1001 3270 1068 ἕρημος,
3285 998 3578 1066 τοῦτ’ἔστι,
3597 999 3668 1053 τά
3685 999 3860 1071 γήῖνα

2265 1090 2622 1163 σκηνώματα,
2663 1091 2741 1156 ὡς
2789 1091 3053 1164 ἀλλότρια
3103 1092 3200 1148 τοῦ
3260 1093 3442 1160 ἁγίου,
3474 1093 3563 1146 διά
3609 1093 3675 1146 τὸ
3709 1089 3859 1146 εἶναι

2263 1183 2579 1255 ἐφάμαρτα.
2613 1183 2761 1250 Ναὸς
2790 1185 2901 1256 γάρ
2927 1185 3023 1240 τοῦ
3051 1184 3211 1251 Θεοῦ,
3232 1187 3261 1240 ό
3279 1185 3512 1256 εὐσεϐὴς
3534 1184 3854 1258 ἄνθρωπος.

2259 1274 2325 1327 Al
2351 1273 2560 1338 πόλεις
2607 1273 2776 1343 ὑμῶν
2819 1276 3224 1344 πυρίκαυστοι
3248 1314 3264 1338 ,
3296 1275 3467 1346 ἤγουν
3494 1275 3552 1328 al
3605 1274 3858 1344 πονηραὶ

2268 1368 2606 1436 συναγωγαὶ,
2640 1367 2718 1432 ώς
2767 1369 3053 1440 ἀνειμέναι
3101 1370 3265 1440 φλογὶ
3314 1370 3618 1442 ἁμαρτίας,
3651 1369 3743 1422 διὰ
3787 1367 3860 1422 τὸ

2271 1458 2346 1531 μὴ
2366 1456 2508 1513 εἶναι
2537 1459 2734 1530 βουλὴν
2761 1461 3102 1533 θεοπραγίας
3132 1462 3338 1528 ἐκεῖσε,
3367 1460 3507 1516 ἀλλά
3531 1459 3729 1531 λοιμοῦ
3752 1461 3861 1515 καὶ

586 1557 879 1628 Templum
908 1556 1057 1611 enim
1092 1554 1213 1620 Dei,
1244 1554 1410 1609 homo
1445 1553 1591 1624 pius.
1633 1553 1792 1609 Urbes
1819 1561 2006 1608 vestrae
2049 1553 2164 1624 igne

2268 1551 2534 1623 πονηρίας
2566 1554 2843 1624 πυρκαϊὰν
2881 1554 2940 1607 ἐν
2962 1555 3078 1618 τοῖς
3102 1553 3510 1624 συνδυάσμασιν
3535 1551 3862 1622 ἀναπτομέ-

585 1664 850 1704 succenses
895 1648 1085 1702 sunt"
1115 1664 1129 1701 :
1164 1647 1220 1701 id
1269 1654 1396 1712 est,
1443 1660 1732 1718 synagogas
1783 1645 2051 1716 improbae
2107 1652 2164 1699 ut

2268 1659 2386 1714 νην.
2426 1642 2548 1713 Τὴν
2589 1644 2791 1714 χώραν
2826 1643 2996 1716 ὑμῶν
3043 1644 3305 1700 ἐνώπιον
3332 1645 3500 1716 ἡμῶν
3538 1644 3863 1713 ἀλλότριοι

585 1753 870 1794 succensae
891 1737 1111 1793 ﬂamma
1157 1738 1398 1808 peccati,
1425 1737 1558 1808 quia
1588 1753 1701 1792 non
1735 1736 1808 1791 sit
1835 1737 1948 1792 illic
1976 1737 2164 1791 conci-

2268 1735 2700 1791 κιιτεσθίουσιν
2732 1735 2846 1807 (15)
2868 1753 2883 1769 ⁸
2927 1737 3097 1807 ῆγουν
3149 1735 3214 1790 τὸ
3260 1737 3320 1790 ἐν
3377 1739 3490 1800 τοῖς
3539 1733 3866 1808 ἀνθρώποις

583 1831 722 1887 lium
756 1830 960 1885 divinae
1007 1830 1264 1894 actionis,
1311 1829 1407 1884 sed
1443 1829 1553 1884 luis
1584 1837 1640 1884 et
1670 1827 2042 1898 improbitatis
2078 1827 2164 1882 in-

2271 1825 2409 1897 βίον,
2473 1827 2569 1880 καὶ
2613 1826 2711 1898 τὴν
2757 1827 3000 1882 διάνοιαν
3030 1829 3079 1882 oi
3131 1829 3362 1900 πονηροὶ
3409 1828 3666 1899 δαίμονες
3724 1842 3868 1879 κατ-

583 1921 870 1987 cendium,
907 1920 1056 1990 quod
1091 1921 1349 1976 venereis
1381 1920 1770 1990 complexibus
1801 1919 2016 1990 ﬂagrat.
2064 1917 2164 1973 Rc-

2275 1915 2551 1970 εσθίουσι·
2582 1916 2686 1971 καὶ
2715 1918 3020 1989 ἠρήμωται
3043 1917 3510 1988 κατεσκαμμένη
3545 1917 3668 1972 ὑπὸ
3685 1915 3868 1971 λαῶν

584 2016 794 2085 gionem
838 2022 1096 2077 vestram,
1146 2012 1303 2083 idque
1351 2011 1495 2066 vobis
1552 2011 1960 2082 aspicientibus,
2001 2008 2164 2064 alieni

2271 2009 2839 2077 ἀλλοτρίων,όνοῦς
2894 2011 2992 2064 καὶ
3045 2012 3081 2083 ἡ
3139 2010 3343 2081 καρδία
3403 2009 3508 2064 ὑπὸ
3551 2008 3865 2080 ἀλλοτρίων

584 2105 885 2159 devorant:
910 2102 1175 2158 videlicet
1225 2103 1524 2156 humanam
1547 2101 1748 2166 vitam,
1789 2112 1848 2158 et
1893 2101 2164 2173 cognitio-

2273 2098 2694 2170 κακοπραγιῶν.
2727 2101 3060 2172 Προσέχεις,
3099 2096 3146 2157 ὧ
3198 2100 3422 2174 Ἐρϐᾶν,
3469 2099 3588 2164 πῶς
3625 2098 3866 2162 Ἡσαΐας

585 2212 714 2252 nem
760 2196 985 2267 maligni
1028 2195 1310 2249 daemones
1363 2203 1749 2250 consumunt:
1787 2203 1836 2248 et
1893 2195 2164 2250 devastata

2273 2189 2445 2258 λέγει,
2469 2189 2570 2261 τὴν
2598 2190 2839 2262 παντελῆ
2879 2191 3274 2263 ἐγκατάλειψιν
3300 2192 3399 2245 τοῦ
3433 2189 3593 2255 Θεοῦ,
3621 2190 3727 2243 καὶ
3757 2189 3867 2260 τὴν

587 2294 685 2350 est,
722 2286 906 2339 diruta
947 2291 998 2338 et
1049 2284 1234 2354 effossa
1265 2300 1297 2336 a
1349 2281 1555 2355 populis
1596 2283 1787 2337 alienis
1807 2284 1873 2347 7‘,
1920 2298 2078 2339 mens
2110 2291 2164 2337 et

2274 2283 2367 2351 ἀφ’
2402 2282 2556 2352 ὑμῶν
2583 2282 2934 2354 ἀναχώρησιν
2963 2300 2978 2350 ;

587 2392 684 2432 cor
712 2377 782 2430 ab
841 2375 1041 2431 alienis
1084 2374 1272 2445 pravis
1311 2375 1646 2431 actionibus.
1696 2375 2133 2441 Animadvertis,
2201 2390 2235 2430 o
2274 2375 2557 2442 Herbane,
2615 2377 2901 2447 quomodo
2953 2377 3126 2434 Isaias
3178 2378 3338 2444 dicit,
3397 2375 3713 2432 absolutam
3763 2372 3864 2432 Dei

587 2467 980 2532 desertionem,
1005 2473 1063 2520 et
1087 2483 1118 2521 a
1137 2465 1297 2522 vobis
1322 2467 1737 2524 secessionem?

658 2559 866 2615 HEBB.
891 2560 1061 2629 Perge
1085 2559 1341 2626 ulterius,
1377 2569 1435 2616 et
1460 2561 1739 2618 invenies.

659 2651 718 2707 S.
745 2649 952 2706 ARCH.
985 2650 1247 2716 Quaenam
1279 2651 1598 2707 inveniam?
1628 2652 1777 2708 Nihil
1801 2651 1975 2718 aliud,
1998 2667 2165 2722 quam

590 2755 741 2801 tuam
767 2744 1178 2802 exactissimam
1211 2745 1454 2800 ruinam.

655 2922 864 2978 IIERB.
895 2923 1174 2994 Loquere,
1198 2923 1444 2978 etsciam
1467 2936 1593 2993 quae
1622 2929 1812 2978 nostra
1838 2922 1911 2978 sit
1928 2921 2092 2977 ruina
2111 2931 2169 2977 et

591 3017 904 3074 subversio.

659 3109 721 3166 S.
769 3105 978 3164 ARL‘H.
1005 3106 1064 3161 Si
1112 3105 1220 3170 vis,
1289 3105 1584 3178 diligenter
1630 3107 1877 3162 attende.
1930 3105 2171 3160 Derelin-

2342 2560 2592 2617 EPBAN.
2619 2559 2806 2615 Δὶελθε
2831 2560 2913 2615 ἐτι
2933 2562 3254 2634 κατωτέρω,
3285 2561 3382 2615 καὶ
3401 2562 3678 2633 εὑρήσεις.

2342 2654 2457 2709 Kal
2505 2654 2550 2708 0
2605 2654 2832 2721 ΔΓΙΟΣ,
2865 2655 3026 2721 Τίνα,
3051 2653 3179 2727 εφη,
3219 2654 3558 2727 εὑρήσομαι;
3601 2654 3676 2708 Ἦ
3702 2653 3866 2709 οὐδὲν

2271 2747 2479 2817 ἕτερον,
2531 2745 2566 2818 ἢ
2622 2746 2843 2810 πάντως
2902 2747 3005 2819 τὴν
3062 2747 3164 2820 σὴν
3216 2747 3630 2821 ἀκριϐεστάτην
3681 2747 3861 2802 κατά-

2272 2855 2449 2893 Λυσιν.

2343 2930 2591 2989 EPBAN.
2623 2930 2736 2987 Kal
2768 2931 2988 3005 οῑσομαι
3029 2931 3142 3005 (16)
3171 2931 3254 2997 τίς
3299 2933 3335 3004 ἠ
3380 2929 3631 3003 ἡμετέρα
3680 2930 3861 2986 κατά-

2272 3021 2448 3086 λυσις.

2346 3111 2525 3165 Καὶο
2557 3111 2779 3168 ΑΓῙΟΣ.
2802 3112 2866 3165 El
2891 3110 3092 3178 θέλεις,
3131 3111 3372 3182 πρόσεχε
3405 3127 3421 3143 ο
3479 3111 3861 3183 Ἐγκαταλειο

589 3210 804 3275 quetur,
829 3198 1034 3268 inquit,
1064 3197 1181 3266 ﬁlia
1208 3195 1404 3262 Sionis,
1437 3204 1494 3250 ut
1514 3197 1884 3252 umbraculum
1911 3198 1966 3252 in
1989 3200 2162 3265 vinea,

2269 3199 2582 3268 φθήσεται,
2613 3201 2802 3272 φησιν,
2832 3202 2873 3269 ἡ
2910 3201 3173 3273 θυγάτηρ
3209 3201 3384 3270 Σιὼν,
3421 3203 3503 3270 ὡς
3546 3204 3754 3272 σκηνὴ
3788 3204 3860 3258 ἐν

589 3303 642 3349 et
675 3294 811 3348 sicut
836 3291 1110 3360 tugurium
1141 3289 1198 3342 in
1223 3289 1587 3343 cucumerario
1611 3329 1626 3354 ,
1677 3298 1726 3342 et
1757 3297 1815 3343 ut
1854 3290 2040 3344 civitas
2069 3289 2163 3343 ob-

589 3403 731 3442 sessa
760 3388 825 3437 ⁷³.
849 3381 1130 3452 Numquid
1170 3381 1340 3437 habes
1369 3382 1439 3436 ad
1490 3381 1607 3437 haec
1638 3381 1867 3438 dicere?
1892 3381 2170 3450 Quemad-

590 3478 840 3542 modum,
869 3475 1072 3545 inquit,
1109 3475 1206 3544 qui
1238 3475 1294 3528 in
1325 3474 1564 3546 tuguriis
1588 3473 1864 3540 habitant,
1899 3481 1956 3528 et
1976 3473 2169 3528 vineas

590 3585 721 3628 suas
743 3567 1070 3626 custodiunt
1091 3576 1148 3622 et
1177 3566 1582 3630 cucumeraria,
1608 3580 1721 3620 non
1749 3565 1913 3620 aliam
1938 3565 2010 3620 ob
2033 3581 2167 3620 cau-

589 3679 708 3719 sam
737 3676 904 3732 quam
933 3661 1094 3731 plane
1124 3667 1350 3729 propter
1377 3659 1593 3714 fructus
1624 3672 1778 3724 suos,
1820 3657 2027 3728 quibus
2053 3657 2168 3713 col-

587 3753 748 3810 lectis
780 3761 838 3807 et
860 3751 1251 3816 vindemiatis,
1293 3749 1518 3804 deserta
1566 3757 1757 3820 postea
1803 3764 1904 3805 sua
1948 3749 2168 3821 tuguria

585 3845 934 3914 relinquunt,
982 3849 1040 3897 et
1095 3842 1165 3896 ad
1215 3841 1496 3896 domicilia
1535 3841 1699 3912 637
1742 3857 1841 3897 sua
1871 3842 2166 3909 recedunt,

585 3949 770 4005 neque
797 3933 1039 4002 amplius
1055 3933 1274 3987 vineam
1300 3947 1456 3988 suam
1494 3932 1701 3987 nudam
1725 3933 2051 3990 custodiunt
2073 3943 2170 3988 aut

585 4021 1033 4080 cucumerarium
1068 4038 1082 4076 :
1108 4021 1192 4077 sic
1233 4021 1380 4077 Deus
1405 4037 1539 4093 erga
1562 4031 1812 4093 ,vestraJn
1839 4037 2164 4094 synagogam

585 4115 822 4171 allectus
853 4113 978 4168 fuit.
1003 4112 1260 4180 Quandiu
1287 4113 1438 4168 enim
1477 4121 1604 4168 ante
1627 4112 1837 4168 Christi
1867 4113 2167 4169 adventum

586 4207 1093 4280 quomodocunque
1118 4205 1359 4261 fructum
1391 4204 1698 4260 secundum
1733 4205 1910 4274 legem
1945 4204 2167 4259 fereba-

587 4301 690 4366 tis;
716 4308 787 4354 ut
811 4299 993 4354 bonus
1025 4297 1216 4368 templi
1241 4305 1450 4361 custos,
1475 4303 1736 4366 tanquam
1771 4296 1882 4350 alio
1908 4295 2167 4351 taberna-

587 4390 718 4446 culo
744 4389 850 4444 sibi
901 4387 1172 4459 perfecto,
1221 4387 1278 4440 in
1303 4401 1372 4441 eo
1396 4384 1674 4450 habitans,
1706 4384 1801 4455 qui
1831 4385 2020 4439 omnia
2067 4385 2169 4439 im-

589 4482 726 4552 plet,
752 4479 1102 4536 custodiebat
1129 4478 1311 4534 tribus
1337 4485 1572 4533 vestras.
1604 4475 1744 4533 Cum
1767 4491 1903 4532 vero
1934 4493 2166 4547 prorsus

2272 3288 2600 3356 ἀμπελῶνι,
2637 3289 2736 3344 καί
2757 3291 2844 3357 ὡς
2859 3291 3360 3362 ὁπωροφυλάκιον
3390 3294 3460 3348 ἐν
3480 3294 3855 3363 σικυηλάτῳ,

2271 3379 2469 3447 καὶώς
2505 3382 2683 3448 πόλις
2703 3383 3212 3454 πολιορκουμένη.
3252 3384 3467 3440 Οὐκοῦν
3501 3386 3568 3439 σὺ
3612 3386 3667 3441 τί
3707 3387 3858 3457 ἔχεις

2272 3472 2412 3543 πρὸς
2441 3472 2617 3528 ταῦτα
2641 3473 3094 3545 ἀποφθέγξασθαι
3119 3493 3135 3544 ;
3171 3477 3383 3550 Ὠσπερ
3414 3477 3549 3550 γὰρ,
3576 3479 3771 3551 φησιν,
3802 3482 3852 3533 oi

2271 3563 2329 3614 ἐν
2372 3563 2493 3626 ταῖς
2534 3561 2802 3628 καλύϐαις
2845 3565 3148 3632 οίκοῦντες,
3190 3567 3288 3621 καὶ
3329 3570 3457 3632 τοὺς
3519 3570 3860 3640 ἀμπελῶνας

2270 3649 2454 3704 αὐτῶν
2487 3650 2876 3721 φυλάσσοντες,
2901 3655 2996 3708 καὶ
3015 3655 3085 3708 τὰ
3102 3655 3432 3727 σικυήλατα,
3455 3657 3526 3710 δι’
3544 3656 3701 3711 οὐδὲν
3737 3657 3860 3712 ἓτε-

2272 3759 2366 3816 ρον
2407 3742 2442 3815 ἢ
2477 3743 2699 3808 πάντως
2742 3743 2831 3799 διά
2858 3747 2988 3810 τοὺς
3015 3751 3263 3819 καρποὺς
3292 3749 3495 3814 αὐτῶν,
3514 3748 3611 3803 τοῦ
3632 3749 3858 3821 καρποῦ

2268 3853 2300 3889 τ
2307 3835 2656 3908 ρυγηθέντος,
2674 3837 2918 3909 ἐρήμους
2937 3839 3000 3893 τὸ
3014 3839 3199 3896 λοιπὸν
3215 3842 3730 3914 καταλιμπάνοντες
3755 3847 3860 3912 τὰς

2271 3927 2535 3994 καλύϐας,
2555 3928 2653 3981 ἐπὶ
2684 3929 2754 3982 τὰ
2776 3930 2954 3983 οίκεῖα
2983 3930 3382 4004 ἀναχωροῦσιν,
3413 3936 3508 3988 καὶ
3536 3936 3723 3990 οὐκέτι
3749 3952 3860 4004 γυ-

2277 4019 2418 4090 μνὴν
2451 4019 2553 4088 τὴν
2578 4020 2823 4092 ἄμπελον
2869 4023 3410 4093 παραφυλάττουσιν,
3437 4027 3471 4098 ἢ
3504 4028 3564 4081 τὸ
3593 4029 3862 4100 σικυήλα-

2270 4127 2362 4164 τον
2386 4127 2401 4141 ·
2435 4110 2579 4165 οὕτω
2612 4113 2825 4184 πέφυκε
2865 4115 2962 4169 καὶ
2992 4118 3020 4170 ό
3051 4117 3184 4182 Θεὸς
3213 4121 3276 4190 τῇ
3335 4123 3627 4193 συναγωγῇ
3673 4122 3857 4194 ὑμῷν.

2271 4203 2482 4274 Μέχρις
2517 4205 2641 4258 ὅτου
2690 4207 2799 4280 γὰρ
2844 4209 2952 4282 πρὸ
2981 4212 3086 4282 τῆς
3144 4213 3450 4285 παρουσίας
3487 4215 3582 4268 τοῦ
3609 4215 3858 4287 Χριστοῦ

2270 4293 2520 4348 ὁπωσοῦν
2577 4297 2790 4368 καρπὸν
2822 4301 3071 4374 νομίμως
3103 4303 3351 4375 ἐφέρετε,
3401 4305 3477 4369 ὡς
3511 4306 3718 4375 ἀγαθὸς
3751 4308 3860 4378 φύς

2270 4386 2369 4454 λαξ
2399 4385 2495 4440 τοῦ
2525 4388 2678 4453 ναοῦ,
2703 4390 2780 4454 ὡς
2801 4391 2967 4464 ἄλλης
2993 4394 3199 4466 σκηνῆς
3228 4395 3377 4467 αὐτῷ
3405 4397 3855 4470 ἀπηρτισμένης,

2271 4478 2330 4532 ἐν
2365 4478 2514 4550 αὑτῷ
2559 4482 2832 4538 κατοικῶν
2864 4485 2893 4538 ό
2926 4483 2996 4539 τά
3045 4486 3224 4541 πάντα
3279 4487 3523 4560 πληρῶν,
3580 4489 3856 4558 ἐφύλαττε

589 4572 714 4626 sine
747 4570 929 4626 fructu
978 4567 1386 4640 permansistis,
1421 4576 1478 4623 et
1519 4569 1804 4639 copiosam
1851 4569 2163 4640 iniquitatis

2269 4569 2368 4633 τάς
2407 4570 2581 4641 φυλάς
2610 4573 2788 4644 ὑμῶν.
2822 4575 3060 4630 ὐπόταν
3091 4577 3151 4631 δὲ
3191 4579 3540 4634 παντάπασιν
3589 4580 3856 4652 ἐμείνατε

589 4663 842 4720 sobolem
905 4662 1558 4735 propagastis:intuitus
1616 4662 1764 4718 Deus
1813 4664 2020 4718 malum
2067 4679 2166 4719 ve-

589 4763 767 4810 strum
794 4753 1098 4808 insanabile
1125 4769 1156 4807 a
1187 4753 1328 4823 lege,
1350 4752 1518 4807 alium
1541 4753 1766 4808 modum
1796 4755 1994 4810 salutis
2008 4755 2168 4811 vobis

587 4843 944 4916 excogitavit,
972 4850 1028 4897 et
1052 4841 1396 4913 unigenitum
1423 4842 1622 4898 Filium
1650 4858 1812 4898 suum
1825 4851 1883 4899 et
1907 4843 2166 4899 Servato-

590 4951 710 4991 rem
751 4934 974 4990 caelitus
1015 4932 1260 4988 demisit.
1310 4934 1608 5004 Postquam
1633 4949 1767 4990 vero
1812 4935 1867 4989 in
1898 4936 2019 5008 lege
2054 4950 2165 4991 non

591 5027 769 5099 adjuti
795 5067 812 5094 ,
846 5041 1028 5096 neque
1077 5026 1135 5079 in
1184 5025 1364 5096 gratia
1406 5025 1626 5096 probati
1679 5026 1862 5082 fuistis
1895 5045 1909 5082 :
1942 5029 2165 5083 solvens

587 5118 736 5172 Deus
779 5116 849 5170 ad
881 5125 1077 5186 gentes
1114 5116 1353 5186 trajecit,
1379 5133 1502 5187 quae
1552 5117 1734 5188 ipsum
1783 5128 2160 5190 exceperunt,

589 5224 798 5279 easque
823 5223 1029 5264 novum
1054 5209 1313 5263 Israelem
1337 5211 1656 5280 appellavit,
1683 5220 1740 5265 et
1764 5211 2009 5267 haeredes
2035 5228 2167 5268 con-

587 5301 772 5356 stituit
819 5301 1067 5355 omnium
1099 5315 1221 5371 qua:
1249 5309 1433 5356 vestra
1486 5313 1664 5367 erant,
1703 5312 1760 5357 et
1791 5303 1948 5373 regni
1992 5305 2162 5360 coelo-

589 5409 732 5448 rum.
778 5392 973 5447 Nonne
1016 5392 1188 5464 igitur
1232 5393 1480 5448 derelicta
1543 5401 1619 5446 est
1656 5393 1771 5461 lilia
1819 5393 1994 5450 Sionis
2031 5397 2163 5450 sicut

653 5551 837 5607 "‘lsa.
860 5567 903 5620 ι,
938 5550 994 5607 6.
1038 5549 1084 5582 τι
1108 5548 1245 5606 ibid.
1322 5551 1375 5604 7.
1449 5547 1651 5604 “ibid.
1727 5551 1773 5582 τε
1796 5550 1935 5609 ibid.
1967 5551 2021 5608 8.

2267 4662 2532 4734 ἄκαρποι,
2567 4665 2662 4720 καὶ
2694 4666 3064 4740 ὲϐλαστήσατε
3101 4670 3345 4743 μεγάλην
3377 4673 3632 4744 ἀνομίαν,
3671 4674 3796 4728 ίδὼν
3823 4677 3856 4730 ό

2268 4754 2402 4819 Θεὸς
2431 4756 2493 4811 τὸ
2548 4758 2905 4833 ἀνιάτρευτον
2935 4763 3089 4833 ὑμῶν
3132 4763 3241 4817 ἀπὸ
3283 4763 3380 4818 τοῦ
3429 4767 3621 4836 νόμου,
3661 4767 3854 4840 ἕτερον

2269 4847 2563 4919 ἐπινοήσας
2589 4849 2704 4922 (17)
2736 4853 2940 4922 τρόπον
2969 4855 3100 4926 ὑμῖν
3130 4857 3423 4930 σωτηρίας,
3458 4859 3550 4912 τὸν
3577 4861 3850 4934 μονογενῆ

2269 4937 2397 4992 Υἱὸν
2428 4939 2593 4993 αὑτοῦ
2624 4941 2718 4994 καὶ⁴
2747 4942 2978 5015 Σωτῆρα
3003 4944 3411 5013 ἐξαποστείλας.
3455 4948 3676 5022 Ἐπειδὴ
3707 4951 3766 5004 δὲ
3789 4952 3851 5004 ἐν

2267 5027 2347 5100 τῷ
2370 5028 2521 5101 νόμῳ
2553 5030 2631 5102 μὴ
2655 5031 3050 5104 ὠφεληθέντες,
3077 5035 3202 5091 οὔτε
3236 5039 3295 5092 ἐν
3325 5040 3391 5110 τῇ
3421 5039 3605 5110 χάριτι
3637 5041 3852 5094 εὐδοκι-

2278 5121 2510 5192 μήσατε,
2544 5124 2765 5196 ἀπάρας
2788 5125 2817 5178 ὁ
2845 5125 2979 5192 Θεὸς
3001 5129 3348 5202 ἀνεχώρησεν
3376 5133 3455 5196 είς
3478 5132 3547 5185 τὰ
3572 5132 3723 5204 ἔθνη,
3754 5133 3853 5188 καὶ

2273 5215 2522 5281 ἐδέξαντο
2543 5217 2728 5284 αὑτὸν,
2754 5219 2852 5273 καὶ
2880 5221 3142 5276 ἐκάλεσεν
3169 5222 3310 5276 αὐτὰ
3340 5223 3556 5296 Ἰσραὴλ
3585 5225 3726 5291 νέον,
3757 5225 3852 5280 καὶ

2274 5309 2824 5383 κατεκληρονόμησεν
2853 5314 3037 5378 αὐτοῖς
3075 5314 3255 5370 πάντα
3284 5305 3458 5388 ὑμῶν,
3492 5318 3586 5371 καὶ
3623 5317 3725 5388 τὴν
3754 5317 3852 5388 βα⁴

2273 5400 2479 5456 σιλείαν
2537 5402 2647 5456 τῶν
2701 5404 2973 5476 οὐρανῶν.
3026 5405 3239 5464 Οὐκοῦν
3289 5409 3721 5480 ἐγκατελείφθη
3767 5410 3850 5475 ὡς

2088 5666 2313 5725 ΝΟΤιΕ.

657 5761 705 5833 (1
717 5761 769 5829 ι)
794 5758 957 5815 Κατὰ
982 5759 1233 5833 δεσμοῦ.
1264 5759 1671 5833 Καταδέσμους.
1695 5759 1903 5818 ϐυιοα.

657 5829 769 5901 (15)
805 5834 941 5886 Κατ.
980 5829 1120 5884 Κατ.
1159 5830 1351 5900 αὑτήν.
1382 5829 1458 5885 1n.

2335 5765 2447 5843 με)
2474 5766 2747 5843 (locum.
2785 5768 2976 5843 Scribe
3002 5771 3241 5843 είσομαι.
3271 5774 3343 5829 lo.

2346 5837 2458 5908 (17)
2493 5838 2872 5909 Ἐπινοήσας.
2905 5841 3099 5898 Scribe
3124 5837 3415 5914 ἐπενόησε.
3446 5848 3516 5901 In.
