4088 6534
236 425 334 489 721

1192 430 1651 492 DISPUTATIO
1690 432 1849 493 CUM
1893 431 2258 495 HERBANO
2296 433 2583 495 IUDJEO.

3400 438 3509 501 722

227 538 433 609 σκηνή
471 538 542 593 ἐν
596 538 928 610 ἀμπελῶνι,
954 539 1054 595 καὶ
1102 540 1183 608 ὡς
1228 543 1726 614 ὀπωροφυλάκιον
1750 545 1821 599 ἐν

1938 547 2293 602 imbraculum
2336 549 2392 601 in
2440 548 2613 610 vinea,
2643 553 2692 599 et
2733 547 2870 599 sicut
2898 544 3227 615 tuguriolum
3257 549 3312 600 in
3348 565 3510 603 cucu-

227 629 603 699 σικυηλιίτφ,
656 632 756 685 καὶ
809 632 890 698 ὡς
921 633 1100 699 πόλις
1139 637 1661 707 πολιορκουμένῃ
1706 638 1815 691 Καὶ

227 721 291 776 τὸ
321 722 512 776 λοιπὸν
540 724 617 788 ὡς
648 722 811 787 κύνες
836 725 1249 796 ἀναισχυντεῖτε
1291 728 1682 799 φλυαροῦντες,
1718 731 1816 784 καὶ

230 814 653 885 θεομαχοῦντες,
694 817 819 870 ἐπεὶ
851 816 1011 887 λόγον
1040 818 1133 874 τὸν
1159 822 1368 875 οίονοῦν
1399 825 1480 886 είς
1514 823 1816 894 ἀπολογίαν

228 909 334 961 οὐκ
364 906 543 978 ἔχετε.

305 1086 554 1139 EPBAN.
595 1086 736 1157 Λέγε
765 1104 856 1159 μοι
881 1090 980 1163 τὴν
1015 1096 1378 1168 προφητείαν,
1408 1098 1504 1152 καὶ
1537 1099 1661 1172 οῐσῃ
1697 1099 1814 1170 (l8)

234 1176 559 1248 κατωτέρω.

307 1269 419 1320 Καὶ
449 1269 490 1321 0
526 1269 749 1325 ΑΓΙΟΣ.
793 1270 928 1325 Τίνα
980 1271 1130 1341 λέγει
1180 1273 1320 1345 μετά
1350 1275 1565 1343 caiisa;
1601 1280 1817 1345 πάντως,

233 1361 361 1415 τάδε
387 1379 401 1395 ’
430 1361 540 1417 Καὶ
561 1365 611 1417 εί
631 1363 717 1433 μὴ
742 1364 956 1433 Κύριος
974 1364 1370 1435 ἐγκατέλιπεν
1388 1368 1531 1438 ὑμῖν
1555 1370 1817 1441 σπέρμα,

234 1456 319 1522 ὡς
364 1456 598 1527 Σόδομα
653 1457 731 1512 ἂν
782 1458 1125 1528 ἐγενήθητε,
1181 1462 1282 1515 καί
1324 1462 1405 1527 ὡς
1442 1465 1721 1534 Γόμορρα
1745 1465 1823 1520 ἂν

235 1547 595 1616 ὡμοιώθητε.

312 1641 560 1694 EPBAN.
622 1640 797 1694 Τοῦτο
850 1642 1035 1696 ἱκανὸν
1088 1644 1244 1715 ἡμῖν,
1285 1644 1368 1697 ὅτι
1413 1645 1477 1699 οὐ
1536 1647 1824 1713 παντελῶς

237 1738 389 1807 ἡμᾶς
410 1736 774 1808 ὲξωλὸθρευσε
802 1739 1025 1810 Κύριος,
1050 1738 1188 1794 ἀλλά
1212 1743 1435 1812 σπέρμα
1456 1743 1590 1813 ἡμῖν
1622 1746 1824 1813 ὲγκατ-

240 1831 416 1884 έλιπε.
454 1830 526 1883 Τὸ
581 1830 691 1902 γὰρ
749 1830 991 1903 σπέρμα,
1039 1832 1069 1885 ὃ
1099 1832 1267 1902 λέγει,
1299 1835 1383 1888 ὅτι
1434 1835 1584 1906 παρὰ
1619 1838 1825 1908 Κυρίου

241 1922 669 1994 ἐγκατελείφθη,
700 1923 919 1988 πάντως
955 1926 1117 1995 ἡμεῖς
1171 1927 1359 1997 ἐσμεν,
1394 1928 1445 1981 oi
1488 1929 1694 2001 ἀρτίως
1740 1932 1823 1985 δι-
1855 1914 1898 1970 Β

246 2016 688 2088 εσκορπισμένοι
716 2018 774 2071 ὲν
800 2017 906 2089 ὅλῳ
934 2017 1013 2089 τῷ
1047 2018 1257 2088 κόσμῳ,
1276 2021 1369 2073 καὶ⁵
1402 2018 1821 2093 φυλασσόμενοι,

246 2110 317 2161 ἵν’
340 2110 404 2164 ὲκ
431 2108 525 2163 τοῦ
562 2108 760 2181 μικροῦ
793 2110 1130 2181 σπέρματος,
1161 2111 1246 2163 ἐπ’
1276 2111 1524 2181 ἐσχάτων
1551 2114 1662 2169 τῶν
1691 2117 1827 2187 ἡμε-

246 2202 381 2272 ρῶν,
416 2203 450 2273 ἡ
482 2205 552 2273 γῆ
581 2204 681 2271 τῆς
710 2202 1045 2271 ἐπαγγελίας
1073 2204 1423 2276 ἀνασπαρθῇ,
1458 2207 1555 2260 καὶ
1588 2207 1826 2279 πληθυν-

245 2298 507 2368 θήσονται
564 2300 621 2352 αἱ
675 2299 907 2368 ἄρουραι
962 2299 1065 2369 τῆς
1138 2299 1445 2371 καλλίστης
1500 2302 1676 2375 φυλῆς
1731 2303 1826 2358 τοῦ

263 2390 503 2462 Ἰσραὴλ,
546 2391 715 2462 ἡγουν
764 2391 820 2445 ai
869 2391 1053 2455 πόλεις
1093 2393 1193 2461 τῆς
1230 2391 1509 2461 Ἰουδαίας,
1540 2398 1639 2467 τῆς
1664 2396 1827 2451 δωδε-

246 2484 495 2553 καφύλου
526 2484 859 2555 κληματίδος
892 2483 985 2538 τοῦ
1020 2484 1172 2539 λαοῦ.

321 2576 429 2630 Καὶ
466 2574 512 2631 Ο
549 2574 765 2631 ΑΓΙΟΣ.
803 2576 1059 2630 Τοσαῦτα
1085 2577 1496 2647 ἀναστομωθεὶς
1540 2577 1641 2649 τῆς
1675 2578 1829 2631 ἐλπί-

243 2666 338 2729 δος
367 2664 571 2735 ταύτης
599 2665 810 2720 οὐδέπω
837 2666 935 2737 τὴν
966 2667 1243 2721 ἀναίδειαν
1270 2667 1593 2731 ἀνέστειλας
1617 2668 1830 2738 ςὍμως

246 2756 303 2810 τί
336 2773 423 2810 σοι
446 2755 546 2820 τάς
578 2755 812 2826 μέμψεις
858 2758 1248 2828 προσάγομεν;
1290 2758 1450 2821 κυνὸς
1501 2759 1611 2830 γὰρ
1665 2761 1831 2813 τόπον

248 2850 492 2920 ἐπέχεις.
528 2848 691 2912 Ἐθος
718 2848 827 2920 γάρ
859 2848 947 2902 ἀεὶ
989 2852 1102 2913 τοῖς
1159 2850 1286 2903 κυσὶ
1328 2850 1700 2921 ραὁδίζεσθαι,
1736 2852 1832 2906 καὶ

248 2940 349 3011 τῆς
382 2938 563 3003 οίκίας
593 2938 940 3005 ἐλαύνεσθαι,
973 2941 1069 2994 καὶ
1106 2944 1171 3011 τῇ
1214 2941 1462 3014 ἀναιδείᾳ
1493 2942 1655 2997 πάλιν
1689 2961 1834 3014 χρω-

251 3035 442 3105 μένοις
472 3033 827 3106 ὲπιλελῆσθαι
860 3034 953 3089 τὸν
1004 3036 1322 3108 ραεδισμὸν,
1354 3038 1451 3091 καὶ
1507 3037 1608 3107 τῆς
1657 3039 1834 3102 οἰκίας

248 3124 403 3177 ἔνδον
436 3123 765 3189 είσΰάλλειν,
801 3119 922 3179 εἶτα
970 3124 1292 3191 τύπτεσθαι,
1345 3126 1442 3180 καὶ
1491 3126 1831 3191 ἐξωθεῖσθαι.

252 3218 564 3290 Τοιγαροῦν
591 3218 686 3272 καὶ
721 3218 860 3289 μετά
890 3218 1090 3284 ταῦτα,
1114 3219 1270 3291 τύψω
1297 3238 1391 3275 σου
1414 3220 1513 3291 τὴν
1536 3221 1833 3285 ἀναίδειαν,

249 3311 351 3365 καὶ
374 3310 550 3377 διώξω
584 3310 849 3383 σφοδρῶς,
897 3312 979 3366 ὅτι
1014 3312 1134 3383 εἰκῆ
1178 3313 1276 3366 καὶ
1321 3312 1499 3383 μάτην
1544 3313 1827 3386 λοιδορεῖς.

251 3402 427 3468 Δείξω
462 3420 545 3456 σοι
572 3401 631 3455 δὲ
669 3403 751 3457 ὅτι
785 3402 880 3457 ἐὰν
914 3404 990 3474 μὴ
1025 3405 1105 3467 εἱς
1141 3405 1242 3473 τὴν
1272 3404 1436 3473 ἁγίαν
1478 3404 1684 3476 Τριάδα
1734 3404 1832 3477 βα-

255 3492 542 3564 πτισθῆτε,
579 3493 677 3564 οὐχ
699 3493 853 3560 ἕξετε
894 3494 1042 3565 ζωὴν
1077 3496 1135 3548 ὲν
1180 3496 1418 3558 ἑαυτοῖς.
1469 3495 1544 3548 Τὸ
1596 3495 1715 3565 μὲν,
1748 3496 1832 3549 ὅτι

254 3588 329 3641 ει
354 3585 441 3654 μὴ
486 3585 880 3654 ἐγκατέλιπεν
923 3586 1070 3655 ὑμῖν
1116 3586 1378 3656 σπέρμα,
1434 3588 1692 3659 ἀνωτέρω
1752 3604 1833 3641 σοι

255 3676 591 3746 ἀπήγγειλα,
642 3678 723 3731 ὅτι
775 3677 927 3747 δηλοῖ
970 3678 1004 3748 ἡ
1060 3677 1299 3747 ἔμφασις
1344 3676 1533 3742 αὑτοῦ,
1565 3679 1694 3749 περὶ
1742 3679 1834 3732 τὸν

270 3766 487 3838 Ἰσραὴλ
511 3766 645 3837 (i9),
673 3766 870 3829 οἵτινες
925 3766 1318 3830 πιστεύσαντες
1347 3770 1426 3830 είς
1454 3767 1691 3837 Χριστὸν
1725 3768 1832 3837 Ἰη-

259 3858 412 3924 σοῦν,
448 3859 543 3911 καὶ
574 3859 859 3923 σωθέντες.
913 3859 1049 3930 Περὶ
1082 3860 1141 3912 δὲ
1170 3858 1265 3913 τοῦ
1302 3860 1503 3931 μέρους
1546 3861 1699 3930 ὑμῶν
1725 3861 1835 3913 τῶν

256 3950 525 4015 ἀπίστων,
579 3949 796 4020 εἴρηται
845 3951 997 4023 παρὰ
1054 3952 1301 4005 Ἦσαϊου·
1345 3953 1659 4008 Ἀκούσατε
1704 3954 1832 4027 γὰρ,

261 4042 417 4112 φησὶ,
451 4043 640 4111 λόγον
681 4041 817 4113 (20),
860 4042 1148 4112 ἄρχοντες
1168 4044 1449 4113 Σοδόμων
1479 4062 1493 4075 ο
1524 4046 1835 4115 ἐπίστασαι,

261 4135 357 4189 καὶ⁵
387 4134 736 4206 προστίθησι.
763 4136 825 4189 Τί
847 4153 949 4205 μοι
977 4135 1211 4205 πλῆθος
1232 4135 1352 4190 τῶν
1381 4137 1609 4191 θυσιῶν
1635 4137 1838 4207 ὑμῶν;

264 4228 433 4298 λέγει
465 4228 716 4297 Κύριος-⁸
771 4228 859 4281 ἵνα
884 4226 959 4299 μὴ
1007 4228 1260 4300 καυχήσῃ
1310 4229 1493 4295 αὐτὸς,
1525 4231 1607 4283 ὅτι
1654 4230 1839 4286 δέεται

262 4322 471 4394 Κύριος
493 4322 679 4384 ἁπλῶς
714 4320 824 4374 τῶν
853 4320 1061 4375 θυσιῶν
1106 4321 1283 4393 ὑμῶν,
1314 4323 1408 4376 καὶ
1435 4324 1621 4377 ἕνεκεν
1647 4326 1839 4378 τούτου

263 4415 564 4483 ἀναστήσει
581 4413 747 4468 πάλιν
768 4415 866 4477 τὰς
892 4414 1213 4483 συναγωγὰς
1240 4416 1414 4483 ὑμῶν.
1442 4416 1685 4486 Πλήρης
1702 4419 1840 4487 ειμι,

262 4505 450 4576 φησιν,
480 4505 990 4575 ὁλοκαυτωμάτων
1034 4505 1237 4574 κριῶν,
1269 4507 1367 4561 καί
1405 4509 1590 4578 στέαρ
1622 4509 1841 4578 ἀρνῶν,

1923 643 2189 707 merario,
2230 650 2280 695 et
2309 640 2451 695 velut
2485 642 2669 693 civitas
2708 654 2826 709 qua:
2869 639 3105 708 grauiter
3149 639 3420 695 obsidetur
3460 653 3511 695 et

1923 742 2168 789 vastatur
2202 733 2463 787 hostiliter
2487 734 2512 786 Ρ
2551 732 2825 786 Creterum
2873 746 2974 785 vos
3013 730 3161 786 sicut
3193 748 3364 788 canes
3401 733 3510 787 im-

1922 826 2202 896 pudentes
2245 826 2381 880 estis
2410 833 2703 895 nugantes,
2735 832 2791 877 et
2833 824 2949 878 Deo
2980 824 3338 890 rebellantes,
3373 841 3515 895 quo-

1921 920 2072 974 niam
2101 920 2313 973 nullam
2339 918 2569 973 omnino
2597 918 2870 972 rationem
2897 916 2965 971 ad
2992 916 3375 973 defensionem
3411 919 3511 973 ha-

1924 1010 2089 1066 betis.

1995 1104 2200 1158 HERB.
2228 1102 2419 1159 Recita
2442 1101 2580 1156 mihi
2612 1101 2984 1172 prephetiam,
3015 1108 3069 1157 et
3102 1102 3245 1157 scies
3275 1118 3397 1173 qua:
3429 1103 3514 1157 in-

1926 1195 2119 1251 ferius.

1997 1289 2053 1345 S.
2089 1288 2293 1343 ARCH.
2329 1288 2462 1355 Quae
2493 1296 2682 1358 postea
2716 1286 2870 1353 dicit,
2896 1288 3014 1343 haac
3044 1296 3173 1343 sunt
3208 1289 3369 1357 plane
3401 1306 3413 1342 :
3441 1288 3511 1343 Et

1927 1383 2029 1436 nisi
2061 1382 2316 1435 Dominus
2354 1380 2648 1451 reliquisset
2680 1380 2821 1434 vobis
2863 1396 3061 1444 semen,
3107 1382 3242 1435 sicut
3282 1380 3511 1437 Sodoma

1928 1476 2054 1545 facti
2080 1476 2278 1539 essetis,
2308 1481 2359 1526 et
2390 1473 2697 1530 Comorrhaz
2736 1473 2934 1528 similes
2966 1475 3194 1545 fuissetis
3226 1476 3293 1529 ⁷⁸.

1999 1653 2206 1709 HERB.
2254 1653 2368 1709 Hoc
2415 1651 2574 1708 nobis
2619 1653 2752 1707 satis
2783 1661 2890 1715 est,
2922 1652 3070 1722 quod
3119 1669 3227 1707 non
3264 1653 3519 1710 funditus

1929 1761 2033 1800 nos
2058 1746 2203 1800 Deus
2246 1744 2657 1809 exterminavit,
2696 1744 2793 1800 sed
2832 1760 3019 1801 semen
3070 1746 3232 1800 nobis
3267 1746 3510 1815 reliquit.

1931 1837 2046 1893 Hoc
2093 1837 2243 1892 enim
2290 1852 2499 1901 semen,
2548 1837 2696 1907 quod
2729 1836 2924 1892 dicita
2968 1838 3204 1893 Domino
3252 1839 3510 1893 relictum

1927 1946 2069 1995 esse,
2094 1932 2255 2001 plane
2278 1946 2490 1995 sumus,
2516 1931 2610 2000 qui
2640 1931 2804 1985 modo
2836 1931 3071 2002 dispersi
3099 1946 3294 1987 sumus
3318 1933 3372 1986 in
3399 1940 3513 1987 toto

1927 2024 2153 2088 mundo,
2186 2033 2242 2078 et
2267 2023 2360 2093 qui
2393 2038 2761 2087 asservamur,
2792 2033 2852 2077 ut
2880 2039 2947 2078 ex
2982 2023 3181 2094 exiguo
3214 2024 3426 2080 semine
3458 2025 3513 2079 in

1927 2117 2139 2172 ultimis
2170 2116 2367 2171 diebus
2398 2126 2544 2171 terra
2579 2115 2964 2185 promissionis
3000 2125 3220 2170 seratur
3250 2133 3262 2169 :
3289 2125 3344 2170 et
3370 2116 3514 2169 mul-

1930 2207 2332 2278 tiplicabuntur
2351 2224 2482 2262 arva
2505 2207 2825 2262 clarissima:
2848 2205 3026 2261 tribus
3048 2207 3288 2273 lsraelis,
3316 2222 3515 2277 nempe

1926 2300 2181 2356 civitates
2207 2300 2427 2365 Iudaeas,
2462 2315 2587 2370 qua:
2616 2308 2701 2355 est
2742 2299 2873 2355 vitis
2916 2299 3214 2355 duodecim
3264 2299 3523 2357 tribuum

1929 2392 2144 2463 populi.

2003 2584 2060 2638 S.
2082 2581 2287 2638 ARCH.
2314 2580 2628 2652 Totiesjam
2657 2580 2764 2637 hac
2787 2581 2897 2652 fspe
2932 2598 3241 2653 repressus,
3268 2584 3519 2639 nondum

1933 2674 2331 2746 impudentiam
2377 2674 2671 2744 repulisti?
2703 2675 3097 2731 Verumtamen
3146 2690 3248 2730 cur
3273 2676 3374 2731 tibi
3419 2676 3519 2731 has

1932 2766 2390 2837 reprehensiones
2419 2765 2783 2819 adhibemus?
2810 2764 2977 2820 Canis
3016 2767 3163 2821 enim
3206 2767 3387 2822 locum
3419 2766 3522 2821 ob-

1933 2858 2097 2912 tines.
2133 2856 2250 2911 Mos
2280 2856 2428 2910 enim
2458 2864 2544 2911 est
2568 2871 2788 2925 semper
2809 2856 3061 2921 canibus,
3098 2866 3158 2911 ut
3191 2859 3519 2913 verberibus

1933 2947 2057 3003 caesi
2085 2946 2248 3002 domo
2280 2947 2593 3017 abigantur,
2626 2946 2722 3000 sed
2753 2946 3096 3015 impudentia
3132 2947 3280 3012 freti,
3309 2957 3366 3003 et
3388 2964 3519 3004 ver-

1934 3039 2236 3095 berationis
2269 3038 2450 3102 obliti,
2482 3052 2677 3092 rursus
2706 3036 2930 3092 domum
2975 3038 3278 3105 introeant,
3311 3054 3376 3095 ac
3419 3039 3520 3095 de-

1934 3146 2048 3185 nuo
2097 3130 2391 3195 feriantur,
2424 3138 2481 3185 et
2525 3130 2892 3199 expellantur.
2922 3129 3270 3201 Quapropter
3318 3132 3519 3186 iterum

1862 3253 1905 3312 ο
1938 3229 2088 3275 tuam
2136 3219 2537 3290 impudentiam
2581 3220 2911 3286 verberabo,
2938 3229 2995 3276 et
3024 3237 3326 3291 persequar
3354 3222 3523 3281 vehe-

1938 3320 2172 3375 menter,
2204 3311 2335 3382 quia
2370 3320 2578 3365 temere
2602 3320 2661 3365 et
2694 3310 2902 3366 frustra
2940 3312 3294 3367 conviciaris.
3321 3312 3522 3371 Osten-

1936 3404 2061 3458 dam
2103 3402 2226 3467 tibi,
2261 3402 2412 3473 quod
2446 3402 2552 3457 nisi
2586 3401 2640 3456 in
2693 3411 2938 3458 sanctam
2986 3403 3316 3459 Trinitatem
3364 3421 3527 3461 sacro

1937 3495 2155 3549 lavacro
2183 3494 2486 3564 regenerati
2519 3503 2575 3550 et
2611 3493 2769 3549 tincti
2810 3493 3053 3559 fueritis,
3084 3511 3198 3550 non
3249 3496 3526 3553 habebitis

1938 3586 2106 3641 vitam
2136 3586 2192 3640 in
2215 3585 2392 3640 vobis.
2426 3585 2570 3655 Ergo
2605 3584 2739 3639 illud
2771 3602 2783 3638 :
2812 3584 2927 3639 Nisi
2955 3584 3249 3656 reliquisset
3272 3587 3411 3641 vobis
3446 3602 3529 3641 se-

1940 3693 2081 3740 men,
2116 3676 2372 3745 superius
2396 3675 2497 3730 tibi
2524 3675 2661 3740 dixi,
2692 3676 2837 3745 quod
2865 3676 3110 3731 declarat
3142 3678 3263 3747 ejus
3290 3678 3524 3747 species,

1940 3767 2008 3823 de
2030 3767 2294 3822 lsraclitis
2320 3767 2415 3836 qui
2450 3783 2550 3837 per
2588 3767 2749 3822 fidem
2784 3768 2843 3821 in
2877 3768 3067 3823 Jesum
3093 3767 3376 3823 Christum
3409 3784 3529 3824 ser-

1942 3861 2053 3915 vati
2083 3860 2327 3914 fuerunt.
2356 3859 2425 3914 At
2450 3875 2584 3913 vero
2620 3860 2689 3913 de
2713 3866 2897 3913 vestra
2933 3866 3111 3929 parte,
3146 3861 3241 3930 qui
3282 3861 3417 3915 estis
3446 3862 3528 3915 in-

1945 3952 2156 4016 fideles,
2197 3951 2406 4005 dictum
2456 3961 2541 4005 est
2587 3950 2657 4005 ab
2702 3951 2898 4006 eodem
2954 3952 3091 4005 Isaia
3123 3970 3137 4005 :
3166 3952 3378 4017 Audite,
3426 3952 3527 4015 ait,

1944 4045 2154 4100 uerbum
2187 4044 2417 4108 Domini,
2451 4044 2709 4114 principes
2733 4042 3081 4098 Sodomorum
3108 4059 3126 4108 ;
3148 4046 3401 4115 percipite
3433 4062 3531 4099 au-

1946 4137 2086 4191 ribus
2111 4136 2275 4206 legem
2294 4134 2387 4188 Dei
2397 4134 2648 4205 ,pOpulus
2671 4135 2975 4191 Gomorrha:
2995 4136 3064 4199 ⁷⁷,
3087 4144 3285 4191 caetera
3316 4137 3444 4200 seis,
3474 4146 3530 4191 et

1946 4228 2098 4283 addit
2142 4244 2156 4280 :
2203 4225 2315 4291 Quo
2360 4227 2485 4280 mihi
2518 4225 2799 4280 multitudo
2832 4228 3164 4282 victimarum
3200 4229 3532 4284 uestrarum?

1947 4321 2070 4374 dicit
2121 4319 2371 4373 Dominus
2399 4335 2416 4373 :
2442 4335 2512 4373 ne
2542 4326 2728 4373 autem
2750 4318 3024 4390 glorieris,
3067 4321 3224 4389 quasi
3266 4321 3531 4376 Dominus

1947 4416 2173 4470 omnino
2197 4413 2398 4469 vestris
2422 4412 2706 4469 sacriﬁciis
2738 4420 2794 4469 et
2822 4414 3063 4469 victimis
3091 4414 3354 4485 indigeat,
3383 4430 3534 4470 eam-

1950 4523 2057 4576 que
2076 4506 2149 4562 ob
2179 4522 2400 4561 causam
2440 4513 2651 4560 vestras
2672 4521 2973 4577 synagogas
2995 4506 3401 4561 instauraturus
3424 4507 3531 4561 sit:

262 4596 364 4649 καί
400 4591 544 4666 αἷμα
594 4596 831 4664 ταύρων
863 4596 965 4651 καί
992 4598 1226 4666 τράγων
1258 4600 1329 4653 οὐ
1357 4601 1679 4671 βούλομαι,
1712 4602 1834 4658 οὐδ¹

1953 4598 2143 4653 Plenus
2164 4615 2301 4664 sum,
2328 4598 2528 4668 inquit,
2558 4597 2873 4651 holocaustis
2902 4599 3165 4662 arietum;
3196 4606 3245 4650 et
3273 4613 3535 4667 agnorum

262 4689 344 4741 ἂν
388 4686 649 4756 ἓρχησθε
694 4687 804 4743 τοῦ
844 4688 1106 4757 ὀφθῆναί
1131 4707 1254 4758 μοι.
1291 4692 1465 4744 Βαὸαὶ
1492 4694 1587 4747 τοῦ
1621 4695 1835 4765 μίσους.

265 4778 415 4833 Πόσα
448 4781 597 4833 κακὰ
623 4780 822 4849 ποιεῖή
851 4778 1033 4851 ψυχρά
1061 4782 1305 4852 ἁμαρτία
1329 4785 1341 4837 l
1368 4784 1507 4848 Τοὺς
1530 4785 1845 4856 ἀγαπητοὺς

264 4870 362 4923 τοῦ
393 4870 530 4923 Θεοῦ
562 4872 706 4941 ὑμᾶς
755 4870 1076 4940 βδελυκτοὺς
1103 4874 1345 4945 ἀπειργά
1362 4878 1605 4930 σατο.οὐ
1626 4878 1847 4942 ,βούλο-

260 4979 394 5032 μαι,
423 4963 610 5033 φησὶν,
672 4963 800 5018 οὐδ’
842 4964 919 5018 ἂν
955 4966 1217 5034 ἐρχησθε
1256 4966 1362 5020 τοῦ
1406 4967 1668 5037 ὀφθῆναί
1721 4987 1845 5039 μοι.

272 5052 377 5119 Τίς
405 5052 516 5123 γὰρ
547 5053 660 5125 (21)
689 5055 1017 5125 ἐξεζήτησε
1046 5052 1253 5125 ταῦτα,
1307 5058 1475 5129 ἤγουν
1504 5059 1603 5123 τὰς
1634 5062 1848 5127 θυσίας,

265 5147 341 5201 ἐκ
370 5145 493 5201 τῶν
524 5146 738 5216 χειρῶν
770 5148 968 5218 ὑμῶν;
1000 5150 1211 5205 πατεῖν
1240 5150 1353 5218 τὴν
1379 5152 1580 5220 αὐλήν
1611 5172 1731 5222 μου
1776 5157 1849 5209 οὐ

271 5235 701 5309 προσθήσεσθε
733 5255 747 5270 ·
786 5238 1016 5302 Οὐκοῦν,
1076 5241 1219 5305 τίνος
1270 5244 1694 5316 ἀκροασώμεθα,
1754 5243 1847 5300 τοῦ

345 5359 395 5390 τι
422 5359 528 5415 lsa.
562 5376 601 5425 ι,
631 5360 685 5416 9.
726 5326 807 5393 ’ττ
840 5362 977 5418 ibid.
1014 5362 1098 5418 ιο.

1950 4690 2160 4759 adipem
2207 4697 2257 4742 et
2307 4689 2622 4758 sanguinem
2668 4698 2949 4742 taurorum
2982 4694 3030 4741 et
3074 4690 3339 4742 hircorum
3389 4689 3533 4750 nolo,

1952 4794 2116 4851 neque
2139 4782 2184 4834 si
2206 4781 2451 4834 ueneritis
2467 4781 2522 4833 in
2536 4789 2869 4850 conspectum
2890 4797 3084 4834 nteant.
3107 4779 3196 4834 Vae
3218 4794 3317 4845 vae,
3342 4779 3533 4833 odium

1951 4883 2037 4929 est
2067 4882 2125 4928 et
2163 4872 2521 4928 abominatio.
2555 4874 2701 4940 Quot
2724 4881 2779 4927 et
2810 4881 3014 4942 quanta
3058 4872 3199 4927 mala
3243 4880 3534 4942 peccatum

1953 4963 2211 5035 frigidum
2241 4967 2553 5035 perpetrat!
2589 4966 2697 5021 Vos
2727 4964 2961 5020 dilectos
3000 4964 3119 5029 Dei,
3155 4972 3211 5018 et
3252 4964 3538 5020 abomina-

1950 5057 2090 5114 biles
2121 5066 2178 5113 et
2217 5058 2584 5114 exsecrandos
2630 5058 2909 5112 reddidit:
2935 5056 3093 5120 Nolo,
3136 5058 3340 5127 inquit,
3372 5073 3537 5127 neque

1945 5153 1991 5206 si
2030 5151 2275 5207 veneritis
2306 5152 2364 5205 in
2399 5158 2731 5221 conspectum
2760 5166 2953 5203 meum.
2993 5149 3122 5215 Quis
3166 5151 3308 5204 enim
3350 5151 3538 5220 exqui—

1950 5245 2071 5301 sivit
2106 5247 2234 5311 hac,
2275 5260 2472 5315 nempe
2505 5242 2772 5300 sacrificia
2800 5249 2858 5299 et
2885 5243 3163 5310 victimas,
3195 5243 3258 5296 de
3295 5241 3538 5296 manibus

1811 5462 2044 5521 ΝΟΤᾹΞ.

352 5543 465 5622 (ἓξ)
507 5546 909 5622 glan._Scribe
942 5550 1062 5622 είση
1084 5550 1190 5622 Ατά.
1220 5549 1427 5608 ϐυιοκ.

348 5605 464 5692 ζ
497 5605 766 5692 Πφίτὸζ
810 5605 1169 5692 ἸσμβιΞί-ἱὺθ
1203 5605 1329 5691 περὶ
1351 5605 1463 5675 τῶν
1488 5622 1582 5676 τοῦ
1624 5625 1755 5692 Ἰσρ.
1778 5624 1852 5679 lo.

350 5684 466 5756 (ΞΟ)
496 5688 708 5762 Miror.
734 5684 922 5762 Scribe
947 5690 1103 5757 λόγον
1134 5684 1360 5762 Κυρίου.
1388 5693 1509 5747 Mox
1539 5702 1662 5762 post
1692 5684 1860 5748 Σοδό-

277 5774 422 5881 ᾕων,
452 5757 611 5822 adde,
631 5758 931 5829 προσέχετε
963 5762 1128 5830 νόμον
1152 5757 1313 5826 Θεοῦ,
1332 5764 1361 5815 ὀ
1393 5765 1523 5827 λαὸς
1540 5757 1854 5836 Γομόρρας.

344 5865 468 5967 '(21)
496 5898 586 5964 Τίς
609 5898 721 5968 γὰρ
740 5902 894 5955 --ού
924 5901 1368 5970 προσθήσεσθε.
1395 5904 1454 5959 In
1486 5904 1728 5961 editione
1759 5905 1859 5960 Pa-

1964 5555 2178 5612 risiensi
2214 5556 2431 5612 Gulonii
2464 5565 2576 5611 tum
2593 5555 2703 5621 hic,
2730 5567 2843 5612 tum
2862 5557 3025 5626 paulo
3046 5555 3351 5626 post,imale
3371 5554 3507 5626 Ahabi
3522 5584 3538 5593 -

1964 5637 2078 5680 tum
2140 5628 2285 5681 hunc
2308 5627 2457 5681 Isaia:
2488 5627 2667 5680 locum
2698 5623 3127 5681 restituimus'ex
3151 5623 3292 5679 LXX
3328 5624 3542 5679 Sixtn’m

1964 5699 2260 5767 exemplari
2301 5714 2412 5752 :ex
2456 5713 2568 5767 quo
2601 5696 2767 5751 etiam
2814 5698 2896 5751 sic
2948 5695 3334 5767 reformandus
3366 5696 3541 5767 inter:

1966 5784 2093 5836 pres
2125 5762 2141 5820 Ξ
2169 5766 2299 5831 Quis
2335 5762 2780 5837 enim'exquisivit
2808 5768 2916 5821 htec
2947 5768 3009 5820 de
3040 5766 3279 5821 manibus
3309 5767 3492 5819 vestris
3519 5762 3546 5817 P

1967 5836 2194 5893 Calcare
2224 5843 2421 5893 atrium
2451 5836 2621 5892 meum
2654 5854 2755 5892 non
2789 5838 3084 5909 apponetis.
