4094 6536
580 419 686 480 7:23
1515 415 1576 477 S.
1613 412 2037 477 GREGEXTII
2077 412 2197 476 ΕΡ]

2250 415 2316 476 e.
2353 414 2892 478 TAPHARENSIS
3286 399 3288 401 ’
3754 419 3867 487 724

582 531 787 595 uestris,
826 535 882 583 ut
925 526 1141 584 calcatis
1179 530 1377 583 atrium
1427 530 1642 584 meum?
1690 547 1795 584 non
1830 531 2052 602 oﬂ'erctis
2097 527 2165 584 ".

2269 530 2457 594 Au6l6,
2490 529 2523 601 ἢ
2554 529 2650 584 τοῦ
2680 528 2889 601 Κυρίου
2921 525 3018 582 καὶ
3049 528 3188 583 Θεοῦ
3205 528 3386 602 qui»);
3415 527 3653 585 ὶνταῦθα
3683 532 3867 603 πρόσο

582 624 728 694 Ergo
771 637 1067 692 quemnam
1111 622 1422 687 audiemus,
1455 621 1739 688 Davidem,
1769 638 1844 678 an
1871 623 2166 677 Dominum

2272 641 2363 695 εχε
2384 640 2400 692 ;
2424 625 2498 677 Σὺ
2522 622 2635 694 γὰρ
2660 622 2863 690 λέγεις,
2898 622 2981 677 ὅτι
3015 621 3356 692 οἰκοδομῶν
3393 626 3427 678 ὁ
3469 625 3713 693 Κύριος,
3747 625 3865 692 τὰς

583 714 753 766 Deum
787 711 1078 766 nostrum?
1100 711 1212 767 huc
1238 713 1481 766 animum
1505 710 1750 766 adverte.
1781 711 1863 766 Tu
1893 710 2166 781 siquidem

2269 717 2609 785 διασπορὰς
2647 713 2760 769 τοῦ
2787 713 3027 782 Ἰσραὴλ
3064 713 3444 781 ἐπισυνάξει,
3504 714 3750 771 ἐνταῦθα
3799 717 3865 771 δὲ

579 803 748 873 638
789 803 930 858 dicis
978 804 1126 874 quod
1170 801 1463 872 .Ediﬁcans
1512 803 1769 862 Dominus
1813 804 2168 873 dispersiones

2270 810 2479 872 ἐκεῖνος
2507 810 2536 862 ό
2566 807 2846 877 Δεσπότης
2875 807 2976 860 καὶ
3000 805 3136 870 Θεὸς
3163 805 3302 879 πρὸς
3335 809 3482 880 ὑμᾶς
3515 807 3695 880 λέγει,
3737 813 3867 864 Πα-

581 896 800 952 lsraelis
829 898 1164 969 congregabit
1192 900 1273 963 7°;
1303 897 1396 953 hic
1421 906 1604 952 autem
1638 897 1734 952 ille
1757 897 1875 967 ipse
1903 895 2170 950 Dominus

2269 899 2396 955 τεῒν
2411 899 2531 969 τὴν
2556 898 2762 969 αὐλήν
2787 915 2907 970 μου
2933 899 3006 954 οὐ
3035 899 3486 969 προσθήσεσθε.
3514 900 3742 966 Λοιπὸν,
3760 901 3865 955 καὶ

580 1001 638 1046 et
674 993 818 1048 Deus
845 993 912 1048 ad
951 1008 1052 1048 vos
1093 993 1249 1058 dicit,
1288 1001 1346 1046 ut
1391 991 1602 1046 calcetis
1630 992 1831 1045 atrium
1861 1004 2076 1044 meum:
2105 1002 2169 1041 ne

2269 991 2380 1045 τῶν
2416 992 2700 1063 ἑκατέρων
2726 989 3019 1062 ὀφείλομεν
3046 990 3272 1046 ἀκούειν
3292 1007 3307 1022 ·
3341 991 3412 1046 τὰ
3438 991 3549 1064 γὰρ
3575 991 3863 1062 κεφάλαια

581 1085 728 1140 ultra
760 1087 1016 1157 oﬂ‘eratis.
1040 1085 1317 1141 Caeterum
1337 1092 1608 1155 utrosque
1633 1082 1826 1138 audire
1857 1081 2126 1138 debemus
2151 1098 2164 1134 :

2269 1083 2445 1138 ταῦτα
2479 1082 2828 1157 ἁρμοζόντως
2855 1083 2938 1147 εἰς
2981 1083 3074 1137 τὸν
3101 1083 3230 1137 ῐδιον
3273 1083 3438 1139 τόπον
3466 1084 3856 1157 ὡμιλήθησαν.

582 1178 701 1234 haec
748 1178 898 1233 enim
944 1178 1219 1248 praecipua
1264 1177 1442 1248 capita
1487 1185 1857 1246 congruenter
1909 1190 2010 1229 suo
2045 1175 2168 1229 loco

2286 1177 2476 1249 Ὑμεῖς
2504 1176 2562 1231 δὲ
2584 1179 2631 1232 οἱ
2657 1176 2875 1248 βραδεῖς
2900 1178 2966 1248 τῇ
2999 1175 3218 1248 καρδίᾳ,
3248 1175 3419 1248 μηδὲν
3469 1176 3856 1247 ἐπιστάμενοι,

581 1266 872 1321 enuntiata
895 1275 1044 1321 sunt.
1071 1267 1180 1323 Vos
1207 1276 1390 1321 autem
1421 1265 1564 1321 tardi
1594 1265 1763 1321 corde
1789 1273 1845 1320 et
1879 1265 2164 1327 socordes,

2269 1269 2537 1323 ἀλλόκοτα
2567 1269 2737 1322 νοεῖτε
2766 1269 3034 1338 νοήματα.
3069 1269 3240 1323 Ὅταν
3275 1267 3518 1342 ἀκούσῃς
3570 1269 3652 1322 ὃτι
3699 1267 3861 1336 λέγει

580 1357 723 1412 nihil
746 1358 1008 1423 scientes,
1033 1366 1371 1413 monstrosas
1391 1358 1574 1412 animo
1597 1356 1803 1428 ﬁngitis
1829 1364 1887 1412 et
1913 1356 2165 1426 concipi-

2265 1363 2298 1414 ό
2330 1359 2496 1426 Θεὸς,
2521 1358 2742 1414 Πατεῖν
2770 1358 2886 1428 τὴν
2907 1358 3111 1427 αὐλήν
3147 1377 3270 1429 μου
3298 1361 3369 1415 οὐ
3400 1361 3855 1430 προσθήσεσθε,

581 1447 656 1504 tis
677 1449 954 1505 notiones.
980 1449 1118 1504 Cum
1145 1449 1252 1520 jam
1285 1448 1528 1503 audieris
1551 1449 1849 1504 Dominum
1872 1464 2054 1504 meum
2083 1449 2169 1504 di-

2273 1454 2338 1507 σὺ
2364 1452 2418 1506 τί
2455 1452 2870 1524 ἀναισχυντεῖς;
2913 1453 3026 1506 Kal.
3054 1453 3164 1523 γὰρ
3209 1451 3322 1506 ἐὰν
3345 1451 3568 1522 φέρητέ
3599 1469 3702 1522 μοι
3751 1467 3859 1506 σε·-

579 1549 819 1604 centem,
851 1547 908 1593 ut
937 1539 1148 1594 calcetis
1183 1541 1379 1593 atrium
1419 1556 1594 1593 meum
1620 1555 1638 1595 :
1663 1556 1728 1594 ne
1764 1542 1998 1612 offeratis
2025 1557 2043 1596 :
2068 1555 2169 1597 cur

2264 1542 2532 1612 μίδαλιν,
2559 1542 2837 1614 μάταιον,
2891 1543 3047 1616 φησὶ,
3095 1545 3379 1614 θυμίαμα,
3403 1543 3725 1614 ,βδέλυγμά
3747 1544 3861 1615 μοι

579 1641 643 1690 tu
675 1635 967 1705 impudens
990 1635 1320 1690 es?Etenim
1353 1636 1401 1689 si
1427 1635 1656 1706 offeratis
1686 1636 1978 1691 medullam
2010 1639 2169 1708 grani

2307 1651 2424 1688 στι.
2475 1635 2586 1702 Τὰς
2611 1636 2936 1706 νεομηνίας
2975 1619 3144 1706 ὐμῶν
3169 1636 3270 1691 καί
3309 1636 3382 1691 τὰ
3423 1636 3717 1702 Σάϐϐατα,
3751 1635 3858 1691 και

577 1725 828 1798 siliginei,
851 1729 1209 1797 [rustraneum
1230 1728 1584 1797 sufﬁmentum
1600 1729 1706 1782 sive
1725 1730 2020 1794 incensum,
2045 1729 2170 1783 abo-

2270 1725 2376 1793 τὰς
2399 1726 2609 1796 ἑορτὰς
2648 1726 2820 1798 ὑμῶν
2840 1728 3013 1799 μισεῖ
3032 1730 3071 1797 ἡ
3105 1728 3277 1801 ψυχή
3315 1747 3459 1800 μου,
3490 1729 3591 1784 καὶ
3619 1729 3862 1800 ’ἡμέραν

578 1820 801 1875 minutio
830 1821 958 1875 mihi
1003 1830 1098 1876 est.
1132 1821 1450 1876 Neomenias
1483 1830 1684 1876 uestras
1719 1831 1768 1876 et
1815 1820 2072 1888 Sabbata,
2119 1831 2168 1877 et

2265 1817 2540 1889 μεγάλην
2570 1821 2682 1874 οὐκ
2719 1819 3029 1890 ἀνέχομαι.
3063 1820 3248 1876 Ταῦτα
3293 1820 3388 1876 οὖν
3420 1821 3660 1889 ἀκούων,
3684 1822 3756 1876 δι’
3787 1824 3861 1895 ἢν

574 1919 746 1966 statas
778 1913 940 1983 ferias
966 1914 1072 1968 sive
1098 1914 1208 1968 dies
1237 1913 1393 1984 festos
1419 1915 1528 1968 odit
1561 1914 1745 1969 anima
1780 1930 1922 1978 mea,
1950 1924 1998 1968 et
2029 1916 2169 1970 diem

2266 1885 2452 1966 αἰτίαν
2479 1885 2657 1976 ποιεῖς
2693 1885 2866 1976 κυνὸς*
2884 1885 3196 1982 πρόσωπον,
3241 1913 3339 1968 καὶ
3370 1885 3674 1985 προσάγεις
3701 1885 3860 1986 αὐτῷ

576 2021 831 2075 magnum
853 2021 961 2059 non
990 2007 1224 2060 sustineo
1249 2006 1340 2059 ⁷³⁸.
1370 2005 1500 2061 Haec
1533 2005 1702 2078 igitur
1726 2005 1981 2071 audiens,
2005 2021 2170 2076 quam

2272 2004 2372 2069 τὰς
2401 2003 2595 2069 θυσίας
2644 2022 2764 2074 σου,
2799 2007 3020 2072 καὶτὰς
3070 2007 3266 2080 ἑορτάς
3325 2025 3422 2062 σου
3468 2009 3647 2074 τελεῖς
3701 2008 3862 2081 αὐτῷ

576 2097 648 2150 ob
673 2111 897 2152 causam
937 2098 1090 2155 canis
1133 2098 1333 2155 faciem
1377 2107 1434 2154 et
1462 2114 1525 2155 os
1557 2099 1762 2155 durum
1805 2099 2000 2166 habes,
2031 2112 2088 2156 et
2119 2101 2170 2155 ei

2273 2102 2537 2168 ἀναιδῶς;
2591 2103 2854 2175 Πόλεμος,
2901 2099 3079 2173 οἶμαι,
3113 2102 3253 2175 μετά
3283 2101 3380 2157 τοῦ
3419 2103 3556 2158 Θεοῦ
3589 2103 3861 2175 ἐγενήθη-

576 2185 834 2243 obtrndis
862 2196 982 2243 tuas
1000 2189 1280 2254 victimas,
1303 2200 1360 2245 et
1383 2197 1506 2245 tuos
1532 2190 1706 2246 festos
1730 2191 1851 2246 dies
1875 2191 2170 2262 impuden-

2274 2211 2373 2249 σαν
2419 2197 2475 2249 αἱ
2504 2196 2688 2268 ἑορταί
2718 2214 2834 2251 σου.
2857 2197 3024 2265 Λέγει
3046 2195 3202 2268 γάρό
3229 2195 3362 2260 Θεός
3391 2212 3405 2227 ·
3429 2195 3727 2268 Νηστείαν,
3759 2193 3860 2249 καὶ

575 2287 665 2334 ter
690 2280 976 2336 celebras?
1005 2281 1218 2337 Bellum
1247 2297 1373 2338 cum
1402 2284 1536 2348 Deo,
1569 2292 1630 2338 ut
1660 2285 1880 2356 opinor,
1902 2296 2044 2354 sunt
2088 2281 2170 2342 tui

2272 2284 2492 2354 ἀργίαν,
2523 2285 2747 2350 καὶτὰς
2785 2283 2981 2357 ἑορτὰς
3025 2285 3181 2357 ὑμῶν
3233 2287 3384 2357 μισεῖ
3425 2287 3458 2357 ἡ
3507 2285 3655 2356 ψυχή
3711 2299 3856 2355 μουο

575 2370 696 2426 dies
720 2371 870 2428 festi.
899 2373 1042 2429 Dicit
1068 2375 1216 2430 enim
1243 2375 1388 2432 Deus
1416 2393 1430 2430 :
1455 2375 1758 2447 Ieiunium,
1784 2377 1981 2444 otium,
2007 2379 2173 2436 ferias

2272 2378 2567 2451 ἐγενήθητε
2601 2396 2692 2450 μοι
2716 2379 2796 2442 είς
2827 2380 3167 2452 πλησμονήν.
3207 2380 3264 2433 ὐ
3294 2380 3430 2444 Θεὸς
3465 2379 3617 2450 λέγει
3646 2382 3854 2445 τοίνυν,

574 2471 634 2518 et
672 2463 847 2520 festos
891 2466 1011 2522 dies
1039 2476 1258 2523 vestros
1290 2467 1411 2522 odit
1453 2468 1636 2523 anima
1667 2483 1789 2524 mea
1818 2485 1832 2524 :
1862 2468 1993 2525 facti
2035 2471 2172 2527 estis

2271 2473 2354 2527 ὅτι
2374 2472 2514 2524 Ὅσα
2534 2473 2709 2535 ποιεῖς
2746 2471 3062 2536 Ἰουδαϊκοῖς
3080 2471 3428 2545 χαρακτῆρσι
3471 2472 3646 2526 ταῦτα
3674 2473 3856 2527 πάντα

567 2553 713 2608 mihi
757 2554 815 2610 in
853 2555 1156 2612 fastidium.
1205 2557 1351 2614 Deus
1396 2557 1581 2630 itaque
1615 2558 1776 2626 dicit,
1809 2576 2170 2633 quaecumque

2275 2563 2425 2635 μισεῖ
2468 2563 2503 2634 ἡ
2532 2560 2681 2634 ψυχή
2727 2577 2865 2632 μου·
2923 2562 2988 2616 σὺ
3016 2562 3076 2616 δὲ
3106 2563 3506 2634 ἀναισχυντεῖς,
3557 2564 3654 2618 καὶ
3681 2580 3854 2636 προσο

573 2647 710 2704 facis
741 2647 988 2704 Judaicis
1013 2649 1236 2716 ritibus,
1263 2665 1322 2706 se
1345 2665 1412 2706 ex
1438 2651 1625 2707 animo
1660 2652 1844 2708 odisse
1871 2662 1928 2708 et
1959 2653 2171 2709 abomi-

2272 2655 2432 2725 ἀγεις
2461 2653 2612 2726 αὐτῷ
2643 2654 2742 2718 τὰς
2773 2652 2964 2717 Θυσίας
3013 2669 3130 2708 σου.
3154 2652 3400 2708 Παῦσαιο
3434 2653 3596 2724 μόνον
3616 2652 3730 2724 γὰρ
3758 2653 3854 2707 τὸν

573 2740 696 2795 nari
727 2757 738 2794 :
769 2749 828 2796 tn
857 2756 990 2796 vero
1029 2741 1656 2813 impudenter‘resistis,
1685 2753 1742 2800 et
1778 2745 1829 2801 ei
1859 2754 1980 2802 tuas
2009 2747 2168 2803 vieti-

2271 2747 2438 2802 κόπον
2473 2745 2793 2817 ὑπομένεις,
2817 2745 2896 2816 τῷ
2928 2743 3049 2816 Θεῷ
3079 2747 3367 2810 ὲναντιοῖς,
3412 2744 3509 2798 καὶ
3560 2743 3758 2816 μισθὸν
3788 2743 3849 2796 οά

573 2847 694 2887 mas
723 2831 912 2888 offers.
938 2833 1137 2890 Desine
1163 2851 1178 2889 :
1202 2835 1382 2891 solum
1415 2836 1565 2893 enim
1597 2837 1846 2894 laborem
1882 2839 2125 2896 sustines
2151 2858 2164 2894 :

2270 2840 2536 2910 κέκτησαι
2564 2839 2644 2902 είς
2674 2838 2764 2892 τὸν
2796 2837 2992 2892 αἰῶνα.
3022 2837 3132 2891 Kal.
3160 2835 3278 2908 γὰρ
3297 2836 3472 2906 λέγει,
3515 2835 3851 2907 Ἐγενήθητέ

573 2922 687 2977 Deo
713 2923 1047 2991 adversaris,
1079 2941 1183 2982 nec
1212 2928 1526 2984 mercedem
1558 2928 1615 2984 in
1645 2930 1906 2986 saeculum
1935 2930 2165 2987 referes.

2274 2950 2364 3004 μοι
2397 2932 2479 2995 είς
2532 2930 2876 3002 πλησμονὴν,
2924 2928 3115 2983 οὐκέτι
3167 2928 3371 2982 ὀνοίσω
3421 2926 3521 2990 τὰς
3570 2923 3852 2996 ἁμαρτίας

572 3013 792 3070 Etenim
837 3015 974 3072 dicit
1017 3017 1327 3074 Dominus:
1359 3017 1509 3075 Facti
1549 3020 1684 3076 estis
1729 3021 1865 3076 mihi
1910 3022 1964 3076 in
2010 3023 2166 3078 fasti-

2270 3024 2444 3096 ὑμῶν.
2467 3022 2668 3077 Θέασαι
2694 3021 3071 3093 ἀγανάκτησιν
3091 3021 3225 3075 Θεοῦ
3253 3020 3353 3074 καὶ
3380 3019 3571 3092 βάρος.
3606 3019 3696 3083 Ὠς
3718 3019 3852 3073 ὅταν

572 3108 748 3175 dium,
786 3125 895 3166 non
945 3111 1183 3182 amplius
1215 3113 1505 3170 sustinebo
1551 3124 1775 3184 peccata
1811 3124 2016 3171 vestra.
2068 3117 2165 3172 Dei

2269 3116 2416 3186 πάθῃ
2449 3131 2534 3179 τις
2561 3113 2964 3186 ἀπειροπλάσια
3007 3113 3155 3167 κακὰ
3182 3111 3290 3165 ὑπό
3328 3128 3494 3176 τινος,
3535 3110 3633 3164 καὶ
3661 3109 3852 3164 οὐκέτι

571 3203 1010 3274 indignationem
1059 3214 1116 3260 et
1167 3220 1333 3276 grave
1389 3206 1606 3276 pondus
1652 3209 2049 3278 contemplare.
2093 3212 2164 3266 Ut

2267 3206 2560 3278 δυνάμενος
2589 3205 2900 3276 βαστάζειν,
2930 3205 3092 3278 εἴπῃς
3121 3203 3232 3277 (22)
3269 3205 3428 3275 μῖσος
3470 3201 3608 3256 πολῦ
3636 3201 3849 3274 φέρων,

572 3312 700 3352 cum
731 3296 856 3368 quis
887 3297 956 3353 ab
988 3297 1174 3368 aliquo
1219 3299 1362 3354 mala
1401 3315 1700 3369 perpessus
1729 3300 1899 3357 fuerit
1924 3301 2159 3367 inﬁnita,

2265 3300 2464 3354 Οὐκέτι
2492 3297 2760 3368 ἀνέχομαί
2796 3314 2914 3362 σου,
2941 3297 3082 3350 ἀλλά
3111 3294 3272 3360 δείξω
3298 3296 3383 3360 είς
3421 3295 3483 3348 σὲ
3508 3293 3611 3365 τὴν
3635 3293 3852 3364 ὲκδίκη⁶

571 3402 751 3456 neque
785 3387 1021 3457 amplius
1050 3388 1330 3443 sustinere
1354 3395 1558 3458 potest,
1594 3389 1691 3445 sed
1719 3391 1879 3446 oneri
1909 3406 2164 3447 succum—

2262 3406 2386 3445 O’W'
2421 3389 2565 3444 οὕτω
2591 3388 2741 3458 λέγει
2773 3389 2803 3442 ό
2847 3388 3001 3455 Θεὸς,
3045 3386 3377 3459 Ἐγενὴθητέ
3427 3403 3541 3454 μοι,
3595 3384 3848 3456 φάσκων,

572 3478 656 3532 bit
685 3478 956 3544 defessus,
997 3479 1220 3546 dixerit,
1265 3479 1454 3536 odium
1503 3481 1736 3536 multum
1785 3481 2012 3539 ferens:
2041 3484 2160 3538 Non

2263 3483 2345 3547 εἰς
2377 3481 2698 3552 πλησμονὴν
2745 3479 2912 3552 χολῆς
2951 3480 3049 3535 καὶ
3102 3478 3522 3552 παροργισμοῦ·
3569 3478 3661 3533 διά
3688 3476 3852 3531 τοῦτο

571 3569 811 3640 amplius
845 3579 898 3625 te
928 3569 1199 3634 sustineo,
1231 3570 1327 3625 sed
1363 3570 1654 3626 ostendam
1687 3572 1742 3626 in
1775 3584 1829 3628 te
1856 3573 2158 3640 ultionem;

2260 3571 2446 3628 οὐκέτι
2473 3571 2696 3635 ἀνοίσω,
2728 3571 2922 3641 ἤγουν,
2956 3569 3211 3641 βαστάζω
3231 3565 3328 3633 τάς
3350 3567 3628 3640 ἁμαρτίας
3651 3565 3809 3638 ὑμῶν
3830 3606 3848 3630 ,

571 3661 655 3717 sic
699 3661 837 3717 dicit
877 3662 1024 3718 Deus
1051 3679 1064 3716 :
1095 3662 1247 3717 Facti
1297 3663 1433 3718 estis
1479 3663 1614 3719 mihi
1651 3665 1707 3720 in
1752 3666 2061 3724 satietatem
2105 3678 2162 3724 et

2260 3664 2376 3720 ἀλλ’
2403 3662 2798 3728 ἀνταποδώσω,
2831 3662 3035 3733 μᾶλλον
3066 3662 3122 3716 δὲ
3149 3661 3412 3734 ὲξωθήσω
3437 3661 3584 3731 ὑμᾶς
3613 3658 3727 3714 ἀπὸ
3751 3656 3847 3712 τοῦ

571 3754 974 3825 pleni-tudinem
1013 3756 1110 3811 irae
1141 3765 1194 3810 et
1243 3755 1640 3828 indignationis
1667 3775 1682 3812 :
1709 3768 2003 3830 propterea
2049 3777 2158 3816 non

2261 3754 2557 3828 προσώπου
2589 3772 2715 3826 μου.
2747 3754 2859 3809 Kal.
2896 3755 3004 3826 γὰρ
3033 3753 3288 3826 ἐπιφέρει
3331 3752 3403 3807 τὰ
3442 3751 3721 3807 ἀκόλουθα
3747 3751 3851 3822 τῆς

571 3847 812 3916 amplius
855 3847 1181 3905 sustinebo:
1211 3865 1408 3920 nempe
1461 3860 1642 3906 vestra
1681 3862 1906 3922 peccata
1927 3852 2110 3926 bajulo
2141 3871 2156 3919 ;

2261 3848 2624 3922 προφητείας,
2651 3847 2782 3901 ὅταν
2805 3845 2963 3918 λέγῃ,
2999 3846 3112 3912 Τὰς
3135 3845 3338 3915 χεῖρας
3363 3843 3533 3915 ὑμῶν
3553 3842 3851 3898 extersit:

571 3939 670 3995 sed
695 3939 998 3996 retribuam
1033 3959 1052 3996 :-
1078 3943 1188 3997 imo
1231 3958 1364 3998 vero
1392 3944 1607 4015 ejiciam
1641 3959 1740 3999 vos
1772 3959 1803 3999 a
1843 3945 1984 4000 facie
2015 3961 2156 4002 mea.

2259 3941 2406 4009 πρός
2454 3955 2553 4009 με,
2601 3938 2704 3993 καὶ
2761 3937 3128 4006 ἀποστρέψω
3160 3936 3302 4003 τοὺς
3346 3934 3701 4005 ὀφθαλμούς
3725 3949 3851 4003 μου

571 4032 799 4088 Etenim
818 4033 984 4090 infert
1007 4035 1310 4106 prophetia:
1330 4038 1804 4102 consecutionem,
1830 4052 1954 4093 cum
1983 4037 2156 4092 dicit:

2259 4032 2360 4101 ἀφ’
2391 4029 2580 4101 ὑμῶν.
2623 4032 2832 4095 Φεῖσαι,
2868 4029 3064 4102 Κύριε,
3120 4028 3232 4083 τῶν
3269 4029 3353 4092 εἰς
3384 4028 3445 4080 σὲ
3497 4023 3847 4096 ἠλπικότωνι

571 4121 644 4177 Et
683 4139 800 4176 cum
821 4125 1176 4195 expanderitis
1227 4142 1417 4180 manus
1448 4133 1650 4180 vestras
1683 4125 1752 4179 ad
1793 4143 1903 4190 me,
1921 4136 2160 4183 avertam

2258 4125 2490 4196 Φρικτδν
2519 4127 2632 4195 γὰρ
2659 4123 2721 4176 τὸ
2765 4123 2943 4195 ῥῆμα,
2974 4122 3072 4177 καὶ
3099 4121 3418 4194 ἀπόρρητον
3449 4119 3512 4173 τὸ
3553 4121 3719 4190 μῖσος
3749 4114 3851 4170 τοῦ

573 4215 750 4272 oculos
776 4234 916 4272 meos
949 4236 982 4272 a
1023 4219 1165 4272 vobis
1193 4218 1261 4272 ⁸⁸.
1293 4218 1486 4284 Parce,
1517 4218 1770 4283 Domine,
1800 4219 1888 4275 Itis
1910 4219 2004 4290 qui
2031 4235 2160 4292 spe-

2261 4212 2396 4266 Θεοῦ
2424 4212 2562 4285 πρὸς
2594 4212 2904 4277 Ἰουδαίους,
2946 4212 3038 4266 διὰ
3073 4210 3172 4275 τὰς
3219 4210 3422 4282 μιαράς
3451 4207 3636 4263 αὐτῶν
3665 4222 3854 4278 παρα-

571 4321 838 4366 raverunt
862 4311 919 4365 in
941 4319 992 4367 te
1008 4313 1024 4366 l-
1055 4311 1406 4367 Ilorrendum
1431 4312 1667 4368 verbum
1700 4313 1941 4379 Domini,
1970 4323 2027 4370 et
2047 4329 2159 4370 non

2261 4304 2468 4373 ϐάσεις,
2517 4305 2611 4358 καὶ
2657 4304 2717 4358 τὸ
2748 4303 3053 4375 ίδιοπισμδν
3081 4301 3192 4375 (25)
3245 4303 3343 4356 καὶ⁹
3388 4297 3760 4370 γογγυστικόν
3783 4313 3851 4350 τε

569 4403 882 4459 enarrabile
909 4402 1099 4458 odium.
1135 4403 1400 4460 adversus
1421 4403 1641 4460 Iudaeos
1666 4413 1894 4475 propter
1924 4405 2161 4461 scelera-

2259 4397 2356 4452 καλ⁵
2381 4397 2636 4453 ἄτακτον.
2660 4397 2861 4452 Ἄκουε
2883 4396 3086 4461 τοίνυν,
3131 4393 3356 4466 Ἑρϐἄν,
3383 4392 3480 4448 καὶ
3513 4391 3847 4460 ίλιγγίασον.

572 4505 658 4550 tas
685 4493 931 4559 ipsorum
967 4493 1453 4566 transgressiones,
1491 4502 1548 4550 et
1579 4494 1866 4565 proprium
1905 4511 2154 4562 succum,

2258 4490 2373 4545 Καὶ
2403 4491 2511 4562 γὰρ
2537 4490 2639 4544 οὐκ
2664 4487 2776 4559 ἐγὼ
2802 4486 2980 4543 ταῦτα
3009 4485 3242 4552 ἐπλασα,
3273 4486 3349 4557 μή
3383 4500 3517 4538 ποτε
3543 4483 3733 4553 εἴπῃς,
3759 4481 3850 4534 ὅτι

568 4595 626 4642 et
657 4585 878 4640 solitum
929 4583 1316 4640 murmurandi
1359 4599 1590 4650 morem,
1633 4593 1691 4642 et
1720 4584 2158 4655 intemperanter

2232 4601 2234 4624 ι
2277 4581 2550 4636 Ἐναντιού
2559 4598 2719 4652 μενος
2733 4582 2799 4652 τῇ
2817 4579 3087 4651 θρησκείᾳ
3105 4595 3233 4651 μου,
3263 4575 3442 4632 ταῦτα
3470 4578 3529 4631 ὲν
3552 4575 3707 4645 μέσῳ
3732 4575 3849 4627 εἰσ-

569 4675 899 4733 rebellandi.
931 4675 1140 4731 Audias
1169 4676 1360 4746 igitur,
1389 4690 1422 4730 ο
1467 4674 1748 4740 Herba-ne,
1791 4684 1850 4730 et
1889 4674 2159 4747 vertigine

2259 4676 2491 4747 ήγαγες.
2528 4673 2670 4728 Ἀλλ’
2693 4675 2720 4726 ό
2745 4672 2880 4736 Θεός
2911 4688 2995 4725 σοι
3020 4671 3256 4742 ἐπιτιμᾷ
3283 4669 3450 4732 αὐτὸς
3477 4667 3711 4732 ἐκεῖνος,
3746 4666 3848 4719 καὶ

570 4781 884 4841 torqueare.
916 4769 1036 4824 Non
1082 4767 1340 4838 equidem
1383 4767 1499 4821 haec
1527 4775 1878 4822 commentus
1908 4782 2053 4831 sum,
2087 4782 2157 4822 ne

2257 4769 2442 4839 λέγει,
2475 4768 2588 4831 Τὰς
2615 4765 2806 4838 χεῖράς
2838 4781 2956 4830 σου,
2991 4763 3236 4827 Ἰουδαῖε,
3282 4760 3359 4832 μὴ
3405 4759 3658 4832 ὲκτείνῃς
3701 4757 3845 4829 πρός

567 4862 867 4933 aliquando
899 4861 1126 4925 dixeris,
1162 4877 1252 4916 me
1297 4860 1484 4916 studio
1518 4867 1626 4916 tua:
1657 4859 1914 4932 religioni
1955 4861 2158 4916 adver-

2259 4879 2348 4934 με,
2372 4860 2466 4931 ἀφ’
2494 4855 2562 4933 ἦς
2590 4858 2810 4930 ἡμέρας
2837 4854 3129 4910 ἀποστελῶ
3159 4854 3252 4908 τὸν
3281 4851 3548 4925 μονογενῆ
3575 4867 3682 4922 μου
3710 4849 3847 4902 Υἱδν

569 4955 726 5009 sandi
780 4955 900 5009 haec
927 4955 981 5008 in
1015 4953 1256 5008 medium
1287 4952 1608 5023 protulisse.
1643 4951 1750 5008 Sed
1784 4953 1930 5010 Deus
1964 4961 2017 5009 te
2061 4952 2149 5008 in-

2255 4955 2395 5024 πρὸς
2417 4954 2582 5024 ὑμᾶς.
2616 4952 2680 5005 El
2707 4949 2764 5004 δὲ
2789 4951 2863 5021 μή
2890 4966 2975 5020 γε,
3005 4947 3340 5020 ἀποστρέψω
3361 4946 3491 5010 τοὺς
3514 4942 3843 5016 ὀφθαλμούς

568 5053 758 5113 crepat
789 5044 905 5115 ipse
933 5043 1044 5109 ille,
1073 5053 1129 5099 et
1155 5043 1293 5100 dic-it
1321 5060 1334 5097 :
1364 5042 1558 5101 Manus
1595 5052 1739 5114 tuas,
1770 5060 1804 5101 ο
1833 5045 2046 5114 Judase,
2083 5063 2152 5103 ne

2259 5062 2364 5116 μου
2407 5046 2500 5114 ἀφ’
2523 5041 2700 5111 ὑμῶν.
2751 5036 2859 5096 και
2910 5039 3021 5095 ἐὰν
3071 5038 3422 5107 πληθύνητε
3457 5036 3573 5105 τὴν
3619 5037 3841 5104 δέησιν

568 5135 834 5190 extendas
859 5135 927 5189 ad
946 5151 1054 5201 me,
1072 5153 1102 5191 a
1127 5152 1237 5208 quo
1257 5137 1349 5193 die
1370 5137 1719 5209 unigenitum
1745 5154 1930 5194 meum
1954 5139 2154 5196 Filium

2255 5135 2442 5205 ὑμῶν,
2469 5135 2582 5188 οὐκ
2607 5132 3063 5202 είσιικούσομαι.
3090 5130 3280 5185 Πάντα
3307 5129 3376 5184 τά
3410 5131 3545 5201 ’Έτη
3563 5129 3668 5199 τῆς
3688 5127 3842 5200 ζωῆς

569 5224 640 5281 ad
665 5241 765 5281 vos
795 5226 1021 5282 misero.
1055 5225 1152 5282 Sin
1185 5238 1372 5283 autem
1394 5269 1408 5294 ,
1440 5235 1688 5286 avertam
1722 5229 1914 5286 oculos
1945 5243 2098 5285 meos
2124 5246 2154 5284 a

2257 5247 2373 5292 σου,
2408 5227 2492 5296 ἐφ’
2517 5221 2586 5300 ἦς
2615 5226 2859 5298 ἤκουσας
2905 5226 2990 5279 ὅτι
3022 5225 3052 5278 ό
3101 5222 3230 5287 Υἱὸς
3267 5221 3360 5277 τοῦ
3409 5220 3547 5275 Θεοῦ
3582 5216 3710 5293 ἧκε,
3740 5222 3841 5276 καὶ

570 5315 728 5372 vobis
757 5334 770 5370 :
804 5316 942 5372 Etsi
982 5319 1467 5391 multiplicaveritis-
1499 5323 1854 5392 precationem
1901 5330 2151 5386 vestram,

2252 5321 2351 5374 οὐκ
2385 5318 2730 5385 ἐπίστευσας,
2778 5318 2875 5372 ἐὰν
2897 5315 3180 5389 πληθύνῃς
3208 5315 3308 5386 τὴν
3348 5314 3535 5386 δέησιν
3575 5313 3712 5385 πρός
3741 5330 3835 5384 με,

570 5426 676 5465 non
711 5409 995 5465 exaudiam
1023 5410 1090 5465 “.
1138 5410 1342 5467 Omnes
1383 5429 1560 5468 annos
1588 5412 1716 5469 vitae
1766 5423 1891 5478 tuaa,
1937 5429 2005 5467 ex
2043 5428 2154 5484 quo

2252 5415 2353 5468 οὐκ
2383 5412 2777 5484 εἰσακούσομαι
2805 5411 2959 5484 ὑμῶν
2993 5410 3126 5483 (24).
3157 5409 3234 5464 Δι’
3259 5410 3326 5481 ἢν
3351 5408 3532 5464 αἰτίαν
3559 5424 3575 5475 ;
3614 5407 3746 5462 Ὅτι
3773 5405 3836 5461 αι

636 5531 897 5633 τηεμ,
955 5567 1142 5622 11-13.
1218 5568 1736 5634 "Psal.cx1.vl,2.
1817 5568 2206 5634 τοσιεει.ι,ι;ι,

1428 5610 1438 5622 .
1476 5585 1650 5634 cxm,
1683 5569 1736 5624 2.
1817 5571 1882 5601 ⁷⁸⁸
1913 5569 2013 5625 lsa.
2047 5584 2084 5634 ι,
2121 5568 2206 5634 l2,
2253 5568 2338 5623 ll.
2416 5569 2462 5601 ⁸ο
2493 5568 2625 5624 ibid.
2669 5568 2754 5623 13.
2831 5568 2874 5600 ⁸¹
2912 5566 3045 5623 ibid.

2115 5702 2346 5758 ΜὶΤέΕ.

640 5797 752 5866 (2.2)
787 5801 993 5869 Εἵπῃς.
1036 5798 1227 5854 Scribe
1261 5799 1638 5870 ainn.GULo.\.
2235 5797 2505 5924 datatim.
2535 5797 2607 5853 lo.
2715 5866 2740 5878 η

640 5870 749 5924 (.25)
797 5871 861 5924 Te)
916 5871 1093 5924 ὶδιοπ.
1130 5870 1321 5924 Scribe
1373 5871 1431 5923 τὸ
1484 5870 1615 5924 ἴδιον
1659 5869 1888 5924 όπισιιτι.
1924 5871 2006 5924 vel
2045 5870 2132 5924 τὸν
2315 5869 2378 5924 li
2412 5871 2428 5924 ι
2459 5871 2592 5924 Εἰσ.
2621 5869 2740 5924 ὐιιω

637 5870 749 5938 (.25)
797 5871 861 5924 Te)
904 5865 1093 5926 iam.
1130 5870 1321 5926 Scribe
1363 5865 1431 5923 ’τὸ
1484 5870 1615 5924 ἴδιον
1659 5869 1888 5942 omni,
1924 5871 2006 5926 vel
2045 5870 2132 5924 τὸν
2235 5865 2245 5876 ’

1595 5889 1615 5924 ν
1659 5869 1888 5942 omni,
1924 5871 2006 5926 vel
2045 5870 2132 5924 τὸν
2235 5865 2245 5876 ’
2315 5865 2428 5941 (21)
2459 5871 2592 5924 Εἱσ.
2621 5866 2805 5942 ὑμῶν.
2835 5868 2954 5924 Eis.
2988 5885 3104 5922 σου.
3137 5865 3212 5922 lo.
