4088 6582
354 478 462 545 7Ξ5
1280 481 1736 545 DISPUTATIO
1772 481 1933 544 CUM
1968 481 2335 545 HERBANO
2375 484 2667 547 JU’D/EO.
3517 483 3621 547 τοι

355 590 549 659 χεῖρες
571 587 759 659 ὑμῶν,
787 606 859 662 φη
869 588 973 655 σὶν,
1000 590 1248 659 αἵματος
1271 590 1524 661 πλήρεις
1541 609 1554 622 ·
1593 590 1736 646 τοῦτ’
1766 591 1909 645 εστιν

2041 592 2134 649 die
2176 593 2382 650 audisti
2419 595 2516 650 Dei
2544 594 2745 649 Filium
2763 592 3003 659 venisse,
3036 607 3215 663 neque
3240 591 3547 659 credidisti,
3574 596 3620 650 si

354 681 464 736 ἀπὸ
492 680 589 735 τοῦ
618 680 782 750 φόνου
813 681 910 736 τοῦ
938 680 1068 736 Υίοῦ
1098 700 1223 753 μου,
1258 684 1357 738 καὶ
1389 685 1499 739 τῶν
1520 685 1725 740 λοιπῶν
1758 685 1909 755 ἀγίωι

2040 686 2498 756 multiplicaveris
2530 688 2838 742 orationem
2876 694 3025 740 luam
3063 684 3132 741 ad
3162 699 3271 750 me,
3302 701 3414 741 non
3447 700 3620 742 exau-

351 771 547 827 αύτοῦο
592 772 729 826 διότι
759 772 1090 827 ἐπίστευσαν
1128 774 1209 839 εἰς
1237 774 1298 829 τδ
1337 774 1510 846 ὄνομα
1554 776 1650 831 τοῦ
1709 794 1909 849 μονογε

2037 779 2185 834 diam
2217 788 2289 835 te.
2316 779 2724 847 Quamobrem?
2751 777 3037 845 Quoniam,
3071 777 3275 849 inquit,
3310 795 3501 833 manus
3532 794 3622 834 ve—

351 865 478 928 νοῦς
528 864 661 919 Υίοῦ
699 865 795 919 τοῦ
840 865 1004 928 Θεοῦ,
1040 868 1406 921 ἀπεκτείνατε
1454 869 1674 935 αύτούς.
1721 870 1932 925 Οὐκοῦν

349 956 461 1011 ἐὰν
478 958 829 1027 πληθύνητε
873 957 990 1028 τὴν
1017 958 1233 1029 δέησιν
1264 960 1451 1029 ὑμῶν,
1490 964 1604 1017 οὐκ
1646 965 1929 1019 εἰσακού-

348 1063 533 1117 σομαι
568 1050 757 1120 ὑμῶν.
799 1050 866 1103 Τί
907 1050 1097 1107 λοιπὸν
1139 1051 1431 1124 λατρεύεις
1462 1056 1522 1108 ἐν
1553 1054 1632 1126 τῷ
1658 1055 1808 1127 νόμῳ
1829 1055 1927 1110 τοῦ

348 1139 485 1194 Θεοῦ
517 1159 633 1205 σου,
681 1142 853 1196 αὑτοῦ
907 1142 984 1214 μὴ
1018 1145 1456 1216 προσδεχομένου
1497 1146 1599 1210 τὰς
1648 1148 1927 1216 ἐντεύξεις

351 1249 482 1299 sou;
513 1234 611 1287 xui.
636 1233 691 1287 τί
718 1233 780 1287 τὸ
812 1235 1027 1302 αἴτιονς
1068 1235 1194 1289 Ὅτι
1227 1239 1291 1291 at
1330 1236 1526 1307 χεῖρες
1548 1237 1720 1307 ὑμῶν
1749 1240 1925 1309 auta-

348 1342 450 1392 τος
478 1328 750 1394 πλήρεις.
790 1328 951 1382 Ποίου
975 1329 1245 1399 αἰματοςς
1270 1330 1635 1403 Μαρτύρομαι
1674 1333 1805 1402 ὑμῖν
1832 1333 1925 1388 τὸν

344 1419 600 1490 οὐρανὸν,
646 1420 796 1484 ὅστις
850 1421 968 1474 ἐστὶ
1017 1423 1282 1494 σήμερον,
1329 1423 1422 1477 καὶ
1473 1423 1574 1495 τὴν
1624 1424 1921 1490 θάλασσα,

343 1511 438 1565 τόν
462 1528 521 1565 τε
564 1513 623 1565 ἐν
655 1512 849 1584 Τριάδι
897 1512 994 1567 ἕνα
1037 1514 1171 1568 Θεὶν
1212 1516 1509 1581 ἀπαύστως
1542 1515 1921 1589 δοξαζόμενον,

342 1603 426 1656 δτι
474 1603 543 1657 δι’
575 1604 727 1657 οὐδὲν
761 1604 951 1676 ἕτερον
1002 1605 1243 1679 λέγει,ἢ
1297 1608 1386 1662 διὰ
1427 1607 1489 1661 τὸ
1518 1608 1700 1679 τίμιον
1745 1612 1923 1665 ἐκεῖνο

342 1687 483 1761 αἷμα
512 1692 764 1760 ἐγκαλεῖ,
794 1693 890 1748 τοῦ
921 1695 1128 1766 Κυρίου
1180 1696 1379 1767 Ἰησοῦ,
1416 1696 1444 1751 δ
1501 1697 1775 1770 ἐξεχέατε,
1824 1701 1919 1755 ἅτε

342 1783 669 1854 παράνομοι,
714 1786 841 1839 Ἐὰν
889 1786 965 1858 μὴ
1006 1786 1343 1860 βαπτισθῆτε
1374 1791 1457 1855 είς
1481 1791 1643 1860 ἁγίαν
1690 1793 1917 1863 Τριάδα,

339 1876 402 1929 ού
429 1875 903 1947 καθαρισθήσεσθε
924 1879 1033 1933 ἀπὸ
1055 1881 1157 1950 τῆς
1187 1881 1466 1954 ἁμαρτίας
1489 1883 1655 1938 αὐτοῦ
1685 1886 1765 1949 είς
1792 1886 1919 1950 τοὺς

2034 880 2159 926 εει-αξ
2188 872 2448 941 sanguine
2463 869 2633 941 plena:
2662 877 2786 924 sunt
2815 885 2834 923 :
2867 868 2924 923 id
2954 875 3059 932 est,
3094 866 3243 923 caede
3273 865 3396 922 Filii
3422 866 3531 922 mei
3563 873 3621 922 et

2035 963 2377 1033 reliquorum
2419 971 2738 1018 sanctorum
2771 962 2922 1032 ejus;
2954 976 3115 1032 quos,
3146 961 3276 1031 quia
3308 959 3365 1014 in
3411 974 3619 1015 nomen

2033 1056 2289 1127 unigenas
2314 1056 2439 1111 Filii
2466 1055 2565 1110 Dei
2584 1053 2968 1119 crediderunt,
2987 1051 3364 1109 interfecistis.
3395 1050 3539 1121 Ergo
3570 1052 3617 1106 si

2032 1151 2325 1203 orationem
2369 1157 2599 1203 vestram
2640 1146 3137 1218 multiplicaueritis,
3183 1161 3289 1199 non
3332 1142 3616 1198 exaudiam

2030 1257 2139 1296 vos.
2168 1240 2281 1296 Cur
2314 1240 2498 1296 denuo
2541 1239 2828 1310 religionis
2855 1238 3027 1293 ritum
3055 1246 3111 1292 et
3153 1236 3365 1291 cultum
3403 1233 3613 1290 retines

2029 1333 2335 1389 secundum
2360 1334 2537 1404 legem
2566 1332 2664 1387 Dei
2692 1331 2793 1396 tui,
2818 1330 2915 1401 qui
2951 1338 3075 1385 tuas
3106 1342 3299 1399 preces
3327 1336 3384 1381 et
3413 1341 3613 1381 occur-

2028 1442 2125 1482 sus
2163 1442 2355 1482 aversa
2387 1441 2521 1481 aure
2552 1424 2773 1495 rejicit?
2812 1425 3073 1490 Quaenam
3116 1437 3283 1477 causa
3322 1421 3440 1475 est?
3470 1418 3612 1485 Quia

2030 1535 2221 1573 manus
2235 1524 2419 1573 vestra
2436 1518 2610 1587 impia:
2631 1516 2893 1585 sanguine
2915 1514 3149 1568 madent.
3168 1512 3288 1579 Quo
3308 1510 3610 1581 sanguine?

2028 1610 2226 1666 Testor
2251 1610 2412 1666 vobis
2452 1609 2559 1665 hoc
2601 1607 2750 1678 quod
2793 1614 2879 1662 est
2912 1605 3076 1661 hodie
3105 1605 3309 1662 caelum
3340 1612 3399 1659 et
3432 1617 3604 1665 mare.

2028 1713 2200 1759 testor
2224 1704 2392 1760 etiam
2417 1718 2592 1758 unum
2621 1702 2675 1756 in
2706 1700 2978 1756 Trinitate
3014 1700 3188 1753 Deum
3230 1698 3327 1767 qui
3359 1697 3416 1752 in
3441 1704 3605 1752 aeter-

2025 1811 2157 1851 num
2197 1795 2553 1867 gloriﬁcatur,
2580 1792 2728 1865 quod
2753 1808 2866 1847 non
2893 1790 2964 1846 ob
2998 1789 3150 1847 aliud
3176 1788 3479 1859 quidquam
3517 1786 3607 1842 di-

2024 1888 2121 1951 cit,
2157 1903 2323 1958 quam
2352 1894 2579 1957 propter
2606 1883 2911 1954 pretiosum
2943 1882 3099 1935 illum
3132 1878 3455 1950 sanguinem
3495 1877 3606 1932 Do-

341 1968 564 2031 αίῶνας.
599 1970 700 2023 Διὰ
725 1970 883 2025 τοῦτο
912 1971 1019 2045 γὰρ
1057 1974 1151 2027 καὶ
1183 1976 1212 2029 ό
1243 1977 1552 2048 προφήτης,
1614 1978 1815 2049 μᾶλλον
1858 1980 1909 2033 δὲ

2022 1978 2155 2033 ιηίηἰ
2178 1957 2335 2039 νιεειι,
2371 1992 2535 2052 quem
2580 1982 2769 2045 utpote
2799 1973 3055 2030 scelerati
3108 1969 3406 2034 eﬂ‘udistis,
3434 1984 3603 2025 accu-

337 2061 368 2113 ό
395 2059 530 2124 Θεδς
562 2062 699 2132 μετὰ
735 2062 911 2119 ταῦτα
951 2065 1149 2133 ἐπάγει
1197 2065 1393 2134 λέγων,
1441 2068 1783 2133 Λούσασθε,
1813 2068 1917 2125 και

338 2155 586 2223 καθαροί
619 2158 863 2225 γίνεσθε
882 2174 897 2190 ·
959 2158 1213 2229 ἀφέλετε
1251 2161 1359 2227 τὰς
1409 2163 1706 2230 πονηρίας
1749 2161 1917 2233 ὑμῶν

338 2245 456 2300 ἀπὸ
506 2246 626 2301 τῶν
681 2248 901 2318 ψυχῶν
956 2250 1143 2319 ὑμῶν,
1183 2251 1327 2306 τοῦτ’
1386 2252 1526 2321 ἔστι,
1564 2254 1915 2325 Βαπτισθῆτε

338 2339 569 2405 ικαστος
624 2342 705 2405 εἰς
748 2342 988 2415 Πατέρα,
1020 2346 1116 2398 καὶ
1148 2345 1299 2411 Υίδν,
1354 2346 1448 2399 καλ⁵
1474 2346 1631 2415 ἆγιον
1664 2346 1916 2417 Πνεῦμα,

341 2434 745 2503 μεταπεσόντες
776 2434 871 2489 τοῦ
898 2435 1090 2507 νόμου,
1137 2436 1449 2509 ἐξαίροντες
1480 2437 1578 2492 καὶ
1612 2438 1715 2503 τὰς
1751 2456 1916 2509 πονη-

338 2518 463 2590 ρίας
500 2522 761 2577 ἀπέναντι
782 2524 890 2578 τῶν
914 2524 1210 2597 ὀφθαλμῶν
1238 2544 1362 2598 μου,
1385 2528 1579 2600 ἦγουν,
1605 2528 1915 2601 ἔμπροσθεν

335 2612 436 2682 τῆς
468 2613 614 2684 ἐμῆς
665 2615 939 2686 θεότητος,
972 2618 1066 2671 καὶ
1101 2616 1174 2671 τὰ
1224 2618 1372 2690 ἑξῆς.
1412 2617 1599 2673 Ταῦτα
1647 2619 1827 2674 πάντα
1865 2622 1916 2675 εί

336 2703 581 2759 πείθουσι
604 2707 706 2778 τὴν
730 2708 1053 2781 ἀναίσθητόν
1079 2726 1173 2764 σου
1213 2710 1464 2783 καρδίαν,
1495 2710 1675 2781 χάρις,
1701 2712 1798 2765 καὶ
1832 2712 1914 2765 εί-

337 2798 479 2869 ρήνη
498 2816 514 2832 ο
541 2800 589 2853 εί
621 2800 666 2853 δ’
694 2799 755 2853 οὐ
790 2802 1037 2856 πείθουσί
1062 2821 1142 2870 σε,
1172 2804 1413 2875 μάχαιρα
1428 2804 1574 2874 ὑμᾶς
1602 2803 1913 2859 κατέδεται.

333 2889 408 2942 Τὸ
431 2889 542 2960 γὰρ
569 2892 744 2962 στόμα
774 2893 982 2964 Κυρίου
1016 2894 1247 2967 ἐλάλησε
1276 2896 1473 2951 ταῦτα.

2020 2078 2127 2126 sat.
2151 2070 2266 2125 Nisi
2302 2070 2470 2141 igitur
2493 2067 2687 2131 abluti,
2722 2076 2780 2122 et
2815 2066 2980 2136 639
3007 2079 3165 2122 sacro
3193 2065 3411 2119 lavacro
3441 2062 3605 2118 tincti

2015 2162 2235 2218 fueritis
2260 2163 2317 2217 in
2351 2171 2597 2218 sanctam
2621 2160 2970 2224 Trinitatem,
3003 2158 3072 2213 ab
3107 2158 3214 2213 hoc
3245 2158 3456 2213 scelere
3487 2170 3601 2211 non

2014 2254 2373 2325 expiabimini
2434 2254 2490 2308 in
2550 2261 2839 2308 aeternum.
2896 2251 3246 2322 Quapropter
3292 2250 3599 2321 propheta,

2016 2346 2128 2402 imo
2171 2361 2302 2402 vero
2328 2347 2474 2401 Deus
2512 2345 2629 2416 ipse
2663 2343 2783 2399 haac
2823 2343 3032 2409 subdit,
3060 2343 3292 2399 dicens:
3321 2343 3601 2397 Lavanu'ni

2014 2448 2064 2492 et
2089 2440 2211 2509 puri
2233 2446 2394 2493 estote
2416 2454 2434 2492 :
2455 2438 2658 2507 auferte
2692 2436 2983 2506 pravitates
3010 2452 3073 2490 ea:
3098 2436 3290 2490 animi:
3310 2435 3495 2489 vestris
3515 2434 3597 2499 ης

2016 2527 2070 2583 id
2103 2539 2208 2595 est,
2244 2511 2623 2599 baptizemini,
2670 2528 2787 2583 sive
2838 2525 3109 2582 lustrifico
3152 2525 3373 2580 lavacro
3420 2524 3598 2595 tinga-

2014 2621 2147 2676 mini
2165 2620 2545 2690 unusquisque
2569 2631 2838 2682 vestrum,
2868 2619 2925 2673 in
2954 2619 3193 2681 Patrem,
3218 2616 3513 2682 etFilium,
3542 2626 3600 2672 et

2013 2711 2281 2783 Spiritum
2328 2719 2603 2777 sanctum,
2633 2711 2751 2782 lege
2787 2709 2980 2766 relicta
3008 2718 3065 2764 et
3093 2717 3324 2773 mutata,
3352 2707 3598 2763 eximen-

2013 2814 2098 2861 tes
2126 2813 2307 2859 vestra
2345 2804 2551 2859 scelera
2580 2818 2608 2857 a
2655 2810 2954 2872 conspectu
2989 2801 3273 2857 oculorum
3322 2815 3594 2867 meorum,

2012 2896 2070 2952 id
2101 2902 2207 2960 est,
2233 2910 2419 2950 coram
2450 2908 2572 2949 mea
2590 2892 2900 2959 divinitate,
2928 2900 2984 2950 et
3011 2902 3229 2950 caetera.
3262 2895 3388 2950 Haac
3409 2894 3592 2949 omnia

331 2981 381 3036 si
402 2990 557 3038 tuum
587 2983 871 3055 stupidum
890 3001 988 3042 cor
1008 2997 1250 3051 movent,
1274 2988 1436 3059 eique
1472 2989 1633 3046 ﬁdem
1671 2988 1902 3055 faciunt,
1940 2988 2112 3059 gratia
2155 2997 2211 3044 et
2254 3002 2401 3058 pax:
2465 2987 2552 3043 sin
2597 2986 2781 3042 minus
2849 2985 2950 3041 tibi
2988 2986 3345 3056 persuadent,
3378 2986 3593 3059 gladius

332 3091 432 3131 vos
457 3077 728 3134 absumet.
761 3078 833 3135 Os
859 3081 1008 3135 enim
1038 3080 1255 3136 Domini
1287 3082 1404 3137 haec
1437 3083 1683 3139 locutum
1724 3090 1831 3139 est.

404 3171 650 3228 EPBAN.
692 3174 767 3228 Ού
796 3176 925 3247 περὶ
962 3174 1058 3229 τοῦ
1102 3176 1369 3248 ὑμετέρου
1399 3176 1776 3249 βαπτίσματος
1813 3177 1891 3231 εί-

2066 3171 2272 3227 HERB.
2308 3172 2429 3227 Non
2453 3172 2522 3228 de
2546 3180 2735 3227 vestro
2762 3171 3099 3243 baptismate
3126 3172 3396 3243 propheta
3422 3174 3585 3241 dixit,

333 3279 505 3333 ρηκεν
558 3264 587 3315 ὀ
634 3266 923 3336 προφήτης
950 3306 966 3331 ,
997 3265 1079 3318 ὅτι
1124 3264 1195 3318 δι’
1231 3266 1401 3320 αὐτοῦ
1445 3266 1737 3331 λούσασθε,
1767 3265 1907 3321 ἀλλά

330 3371 398 3423 γε
446 3354 557 3427 πρὸ
592 3356 696 3425 τῆς
750 3355 1024 3429 ἐξωτέρας
1077 3356 1205 3411 ναοῦ
1252 3356 1600 3428 Σολομῶντος
1643 3357 1906 3430 λουτῆρες

330 3446 522 3517 ἄφετοι
550 3448 921 3519 ἐχρημάτιζον
952 3450 1211 3504 πάντοτε.
1259 3449 1446 3520 Νόμος
1476 3450 1533 3504 δέ
1576 3449 1780 3514 ἔκειτο,
1817 3449 1905 3503 ἵνα

328 3540 361 3593 ὁ
392 3536 733 3609 ἁμαρτάνων
772 3540 864 3594 ἐπί
896 3541 1334 3612 τινιπράγματι,
1369 3541 1467 3595 καὶ
1501 3540 1782 3612 βουληθεὶς
1812 3559 1907 3612 με-

329 3630 730 3703 ταμεληθῆναι,
758 3633 891 3705 λέγῃ
919 3636 1033 3697 τοῖς
1071 3634 1299 3706 ἱερεῦσι,
1335 3638 1433 3688 καί⁵
1470 3634 1609 3705 πρὸς
1648 3634 1710 3688 τὸ
1744 3638 1905 3688 πταῖ-

332 3739 445 3793 σμα
471 3723 813 3795 ἀφορίζεται,
840 3725 936 3780 τοῦ
968 3727 1049 3792 είς
1067 3726 1160 3780 τὸν
1190 3727 1317 3781 ναὸν
1345 3728 1594 3784 εἰσιέναι.
1628 3727 1740 3781 Καὶ
1764 3726 1903 3795 πλη-

332 3814 601 3886 ρωθέντος
655 3816 747 3871 τοῦ
777 3818 904 3889 ὅρου
944 3818 1314 3891 ἀπολυόμενος
1353 3818 1497 3890 (25),
1540 3820 1680 3872 κατὰ
1722 3817 1903 3888 ψυχὴν

332 3907 672 3977 ίατρευθεὶς,
705 3908 847 3963 οὕτω
887 3909 1075 3964 λοιπὸν
1123 3912 1205 3976 εἰς
1252 3910 1342 3964 τὸν
1395 3910 1521 3964 ναὸν
1572 3908 1747 3973 ἀδεῶς
1794 3910 1907 3963 eia-

330 3999 589 4064 ελαύνων,
612 4001 859 4056 ἐπιτελεῖ
878 4004 979 4067 τὰς
1008 4002 1268 4075 λατρείας
1293 4002 1485 4058 αὑτοῦ.
1526 4002 1666 4075 Περὶ
1703 4001 1895 4056 τούτου

328 4087 425 4146 οῦν
455 4092 549 4146 τοῦ
579 4092 805 4165 λουτροῦ
843 4095 873 4147 ὁ
906 4095 1194 4165 προφήτης
1220 4090 1460 4165 ᾐνίξατο,
1491 4094 1587 4149 καὶ
1616 4093 1737 4165 οὐχὶ
1768 4093 1899 4164 περὶ

328 4182 425 4238 τοῦ
454 4183 727 4257 ὑμετέρου
754 4184 1156 4257 βαπτίσματος.

2011 3265 2161 3335 quod
2185 3280 2287 3334 per
2318 3264 2501 3335 ipsum
2542 3264 2844 3319 lavamini:
2903 3263 3001 3319 sed
3033 3263 3088 3317 in
3119 3264 3397 3319 exteriore
3432 3274 3591 3336 porta

2011 3354 2325 3411 Salomonis
2377 3361 2541 3410 erant
2595 3353 2845 3425 undique
2899 3354 3119 3409 lavacra
3164 3354 3434 3425 exposita.
3476 3355 3590 3411 Lex

2009 3454 2194 3502 autem
2214 3454 2338 3502 erat
2366 3447 2500 3512 lata,
2534 3455 2597 3502 ut
2621 3446 2717 3517 qui
2738 3446 2795 3502 in
2832 3462 2891 3502 re
2924 3446 3113 3518 aliqua
3138 3441 3357 3517 peccat,
3386 3459 3444 3519 et
3465 3450 3585 3503 vult

2012 3538 2361 3608 resipiscere,
2393 3537 2545 3593 dicat
2562 3537 2967 3604 sacerdotibus,
2997 3547 3055 3593 et
3088 3538 3160 3593 ob
3190 3539 3427 3608 lapsum,
3448 3547 3583 3595 tem-

2010 3629 2162 3699 plum
2214 3628 2427 3701 ingredi
2481 3630 2880 3700 prohibeatur:
2930 3631 3151 3701 expleto
3179 3646 3311 3687 vero
3346 3632 3586 3687 termino

2009 3719 2321 3787 absolutus,
2355 3730 2411 3775 et
2434 3721 2620 3776 animo
2670 3720 2947 3799 expiatus,
3006 3720 3089 3776 sic
3120 3729 3313 3791 postea
3341 3721 3399 3775 in
3432 3731 3586 3777 tem-

2007 3813 2158 3884 plum
2192 3813 2465 3884 intrepide
2500 3813 2843 3886 ingrediens,
2890 3829 2989 3870 sna
3018 3828 3175 3869 sacra
3224 3814 3457 3885 peragit.
3500 3814 3579 3869 De

2008 3905 2115 3960 hoc
2176 3904 2343 3976 igitur
2372 3905 2647 3975 propheta
2704 3906 2928 3963 locutus
2978 3914 3086 3974 est,
3146 3920 3259 3962 non
3293 3914 3479 3964 autem
3510 3907 3583 3965 de

2009 4004 2194 4052 vestro
2226 3996 2580 4067 baptismate.

1932 4282 2003 4305 σι.

1076 4354 1505 4417 TRANSITUS
1546 4355 1645 4416 AD
1684 4352 2299 4417 DISPUTATIONEM
2340 4355 2600 4418 TERTII
2642 4356 2825 4418 DlEl.

393 4478 615 4535 Τούτων
640 4482 817 4546 οὕτως
870 4483 1142 4556 ῥηθέντων
1194 4486 1261 4555 τῇ
1310 4482 1539 4554 δευτέρᾳ.
1575 4482 1763 4553 ήμέρᾳ
1797 4499 1897 4552 με·

325 4572 460 4639 ταξὺ
516 4574 720 4645 Ἑρὸᾶν
764 4577 858 4630 καὶ
877 4575 972 4629 τοῦ
1004 4575 1459 4646 ἀρχιεπισκόπου,
1494 4572 1589 4629 τοῦ
1632 4574 1899 4645 βασιλέως

2074 4479 2172 4535 His
2203 4479 2371 4551 igitur
2391 4479 2641 4536 secundo
2665 4481 2756 4537 die
2773 4482 3072 4553 disputatis
3101 4482 3245 4540 inter
3263 4486 3616 4551 iierbanum‘.

2004 4582 2060 4628 et
2096 4572 2603 4643 archiepiscopum,
2664 4589 2790 4628 cum
2826 4591 2921 4629 rex
2976 4576 3330 4643 surrexisset,
3373 4579 3578 4635 iterum

324 4641 687 4733 ἀναστάντος,
716 4667 883 4722 πάλιν
927 4641 1255 4723 ἀσύντακτοι
1282 4641 1659 4738 ἀνεχώρησαν.
1692 4666 1814 4720 Τῶν
1842 4666 1899 4720 δέ

2016 4664 2125 4720 sine
2148 4664 2348 4719 ordine
2377 4673 2434 4719 et
2466 4664 2782 4734 promiscue
2831 4677 3217 4733 secesserunt.
3267 4669 3443 4725 Judaei
3474 4686 3579 4725 au-

332 4756 605 4813 Ἶουδαίων
642 4759 721 4823 ὼς
765 4759 1206 4831 εὐφραινομένων
1262 4758 1356 4812 ἐπὶ
1402 4758 1481 4829 τῷ
1540 4758 1773 4830 Ἕρϐἃν,
1818 4760 1901 4813 ὅτι

322 4849 512 4914 ἱκανὸς
540 4852 825 4923 εὑρίσκετο
865 4852 959 4906 τοῦ
989 4851 1334 4920 διαλέγεσθαι
1377 4852 1514 4923 μετὰ
1543 4851 1639 4906 τοῦ
1675 4852 1900 4906 ἐπισκό-

323 4960 450 5007 που,
487 4943 584 4997 καὶ
636 4943 745 4998 τῶν
791 4944 1137 5014 Χριστιανῶν
1183 4942 1641 5013 ἐκπληττομένων
1682 4943 1776 4996 ἐπὶ
1817 4942 1896 5013 τῷ

322 5034 583 5103 μακαρίῳ
611 5032 947 5105 Γρηγεντίῳ,
980 5034 1064 5088 ὅτι
1096 5036 1130 5107 ή
1164 5033 1327 5105 χάρις
1358 5031 1453 5086 τοῦ
1481 5030 1802 5101 Πνεύματος
1823 5026 1893 5102 ἦν

322 5126 442 5193 μετ’
457 5124 647 5179 αὐτοῦ.
667 5125 745 5196 Τῇ
768 5124 923 5197 τρίτῃ
947 5126 1127 5200 ἡμέρα
1143 5125 1307 5180 πάλιν
1338 5125 1771 5195 προκαθίσαντος
1798 5123 1892 5178 τοῦ

322 5214 590 5284 βασιλέως
630 5215 837 5270 καὶτοῦ
858 5216 1315 5288 άρχιεπισκόπου,
1340 5214 1438 5270 καὶ
1458 5212 1678 5268 πάντων
1702 5212 1767 5267 ἀθ
1777 5213 1892 5283 ροί-

319 5324 429 5362 των
487 5309 597 5378 (26)
632 5308 727 5362 ἐπὶ
782 5310 845 5363 τὸ
892 5310 1059 5375 αὐτὸ,
1104 5309 1441 5382 παρεγένετο
1467 5307 1562 5362 καὶ
1613 5308 1642 5359 ὁ
1689 5305 1892 5377 Ἐρϐᾶν

324 5399 465 5469 μετὰ
522 5401 623 5472 τῆς
677 5402 1014 5466 κουστωδίας
1059 5402 1247 5457 αὑτοῦ.
1279 5402 1388 5456 Καὶ
1418 5400 1495 5465 ὡς
1545 5399 1815 5472 παρέστη,
1861 5401 1890 5454 ὁ

320 5492 477 5559 ἅγιος
500 5491 825 5564 Γρηγέντιος
850 5494 951 5567 ἔφη
978 5495 1113 5566 πρὸς
1142 5494 1322 5549 αὐτόν.

388 5634 437 5667 ι’
474 5633 578 5689 lsa.
611 5651 650 5701 ι,
685 5636 772 5692 16.

2005 4763 2115 4810 tem
2148 4755 2499 4810 exsultabant
2526 4771 2696 4827 super
2731 4757 3017 4822 Herbano,
3039 4758 3189 4828 quod
3227 4759 3281 4814 id
3299 4776 3464 4816 meus
3494 4762 3581 4816 in-

2003 4847 2290 4903 veniretur
2315 4846 2411 4918 qui
2435 4863 2563 4903 cum
2596 4848 3019 4920 archiepiscOpo
3050 4850 3381 4907 dlssereret:
3416 4852 3579 4909 Chri-

1999 4938 2164 4994 stiani
2195 4954 2327 4993 vero
2348 4939 2652 5009 stupebant
2671 4955 2841 5009 super
2866 4941 3032 4995 beato
3070 4941 3391 5013 Gregcntio,
3425 4944 3575 5016 quod

1998 5029 2170 5101 gratia
2198 5029 2442 5100 Spiritus
2461 5032 2643 5087 sancti
2660 5039 2968 5089 esset-cum
2999 5048 3089 5089 eo.
3132 5034 3323 5092 Tertio
3348 5037 3574 5094 demum

1998 5121 2088 5177 die
2124 5136 2338 5189 rursus,
2373 5137 2501 5178 cum
2539 5139 2635 5179 rex
2689 5123 2905 5195 primus
2935 5126 3193 5193 sedisset,
3234 5128 3438 5187 deinde
3486 5147 3577 5188 ar-

1995 5214 2403 5285 chiepiscopus,
2431 5206 2645 5281 omnes
2687 5216 2930 5287 denique
2981 5218 3038 5272 in
3083 5220 3341 5277 eumdem
3376 5223 3573 5281 ,locum

1995 5317 2392 5367 convenerunt
2419 5309 2739 5379 congregati
2779 5326 2793 5364 :
2846 5326 2949 5366 nec
2978 5326 3087 5367 non
3136 5312 3254 5383 ipse
3284 5315 3574 5374 Herbanus

1996 5415 2120 5455 cum
2172 5400 2549 5457 sua-custodia
2581 5401 2829 5459 advenit.
2858 5404 3115 5472 Quicum
3171 5406 3409 5474 adstitit,
3444 5424 3573 5465 san-

1994 5502 2118 5549 ctus
2150 5492 2481 5565 Gregcntius
2504 5493 2571 5548 ad
2605 5508 2733 5549 eum
2780 5510 3095 5553 sermonem
3130 5500 3424 5556 convertit.

1833 5706 2065 5765 ΝοΤΑς.

391 5793 506 5861 (25)
544 5794 993 5867 ’ᾼπολυόμξνοφ
1026 5796 1143 5852 Una
1173 5800 1354 5855 littera
1392 5801 1573 5857 minus
1604 5798 1768 5857 habet
1797 5801 1887 5857 hic

316 5865 601 5934 Gregentii
635 5865 809 5922 locus.
839 5866 973 5933 Quis
999 5868 1147 5922 enim
1176 5884 1287 5923 non
1331 5870 1512 5927 videat
1560 5882 1764 5928 certam
1809 5872 1885 5925 le-

317 5934 562 5991 ctionem
611 5935 1047 6009 άπολουόμενοςτ
1095 5936 1269 5995 Cotel.
1329 5941 1395 5997 ad
1455 5942 1643 5998 Const.
1693 5942 1882 6012 Apost.

1993 5801 2089 5856 lib.
2117 5816 2193 5865 vn,
2224 5816 2345 5870 cap.
2378 5801 2465 5857 ts.

2063 5871 2174 5943 (96)
2217 5868 2548 5940 'A0pot'twr.
2594 5868 3039 5945 Ἀθροισθίντων.
3068 5870 3282 5926 GULon.
