4094 6546
487 434 594 498 727

1409 445 1472 507 S.
1513 446 1944 510 GREGENTII
1981 445 2217 508 EPISC.
2259 447 2791 509 TAPHARENSIS

3651 445 3762 508 728

559 550 617 607 S.
645 550 853 607 ARCH.
883 551 1016 608 ﬂeri
1050 552 1241 610 dixisti
1267 551 1441 611 illud:
1473 557 1778 625 Lavamini,
1809 570 1860 615 et
1879 559 2063 614 mundi

2235 560 2278 613 0
2349 557 2566 614 A1102.
2625 559 2869 630 Εῐρηκας
2921 557 3070 630 χθὲς,
3137 559 3224 613 ὅτι
3273 557 3359 623 τδ,
3411 557 3760 624 Λούσασθυ,

486 653 672 710 estote,
710 645 782 700 de
803 645 1043 702 lavacris
1073 647 1193 719 lege
1227 649 1504 706 institutis
1531 651 1743 707 dictum
1777 668 1926 716 esse,
1955 667 2070 706 non

488 743 674 790 autem
701 735 772 791 de
795 735 1249 794 Christianorum
1284 741 1642 812 baptismate.
1698 745 1896 800 Nonne
1923 745 2071 800 Deus

488 827 690 897 estqui
721 827 862 884 dixit
883 830 1063 896 vobis,
1103 833 1253 902 quod
1288 833 1642 906 Relinquetur
1666 836 1786 905 ﬁlia
1813 835 1966 901 Sion,
2013 846 2073 889 ut

490 919 865 974 unibraculum
896 922 953 978 in
977 923 1151 989 uinea,
1183 933 1343 995 atque
1369 935 1427 980 ut
1457 927 1787 998 tuguriolum
1831 929 1887 982 in
1909 944 2072 982 cucu-

493 1011 725 1064 merario
771 1012 843 1076 ⁸³,
875 1028 908 1068 a
955 1029 1056 1069 sua
1106 1017 1534 1086 recuperatione
1577 1019 1696 1075 sive
1745 1019 2072 1076 defensione

493 1101 792 1159 nimirum:
820 1113 878 1160 et
907 1107 1056 1177 quod
1105 1109 1264 1175 Nolo,
1295 1128 1464 1183 neque
1505 1114 1554 1167 si
1593 1117 1838 1169 veneritis
1867 1117 1922 1170 in
1951 1132 2076 1169 cow-

493 1203 728 1266 spectum
763 1215 935 1254 meum
955 1217 974 1255 :
999 1204 1225 1273 etquod
1244 1205 1316 1260 ad
1339 1205 1656 1263 calcandum
1675 1211 1872 1264 atrium
1897 1225 2074 1264 meum

495 1301 603 1340 non
636 1289 860 1358 oﬁ'eretis
883 1291 951 1345 “.
995 1291 1068 1346 Et
1095 1295 1144 1348 si
1193 1297 1425 1366 oﬂ'eratis
1461 1299 1589 1353 mihi
1627 1299 1950 1365 semidalim,
1982 1316 2078 1355 va-

497 1394 624 1432 num
657 1381 930 1437 incensum
961 1385 1289 1442 abominalio
1323 1396 1400 1442 est
1432 1391 1602 1446 mihi:
1623 1399 1680 1446 et
1733 1392 1904 1462 quod,
1935 1392 2074 1446 Neo-

497 1474 701 1527 menias
727 1482 931 1529 vestras
972 1487 1022 1530 et
1045 1475 1281 1533 Sabbata
1301 1488 1351 1533 et
1380 1481 1524 1535 diem
1552 1499 1808 1554 magnum
1836 1501 1941 1539 non
1961 1501 2078 1539 sus-

498 1563 660 1626 tineo,
711 1565 840 1634 quia
895 1582 1006 1622 non
1065 1567 1288 1639 indigeo
1316 1571 1385 1626 ab
1421 1571 1528 1627 hoc
1563 1571 1688 1628 die:
1722 1581 1780 1628 et
1811 1574 1961 1644 quod
1987 1574 2078 1628 Je-

490 1653 708 1725 junium
735 1664 785 1709 et
815 1657 976 1725 ferias
1008 1667 1056 1712 et
1077 1657 1362 1728 dieslfeslos
1374 1669 1572 1716 vestros
1592 1663 1702 1716 odit
1725 1665 1910 1718 anima
1937 1682 2078 1720 mea:

495 1755 574 1813 et,
601 1748 747 1818 quod
781 1749 909 1804 Mihi
934 1753 987 1804 in
1009 1753 1311 1808 satietatem
1349 1756 1480 1825 facti
1529 1757 1691 1811 estis:
1736 1770 1793 1812 et
1816 1757 1950 1813 Cum
1990 1775 2080 1813 ea;—

2173 648 2272 702 καί
2299 647 2544 717 καθαροὶ
2569 649 2836 718 γίνεσθε,
2866 647 2998 720 περὶ
3027 647 3141 701 τῶν
3170 649 3415 720 νομικῶν
3450 647 3764 719 λουτηρίων

2171 740 2488 812 λελάληται,
2534 741 2630 795 καὶ
2667 742 2793 812 οὐχὶ
2823 741 2954 812 περὶ
2976 739 3073 794 τοῦ
3120 739 3234 794 τῶν
3279 739 3628 812 Χριστιανῶν
3658 739 3763 811 βα-

2173 830 2503 901 πτίσματος.
2532 830 2745 885 Οὐκοῦν
2775 831 2804 883 6
2840 830 2975 894 Θεὸς
3003 831 3032 882 6
3061 828 3235 884 εἰπὼν
3267 831 3419 901 ὑμῖν,
3447 826 3531 884 ὅτι
3557 830 3763 898 Ἐγκα-

2173 922 2646 992 ταλειφθήσεται
2701 924 2742 992 ἡ
2785 922 3049 993 θυγάτηρ
3102 923 3280 987 Σιὼν,
3331 923 3413 987 ὡς
3449 919 3653 989 σκηνὴ
3688 921 3764 975 ἐν

2176 1015 2508 1086 ἀμπελῶνι,
2546 1014 2648 1069 καὶ
2667 1015 2748 1082 ὡς
2781 1015 3281 1086 ὀπωροφυλάκιον
3300 1015 3371 1069 ἐν
3387 1013 3761 1080 σικυηλὰτῳ,

2184 1107 2344 1180 παρὰ
2372 1108 2476 1179 τῆς
2510 1107 2680 1162 αὐτοῦ
2730 1108 3073 1179 ἀντιλήψεως
3101 1107 3371 1176 δηλονότι,
3419 1107 3512 1159 καὶ
3557 1106 3642 1159 ὃτι
3679 1103 3761 1157 Οὐ

2177 1201 2463 1272 βούλομαι,
2479 1200 2607 1256 οὐδ’
2629 1201 2708 1256 ἂν
2721 1200 2982 1270 ἕρχησθε
3001 1200 3109 1256 τοῦ
3130 1198 3391 1269 ὀφθῆναί
3409 1215 3533 1268 μοι,
3564 1197 3659 1250 καὶ
3674 1196 3763 1250 ὅτι

2178 1293 2397 1348 Πατεῒν
2425 1293 2538 1365 (27)
2566 1293 2684 1362 τὴν
2706 1293 2908 1360 αὐλήν
2914 1309 3036 1362 μου
3057 1295 3130 1347 οὐ
3157 1291 3585 1363 προσθήσεσθε
3604 1305 3621 1321 ο
3659 1287 3762 1342 και

2177 1388 2286 1442 ἐὰν
2300 1385 2519 1457 φέρητέ
2544 1403 2640 1450 μοι
2666 1384 3018 1456 σεμίδαλιν,
3040 1385 3303 1454 θυμίαμα
3330 1383 3468 1452 (28),
3485 1384 3761 1449 ,βδέλυγ-

2175 1478 2262 1550 μὰ
2315 1479 2421 1549 μοι
2455 1478 2587 1534 ἐστι
2616 1497 2629 1510 ’
2662 1479 2761 1534 καὶ
2794 1480 2900 1542 ὅτι,
2940 1476 3054 1544 Τὰς
3092 1479 3418 1548 νεομηνίας
3461 1478 3632 1548 ὑμῶν
3657 1480 3763 1535 καὶ

2177 1571 2254 1626 τὰ
2285 1570 2579 1635 Σάϐϐατα,
2609 1571 2707 1624 καί
2737 1569 2970 1640 ἡμέραν
2989 1568 3268 1639 μεγάλην
3288 1571 3402 1624 οὐκ
3428 1570 3722 1640 ἀνέχομαι
3743 1588 3758 1601 ο

2179 1663 2348 1733 ἧγουν
2387 1663 2450 1715 οὐ
2492 1661 2686 1734 χρείαν
2723 1661 2833 1732 ἔχω
2866 1662 2976 1715 ἀπὸ
3013 1661 3114 1731 τῆς
3145 1660 3307 1732 δεῦρο
3330 1677 3344 1690 ο
3371 1660 3468 1715 καὶ
3495 1663 3580 1715 ὅτι
3635 1665 3764 1729 Νη-

2180 1752 2394 1807 στείαν
2426 1751 2528 1806 καί
2561 1751 2779 1823 ἀρτίαν
2802 1749 3034 1818 καὶτὰς
3060 1749 3274 1818 ἑορτὰς
3309 1749 3481 1820 ὑμῶν
3519 1751 3694 1820 μισεῖ
3718 1751 3761 1818 ἠ

497 1840 790 1910 panderitis
845 1859 1036 1898 manus
1097 1855 1298 1900 vestras
1341 1847 1414 1901 ad
1451 1863 1554 1912 me,
1607 1857 1848 1904 avertam
1902 1850 2079 1905 oculos

2182 1843 2490 1915 ψυχήμου
2511 1860 2528 1876 ’
2555 1845 2651 1898 καὶ
2684 1845 2770 1898 ὅτι
2836 1842 3196 1913 Ἔγενήθητέ
3208 1860 3312 1912 μοι
3350 1845 3438 1910 εις
3485 1847 3768 1914 πλησμο-

497 1909 642 1988 meos
665 1951 699 1987 a
721 1933 862 1990 vobis
898 1951 916 2001 ;
947 1943 1033 2001 et,
1071 1935 1130 1992 Si
1151 1925 1630 2009 multiplictiveritis
1663 1943 1960 1996 orationem
1988 1959 2080 1997 ue-

2331 1909 2476 2009 (é9)°
2512 1937 2637 2000 καὶ,
2664 1937 2854 1990 Ὅταν
2889 1909 2998 2002 τὰς
3027 1909 3235 2005 ἀεῖραξι
3270 1909 3442 2004 ’ἡμᾶὂὶ⁴
3468 1909 3768 1990 ἐκτάέῖτε

495 2031 689 2089 stram,
708 2041 816 2080 non
838 2028 1124 2083 exaudiam
1139 2045 1227 2084 vos
1240 2029 1319 2084 κει
1343 2028 1805 2102 Quandoquidem
1823 2034 1942 2090 haec
1958 2051 2080 2089 om-

497 2113 591 2168 nia
618 2115 769 2172 Deus
790 2117 1005 2187 repulit
1031 2128 1088 2174 et
1127 2118 1248 2174 odit
1289 2121 1669 2188 vehementer,
1715 2132 1772 2180 et
1826 2125 2083 2183 victimas

499 2216 716 2264 vestras
739 2209 848 2264 sibi
883 2210 1073 2266 oﬂ‘erri
1105 2212 1417 2267 secundum
1461 2213 1640 2285 legem
1674 2224 1846 2279 vetat,
1875 2224 1932 2272 et
1961 2217 2083 2271 ani-

499 2313 720 2354 marum
763 2298 1194 2370 deprecationes
1253 2312 1311 2358 et
1348 2303 1635 2359 orationes
1681 2315 1737 2361 et
1789 2321 2078 2372 occursus,

502 2402 884 2460 manuumque
921 2392 1434 2466 elevationesjurat
1470 2411 1530 2452 se
1563 2397 1826 2453 detestari
1850 2408 1906 2454 et
1944 2401 2082 2454 abo-

501 2482 701 2537 minari
721 2484 966 2549 ;lavacra
989 2485 1181 2556 populi
1210 2486 1436 2542 interim
1463 2487 1514 2543 ei
1532 2504 1682 2544 cura:
1698 2491 1867 2544 sunt?
1887 2507 2072 2562 super-

502 2590 780 2631 vacaneus
838 2586 900 2632 et
960 2578 1239 2636 absurdus
1267 2596 1470 2638 sermo.
1501 2581 1639 2638 Nam
1683 2585 1876 2654 procul
1909 2584 2083 2641 dubio

501 2665 954 2724 Christianorum
982 2669 1255 2741 baptisma
1283 2673 1503 2730 occulto
1529 2675 1794 2747 mysterio
1816 2676 1964 2733 Deus
1985 2694 2085 2749 per

503 2758 830 2829 pr0pbetam
858 2761 1062 2818 innuit.

577 2933 793 2992 BERB.
838 2936 985 3005 Quid
1015 2939 1117 2996 tibi
1149 2939 1372 3009 faciam,
1401 2957 1436 2998 o
1467 2943 1928 3016 archiepiscope?
1959 2945 2084 3002 Non

505 3037 591 3083 est
631 3028 865 3084 verbum
896 3031 1045 3101 quod
1081 3049 1194 3088 non
1231 3043 1543 3104 pervertas,
1598 3052 1712 3092 non
1773 3045 1860 3093 est
1884 3038 2084 3094 vatici-

505 3119 664 3173 nium
695 3120 860 3193 ϐω
888 3123 1036 3191 quod
1071 3139 1184 3178 non
1225 3125 1338 3180 alio
1365 3125 1726 3196 detorqueas.
1768 3127 1882 3184 Cur
1915 3127 2086 3198 igitur

2181 2031 2332 2100 πρός
2374 2047 2475 2099 με,
2513 2029 2880 2099 ἀποστρέψαι
2918 2029 3062 2095 τοὺς
3105 2028 3458 2098 ὀφθαλμούς
3497 2045 3619 2097 μου
3659 2027 3767 2097 ἀφ’

2180 2119 2348 2190 ὑμῶν
2370 2135 2385 2149 °
2425 2119 2542 2186 καὶ,
2590 2118 2727 2174 Ἐὰν
2769 2121 3119 2186 πληθύνητε
3166 2120 3282 2188 τὴν
3319 2119 3537 2187 δέησιν
3572 2116 3766 2188 ὑμῶν,

2181 2214 2292 2267 οὐκ
2327 2211 2974 2280 εὶσακούσομαιύμῶν.
3016 2211 3174 2266 Ἐπεὶ
3213 2210 3393 2267 ταῦτα
3457 2210 3635 2265 πάντα
3659 2211 3769 2265 ἀπ-

2180 2303 2357 2360 ώσαττ
2381 2305 2478 2358 καὶ
2496 2305 2726 2375 ἐμίσησε
2755 2305 2898 2362 κατὰ
2918 2304 3142 2375 κράτος,
3161 2305 3364 2368 καὶτὰς
3388 2303 3579 2368 Θυσίας
3610 2303 3769 2374 ὑμῶν

2179 2395 2391 2452 κελεύει
2419 2396 2494 2468 μὴ
2523 2396 2926 2468 προσφέρεσθαι
2943 2397 3086 2451 κατὰ
3107 2397 3290 2468 νόμον,
3320 2398 3416 2452 καὶ
3431 2397 3533 2459 τὰς
3547 2397 3770 2466 δεήσεις

2179 2489 2286 2545 τῶν
2316 2488 2503 2560 ψυχῶν
2535 2490 2629 2542 καὶ
2655 2489 2757 2554 τὰς
2787 2489 3061 2554 ἐντεύξεις
3089 2491 3187 2544 καὶ
3216 2490 3316 2555 τὰς
3353 2489 3620 2560 ἐπάρσεις
3654 2489 3768 2543 τῶν

2181 2578 2383 2650 χειρῶν
2409 2577 2636 2647 ὄμνυσιν
2657 2578 3102 2650 ἀποστρέφεσθαι
3121 2619 3137 2644 ,
3165 2581 3294 2651 περὶ
3329 2579 3437 2634 τῶν
3461 2579 3766 2650 λουτηρίων

2181 2670 2275 2724 τοῦ
2311 2669 2443 2724 λαοῦ
2475 2669 2670 2741 Εμελεν
2692 2670 2880 2741 αὐτῷ;
2921 2671 3174 2744 περιττὸς
3212 2673 3240 2725 6
3284 2671 3462 2740 λόγος.
3491 2670 3615 2725 Τῶν
3654 2671 3769 2743 γὰρ

2182 2762 2523 2834 Χριστιανῶν
2553 2761 2839 2833 βάπτισμα
2875 2763 3008 2818 ἄνευ
3046 2763 3229 2836 πάσης
3257 2763 3589 2836 ἀμφιϐολίας
3631 2781 3768 2837 κρυ·

2184 2854 2501 2924 φιομύστως
2535 2856 2564 2908 6
2593 2853 2726 2919 Θεὸς
2751 2854 2838 2908 διὰ
2863 2853 2961 2909 τοῦ
2991 2857 3274 2928 προφήτου
3303 2857 3545 2927 ᾐνίξατο.

2261 2945 2508 3000 EPBAN.
2539 2946 2606 3000 Τί
2657 2963 2740 3000 σοι
2779 2949 3022 3016 ποιήσω,
3058 2949 3458 3019 ἀρχιεπίσκοπε
3483 2990 3500 3014 ,
3533 2950 3617 3004 ὅτι
3663 2949 3770 3004 οὐκ

2185 3038 2265 3092 ἔνι
2294 3039 2446 3110 ῥῆμα
2488 3037 2518 3092 ὃ
2544 3036 2607 3092 οὐ
2663 3037 3032 3110 διαστρέφεις,
3069 3041 3168 3094 καὶ
3222 3040 3324 3093 οὐκ
3375 3039 3494 3096 ἐστι
3545 3057 3769 3114 προφη-

2185 3132 2307 3186 τεία
2360 3133 2428 3203 ἢν
2473 3131 2534 3185 οὐ
2603 3131 3217 3203 μεταφέρεις;οὒκοῦν
3263 3132 3318 3186 τί
3367 3133 3564 3202 ἐπάγει
3625 3133 3768 3204 μετὰ

505 3211 744 3268 subinde
793 3214 963 3270 verba
997 3215 1281 3287 subiungit
1318 3217 1624 3288 prOpheta?
1650 3218 1806 3287 Quod
1856 3221 2081 3291 quidem

2188 3222 2358 3277 ταῦτα
2382 3221 2451 3278 τὰ
2487 3223 2712 3294 ῥήματα
2737 3225 2765 3276 6
2791 3224 3084 3295 προφήτης
3109 3224 3267 3291 ;“Οτι
3293 3224 3392 3293 μὲν
3413 3224 3521 3296 γὰρ
3546 3223 3636 3278 διὰ
3663 3224 3768 3288 τὰς

505 3311 735 3373 propter
757 3313 980 3374 peccata
997 3315 1208 3372 nostra,
1234 3317 1291 3363 et
1314 3309 1445 3378 quia
1474 3319 1726 3365 sanctum
1749 3311 1817 3366 ad
1864 3311 2088 3368 iracun-

508 3394 657 3449 diam
683 3397 1145 3465 provocavimus;
1184 3399 1303 3456 haec
1331 3400 1408 3456 ita
1431 3410 1562 3457 sunt
1592 3402 1740 3473 apud
1793 3403 2012 3459 sobrios
2029 3413 2087 3460 et

508 3501 656 3543 sana:
699 3488 908 3545 mentis
955 3489 1212 3548 homines
1253 3510 1268 3548 :
1319 3508 1502 3564 neque
1548 3505 1635 3551 est
1697 3497 2084 3555 contradictio.

509 3578 924 3644 Verumtamen,
951 3583 1084 3652 quia
1105 3582 1358 3640 funditus
1385 3601 1489 3641 nos
1527 3587 1599 3642 ab
1649 3588 1801 3642 omni
1834 3603 1934 3658 spe
1987 3603 2087 3644 ex-

509 3672 710 3738 cludis,
741 3683 798 3729 et
819 3689 922 3730 nos
950 3684 1107 3731 certo
1131 3676 1398 3734 admones
1439 3678 1508 3734 ab
1533 3679 1640 3735 hoc
1671 3686 1921 3750 tempore
1943 3681 2086 3737 nihil

508 3763 816 3836 adiumenti
837 3778 896 3823 et
919 3769 1161 3838 praesidii
1195 3770 1253 3825 in
1299 3771 1420 3843 lege
1449 3772 1708 3829 relictum
1742 3788 1886 3840 esse,
1929 3773 2088 3830 addit

507 3855 782 3925 propheta
805 3856 1032 3914 dicens:
1057 3859 1334 3915 Adducam
1358 3879 1578 3917 manum
1617 3880 1794 3918 meam
1817 3864 1888 3919 ad
1933 3875 2004 3931 te,
2035 3874 2088 3920 et

507 3947 630 4016 igne
661 3954 711 4001 te
735 3964 1024 4020 excoquam
1047 3952 1116 4005 ad
1143 3969 1372 4018 purum:
1408 3955 1650 4024 perﬁdos
1674 3964 1732 4011 et
1771 3956 2088 4013 incredulos

508 4038 608 4094 abs
632 4050 683 4094 te
713 4041 963 4109 perdam,
991 4050 1049 4098 et
1081 4044 1327 4112 auferam
1355 4062 1548 4103 omnes
1593 4049 1814 4118 exleges
1842 4065 1907 4105 ac
1936 4050 2087 4106 ncla-

508 4129 628 4184 rios
656 4131 746 4185 abs
771 4140 841 4186 te.
873 4133 1104 4199 Deinde,
1131 4136 1424 4192 Restituam
1433 4139 1642 4210 judices
1681 4151 1818 4206 tuos,
1844 4151 1902 4194 ut
1918 4143 2085 4212 prius,

509 4226 563 4274 e‘.
597 4231 870 4277 senatores
904 4232 1041 4291 tuos,
1070 4234 1128 4278 ut
1169 4228 1485 4298 antiquitus.
1521 4228 1652 4282 Tum
1685 4230 1901 4284 tandem
1932 4248 2088 4286 voca-

510 4313 648 4366 veris
682 4314 866 4369 civitas
885 4316 1134 4386 justitiw,
1158 4319 1366 4373 urbium
1418 4329 1592 4374 mater
1623 4320 1798 4388 ﬁdelis
1848 4319 1976 4376 Sion
2017 4321 2084 4376 ⁸⁸.

388 4432 392 4438 ~
508 4403 735 4462 Attente
768 4405 964 4463 audias
1004 4424 1128 4480 quae
1171 4409 1438 4466 dicuntur
1466 4426 1567 4482 per
1612 4413 1960 4482 prophetam,
2004 4414 2091 4469 in-

508 4496 765 4569 telligens
812 4509 1043 4571 propter
1071 4502 1480 4560 revocationem
1529 4516 1777 4561 nostram
1815 4506 1932 4562 haec
1956 4523 2089 4578 ιη·οη

2187 3317 2462 3390 ἁμαρτίας
2491 3317 2671 3390 ἡμῶν,
2699 3317 2793 3372 καὶ
2823 3318 2958 3372 διότι
2983 3320 3046 3373 τὺ
3079 3320 3233 3388 ἅγιον
3264 3319 3765 3392 ἐπαρωργίσαμεν,

2186 3413 2362 3466 ταῦτα
2386 3411 2559 3474 οὕτως
2589 3410 2726 3482 ἔχει,
2771 3412 2886 3475 τοῖς
2927 3406 2988 3466 εὖ
3019 3411 3308 3482 φρονοῦσιν
3367 3411 3470 3465 οὐκ
3494 3410 3645 3465 ἐστιν
3673 3411 3770 3464 ἀν-

2183 3505 2460 3577 τίρῤησις.
2488 3503 2656 3574 Πλὴν,
2682 3505 2765 3558 ὅτι
2825 3504 3106 3568 παντελῶς
3163 3505 3313 3576 ἡμᾶς
3354 3503 3640 3568 ἐκϐάλλεις
3662 3503 3770 3574 τῆς

2186 3597 2419 3662 ἐλπίδος,
2456 3597 2553 3651 καὶ
2597 3596 2983 3668 πληροφορεῖς,
3012 3598 3095 3651 ὅτι
3141 3597 3370 3669 οὐδεμία
3405 3598 3594 3670 ὄνησις
3651 3599 3766 3652 ἀπὸ

2185 3690 2278 3744 τοῦ
2309 3687 2408 3744 νῦν
2432 3690 2492 3743 ἐν
2523 3688 2601 3761 τῷ
2639 3688 2790 3760 νόμῳ
2813 3690 3168 3762 χρηματίζει,
3192 3689 3549 3762 προστίθησιν
3573 3692 3602 3744 6
3634 3707 3768 3760 προ-

2187 3783 2384 3853 φήτης.
2411 3781 2588 3850 λέγων
2607 3797 2624 3812 ⁸
2673 3780 2909 3846 Ἐπάξω
2936 3781 3054 3850 τὴν
3080 3781 3252 3851 χεῖρά
3268 3800 3388 3851 μου
3417 3780 3516 3836 ἐπὶ
3548 3781 3645 3846 σὲ,
3663 3781 3765 3836 καί

2185 3873 2442 3943 πυρώσω
2462 3889 2538 3929 σε
2567 3875 2657 3940 εις
2677 3873 2940 3942 καθαρόν⁵
2961 3889 2976 3904 ο
3011 3874 3139 3937 τοὺς
3177 3873 3235 3926 δέ
3261 3873 3627 3938 ἀπειθοῦντας
3656 3873 3766 3927 ἀπὸ

2188 3965 2285 4018 σοῦ
2307 3964 2581 4030 ἀπολέσω,
2610 3965 2704 4018 καὶ
2723 3961 2931 4034 ἀφελεῖ)
2975 3963 3186 4028 πάντας
3217 3964 3347 4027 τοὺς
3377 3964 3614 4034 ἀνόμους
3647 3963 3766 4017 ὰπὸ

2186 4057 2324 4112 σοῦ.
2352 4057 2483 4122 Καὶ,
2502 4054 2842 4122 Ἐπιστήσω
2873 4057 3016 4123 τοὺς
3042 4055 3248 4124 κριτάς
3273 4071 3393 4111 σου
3417 4057 3500 4122 ὡς
3525 4055 3595 4110 τὸ
3617 4056 3766 4124 πρό-

2186 4163 2382 4214 τερον,
2414 4145 2514 4199 καί
2535 4145 2678 4212 τοὺς
2693 4146 3083 4215 συμϐούλους
3103 4160 3220 4200 σου
3241 4146 3324 4213 ὠς
3341 4146 3408 4200 τὸ
3429 4146 3532 4200 ἀπ’
3546 4143 3764 4214 ἀρχῆς.

2187 4233 2298 4289 Kal
2329 4233 2480 4302 μετὰ
2533 4234 2720 4288 ταῦτα
2769 4234 3050 4305 κληθήσῃ
3105 4237 3279 4303 πόλις
3335 4235 3765 4302 δικαιοσύνης,

2183 4328 2553 4398 μητρόπολις
2590 4327 2777 4396 πιστὴ
2827 4327 3000 4382 Σιών.
3053 4330 3350 4402 Προσέχοις
3386 4331 3501 4392 τοῖς
3537 4327 3768 4399 λεγομέο

2189 4434 2298 4482 νοις
2327 4417 2417 4472 διὰ
2444 4416 2538 4472 τοῦ
2573 4419 2878 4490 προφήτου,
2907 4419 3110 4484 συνίεις
3141 4420 3253 4492 (50)
3288 4419 3378 4473 διὰ
3399 4419 3500 4491 τὴν
3529 4419 3770 4488 ἀνάκλη-

2191 4525 2276 4564 σιν
2310 4509 2467 4582 ήμῶν
2513 4510 2988 4583 προμαρτύρεται.
3032 4511 3188 4567 Μετὰ
3225 4510 3337 4582 γὰρ
3375 4512 3438 4565 τὸ
3484 4511 3768 4583 εἰρηκέναι

508 4591 735 4664 phetam
767 4593 1090 4662 praedicere.
1114 4593 1402 4666 Siquidem
1470 4607 1597 4668 post
1633 4592 1729 4652 illa
1776 4597 1922 4654 dicta
1956 4599 2082 4654 hor-

2189 4600 2354 4655 αὐτὸν
2385 4601 2457 4654 τὰ
2497 4601 2645 4655 δεῖνα
2673 4602 2880 4668 ἐκεῖνα,
2906 4602 3213 4674 ἐπήγαγεν,
3257 4601 3604 4668 Ἐπιστήσω
3625 4601 3769 4667 τοὺς

507 4684 687 4741 renda
714 4686 1033 4757 subjunxit:
1097 4689 1434 4745 Constituam
1461 4691 1669 4762 iudices
1727 4703 1845 4746 tuos
1904 4702 1962 4746 ut
2023 4693 2089 4747 ab

505 4777 660 4831 initio
714 4777 952 4848 fuerunt,
992 4788 1042 4834 et
1072 4790 1189 4836 tuos
1222 4780 1563 4838 consiliarios
1604 4783 1742 4837 sicut
1792 4784 1967 4854 prius.
2031 4782 2090 4838 Si

507 4871 680 4942 igitur
699 4873 862 4928 aliam
885 4874 1061 4946 legem
1083 4877 1588 4944 eratexcitaturus,
1617 4877 1703 4934 vel
1733 4878 1899 4934 aliam
1924 4876 2089 4934 ﬁdem

507 4967 566 5013 et
601 4961 923 5033 religionem
983 4964 1356 5033 stabiliturus,
1405 4982 1519 5023 non
1555 4968 1674 5024 hate
1727 4967 1977 5039 profecto
2004 4967 2091 5022 di-

508 5050 700 5107 xisset.
757 5054 1057 5123 Vocaberis,
1094 5057 1194 5125 ait,
1243 5060 1430 5114 civitas
1474 5061 1727 5132 justitiaz,
1778 5059 2088 5132 metrOpolis

508 5140 685 5208 ﬁdelis
720 5143 870 5200 Sion.
904 5145 1046 5212 Quid
1076 5150 1246 5222 igitur
1275 5152 1447 5208 babes
1482 5153 1552 5208 ad
1577 5154 1694 5210 haec
1723 5153 1947 5211 dicere?

582 5232 640 5289 S.
673 5234 880 5293 ARCH.
939 5239 1076 5296 Cum
1131 5241 1442 5299 Jerusalem
1492 5245 1550 5300 in
1611 5246 1983 5316 captivitatem
2029 5256 2086 5302 et

513 5327 837 5384 servitutem
867 5331 1092 5390 redacta
1140 5343 1246 5400 est,
1290 5344 1423 5392 tunc
1475 5337 1595 5393 haec
1654 5346 1878 5408 peracta
1933 5347 2081 5393 sunt.

513 5417 698 5474 Rediit
733 5423 882 5479 enim
918 5427 1157 5497 populus
1187 5443 1218 5482 a
1257 5429 1618 5499 captivitate:
1663 5437 1720 5485 et
1762 5429 1856 5500 qui
1905 5429 1960 5483 in
2017 5445 2082 5485 ea

2191 4691 2397 4762 κριτάς
2450 4708 2569 4748 σου
2597 4692 2678 4760 ὡς
2711 4693 2779 4747 τὸ
2817 4693 2920 4748 ἀπ’
2959 4693 3176 4763 ἀρχῆς,
3205 4693 3470 4760 καὶτοὺς
3507 4695 3771 4764 συμϐού-

2192 4788 2344 4850 λους
2369 4798 2488 4839 σου
2517 4783 2597 4851 ὡς
2619 4784 2688 4838 τὸ
2711 4785 3023 4854 πρότερον.
3054 4782 3118 4838 Εἴ
3149 4781 3244 4839 οὖν
3273 4785 3499 4857 ἔμελλεν
3537 4785 3772 4856 ἐγείρειν

2191 4873 2350 4929 ἄλλον
2365 4873 2602 4945 νόμον,ἢ
2623 4873 2789 4944 ἄλλην
2813 4875 2998 4929 πίστιν
3037 4875 3324 4948 ἐξανιστᾷν
3344 4875 3466 4944 ,οὐκ
3489 4874 3556 4928 ἂν
3583 4875 3771 4944 εἴρηκε

2191 4967 2262 5022 τὰ
2296 4967 2546 5024 τοιαῦτα.
2573 4968 2687 5022 Kal
2719 4967 2807 5022 ὅτι
2839 4965 3146 5036 κληθήσῃ,
3177 4968 3332 5038 φησὶ,
3360 4967 3540 5032 πόλις
3560 4964 3774 5018 amato-

2193 5059 2409 5127 σύνης,
2431 5059 2806 5128 μητρόπολις
2835 5059 3024 5129 πιστὴ
3059 5058 3231 5114 Σιών.
3262 5058 3328 5113 Τί
3361 5054 3455 5114 οὖν
3496 5074 3581 5111 σοι
3625 5056 3773 5109 δοκεῖ

2193 5151 2331 5223 πρὸς
2359 5150 2534 5205 ταῦτα
2556 5167 2572 5217 ;

2265 5245 2375 5298 Καὶ
2399 5245 2441 5298 0
2479 5243 2702 5302 ΑΓΙΟΣ.
2732 5244 2864 5298 Ὅτε
2921 5243 3282 5315 Ἰερουσαλὴμ
3323 5241 3769 5314 ᾐχμαλώτευται,

2189 5336 2312 5389 τότε
2342 5334 2520 5389 ταῦτα
2553 5336 2825 5407 ἐπράχθη.
2867 5336 3142 5407 Ἐπανῆκε
3187 5337 3295 5407 γὰρ
3339 5335 3465 5398 λαὸς
3517 5334 3624 5387 ἀπὸ
3672 5333 3772 5402 τῆς

2191 5429 2591 5499 αἰχμαλωσίας.
2643 5429 2738 5482 xei.
2769 5429 2879 5484 τῶν
2920 5430 2980 5484 ἐν
3017 5430 3154 5501 αὐτῇ
3199 5429 3418 5498 ἀνόμων
3449 5425 3771 5497 ἀναιρεθέν-

581 5534 628 5568 ⁸³
653 5535 822 5607 [5a.],
847 5541 902 5596 8.
986 5542 1035 5576 "
1063 5545 1198 5601 ibid.
1243 5547 1330 5602 12.
1404 5547 1450 5581 ⁸⁵
1478 5547 1616 5603 ibid.
1643 5548 1730 5614 13,
1763 5548 1829 5604 14
1853 5563 1965 5604 sec.
1996 5547 2082 5602 LX

2235 5545 2282 5579 ⁸⁸
2321 5547 2484 5610 lsa.l,
2517 5546 2609 5611 35,
2631 5547 2722 5603 26.

2021 5662 2257 5718 ΝΟΤΑΞ.

517 5754 699 5880 65ς127)
730 5759 947 5813 Πατεῒν
973 5778 1026 5814 κ.
1067 5777 1116 5816 τ.
1165 5759 1214 5815 λ.
1258 5761 1394 5817 Vide
1445 5779 1612 5832 supra
1640 5771 1825 5819 notam
1861 5730 1927 5819 ad
1968 5780 2092 5835 pag.

589 5895 699 5966 ('28)
732 5899 1023 5972 Θιομὲαμα.
1063 5903 1308 5958 Μάταιον
1350 5902 1401 5957 Θ.
1451 5902 1664 5957 (imos.

2271 5759 2382 5829 (‘29)
2425 5759 2819 5829 Πλησμονήν.
2851 5756 3078 5814 Addunt
3115 5753 3302 5809 LXX:
3345 5753 3544 5808 Οὐκέτι
3587 5753 3775 5824 ἀνήσω

2197 5830 2294 5892 τὰς
2325 5829 2602 5898 ἁμαρτίας
2629 5831 2804 5898 ὑμῶν.
2840 5830 2914 5885 In.

2273 5893 2386 5971 ('50)
2430 5893 2683 5968 Σιννίειςζ
2711 5900 2902 5956 Scribe
2933 5893 3134 5960 συνιεὶς
3158 5895 3261 5951 ὅτι.
3299 5897 3376 5954 In.
