4094 6540
313 437 422 503 729

1236 437 1700 499 DISPUTATIO
1737 439 1897 500 CUM
1935 441 2304 507 HERBANO
2341 441 2630 510 JUDﬁEO.

3477 453 3583 517 730

313 573 447 618 των,
471 554 523 608 οι
549 552 913 617 διασωθέντες
937 552 1298 624 συνειδήσεως
1321 554 1475 618 ὄντες
1501 554 1740 625 ἀγαθῆς,
1769 555 1896 624 ἐφο-

2018 570 2181 629 ιτεηῐ,
2213 564 2447 620 sublatis
2479 552 2747 637 improbis
2794 584 2859 624 ac
2891 567 3141 636 nefariis,
3192 569 3271 624 illi
3309 570 3404 639 qui
3450 586 3584 626 con-

316 649 568 721 ϐήθησαν
591 648 682 702 τὸν
706 648 932 719 Κύριον,
968 650 1062 702 καὶ
1096 649 1324 713 δικαίως
1349 648 1576 721 ἔκριναν
1607 650 1683 713 ὡς
1710 648 1773 703 τὸ
1801 648 1897 703 ἀπ’

318 742 518 813 ἀρχῆς,
550 742 645 795 καὶ
671 740 1060 795 συνεϐούλευον
1090 741 1262 810 ὑγιῶς
1298 742 1374 805 ὡς
1394 742 1455 794 τὸ
1478 741 1768 813 πρότερον,
1801 759 1902 795 πο-

322 835 606 903 ρευόμενοι
632 833 774 886 κατὰ
802 832 896 886 τὸν
925 832 1090 903 νόμον
1131 832 1225 885 τοῦ
1268 832 1427 886 Θεοῦ.
1477 834 1588 886 Καὶ
1634 833 1743 886 οὐδ’
1788 831 1902 901 ἐγὼ

320 926 613 994 ἀντιλέγω.
672 925 846 989 Αὐτὸς
890 925 1002 995 γὰρ
1050 924 1205 996 δηλοῖ
1268 926 1298 980 6
1348 926 1641 997 προφήτης
1687 924 1899 994 λέγων’

320 1014 483 1070 Μετὰ
500 1015 614 1084 γὰρ
647 1015 952 1084 κρίματος,
984 1016 1139 1086 φησὶ,
1174 1014 1513 1082 σωθήσεται
1546 1016 1584 1085 ἡ
1611 1018 1906 1086 αἰχμαλω-

321 1109 429 1162 σία
450 1107 662 1178 αὐτῆς,
688 1108 859 1180 ήγουν
886 1109 987 1180 τῆς
1025 1109 1402 1181 Ἰερουσαλήμ.

394 1289 644 1343 EPBAN.
701 1288 829 1343 Ἐὰν
863 1288 1074 1343 ἔνδοθεν
1104 1288 1460 1358 εἰσέλθωμεν,
1485 1285 1709 1354 ὲξωθεῖς
1734 1286 1903 1357 ἡμᾶς,

324 1382 421 1436 καὶ
470 1382 570 1435 ἐὰν
622 1379 967 1452 ἐξέλθωμεν,
1021 1380 1232 1435 ἔνδοθεν
1284 1378 1609 1442 είσϐἀλλεις.
1674 1376 1906 1448 Ἀγαθόν

326 1476 444 1529 ἐστι
483 1475 686 1545 μᾶλλον
713 1473 777 1528 τὸ
803 1474 1046 1543 σιγῆσαι,
1082 1472 1178 1527 καὶ
1218 1473 1545 1543 ἀναχωρεῖν.

397 1567 507 1621 Καὶ
536 1568 577 1620 0
606 1566 827 1621 ΑΓΙΟΣ.
864 1566 977 1621 Καὶ
1017 1565 1129 1636 ἄρα
1166 1562 1412 1626 κελεύεις
1432 1580 1524 1634 μοι
1553 1560 1906 1631 συγκαταϐῆ-

328 1659 416 1712 ναί
451 1676 555 1725 σοι,
607 1661 707 1712 καὶ
754 1657 1083 1723 Ἰουδαῖσαις
1128 1658 1513 1727 Ἀδυνατήσεις
1560 1655 1698 1725 πρὸς
1725 1653 1905 1718 τοῦτο,

340 1751 557 1823 Ἐρϐᾶν.
609 1751 878 1805 Ἀκουσον
924 1751 983 1804 δὲ
1037 1750 1160 1805 τίνα
1202 1751 1231 1801 6
1269 1749 1561 1820 προφήτης
1594 1746 1745 1816 λέγει
1775 1745 1907 1816 περὶ

330 1844 508 1916 ὑμῶν,
545 1845 634 1898 ἴνα
667 1844 762 1897 καὶ
803 1842 961 1897 τοῦτο
996 1843 1239 1915 συνήσῃς
1273 1840 1411 1911 (51).
1458 1841 1521 1894 '0
1564 1841 1771 1908 λόγος,
1799 1856 1907 1910 φη·-

332 1911 417 1989 σίν
441 1976 457 2002 ,
510 1938 544 1990 ὁ
596 1935 920 2005 γενόμενος
969 1911 1126 2001 πρὸς(
1179 1911 1436 1987 Ἦσαταν
1482 1932 1618 1986 υἱὸν
1660 1929 1902 2000 Ἁμμὼς,
1938 1911 1982 1967 Β

328 2028 463 2096 περὶ
503 2025 616 2095 τῆς
654 2025 950 2093 ἰουδαίας
989 2025 1088 2080 καί
1119 2022 1230 2092 τῆς
1270 2022 1689 2092 Ἰερουσαλήμ.
1733 2022 1905 2075 Πόθεν

330 2120 653 2191 γενόμενος;
688 2119 850 2192 Παρὰ
893 2118 1030 2172 Θεοῦ
1080 2116 1350 2188 δηλονότι.
1385 2115 1524 2187 Περὶ
1550 2113 1736 2179 τίνος;
1766 2112 1907 2181 Περὶ

330 2214 439 2284 τῆς
484 2213 780 2279 Ἰουδαίας
814 2212 911 2266 καί
940 2210 1050 2281 τῆς
1078 2208 1504 2280 Ἰερουσαλὴμ,
1546 2207 1704 2280 φησί.
1732 2206 1813 2260 Δι’
1847 2205 1907 2259 ὃν

328 2307 567 2378 τρόπον;
599 2305 722 2358 Ὅτι
781 2302 956 2357 ἔσται
1020 2302 1091 2355 ἐν
1140 2300 1270 2367 ταῖς
1326 2297 1615 2370 ἐσχάταις
1662 2297 1909 2367 ἡμέραις

328 2397 592 2469 ἐμφανὲς
639 2395 707 2450 τὸ
759 2395 898 2465 ὅρος
939 2395 1183 2463 Κυρίου,
1229 2393 1329 2448 καί
1362 2394 1396 2447 ὁ
1427 2388 1595 2459 οἶκος
1625 2391 1732 2446 τοῦ
1761 2390 1909 2446 Θεοῦ

329 2491 658 2562 ἀρθήσεται
694 2489 797 2544 ἀπ’
828 2488 1030 2556 ἄκρων
1064 2485 1185 2540 τῶν
1222 2483 1426 2553 ὀρέων,
1457 2483 1558 2538 καὶ
1590 2480 1910 2551 ὑψωθήσε-

331 2604 428 2640 ται
458 2584 658 2639 ἐπάνω
682 2581 802 2637 τῶν
827 2578 1097 2647 βουνῶν.
1126 2578 1191 2632 Τί
1220 2573 1313 2633 οὖν
1357 2579 1517 2650 μέχρι
1545 2577 1656 2630 τῶν
1688 2575 1911 2647 ἡμερῶν

330 2679 442 2734 τῶν
472 2678 715 2748 ἐσχάτων
744 2675 948 2744 ἀφανὲς
989 2670 1059 2745 ἦν
1106 2672 1170 2729 τὸ
1210 2672 1337 2744 ὄρος
1368 2673 1567 2735 ἐκεῖνο,
1611 2670 1708 2724 καὶ
1750 2669 1912 2723 άθέαο

331 2785 454 2835 τον;
480 2768 514 2840 ἢ
545 2770 573 2822 6
600 2764 773 2831 οἶκος,
798 2766 856 2819 ὃν
890 2764 1142 2835 ἐδείματο
1164 2766 1193 2818 6
1218 2761 1494 2833 Σολομῶν,
1525 2763 1584 2815 ὲν
1614 2760 1914 2814 κατωτάτω

333 2861 433 2931 τῆς
465 2859 569 2929 γῆς
614 2858 955 2930 ᾠκοδόμητο,
1005 2857 1102 2911 καὶ
1130 2856 1340 2910 ἐδέοντο
1393 2854 1653 2926 ἑκάτερα,
1682 2852 1744 2905 τὸ
1790 2850 1912 2922 μὲν,

331 2954 430 3008 τού
460 2951 709 3024 ὁρᾶσθαι,
740 2951 801 3006 τὸ
822 2951 879 3005 δὲ
902 2948 1166 3021 ὑψώσεὼς
1192 2966 1252 3003 τε
1284 2949 1381 3003 καὶ
1412 2946 1735 3010 ἀναϐάσεως
1761 2962 1776 3011 ;
1810 2944 1916 2999 Οὐ-

334 3045 545 3115 δαμῶς.
590 3045 702 3099 Καὶ
752 3043 909 3097 ἔσται
939 3042 1077 3115 (52),
1122 3042 1274 3113 φησι,
1317 3040 1781 3111 περιφανέστερον
1820 3036 1917 3090 καὶ

337 3137 721 3209 περίϐλεπτον,
759 3136 853 3189 καὶ
878 3134 1219 3205 καταθύμιον
1243 3134 1324 3196 είς
1355 3132 1417 3185 τὸ
1443 3130 1697 3202 ὁρᾶσθαι,
1724 3130 1785 3183 ού
1817 3146 1918 3181 πα-

2001 655 2205 709 servati
2250 655 2498 723 fuerunt,
2534 674 2662 712 cum
2716 669 2905 715 essent
2945 660 3105 715 bonae
3154 669 3211 716 et
3261 672 3426 719 recta:
3452 679 3585 719 con-

2002 745 2273 810 scientiae,
2302 749 2951 819 limueruntDominum,
2987 763 3044 810 et
3089 756 3237 826 juste
3262 755 3584 827 judicarunt

2002 838 2156 892 utah
2184 838 2367 904 initio,
2405 848 2676 896 etsanum
2705 844 2850 897 sicut
2874 845 3032 914 prius
3081 846 3381 901 consilium
3414 845 3585 901 dede-

2003 937 2155 994 runt,
2222 931 2572 987 ambulantes
2629 934 2941 989 secundum
2984 936 3160 1006 legem
3214 936 3335 989 Dei.
3390 936 3583 1005 Neque

2002 1022 2152 1078 enim
2185 1021 2416 1077 inﬁtior.
2449 1024 2569 1094 ipse
2587 1025 2738 1079 enim
2765 1026 3015 1082 declarat
3050 1028 3321 1098 prOpheta
3357 1029 3580 1084 dicens:

2003 1114 2143 1170 Nam
2158 1116 2511 1185 cumjudicio,
2535 1118 2739 1189 inquit,
2761 1121 3060 1174 servabitur
3076 1123 3359 1192 captivitas
3383 1124 3498 1194 ejus
3511 1123 3582 1188 ⁸⁷,

2007 1207 2063 1263 Id
2094 1216 2199 1271 est,
2227 1207 2470 1264 civitatis
2504 1210 2837 1265 Jerusalem.

2077 1301 2282 1357 HERB.
2312 1301 2369 1357 Si
2401 1303 2548 1357 intro
2579 1303 2813 1374 ingressi
2843 1303 3135 1370 fuerimus,
3182 1322 3283 1361 nos
3310 1305 3497 1377 ejicis:
3529 1314 3587 1361 et

2007 1393 2055 1448 si
2079 1394 2287 1464 egressi
2310 1393 2603 1462 fuerimus,
2633 1412 2738 1452 nos
2763 1396 2913 1452 intro
2950 1399 3195 1454 reducis.
3240 1400 3471 1455 Praestat
3503 1408 3586 1453 ta-

2008 1502 2159 1553 cere,
2189 1496 2245 1541 et
2268 1487 2579 1543 discedere.

2080 1580 2139 1637 S.
2191 1580 2399 1636 ARCH.
2444 1581 2588 1649 Quid
2636 1583 2801 1654 jubes
2832 1598 2919 1638 me
2958 1582 3013 1636 in
3063 1591 3213 1636 tuam
3254 1581 3585 1637 sententiam

2010 1670 2380 1738 descendere,
2424 1682 2482 1727 et
2531 1672 2641 1728 ritu
2665 1673 2897 1728 Judaico
2934 1673 3160 1727 vivere?
3190 1673 3308 1727 Non
3352 1672 3584 1742 poteris,

2010 1779 2044 1819 ο
2070 1762 2349 1831 Herbane,
2380 1765 2449 1819 ad
2476 1765 2585 1821 hoc
2626 1782 2715 1821 me
2767 1766 3079 1836 impellere.
3117 1764 3260 1820 Audi
3305 1780 3427 1833 qua:
3453 1779 3587 1834 pro-

2010 1858 2179 1927 pheta
2224 1857 2294 1912 de
2354 1858 2513 1913 vobis
2539 1859 2696 1925 dicit,
2731 1868 2792 1914 ut
2840 1860 2946 1915 hoc
2993 1859 3293 1930 intelligas.
3338 1857 3585 1924 Verbum,

2008 1948 2209 2018 inquit,
2245 1949 2385 2019 quod
2429 1944 2736 2018 factum'est
2777 1952 2847 2005 ad
2882 1952 3086 2006 Isaiam
3138 1952 3313 2020 ﬁlium
3348 1951 3586 2017 Ammos,

2008 2041 2071 2095 de
2105 2040 2298 2096 Iudaea
2323 2049 2373 2094 et
2400 2041 2701 2096 Jerusalem
2736 2044 2803 2095 ⁸⁸.
2842 2042 2887 2097 Α
2910 2058 3020 2113 quo
3052 2043 3294 2098 factum?
3319 2042 3527 2112 Nempe
3556 2057 3588 2098 a

2009 2135 2142 2188 Deo.
2168 2132 2284 2199 Qua
2310 2134 2379 2189 de
2409 2134 2507 2188 re?
2539 2134 2616 2187 De
2645 2134 2858 2199 Judara,
2911 2135 3115 2205 inquit,
3174 2144 3224 2188 et
3256 2132 3586 2188 Jerusalem.

2009 2228 2337 2296 Quomodo?
2364 2226 2503 2293 Quia
2543 2228 2643 2281 erit
2673 2227 2729 2281 in
2772 2228 3023 2280 extremis
3053 2226 3237 2280 diebus
3272 2226 3591 2297 conspicuus

2011 2327 2062 2373 et
2092 2318 2320 2373 illustris
2380 2334 2530 2372 mons
2579 2317 2817 2383 Domini,
2852 2326 2899 2371 et
2953 2317 3140 2391 domus
3180 2316 3276 2370 Dei
3304 2314 3592 2370 extolletur

2010 2430 2173 2485 super
2197 2414 2418 2467 summis
2443 2412 2731 2478 montibus,
2758 2421 2808 2464 et
2838 2409 3309 2481 elevabitursupra
3327 2407 3488 2463 colles
3518 2407 3588 2460 ".

2012 2503 2153 2571 Quid
2195 2520 2350 2575 ergo,
2401 2503 2469 2557 ad
2519 2503 2623 2557 hos
2672 2511 2985 2572 postremos
3026 2515 3203 2569 usque
3250 2499 3370 2554 dies
3393 2499 3594 2553 obscu-

2013 2613 2110 2652 rus
2138 2606 2258 2652 erat
2301 2612 2462 2651 mons
2491 2596 2605 2659 ille,
2658 2605 2713 2650 et
2741 2595 3031 2650 oculorum
3076 2594 3334 2649 obtutum
3366 2590 3594 2661 eliugieé

2012 2688 2138 2744 bat?
2159 2689 2246 2743 vel
2276 2688 2473 2743 domus
2496 2702 2661 2756 quam
2715 2685 3011 2740 aediﬁcavit
3061 2683 3345 2747 Salomon,
3377 2681 3434 2736 in
3480 2680 3593 2735 ima

2016 2791 2178 2837 terra:
2207 2788 2363 2851 parte
2407 2778 2678 2835 mdilicata
2709 2786 2860 2844 erat;
2894 2785 2951 2833 et
2974 2785 3211 2846 utraque
3244 2772 3592 2844 indigebant,

2016 2890 2175 2929 mons
2190 2873 2414 2943 quidem
2446 2880 2507 2926 ut
2539 2870 2848 2935 videretur,
2872 2870 3070 2925 domus
3106 2883 3235 2923 vero
3261 2866 3597 2922 exaltatione

2017 2975 2073 3023 et
2094 2966 2364 3022 ascensu?
2393 2966 2775 3036 Nequaquam.
2813 2962 2922 3019 Sed
2948 2962 3079 3027 erit,
3118 2960 3322 3030 inquit,
3371 2958 3595 3023 editior,

2018 3068 2073 3115 et
2102 3058 2395 3123 illustrior,
2427 3065 2485 3112 et
2538 3057 2659 3112 visu
2700 3056 2937 3128 gratior:
2978 3069 3089 3109 non
3139 3052 3366 3123 quidem
3393 3050 3600 3107 Iudaeis

2018 3150 2113 3222 qui
2146 3151 2326 3220 ipsum
2379 3148 2768 3220 profanarum,
2808 3147 2905 3203 sed
2934 3146 3190 3218 gentibus
3224 3159 3346 3215 quae
3374 3142 3599 3199 Christo

340 3230 413 3301 ρὰ
443 3228 552 3282 τῶν
589 3226 882 3291 Ἰουδαίων,
919 3226 973 3279 οἵ
1002 3242 1146 3289 τινες
1186 3222 1318 3278 αὐτὸ
1350 3222 1698 3293 ὲϐεϐήλωσαν
1725 3261 1741 3287 ,
1780 3218 1918 3274 ἀλλὰ

2019 3218 2247 3300 credere
2272 3218 2633 3312 incipiebant.
2672 3241 2741 3295 Et
2758 3242 2946 3294 domus
2972 3239 3067 3293 Dei
3089 3237 3415 3292 exaltabitur
3440 3251 3602 3306 super

338 3320 495 3393 παρὰ
524 3320 633 3374 τῶν
669 3319 994 3391 ἀρχομένων
1042 3316 1330 3371 πιστεῦσαι
1362 3313 1531 3369 ἐθνῶν
1565 3312 1914 3385 τῷμΧριστῷ.

340 3413 449 3470 Kal
486 3416 520 3467 ό
569 3410 732 3479 οἳκος
770 3411 878 3465 τοῦ
934 3410 1083 3465 Θεοῦ
1131 3406 1535 3478 ἐπαρθήσεται
1588 3405 1683 3460 ἐπ’
1719 3405 1921 3473 ἄκρων

340 3507 461 3563 τῶν
488 3505 693 3576 ὀρέων.
727 3506 885 3569 Ποῖος
928 3505 958 3558 6
1005 3503 1191 3569 οἷκος;
1223 3498 1370 3575 τᾹρα
1417 3502 1446 3554 6
1478 3501 1606 3564 ναὸς
1638 3499 1733 3553 τοῦ
1763 3499 1921 3552 Σολο-

346 3601 594 3668 μῶντοςς
639 3597 735 3670 Μὴ
784 3598 1016 3667 γένοιτο.
1065 3594 1373 3667 Πορεύθητι
1421 3596 1519 3649 καὶ
1566 3593 1783 3657 θέασαι,
1838 3594 1922 3647 ὅτι

343 3690 748 3746 κατέσκαπται.
795 3687 960 3742 Ἀλλὰ
999 3690 1152 3751 ποῖος
1193 3680 1371 3751 οἷκοςς
1406 3686 1582 3739 Ὅπου
1620 3684 1795 3754 ἐτάφη
1828 3682 1923 3737 καὶ

346 3779 670 3853 κατῴκησεν
723 3782 754 3834 6
810 3780 1135 3850 Ναζωραῖος
1182 3780 1334 3849 τρεῖς
1365 3777 1585 3848 ἡμέρας
1626 3777 1722 3829 καὶ
1774 3777 1925 3845 τρεῖς

344 3878 571 3943 νύκταςο
597 3878 694 3932 καὶ
728 3875 927 3945 ἀνέστη
970 3872 1204 3938 ἐκεῖθεν,
1235 3871 1330 3924 καὶ
1360 3869 1564 3932 εὐθέως
1596 3868 1922 3940 ᾠκοδομήθη

347 3968 537 4022 ἐπάνω
582 3965 677 4021 τοῦ
710 3966 884 4035 τάφου
919 3963 1069 4028 ναὸς,
1104 3961 1197 4016 καὶ
1225 3959 1697 4033 προσαγορεύεται
1734 3962 1768 4030 ἠ
1796 3958 1927 4027 ἁγία

362 4059 709 4122 ’Δνάστασις.
730 4057 803 4110 Τδ
833 4056 927 4121 δὲ,
976 4053 1407 4123 Ἐπαρθήσεται
1437 4053 1530 4106 ἐπ’
1566 4052 1764 4121 ἄκρων
1807 4050 1928 4104 τῶν

351 4153 557 4221 ὀρέων,
606 4155 672 4222 τῇ
719 4150 867 4221 δόξῃ,
920 4148 1078 4221 φησὶ,
1117 4148 1214 4202 καὶ
1251 4149 1318 4219 τῇ
1363 4148 1497 4218 τιμῇ
1534 4146 1927 4217 ἐπαρθήσεται.

349 4247 529 4301 Ποίων
569 4246 774 4317 ὀρέων;
811 4243 919 4298 Τοῦ
971 4243 1180 4314 κόσμου
1212 4242 1478 4314 δηλονότι,
1520 4243 1578 4293 ἐν
1626 4235 1709 4303 οἷς
1740 4239 1927 4310 ὄρεσιν

350 4340 707 4412 άνερχόμενοι
751 4336 1057 4409 ὲχθίστως,
1123 4337 1238 4399 τοῖς
1298 4333 1542 4397 εἰδώλοις
1592 4332 1922 4397 ὲθυσὶαζον.

350 4430 465 4487 Καὶ
511 4428 898 4499 ὑψωθήσεται
944 4426 1222 4495 ὑπεράνω
1275 4424 1396 4479 τῶν
1445 4422 1715 4489 βουνῶν.
1748 4420 1927 4475 Ποίων

355 4524 600 4597 βουνῶν;
635 4522 756 4577 Τῶν
784 4523 884 4593 τῆς
916 4521 1147 4584 κτίσεως
1175 4520 1310 4591 (5'5),
1344 4521 1404 4573 ὲν
1448 4514 1530 4581 οἷς
1567 4518 1617 4570 οἱ
1667 4515 1787 4570 ναοὶ
1816 4515 1928 4568 τῶν

2017 3337 2237 3391 summis
2280 3336 2562 3390 montibus.
2608 3334 2872 3401 Quaenam
2930 3331 3165 3387 domus?
3200 3331 3284 3387 An
3333 3329 3602 3400 templum

2021 3428 2368 3485 Salomonis?
2397 3428 2580 3483 Absit.
2614 3428 2813 3497 Perge,
2848 3434 2908 3481 et
2946 3423 3098 3487 vide,
3148 3421 3295 3493 quod
3349 3420 3603 3476 funditus

2022 3520 2267 3575 dirutum
2300 3526 2405 3573 est.
2456 3516 2565 3572 Sed
2610 3530 2863 3586 quaenam
2914 3510 3149 3568 domus?
3190 3508 3294 3566 Ubi
3355 3507 3604 3577 sepultus

2021 3623 2127 3679 est,
2156 3624 2214 3669 et
2232 3611 2507 3668 habitavit
2528 3611 2847 3666 Nazarenus
2871 3617 2982 3663 tres
3011 3607 3131 3662 dies
3152 3611 3209 3660 et
3235 3611 3348 3657 tres
3388 3610 3599 3655 noctes:

2022 3714 2078 3761 et
2104 3706 2257 3760 illinc
2282 3702 2545 3767 surrexit,
2562 3709 2619 3756 et
2641 3700 2905 3756 continuo
2927 3712 3097 3767 supra
3121 3693 3436 3766 sepulcrum
3464 3698 3605 3744 tem-

2023 3800 2179 3872 plum
2207 3803 2551 3853 exstructum
2581 3801 2685 3856 est,
2714 3802 2878 3861 atque
2909 3788 3222 3860 appellatur
3256 3789 3446 3839 sancta
3493 3780 3605 3835 Re-

2024 3890 2323 3949 snrrectio.
2349 3886 2491 3943 Illud
2514 3900 2670 3949 vero,
2705 3882 2989 3938 extolletur
3018 3896 3185 3950 supra
3204 3877 3424 3941 vertices
3448 3889 3603 3927 mon-

2027 3985 2180 4047 tium,
2205 3981 2397 4053 gloria,
2431 3979 2635 4049 inquit,
2665 3984 2722 4032 et
2755 3977 2967 4031 honore.
3009 3971 3329 4028 extolletur.
3357 3967 3604 4034 Quorum

2025 4074 2338 4130 montium?
2369 4071 2560 4126 Mundi
2580 4069 2866 4132 videlicet,
2899 4066 2955 4119 in
3003 4064 3211 4135 quibus
3248 4056 3607 4116 infestissime

2026 4166 2187 4221 idolis
2215 4162 2617 4226 sacriﬁcabant,
2654 4159 2750 4230 qui
2779 4156 3180 4213 ascendebant.
3228 4152 3299 4207 Et
3345 4147 3608 4204 exaltabi-

2026 4266 2115 4310 tur
2151 4273 2318 4327 supra
2352 4254 2531 4309 colles.
2563 4253 2712 4319 Quos
2736 4249 2945 4306 colles?
2973 4247 3079 4314 Qui
3116 4252 3248 4300 sunt
3285 4243 3453 4314 hujus
3510 4238 3610 4294 do-

2026 4349 2184 4403 minii
2208 4350 2324 4403 sive
2352 4344 2743 4418 possessionis,
2787 4344 2844 4398 in
2898 4341 3101 4412 quibus
3137 4338 3415 4393 idolorum
3444 4329 3606 4404 641

2027 4442 2230 4512 templa
2248 4448 2565 4495 constructa
2592 4446 2753 4493 erant
2773 4455 2786 4490 :
2812 4444 2869 4491 et
2902 4434 3218 4502 relinquent
3241 4436 3434 4500 gentes
3449 4440 3611 4480 mon~

2031 4543 2115 4591 tes
2131 4534 2397 4599 etcolles,
2434 4541 2490 4587 et
2517 4546 2739 4586 omnem
2769 4542 3013 4585 errorem
3036 4525 3309 4595 ipsorum,
3327 4520 3385 4575 in
3406 4517 3614 4588 quibus

353 4612 587 4668 εἰδώλων
611 4612 983 4683 καθίδρυνται.
1023 4610 1135 4663 Καὶ
1163 4606 1552 4679 καταλείψουσι
1594 4606 1667 4660 τὰ
1699 4605 1800 4678 ὅρη
1832 4605 1921 4658 καὶ

2033 4626 2321 4683 ἀξειηοῐιὶἰε
2344 4624 2701 4680 serviebant:
2742 4630 2800 4676 et
2832 4620 3062 4674 venient
3096 4614 3162 4670 ad
3207 4620 3449 4667 montem
3476 4606 3612 4662 emi—

352 4708 483 4771 τοὺς
514 4706 738 4776 βουνοὺς
767 4706 838 4759 τά
867 4704 1017 4774 ἔθνη,
1049 4704 1142 4757 κα)⁸
1158 4704 1338 4756 πᾶσαν
1356 4700 1458 4772 τὴν
1488 4701 1699 4772 πλάνην
1721 4699 1926 4764 αὐτῶν,

356 4803 414 4855 ὲν
436 4797 515 4859 οἷς
545 4801 659 4863 τοῖς
689 4797 985 4869 δαιμονίοις
1009 4795 1323 4866 ὲλάτρευον.
1361 4794 1473 4847 Καὶ
1499 4793 1721 4863 ἥξουσιν
1745 4791 1839 4844 ἐπὶ
1872 4791 1934 4843 τὸ

354 4892 483 4964 ὅρος
510 4894 571 4946 τὸ
600 4890 1086 4963 περιφανέστατον,
1126 4888 1223 4942 καὶ
1266 4886 1359 4940 ἐπὶ
1400 4886 1491 4939 τὸν
1520 4886 1638 4939 νέον
1672 4886 1801 4941 ναὸν
1834 4886 1937 4955 τῆς

358 4983 523 5052 ἁγίας
580 4981 979 5045 Ἀναστάσεως,
1039 4980 1206 5051 ἤγουν
1253 4979 1311 5031 ὲν
1382 4977 1759 5047 Ἰερουσαλήμ.
1826 4976 1940 5031 Καὶ

357 5075 717 5129 ἐλεύσονται
765 5072 983 5127 πολλοὶ
1017 5071 1179 5135 λαοὶ,
1212 5069 1314 5124 καί
1356 5068 1589 5138 ἐροῦσι,
1624 5069 1803 5123 Δεῦτε
1834 5069 1935 5124 καὶ

356 5165 671 5236 ἀναδῶμεν
697 5168 784 5232 είς
814 5165 883 5219 τὸ
919 5164 1057 5234 ὅρος
1083 5164 1328 5233 Κυρίου,
1364 5163 1464 5217 καί
1505 5165 1594 5228 είς
1631 5163 1737 5217 τὸν
1764 5159 1935 5218 οἷκον

356 5260 466 5314 τοῦ
511 5261 660 5315 Θεοῦ
704 5259 933 5321 Ἰακὼϐ,
960 5257 1060 5313 καί
1095 5256 1422 5327 ἀναγγελεῖ
1456 5256 1603 5325 ἡμῖν
1632 5255 1750 5325 τὴν
1792 5257 1938 5313 ὁδὸν

357 5352 571 5416 αὐτοῦ,
618 5353 718 5407 καὶ
746 5350 1173 5421 πορευσώμεθα
1209 5349 1279 5402 ἐν
1328 5347 1505 5419 αὐτῇ.
1541 5349 1770 5414 Βλέπεις
1798 5369 1938 5423 προ-

360 5444 591 5516 φητείαν
640 5448 701 5501 ὲν
723 5444 952 5515 καθαρῷ
985 5442 1425 5514 συντεθειμὲνην,
1476 5444 1534 5497 ὲν
1667 5445 1942 5517 παροιμία

358 5537 611 5609 οὐδεμία,
639 5536 777 5592 ἀλλά
806 5536 1090 5611 παρρησία
1125 5534 1334 5607 ἀληθής
1357 5551 1374 5602 ;

434 5652 478 5684 ⁸⁷
507 5654 610 5709 lsa.
643 5672 681 5719 ι,
704 5656 794 5709 27.
874 5655 920 5687 ⁸⁸
940 5654 1043 5710 Isa.
1070 5668 1132 5720 ιι,
1165 5653 1217 5706 1.
1294 5653 1340 5684 ³⁸
1363 5652 1502 5718 ibid,
1540 5654 1598 5708 2.
1673 5656 1719 5687 9°
1752 5654 1888 5711 ibid.
1947 5657 2004 5714 5.

2035 4716 2424 4773 nentissimum
2456 4723 2513 4770 et
2562 4710 3026 4773 illustrissimum,
3057 4714 3114 4761 et
3135 4704 3203 4759 ad
3227 4715 3434 4757 novum
3476 4706 3612 4751 tem-

2036 4811 2190 4882 plum
2233 4816 2438 4865 sanctae
2497 4803 2965 4865 Resurrectionis,
3020 4812 3220 4866 nempe
3288 4794 3346 4847 in
3392 4792 3617 4848 Jerusa—

2037 4880 2168 4957 lem.
2218 4900 2287 4954 Et
2310 4900 2518 4953 venient
2547 4894 2704 4950 multi
2754 4892 2959 4963 populi,
3013 4896 3064 4943 et
3113 4887 3321 4940 dicent:
3356 4880 3536 4936 Venite
3564 4883 3615 4931 et

2040 4995 2385 5051 ascendamus
2412 4993 2482 5046 ad
2519 4998 2750 5045 montem
2794 4984 3033 5039 Domini.
3066 4990 3114 5035 et
3162 4978 3233 5033 ad
3274 4977 3491 5030 domum
3524 4970 3618 5025 Dei

2036 5088 2197 5144 Iacob
2218 5103 2235 5141 :
2258 5094 2307 5139 et
2326 5083 2665 5139 annuntiabit
2698 5079 2843 5135 nobis
2868 5079 3035 5131 vitam
3058 5088 3233 5139 suam,
3279 5076 3329 5123 et
3372 5062 3620 5121 ambula-

2039 5180 2209 5234 bimus
2230 5179 2286 5232 in
2317 5177 2430 5248 ipso
2455 5175 2524 5228 '°.
2553 5173 2718 5229 Vides
2748 5168 3096 5243 prophetiam
3128 5166 3182 5220 in
3245 5174 3385 5233 puro
3437 5164 3495 5213 et
3526 5156 3618 5211 lu-

2042 5271 2167 5327 cido
2190 5269 2451 5341 positam,
2485 5268 2541 5323 in
2569 5280 2679 5336 qua
2736 5261 3005 5335 partemia
3048 5258 3221 5323 nulla,
3265 5253 3363 5311 sed
3401 5265 3532 5307 vera
3562 5256 3623 5304 et

2042 5364 2216 5419 libera
2239 5372 2405 5433 atque
2425 5370 2612 5430 aperta
2633 5355 2863 5413 locutio.

1878 5749 2115 5807 NOTAE.

438 5842 885 5911 (51)Συνήσῃς.
936 5843 1126 5898 Scribe
1159 5843 1397 5913 συνείῃς.
1449 5843 1653 5898 ϐιίοκ.

446 5913 559 5983 (32)
590 5912 696 5967 Kal
727 5914 855 5968 ἐστ.
890 5913 1081 5969 Scribe
1109 5913 1221 5967 ἀλλ’
1253 5912 1365 5966 ἔστ.
1389 5913 1463 5968 In.

2122 5848 2234 5919 (ὄλ)
2276 5847 2555 5911 Ιι’τίσεως’
2595 5839 2785 5898 Scribe
2816 5838 3085 5912 κτήσεως.
