4088 6556
481 422 585 495 731

1372 426 1433 487 s.
1475 411 2182 489 GREGENTII'EPISC.
2224 429 2765 496 TAPHARENSIS

3645 437 3755 500 Ἰζᾶ

556 539 762 595 HERB.
791 538 849 595 In
880 538 1107 596 domum
1129 538 1230 596 Dei
1255 550 1448 613 gentes
1482 552 1746 617 venturas
1773 558 2061 615 essepro-

2239 546 2489 603 EPBAN.
2524 551 2621 616 Είς
2664 549 2756 605 τδν
2799 546 2950 606 οἷκον
2990 549 3087 605 τοῦ
3134 547 3272 605 Θεοῦ
3311 550 3567 623 ἐμφαίνει
3596 551 3753 607 tua.

486 634 651 704 pheta
697 632 965 688 declarat.
1010 632 1300 700 Quomodo
1335 634 1456 705 ipse
1502 635 1560 690 in
1611 636 1751 691 illud
1794 637 2067 707 templum

485 723 634 793 quod
672 723 967 780 aediﬁcavit
1016 725 1227 783 Helena
1274 726 1491 799 regina,
1536 726 1845 783 dictionem
1886 736 2068 783 trans-

485 816 639 873 fers?

558 907 616 963 S.
646 908 860 981 ARCH.
902 909 1071 981 Atqui
1116 912 1244 982 quis
1288 912 1391 969 tibi
1440 914 1723 970 nuntiavit
1753 914 1902 985 quod
1947 915 2073 971 uni-

488 998 707 1069 genitus
737 1000 831 1055 Dei
869 1001 1040 1057 Filius
1061 1011 1119 1059 et
1145 1003 1391 1060 Verbum
1432 1020 1543 1060 non
1572 1013 1661 1061 est
1688 1005 1836 1061 Deus
1858 1005 2073 1062 Iacob?

489 1089 538 1143 si
579 1104 690 1144 non
730 1090 1024 1159 irasceris,
1085 1093 1251 1149 etiam
1311 1094 1615 1160 Abraham,
1671 1104 1729 1151 et
1778 1097 1954 1163 Isaac,
2014 1105 2075 1155 et

489 1177 717 1250 Ioseph,
740 1189 799 1236 et
829 1181 1014 1246 Musis,
1035 1183 1115 1247 sic
1142 1193 1228 1240 est
1244 1185 1388 1240 Deus
1409 1194 1467 1241 et
1488 1186 1776 1242 Dominus.
1797 1187 1920 1242 Non
1949 1186 2075 1257 quis

495 1272 550 1326 in
598 1287 848 1329 errorem
916 1274 1157 1341 induxit,
1196 1277 1346 1347 quod
1398 1277 1717 1334 Iudaeorum
1782 1278 1880 1349 qui
1945 1288 2073 1335 ante

491 1364 704 1421 Christi
745 1366 1047 1422 adventum
1094 1367 1347 1435 fuerunt,
1401 1371 1651 1441 quaedam
1686 1371 1886 1427 recisio
1915 1370 2076 1427 Chri-

494 1457 798 1514 stianorum
838 1461 998 1516 vobis
1049 1461 1262 1517 fuerit?
1307 1463 1488 1518 Absit.
1539 1464 1653 1519 Nos
1697 1465 1848 1519 enim
1911 1464 2075 1535 plane

496 1550 622 1606 illos
647 1552 881 1608 colimus
913 1561 972 1608 et
998 1568 1343 1620 reveremur,
1378 1562 1441 1610 ut
1472 1564 1603 1626 pote
1631 1556 1729 1626 qui
1769 1557 1948 1628 legem
1977 1557 2071 1612 Dei

498 1641 586 1711 pie
609 1650 667 1697 et
699 1651 888 1697 sancte
925 1653 1254 1699 servarunt:
1289 1660 1388 1701 vos
1432 1661 1589 1712 vero,
1615 1648 1709 1717 qui
1737 1646 1808 1702 ab
1833 1646 2072 1702 adventu

493 1732 703 1789 Christi
724 1733 998 1801 inﬁdeles,
1018 1743 1378 1794 contumaces
1399 1754 1464 1795 ac
1484 1739 1760 1810 praefracti
1789 1738 1892 1795 visi
1916 1738 2072 1805 estis,

492 1825 859 1879 detestamur.

564 1915 769 1972 HERB.
799 1918 1216 1985 Quamobrem?

564 2008 625 2063 S.
655 2008 863 2065 ΛΜΗ.
905 2009 1046 2078 Quia
1072 2028 1240 2084 quem
1269 2014 1359 2070 lex
1385 2023 1443 2071 et
1472 2015 1760 2086 prephetae
1781 2026 2074 2075 venturum

492 2113 618 2155 esse
648 2101 838 2156 testati
878 2111 1029 2170 sunt,
1073 2114 1438 2176 posteaquam
1486 2108 1660 2173 venit,
1710 2124 1837 2165 eum
1901 2111 2076 2168 abne-

493 2189 687 2261 gastis,
733 2206 914 2261 neque
962 2194 1260 2264 amplexati
1308 2195 1466 2252 estis.

565 2280 770 2336 HERB.
799 2281 935 2349 Quis
962 2292 1143 2340 tecum
1174 2284 1487 2356 disputans,
1510 2303 1621 2344 non
1654 2289 2076 2360 capitedoleat?

493 2369 670 2438 Quem
718 2360 1020 2444 prophetae'
1045 2383 1341 2432 venturum
1394 2379 1578 2435 testati
1638 2390 1788 2448 sunt,
1841 2381 2076 2438 fortasse

495 2464 743 2521 nondum
800 2466 966 2536 plane
1018 2467 1265 2524 advenit.
1314 2469 1451 2526 Cum
1514 2480 1703 2529 autem
1761 2473 2075 2541 advenerit,

498 2554 617 2612 fieri
645 2573 755 2612 non
780 2567 982 2629 potest,
1005 2560 1139 2631 quin
1168 2563 1435 2632 populum
1467 2579 1629 2620 suum
1653 2575 1886 2636 quaerat,
1910 2582 2074 2637 quem

495 2667 564 2707 ex
604 2654 877 2711 servitute
932 2654 1321 2728 Egyptiorum
1381 2656 1657 2724 redemit,
1713 2658 2079 2716 horribilibus

494 2743 671 2816 signis
718 2754 776 2801 et
824 2747 1114 2819 prodigiis.

569 2834 630 2890 S.
675 2834 885 2891 ARCH.
918 2835 1177 2904 Prorsus,
1204 2854 1238 2894 ο
1260 2839 1452 2906 miser,
1485 2839 1556 2896 de
1588 2838 1940 2897 Antichristo
1971 2857 2078 2896 nu-

495 2934 656 2998 gatus
700 2942 762 2983 es
797 2948 810 2984 :
848 2928 1004 2984 illum
1057 2931 1206 2987 enim
1238 2941 1534 2987 venturum
1579 2944 1681 2989 vos
1716 2933 2075 3004 exspectatis.

494 3015 590 3073 Vae
624 3028 809 3075 autem
857 3020 1038 3087 vobis,
1078 3022 1208 3093 quia
1247 3022 1303 3078 in
1342 3023 1589 3094 peccatis
1634 3023 1839 3079 vestris
1876 3022 2081 3079 morie-

495 3111 655 3177 mini,
696 3129 800 3184 pro
834 3124 1056 3185 pastore
1097 3116 1335 3172 bestiam
1372 3116 1551 3172 diram
1575 3126 1633 3173 et
1661 3117 1853 3189 lupum
1896 3116 2075 3172 rerum

495 3201 853 3271 accipientes.

567 3291 773 3348 HERB.
817 3294 985 3349 Isaias
1033 3295 1104 3349 de
1157 3303 1349 3350 nostra
1393 3304 1679 3366 postrema
1726 3295 1926 3360 salute,
1977 3296 2073 3368 qui

497 3395 692 3437 sumus
741 3383 1028 3452 Israelita,
1068 3384 1431 3441 vaticinatur.
1478 3387 1621 3452 Erit,
1673 3387 1875 3458 inquit,
1904 3390 1960 3443 in
1984 3406 2078 3461 po-

496 3481 698 3528 strema
741 3475 825 3529 die
881 3474 972 3530 tua:
1012 3476 1211 3543 Israel,
1254 3479 1391 3532 sicut
1423 3479 1583 3550 ignis,
1631 3486 1681 3533 et
1724 3480 2077 3549 sanctiﬁcabit

495 3566 666 3636 ipsum
704 3568 758 3622 in
788 3570 1011 3640 ﬂamma
1046 3569 1267 3624 ardente
1304 3569 1465 3626 Deus.
1498 3572 1569 3627 Et
1609 3572 1875 3628 comburat
1906 3581 1959 3626 et
1985 3573 2077 3627 ab-

495 3665 669 3709 sumet
709 3656 925 3724 silvam,
971 3661 1107 3715 sicut
1154 3660 1351 3730 fenum.
1390 3661 1489 3717 Die
1528 3662 1626 3719 illa
1679 3666 2077 3737 exstingueutur

500 3759 703 3804 moutes
750 3762 798 3806 et
849 3752 1008 3808 colles
1053 3763 1103 3808 et
1130 3771 1311 3828 vepres
1354 3773 1374 3812 :
1420 3766 1471 3812 et
1508 3757 1746 3813 absumet
1787 3757 1852 3813 ab
1894 3760 2076 3815 anima

497 3857 661 3912 usque
712 3844 781 3897 ad
826 3861 1033 3901 carnes.
1072 3845 1142 3901 Et
1200 3850 1299 3904 erit
1339 3849 1543 3922 fugiens
1593 3850 1730 3905 sicut
1772 3867 1805 3904 a
1854 3853 2076 3922 ﬂamma

497 3937 782 4007 ﬂagrante.
824 3938 893 3992 Et
943 3941 1199 3996 combusti
1245 3942 1310 3997 ab
1347 3943 1476 4013 ipsis
1507 3959 1757 3997 numerus
1802 3951 1982 4008 erunt,
2025 3952 2076 3997 et

470 4042 629 4096 .puer
652 4028 907 4098 parvulus
931 4032 1120 4087 scribet
1146 4034 1305 4104 ipsos.
1335 4034 1404 4089 Et
1441 4036 1542 4089 erit
1575 4037 1630 4088 iu
1669 4035 1753 4089 die
1784 4033 1883 4089 illa
1912 4053 1931 4089 :
1955 4034 2075 4089 Non

2171 637 2362 692 σεσθαι
2389 638 2461 693 τά
2486 639 2634 712 ἔθνη.
2674 641 2800 704 Πῶς
2828 641 2887 695 δὲ
2923 640 3090 705 αὐτὸς
3118 641 3207 695 ἐπ’
3236 643 3449 696 ἐκεῖνον
3471 642 3565 697 τὸν
3593 641 3751 711 ναὸν,

2168 729 2230 783 ὃν
2249 730 2507 803 ἐδείματο
2532 734 2566 805 η
2589 733 2804 805 βασιλὶς
2839 733 3052 805 Ἑλένη,
3078 732 3414 805 μετοικίζεις
3440 732 3542 808 τὴν
3569 733 3752 805 λέξινς

2243 909 2354 964 Kal
2378 911 2420 966 0
2455 910 2675 965 ΔΓΙΟΣ.
2708 910 2822 966 Καὶ
2850 910 2977 984 μὴν,
3007 910 3093 976 τίς
3123 926 3208 965 σοι
3245 910 3591 981 ἀνήγγειλεν,
3620 911 3704 965 ὅτι
3728 911 3759 966 6

2175 1000 2471 1075 μονογενὴς
2504 1001 2636 1067 Υἱὸς
2663 1005 2759 1058 καὶ
2784 1003 2962 1072 Λόγος
3000 1003 3096 1058 τοῦ
3133 1001 3296 1068 Θεοῦ,
3329 1003 3432 1058 οὐκ
3472 1002 3592 1059 ἐστι
3622 1002 3759 1068 Θεδς

2185 1090 2413 1159 ’1ακώϐ;
2445 1093 2514 1148 ἀν
2563 1092 2639 1166 μὴ
2678 1094 2868 1167 χολᾷς,
2916 1094 3014 1150 καὶ
3054 1093 3340 1167 Ἀϐραὰμ,
3374 1094 3473 1149 καὶ
3543 1094 3756 1162 Ίσαάκ,
3807 1096 3814 1101 ’

2174 1181 2268 1235 καὶ
2315 1182 2540 1255 Ἰωσὴφ,
2588 1181 2686 1237 καὶ
2721 1184 3038 1249 Μωῦσέως,
3087 1184 3266 1249 οὕτως
3316 1183 3429 1257 (54)
3467 1185 3586 1240 ἐστὶ
3620 1184 3759 1250 Θεὸς

2174 1272 2271 1328 καὶ
2295 1273 2528 1345 Κύριος.
2557 1275 2650 1347 Μὴ
2674 1274 2783 1347 γάρ
2811 1292 2898 1338 τις
2923 1274 3255 1348 ἐπλάνησεν,
3279 1276 3366 1330 ὅτι
3384 1276 3496 1330 τῶν
3522 1275 3632 1348 πρὸ
3654 1276 3760 1347 τῆς

2175 1365 2483 1437 παρουσίας
2520 1366 2762 1439 Χριστοῦ
2804 1365 3076 1422 Ἰουδαίων
3116 1366 3331 1422 πιστῶν
3371 1367 3628 1439 ἀποκοπή
3670 1384 3758 1432 τις

2177 1456 2422 1527 πέφυκεν
2467 1457 2599 1528 ὑμῖν
2643 1457 2755 1513 τῶν
2800 1459 2845 1512 Χ
2857 1457 3193 1531 ριστιανῶνς
3223 1459 3318 1530 Μὴ
3339 1458 3575 1530 γένοιτο.
3601 1459 3759 1514 Πάνυ

2175 1550 2286 1622 γὰρ
2312 1551 2474 1623 ἡμεῖς
2506 1551 2750 1616 ἐκείνους
2802 1550 3169 1625 σεϐαζόμεθα,
3209 1553 3286 1618 ὠς
3329 1554 3423 1608 τὸν
3460 1555 3630 1627 νόμον
3655 1553 3756 1609 τοῦ

2175 1642 2311 1697 Θεοῦ
2347 1643 2592 1707 εὐσεϐῶς
2640 1645 2990 1717 τηρήσαντας
3011 1662 3027 1677 ο
3078 1644 3226 1717 ὑμᾶς
3257 1644 3314 1700 δὲ
3343 1644 3473 1710 τοὺς
3511 1645 3623 1700 ἀπὸ
3653 1646 3759 1716 τῆς

2176 1733 2479 1807 παρουσίας
2507 1735 2749 1806 Χριστοῦ
2801 1735 3071 1801 ἀπίστους
3112 1736 3209 1791 καὶ
3247 1728 3588 1809 ἀγνώμονας
3617 1735 3760 1792 ἀνα·-

2177 1827 2449 1898 φανέντας
2478 1827 2902 1900 βδελυσσόμεθα.

2105 1900 2148 1954 Β
2208 1946 2209 1949 η
2247 1918 2495 1976 ΕΡΒᾹΝ.
2535 1920 2615 1973 Δι’
2646 1920 2714 1992 ἢν
2746 1922 2958 1988 αίτίαν;

2247 2012 2358 2066 Kal
2398 2015 2441 2065 Ο
2472 2010 2690 2067 ΔΓΙΟΣ.
2745 2012 2965 2084 Ἐπειδὴ
2996 2012 3056 2068 ὃν
3092 2014 3481 2089 ἐμαρτύρησεν
3524 2017 3555 2071 ὀ
3586 2014 3775 2087 νόμος·

2176 2104 2271 2157 καὶ
2315 2103 2367 2157 οί
2406 2102 2681 2175 προφῆται
2713 2105 2867 2175 ἥξειν
2886 2144 2900 2168 ,
2935 2104 3161 2163 ἐλθόντα
3181 2108 3517 2181 ἠρνήσασθε,
3568 2108 3665 2164 καὶ
3690 2109 3761 2163 οὐ

2177 2192 2599 2266 προσεδέξασθε.

2247 2283 2498 2338 EPBAN.
2532 2283 2793 2355 Κεφαλὴν
2816 2283 2902 2349 τίς
2927 2285 3030 2340 οὐκ
3054 2286 3308 2358 ἀλγήσει,
3344 2286 3485 2357 μετά
3516 2284 3614 2341 σοῦ
3635 2286 3764 2358 ὁμι-

2176 2373 2315 2440 λῶν;
2350 2374 2448 2428 ⁸ον
2468 2375 2518 2428 οἱ
2562 2377 2844 2447 προφῆται
2870 2374 3290 2447 ἐμαρτύρησαν,
3317 2377 3452 2440 ἴσως
3481 2374 3669 2447 ἀκμὴν
3690 2376 3759 2430 οὐ

2176 2466 2533 2538 παρεγένετο.
2566 2466 2736 2521 Ὅταν
2759 2466 2819 2520 δὲ
2847 2467 3254 2539 παραγένηται,
3287 2466 3552 2523 ἀδύνατον
3573 2466 3754 2536 πεφυ-

2176 2574 2292 2624 κεν,
2319 2556 2406 2611 ἶνα
2440 2554 2516 2628 μὴ
2549 2554 2766 2629 ζητήσῃ
2797 2556 2891 2611 τὸν
2938 2557 3068 2612 λαὸν
3109 2557 3298 2623 αὑτοῦ,
3327 2558 3388 2613 ὃν
3423 2559 3595 2628 ἀνῆκε
3626 2558 3761 2613 6w-

2176 2650 2329 2715 λείας
2362 2651 2704 2721 Αἰγυπτίων,
2749 2651 3003 2722 σημείοις
3028 2653 3288 2725 φοϐερῶς
3319 2652 3661 2725 ωτέρασι.

2248 2831 2360 2887 Kal
2393 2832 2434 2886 Ο
2453 2830 2672 2885 ΔΓΙΟΣ.
2702 2830 2949 2897 Πάντως,
2980 2830 3156 2896 ἀθλιε,
3186 2832 3330 2888 κατά
3349 2832 3447 2888 τοῦ
3485 2832 3763 2906 Ἀντιχρί-

2181 2939 2309 2976 στου
2341 2920 2793 2994 κατεφλυάρησας
2812 2938 2828 2955 ο
2860 2923 3069 2976 ἐκεῖνον
3118 2922 3175 2978 δὲ
3222 2923 3382 2994 ὑμεῖς
3418 2925 3760 2996 προσδοκᾶτε

2177 3016 2348 3085 ἥξειν.
2390 3014 2499 3068 Καὶ
2525 3014 2648 3068 οὐαὶ
2676 3015 2824 3085 ὑμῖν,
2854 3015 2939 3069 ὅτι
2977 3015 3035 3068 ὲν
3062 3016 3132 3088 τῇ
3160 3014 3408 3088 ἁμαρτίᾳ
3431 3015 3586 3086 ὑμῶν
3615 3017 3763 3071 ἀπο-

2179 3107 2447 3173 θανεῖσθε,
2478 3107 2599 3162 ἀντὶ⁵
2628 3107 2888 3177 ποιμένος
2927 3106 3118 3179 θηρίον
3169 3106 3410 3180 πονηρὸν
3451 3107 3547 3162 καὶ
3590 3106 3763 3163 λύκον

2179 3197 2607 3270 ἀπηγριωμινον
2632 3195 2943 3270 δεξάμενοι.

2252 3287 2501 3342 ΕΡΒΑΝ.
2541 3287 2772 3352 Ἡσαΐας
2831 3288 2964 3360 περὶ
3013 3288 3121 3359 τῆς
3173 3288 3412 3360 ἐσχάτης
3452 3287 3616 3360 ἡμῶν
3643 3288 3762 3342 τῶν

2193 3378 2547 3451 Ἰσραηλιτῶν
2571 3379 2846 3452 σωτηρίας
2877 3379 3028 3449 λέγει
3054 3395 3068 3411 θ
3103 3382 3341 3446 Ἔσται,
3375 3381 3563 3453 φησιν,
3587 3381 3661 3436 ἐν
3681 3378 3762 3451 τῇ

2179 3470 2409 3543 ἐσχάτῃ
2450 3471 2641 3543 ἡμέρᾳ
2682 3473 2747 3528 τὸ
2779 3471 2907 3543 φῶς
2934 3473 3042 3528 τοῦ
3083 3472 3333 3543 Ἰσραὴλ
3369 3473 3452 3540 ὡς
3488 3473 3630 3542 πῦρ,
3655 3472 3765 3530 καί

2182 3562 2415 3634 ἁτιάσει
2439 3563 2631 3619 αὐτὸν
2651 3564 2723 3619 ἐν
2753 3564 2935 3635 φλογί
2970 3565 3260 3636 καιομένῃ
3291 3564 3459 3633 Θεὸς,
3486 3565 3585 3620 καί
3611 3564 3762 3635 9M-

2182 3652 2295 3719 εει,
2325 3653 2424 3709 καὶ
2454 3653 2700 3725 φάγεται
2724 3653 2840 3725 τὴν
2873 3655 3033 3723 ὕλην
3061 3655 3144 3723 ὡς
3180 3656 3419 3727 χόρτον.
3460 3653 3539 3725 Τῇ
3564 3654 3763 3725 ἡμέρᾳ

2179 3744 2381 3816 ἐκείνῃ
2397 3746 2929 3816 ἀποσϐεσθήσεται
2944 3747 3015 3802 τὰ
3034 3747 3142 3816 ὄρη
3153 3747 3251 3801 καί
3282 3750 3336 3802 οι
3345 3746 3564 3813 βουνοί
3584 3747 3688 3803 καὶ
3704 3751 3763 3805 οι

2180 3836 2413 3908 δρυμοὶ,
2437 3838 2533 3891 καὶ
2552 3836 2952 3908 καταφάγεται
2966 3838 3086 3894 ἀπὸ
3112 3837 3322 3909 ψυχῆς
3352 3838 3465 3906 ἕως
3491 3837 3759 3910 σαρκῶν.

2183 3928 2290 3984 Kul
2316 3929 2489 3984 ἔσται
2514 3931 2549 3985 ό
2582 3929 2840 4001 φεύγων,
2880 3930 2962 3997 ὡς
2986 3930 3107 3985 ἀπὸ
3144 3932 3375 4001 φλογὸς
3412 3932 3758 4002 καιομένης.

2177 4022 2288 4077 Καὶ
2318 4023 2373 4076 ot
2393 4020 2910 4091 καταφλεχθέντες
2942 4022 3548 4088 ἀπἀὐτῶν,ἕσονται
3597 4024 3761 4093 ἀριθ-

499 4119 729 4187 amplius
750 4121 1035 4192 adiicietur
1053 4127 1322 4181 residuum
1348 4126 1541 4193 Israel,
1569 4136 1618 4181 et
1649 4128 1888 4199 reliquit:
1911 4127 2073 4182 Iacob

2178 4115 2420 4187 μὸς,καί
2440 4113 2683 4170 παιδίον
2707 4116 2922 4184 μικρὸν
2945 4113 3160 4185 nodum
3186 4115 3431 4182 αὐτούς.
3459 4113 3761 4170 Καίὲσωι

499 4224 605 4263 non
639 4210 869 4281 amplius
895 4211 1160 4282 conﬁdent
1180 4217 1245 4269 iis
1275 4215 1367 4287 qui
1396 4216 1494 4271 sibi
1526 4217 1788 4287 injuriam
1816 4217 2072 4287 fecerunt,

496 4301 589 4353 sed
620 4301 872 4370 ﬁduciam
913 4304 1175 4361 habebunt
1203 4308 1260 4363 in
1305 4306 1477 4363 Deum
1511 4315 1753 4363 sanctum
1798 4307 1973 4364 Israel
2001 4309 2069 4364 ⁹¹.

2176 4210 2243 4264 ἐν
2260 4207 2337 4279 τῇ
2362 4205 2552 4279 ἡμέρᾳ
2582 4206 2808 4275 ἐκείνῃ,
2830 4206 3031 4261 οὐκέτι
3057 4205 3535 4278 προστεθήσεται
3558 4206 3624 4261 εὐ
3654 4223 3764 4261 κα-

2179 4300 2500 4372 ταλειφθὲν
2528 4298 2639 4355 τοῦ
2690 4300 2964 4368 Ἰσραήλ.
2998 4300 3114 4356 Kal
3164 4302 3221 4354 υι
3262 4298 3766 4369 καταλειφθέντες

499 4390 605 4446 τοῦ
645 4392 875 4460 Ἰακὼϐ,
902 4396 1107 4452 οὐκέτι
1136 4399 1489 4467 πεποιθότες
1519 4400 1768 4455 ἔσονται
1825 4400 1927 4454 ἐπὶ
1967 4400 2112 4466 τοὺς
2143 4392 2561 4464 ἀδικήσαντας
2600 4390 2857 4459 αὐτοὺς,
2909 4391 3049 4447 ἀλλ’
3118 4390 3367 4446 ἔσονται
3386 4390 3766 4476 ,πεποιθότες

495 4483 594 4537 ἐπὶ
626 4486 734 4541 τὸν
762 4486 912 4543 Θεὸν
946 4490 1054 4544 τὸν
1086 4489 1261 4562 ἄτιον
1292 4491 1400 4547 τοῦ
1446 4493 1716 4563 Ἰσραήλ.

567 4578 626 4633 S.
653 4578 861 4636 ARCII.
891 4580 1265 4653 Interpretare
1283 4584 1426 4639 mihi
1446 4584 1926 4658 vaticinium.,Ego
1949 4585 2074 4657 qui-

2247 4577 2361 4632 Kal
2389 4580 2432 4632 0
2471 4576 2694 4633 ΔΓΙυΣ.
2729 4576 3106 4650 Ἐρμήνευσόν
3141 4594 3232 4649 μοι
3259 4576 3360 4649 τὴν
3395 4574 3762 4649 προφητείανο

496 4669 621 4725 dem
665 4670 783 4728 scio
834 4679 889 4729 te
921 4672 1088 4745 hujus
1115 4674 1228 4731 vim
1258 4675 1483 4746 penitus
1513 4678 1792 4749 ignorare.

566 4850 772 4908 llERB.
800 4851 860 4909 Si
906 4851 1246 4925 ignorarem,
1280 4869 1391 4909 non
1417 4854 1524 4911 hoc
1550 4855 1654 4911 tibi
1691 4853 2070 4927 protulissem.

566 5026 626 5082 S.
661 5027 870 5085 ARCH.
905 5030 1003 5087 Dic
1041 5030 1235 5103 igitur,
1287 5030 1742 5103 quandoquidem
1772 5048 1917 5088 nanc
1945 5032 2074 5089 scis.

569 5116 774 5173 HERB.
814 5120 875 5175 In
910 5124 1392 5179 consummatione
1425 5124 1593 5196 hujus
1621 5123 1749 5180 vita:
1773 5124 2078 5181 descendet

501 5205 647 5277 ignis
694 5225 724 5264 a
773 5210 909 5278 Deo,
961 5213 1073 5268 vim
1130 5214 1328 5286 agendi
1385 5215 1598 5271 habens
1649 5215 1951 5286 duplicem.
2008 5217 2079 5272 Et

499 5298 691 5356 lsraeli
730 5301 955 5372 quidem
993 5304 1140 5376 ignis
1191 5305 1282 5360 hic
1340 5306 1493 5362 velut
1529 5306 1623 5361 lux
1675 5308 2078 5379 conspicietur,

498 5403 558 5449 et
591 5395 889 5453 illustrabit
909 5400 1031 5472 ejus
1064 5400 1325 5456 viciniam
1347 5420 1361 5456 :
1383 5403 1628 5475 reliquas
1647 5411 1838 5459 autem
1865 5412 2077 5475 gentes,

499 5485 648 5541 idem
674 5488 815 5560 ignis
835 5490 988 5547 velut
1016 5491 1200 5563 fulgur
1222 5494 1646 5551 transformatus
1671 5503 1730 5551 et
1748 5511 2079 5567 permensus

503 5586 678 5641 totum
722 5581 993 5638 mundum
1028 5585 1285 5641 absumet
1312 5594 1370 5642 et
1399 5585 1712 5655 dcvorabit,
1739 5597 1800 5645 ut
1825 5588 2079 5645 homines

571 5696 612 5729 "
662 5698 764 5754 lsa.
805 5715 859 5767 ι,
917 5699 1098 5756 17-20.

2194 4671 2338 4741 Ἐγὼ
2374 4670 2485 4743 γὰρ
2516 4669 2841 4742 ἐπίσταμαι,
2887 4671 2971 4725 ὅτι
3017 4669 3301 4735 παντελῶς
3327 4671 3546 4739 ἀγνοεῖς
3584 4669 3765 4741 αὐτῆς

2181 4762 2282 4836 τὴν
2306 4761 2560 4833 δύναμιν.

2255 4853 2506 4911 EPBAN.
2540 4853 2603 4909 Εί
2629 4853 2884 4925 ἠγνόουν,
2925 4852 3032 4908 οὒκ
3072 4853 3140 4909 ἀν
3185 4869 3269 4908 σοι
3301 4850 3478 4926 αὐτὴν
3504 4851 3767 4925 παρήγα-

2217 4963 2300 5002 ον.

2180 4962 2360 5093 Toillud
2395 5038 2438 5092 Ο
2469 5037 2691 5094 ΔρΓΙΟΣ.
2719 5036 2860 5107 Λέγε
2892 5031 3010 5102 οὖν,
3051 5035 3178 5091 ἐπεὶ
3205 5034 3413 5106 ταύτην
3437 5034 3762 5095 ἐπίστασαι.

2249 5129 2359 5185 Kal
2390 5135 2432 5185 υ
2468 5128 2718 5188 ΕΡΒΔΝ.
2757 5129 2849 5184 Ἐν
2881 5131 2948 5201 τῇ
3000 5127 3280 5200 συντελείᾳ
3303 5127 3461 5182 τοῦδε
3492 5126 3589 5182 τοῦ
3616 5125 3766 5197 βίου,

2180 5221 2557 5293 καταϐήσεται
2605 5220 2718 5293 πῦρ
2761 5218 2872 5276 ἀπὸ
2912 5219 3007 5274 τοῦ
3054 5219 3191 5275 Θεοῦ
3243 5217 3443 5290 διπλῆν
3471 5219 3573 5291 τὴν
3602 5218 3766 5290 ἐνέρ-

2178 5330 2334 5385 γειαν
2380 5312 2758 5383 κεκτημένον*
2803 5311 2902 5367 καὶ⁸
2950 5311 3029 5385 τῷ
3062 5312 3162 5385 μὲν
3202 5310 3424 5384 Ἰσραὴλ
3455 5311 3575 5381 φῶς
3610 5309 3767 5364 ισται

2180 5402 2587 5477 καθορώμενον,
2620 5404 2719 5461 καὶ
2745 5403 2981 5474 φωτίζον
3006 5403 3177 5459 αὐτοῦ
3206 5403 3306 5476 τὴν
3335 5401 3657 5475 ’τιαροικίαν⁸
3691 5400 3768 5455 τά

2179 5497 2237 5551 δὲ
2276 5497 2550 5552 ὑπόλοιπα
2577 5496 2763 5552 πάντα
2788 5496 2937 5570 ἔθνη,
2966 5496 3043 5562 ὡς
3074 5496 3359 5570 ἀστραπὴ,
3393 5492 3768 5568 μεταποιηθὶν

2183 5591 2280 5646 καὶ
2318 5589 2598 5648 διοδεῦσαν
2629 5592 2688 5647 ὲν
2716 5591 2826 5666 ὅλῳ
2879 5589 2957 5665 τῷ
2993 5589 3208 5665 κόσμῳ,
3242 5587 3650 5660 καταφάγεται,
3686 5584 3767 5652 ὡς

2025 5773 2258 5833 NOTAE.

580 5863 691 5934 (.34)
725 5862 941 5933 Οὕτως.
984 5864 1175 5923 Scribe
1207 5867 1234 5921 ὁ
1264 5860 1439 5936 οὗτος,
1468 5875 1564 5922 aut
1592 5865 1777 5934 ὅντως.
1805 5867 2011 5925 (Ξυιοκ.
