4094 6534
358 426 463 491 733

1310 434 1769 496 DISPUTATIO
1806 432 1964 494 CUM
2001 432 2366 494 HERBANO
2404 436 2691 499 JUD.EO.

3522 435 3630 504 734

358 540 694 612 ἀλλοφύλους
723 542 819 596 καὶ
843 540 1159 613 ἀλλοτρίους
1206 542 1300 597 τοῦ
1331 542 1499 614 νόμου
1533 543 1625 596 τοῦ
1666 542 1827 596 Θεοῦ.
1866 542 1941 594 Ού

2059 541 2405 613 ilienigenas,
2455 553 2513 598 et
2558 559 2785 601 aversos
2836 561 2866 599 a
2917 546 3035 617 lege
3081 544 3201 601 Del.
3249 546 3365 602 Nec
3414 555 3628 604 tantum

284 641 290 645 ’
364 640 527 709 μόνον
560 636 617 689 δέ
656 635 934 700 ἐκείνους,
976 634 1095 688 ἀλλ’
1122 635 1279 697 ὅσους
1329 635 1471 709 εῦρῃ
1507 636 1945 707 κοινωνήσαντας
1968 660 1991 677 ι

361 731 418 783 εν
442 746 555 783 τισι
588 730 699 792 τοῖς
722 728 957 790 ἔθνεσιν,
991 727 1025 799 ἢ
1063 728 1155 780 καὶ
1187 727 1253 781 τὰ
1288 727 1385 780 τοῦ
1412 728 1580 799 νόμου
1609 727 1813 799 δόκιμα
1841 744 1948 780 πα-

360 818 657 887 τήσαντας.
695 816 866 869 Μόνοι
900 815 959 869 δέ
986 818 1181 870 ἐκεῖνοι
1226 817 1283 869 ἐν
1312 817 1418 886 ὅλῳ
1441 816 1520 887 τῷ
1552 817 1746 888 κόσμῳ
1775 818 1947 888 εὑρε-

364 908 640 979 θήσονται,
662 908 777 961 ὂσοι
802 908 1237 977 καταλειφθῶσιν
1262 907 1371 961 ἀπὸ
1392 909 1491 979 τῆς
1520 910 1759 981 φοϐερᾶς
1785 911 1945 962 ἀπει-

364 1001 461 1069 λῆς
492 1000 711 1069 ἐκείνης
747 1000 849 1069 τῆς
886 999 1219 1062 συντελείας,
1248 998 1415 1069 ἡγουν
1436 1038 1452 1063 ,
1486 1002 1585 1069 τῆς
1630 1000 1724 1053 τοῦ
1774 1000 1950 1073 πυρὸς

367 1090 641 1153 καύσεως.
682 1090 794 1143 Καὶ
822 1088 945 1143 οὔτε
977 1089 1254 1159 λείψουσιν
1288 1090 1425 1161 (55),
1452 1090 1577 1145 οὕτε
1610 1092 1950 1165 προσθήσου·

370 1196 454 1233 σιν
484 1181 586 1245 ἔτι,
617 1179 734 1233 ἀλλ’
782 1179 997 1233 ἔσονται
1054 1180 1113 1233 ἐν
1165 1178 1243 1249 τῷ
1276 1180 1468 1252 κόσμῳ
1498 1180 1688 1252 ῶσπερ
1724 1182 1949 1250 ἄγγελοι

367 1271 528 1325 Θεοῦ·
560 1271 637 1344 μὴ
667 1272 990 1329 πεποιθότες
1020 1271 1113 1324 ἐπί
1161 1288 1281 1325 τινα
1312 1272 1520 1343 ἕτερον,
1552 1272 1587 1344 ἢ
1621 1275 1880 1344 Χριστὸν,
1912 1275 1946 1347 ἦ

370 1364 500 1419 Υίὸν
524 1363 691 1428 Θεοῦ,
729 1366 762 1435 ἢ
816 1363 1050 1435 Ἰησοῦν,
1098 1363 1213 1417 ἀλλ’
1244 1364 1460 1418 ἔσονται
1501 1366 1826 1430 πεποιθότες
1857 1367 1952 1419 ἐπὶ

367 1458 462 1511 τὸν
493 1457 628 1511 Θεὸν
670 1456 763 1510 τὸν
799 1457 955 1526 ἅγιον
986 1455 1081 1510 τοῦ
1128 1455 1361 1528 Ἰσραήλ.
1407 1458 1560 1529 Αῦτη
1590 1460 1624 1531 ή
1662 1459 1818 1524 λύσις
1851 1460 1953 1531 τῆς

371 1550 736 1622 προφητείας.

442 1641 554 1694 Καὶ
580 1643 622 1695 Ο
650 1640 807 1695 ΑΓΙΟ
820 1641 877 1697 Σ.
914 1642 1169 1715 Κακίστη
1195 1643 1484 1715 ἑρμηνεία,
1514 1636 1559 1697 ὦ
1597 1641 1823 1715 Έρόἄν,
1856 1644 1954 1697 καὶ

371 1734 557 1805 πλήρη
589 1732 817 1802 ἀλογίας
852 1734 949 1787 καὶ
976 1735 1249 1806 ἀμαθείας
1271 1734 1342 1789 τὰ
1374 1735 1525 1807 παρά
1550 1734 1645 1789 σοῦ
1672 1735 1767 1789 νῦν
1797 1738 1954 1808 είρη-

376 1826 535 1896 μένα.
573 1823 703 1880 Οἶδα
747 1826 830 1879 ὅτι
875 1825 1195 1898 διενοήθης,
1243 1827 1340 1880 καὶ
1378 1827 1586 1897 ταύτην
1620 1828 1950 1898 διαστρέψαι

370 1918 473 1987 τὴν
506 1916 803 1988 ἑρμηνείαν
835 1918 915 1981 είς
943 1917 1004 1970 τδ
1035 1916 1302 1989 βοηθῆσαί
1350 1934 1454 1985 σοι,
1489 1918 1683 1990 ὥσπερ
1716 1920 1813 1973 καὶ
1850 1919 1948 1983 τὰς

372 2013 655 2084 ἀνωτέρω.

445 2108 697 2164 EPBAN.
747 2108 909 2162 Ἀλλὰ
949 2109 1157 2179 φράσον
1188 2109 1284 2163 καὶ
1312 2108 1479 2173 αύτδς
1503 2110 1539 2164 ἃ
1570 2110 1773 2181 βούλει.

442 2200 558 2254 Καὶ
611 2203 652 2255 Ο
698 2202 919 2256 ΑΓΙΟΣ.
978 2202 1066 2255 Ἑν
1110 2202 1394 2274 κεφαλαίῳ
1448 2204 1551 2275 τῆς
1606 2206 1951 2277 προφητείας

371 2291 577 2362 ταύτης
626 2290 801 2355 οὕτως
856 2309 973 2356 πως
1015 2292 1295 2361 ἔγκειται.
1324 2295 1548 2361 Ἔσται,
1583 2297 1769 2367 φησὶν,
1821 2298 1952 2351 ὅταν

374 2383 668 2456 συντελέσῃ
713 2380 918 2455 Κύριος
938 2382 1118 2437 πάντα
1156 2384 1327 2437 ποιῶν
1354 2386 1411 2437 ἐν
1434 2383 1513 2455 τῷ
1533 2385 1651 2455 ὄρει
1676 2387 1834 2452 Σιὼν,
1859 2389 1952 2442 καὶ

371 2476 432 2530 ἐν
489 2473 870 2548 Ἰερουσαλήμ..
914 2474 1048 2528 Ποῖα
1103 2476 1324 2541 πάντας
1380 2476 1657 2547 Πρόδηλον
1715 2480 1799 2533 ὅτι
1852 2481 1953 2533 ὅσα

372 2566 537 2630 αὐτὸς
582 2568 611 2620 6
652 2568 942 2639 προφήτης
991 2567 1281 2639 προλαϐὼν
1321 2570 1753 2641 ἐπροφήτευσεν,
1802 2572 1952 2637 ὅπως

375 2659 620 2730 ἐκλείψει
644 2660 677 2729 ἡ
700 2658 954 2731 βασιλεία
978 2662 1086 2715 τῶν
1128 2662 1423 2725 Ἰουδαίων,
1452 2663 1603 2727 ὅπως
1628 2666 1688 2717 ἐν
1726 2664 1953 2734 ἀπαγω-

374 2751 446 2820 γῇ
467 2748 681 2802 ἔσονται
728 2751 777 2804 oi
817 2748 1082 2821 Ἑϐραῖοι,
1113 2750 1209 2803 καὶ
1240 2750 1386 2821 δεινῇ
1437 2750 1796 2822 στενοχωρίᾳ,
1833 2751 1953 2822 ἦτοι

373 2842 433 2896 ἐν
462 2840 829 2913 αίχμαλωσίᾳ·
864 2842 1013 2906 ὅπως
1037 2843 1085 2895 oi
1111 2842 1374 2912 ἄρχοντες
1410 2842 1506 2895 τοῦ
1560 2842 1779 2914 Ἰσραὴλ
1844 2844 1954 2897 ἀπ-

373 2931 645 2995 ολοῦνται,
673 2931 882 3003 οὕσπερ
908 2934 1031 2996 ’τοῖς
1077 2932 1335 3003 Σοδόμοις
1375 2932 1705 2986 ἀπείκασεν·
1740 2934 1889 2996 ὅπως
1927 2933 1956 2985 6

374 3026 506 3089 λαὸς
539 3025 919 3096 ἐξολοθρευθῇ,
964 3024 1057 3087 οὒς
1087 3026 1155 3096 τῇ
1198 3024 1456 3097 Γομόρρᾳ
1490 3024 1913 3096 παρεπλησίασε
1936 3040 1951 3055 ο

374 3118 526 3181 ὅπως
558 3120 586 3171 6
626 3117 791 3188 νόμος
820 3116 1181 3188 παυθήσεται·
1215 3118 1364 3181 ὅπως
1416 3116 1636 3189 Ἰσραήλ
1666 3117 1956 3180 Χαλδαίοις

2048 631 2195 696 illos,
2243 632 2339 687 sed
2410 649 2772 703 quoscunque
2830 651 2956 689 cum
3021 636 3308 705 aliquibus
3369 637 3632 707 gentibus

2047 723 2541 791 communicantes,
2579 726 2665 780 vel
2713 727 2850 798 legis
2891 729 3088 797 placita
3136 740 3194 784 et
3242 732 3628 788 auctoritatem

2048 817 2431 871 concultantes
2467 817 2764 873 invenerit.
2801 819 2913 874 Soli
2942 828 3129 875 autem
3159 821 3241 875 illi
3276 821 3332 876 in
3367 823 3633 879 universo

2048 904 2258 960 mundo
2304 906 2684 972 invenientur,
2722 908 2817 977 qui
2872 908 3055 963 relicti
3116 909 3345 981 fuerint,
3393 922 3451 967 et
3499 928 3634 969 eva-

2049 996 2223 1051 serint
2254 995 2323 1051 ab
2356 996 2449 1051 illa
2495 996 2778 1051 horrenda
2817 998 3251 1053 comminatione
3276 1015 3632 1057 consumma-

2050 1088 2240 1154 tionis,
2294 1104 2497 1159 nempe
2544 1090 2852 1146 exustionis
2903 1092 3063 1161 ignis.
3121 1092 3314 1162 Neque
3370 1093 3633 1150 deficient

2052 1198 2231 1253 neque
2254 1183 2519 1253 adjicient
2538 1183 2699 1255 642
2733 1184 2987 1253 amplius,
3014 1184 3115 1251 sed
3149 1194 3315 1240 erunt
3337 1189 3392 1239 in
3421 1186 3631 1240 mundo

2054 1286 2314 1345 tanquam
2334 1277 2515 1347 angeli
2556 1277 2654 1331 Dei
2690 1296 2703 1331 :
2734 1292 2913 1347 neque
2941 1279 3195 1332 nitentur
3220 1286 3317 1332 aut
3349 1278 3633 1333 conﬁdent

2054 1370 2109 1423 in
2149 1370 2338 1440 aliquo
2361 1369 2492 1433 alio,
2535 1369 2620 1423 vel
2647 1368 2895 1433 Christo,
2927 1370 3011 1424 vel
3050 1370 3188 1424 Filio
3216 1370 3338 1433 Dei,
3364 1371 3448 1423 vel
3476 1370 3628 1436 Jesu,

2053 1459 2150 1516 sed
2176 1461 2231 1515 in
2262 1461 2372 1515 Deo
2399 1468 2589 1515 sancto
2614 1460 2833 1515 lsraelis
2876 1460 3132 1515 ﬁduciam
3166 1460 3475 1515 habebunt.
3506 1460 3634 1515 Hac

2052 1562 2137 1609 est
2175 1554 2381 1608 solutio
2414 1561 2471 1607 et
2508 1552 2809 1622 explicatio
2849 1554 3153 1624 prOphetiae
3180 1555 3297 1608 sive
3324 1553 3596 1609 vaticinii.

2126 1645 2182 1701 S.
2219 1644 2427 1701 ARCH.
2459 1645 2703 1700 Pessima
2739 1647 3149 1716 interpretatio,
3189 1661 3222 1700 o
3257 1645 3533 1711 Herbane,
3577 1654 3635 1700 et

2054 1752 2177 1807 quae
2206 1752 2355 1792 nunc
2386 1736 2497 1792 'abs
2527 1746 2579 1792 te
2625 1737 2773 1792 dicta
2816 1748 2966 1802 sunt,
3000 1737 3343 1792 absurditate
3382 1746 3438 1791 et
3464 1736 3634 1792 insci-

2058 1831 2134 1885 tia
2165 1830 2327 1900 plcna
2369 1836 2518 1883 sunt.
2554 1827 2683 1884 Scio
2709 1837 2761 1884 te
2800 1828 3166 1899 excogitasse,
3194 1836 3251 1883 et
3290 1828 3452 1884 istam
3485 1836 3634 1881 tuam

2059 1921 2578 1992 interpretationem
2611 1920 2666 1975 in
2710 1928 2866 1975 tuum
2909 1921 3179 1976 auxilium
3226 1930 3283 1977 et
3313 1921 3633 1992 praesidium

2053 2013 2409 2082 detorquere,
2447 2012 2593 2066 sicut
2633 2019 2691 2066 et
2725 2012 3061 2081 superiores.

2123 2105 2328 2159 HERB.
2357 2103 2463 2159 Sed
2496 2114 2554 2159 et
2586 2112 2642 2157 tu
2668 2104 2786 2171 ipse
2818 2103 2910 2158 dic
2933 2119 3057 2173 quae
3077 2104 3163 2158 vis
3191 2113 3248 2159 et
3282 2120 3406 2174 qua:
3435 2104 3631 2159 sentis.

2124 2197 2181 2253 S.
2215 2196 2420 2252 ARCH.
2445 2196 2668 2251 Summa
2694 2194 2858 2264 hujus
2878 2194 3123 2249 vaticinii
3159 2194 3214 2249 in
3230 2194 3337 2249 hoc
3363 2195 3634 2264 quodam-

2053 2289 2220 2345 modo
2240 2288 2419 2359 posita
2442 2295 2545 2343 est.
2564 2288 2705 2353 Erit,
2728 2289 2931 2358 inquit,
2954 2288 3178 2358 quando
3204 2288 3352 2342 Dens
3372 2300 3635 2340 consum-

2053 2382 2227 2437 mabit
2241 2380 2424 2435 omnia
2442 2378 2653 2434 faciens
2674 2379 2730 2433 in
2745 2386 2933 2433 monte
2952 2378 3137 2433 Sionis
3151 2386 3209 2433 et
3230 2378 3282 2431 in
3304 2377 3632 2432 Jerusalem.

2052 2475 2313 2542 Quaenam
2335 2472 2559 2528 omnia?
2580 2472 2941 2543 Perspicuum
2962 2470 3109 2542 quod
3134 2484 3478 2541 quaecunque
3513 2471 3636 2539 ipse

2055 2568 2325 2640 propheta
2342 2575 2469 2621 ante
2484 2572 2703 2635 sumpta
2719 2564 2975 2635 praedixit
2991 2582 3003 2617 :
3020 2562 3300 2633 quomodo
3310 2561 3531 2617 deficiet
3550 2575 3607 2614 re
3619 2588 3637 2600 -

2055 2674 2225 2730 gnum
2248 2658 2565 2714 Judteorum
2584 2656 2892 2726 :quomodo
2930 2655 3278 2710 abducentur
3310 2652 3550 2715 Hebraei,
3577 2656 3638 2705 et

2060 2750 2214 2823 gravi
2239 2749 2494 2821 angustia
2525 2747 2981 2812 coarctabuntur,
3007 2762 3209 2816 nempe
3269 2744 3631 2814 captivitate:

2056 2841 2339 2912 quomodo
2372 2840 2653 2911 principes
2674 2840 2893 2895 lsraelis
2916 2839 3201 2909 peribunt,
3222 2852 3364 2907 quos
3408 2835 3637 2907 quidem

2058 2935 2315 2991 Sodomis
2336 2934 2735 2990 assimilaverat
2785 2930 3106 3002 :quomodo
3164 2930 3401 2999 populus
3449 2935 3635 2983 exter-

2060 3029 2309 3083 minatus
2328 3027 2580 3082 funditus
2624 3025 2813 3089 fuerit,
2847 3039 3012 3095 quem
3035 3022 3358 3078 Gomorrhze
3379 3018 3638 3090 persimi-

2059 3122 2167 3176 lem
2218 3121 2432 3175 dixerat
2479 3136 2492 3172 ι
2542 3117 2822 3188 quomodo
2876 3118 2963 3171 lex
3010 3114 3248 3169 cessabit
3290 3131 3306 3167 :
3359 3110 3640 3182 quomodo

376 3209 821 3281 παραδοθήσεται
879 3196 974 3262 καὶ
1014 3208 1307 3279 Ῥωμαίοις
1342 3209 1492 3263 ἔσται
1522 3212 1610 3273 είς
1640 3211 1919 3281 προνομήν
1939 3227 1954 3242 ο

2062 3213 2231 3268 Israel
2272 3210 2544 3266 Chaldaeis
2591 3209 2863 3274 tradetur,
2889 3215 2946 3262 et
2994 3195 3256 3261 Romanis
3304 3203 3411 3258 erit
3439 3202 3493 3256 in
3537 3201 3639 3256 de-

377 3305 528 3366 ὅπως
554 3302 675 3373 ἣξει
706 3304 735 3356 6
782 3300 1018 3374 Χριστὸς
1042 3303 1072 3355 6
1118 3302 1248 3367 Υἱὸς
1293 3302 1386 3356 τοῦ
1421 3302 1557 3356 Θεοῦ
1599 3302 1694 3356 τοῦ
1733 3302 1955 3368 ζῶντος,

377 3394 477 3449 καλ⁵
518 3395 733 3466 ποιήσει
773 3395 976 3465 σημεῖα
1011 3394 1106 3448 καὶ
1146 3393 1372 3466 τέρατα,
1430 3394 1525 3448 καὶ
1573 3393 1820 3466 κρατηθῇ
1884 3394 1958 3466 μὴ

376 3486 592 3557 δεχθεὶς
615 3486 768 3558 παρά
799 3486 911 3539 τῶν
943 3486 1279 3558 παρανόμων
1331 3485 1623 3551 Ἰουδαίων,
1656 3486 1753 3540 καὶ
1806 3485 1956 3557 πάθη

380 3579 566 3643 ἱκανὰ,
594 3578 689 3631 καὶ
710 3577 1155 3651 ἀναληφθήσεται
1183 3580 1265 3642 είς
1290 3578 1381 3631 τὸν
1410 3578 1660 3650 οὐρανὸν,
1694 3579 1790 3633 καὶ
1819 3581 1958 3633 ἀπο-

379 3669 563 3723 στελεῖ
588 3670 717 3733 τοὺς
754 3669 1008 3741 μαθητὰς
1043 3669 1214 3723 αὐτοῦ
1262 3670 1343 3733 εἰς
1390 3670 1461 3724 τὰ
1509 3670 1726 3741 πέρατα
1753 3672 1852 3741 τῆς
1880 3673 1960 3725 οί-

378 3764 677 3833 κουμένης,
709 3763 805 3817 καὶ
840 3762 1161 3833 ἐπιστρέψει
1218 3763 1398 3817 πάντα
1445 3762 1515 3816 τά
1558 3762 1688 3832 ἔθνη
1739 3764 1821 3828 είς
1859 3763 1961 3834 τὴν

379 3854 680 3923 ἐπίγνωσιν
728 3852 915 3909 αὑτοῦ.
950 3850 1125 3907 ’Όταν
1172 3852 1356 3907 τοίνυν
1413 3853 1742 3925 συντελέσῃ,
1785 3852 1962 3907 ταῦτα

380 3945 554 4000 ποιῶν
598 3946 779 3999 πάντα
832 3946 892 3997 ἐν
935 3944 1014 4015 τῷ
1060 3945 1177 4015 ὄρει
1223 3942 1382 4011 Σιὼν,
1413 3944 1442 3997 6
1472 3944 1531 3997 ἐν
1559 3946 1673 4007 τοῖς
1713 3942 1959 4013 ὑψίστοις

378 4038 712 4109 καθήμενος,
753 4037 849 4091 καὶ
896 4038 954 4089 ἐν
1002 4037 1069 4107 τῇ
1116 4036 1231 4090 ἄνω
1272 4034 1628 4107 Ἰερουσαλὴμ
1654 4035 1756 4107 τῆς
1802 4035 1959 4106 βασι-

377 4131 531 4194 λείας
573 4129 739 4183 αὐτοῦ
775 4126 1159 4198 αὐλιζόμενος·
1192 4127 1547 4197 ἐπισκέψεται
1595 4126 1673 4191 ὡς
1714 4128 1784 4182 ἂν
1829 4128 1959 4199 εἴπῃ

377 4238 465 4285 τις
496 4221 858 4291 εὐκαιρήσας.
890 4220 983 4273 ἐπὶ
1008 4220 1099 4273 τὸν
1127 4218 1254 4273 νοῦν
1277 4219 1371 4273 τὸν
1398 4219 1574 4289 μέγαν
1608 4219 1698 4273 τὸν
1722 4219 1961 4290 ἄρχοντα

377 4312 491 4366 τῶν
530 4311 869 4382 Ἀσσυρίων,
907 4312 1003 4365 καὶ
1035 4312 1129 4364 ἐπὶ
1178 4312 1240 4365 τὸ
1294 4310 1429 4381 ῦψος
1475 4314 1575 4385 τῆς
1626 4311 1788 4383 δόξης
1850 4313 1960 4367 τῶν

379 4403 678 4475 ὀφθαλμῶν
720 4402 907 4459 αὐτοῦ.
938 4398 1080 4458 »Εῐπε
1135 4404 1275 4476 γὰρ,
1299 4402 1380 4473 Τῇ
1401 4405 1578 4473 ίσχύτ
1612 4402 1725 4473 τῆς
1759 4406 1961 4474 χειρός

377 4515 499 4566 μου
521 4497 780 4566 ποιήσω,
819 4496 922 4551 καὶ
956 4497 1026 4551 ἐν
1054 4496 1131 4566 τῇ
1160 4498 1349 4566 σοφίᾳ
1373 4495 1481 4563 τῆς
1512 4496 1823 4564 συνέσεώς
1837 4517 1960 4568 μου

380 4589 589 4660 ἀφελῶ
621 4590 753 4659 ὅρια
782 4590 994 4654 ἐθνῶν,
1038 4590 1138 4645 καί
1164 4589 1280 4659 τὴν
1304 4590 1488 4659 ἰσχὺν
1514 4589 1716 4645 αὐτῶν
1741 4606 1959 4660 προνο-
1991 4573 2034 4628 Ῑ)

376 4685 606 4755 μεύσω,
629 4684 727 4737 καί
741 4684 931 4738 σείσω
952 4684 1163 4750 πόλεις
1187 4684 1681 4753 κατοικουμένας,
1713 4684 1813 4739 καί
1847 4685 1963 4753 τὴν

383 4775 751 4845 οἰκουμένην
785 4774 942 4843 ὅλην
967 4774 1403 4843 καταλείψομαι
1437 4773 1513 4842 τῇ
1540 4774 1693 4843 χειρί
1726 4792 1847 4843 μου
1882 4774 1964 4841 ὠς

383 4870 670 4933 νοσσιὰν,
700 4868 801 4922 καὶ
842 4867 923 4934 ὡς
964 4865 1480 4935 καταλελειμμένα
1529 4866 1613 4920 ὠὰ
1660 4864 1823 4934 ἀρῶ,
1862 4865 1964 4920 καὶ

385 4963 500 5017 οὐκ
525 4964 698 5017 ἐστιν
730 4961 800 5027 ὃς
832 4958 1227 5029 διαφεύεηταί
1268 4974 1346 5026 με
1369 4995 1387 5021 ,
1436 4956 1474 5027 ἣ
1518 4957 1772 5027 ἀντείπῃ
1820 4975 1922 5027 μοι
1944 4996 1961 5020 ,

384 5052 647 5121 ἀνοίγων
703 5053 899 5121 στόμα
948 5049 1048 5104 καὶ
1088 5046 1467 5116 στρουθίζων.
1522 5048 1589 5102 Τί
1641 5045 1772 5115 οῦν;
1826 5049 1964 5119 Περὶ

383 5146 534 5209 τίνος
575 5144 726 5214 λέγει
773 5148 802 5198 6
847 5144 1157 5215 προφήτης,
1187 5143 1271 5197 ὅτι
1304 5142 1487 5213 βλέψει
1528 5144 1558 5196 6
1586 5143 1721 5207 Θεὸς
1747 5144 1839 5197 ἐπὶ
1870 5144 1962 5198 τὸν

385 5235 514 5291 νοῦν
547 5234 641 5288 τὸν
682 5235 878 5305 μέγαν,
916 5237 1009 5287 τὸν
1044 5232 1219 5287 ταῦτα
1256 5232 1435 5287 πάντα
1466 5233 1609 5303 ἅπερ
1637 5229 1792 5288 εἷπον
1826 5252 1962 5290 καυ-

386 5326 700 5397 χησάμενον
727 5344 743 5388 ;
771 5326 869 5389 Τίς
889 5328 1036 5379 ἐστιν
1067 5328 1094 5380 6
1132 5325 1256 5388 νοῦς
1285 5326 1510 5387 ἐκεῖνος,
1530 5328 1557 5379 6
1579 5326 1649 5380 τά
1676 5326 1965 5399 ὑπέρογκα

389 5418 679 5488 φυσήσας;
709 5417 882 5481 Αύτδς
912 5417 1241 5489 ἑρμηνεύσει
1276 5418 1305 5469 6
1332 5418 1641 5489 προφήτης,
1680 5419 1764 5472 ὅτι
1797 5420 1827 5471 6
1862 5421 1964 5492 ἀρ-

388 5526 503 5577 κων
550 5510 659 5563 τῶν
704 5509 1029 5581 Ἀσσυρίων,
1079 5509 1240 5579 φησὶ,
1279 5508 1426 5562 τοῦτ’
1457 5509 1602 5564 ἔστιν
1646 5512 1679 5580 ἡ
1717 5509 1966 5581 βασιλεία

390 5601 500 5655 τῶν
538 5601 860 5674 Ἀσσυρίων,
892 5602 1061 5673 ἤγουν
1092 5600 1201 5655 τῶν
1251 5600 1496 5672 Περσῶν.
1531 5601 1720 5675 Ταύτῃ
1763 5603 1870 5676 γὰρ
1896 5607 1962 5677 τῇ

464 5720 511 5751 ⁹²
556 5720 657 5776 lsa.
693 5738 744 5784 χ,
796 5721 883 5784 l3,
930 5721 1016 5775 Η.

2060 3302 2475 3375 populationem
2514 3318 2528 3355 :
2564 3300 2845 3372 quomodo
2897 3298 3157 3355 Christus
3200 3295 3373 3351 Filius
3408 3294 3505 3349 Dei
3552 3293 3640 3348 vi-

2059 3397 2243 3453 ventis
2284 3396 2593 3461 vcniet,'et
2626 3394 2791 3449 faciet
2821 3392 2975 3464 signa
3018 3399 3076 3446 et
3105 3388 3385 3460 prodigia,
3432 3394 3487 3440 et
3526 3400 3638 3439 non

2060 3499 2323 3561 acceptus
2361 3487 2868 3559 comprehendetur
2903 3484 2973 3538 ab
3006 3482 3217 3553 iniquis
3260 3488 3317 3534 et
3355 3476 3641 3533 sceleratis

2058 3572 2288 3651 Judaais,
2329 3592 2385 3639 et
2420 3582 2555 3639 satis
2593 3581 2765 3635 multa
2796 3591 3094 3649 perpessus
3130 3574 3187 3629 in
3241 3572 3443 3629 caelum
3482 3583 3640 3624 assu-

2061 3686 2268 3743 metur,
2317 3685 2373 3731 et
2434 3689 2567 3730 suos
2618 3670 2925 3741 discipulos
2968 3667 3151 3722 mittet
3186 3665 3243 3719 in
3298 3662 3438 3717 ﬁnes
3487 3658 3642 3715 orbis

2060 3777 2355 3830 terrarum,
2388 3774 2445 3820 et
2472 3770 2764 3819 convertet
2797 3773 2992 3814 omnes
3022 3764 3217 3827 gentes
3247 3752 3314 3807 ad
3340 3750 3427 3806 sui
3448 3748 3641 3820 cogni-

2062 3862 2290 3917 tionem.
2323 3856 2555 3925 Quando
2588 3855 2759 3926 igitur
2788 3853 2909 3907 htec
2936 3848 3142 3905 faciens
3165 3845 3352 3901 omnia
3377 3844 3433 3899 in
3456 3850 3641 3896 monte

2062 3953 2247 4010 Sionis
2289 3946 2778 4011 consummaverit,
2821 3944 2877 3999 in
2912 3938 3201 3997 altissimis
3245 3936 3468 3998 sedens,
3503 3940 3560 3987 et
3586 3931 3643 3985 in

2061 4055 2303 4111 superna
2352 4037 2665 4094 Jerusalem
2727 4034 2958 4089 civitate
3010 4027 3168 4100 regni
3224 4026 3311 4082 sui
3364 4023 3641 4083 habitans,

2061 4132 2393 4195 intuebitur,
2447 4138 2509 4183 ut
2556 4128 2651 4199 qui
2682 4144 2795 4182 non
2833 4127 3020 4195 inepte
3060 4123 3285 4176 loculus
3329 4115 3555 4180 dixerit,
3588 4113 3645 4167 in

2060 4240 2312 4296 magnam
2353 4230 2618 4289 mentem,
2642 4221 2948 4293 principem
2976 4219 3353 4291 Assyriorum,
3384 4223 3443 4271 et
3471 4214 3527 4269 in
3562 4213 3645 4267 al-

2062 4317 2358 4372 titudinem
2410 4315 2602 4387 gloria:
2637 4315 2925 4371 oculorum
2977 4312 3172 4383 ipsius.
3228 4310 3378 4366 Dixit
3428 4308 3578 4364 enim
3626 4321 3643 4360 :

2061 4409 2263 4463 Robore
2294 4425 2486 4462 manus
2524 4423 2652 4462 mea:
2692 4408 2911 4477 faciam,
2954 4413 3003 4458 et
3043 4404 3308 4474 sapientia
3351 4399 3647 4456 intellectus

2064 4502 2166 4555 mei
2202 4500 2447 4570 auferam
2490 4498 2624 4567 ﬁnes
2661 4499 2919 4568 gentium,
2970 4504 3020 4549 et
3063 4495 3226 4549 robur
3273 4495 3513 4565 ipsarum
3561 4491 3650 4544 de-

2063 4590 2361 4661 praedabor,
2410 4596 2459 4643 et
2507 4588 2747 4658 quatiam
2776 4588 3011 4640 civitates
3057 4586 3343 4646 habitatas,
3387 4590 3435 4635 et
3483 4590 3650 4634 totum

2063 4684 2240 4737 orbem
2280 4690 2549 4735 terrarum
2583 4678 2882 4747 relinquam
2919 4694 3081 4732 manu
3126 4692 3243 4729 mea
3273 4673 3413 4729 velut
3441 4673 3646 4735 nidum,

2064 4784 2113 4828 et
2135 4782 2193 4828 ut
2214 4772 2463 4827 derelicta
2488 4787 2587 4825 ova
2614 4768 2801 4823 tollam
2829 4786 2847 4823 :
2871 4778 2919 4822 et
2949 4785 3054 4822 non
3078 4776 3153 4821 est
3182 4767 3270 4837 qui
3301 4781 3385 4820 me
3412 4764 3648 4835 eﬁ'ugiat,

2063 4865 2147 4921 vel
2183 4864 2512 4920 contradicat
2547 4864 2693 4927 mihi,
2723 4863 2961 4932 aperiens
3006 4877 3063 4914 os
3098 4867 3147 4912 et
3176 4858 3410 4929 passeris
3446 4858 3502 4911 in
3533 4871 3648 4909 mo-

2069 4958 2198 5012 dum
2242 4956 2473 5010 stridens
2525 4956 2593 5009 ".
2646 4953 2788 5021 Quid
2846 4951 3056 5024 igitur?
3107 4952 3184 5006 De
3233 4964 3343 5020 quo
3376 4947 3648 5020 prOplieta

2068 5049 2225 5116 dicit,
2280 5047 2428 5117 quod
2472 5046 2733 5117 inspiciet
2779 5046 2928 5100 Deus
2968 5044 3023 5097 in
3075 5050 3317 5097 mentem
3368 5055 3646 5110 magnam,

2069 5158 2192 5213 quae
2223 5140 2295 5196 ob
2334 5141 2451 5196 haec
2484 5139 2673 5194 omnia
2723 5153 2848 5208 quae
2877 5137 3102 5207 quidem
3152 5134 3287 5199 dixi,
3327 5132 3649 5204 glorietur?

2070 5236 2202 5303 Quae
2252 5242 2339 5289 est
2390 5248 2549 5289 mens
2594 5232 2709 5297 illa,
2752 5246 2877 5301 quae
2928 5230 3048 5284 haec
3085 5226 3417 5299 pmtumida
3456 5225 3649 5281 emet?

2071 5330 2192 5400 Ipse
2232 5328 2502 5399 propheta
2535 5324 3020 5395 interpretabitur,
3050 5321 3200 5392 quod
3255 5320 3513 5390 princeps
3545 5318 3647 5373 As-

2072 5420 2369 5491 syriorum,
2416 5417 2515 5483 ait,
2559 5416 2614 5471 id
2648 5426 2753 5481 est,
2784 5430 3017 5487 regnum
3049 5411 3423 5484 Assyriorum,
3446 5423 3646 5479 nempe

2072 5514 2383 5568 Persarum.
2414 5510 2554 5566 lluic
2594 5509 2743 5564 enim
2788 5522 2963 5578 regno
2999 5505 3253 5576 permisit
3283 5505 3448 5568 Deus,
3477 5510 3646 5570 atque

2071 5614 2312 5660 extrema
2350 5612 2406 5660 et
2449 5600 2792 5659 atrocissima
2845 5600 3115 5655 malorum
3185 5596 3491 5654 Jerusalem
3546 5593 3646 5650 dc-

1932 5793 2163 5851 NOTAE.

469 5884 583 5956 ('65)
649 5885 1002 5955 Αείψουσιν.
1031 5885 1220 5941 Scribe
1252 5884 1576 5957 ἐλλείψουσι.
1603 5887 1805 5942 GL'LON.
