4094 6578
413 434 522 500 73ῑ

1370 435 1431 497 S.
1467 436 1898 500 GREGENTII
1937 437 2172 498 EPISC.
2211 437 2747 498 TAPHARE‘NSIS

3595 435 3701 498 736

413 542 746 601 monstravit
777 559 791 598 :
824 541 1050 614 quando
1093 551 1153 598 et
1173 557 1482 614 coquorum
1509 544 1808 615 praefectus
1821 544 2012 601 Nabu-

2135 544 2369 616 ιασιλείᾳ
2405 543 2790 615 συνεχώρησεν
2829 543 2858 597 6
2891 541 3046 608 Θεὸς,
3099 541 3196 598 καὶ
3227 540 3296 597 τὰ
3340 541 3603 598 πάνδεινα
3631 547 3701 617 τῇ

414 639 622 693 zardan
684 636 915 692 domum
949 636 1050 692 Dei
1101 635 1374 703 incendit,
1408 646 1467 692 et
1504 636 1794 707 profectus
1836 652 2015 707 popu-

2135 636 2483 708 Ἰερουσαλὴμ
2507 636 2800 702 ἐνδείξατο,
2825 636 2915 690 ὅτε
2953 639 3048 690 καὶ
3088 635 3118 688 6
3157 635 3562 707 ἀρχιμάγειρος
3590 637 3708 689 Να-

416 728 532 783 lum
597 727 881 799 captivum
959 726 1231 791 abduxit,
1311 735 1484 797 atque
1570 727 1629 782 in
1683 727 2014 783 servitutem

419 819 658 891 redegit.
715 818 856 874 illud
889 817 1061 890 igitur
1107 833 1340 889 regnum
1367 833 1494 873 cum
1549 817 1702 883 talia,
1745 818 1858 873 Deo
1884 833 2018 888 per-

423 910 708 975 mittente,
751 908 1002 973 fecisset,
1028 922 1141 962 non
1163 907 1451 964 moderate
1472 915 1529 962 et
1552 907 1860 963 clementer
1889 907 2020 963 tulit

425 1000 487 1057 in
538 1001 854 1058 humilitate
906 1000 1096 1056 cordis
1145 1000 1254 1064 sui,
1316 1015 1498 1070 neque
1553 998 1832 1055 intellexit
1881 997 2020 1053 ﬁnes

427 1095 584 1151 orbis
625 1103 901 1150 terrarum
928 1094 1024 1148 Dei
1048 1093 1276 1165 judiciis
1304 1093 1418 1163 regi
1449 1101 1506 1147 et
1533 1091 1842 1162 dispensari
1879 1109 1894 1145 :
1922 1090 2019 1146 sed

427 1186 614 1242 visum
671 1193 777 1250 est,
831 1199 901 1239 ex
957 1183 1181 1254 propria
1227 1183 1527 1254 prudentia
1576 1183 1678 1236 hos
1726 1194 2022 1251 prosperos

431 1293 731 1334 successus
777 1277 886 1332 sibi
925 1276 1248 1346 contigisse.
1315 1275 1439 1330 Mox
1471 1275 1659 1344 itaque
1707 1289 1805 1328 rex
1854 1270 2024 1327 corde

432 1370 613 1424 elatus
647 1376 754 1432 est,
799 1382 864 1421 ac
910 1366 1056 1421 fastu
1090 1375 1148 1421 et
1196 1365 1490 1420 insolentia
1531 1364 1892 1433 depravatus,
1931 1361 2024 1417 illa

434 1461 493 1515 in
539 1459 743 1514 tabella
789 1457 1012 1528 publice
1068 1457 1275 1526 scripta
1322 1465 1378 1511 et
1418 1455 1722 1526 proposita,
1754 1469 1881 1510 cum
1912 1452 2026 1509 fre-

434 1551 574 1605 mitu
620 1549 796 1605 edixit
853 1563 1074 1603 omnem
1124 1556 1398 1602 terrarum
1450 1547 1645 1603 orbem
1690 1546 1795 1602 sibi
1833 1546 2026 1618 subje-

436 1651 588 1698 ctum
622 1657 769 1697 esse.
819 1640 1171 1710 Quapropter
1227 1640 1374 1694 Deus
1410 1641 1532 1711 ejus
1579 1639 1918 1694 dementiam
1970 1648 2028 1695 et

437 1734 711 1791 insaniam
763 1747 863 1802 per
912 1732 1243 1802 prophetam
1306 1731 1672 1802 redarguens.
1733 1740 1793 1786 et
1833 1731 2028 1787 volens

441 1826 702 1897 perdere,
757 1825 1039 1896 praedictis
1092 1825 1375 1896 subjunin
1417 1843 1430 1880 :
1482 1826 1624 1880 Audi
1663 1834 1722 1880 tu
1757 1825 1854 1895 qui
1911 1825 2030 1880 haec

437 1921 653 1989 dixisti,
712 1936 822 1976 non
872 1921 972 1976 Dei
1009 1920 1258 1992 iudiciis,
1305 1920 1403 1976 sed
1451 1920 1732 1991 quidquid
1785 1930 1892 1986 est,
1929 1921 2028 1976 tibi

441 2013 548 2085 ipsi
569 2015 908 2070 attribuens:
927 2012 1179 2084 Nunquid
1197 2013 1518 2084 gloriabitur
1541 2014 1801 2086 bipennis,
1838 2015 2033 2086 absque

439 2121 501 2160 eo
536 2106 628 2176 qui
673 2121 766 2173 per
799 2105 972 2174 ipsam
1021 2104 1238 2170 scindit,
1273 2116 1540 2174 tanquam
1584 2105 1694 2160 sibi
1732 2114 1788 2160 et
1839 2121 1940 2176 per
1975 2121 2033 2160 se

443 2193 564 2263 ipsa
603 2193 863 2249 scindat?
899 2202 991 2247 aut
1039 2209 1192 2247 serra
1246 2192 1532 2248 extolletur
1593 2195 1786 2265 absque
1841 2211 1900 2248 eo
1945 2197 2037 2266 qui

445 2286 605 2340 trahit
640 2286 833 2356 ipsam,
858 2285 988 2354 quia
1015 2283 1237 2354 quidvis
1265 2285 1462 2340 secet?
1489 2292 1585 2340 aut
1611 2286 1761 2356 virga
1795 2286 2036 2357 eﬁ‘eretur

445 2376 503 2430 in
548 2377 832 2446 semetipsa
868 2376 938 2441 “,
986 2382 1044 2430 et
1083 2375 1246 2430 feriet
1295 2376 1669 2446 quodcunque
1715 2377 1894 2432 velit?
1925 2377 2034 2432 Pa-

447 2467 696 2522 rabolam
727 2467 996 2524 adversus
1035 2467 1340 2536 superbum
1382 2479 1440 2524 et
1487 2469 1734 2524 insolens
1765 2470 1901 2525 illud
1945 2485 2037 2525 re-

446 2575 616 2630 gnum
669 2559 956 2615 adducens
978 2559 1142 2631 653
1179 2560 1473 2630 propheta,
1499 2560 1656 2626 dicit,
1691 2561 1838 2632 quod
1869 2571 1922 2617 te
1948 2561 2062 2618 bis-

449 2653 602 2708 notis
647 2661 708 2707 et
744 2652 942 2723 ﬁguris
995 2651 1284 2707 inductum
1335 2655 1624 2724 oportebat
1670 2663 1856 2711 mente
1910 2671 2039 2726 per-

449 2743 642 2812 cipere
683 2749 742 2798 et
776 2741 1111 2813 intelligere,
1141 2742 1292 2812 quod
1315 2758 1498 2814 neque
1529 2743 1815 2799 currentis
1855 2759 2038 2815 neque

447 2834 844 2905 persequentis
865 2841 974 2899 est,
1013 2832 1109 2888 sed
1138 2833 1236 2888 Dei
1261 2834 1665 2904 permittentis,
1695 2844 1758 2890 ut
1783 2835 1902 2891 haec
1932 2835 2040 2892 hoc

448 2927 616 2982 modo
659 2926 943 2991 eveniant,
985 2935 1044 2982 et
1088 2926 1256 2992 bella,
1299 2935 1358 2981 et
1401 2927 1668 2992 victoriae,
1700 2935 1757 2982 et
1804 2937 2038 2999 strages,

449 3029 509 3074 et
552 3018 752 3082 caedes,
803 3027 860 3072 et
891 3017 1001 3072 alia
1051 3018 1303 3087 quaedam
1353 3018 1509 3088 prius
1556 3034 1824 3089 prospere
1864 3030 2036 3091 gesta.

449 3110 724 3178 Quoniam
756 3109 925 3181 igitur
964 3110 1196 3166 noluisti
1247 3110 1343 3165 tali
1375 3125 1567 3180 scopo,
1621 3111 1890 3182 quidquid
1931 3121 2038 3181 est,

450 3202 550 3257 Dei
590 3215 732 3270 opus
767 3215 890 3256 esse
935 3201 1255 3256 existimare
1284 3220 1297 3254 :
1329 3201 1425 3256 sed
1458 3201 1630 3258 corde
1670 3203 1851 3259 elatus
1872 3205 2037 3260 etin-

2116 730 2420 802 6ουζαρδᾶν
2469 729 2564 783 τὸν
2598 723 2748 783 οἷκον
2791 729 2886 783 τοῦ
2935 726 3072 783 Θεοῦ
3121 729 3445 798 ἐνέπρησεν,
3481 729 3707 799 ἀπάρας

2118 823 2213 874 καὶ
2238 821 2332 874 τὸν
2372 819 2504 876 λαὸν
2531 821 2614 884 εἰς
2647 821 2960 892 ἀπαγωγὴν
2989 820 3058 874 δι’
3096 819 3500 890 αἰχμαλωσίας.
3534 819 3706 889 Ποιή-

2119 929 2259 967 σασα
2283 913 2578 985 τοιγαροῦν
2627 915 2661 983 ἡ
2688 911 2940 984 βασιλεία
2985 912 3171 984 ἐκείνη
3219 910 3291 965 τὰ
3326 911 3577 978 τοιαῦτα,
3607 909 3706 964 τοῦ

2118 1005 2267 1060 Θεοῦ.
2295 1006 2456 1059 τοῦτο
2489 1006 2953 1077 συγχωρήσαντος
2973 1045 2988 1068 ,
3027 1005 3129 1059 οὐκ
3166 1004 3367 1074 ήνεγκε
3406 1003 3603 1075 πράως
3635 1004 3706 1073 τῇ

2117 1096 2452 1152 ταπεινώσει
2507 1097 2612 1167 τῆς
2655 1096 2884 1168 καρδίας
2922 1096 3113 1162 αὑτοῦ,
3154 1094 3281 1150 οὕτε
3337 1096 3574 1165 συνῆκεν
3622 1095 3709 1148 ὅτι

2121 1188 2358 1259 κρίμασι
2385 1187 2524 1241 Θεοῦ
2547 1186 2878 1241 διοικοῦνται
2903 1187 3002 1258 τῆς
3016 1185 3348 1257 οἰκουμένης
3373 1187 3441 1240 τά
3465 1183 3706 1256 πέραταο

2122 1279 2238 1333 ἀλλ’
2270 1277 2448 1343 ἔδοξεν
2477 1279 2560 1332 ὅτι
2601 1275 2663 1342 ἐξ
2722 1277 2861 1340 ἰδίας
2915 1275 3189 1338 συνέσεως
3227 1274 3404 1328 ταῦτα
3451 1273 3605 1344 αὐτῷ
3639 1273 3711 1327 τὰ

2123 1371 2482 1442 εὐτυχήματα
2499 1369 2894 1439 συνηντήκασι.
2923 1367 3034 1421 Καὶ
3055 1365 3258 1429 εὐθέως
3276 1363 3467 1436 ὑψώθη
3490 1367 3557 1435 τῇ
3582 1381 3714 1435 καρ-

2123 1462 2212 1534 δίᾳ
2242 1462 2336 1516 καί
2358 1459 2618 1532 ἐπηρώθη
2646 1459 2726 1532 τῷ
2755 1461 3087 1532 φρονήματι,
3118 1458 3214 1512 καί.
3242 1459 3314 1510 τὰ
3345 1473 3712 1528 προγεγραμ-

2130 1555 2267 1626 μένα
2293 1554 2625 1624 ἐφρυάξατο,
2663 1554 2846 1606 πᾶσαν
2877 1552 2975 1623 τὴν
3001 1549 3332 1620 οἰκουμένην
3369 1548 3547 1616 λέγων
3577 1548 3714 1601 ὕπο-

2126 1646 2363 1715 ταγῆναι
2393 1645 2566 1716 αὐτῷ.
2601 1645 2813 1698 Οὐκοῦν
2837 1643 3080 1713 ἐλέγχων
3121 1641 3226 1710 τὴν
3258 1640 3449 1696 ἄνοιαν
3481 1639 3650 1694 αὑτοῦ
3681 1641 3714 1692 6

2127 1737 2261 1800 Θεὸς
2308 1737 2398 1791 διά
2429 1735 2525 1790 τοῦ
2554 1737 2862 1807 προφήτου,
2913 1735 3008 1787 καὶ
3047 1733 3374 1805 βουλόμενος
3419 1731 3712 1792 ἀπολέσαι.

2128 1829 2241 1893 τοῖς
2264 1827 2687 1899 προειρημένοις
2715 1828 3020 1898 ἐπήγαγεν,
3059 1828 3348 1889 Ἀκουσον,
3366 1823 3559 1890 εἰπὼν,
3593 1825 3658 1877 σὺ
3683 1826 3714 1876 6

2132 1921 2328 1985 ταῦτα,
2353 1923 2415 1975 οὐ
2437 1923 2551 1986 τοῖς
2585 1921 2818 1995 κρίμασι
2858 1918 2951 1974 τοῦ
2987 1917 3146 1982 Θεοῦ,
3201 1916 3341 1970 ἀλλά
3391 1916 3606 1988 σεαυτῷ
3649 1917 3716 1969 τδ

2135 2015 2242 2068 πᾶν
2285 2011 2637 2083 λογιζόμενος
2665 2027 2679 2043 ο
2726 2010 2822 2079 Μὴ
2864 2009 3316 2076 δοξασθήσεται
3351 2009 3532 2076 ἀξίνη
3565 2008 3714 2062 ἄνευ

2133 2104 2240 2160 τοῦ
2291 2107 2624 2170 κόπτοντος
2657 2103 2732 2157 δι’
2765 2101 2981 2171 αὐτῆς,
3024 2101 3167 2156 ὥστε
3225 2101 3453 2155 κόπτειν
3505 2101 3711 2172 ἐαυτῇς

2134 2196 2172 2264 ἢ
2198 2196 2586 2265 ὑψωθήσεται
2636 2197 2828 2266 πρίων
2870 2196 3019 2249 ἄνευ
3058 2194 3166 2248 τοῦ
3194 2193 3482 2260 ἕλκοντος
3525 2193 3718 2247 αὐτὸν

2134 2287 2225 2341 διὰ
2259 2288 2320 2341 τὸ
2343 2287 2455 2357 (56)
2488 2287 2684 2358 πρίσαι
2717 2287 2778 2340 τὸ
2805 2287 3047 2352 οἰονοῦν;
3073 2287 3112 2353 ἣ
3141 2285 3472 2354 ἀρθήσεται
3491 2283 3718 2354 ῥάϐδος

2135 2377 2226 2448 ἐφ’
2261 2377 2506 2446 ἑαυτῆς,
2547 2377 2642 2431 καὶ
2663 2375 2904 2447 τύψηται
2925 2416 2940 2442 ,
2987 2376 3125 2446 ὅπερ
3160 2376 3255 2430 καί
3287 2373 3573 2446 βούλεται;
3604 2376 3717 2428 Πα-

2139 2469 2370 2542 ραδολὴν
2400 2468 2638 2538 εἰσάγων
2663 2469 2800 2541 πρὸς
2833 2468 2932 2540 τὴν
2963 2468 3316 2540 ὑπερήφανον
3347 2467 3570 2538 ἐκείνην
3615 2466 3716 2537 βα-

2139 2562 2342 2617 σιλείαν
2371 2563 2400 2616 6
2427 2561 2739 2634 προφήτης,
2772 2560 2944 2630 λέγει,
2976 2560 3060 2614 ὅτι
3082 2560 3231 2613 Ἔδει
3269 2577 3330 2613 σε
3372 2558 3717 2623 κάντούτοις

2138 2656 2256 2717 τοῖς
2283 2653 2640 2725 χαρακτῆρσι
2666 2651 3048 2723 ποδηγηθέντα
3084 2652 3279 2722 νοῆσαι
3323 2653 3420 2706 καὶ
3450 2652 3715 2716 συνιέναι,

2138 2749 2220 2802 ὅτι
2248 2746 2375 2801 οῦτε
2428 2745 2524 2801 τοῦ
2575 2744 2888 2818 τρέχοντος,
2932 2743 3058 2798 οὕτε
3096 2743 3192 2798 τοῦ
3228 2743 3541 2811 διώκοντος,
3578 2744 3718 2800 ἀλλά

2135 2841 2231 2895 τοῦ
2261 2839 2669 2912 συγχωροῦντος
2701 2839 2863 2903 Θεοῦ,
2893 2839 2966 2892 τά
2991 2839 3121 2910 τῇδε
3148 2839 3580 2910 χρηματίζουσι,
3613 2839 3718 2893 πό-

2138 2934 2295 3005 λεμοί
2319 2951 2380 2987 τε
2436 2932 2534 2987 καὶ
2555 2934 2725 2994 νῖκαι,
2760 2931 2856 2985 καὶ
2890 2925 3077 3002 ἧτται,
3114 2933 3210 2984 καὶ
3239 2930 3405 3001 ἕτερά
3432 2948 3557 2985 τινα
3583 2948 3718 3001 προ-

2140 3028 2447 3098 τερήματα.
2489 3023 2733 3096 Ἐπειδὴ,
2778 3024 2977 3095 φησὶν,
3010 3024 3113 3078 οὐκ
3160 3023 3463 3094 ἐϐουλήθης
3490 3023 3721 3093 τοιούτῳ

2143 3117 2332 3189 σκοπῷ
2352 3116 2414 3170 τδ
2441 3117 2550 3170 πᾶν
2581 3115 2678 3169 τοῦ
2699 3114 2836 3168 Θεοῦ
2872 3115 3210 3196 λογίσασθαι,
3230 3115 3346 3168 ἀλλ’
3365 3113 3627 3185 ἐπαρθεὶς
3653 3115 3718 3183 τῇ

2064 3243 2107 3303 C
2137 3211 2338 3282 καρδῐᾳ
2358 3209 2644 3278 ἐφύσησας
2669 3207 2958 3278 ὑπέρογκα
2993 3205 3204 3278 μεγάλα
3225 3246 3240 3270 ,
3271 3205 3610 3274 φαντασθείς
3641 3202 3722 3273 τῷ

453 3294 641 3350 solens
686 3292 930 3362 superba
975 3302 1032 3349 et
1066 3293 1276 3349 tumida
1322 3293 1540 3360 etllasti,
1581 3295 1651 3350 de
1700 3305 1753 3351 te
1799 3295 1940 3367 ipso,
1977 3305 2034 3352 et

2138 3303 2413 3374 πνεύματι
2449 3302 2578 3371 περὶ
2607 3300 2836 3354 σεαυτοῦ
2869 3299 2967 3353 καὶ
2993 3301 3095 3353 οὐκ
3112 3297 3378 3369 ἐμοῦ,Ζῶ
3399 3297 3536 3366 ἐγὼ,
3567 3296 3722 3364 λέγει

454 3401 569 3441 non
615 3385 684 3440 de
721 3399 808 3438 me
860 3384 1155 3456 magniﬁca
1196 3385 1397 3456 spiritu
1444 3397 1541 3443 tuo
1580 3388 1865 3458 opinatus,
1911 3389 2035 3446 Vivo

2136 3397 2362 3470 Κύριος,
2380 3393 2886 3461 δςβεϐούλευσαι,
2909 3391 3022 3460 οὐχ
3033 3390 3221 3455 οὕτως
3242 3389 3433 3444 ἔσται’
3447 3388 3726 3442 (111‘de-

458 3492 574 3546 ego,
608 3475 745 3530 dicit
792 3476 1080 3541 Dominus,
1131 3478 1220 3547 qui
1259 3477 1492 3542 voluisti,
1525 3497 1628 3533 non
1670 3481 1747 3534 sic
1775 3481 1874 3534 erit
1905 3482 2037 3536 :sed

2135 3486 2353 3552 στελῶ,
2377 3485 2562 3557 φησὶν,
2591 3485 2679 3550 εἰς
2699 3483 2816 3550 τὴν
2835 3481 2961 3550 σὴν
2995 3480 3176 3550 τιμὴν
3207 3479 3472 3548 ἀτιμίαν,
3502 3476 3602 3530 καί
3638 3479 3724 3541 εἰς

457 3568 692 3632 mittam,
728 3568 828 3634 ait,
853 3570 910 3623 in
935 3577 1086 3623 tuum
1111 3570 1382 3637 honorem,
1403 3572 1706 3642 infamiam,
1731 3582 1780 3628 et
1811 3574 1866 3628 in
1891 3573 2037 3629 tua'm

2137 3582 2254 3650 τὴν
2273 3580 2464 3646 δόξαν
2482 3577 2622 3649 πῦρ.
2645 3578 2723 3648 Φη
2733 3577 2794 3647 μὶ
2813 3575 2876 3629 τὸ
2897 3575 2988 3628 τὸν
3018 3571 3328 3644 πειρασμὸν
3361 3569 3676 3639 καιόμενον,
3697 3564 3729 3619 6

459 3659 710 3731 gloriam,
747 3662 942 3732 ignem.
969 3662 1104 3719 Dico
1134 3663 1282 3719 hunc
1311 3664 1493 3736 ignem
1529 3666 1894 3723 tentationem
1919 3683 2037 3725 esse

2140 3674 2235 3728 καὶ
2260 3670 2595 3742 καυθήσεται
2620 3667 2892 3740 μεγάλως.
2912 3662 3020 3718 Καὶ
3040 3662 3214 3716 ἔσται
3241 3660 3309 3714 τὸ
3331 3657 3458 3729 φῶς
3480 3656 3586 3711 τοῦ
3620 3657 3729 3710 Ἰσ-

459 3752 774 3818 ardentem,
811 3753 907 3824 qui
958 3754 1102 3825 ignis
1149 3756 1514 3812 vehementer
1567 3758 1804 3814 ardebit.
1844 3756 1914 3815 Et
1942 3761 2044 3814 erit

460 3845 556 3899 tua:
601 3845 820 3901 Israelis
867 3846 1009 3902 velut
1051 3849 1210 3919 ignis,
1269 3857 1320 3904 et
1374 3849 1728 3918 sanctiﬁcabit
1770 3853 1943 3922 ipsum
1988 3854 2043 3906 in

460 3940 684 4009 ﬂamma
713 3939 970 3994 ardente:
994 3947 1042 3994 et
1063 3941 1302 3996 incendet
1325 3950 1374 3996 et
1403 3942 1639 3996 absumet
1666 3942 1807 3998 velut
1843 3945 2043 4014 fenum,

461 4029 655 4084 silvam
686 4030 752 4084 “.
799 4031 861 4085 ιιι
895 4031 1022 4097 hoc,
1067 4047 1101 4086 o
1133 4031 1407 4098 Herbane,
1439 4033 1588 4102 quod
1617 4035 1909 4102 quaeritur,
1944 4050 2046 4105 po-

464 4119 634 4174 situm
655 4129 759 4176 est.
786 4121 867 4176 Tu
893 4121 1121 4191 quidem
1148 4123 1477 4193 insipienter
1502 4125 1914 4194 quodammodo
1942 4125 2048 4181 hoc

2134 3762 2318 3834 ραὴλ,
2341 3761 2422 3827 ὡς
2449 3760 2591 3829 πῦρ,
2616 3757 2714 3812 καὶ
2736 3754 2975 3826 ἁγιάσει
2999 3753 3188 3808 αὐτὸν
3207 3752 3276 3804 ἐν
3295 3748 3476 3819 φλογὶ
3496 3744 3729 3814 καιομέ-

2143 3874 2241 3925 νῃ,
2263 3854 2364 3910 καί
2411 3853 2643 3924 φλέξει,
2682 3849 2781 3904 καί
2807 3834 3208 3916 καταφάγετὶιι
3241 3843 3322 3908 ὠς
3365 3843 3584 3912 χόρτον
3615 3837 3731 3905 τὴν

2144 3943 2607 4014 ὕλην.Ἐνταῦθά
2631 3943 2803 4004 ἐστιν,
2821 3938 3044 4011 Ἐρὸἄν,
3061 3937 3123 3990 τὸ
3143 3935 3499 4006 ζητούμενον.
3529 3932 3603 3985 Σὺ
3631 3933 3750 4002 μὶν.

2146 4038 2508 4108 γὰράνοήτως
2524 4051 2641 4103 πῳς
2659 4036 2732 4104 ήρ
2740 4032 2912 4104 μήνευ
2921 4047 3021 4092 σας
3035 4030 3193 4082 τοῦτο
3219 4027 3279 4080 τὸ
3303 4027 3475 4098 ῥῆμα.
3513 4023 3656 4092 Ἐγὼ
3673 4023 3731 4076 δέ

2147 4131 2234 4184 διὰ
2260 4127 2418 4182 τοῦτο
2450 4126 2656 4181 ἄνωθεν
2684 4121 3040 4194 ἠναγκάσθην
3089 4117 3458 4190 διηγήσασθαί
3511 4133 3595 4170 σοι
3633 4117 3734 4186 τῆς

461 4211 696 4267 verbum
721 4212 1122 4283 interpretatus
1137 4229 1220 4269 es.
1277 4215 1392 4285 Ego
1411 4231 1546 4271 vero
1567 4225 1864 4286 propterea
1885 4217 2037 4283 altius

2151 4216 2497 4291 προφητείας
2558 4216 2620 4270 τδ
2669 4212 2988 4281 κεφάλαιον,
3027 4212 3114 4264 ἵνα
3163 4211 3282 4264 κατ’
3308 4209 3438 4270 ἔπος
3471 4205 3732 4269 ἀκούσας,

466 4302 703 4372 repetito
737 4303 1013 4373 principio
1044 4303 1211 4374 hujus
1229 4304 1540 4374 prophetiae
1565 4343 1582 4371 ,
1619 4314 1786 4375 caput
1816 4314 1875 4360 et
1902 4321 2037 4361 sum-

2154 4311 2390 4382 συνήσῃς
2405 4310 2517 4380 (37)
2531 4307 2728 4363 πάντα.
2742 4303 2924 4359 Εἰπὼν
2939 4303 3049 4376 γὰρ
3061 4306 3088 4358 6
3105 4303 3412 4374 προφήτης,
3423 4303 3504 4355 ὅτι
3522 4299 3738 4353 Ἔσται

397 4447 402 4452 .
466 4411 613 4451 mam
653 4395 752 4450 tibi
795 4395 1096 4465 explanare
1144 4396 1224 4450 fui
1287 4403 1540 4461 coactus,
1591 4407 1646 4451 ut
1701 4397 1770 4453 ad
1820 4397 2037 4453 verbun

2151 4404 2221 4459 τὸ
2265 4402 2394 4474 φῶς
2424 4401 2532 4457 τοῦ
2564 4398 2814 4468 Ἰσραὴλ
2858 4397 3103 4464 ὼςπῦρ,
3127 4395 3228 4450 καί
3271 4393 3508 4464 ἁτιάσει
3551 4393 3742 4447 αὐτὸν

469 4487 703 4543 audiens
727 4487 913 4543 omnia
941 4488 1237 4559 intelligas.
1258 4487 1397 4544 Cum
1424 4488 1567 4544 dixit
1589 4489 1879 4560 propheta,
1904 4491 2037 4562 quot

2154 4495 2225 4549 ἐν
2260 4491 2440 4564 φλογί
2469 4490 2780 4562 καιομένῃ,
2805 4488 2901 4544 καί
2939 4486 3171 4558 δολέξει,
3209 4486 3306 4540 καί
3333 4484 3739 4554 καταφάγεται

467 4581 592 4637 Erit
621 4580 714 4636 lux
738 4580 957 4637 Israelis
975 4590 1232 4653 tanquam
1260 4583 1418 4653 ignis,
1441 4589 1492 4636 et
1516 4582 1865 4651 sanctiﬁcabit
1884 4583 2037 4654 ipsun

2161 4584 2242 4650 ὡς
2263 4584 2484 4651 χόρτον
2505 4579 2623 4649 τὴν
2644 4579 2825 4646 ὕλην,
2847 4577 2909 4631 τὸ
2931 4579 2989 4628 ἐν
3003 4577 3072 4646 τῇ
3092 4572 3443 4645 αἰχμαλωσίᾳ
3475 4589 3744 4641 στενοχω-

468 4675 527 4729 in
563 4676 784 4745 ﬂamma
825 4673 1065 4740 ardente,
1107 4682 1155 4728 et
1187 4675 1476 4742 comburat,
1519 4683 1568 4728 et
1601 4675 1838 4729 absumet
1867 4675 2037 4730 siivan

2165 4673 2410 4748 ροῦν,καί
2428 4673 2489 4726 τὸ
2507 4673 2566 4733 ἐν
2583 4674 2655 4742 γῇ
2669 4669 2928 4741 ἀλλοτρίᾳ
2946 4666 3260 4736 βιαιότατον
3287 4663 3527 4735 παροίκη
3537 4663 3745 4734 μα,καὶ

471 4768 615 4824 velut
636 4768 817 4838 fenum
844 4767 879 4839 ε]
907 4783 1108 4839 nempe
1143 4769 1457 4840 angustiam
1493 4785 1616 4839 quae
1642 4769 1752 4824 fuit
1779 4769 1836 4825 in
1883 4771 2037 4842 capti

2163 4768 2254 4824 τὸν
2267 4765 2573 4837 ὀνειδισμὸν
2599 4764 2710 4818 τῶν
2729 4763 2922 4827 ἐθνῶν,
2943 4761 3039 4815 καὶ
3059 4765 3159 4831 τὴν
3182 4759 3385 4830 λύπην,
3411 4758 3506 4812 καὶ
3533 4755 3738 4825 θλίψιν,

472 4860 667 4925 vitate,
720 4867 889 4929 atque
931 4859 986 4914 in
1030 4867 1183 4915 terra
1234 4859 1418 4914 aliena
1453 4859 1918 4915 violentissimum
1958 4861 2037 4916 dot

2165 4859 2261 4914 καὶ
2286 4857 2378 4911 τὸν
2407 4855 2573 4927 φόϐον
2589 4853 2683 4908 τοῦ
2713 4853 2971 4916 θανάτου,
2994 4849 3090 4904 τοῦ
3121 4849 3387 4920 βασιλέως
3410 4847 3518 4902 τῶν
3550 4847 3746 4900 Ἀσσυ-

473 4953 769 5020 micilium,
812 4961 870 5009 et
919 4953 1264 5024 vituperium
1313 4953 1583 5024 gentium,
1621 4962 1681 5009 et
1722 4953 1970 5011 dolorem
2006 4971 2037 5011 e

2169 4951 2323 5022 ρίων,
2357 4949 2452 5003 καὶ
2473 4948 2575 5017 τὴν
2599 4945 2842 5000 ἀλωσίαν
2873 4943 2984 5014 (58)
3013 4943 3196 4998 αὐτῶν
3218 4958 3280 4994 τε
3310 4941 3407 4995 καὶ
3431 4939 3744 5011 Εενητείαν,

470 5045 852 5111 atilictionem,
911 5052 968 5100 et
995 5053 1204 5100 metum
1251 5061 1317 5101 ac
1358 5053 1628 5101 terrorem
1669 5046 1864 5102 mortis
1897 5061 2062 5118 quem

476 5153 576 5193 rex
610 5137 963 5210 Assyriorum
1004 5138 1337 5205 incutiebat,
1378 5147 1436 5194 et
1473 5139 1852 5211 captivitatem
1910 5141 2060 5212 ipso-

479 5244 628 5294 rum,
675 5237 732 5284 et
762 5228 1301 5299 peregrinationem,
1335 5245 1503 5300 quam
1553 5231 1757 5302 captivi
1805 5231 1860 5286 in
1912 5239 2062 5287 terra

477 5320 664 5377 aliena
709 5321 1099 5378 sustinuerunt
1143 5332 1390 5394 egentes,
1451 5325 1634 5379 lucem
1679 5322 2058 5395 castigationis

481 5411 1070 5481 sive‘emendationis,
1121 5431 1246 5487 quae
1289 5418 1607 5473 necessario
1645 5418 1865 5473 interna
1889 5417 2059 5472 absu-

484 5503 609 5572 mit,
651 5505 863 5587 lropice
900 5505 1252 5577 signiﬁcavit.
1303 5507 1594 5579 Siquidem
1631 5508 1689 5565 in
1751 5517 1898 5564 terra
1935 5521 2059 5574 sua,

555 5622 605 5658 ⁸³
631 5625 736 5681 lsa.
762 5642 820 5694 x,
861 5627 948 5684 15.
1023 5628 1073 5662 ⁸⁸
1111 5628 1246 5684 ibid.
1282 5629 1387 5695 i6,
1431 5627 1520 5683 i7.

2165 5043 2235 5115 ἢν
2256 5037 2809 5112 αἰχμαλωτισθέντες,
2832 5035 2928 5090 καὶ
2944 5035 3003 5088 ἐν
3024 5037 3096 5105 γῇ
3123 5033 3386 5107 ἀλλοτρίᾳ
3421 5032 3594 5098 ὄντες,
3637 5032 3747 5086 ὑπ-

2167 5133 2364 5206 έμενόν
2383 5149 2443 5186 τε
2468 5131 2742 5203 δεόμενοι,
2777 5128 2892 5198 φῶς
2917 5125 3301 5197 σωφρονισμοῦ
3332 5125 3394 5178 τὸ
3414 5125 3472 5192 ἐξ
3496 5125 3749 5195 ἀνάγκης

2166 5226 2346 5282 ἐσθίον
2367 5226 2434 5280 τὰ
2463 5223 2712 5279 ἐνδόσθια
2727 5219 3009 5293 τροπικῶς
3031 5218 3279 5291 ᾐνίξατο.
3309 5217 3532 5289 Ἐπειδὴ
3555 5217 3665 5289 γὰρ
3688 5218 3749 5271 ἐν

2165 5320 2233 5390 τῇ
2254 5320 2326 5390 γῇ
2353 5316 2461 5386 ἰδίᾳ
2486 5317 2543 5368 ἐν
2574 5311 2883 5368 ἀναπαύσει
2914 5309 3353 5382 χρηματίζοντες
3379 5309 3747 5372 ἐσκοτίζοντο,

2167 5410 2263 5463 καὶ
2290 5405 2464 5470 ἀδεῶς
2493 5403 2870 5477 ἐξημάρτανον
2889 5420 2904 5432 ο
2937 5400 3030 5455 διὰ
3051 5400 3212 5455 τοῦτο
3252 5400 3536 5472 ἐξήγειρεν
3563 5400 3592 5452 6
3616 5399 3752 5462 Θεδς

2168 5502 2262 5558 τὸν
2319 5499 2547 5574 βασιλέα
2597 5498 2708 5552 τῶν
2751 5495 3078 5566 ’Δσσυρίων,
3134 5495 3230 5549 καὶ
3275 5493 3751 5566 στρατοπεδεύσας

2004 5717 2211 5778 NOTAE
2222 5761 2236 5776 .

563 5815 677 5884 (36)
708 5817 811 5871 Διὰ
851 5817 934 5870 τό.
961 5816 1151 5874 Scribe
1177 5817 1266 5873 διὰ
1291 5817 1405 5874 τοῦ.
1433 5818 1641 5874 (ἰυιοκ.

563 5885 678 5960 (37)
713 5886 1017 5960 Συνήσῃς.
1052 5889 1216 5946 Forte
1282 5891 1472 5961 συνῇς.
1517 5889 1593 5944 Ιι).

2253 5813 2366 5886 (38)
2429 5808 2750 5866 Ἀ.ἰωσίαν.
2789 5804 2954 5862 Forte
2980 5803 3181 5861 ἅλωσιν
3220 5818 3304 5860 vei
3350 5797 3754 5874 αἰχμαλωσίαν.
