4094 6552
348 461 455 527 737

1294 456 1764 520 DISPUTATIO
1801 406 1964 519 CUM
2000 457 2367 519 IIERBANO
2403 460 2691 523 JUDz‘EO.

3521 469 3631 532 738

352 571 631 646 παρέλαϐε
671 571 772 643 τὴν
811 569 1193 641 Ἰερουσαλὴμ,
1226 571 1367 640 μετά
1399 570 1500 641 τὴν
1543 568 1806 640 τελευτὴν
1837 568 1936 639 βα-

2047 571 2102 624 in
2157 571 2351 641 requie
2380 587 2507 627 cum
2552 582 2763 637 essent,
2807 574 3345 644 obtenebrabantur,
3378 588 3435 635 et
3464 577 3641 636 intre-

351 666 548 728 σιλέως
581 663 871 733 Μανασσῆ,
916 663 1011 717 καὶ
1044 663 1225 734 ἀπῆρε
1282 662 1374 715 τὸν
1420 662 1553 715 λαὸν
1602 662 1661 714 ἐν
1688 664 1759 731 γῇ
1792 661 1942 715 Χαλ-

349 758 539 822 δαίων,
574 757 671 811 καὶ
696 755 1024 827 κατῴκησεν
1049 755 1216 809 αὐτὸν
1241 756 1445 821 ἐκεῖσε,
1470 755 1559 809 ῐνα
1580 753 1728 826 οὓςή
1755 753 1943 816 ἄνεσις

351 852 449 908 καὶ
477 853 513 923 ή
561 850 701 922 μέθη
745 851 841 909 καὶ
874 851 908 920 ἡ
958 848 1214 919 σπατάλη
1245 846 1496 912 ἐσκότιζε
1517 886 1534 912 ,
1583 848 1679 901 καὶ
1708 847 1819 900 τῶν
1844 844 1940 901 τοῦ

351 942 491 996 Θεοῦ
538 942 986 1013 προσταγμάτων
1030 939 1256 1008 ἀμελεῖν
1289 938 1385 993 καὶ
1415 938 1709 992 ἐκπίπτειν
1742 936 1941 1001 ἐποίει,

350 1035 565 1098 τούτοις
589 1035 623 1104 ή
666 1032 811 1101 λύπη
842 1033 939 1085 καλ⁸
978 1034 1011 1104 ή
1042 1031 1394 1103 ταλαιπωρία
1414 1070 1429 1095 ,
1458 1029 1557 1083 καὶ
1583 1031 1618 1099 ή
1646 1031 1705 1083 ἐν
1733 1032 1804 1100 γῇ
1843 1029 1942 1084 άλ-

351 1126 544 1197 λοτρίᾳ
571 1124 866 1196 διατριϐὴ,
919 1124 1290 1178 κατεσθίουσα
1340 1123 1417 1186 ὡς
1457 1122 1570 1194 πῦρ
1626 1123 1940 1192 καιόμενον,

353 1219 568 1290 φωτίσῃ
611 1217 702 1272 τὸν
742 1215 891 1272 νοῦν.
954 1217 1067 1269 Καὶ
1120 1216 1223 1287 ὅρα
1277 1215 1371 1269 τὸν
1414 1212 1718 1284 Μανασσὴν
1745 1254 1760 1277 ,
1794 1213 1944 1275 ὅπως

354 1310 623 1381 ἐφώτισεν
649 1310 866 1380 αὐτὺνὴ
895 1308 1172 1379 ἀπαγωγὴ
1196 1310 1299 1380 τῆς
1327 1307 1735 1378 αἰχμαλωσίας.
1771 1305 1943 1359 Ἐκεῖ-

354 1400 447 1454 θεν
477 1400 587 1473 γάρ
617 1400 933 1466 διασωθεὶς,
960 1401 1057 1454 καὶ
1087 1400 1395 1470 μεταγνοὺς
1423 1393 1582 1469 εὗρεν
1613 1398 1761 1460 ἔλεος
1785 1397 1942 1468 παρά

352 1493 581 1565 Κυρίου.
611 1493 749 1564 Περὶ
782 1492 972 1545 τούτου
1015 1489 1111 1545 τοῦ
1140 1488 1348 1544 σκοποῦ
1384 1489 1585 1553 τοίνυν,
1625 1482 1672 1541 ὦ
1716 1486 1940 1557 Ἑρϐάν,

352 1586 446 1639 τδν
469 1584 629 1654 λόγον
669 1587 697 1639 ὁ
743 1584 1032 1655 προφήτης
1084 1582 1310 1654 ᾐνίξατο
1334 1620 1350 1645 ,
1392 1583 1477 1635 ὅτι
1508 1580 1787 1635 ἔσται’τὸ
1815 1580 1944 1649 φῶς

353 1676 462 1732 τοῦ
514 1676 766 1745 Ἰσραὴλ
805 1677 886 1741 ὡς
918 1674 1059 1744 πῦρ,
1093 1675 1194 1729 καί
1219 1674 1457 1745 ἁγιάσει
1497 1673 1706 1739 αὐτὸν,
1769 1671 1799 1726 ὃ
1848 1673 1943 1726 καὶ

353 1770 597 1838 γέγονεν·
628 1769 724 1822 καὶ
745 1768 814 1822 τά
838 1768 986 1836 ἐξῆς.
1014 1768 1153 1837 Περὶ
1180 1767 1239 1821 δὲ
1268 1766 1364 1820 τοῦ
1388 1764 1944 1836 αίχμαλωτεύσαντος

355 1858 517 1911 αὐτὸν
540 1856 827 1928 βασιλέως,
860 1856 978 1911 ἀνθ’
1004 1858 1131 1910 ὅσον
1150 1857 1395 1927 ἐπήρθη,
1420 1857 1517 1910 καὶ
1536 1858 1637 1909 οὐκ
1659 1855 1943 1922 ἐλογίσατο

2049 661 2180 731 pide
2217 662 2546 731 peccahant.
2594 666 2898 735 Propterea
2947 667 3094 722 Deus
3135 671 3401 727 excitavit
3454 690 3641 745 regem

2049 753 2431 825 Assyriorum,
2497 755 2595 826 qui
2648 765 3079 815 castrametatus
3128 761 3436 819 Jerusalem
3496 769 3645 838 cepit

2049 854 2174 914 post
2214 852 2451 901 mortem
2502 846 2651 917 regis
2690 847 2977 915 Manassae,
3012 859 3070 904 et
3120 852 3349 907 abduxit
3375 857 3641 923 populum

2049 937 2106 992 in
2156 945 2357 993 terram
2405 938 2828 1007 Chaldaeorum,
2891 950 2948 997 et
2995 943 3110 999 illic
3157 945 3408 1003 habitare
3460 948 3642 1018 ipsum

2047 1025 2183 1082 fecit
2213 1045 2227 1081 :
2260 1038 2321 1084 ut
2356 1044 2498 1099 quos
2532 1031 2781 1095 licentia.
2828 1035 3080 1104 crapula,
3132 1037 3398 1104 ebrietas,
3454 1040 3639 1107 luxus,

2049 1116 2265 1173 delicia:
2308 1120 2777 1187 obtenebrahant,
2815 1132 2873 1179 et
2918 1126 3015 1181 Dei
3061 1128 3321 1183 mandata
3362 1132 3641 1203 negligere

2048 1218 2106 1262 et
2158 1209 2408 1266 oblivisci
2476 1219 2535 1267 et
2588 1214 2657 1267 ab
2704 1214 2793 1270 his
2849 1218 3110 1274 excidere
3175 1220 3492 1288 faciebant,
3553 1225 3641 1279 his

2048 1300 2231 1365 dolor,
2288 1305 2547 1374 angustia
2595 1315 2653 1361 et
2700 1308 3007 1377 calamitas,
3045 1319 3103 1366 et
3159 1312 3215 1367 in
3266 1322 3411 1370 terra
3460 1316 3641 1371 aliena

2048 1394 2397 1449 conversatio
2431 1404 2488 1449 et
2513 1398 2733 1452 vexatio
2798 1400 3045 1455 exedens
3070 1403 3223 1458 velut
3256 1404 3397 1475 ignis
3417 1406 3636 1473 ardens,

2048 1494 2291 1540 mentem
2334 1488 2687 1544 accenderet.
2745 1489 2892 1557 Quin
2924 1493 3091 1547 etiam
3120 1495 3249 1549 vide
3303 1496 3635 1564 Manassem,

2048 1576 2331 1645 quomodo
2381 1578 2563 1648 ipsum
2609 1579 2668 1634 in
2708 1581 3091 1651 captivitatem
3131 1584 3395 1642 abductio
3436 1589 3641 1644 illumi-

2047 1668 2225 1723 navit.
2270 1669 2429 1725 llline
2456 1671 2605 1725 enim
2655 1682 3021 1729 conservatus
3050 1684 3108 1731 et
3147 1678 3501 1747 resipiscens,
3532 1683 3639 1735 mi-

2048 1760 2409 1817 sericordiam
2429 1764 2577 1833 apud
2607 1764 2905 1820 Dominum
2944 1767 3278 1823 invenit.Ad
3304 1771 3452 1826 hunc
3470 1773 3639 1843 igitur

2049 1866 2300 1923 scopum,
2338 1870 2371 1909 ο
2408 1855 2688 1921 Herbane,
2723 1858 2994 1927 propheta
3036 1860 3280 1925 intuens,
3311 1864 3638 1921 vaticinium

351 1948 415 2000 τὸ
448 1948 556 2000 πᾶν
581 1945 660 2017 τῷ
701 1945 841 2017 Θεῷ,
875 1946 990 1999 ἀλλ’
1023 1945 1216 2017 ὑψώθη
1260 1948 1329 2017 τῇ
1363 1945 1582 2016 καρδίᾳ,
1620 1946 1939 2015 ἀποφαίνων

2047 1943 2296 2010 protulit,
2345 1945 2495 2014 quod
2549 1947 2647 2000 erit
2696 1946 2787 2001 lux
2816 1947 3037 2003 Israelis
3070 1952 3206 2004 sicut
3243 1954 3401 2023 ignis,
3433 1963 3484 2008 et
3508 1973 3638 2010 sau-

354 2038 477 2093 κατ’
506 2038 672 2092 αὑτοῦ
694 2040 721 2091 ὁ
750 2039 903 2102 Θεὸς,
928 2039 1066 2109 φησὶ
1095 2038 1185 2091 διὰ
1229 2038 1325 2090 τοῦ
1354 2037 1665 2107 προφήτουο
1694 2036 1772 2104 Τῇ
1802 2037 1945 2105 ὴμέ-

348 2145 430 2197 ρᾳ
458 2128 664 2201 ἐκείνῃ
692 2128 1225 2198 ἁποσϐεσθήσεται
1241 2129 1314 2184 τὰ
1335 2129 1465 2197 ὄρη,
1486 2128 1586 2182 καί
1618 2130 1670 2182 οἱ
1697 2128 1940 2193 βουνοί,

356 2221 455 2275 καί
502 2224 556 2275 oi
592 2220 829 2291 δρυμοί,
857 2221 957 2276 καί
987 2220 1392 2290 καταφάγεται
1442 2220 1561 2275 ἀπὸ
1590 2219 1799 2289 ψυχῆς
1832 2220 1943 2287 ἕως

354 2308 621 2379 σαρκῶν.
669 2309 778 2364 Καὶ
807 2310 982 2363 ἔσται
1040 2311 1074 2363 ὀ
1118 2310 1391 2378 φεύγων,
1443 2309 1523 2375 ὡς
1555 2308 1676 2363 ἀπὸ
1713 2308 1943 2379 φλογὸς

355 2401 713 2472 καιομένης·
786 2402 887 2455 καί
930 2404 986 2455 οὶ
1032 2400 1535 2470 καταλειφθέντες
1591 2401 1693 2455 ἀπ’
1743 2401 1942 2458 αὐτῶν

355 2496 601 2550 ἔσονται
636 2494 914 2565 ἀριθμὸς,
951 2493 1052 2548 καί
1087 2494 1334 2547 παιδίον
1358 2495 1580 2562 μικρὸν
1602 2492 1819 2562 γράψει
1843 2495 1941 2547 αὐ

355 2585 661 2653 τούς-,Τίνα
678 2581 773 2639 οὖν
799 2586 909 2637 είσι
931 2583 1002 2637 τὰ
1030 2584 1156 2655 ὅρη,
1176 2583 1211 2637 ἀ
1229 2583 1375 2652 λέγει
1398 2581 1828 2653 ἀποσϐεσθῆναι,
1846 2586 1942 2636 καὶ

355 2680 406 2731 οἱ
426 2677 605 2749 βουνοὶ
625 2676 721 2732 καὶ
750 2678 799 2731 οί
824 2676 1056 2748 δρυμοὶ,
1087 2675 1180 2740 οὓς
1216 2676 1598 2745 καταφάγεται
1628 2676 1738 2730 ἀπὸ
1762 2675 1941 2746 ψυχῆς

356 2771 464 2834 ἕως
504 2770 763 2843 σαρκῶν;
814 2770 1061 2841 Πρόσεχε
1090 2768 1354 2840 ἀκριϐῶς.
1387 2768 1468 2821 Τά
1495 2768 1620 2839 ὅρη,
1657 2768 1940 2837 ἐμφαίνων

357 2863 485 2926 τοὺς
513 2862 781 2934 μεγάλους
819 2862 949 2926 τοὺς
1001 2862 1294 2933 σατράπας
1331 2861 1441 2913 τῶν
1483 2858 1812 2930 Ἀσσυρίων,
1842 2859 1941 2913 καὶ

362 2954 586 3025 βουνοὺς
608 2954 866 3023 είσάγων,
890 2954 1021 3025 περὶ
1050 2954 1159 3007 τῶν
1189 2952 1633 3023 καταδεεστέρων
1662 2952 1941 3023 ἀρχόντων

358 3048 530 3116 λέγει.
582 3047 836 3119 Δρυμοὺς
868 3046 947 3112 δὲ,
984 3044 1315 3117 παραδηλῶν
1358 3045 1418 3097 τὸ
1464 3044 1656 3115 ἄγριον
1705 3045 1807 3113 τῆς
1841 3042 1941 3112 φύ-

361 3155 500 3201 σεως
527 3137 706 3192 αὐτῶν
741 3137 1026 3209 ἐμφαίνει,
1072 3136 1168 3191 καὶ
1212 3137 1274 3190 τὸ
1321 3135 1604 3206 ἀλλότριον
1634 3134 1731 3188 τοῦ
1770 3151 1937 3188 πνευ-

364 3228 596 3298 ματικοῦ
644 3228 885 3301 καρποῦ.
938 3228 1179 3292 Βάλανος
1225 3227 1336 3299 γὰρ
1369 3227 1572 3299 χοίρων
1610 3228 1810 3299 τροφὴ,
1845 3226 1940 3281 καὶ

2049 2032 2300 2101 ctiﬁcabit
2329 2037 2501 2106 ipsum
2529 2037 2719 2107 :quod
2746 2038 2954 2095 factum
2989 2048 3096 2105 est,
3131 2050 3239 2096 etc.
3273 2044 3348 2098 De
3379 2060 3507 2116 rege
3537 2062 3637 2100 au-

2051 2131 2161 2177 tem
2204 2125 2301 2193 qui
2338 2125 2519 2194 ipsum
2568 2128 2849 2197 captivum
2901 2129 3232 2196 abduxerat,
3286 2134 3416 2203 quia
3462 2136 3639 2191 elatus

2048 2222 2154 2274 est.
2190 2231 2371 2286 neque
2400 2218 2671 2288 quidquid
2720 2229 2860 2283 erat,
2895 2222 2992 2277 Dei
3041 2238 3163 2278 esse
3201 2224 3406 2279 factum
3443 2227 3638 2282 existi-

2047 2304 2241 2369 mavit,
2288 2306 2384 2361 sed
2411 2308 2579 2363 corde
2630 2319 2687 2364 et
2714 2310 2903 2364 animo
2950 2312 3249 2381 superbiit,
3299 2318 3637 2373 sententiam

2048 2396 2419 2465 pronuntians
2464 2398 2735 2455 adversus
2772 2400 2956 2469 ipsum
2999 2402 3146 2457 Deus
3195 2403 3334 2457 dicit
3370 2420 3469 2474 per
3504 2420 3640 2475 pro-

2047 2488 2272 2558 phetam
2306 2506 2319 2543 :
2354 2489 2420 2545 In
2458 2490 2556 2545 illa
2603 2492 2687 2545 die
2712 2494 3121 2565 exstinguentur
3164 2505 3366 2550 montes
3396 2507 3445 2549 et
3482 2497 3638 2552 colles

2047 2588 2097 2632 et
2132 2596 2335 2647 vepres,
2373 2590 2423 2634 et
2457 2584 2805 2639 absumentur
2836 2586 2901 2640 ab
2926 2587 3108 2641 anima
3142 2604 3305 2658 usque
3333 2589 3403 2642 ad
3428 2607 3635 2644 carnes.

2047 2669 2117 2724 Et
2154 2673 2255 2725 erit
2278 2676 2369 2743 qui
2418 2674 2571 2744 fugit,
2594 2686 2652 2728 ut
2686 2694 2718 2730 α
2741 2679 2965 2747 ﬂamma
2999 2678 3263 2732 ardente:
3293 2688 3342 2732 et
3376 2680 3543 2734 relicti
3573 2682 3639 2735 ab

2046 2764 2173 2834 ipsis
2223 2775 2375 2819 erunt
2421 2784 2692 2831 numerus,
2745 2778 2795 2821 et
2851 2768 3105 2837 parvulus
3173 2772 3323 2841 pusio
3377 2772 3635 2825 describet

2047 2855 2188 2924 ipsos
2232 2858 2300 2909 ".
2349 2856 2587 2923 Quinam
2627 2868 2759 2913 sunt
2804 2869 3043 2926 montes,
3094 2878 3237 2932 quos
3265 2863 3637 2919 dicitexstin-

2048 2955 2197 3001 ctum
2220 2947 2285 3000 iri
2306 2947 2445 3014 ?Qui
2471 2949 2644 3004 colles
2670 2960 2726 3006 et
2749 2961 2934 3006 sentes
2953 2968 3093 3024 quas
3118 2954 3382 3009 absumet
3418 2955 3640 3011 flamma

2046 3037 2116 3093 ab
2150 3038 2335 3093 anima
2370 3056 2545 3110 usque
2577 3041 2646 3096 ad
2682 3044 2923 3097 carnes?
2966 3044 3190 3098 Attente
3239 3046 3393 3108 audi.
3430 3055 3487 3102 et
3516 3048 3639 3102 di",

2046 3140 2243 3201 genter
2267 3131 2533 3203 intelligo.
2569 3133 2675 3188 Per
2706 3144 2929 3190 montes
2965 3136 3089 3191 illos
3124 3153 3351 3207 magnos
3386 3148 3636 3210 satrapas

2045 3223 2396 3295 Assyriorum
2437 3225 2649 3281 indicat
2685 3244 2697 3280 :
2740 3228 2911 3282 colles
2956 3228 3323 3300 subjungens,
3367 3230 3437 3285 de
3494 3231 3636 3287 infe-

358 3322 429 3375 τὰ
456 3323 565 3375 τῶν
588 3320 935 3393 ἁμαρτωλῶν
974 3320 1145 3391 ἔργα,
1175 3319 1352 3389 τροφὴ
1382 3318 1677 3389 δαιμόνων.
1712 3318 1787 3371 Τὸ
1827 3318 1937 3371 πᾶν

2047 3315 2288 3372 rioribus
2324 3318 2737 3388 magistratibus
2781 3319 2937 3374 dicit.
2989 3320 3201 3391 Vepres
3253 3322 3371 3377 sive
3432 3324 3635 3380 dumos

359 3414 471 3486 γὰρ
496 3413 649 3477 ἔθνος
678 3414 787 3467 τῶν
822 3413 1129 3484 Ἀσσυρίων
1157 3411 1406 3484 ᾐνίξατο,
1442 3409 1636 3477 εἰπὼν,
1665 3410 1813 3481 Ὀρη
1841 3409 1943 3463 καί

354 3508 630 3573 βουνοὺς
662 3505 763 3560 καί
790 3504 1086 3575 δρυμούς·
1119 3503 1196 3567 ὡς
1232 3502 1356 3575 μηδ’
1395 3501 1478 3555 ἐνὶ
1510 3500 1712 3571 καρπῷ
1752 3499 1942 3569 ἀγαθῷ

368 3596 721 3668 ἐπιτηδείους
744 3596 928 3660 ὄντας,
948 3594 1065 3649 ἀλλ’
1088 3594 1122 3666 ἢ
1150 3591 1449 3664 ἁμαρτίας,
1472 3593 1570 3645 καὶ
1601 3591 1782 3661 μόνον,
1800 3590 1943 3644 καθά

362 3689 582 3762 εἴρηκα,
615 3687 1129 3760 καρποφοροῦντας,
1152 3689 1232 3750 είς
1256 3685 1510 3756 βάλανον,
1546 3684 1606 3749 ἐξ
1636 3678 1704 3754 ἧς
1728 3683 1942 3736 ἐσθίου-

365 3798 451 3835 σιν
483 3782 532 3833 οί
554 3783 747 3852 χοῖροι,
779 3782 856 3844 ὡς
883 3780 1143 3850 δαίμονες
1168 3778 1301 3850 (59).
1339 3776 1414 3831 Οὐ
1453 3776 1615 3847 μόνον
1637 3776 1695 3829 δέ
1720 3775 1941 3844 φάσκει,

361 3876 446 3928 ὅτι
476 3875 528 3929 οἱ
556 3874 782 3945 μεγάλοι
806 3874 901 3928 καὶ
924 3874 974 3927 oi
1001 3873 1210 3942 ἐντιμοι
1240 3868 1776 3940 καταφθαρήσονται,
1807 3866 1944 3920 ἀλλὰ

363 3968 461 4024 καὶ
506 3968 657 4020 πᾶσα
686 3968 721 4037 ή
758 3965 901 4037 φυλὴ
942 3964 1143 4019 αὐτῶν.
1189 3961 1359 4024 Μόλις
1391 3960 1449 4014 δέ
1482 3977 1583 4014 που
1630 3959 1801 4028 ὀλίγοι
1829 3959 1946 4013 δια-

366 4058 727 4131 σωθήσονται,
779 4058 875 4111 καὶ
917 4055 1174 4110 τοσοῦτον
1220 4054 1417 4123 ὀλίγοι,
1454 4051 1831 4107 ὄτι.παιδίον
1849 4068 1944 4120 ιιι·

362 4152 534 4221 κρὸν,
557 4153 711 4223 φησὶ,
747 4151 962 4221 γράψει
997 4149 1244 4215 αὐτοὺς,
1276 4146 1420 4201 τοῦτ’
1444 4145 1612 4209 ἐστιν,
1649 4146 1708 4198 ἐν
1737 4144 1946 4197 εὐτελεῖ

362 4247 513 4316 τόπῳ
540 4244 649 4297 τινὶ
675 4242 876 4313 πεδινῷ
906 4241 1341 4313 εὐπερίγραπτοι
1372 4238 1615 4291 ἐσονται.
1639 4236 1704 4290 Oi
1741 4236 1800 4289 δὲ
1829 4236 1945 4289 λοιο

365 4338 457 4391 ποὶ
490 4335 611 4391 ἀπὸ
636 4334 849 4405 ψυχῆς
886 4333 1000 4399 ἕως
1038 4332 1304 4401 σαρκῶν,
1350 4332 1523 4402 ήγουν
1552 4330 1661 4383 ἀπὸ
1691 4329 1810 4393 ἐνὸς
1838 4328 1946 4393 ἕως

365 4428 600 4491 πολλῶν,
633 4430 712 4490 είς
744 4425 1024 4480 ἀπώλειαν
1046 4425 1382 4497 χωρήσουσι,
1421 4422 1515 4476 τὸν
1546 4422 1780 4492 ψυχικὸν
1808 4421 1944 4491 ὁμοῦ

363 4522 462 4575 καὶ
501 4519 816 4590 σωματικὸν
848 4518 1144 4589 θνήξαντες
1176 4517 1431 4570 θάνατον.
1466 4515 1530 4568 Οἱ
1563 4515 1619 4568 δὲ
1657 4512 1945 4568 διασωθέν·

2044 3407 2271 3473 addens,
2295 3420 2484 3478 aperte
2519 3419 2729 3466 natura:
2758 3411 3005 3481 ipsorum
3044 3413 3327 3470 feritatem
3361 3416 3631 3482 ostendit,

2042 3508 2101 3556 et
2122 3501 2512 3557 alienationem
2554 3518 2585 3557 a
2611 3502 2795 3559 fructu
2818 3504 3077 3574 spiritali.
3128 3506 3297 3562 Glans
3328 3508 3475 3562 enim
3502 3524 3633 3578 por-

2043 3607 2237 3648 corum
2275 3604 2360 3648 est
2403 3595 2689 3663 pabulum,
2723 3604 2780 3650 et
2807 3596 3163 3666 peccatorum
3216 3614 3383 3668 opera
3432 3600 3637 3656 daemo-

2044 3700 2176 3737 num
2217 3694 2346 3739 sunt
2368 3686 2647 3741 alimenta.
2675 3686 3004 3743 Universam
3032 3692 3379 3761 Assyriorum
3411 3703 3633 3764 gentem

2043 3776 2388 3846 aenigmatice
2420 3778 2776 3847 significavit,
2820 3796 2944 3835 cum
2993 3781 3133 3835 dixit
3162 3800 3174 3836 :
3203 3784 3435 3849 Montes,
3470 3786 3635 3859 644

2045 3864 2204 3918 colles
2243 3874 2292 3919 et
2324 3882 2534 3934 vepres;
2589 3876 2651 3923 ut
2679 3868 2775 3938 qui
2805 3871 2942 3924 nulli
2976 3870 3125 3925 bono
3162 3882 3221 3927 et
3268 3874 3392 3928 utili
3426 3874 3633 3931 fructui

2045 3968 2232 4013 essent
2268 3958 2455 4014 idonei
2499 3968 2867 4032 prmterquam
2903 3972 3154 4033 peccato,
3189 3975 3245 4020 et
3302 3967 3480 4021 solum
3513 3969 3633 4024 fru-

2048 4058 2223 4112 clum,
2280 4059 2341 4105 ut
2382 4051 2521 4118 dixi,
2567 4053 2821 4123 glandem
2877 4055 3259 4124 producerent
3309 4072 3417 4127 qua
3480 4061 3633 4130 porci

2044 4152 2367 4209 vescuntur,
2403 4153 2466 4199 ut
2492 4145 2771 4200 daemones
2821 4148 3085 4215 peccatis.
3127 4148 3242 4205 Nec
3268 4152 3445 4204 solum
3473 4152 3631 4217 dicit,

2046 4235 2195 4305 quod
2244 4241 2429 4307 magni
2468 4246 2526 4292 et
2554 4238 2691 4292 clari
2731 4247 2788 4293 et
2814 4239 3070 4295 honorati
3113 4252 3543 4313 corrumpentur
3570 4261 3635 4301 ac

2047 4332 2338 4401 peribunt,
2393 4333 2489 4387 sed
2539 4342 2596 4387 et
2638 4334 2896 4389 universa
2962 4336 3141 4391 tribus
3206 4337 3474 4406 ipsorum.
3533 4339 3634 4393 Vix

2046 4424 2198 4479 enim
2231 4426 2392 4495 pauci
2440 4427 2945 4493 conservabuntur,
2982 4438 3038 4483 et
3072 4437 3177 4483 tam
3210 4431 3391 4494 pauci,
3420 4439 3478 4483 ut
3509 4448 3636 4501 par-

2048 4517 2201 4572 vulus
2247 4521 2419 4588 pusio,
2457 4519 2557 4583 ait,
2588 4522 2734 4590 ipsos
2760 4521 3020 4575 describat
3050 4538 3067 4575 :
3099 4522 3152 4575 id
3201 4531 3307 4587 est,
3352 4525 3405 4576 in
3434 4525 3633 4593 exiguo

363 4631 457 4677 τες
499 4612 733 4675 εὐτελεῖς
770 4612 990 4675 ἐκεῖνοι,
1018 4609 1093 4672 ὡς
1118 4607 1229 4662 ἀπὸ
1256 4606 1457 4677 φλογὸς
1482 4605 1802 4704 καιομένης,
1835 4622 1941 4704 φη.

2050 4609 2173 4664 loco
2197 4610 2435 4679 quodam
2462 4612 2758 4681 campestri
2781 4612 2942 4667 facile
2972 4613 3380 4667 describentur.
3411 4614 3631 4684 Reliqui

368 4707 494 4768 o‘tv,
540 4704 755 4757 ἔσονται
819 4700 1229 4771 διαφεύγοντες.
1293 4698 1406 4753 Καὶ
1454 4697 1539 4749 ὅτι
1596 4694 1770 4748 ταῦτα
1820 4696 1979 4758 τοὺς·

378 4793 719 4864 Ἀσσυρίους,
759 4792 844 4861 ἐφ’
872 4784 917 4859 ᾧ
948 4788 1302 4859 ἐπεχάρησαν
1339 4790 1406 4856 τῇ
1441 4786 1649 4839 πτώσει
1676 4786 1787 4839 τῶν
1823 4787 1952 4839 Ἰου-

366 4886 555 4947 δαίων,
587 4884 681 4938 καὶ
708 4884 1050 4956 ἐπήρθησαν,
1099 4879 1371 4936 κατέλαϐε
1424 4879 1562 4949 μετά
1604 4876 1780 4931 ταῦτα
1802 4916 1818 4942 ,
1847 4877 1949 4930 οὐκ

368 4981 687 5052 ἀμάρτυρος
716 4981 745 5032 ὁ
781 4979 961 5047 λόγος.
994 4976 1254 5047 Πολέμων
1276 4973 1386 5045 γὰρ
1417 4972 1601 5036 αὐτοῖς
1630 4971 1947 5041 συνεχεστέ-

371 5090 482 5144 ρων
528 5071 682 5143 παρὰ
709 5071 808 5143 τῆς
833 5068 1114 5140 βασιλείας
1148 5066 1255 5121 τῶν
1282 5065 1483 5137 Μήδων
1523 5064 1945 5134 ἐπιγεγονότων,

368 5165 558 5219 ἅπασα
591 5165 624 5235 ή
657 5163 966 5234 εὐπρέπεια
999 5161 1180 5215 αὐτῶν
1206 5159 1397 5226 ϐλωλε,
1423 5158 1519 5213 καὶ
1547 5160 1581 5229 ή
1610 5156 1823 5228 μεγάλη
1853 5158 1949 5210 αὺ-

365 5258 446 5330 τῴ
474 5258 609 5330 τιμὴ
641 5259 722 5321 είς
761 5256 1148 5328 φοϐερωτάτην
1194 5251 1419 5325 ἀτιμίαν
1445 5252 1776 5322 κατήντησε,
1807 5250 1949 5305 κατά

366 5348 431 5402 τδ
492 5349 645 5420 ῥῆμα
696 5347 791 5402 τοῦ
828 5348 1135 5419 προφήτου.
1192 5345 1267 5398 Τὸ
1310 5344 1368 5398 δὲ
1435 5342 1800 5413 καταλειφθὲν
1850 5342 1946 5396 τοῦ

381 5439 602 5512 Ἰσραὴλ
638 5441 696 5494 ἐν
744 5441 865 5504 ταῖς
899 5440 1137 5510 ἡμέραις
1187 5435 1447 5500 ἐκείναις,
1477 5437 1538 5489 τὸ
1582 5434 1643 5488 ὃν
1686 5435 1745 5489 ἐν
1773 5436 1839 5506 τῇ
1875 5436 1945 5505 γῇ

367 5530 479 5585 τῶν
515 5533 860 5603 Ἀσσυρίων,
914 5533 1024 5586 ἀπὸ
1080 5531 1182 5599 τῆς
1227 5526 1675 5599 φρικωδεστάτης
1733 5526 1949 5596 ἐκείνης

369 5623 604 5695 ἀπειλῆς
636 5624 731 5677 τοῦ
765 5623 1232 5694 Παντοκράτορος,
1278 5616 1347 5692 ἧς
1392 5621 1643 5691 ἐπήγαγε
1690 5621 1757 5690 τῇ
1792 5617 1949 5688 βασι-

444 5740 491 5770 "
515 5738 618 5795 lsa.
652 5755 707 5805 χ,
728 5740 916 5795 17-19.

2051 4711 2260 4763 autem,
2305 4702 2369 4755 ab
2406 4703 2587 4756 anima
2633 4720 2799 4773 usque
2847 4704 2917 4757 ad
2950 4720 3157 4767 carnes,
3190 4720 3388 4773 nempe
3418 4705 3488 4759 ab
3521 4720 3633 4760 uno
3732 4718 3745 4735 ‘

2050 4794 2119 4848 ad
2150 4794 2377 4857 multos,
2405 4794 2460 4848 in
2487 4794 2775 4849 interitum
2809 4805 2865 4850 et
2896 4794 3125 4850 exitium
3158 4794 3407 4859 venient,
3435 4795 3633 4851 animae

2050 4884 2216 4940 simul
2257 4891 2315 4939 et
2357 4884 2611 4954 corporis
2669 4894 2901 4939 mortem
2949 4886 3237 4940 obeuntes.
3285 4884 3389 4951 Qui
3445 4893 3632 4941 autem

2050 4976 2361 5030 conservati
2412 4975 2596 5046 exigui
2635 4975 2735 5039 illi,
2789 4984 2850 5030 ut
2884 4992 2913 5030 a
2963 4976 3179 5030 ﬂamma
3212 4975 3460 5040 ardente,
3487 4974 3632 5031 εσυ-

2052 5067 2222 5139 gient.
2272 5068 2342 5122 Et
2378 5068 2525 5137 quod
2572 5068 2691 5122 haac
2743 5067 2998 5138 Assyrios
3046 5076 3237 5138 postea
3289 5070 3629 5135 invaserunt,

2054 5174 2123 5215 eo
2150 5159 2311 5229 'quod
2352 5159 2671 5214 Iudaeorum
2720 5160 3021 5213 calamitati
3071 5168 3130 5215 et
3182 5160 3490 5216 infortunio
3542 5161 3633 5216 in-

2050 5252 2393 5308 sultaverant
2418 5252 2623 5307 etelati
2648 5252 2894 5317 fuerunt,
2927 5253 3083 5308 testis
3105 5262 3189 5308 est
3214 5254 3467 5308 historia.
3494 5254 3629 5307 Nam

2050 5341 2212 5397 hellis
2238 5342 2369 5412 ipsis
2400 5342 2781 5397 crebrioribus
2816 5342 3367 5413 etfrequentioribus
3395 5359 3426 5398 a
3460 5357 3631 5413 regno

2050 5432 2334 5487 Medorum
2383 5431 2794 5503 ingruentibus,
2843 5432 3026 5488 omnis
3069 5433 3236 5488 decor
3277 5442 3333 5489 et
3382 5433 3632 5504 magnifi-

2050 5525 2234 5580 centia
2257 5539 2448 5579 eorum
2481 5525 2738 5595 deperiit,
2764 5535 2821 5581 et
2864 5526 3058 5597 ingens
3101 5526 3280 5582 honor
3314 5528 3369 5581 in
3400 5526 3632 5596 ignomi-

2053 5616 2203 5670 niam
2234 5622 2403 5685 atquc
2454 5615 2739 5671 infamiam
2774 5616 3262 5673 horribilissimam
3306 5617 3513 5673 decidit
3539 5633 3629 5673 se-

1887 5801 2119 5858 NOTAE.

446 5904 557 5974 ’59)
600 5904 692 5971 Ὧς
716 5904 1016 5975 δαίμονες.
1078 5900 1231 5957 Adde
1286 5901 1349 5954 ἐκ
1398 5899 1507 5955 τῶν
1552 5897 1860 5972 ἁμαρτιῶν.
1915 5896 2120 5954 GULON.
