4088 6542
525 454 633 517 739

1531 451 1601 509 S.
1635 446 2068 508 GREGENTII
2106 445 2344 507 EPISC.
2385 445 2915 508 TAPHARENSIS

3673 438 3778 501 ’Μθ

523 567 769 623 cundum
797 562 1028 619 verbum
1054 563 1364 635 prophetae.
1391 561 1552 629 Quod
1579 571 1767 616 autem
1799 561 1868 615 de
1901 561 2086 615 lsraek

2207 561 2328 632 λείᾳ
2364 559 2582 622 αὐτῶν,
2634 559 2819 614 οὐκέτι
2867 556 3303 630 προστεθήσεται
3361 553 3458 610 τοῦ
3502 537 3642 610 εἶναι
3676 555 3780 608 ὑπὸ

525 660 780 714 relictum
812 663 897 712 est
941 655 998 711 in
1050 656 1248 711 diebus
1292 654 1402 709 illis
1444 655 1500 708 in
1534 662 1679 708 terra
1724 652 2101 725 Assyriorum,

521 750 594 805 ab
617 750 706 804 illa
734 748 969 803 maxime
1006 747 1265 803 horrifica
1289 745 1716 801 comminatione
1739 744 2103 814 Omnipoten-

516 840 595 895 rtis
627 854 791 909 quam
824 853 996 909 regno
1042 837 1290 908 ipsorum
1331 836 1568 900 induxit,
1595 851 1706 889 non
1733 834 1971 904 amplius
2003 833 2102 888 ad—

517 931 691 1003 jiciet,
723 940 786 985 ut
827 930 939 985 sint
987 929 1091 985 sub
1131 945 1297 983 manu
1329 929 1574 998 ipsorum
1608 927 1664 982 in
1697 935 1807 981 tam
1843 927 2101 996 exiguum

520 1037 816 1077 numerum
865 1020 1242 1076 redactorum.
1281 1021 1350 1074 Et
1391 1019 1484 1089 qui
1541 1019 1851 1073 conservati
1891 1018 2102 1073 fuerint

519 1129 590 1170 ex
615 1115 782 1169 Jacob
808 1129 839 1168 a
863 1121 1010 1167 terra
1040 1113 1394 1184 Assyriorum
1416 1120 1473 1166 et
1510 1111 1565 1165 in
1603 1111 1845 1166 Judzeam
1872 1109 2099 1176 reversi,

521 1204 742 1259 liberati
779 1204 869 1258 illa
911 1202 1064 1274 gravi
1105 1201 1451 1272 captivitate,
1499 1215 1611 1255 non
1649 1201 1887 1270 amplius
1929 1199 2102 1256 conti-

521 1295 656 1352 dent
697 1295 766 1350 iis
810 1311 840 1350 a
890 1295 1097 1365 quibus
1155 1293 1414 1364 injuriam
1465 1301 1849 1362 acceperunt,
1899 1305 1954 1347 et
2004 1291 2099 1360 qui

521 1387 773 1456 captivos
802 1387 858 1440 in
887 1401 1044 1441 suam
1078 1393 1278 1440 terram
1309 1383 1684 1449 abduxerant;
1719 1383 1813 1438 sed
1851 1384 2101 1438 nitentur

519 1484 580 1529 et
622 1474 878 1530 fiduciam
931 1474 1220 1528 habebunt
1251 1473 1308 1527 in
1355 1473 1590 1527 Domino
1627 1472 1831 1528 Sancto
1860 1473 2096 1538 Israelis,

519 1565 666 1635 quia
690 1565 1010 1634 captivitate
1035 1571 1093 1618 et
1112 1564 1382 1619 servitute
1415 1562 1719 1627 revocavit,
1756 1570 1811 1616 et
1838 1562 2099 1617 liberatos

517 1672 585 1712 ac
631 1658 813 1711 salvos
870 1656 925 1710 in
973 1656 1254 1726 propriam
1304 1664 1506 1711 terram
1550 1654 1790 1710 reduxit.
1844 1655 2005 1720 Haec,
2064 1669 2098 1709 o

2203 650 2302 723 τὴν
2331 655 2490 722 χεῖρα
2528 650 2709 704 αὐτῶν
2741 648 2978 715 είσάπαξ
3004 647 3401 718 ὁλιγωθέντων.
3439 647 3554 701 Καὶ
3582 647 3632 698 οί
3668 645 3780 698 δια-

2207 743 2477 807 σωθέντες
2501 743 2597 796 τοῦ
2641 741 2842 796 ἰακὼσ
2872 741 2982 796 ἀπὸ
3020 743 3126 812 γῆς
3161 739 3488 809 Ἀσσυρίων,
3521 739 3618 792 καὶ
3641 736 3778 808 πρὸς

2202 835 2303 906 τὴν
2347 835 2606 890 Ἰουδαίαν
2645 835 3109 906 ἀναστρέψαντες,
3149 831 3520 904 λυτρωθέντες
3548 830 3648 900 τῆς
3672 830 3779 883 δει-

2203 929 2306 997 νῆς
2329 929 2546 998 ἐκείνης
2571 927 2967 999 αἰχμαλωσίας,
2988 927 3174 981 οὐκέτι
3205 923 3532 987 πεποιθότες
3563 922 3779 976 ἔσονται

2204 1018 2300 1073 ἐπὶ
2351 1021 2478 1083 τοὺς
2527 1020 2896 1090 ἀδικήσαντας
2947 1019 3148 1082 αὐτοὺς
3174 1057 3190 1083 ,
3242 1016 3338 1070 καὶ
3393 1013 3779 1086 αἰχμαλώτους

2201 1110 2527 1180 ἀπάραντας
2564 1110 2700 1182 πρὸς
2731 1109 2830 1182 τὴν
2865 1109 3004 1164 ίδίαν
3031 1111 3156 1179 γῆν,
3189 1107 3305 1162 ἀλλ’
3343 1107 3560 1160 ἔσονται
3585 1122 3781 1158 πεποιο

2203 1201 2355 1266 θότες
2397 1203 2491 1256 ἐπὶ
2523 1203 2727 1275 Κύριον
2743 1203 2834 1257 τὸν
2872 1203 3062 1272 Ἀγιον
3083 1201 3178 1256 τοῦ
3212 1199 3447 1274 Ἰσραὴλ,
3474 1199 3569 1253 τὸν
3594 1197 3658 1251 ὲκ
3680 1197 3780 1267 τῆς

2201 1294 2579 1364 οιίχμαλωσίας
2624 1296 3136 1366 ἀνακαλεσάμενον,
3175 1294 3268 1348 καὶ
3305 1294 3443 1364 πρὸς
3487 1292 3588 1358 τὴν
3641 1289 3778 1343 ίδίαν

2201 1387 2438 1458 πατρίδα
2483 1386 2863 1442 ἀνασώσαντα.
2914 1387 3122 1451 Ταῦτα,
3189 1381 3235 1441 ὦ
3273 1386 3462 1459 ὲρϐᾶν,
3491 1387 3525 1455 ὴ
3567 1382 3777 1452 ἀληθὴς

2201 1477 2488 1546 ἑρμηνεία
2517 1479 2618 1549 τῆς
2671 1478 3036 1550 προφητείας,
3069 1479 3191 1532 ἐπεὶ
3221 1477 3366 1548 ἅπερ
3396 1475 3558 1537 αὐτὸς
3596 1473 3778 1545 ἡρμή-

2200 1583 2420 1633 νευσας,
2456 1567 2658 1638 μᾶλλον
2682 1567 2742 1621 δὲ
2770 1567 3153 1638 ἑρμηνεύσεις,
3191 1565 3457 1638 γραώδεις
3491 1563 3647 1616 αῦθοι
3675 1577 3776 1613 πε-

2202 1657 2430 1726 φύκασι,
2471 1660 2638 1730 μηδὲν
2666 1659 3000 1729 ὠφελοῦντα.

519 1749 792 1814 Herbane,
820 1764 951 1804 vera
971 1757 1057 1803 est
1088 1748 1340 1803 vaticinii
1369 1749 1776 1818 interpretatio.
1807 1748 1943 1803 Nam
1977 1763 2100 1817 qua:
2140 1755 2196 1803 tu
2231 1751 2347 1822 ipse
2379 1751 2778 1824 interpretatus
2817 1769 2898 1820 es,
2958 1754 3072 1809 imo
3131 1767 3265 1808 vero
3295 1744 3775 1820 interpretaberis,

515 1841 693 1897 aniles
729 1849 862 1894 sunt
895 1839 1094 1895 fabula:
1132 1848 1188 1894 et
1225 1854 1384 1910 nugae
1422 1839 1670 1893 inutiles.

588 1931 795 1987 HERB.
822 1931 893 1987 Ut
923 1931 1104 1995 video,
1139 1931 1248 1984 alia
1291 1930 1346 1984 in
1387 1930 1548 1984 vobis
1578 1929 1870 1984 recondita
1895 1938 1983 1985 est
2006 1944 2086 1984 co-

2273 1929 2523 1985 EPBAN.
2553 1931 2750 1996 Καθὼς
2784 1933 2917 2003 ὁρῶ,
2935 1933 3100 2005 ἑτέρα
3131 1932 3337 2003 γνῶσις
3361 1934 3418 1986 ὲν
3444 1933 3575 1999 ὑμῖν
3594 1932 3778 2001 ἐγκειο

517 2023 714 2094 gnitio,
745 2022 853 2076 alia
878 2037 1011 2076 vero
1050 2021 1105 2074 in
1128 2022 1310 2076 nobis.
1335 2022 1506 2076 Decet
1535 2021 1702 2092 igitur
1729 2035 2102 2090 unumquem-

517 2129 628 2184 que
669 2129 783 2167 suae
829 2111 1138 2183 cognitioni
1182 2110 1346 2167 fidem
1385 2112 1618 2178 habere,
1667 2124 1726 2167 et
1771 2113 1829 2167 in
1869 2128 1934 2168 ea
1960 2128 2098 2168 con-

517 2205 825 2276 quiescere.

587 2296 644 2352 S.
678 2295 883 2351 ARCH.
910 2295 966 2350 Si
998 2304 1090 2350 tua
1119 2295 1365 2366 cognitio
1386 2311 1497 2349 non
1531 2305 1646 2349 tuta
1674 2305 1758 2349 est
1787 2309 1892 2348 nec
1917 2293 2092 2360 lirma,

516 2385 652 2456 quid
683 2385 782 2438 tibi
817 2393 1239 2463 controversum
1276 2383 1507 2454 prodest
1539 2384 1773 2439 vanitati
1803 2384 2092 2447 assidenti,

515 2487 682 2549 atque
715 2477 998 2532 illecebris
1040 2477 1304 2561 captiosis
1330 2487 1389 2532 et
1427 2477 1721 2532 fallacibus
1753 2477 2094 2532 adliaerenti?

586 2571 792 2625 HERB.
828 2570 966 2635 Quis
999 2570 1134 2623 mihi
1169 2570 1386 2640 plenam
1420 2569 1584 2624 ﬁdem
1616 2570 1782 2625 faciet
1827 2579 2092 2640 certoque

512 2661 800 2734 probabit,
836 2676 1012 2716 meam
1038 2661 1415 2731 cognitionem
1449 2677 1571 2716 esse
1610 2661 1950 2716 vanitatem?

584 2753 641 2806 S.
676 2751 885 2806 ARCH.
939 2752 1053 2821 Ego
1100 2766 1200 2820 per
1245 2750 1745 2820 interrogationem
1817 2749 2091 2804 dictiones

510 2845 742 2907 mutavi,
773 2851 828 2897 et
860 2841 1096 2898 subinde
1145 2849 1300 2918 muto
1327 2860 1340 2895 :
1380 2852 1437 2896 et
1467 2841 1608 2896 dicis
1631 2881 1645 2906 ,
1679 2840 1816 2906 Quis
1850 2856 1936 2895 me
1962 2855 2088 2910 per-

510 2950 736 2990 suasum
770 2927 829 2989 et
856 2941 1072 2989 certum
1103 2931 1340 2987 reddet?

582 3028 788 3082 HERB.
822 3027 1091 3127 Sedjltuis
1129 3025 1318 3080 verbis
1353 3023 1517 3079 tidem
1556 3024 1764 3078 habere
1807 3023 2084 3093 imperite,

507 3127 567 3174 et
601 3129 661 3172 ut
683 3133 805 3172 sors
832 3107 978 3183 tulit,
1011 3131 1250 3186 nequeo.
1277 3115 1360 3169 Tu
1383 3114 1532 3170 enim
1551 3129 1614 3168 es
1646 3113 1781 3167 mihi
1807 3114 2084 3178 inimicus,

505 3218 568 3267 et
602 3219 693 3264 tua
747 3217 981 3279 tuosque
1028 3217 1255 3264 strenue
1302 3205 1632 3272 defendens,
1679 3207 1735 3262 in
1781 3207 1901 3261 acie
1937 3217 2084 3270 stas;

510 3316 634 3356 mea
677 3316 821 3356 vero
855 3314 1123 3368 meosque
1157 3298 1495 3368 despiciens,
1519 3307 1729 3354 temere
1758 3307 1814 3353 et
1843 3298 2086 3354 inconsi-

509 3391 705 3447 derate
744 3390 1082 3461 aspernaris.

577 3483 636 3538 S.
669 3481 878 3538 ARCII.
915 3481 1032 3536 Nisi
1071 3480 1328 3536 veritatis
1355 3495 1547 3534 curam
1578 3479 1810 3535 habeam
1830 3489 1887 3534 et
1913 3480 1970 3534 in
1999 3494 2086 3534 me

506 3585 563 3630 et
592 3577 646 3629 in
675 3585 749 3638 te,
784 3574 853 3628 ab
890 3573 1163 3644 unigeniti
1185 3573 1309 3627 Filii
1340 3571 1438 3626 Dei
1471 3572 1578 3627 mei
1618 3571 2009 3627 communione
2031 3580 2086 3626 et

506 3665 662 3720 cultu
687 3664 904 3719 alienus
931 3679 1049 3718 ero.

577 3756 779 3811 llERB.
812 3755 952 3810 Ecce
982 3753 1144 3819 dicis,
1175 3753 1288 3808 Deo
1310 3769 1420 3807 non
1447 3767 1570 3808 esse
1601 3767 1741 3824 opus
1760 3753 2080 3823 lcge,quam

505 3847 964 3902 nobisvlsraelitis
1012 3855 1074 3900 ut
1119 3847 1430 3914 pretiosum
1469 3845 1795 3899 thesaurum
1829 3845 2078 3915 reliquit.

459 3945 467 3952 ‘
505 3938 720 4005 Quibus
754 3938 922 4008 igitur
978 3937 1212 3991 auribus
1248 3936 1336 3992 vel
1379 3952 1495 4006 quo
1531 3937 1696 3991 corde
1734 3946 1786 3992 te
1837 3936 2078 4003 audiam,

506 4030 636 4084 talia
667 4029 803 4084 mihi
831 4029 1226 4084 obtrudentem
1261 4037 1430 4098 atque
1460 4027 1914 4098 obstrepentem?

537 4265 545 4267 _
577 4209 635 4265 S.
672 4206 878 4263 ARCH.
911 4205 1192 4262 Tecumne
1231 4208 1372 4278 ago,’
1395 4214 1452 4262 et
1486 4221 1538 4262 te
1563 4206 1754 4262 refello
1781 4209 1921 4264 meis
1941 4209 2082 4264 scri-

503 4301 658 4373 ptis?
698 4300 867 4354 Labia
913 4309 1006 4353 tua
1046 4307 1098 4353 te
1143 4299 1324 4369 ipsum
1357 4309 1646 4355 accusant.
1680 4300 1948 4371 Agedum,
1983 4302 2080 4357 de-

504 4409 681 4458 mens,
711 4400 834 4447 tuos
860 4399 1046 4462 patres
1077 4390 1400 4446 accusabis?
1428 4392 1658 4446 Ambula
1689 4409 1811 4446 cum
1840 4394 2076 4463 prophe-

503 4488 576 4542 tis
624 4486 753 4550 tuis,
805 4495 862 4540 et
895 4484 1171 4556 judicare,
1234 4483 1487 4554 pmripe,
1536 4492 1592 4538 et
1630 4484 1838 4540 obsiste
1881 4499 2076 4540 eorum

2198 2037 2326 2085 ται,
2383 2023 2478 2076 καὶ
2513 2024 2677 2095 ἑτέρα
2711 2025 2772 2078 ὲν
2798 2027 2970 2096 ἡμῖν*
3014 2027 3214 2080 οὐκοῦν
3245 2025 3366 2080 δέον
3401 2025 3548 2092 ἑστξν
3587 2025 3776 2080 πείθε-

2201 2113 2325 2166 σθαι
2363 2115 2596 2170 ἕκαστον
2627 2119 2694 2189 τῇ
2727 2119 2926 2173 ἑαυτοῦ
2953 2117 3176 2188 γνώσει,
3209 2119 3305 2172 καὶ
3343 2116 3662 2189 ἡσυχάζειν.

2269 2293 2382 2346 Καὶ
2412 2294 2452 2345 Ο
2481 2294 2700 2347 ΑῙΊΟΣ.
2725 2293 2836 2348 Καὶ
2867 2293 2962 2347 ὲάν
2993 2293 3092 2347 οὐκ
3121 2292 3371 2364 ἀσφαλής
3398 2293 3547 2346 ἐστιν
3575 2293 3609 2362 ἡ
3635 2292 3774 2360 γνῶ-

2199 2382 2282 2443 σίς
2321 2399 2440 2446 σου,
2469 2383 2520 2436 τε
2553 2401 2635 2437 σοι
2669 2384 2733 2437 τὸ
2759 2384 3018 2454 διάφορον
3047 2383 3500 2456 παρακαθημένῳ
3542 2384 3775 2454 ματαιὸ-

2195 2487 2341 2540 τητι,
2370 2469 2467 2523 καὶ
2495 2471 2884 2544 παρεδρεύοντι
2911 2473 3210 2544 ἀπατηλοῖς
3235 2473 3628 2543 δελεάσμασιν;

2264 2561 2374 2614 Καὶ
2419 2563 2460 2615 0
2488 2562 2732 2618 EPBAN.
2781 2565 2889 2617 Καὶ
2937 2564 3028 2629 τίς
3066 2566 3094 2617 ὀ
3148 2564 3510 2636 πληροφορῶν
3549 2581 3641 2636 με,
3687 2565 3773 2617 ὅτι

2196 2651 2498 2721 ματαιότης
2526 2653 2773 2721 πέφυκεν
2799 2654 2832 2724 ἡ
2863 2654 3064 2719 γνῶσίς
3093 2670 3197 2723 μου
3223 2670 3239 2719 ;

2262 2742 2371 2794 Καὶ
2395 2743 2434 2795 0
2463 2743 2682 2798 ΑΓΙΟΣ.
2721 2741 2862 2813 Ἐγὼ
2882 2744 3024 2798 κατά
3044 2745 3238 2799 πεῦσιν
3259 2744 3361 2809 τὰς
3389 2744 3563 2811 λέξεις
3585 2744 3768 2813 ἀπήλο

2192 2833 2330 2898 λαξα
2357 2836 2454 2888 καὶ
2482 2834 2830 2901 ὑπαλλάττω,
2847 2836 3164 2906 καὶιλέγεις,
3181 2838 3264 2892 ὅτι
3291 2837 3387 2901 Τίς
3414 2839 3562 2890 ἐστιν
3584 2838 3612 2890 ὁ
3634 2835 3773 2908 πληο

2199 2924 2448 2996 ροφορῶν
2482 2927 2577 2980 καὶ
2610 2927 2816 2981 πείθων
2847 2944 2950 2998 με;

2262 3017 2511 3072 ΕΡΒΑΝ.
2572 3018 2714 3072 Ἀλλ’
2752 3020 2858 3074 οὐκ
2889 3021 3155 3091 ἀνέχομαι
3190 3019 3477 3075 πείθεσθαι
3504 3021 3620 3082 τοῖς
3651 3019 3771 3083 σοτς

2191 3109 2380 3172 ἁπλῶς
2410 3111 2504 3164 καὶ
2547 3109 2622 3172 di;
2653 3109 2874 3182 ἔτυχεν·
2911 3112 3104 3184 ἐχθρὸς
3136 3112 3246 3184 γάρ
3279 3129 3381 3184 μου
3418 3107 3489 3176 εί,
3519 3112 3614 3166 καὶ
3650 3110 3770 3164 τῶν

2189 3201 2331 3254 κατά
2379 3202 2438 3254 σὲ
2487 3203 2998 3275 ὑπερασπιζόμενος
3045 3207 3392 3276 προῖστασαι·
3426 3207 3496 3259 τά
3532 3205 3766 3278 δὲ.παρ’

2190 3291 2290 3362 ἐμὲ
2323 3292 2714 3364 παραὸλέπων,
2743 3295 2868 3365 είκῆ
2899 3297 3173 3367 παρορᾷς.

2257 3475 2368 3530 Ka‘t
2419 3479 2460 3528 0
2505 3475 2720 3531 ΑΓΙΟΣ.
2782 3476 2910 3530 Ἐὰν
2945 3478 3018 3550 μὴ
3067 3477 3339 3548 φροντίζω
3370 3478 3470 3549 τῆς
3501 3476 3767 3549 ἀληθείας

2185 3567 2277 3620 ἐπί
2321 3585 2382 3621 τε
2421 3567 2579 3638 ἐμοῦ,
2611 3569 2704 3622 ἐπί
2733 3586 2793 3623 τε
2830 3570 2924 3624 σοῦ
2943 3611 2959 3634 ,
2989 3570 3271 3642 ἀλλότριος
3308 3570 3502 3642 ἔσομαι
3531 3568 3628 3623 τοῦ
3657 3587 3766 3641 μου

2183 3659 2436 3729 νογενοῦς
2465 3660 2600 3714 Υίοῦ
2628 3660 2764 3715 Θεοῦ
2812 3679 2914 3733 μου
2943 3663 3229 3726 κοινωνίας
3254 3662 3348 3716 καὶ
3371 3661 3650 3732 λατρείας.

2256 3753 2505 3807 EPBAN.
2553 3753 2684 3807 Ἰδοὺ
2721 3754 2922 3820 λέγεις,
2964 3753 3148 3808 οὐκέτι
3185 3753 3377 3826 χρείαν
3410 3753 3524 3824 ἔχει
3563 3755 3592 3806 ὁ
3622 3750 3764 3815 Θεὸς

2180 3841 2276 3896 τοῦ
2307 3842 2500 3914 νόμου,
2523 3841 2584 3898 ὃν
2611 3845 2781 3898 πάλαι
2812 3844 2900 3897 διὰ
2934 3845 3212 3908 Μωῦσὲως
3233 3845 3369 3914 ἡμῖν
3396 3846 3510 3906 τοῖς
3542 3842 3764 3914 Ἰσραηο

2182 3935 2357 4000 λίταις
2387 3935 2777 4010 τεθησαύρικε.
2809 3938 2992 4001 Ποίοις
3019 3933 3114 3992 οὖν
3147 3937 3301 4002 ώσὶν,
3327 3937 3361 4008 ἢ
3398 3936 3528 4007 ποίᾳ
3556 3935 3765 4008 καρδίᾳ

2179 4026 2486 4096 ἀκούσομαί
2537 4043 2658 4093 σου,
2715 4027 2946 4082 τοιαῦτά
2993 4045 3082 4100 μοι
3125 4027 3470 4097 εἰσφέροντος
3514 4025 3610 4080 καὶ
3659 4025 3757 4080 λαο

2181 4116 2435 4186 λοῦντο;;
3394 4136 3396 4138 ⁷

2253 4213 2362 4265 Καὶ
2397 4215 2439 4266 0
2469 4213 2690 4268 ΔΓῐυΣ.
2731 4214 2906 4284 Mirm
2927 4229 2992 4282 γε
3030 4213 3138 4268 ἀπὸ
3189 4213 3297 4267 τῶν
3339 4213 3487 4285 ἐμῶν
3524 4213 3758 4282 γραφῶν

2180 4302 2306 4356 ώθῶ
2338 4321 2399 4356 σε
2427 4321 2443 4370 ;
2476 4303 2559 4357 Τά
2585 4304 2737 4374 χείλη
2759 4304 2831 4358 τά
2861 4305 2927 4358 σὰ
2962 4303 3333 4376 κατηγοροῦσί
3364 4321 3480 4358 σου.
3506 4304 3753 4371 Ὕπαγε,

2180 4396 2375 4468 ἄφρον·
2405 4396 2598 4470 μέμψῃ
2643 4400 2757 4462 τοῖς
2807 4399 3050 4469 πατράσι
3115 4415 3240 4464 σου;
3298 4396 3602 4469 Πορεύθητι
3653 4398 3755 4450 καὶ

2177 4486 2467 4557 δικάσθητι
2523 4487 2663 4558 μετά
2703 4488 2813 4542 τῶν
2866 4488 3162 4560 προφητῶν
3215 4505 3308 4541 σου
3332 4504 3348 4520 ο
3385 4487 3626 4560 πρόλαόε
3651 4489 3753 4542 καὶ

501 4577 959 4650 ριίυόὶοιίοιιίὺυε
1007 4592 1072 4630 ac
1113 4575 1413 4631 vaticiniis.
1458 4575 1595 4653 Nam
1632 4593 1698 4631 ex
1727 4592 1924 4632 eorum
1951 4593 2077 4632 sen-

2187 4580 2615 4652 ἀντιπαράταξαι
2657 4583 2780 4644 ταῖς
2828 4581 3009 4635 αὐτῶν
3052 4583 3442 4654 προρρήσεσιν.
3497 4581 3596 4634 Διά
3636 4581 3752 4636 τῶν

501 4671 692 4726 tentiis
723 4679 780 4724 et
807 4668 1133 4723 notionibus
1171 4676 1224 4722 te
1259 4669 1604 4734 convincam,
1633 4667 1696 4724 et
1715 4679 1921 4724 certam
1958 4671 2077 4739 ple-

499 4778 738 4833 namque
779 4761 942 4816 fidem
983 4760 1206 4828 faciam,
1235 4761 1304 4816 ab
1334 4761 1440 4816 hoc
1468 4771 1712 4830 tempore
1752 4763 1926 4817 Deum
1959 4777 2070 4816 non

498 4853 780 4920 postulare
803 4867 966 4906 usum
989 4861 1048 4907 et
1080 4851 1408 4907 exercitium
1439 4851 1577 4922 legis
1594 4863 1812 4907 vestrae.

571 4943 776 4998 llERB.
811 4944 980 4998 Isaias
1000 4943 1079 4998 ait
1104 4944 1256 5014 quod
1290 4944 1438 4998 Dixit
1458 4942 1586 4998 Sion
1610 4961 1630 4999 :
1657 4944 1912 4999 Dominus
1930 4944 2068 5000 Deus

498 5034 713 5106 reliquit
760 5052 864 5100 me,
916 5046 965 5089 et
1013 5037 1151 5090 Deus
1203 5049 1418 5091 sanctus
1461 5036 1650 5091 oblitus
1706 5047 1782 5091 est
1829 5041 1972 5092 mei:
2013 5047 2072 5092 et

498 5125 787 5195 respondit
828 5127 1120 5193 Dominus,
1167 5129 1360 5185 dicens
1397 5147 1411 5183 :
1459 5129 1715 5201 Nunquid
1747 5130 2074 5185 obliviscetur

497 5216 693 5270 mulier
758 5220 841 5271 sui
892 5220 1154 5290 parvuii?
1210 5222 1493 5293 quominus
1551 5225 1865 5278 misereatur
1909 5222 2071 5294 645

499 5320 756 5383 pertuum
797 5310 878 5364 sui
911 5314 1152 5368 ventris?
1186 5312 1337 5380 Quod
1384 5317 1431 5370 si
1473 5317 1636 5370 etiam
1683 5318 1870 5370 horum
1911 5317 2071 5371 oblita

497 5408 630 5456 esset
680 5399 892 5466 mulier,
935 5413 1299 5460 uerumtamen
1341 5422 1436 5476 ego
1477 5422 1584 5459 non
1641 5405 1918 5460 obliviscar
1965 5407 2064 5470 tui,

495 5490 620 5544 dicit
665 5490 920 5544 Dominus
943 5492 1009 5546 “.
1050 5493 1197 5551 Deus
1229 5496 1366 5550 dicit
1392 5511 1452 5551 se
1477 5512 1590 5551 non
1630 5498 1936 5553 obliturum
1963 5514 2064 5554 no-

494 5581 598 5634 stri
623 5598 638 5646 ;
672 5588 729 5635 et
756 5590 812 5634 tu
843 5581 986 5638 dicis
1024 5584 1236 5638 nullam
1264 5602 1373 5641 non
1401 5589 1564 5643 modo
1588 5589 1701 5644 Deo
1730 5605 1852 5646 esse
1874 5605 2062 5647 curam

492 5672 690 5739 nostri,
723 5674 817 5729 sed
846 5690 949 5730 nec
970 5677 1023 5731 ei
1064 5693 1204 5748 opus
1226 5695 1346 5735 esse
1382 5693 1567 5737 nostra
1597 5684 1733 5754 lege.

543 5845 590 5878 "
614 5846 718 5903 lsa.
749 5863 890 5916 χιιι,
920 5849 1006 5916 Η,
1032 5850 1120 5907 15.

2177 4672 2465 4741 νοημάτων
2503 4672 2613 4742 γὰρ
2653 4671 2831 4724 αὐτῶν
2887 4671 2998 4739 ἐγὼ
3046 4671 3378 4741 πληροφορῶ
3409 4688 3497 4736 σε,
3527 4672 3609 4725 ὅτι
3635 4672 3750 4726 ἀπὸ

2174 4762 2268 4816 τοῦ
2303 4762 2398 4816 νῦν
2420 4763 2482 4815 οὐ
2511 4763 2704 4834 χρείαν
2736 4762 2848 4833 ἔχει
2874 4762 2969 4817 τοῦ
2997 4763 3162 4834 νόμου
3202 4763 3357 4835 ὑμῶν
3389 4765 3418 4817 ὁ
3454 4763 3608 4829 Θεός.

2240 4945 2488 5001 EPBAN.
2519 4946 2750 5010 Ἡσαΐας
2779 4947 3002 5018 ἔφησεν,
3025 4948 3108 5001 ὅτι
3140 4943 3286 5003 Eius
3324 4949 3502 5003 Σιών·
3529 4950 3750 5018 Κύριος

2169 5039 2202 5090 ὁ
2240 5036 2385 5103 Θεὸς
2409 5035 2764 5107 ἐγκατέλιπέ
2789 5055 2886 5106 με,
2915 5038 3014 5092 καί
3043 5041 3076 5092 ὁ
3107 5039 3250 5104 Θεὸς
3271 5042 3304 5094 ὁ
3342 5039 3506 5108 ἅγιος
3527 5039 3750 5093 ἐπελά-

2169 5129 2306 5182 θετό
2337 5145 2478 5198 μου.
2524 5129 2634 5182 Καὶ
2686 5129 2960 5200 ἀπεκρίθη
2993 5129 3196 5200 Κύριος
3233 5130 3435 5199 λέγων·
3472 5129 3568 5196 Μὴ
3608 5130 3745 5182 ἐπι.

2167 5220 2421 5286 λήσεται
2477 5221 2633 5289 γυνὴ
2677 5220 2784 5276 τοῦ
2841 5221 3081 5276 παιδίου
3129 5219 3355 5289 αὺτῆς;
3409 5221 3447 5290 ἢ
3501 5221 3609 5276 τοῦ
3650 5223 3744 5290 μὴ

2167 5312 2419 5380 ἐλεῆσαι
2449 5313 2522 5366 τὰ
2544 5313 2764 5382 ἔγγονα
2785 5311 2896 5382 τῆς
2921 5313 3154 5380 κοιλίας
3184 5312 3406 5381 αὐτῆς;
3445 5313 3514 5366 Εί
3542 5312 3612 5367 δὲ
3637 5314 3744 5367 καὶ

2168 5403 2356 5458 ταῦτα
2397 5405 2739 5459 ἐπιλάθοιτο
2769 5405 2946 5476 γυνὴ,
2983 5407 3120 5460 ἀλλ’
3157 5406 3270 5476 ἐγὼ
3303 5409 3414 5460 οὐκ
3443 5405 3742 5476 ἐπιλήσο-

2162 5499 2276 5567 μαί
2303 5513 2442 5562 σου,
2486 5497 2648 5568 λέγει
2676 5502 2917 5568 Κύριος.
2955 5499 3016 5552 ’0
3057 5499 3192 5563 Θεὸς
3221 5501 3440 5568 φάσκει,
3499 5501 3580 5554 ὅτι
3620 5501 3738 5554 Οὐκ

2169 5591 2501 5661 ἐπιλήσομαί
2530 5608 2644 5644 σου·
2677 5593 2773 5646 καὶ
2803 5594 2868 5646 σὺ
2901 5591 3100 5662 λέγεις,
3123 5594 3206 5648 ὅτι
3230 5594 3420 5667 χρείαν
3455 5591 3612 5666 ἡμῶν
3635 5593 3737 5647 οὐ).

2170 5681 2303 5751 ἔχει,
2340 5681 2455 5736 ἀλλ’
2479 5681 2600 5736 οὐδὲ
2641 5683 2735 5736 τοῦ
2765 5683 2928 5754 νόμου
2957 5684 3132 5755 ἡμῶν.
