4088 6538
258 426 359 491 τι]

1218 419 1689 483 DISPUTATIO
1730 420 1890 485 CUM
1928 422 2295 485 HERBANO
2330 425 2618 486 JUDzlSO.

3436 431 3541 494 742

334 545 448 600 Kal.
475 544 517 598 Ο
550 542 769 598 ΔΓΙΟΣ.
817 537 1170 612 Ἐμοὶχολᾷς,
1195 537 1393 606 λέγων,
1428 538 1512 591 ὅτι
1540 537 1624 591 Τὰ
1654 540 1858 609 συμφέ-

2038 541 2095 596 S.
2117 542 2323 597 ARCH.
2348 542 2477 597 Mihi
2510 558 2809 599 succenses
2834 544 3093 611 dicendo,
3124 544 3256 613 Quae
3282 548 3379 604 tibi
3406 564 3542 605 con-

264 638 433 712 ροντά
464 655 545 690 σοι
575 636 778 704 λέγεις,
804 636 899 688 καὶ
927 633 997 686 τά
1017 632 1127 703 ὲμὰ
1153 632 1436 703 ἐπιτήδεια
1456 631 1856 703 ἀποκρύπτεις,

267 730 386 795 καὶ,
445 727 522 790 ὼς
563 726 697 800 ῥρῶ,
739 726 804 780 σὺ
839 725 900 779 τὸ
934 725 1121 796 δρᾶμα
1140 722 1301 777 τοῦτο
1337 723 1569 796 ἐργάζῃ,
1613 724 1729 779 ἀλλ’
1759 725 1860 777 οὐκ

267 819 537 891 ἀνέξομαί
584 836 680 872 σου
709 818 806 871 τοῦ
836 815 1052 871 λοιποῦ.
1090 816 1227 869 Εἰπὲ
1270 816 1381 887 γάρ
1414 832 1527 886 μοι,
1548 815 1602 868 τί
1634 814 1783 884 λέγει
1829 816 1859 867 ὁ

269 912 560 981 προφήτης
593 909 855 979 ἀνωτέρω
883 908 994 961 τῶν
1026 906 1306 979 ῥηθέντων
1346 907 1500 977 παρὰ
1532 906 1627 960 σοῦ
1654 924 1669 972 ;
1716 906 1860 960 Τάδε

267 1002 432 1071 λέγει
466 1004 680 1071 Κύριος
699 1042 714 1068 ,
748 1002 881 1073 φησὶ
899 1040 914 1065 ,
950 998 1134 1071 καιρῷ
1161 998 1351 1065 δεκτῷ
1370 997 1687 1067 ἐπήκουσά
1716 1015 1857 1064 σου,

266 1094 369 1147 καί
395 1092 468 1145 ἐν
491 1090 681 1161 ἡμέρᾳ
709 1091 1013 1158 σωτηρίας
1048 1087 1353 1156 ἐϐοήθησά
1380 1104 1499 1153 σοι,
1539 1086 1637 1142 καὶ
1674 1089 1860 1142 saxa-

276 1183 360 1240 σά
387 1200 484 1247 σε,
512 1182 610 1236 καὶ
639 1182 833 1236 ἔδωκά
854 1198 975 1245 σοι,
1002 1180 1103 1235 καί
1127 1179 1317 1249 ἐθηκὰ
1344 1196 1417 1234 σε
1446 1182 1533 1247 είς
1565 1179 1861 1247 διαθήκην

268 1274 483 1337 ἐθνῶν,
512 1272 618 1337 τοῦ
644 1271 1024 1340 καταστῆσαι
1059 1271 1175 1338 τὴν
1196 1271 1334 1341 γῆν,
1365 1272 1464 1325 καὶ
1494 1275 1861 1339 κατακληρο-

269 1367 534 1437 νομῆσαι
556 1366 967 1434 κληρονομίαν
980 1364 1208 1433 ἐρήμου
1227 1364 1361 1434 (40),
1374 1364 1634 1434 λέγοντα
1652 1365 1776 1431 τοῖς
1792 1365 1861 1417 ἐν

269 1459 539 1529 δεσμοῖς,
577 1457 907 1522 Ἐξέλθετε,
936 1457 1034 1511 καί
1060 1456 1184 1521 τοῖς
1216 1457 1288 1511 ἐν
1316 1456 1399 1522 τῷ
1434 1458 1663 1521 σκότει,
1697 1458 1859 1511 ’Ara—

271 1551 657 1604 καλύπτεσθε
713 1548 849 1619 (il).
900 1548 1040 1620 Περὶ
1105 1547 1253 1610 τίνος
1308 1546 1458 1615 λέγει
1514 1549 1724 1613 ταῦτα,
1784 1548 1861 1601 δί-

270 1642 453 1708 δαξον.

344 1731 592 1786 EPBAN.
645 1729 708 1783 Εί
749 1728 846 1783 καὶ
890 1729 1021 1801 περὶ
1060 1728 1342 1793 Μωῦσέως
1383 1728 1494 1783 τῶν
1532 1730 1590 1782 ὲν
1639 1728 1861 1797 δεσμοῖς

272 1824 375 1893 τῆς
409 1821 689 1892 ἁμαρτίας
720 1820 1191 1893 χρηματιζόντων,
1225 1820 1320 1873 καὶ
1343 1821 1401 1872 ἐν
1427 1819 1506 1890 τῷ
1537 1818 1718 1871 σκότει
1760 1820 1861 1887 τῆς

1960 631 2175 686 ducunt
2215 634 2456 701 profers,
2488 642 2543 687 et
2573 649 2697 703 qua:
2730 635 2798 689 ad
2843 651 3025 689 meum
3058 637 3378 693 institutum
3404 655 3541 695 con-

1960 723 2169 789 ferunt,
2209 727 2379 780 celas.
2414 727 2504 790 Et,
2536 734 2596 781 ut
2620 727 2803 792 video,
2837 735 2892 782 tu
2928 728 3073 783 hanc
3115 728 3362 784 fabulam
3400 734 3539 802 agis.

1960 812 2068 869 Sed
2107 823 2158 869 te
2193 830 2303 868 non
2345 816 2586 885 amplius
2615 816 2811 882 ferant,
2852 834 3032 888 neque
3065 820 3266 889 patiar.
3306 821 3406 875 Dic
3436 822 3542 892 igi-

1963 913 2051 958 tur
2084 905 2245 969 mihi,
2272 906 2406 974 quid
2446 906 2523 961 ait
2556 906 2825 977 propheta
2859 909 3118 978 superius
3157 910 3244 965 his
3278 926 3400 980 quae
3442 910 3544 966 abs

1960 1002 2014 1049 te
2045 995 2280 1050 recitata
2310 996 2479 1050 sunt?
2505 995 2649 1060 Παῖς,
2686 997 2889 1067 inquit,
2915 1000 3041 1052 dicit
3063 999 3320 1053 Dominus
3347 1018 3364 1054 :
3392 1000 3544 1055 Tem-

1958 1100 2086 1153 pore
2124 1094 2337 1155 accepto
2363 1087 2543 1139 audivi
2578 1097 2648 1151 te,
2677 1096 2726 1141 et
2758 1087 2812 1140 in
2843 1088 2927 1141 die
2953 1088 3144 1143 salutis
3174 1091 3356 1160 adjuci
3388 1100 3459 1156 te,
3492 1101 3541 1145 et

1961 1176 2189 1247 formavi
2224 1186 2293 1241 te,
2330 1186 2379 1230 et
2410 1178 2529 1232 dedi
2559 1179 2671 1244 tibi,
2699 1188 2747 1232 et
2768 1182 2917 1250 posui
2939 1190 2988 1233 te
3009 1183 3063 1234 in
3100 1183 3266 1251 foedus
3285 1184 3539 1252 gentium,

1960 1277 2016 1319 ut
2033 1269 2300 1323 instaures
2321 1278 2544 1335 terram,
2568 1282 2614 1324 et
2641 1280 2697 1323 ut
2722 1273 2989 1342 possideas
3016 1274 3345 1329 Ita’reditates
3370 1276 3543 1330 deser-

1962 1369 2069 1424 tas,
2098 1370 2155 1413 ut
2182 1362 2328 1415 dicas
2359 1364 2423 1416 iis
2450 1365 2541 1434 qui
2567 1373 2691 1418 sunt
2714 1366 2768 1418 in
2789 1365 3047 1419 vinculis:
3084 1366 3277 1432 Exite;
3300 1378 3347 1422 et
3371 1371 3461 1439 qui
3486 1370 3542 1424 in

1962 1453 2183 1507 tenebris
2222 1470 2241 1507 :
2284 1453 2610 1509 Reuelamini
2649 1456 2717 1511 ".
2756 1457 2832 1511 De
2878 1473 2989 1527 quo
3031 1458 3146 1514 hzec
3187 1461 3541 1529 vaticinatur,

1960 1544 2119 1600 doce.

2029 1727 2232 1782 HERB.
2264 1728 2333 1784 Et
2366 1728 2413 1783 si
2453 1728 2521 1783 de
2558 1728 2728 1794 Mosc,
2766 1738 2820 1783 et
2857 1728 2925 1783 de
2956 1729 3043 1783 his
3076 1730 3170 1800 qui
3207 1730 3262 1784 in
3303 1730 3542 1787 vinculis

1961 1820 2175 1888 peccati
2198 1820 2410 1875 detenti
2445 1829 2627 1885 erant,
2658 1829 2715 1875 et
2748 1822 2961 1877 erroris
3001 1823 3248 1877 tenebris
3286 1824 3539 1891 involuti,

274 1916 485 1985 πλάνης
553 1912 954 1983 πεπεδημένων
1002 1911 1161 1966 τοῦτο
1208 1912 1445 1985 εἴρηται,
1504 1911 1623 1966 ἀλλ’
1672 1906 1766 1964 οὖν
1836 1913 1858 1965 ἐ

1969 1909 2073 1963 hoc
2090 1909 2299 1963 dictum
2318 1918 2402 1964 est
2430 1928 2442 1963 :
2469 1926 2601 1963 num
2620 1910 2786 1965 etiam
2813 1911 2958 1965 Deus
2976 1911 3114 1981 legis
3138 1912 3356 1967 videtur
3369 1915 3544 1984 magis

277 2008 411 2073 Θεὸς
440 2004 539 2060 τοῦ
578 2004 747 2076 νόμου
782 2004 1035 2075 φαίνεται
1081 2006 1285 2076 μᾶλλον
1316 2004 1406 2058 τὸν
1437 2004 1675 2074 Χριστὸν
1704 2006 1863 2072 ποιή-

278 2118 378 2164 σας
394 2098 492 2154 καὶ
511 2097 728 2159 πλάσας
755 2096 864 2150 ἀπὸ
906 2095 1000 2150 τοῦ
1038 2097 1114 2167 μὴ
1146 2097 1297 2160 ὄντος
1327 2097 1407 2159 είς
1440 2095 1501 2149 τὸ
1524 2091 1685 2162 εἶναι,
1721 2094 1865 2149 καθὰ

276 2190 464 2246 αὐτόθι
497 2187 795 2258 λελάληκεν
824 2188 851 2239 ὁ
901 2186 1223 2258 προφήτης;
1252 2185 1378 2247 Πῶς
1400 2180 1492 2239 οὖν
1539 2186 1607 2239 σὺ
1661 2184 1864 2256 τολμᾷς

278 2285 392 2339 ἴσον
420 2281 500 2354 τῷ
531 2281 749 2352 πλάστῃ
784 2278 932 2350 αύτῷ
971 2278 1105 2332 Θεὸν
1150 2278 1470 2350 ὀνομάζωνς

345 2457 457 2513 Καὶ
506 2462 547 2510 0
580 2456 800 2511 ΑΙἸΟΣ.
848 2455 973 2507 Ὀτι
1007 2454 1206 2507 ἔπλασε
1252 2453 1352 2525 τὴν
1395 2453 1793 2526 άνθρωπότητα
1834 2456 1862 2507 ὁ

274 2552 428 2616 Θεὸς,
462 2552 585 2621 οὐχὶ
604 2549 865 2619 ἀνωτέρω
890 2548 1166 2619 λελάληκά
1201 2565 1305 2613 σοι,
1339 2548 1575 2619 άνόητε;
1617 2548 1692 2601 Οὐ
1724 2566 1851 2619 προ-

274 2643 459 2697 λαϐὼν
494 2643 694 2714 εἴρηκα
718 2680 734 2706 ,
771 2642 853 2695 ὅτι
888 2638 1110 2703 διπλοῦς
1144 2641 1260 2693 ἐστι
1281 2681 1297 2705 ,
1328 2640 1459 2703 Θεὸς
1492 2640 1699 2712 ἀληθὴς
1722 2681 1735 2705 ,
1764 2640 1863 2694 καὶ

273 2736 482 2798 τέλειος
497 2733 808 2805 ἄνθρωπος,
857 2732 1017 2795 ἐκτὸς
1051 2732 1360 2803 ἀμαρτίας;
1390 2728 1667 2786 Ὀτανοῦν
1693 2732 1861 2786 ἀκού-

278 2846 380 2901 σης
415 2827 615 2881 πλάσιν
656 2826 751 2880 καὶ
779 2824 928 2879 θέσιν
969 2824 1067 2879 καὶ
1096 2826 1243 2879 δόσιν
1264 2866 1281 2892 ,
1314 2825 1413 2895 τῆς
1443 2827 1862 2896 ἀνθρωπότητος

276 2920 467 2987 αὑτοῦ,
499 2919 802 2992 τρισάθλιε,
855 2918 963 2972 νόει
988 2917 1158 2972 ταῦτα
1189 2914 1349 2971 εἶναι.
1381 2917 1622 2988 Πρόσεχε
1654 2918 1711 2971 δὲ
1749 2920 1861 2981 τοῖς

275 3016 591 3086 εἰρημένοις
621 3012 690 3067 τά
719 3012 1009 3076 ὑπόλοιπα,
1056 3012 1203 3075 ὅπως
1228 3014 1257 3065 ὁ
1293 3012 1579 3082 προφήτης
1628 3012 1861 3081 διαμαρ-

273 3107 504 3179 τύρεται
559 3105 688 3177 περὶ
736 3105 836 3175 τῆς
899 3104 1070 3158 ὲθνῶν
1128 3104 1648 3166 ἀποκαταστάσεως.
1705 3103 1861 3157 Μετὰ

275 3199 387 3268 γὰρ
413 3197 473 3251 τὸ
500 3196 784 3268 εἰρηκέναι
809 3194 973 3248 αὑτὸν
1020 3194 1302 3263 φάσκοντα
1340 3194 1464 3260 τοῖς
1491 3194 1561 3247 ἐν
1591 3193 1859 3263 δεσμοῖς,

290 3292 621 3358 Ἐξέλθετε,
646 3291 891 3355 καὶτοῖς
926 3291 997 3344 ἐν
1024 3288 1104 3355 τῷ
1127 3291 1329 3344 σκότει
1350 3332 1364 3354 ,
1410 3290 1855 3343 Ἀνακαλύπτε-

256 3389 409 3451 νσθε,
456 3386 737 3455 ἐπήγαγεν
762 3424 777 3447 ,
816 3385 920 3437 Ἔν
945 3383 1169 3448 πάσαις
1189 3383 1320 3448 ταῖς
1348 3382 1510 3449 ὁδοῖς
1546 3382 1858 3451 ,ϐοσκηθή-

276 3495 511 3533 vortat.
530 3478 729 3548 Ὀρᾷςς
755 3476 850 3540 Είς
878 3478 1061 3530 πᾶσαν
1082 3475 1199 3529 ὁδὸν
1230 3476 1605 3546 πνευματικὴν
1630 3475 1858 3546 μελετή-

280 3585 433 3622 σουσι
459 3608 475 3631 ,
506 3567 706 3639 μᾶλλον
732 3566 786 3619 δι
820 3567 1290 3638 περιπατήσουσι,
1323 3566 1391 3619 τὰ
1413 3566 1619 3636 ἀρεστὰ
1648 3567 1855 3637 Κυρίου

278 3657 660 3726 ἔργαζόμενοι.
695 3655 799 3709 Ἐν
822 3655 1050 3723 πάσαις
1072 3655 1202 3722 ταῖς
1238 3657 1459 3724 τρίϐοις
1496 3656 1535 3721 ὴ
1563 3656 1716 3724 νομὴ
1747 3660 1856 3709 αὺ-

276 3745 419 3801 τῶν.
468 3747 765 3818 Προσέχεις
816 3748 1153 3818 μαρτυρίαν;
1202 3747 1315 3817 Οὐχ
1371 3746 1853 3817 ύπολειφθήσεται,

276 3840 435 3911 φησὶ,
476 3838 577 3909 μία.
620 3839 715 3892 καὶ
762 3839 894 3908 μόνη
935 3838 1121 3907 τρίϐος
1163 3837 1273 3891 ἀπὸ
1309 3837 1421 3890 τῶν
1470 3838 1855 3910 ἐξευρημένων

277 3930 491 4002 Κυρίῳ,
516 3931 574 3983 ὲν
674 3932 813 3999 μετά
836 3930 1011 4000 χαρᾶς
1048 3930 1109 3982 ού
1142 3928 1604 4000 περιπατήσουσι,
1624 3928 1695 3981 τὰ
1728 3930 1855 3999 ἁρε-

278 4022 382 4075 στά
421 4020 606 4092 Κυρίῳ
630 4019 1011 4091 ἐργαζόμενοι.
1053 4021 1135 4074 Οὐ
1168 4017 1533 4073 πεινάσουσι
1564 4017 1660 4072 τοῦ
1692 4019 1856 4072 ἀκοῦ-

276 4131 371 4166 σαι
427 4113 632 4182 λόγον,
698 4113 906 4184 Κυρίου
970 4112 1257 4184 δηλονότι,
1322 4113 1459 4167 οὔτε
1518 4111 1853 4181 διψήσουσι

276 4207 667 4279 πνευματικῶν
744 4208 1033 4278 νοημάτων
1118 4206 1583 4276 ἀποτυγχάνοντες
1624 4247 1641 4273 ,
1715 4206 1854 4259 οὔτε

272 4297 529 4362 πατάξει
577 4296 797 4363 αὐτοὺς
831 4299 865 4350 ὀ
904 4298 1172 4361 καύσων,
1206 4296 1234 4348 ὁ
1258 4297 1355 4367 τῆς
1387 4295 1685 4366 ἁμαρτίας,
1716 4296 1853 4349 οὔτε

265 4388 401 4460 μὴν
422 4392 453 4443 o'
479 4388 580 4459 τῆς
606 4387 956 4456 δικαιοσύνης
989 4387 1193 4452 Ἥλιος
1220 4387 1477 4457 Χριστὸς,
1506 4388 1587 4441 ὅτι
1622 4402 1854 4456 παρανο-

276 4483 547 4551 μήσουσιν
571 4521 587 4547 ,
616 4478 733 4533 ἀλλ’
771 4478 969 4532 ἐλαιῶν
995 4478 1108 4550 (42)
1144 4480 1361 4543 αὐτοὺς,
1394 4478 1472 4549 τῷ
1501 4478 1726 4548 λουτῆρι
1755 4478 1853 4548 τῆς

1965 1999 2247 2055 Christum
2270 2000 2468 2055 fecisse
2485 2011 2540 2055 et
2568 2001 2832 2057 formasse
2861 2018 2929 2056 ex
2949 2018 3016 2057 eo
3051 2004 3199 2072 quod
3243 2020 3354 2058 non
3397 2014 3540 2068 erat,

1965 2089 2032 2144 ad
2070 2090 2123 2143 id
2158 2090 2305 2160 quod
2347 2091 2941 2160 est,quemadmodum
2981 2092 3187 2147 ibidem
3212 2095 3433 2149 locutus
3457 2106 3544 2149 est

1965 2183 2232 2252 propheta
2251 2182 2573 2249 ?Quomodo
2608 2184 2775 2254 igitur
2793 2185 2904 2239 Deo
2923 2186 3160 2241 creatori
3177 2196 3233 2241 et
3254 2186 3542 2242 formatori

1961 2278 2230 2347 aequalem
2269 2277 2452 2334 facere
2508 2288 2565 2334 et
2622 2281 2813 2335 dicere
2868 2280 3061 2347 audes,
3127 2282 3301 2337 Deum
3364 2283 3542 2338 nomi-

1964 2369 2237 2425 uando?.

2034 2460 2091 2517 S.
2122 2462 2327 2518 ARCII.
2368 2464 2562 2520 Nonne
2608 2466 2889 2534 superius,
2929 2482 2962 2520 ο
3000 2482 3210 2531 amens,
3249 2467 3348 2522 tibi
3400 2484 3540 2538 prte-

1963 2553 2079 2609 dixi
2134 2556 2306 2610 Deum
2357 2556 2626 2612 formasse
2679 2557 3119 2613 humanitatem?
3178 2558 3297 2615 Non
3348 2561 3539 2626 etiam,

1963 2645 2240 2716 duplicem
2294 2662 2417 2701 esse
2472 2647 2779 2710 Christum,
2832 2649 3005 2703 Deum
3059 2665 3253 2703 verum
3312 2659 3368 2705 et
3414 2667 3542 2721 per-

1962 2730 2169 2787 fectum
2228 2732 2539 2800 hominem,
2594 2746 2829 2805 excepto
2895 2738 3162 2805 peccato?
3212 2738 3348 2793 Cum
3376 2740 3543 2810 igitur

1963 2825 2122 2879 audis
2157 2824 2544 2881 formationem
2580 2837 2637 2883 et
2680 2828 2847 2882 situm
2884 2835 2940 2882 et
2970 2829 3350 2895 donationem,
3399 2832 3539 2896 haec,

1963 2932 1995 2971 0
2028 2927 2111 2971 ter
2142 2917 2355 2984 infelix,
2392 2919 2460 2974 de
2505 2920 2625 2989 ejus
2654 2919 2998 2975 humanitate
3027 2921 3173 2975 dicta
3201 2938 3323 2979 esse
3352 2926 3542 2994 accipe

1962 3016 2017 3059 et
2049 3008 2598 3079 intellige.C:eterum
2622 3026 2745 3080 qua:
2774 3020 2965 3079 postea
2988 3019 3120 3065 sunt
3155 3012 3325 3077 dicta,
3353 3017 3542 3070 animo

1963 3108 2177 3155 attento
2197 3101 2327 3155 audi
2352 3110 2408 3155 et
2443 3103 2693 3172 percipe,
2720 3104 2997 3171 quomodo
3018 3105 3290 3175 propheta
3317 3106 3385 3161 de
3406 3124 3543 3178 geu-

1966 3193 2102 3247 tium
2177 3195 2531 3250 restitutione
2607 3195 2957 3251 testificatur.
3017 3198 3317 3268 Postquam
3391 3201 3541 3255 enim

1964 3286 2125 3350 dixit,
2153 3303 2281 3342 eum
2316 3288 2504 3349 dicere
2538 3290 2601 3343 iis
2629 3291 2721 3360 qui
2755 3300 2905 3343 erant
2936 3292 2990 3344 in
3023 3291 3246 3345 vinculis
3278 3292 3544 3362 :Egredi—

1966 3381 2116 3443 mini,
2150 3390 2196 3433 et
2229 3382 2319 3451 qui
2353 3383 2405 3434 in
2444 3382 2691 3446 tenebris,
2731 3380 3093 3449 Reuelamini;
3140 3384 3443 3455 subjunxit,
3478 3386 3543 3439 In

1963 3475 2203 3528 omnibus
2231 3477 2326 3529 viis
2356 3483 2663 3544 pascentur.
2695 3476 2899 3531 Vides?
2928 3476 3159 3532 Omnem
3192 3479 3336 3533 viam
3378 3480 3543 3550 spiri-

1964 3566 2128 3621 talem
2164 3549 2623 3623 uicditabuntur:
2658 3569 2768 3623 imo
2801 3585 2935 3625 vero
2964 3571 3020 3625 in
3054 3586 3118 3625 ea
3154 3549 3538 3637 ambulabunt,

1963 3658 2059 3713 Dei
2095 3659 2297 3728 placita
2331 3670 2725 3729 exsequentes.
2759 3661 2823 3714 In
2855 3662 3093 3715 omnibus
3130 3663 3329 3716 semitis
3366 3666 3539 3734 pastio

1962 3754 2219 3821 ipsorum.
2258 3751 2517 3807 Attendis
2553 3753 2971 3808 testimonium?
3003 3754 3124 3808 Non
3165 3753 3536 3824 relinquetur,

1961 3845 2059 3909 ait,
2089 3860 2197 3899 una
2227 3854 2283 3899 et
2326 3845 2443 3899 sola
2483 3845 2679 3900 semita
2706 3846 2776 3899 ab
2808 3846 2877 3900 iis
2906 3846 3000 3915 qui
3048 3846 3282 3901 Domino
3328 3847 3536 3902 inventi

1961 3936 2191 4004 fuerint,
2230 3936 2285 3991 in
2324 3952 2430 4007 qua
2467 3953 2591 3993 cum
2620 3938 2820 4008 gaudio
2852 3947 2906 3991 et
2947 3938 3134 3993 laetitia
3182 3955 3293 3993 non
3339 3940 3539 3994 ambu-

1962 4027 2177 4091 labunt,
2225 4028 2427 4097 placita
2478 4028 2713 4083 Domino
2754 4038 3070 4098 operantes.
3121 4029 3237 4083 Non
3285 4031 3536 4094 esurient,

1961 4119 2158 4175 audire
2188 4120 2424 4175 verbum
2460 4120 2558 4175 Dei
2596 4121 2888 4187 videlicet;
2934 4138 3099 4192 neque
3129 4124 3326 4185 sitient,
3364 4139 3392 4176 a
3422 4123 3539 4193 spi-

1961 4212 2222 4267 ritalibus
2269 4214 2597 4269 notionibus
2639 4214 3005 4280 aberrantes;
3056 4222 3221 4285 n‘eque
3268 4226 3422 4269 azstus
3455 4216 3537 4271 fe-

1961 4305 2099 4369 bris,
2136 4304 2189 4359 id
2222 4315 2307 4361 est
2338 4308 2574 4376 peccati,
2610 4309 2748 4378 ipsos
2772 4309 2954 4377 feriet;
2987 4325 3153 4378 neque
3180 4308 3273 4361 Sol
3304 4310 3537 4378 justitiae

1959 4394 2220 4450 Christus
2268 4397 2541 4465 percutiet,
2593 4411 2660 4450 eo
2712 4397 2859 4466 quod
2919 4398 3201 4467 peccarint
3236 4416 3248 4450 :
3279 4398 3375 4453 sed
3411 4400 3535 4454 oleo

1959 4493 2179 4564 tiugens
2208 4494 2377 4563 ipsos,
2434 4494 2487 4547 id
2527 4502 2610 4548 est
2651 4494 2870 4549 lavacro
2912 4495 3369 4565 regenerationis,
3396 4511 3534 4550 con-

273 4572 724 4639 παλιγγενεσίας,
744 4571 1121 4641 παρακαλέσει
1157 4572 1377 4634 αὐτοὺς,
1410 4570 1488 4641 τῷ
1512 4570 1851 4641 Παρακλήτῳ

1961 4587 2235 4642 solabitur
2264 4588 2551 4642 Paracleto
2584 4596 2641 4641 et
2679 4597 2871 4641 sancto
2896 4586 3103 4656 Spiritu
3131 4605 3143 4639 :
3174 4595 3221 4640 et
3246 4604 3339 4657 per
3365 4587 3532 4656 fontes

272 4666 370 4719 καὶ
440 4665 581 4736 ἁγίῳ
642 4665 965 4736 Πνεύματι,
1022 4665 1121 4719 καὶ
1190 4665 1288 4718 διὰ
1352 4664 1559 4734 πηγῶν
1619 4665 1856 4720 ὑδάτων

271 4757 400 4821 ἕξει
426 4757 539 4830 (45)
578 4757 801 4824 αὐτοὺς
828 4756 1086 4829 καθαρῶς
1115 4758 1201 4810 διὰ
1243 4757 1413 4827 μέσης
1454 4756 1707 4824 γνώσεως
1744 4756 1854 4809 τῶν

273 4849 569 4919 νοημάτων
597 4848 695 4919 τῆς
718 4848 939 4919 Γραφῆς
969 4848 1064 4901 καὶ
1097 4848 1203 4902 τῶν
1243 4849 1593 4921 προφητειῶν
1626 4849 1722 4903 καὶ
1750 4848 1849 4902 δω-

277 4940 424 5012 ρεῶν
470 4941 566 4995 τοῦ
611 4942 770 5009 ἁγίου
820 4942 1163 5010 Πνεύματος.
1195 4923 1305 4995 Kal
1333 4942 1519 5009 θήσω,
1548 4942 1703 5011 φησὶ,
1732 4939 1857 4997 πᾶν

272 5033 415 5101 ὅρος
465 5034 551 5099 εις
600 5032 767 5097 ὁδὸν,
805 5035 973 5105 ἡγουν
1001 5034 1069 5087 τὰ
1099 5033 1343 5088 δύσϐατα
1380 5032 1488 5087 τῶν
1546 5034 1718 5105 ὀρέων
1764 5033 1856 5087 εύ-

272 5122 411 5175 κολα
446 5124 632 5186 αύτοίς
680 5125 916 5194 ποιήσω.
969 5125 1081 5179 Καὶ
1138 5123 1348 5180 πᾶσαν
1384 5125 1587 5193 τρίϐον
1626 5128 1710 5191 εις
1747 5125 1857 5189 ,ϐό-

271 5228 482 5283 σκημα
508 5215 735 5282 αὐτοῖς,
767 5216 914 5270 τοῦτ’
946 5216 1085 5281 ἐστι,
1117 5219 1246 5289 περὶ
1269 5218 1462 5281 ποθῶν
1491 5216 1601 5270 τῶν
1628 5217 1855 5270 ἐντολῶν

274 5321 382 5373 μου
440 5306 707 5378 πρότερον
765 5306 1173 5379 μελετήσουσιν.
1235 5308 1350 5361 Οὐκ
1413 5306 1507 5361 ἀπ’
1554 5305 1855 5376 Αἰγύπτου,

272 5394 401 5449 ὅθεν
448 5397 716 5472 Ἑϐραῖοι,
741 5400 864 5455 οὐδὲ
895 5402 960 5455 ὲκ
992 5399 1170 5471 φυλῆς
1210 5398 1427 5465 Ἰακὼϐ,
1461 5398 1587 5453 ὅθεν
1628 5399 1680 5452 oi
1725 5394 1879 5451 Ἰουέ

347 5533 393 5567 ’⁷
426 5534 531 5589 isa.
580 5551 723 5602 xux,
752 5535 806 5603 8,
844 5536 899 5592 9.
975 5536 1042 5570 ’τ’
1070 5534 1208 5591 ibid.
1253 5535 1340 5590 ιο.
1418 5534 1465 5567 ⁹⁸
1499 5533 1742 5589 ἱὺῐά.11.

1959 4696 2227 4751 aquarum
2250 4680 2427 4733 educet
2447 4680 2586 4750 ipsos
2610 4679 2677 4710 ³⁷⁸
2722 4695 2856 4748 pure
2876 4694 2973 4747 per
2996 4679 3233 4733 mediam
3258 4680 3532 4749 cognitio-

1957 4790 2084 4830 nem
2136 4774 2425 4830 notionum
2461 4788 2627 4827 sacra:
2677 4771 2976 4840 Scriptura:
3008 4780 3062 4824 et
3095 4771 3530 4840 prophetiarum,

1957 4874 2016 4921 et
2064 4866 2342 4920 donorum
2397 4864 2639 4936 Spiritus
2696 4862 2893 4917 sancti.
2947 4862 3017 4916 Et
3065 4878 3282 4932 ponam,
3329 4862 3531 4932 inquit,

1958 4978 2166 5015 omnem
2201 4967 2431 5013 montem
2472 4959 2526 5011 in
2562 4958 2700 5010 viam
2729 4973 2746 5009 :
2777 4970 2975 5023 nempe
3012 4954 3164 5009 aditu
3190 4953 3433 5009 difﬁcilia
3477 4964 3534 5010 et

1960 5052 2244 5107 inaccessa
2296 5051 2416 5104 loca
2467 5046 2761 5110 montium,
2816 5046 3006 5114 pervia
3049 5054 3104 5100 et
3157 5044 3344 5101 facilia
3396 5045 3533 5116 ipsis

1957 5143 2179 5198 faciam.
2234 5142 2301 5196 Et
2331 5157 2538 5194 omnem
2570 5139 2813 5191 semitam
2861 5138 2916 5191 in
2956 5139 3251 5208 pastionem
3278 5138 3406 5209 ipsis
3441 5135 3531 5203 ⁹⁸;

1958 5234 2013 5289 id
2045 5242 2149 5297 est,
2180 5233 2249 5287 de
2273 5232 2535 5287 omnibus
2557 5229 2835 5283 mandatis
2857 5229 2996 5283 meis
3022 5228 3176 5299 prius
3204 5227 3529 5298 cogitabunt

1957 5336 2013 5381 et
2047 5324 2484 5381 meditabuntur.
2514 5323 2637 5377 Non
2666 5322 2733 5376 ab
2760 5320 3019 5392 Egypto,
3063 5320 3211 5376 unde
3267 5319 3481 5376 Hebraei
3514 5337 3527 5373 :

1960 5433 2072 5472 non
2100 5434 2167 5473 ex
2200 5416 2349 5472 tribu
2382 5414 2575 5480 Jacob,
2610 5413 2755 5469 unde
2783 5413 2957 5469 ,ιυάωί
2988 5432 3001 5466 :
3030 5428 3100 5468 ne
3126 5412 3348 5485 quando
3374 5411 3530 5466 dise-

1797 5623 2031 5681 NOTAE.

350 5722 463 5791 (40)
499 5722 917 5791 κληρονομίαν
958 5720 1204 5790 ἐρήμου.
1250 5719 1440 5776 Scribe
1493 5718 1859 5789 κληρονομίας

274 5793 539 5864 ιρήμους.
573 5792 778 5848 σηοω.

353 5857 469 5935 (λι)
487 5864 1025 5918 Ἀνακαλύπτεσθε.
1041 5859 1231 5918 Scribe
1246 5858 1719 5931 άνακαλυφθῆναι.
1736 5857 1854 5913 Μοκ

1963 5731 2094 5770 vero
2124 5715 2220 5769 καὶ
2250 5714 2389 5785 περι
2409 5712 2519 5785 τῶν
2557 5714 2633 5785 ὲν-
2652 5711 2891 5785 δεσμοῖς,
2925 5710 2999 5785 lp.
3086 5772 3097 5781 .

2036 5786 2148 5854 (5‘2)
2187 5780 2461 5854 Ἐλαιῶν.
2498 5783 2688 5854 Scribe
2723 5781 2910 5854 ἐλεῶν.
2950 5780 3025 5835 lo.

2034 5851 2146 5927 (45)
2172 5855 2368 5919 Ἕξει.
2401 5853 2591 5911 Scribe
2622 5852 2762 5920 ἄξει.
2792 5851 2866 5907 Ιυ.
