4094 6550
589 411 693 475 743

1528 402 1592 461 S.
1629 396 2058 460 GREGENTII
2097 393 2335 455 EPISC.
2375 393 2913 457 TAPHARENSIS

3747 393 3859 459 744

581 532 680 596 ris,
710 527 859 600 quod
883 527 952 582 de
970 519 1440 592 Judaeisloquitur
1469 537 1483 572 :
1508 517 1613 573 Sed
1642 518 1886 581 ueniunt,
1909 513 2110 584 inquit,
2136 530 2166 567 a

2270 510 2431 578 δαίοι,
2496 512 2707 584 μήποτε
2759 513 2924 585 εῑπῃς
2977 512 3062 567 ὅτι
3113 513 3246 586 περὶ
3329 512 3601 568 Ἰουδαίων
3658 511 3812 581 λέγει
3837 529 3853 543 ·

581 625 752 681 Borea
779 630 829 676 et
856 620 1017 683 mari,
1054 617 1150 672 alii
1168 631 1291 670 vero
1324 628 1388 667 ea:
1410 619 1555 666 terra
1586 611 1874 666 Persarum
1902 609 1970 662 ".
1994 608 2055 662 In
2080 605 2166 660 his

580 728 744 774 terra:
763 714 1034 770 tractibus
1053 710 1168 767 sive
1189 708 1512 781 regionibus
1526 721 1650 776 quae
1664 711 1933 774 putantur
1953 709 2165 774 gentes,

582 810 855 865 habitant.
914 805 1183 861 Latentur
1220 801 1356 867 caeli,
1399 799 1454 855 id
1498 811 1583 855 est
1628 797 1829 869 angeli,
1865 804 1915 850 et
1943 793 2167 849 exsultet

585 911 753 966 terra,
774 900 828 954 id
842 907 949 964 est,
974 895 1219 967 populus
1236 895 1471 949 salutem
1486 897 1842 948 consecutus.
1864 887 2168 956 Erumpunt

586 1003 786 1049 montes
806 991 1050 1048 laetitiam
1076 1007 1094 1044 :
1119 989 1171 1043 id
1207 997 1312 1050 est,
1336 995 1527 1059 gentes
1558 992 1719 1039 antea
1740 979 2078 1051 infrugil'erae
2097 978 2166 1032 ad

585 1089 898 1143 ubertatem
928 1099 1028 1153 per
1060 1081 1224 1136 ﬁdem
1261 1080 1573 1136 venientes.
1605 1076 1675 1132 Et
1703 1074 1860 1130 colles
1888 1071 2166 1128 stillabant

586 1183 846 1251 iustitiam
877 1194 896 1232 :
919 1176 972 1232 id
995 1160 1101 1241 est,
1135 1173 1381 1244 gentium
1415 1184 1573 1240 reges
1603 1173 1666 1222 ‘et
1693 1166 1974 1238 principes
2003 1161 2165 1218 Chri-

587 1284 732 1329 stum
757 1274 1172 1342 cognoscentes,
1214 1264 1507 1319 veritatem
1532 1257 1871 1330 etjustitiam
1895 1255 2164 1328 judicate,

585 1365 836 1436 quoniam
864 1362 1109 1415 misertus
1136 1364 1211 1411 est
1229 1353 1394 1426 646
1425 1353 1564 1406 Deus
1599 1349 1779 1422 populi
1814 1349 1897 1402 sui
1921 1365 1938 1412 ;
1961 1357 2022 1402 ut
2053 1361 2166 1401 non

586 1460 757 1522 dicas,
789 1472 822 1510 ο
849 1455 1125 1517 Ilerbane,
1154 1451 1302 1521 quod
1336 1463 1434 1504 eos
1463 1446 1613 1500 solos
1638 1443 1733 1513 qui
1765 1451 1896 1497 sunt
1935 1457 1967 1497 e
2002 1441 2166 1496 domo

557 1547 772 1614 'Jacob,
815 1547 1031 1603 vocavit
1060 1545 1325 1614 populum
1355 1554 1515 1594 suum
1549 1537 1655 1591 :Et
1690 1534 1934 1599 humiles,
1964 1534 2163 1604 inquit,

584 1643 766 1716 populi
787 1639 1086 1695 consolatus
1107 1645 1181 1689 est
1207 1636 1246 1698 ¹,
1273 1633 1326 1687 id
1344 1641 1430 1687 est
1448 1629 1608 1686 valde
1632 1627 2168 1696 aﬂlictosetoppres-

583 1722 675 1790 sos
698 1740 946 1803 peccato,
973 1728 1336 1783 vehementer
1356 1723 1609 1793 recipiet.
1633 1721 1702 1775 Et
1727 1723 1828 1774 erit
1851 1723 1907 1775 in
1932 1721 2030 1774 illa
2060 1721 2162 1786 die,

578 1823 856 1878 stillabant
897 1828 1097 1874 montes
1137 1817 1284 1886 regni
1307 1814 1636 1868 dulcedinem
1663 1826 1901 1882 :nempe
1929 1811 2164 1882 hymnos

579 1924 638 1970 et
657 1912 952 1969 melodiam
983 1911 1038 1964 in
1067 1906 1329 1978 gaudium
1356 1911 1698 1966 sanctorum,
1722 1916 1845 1971 qua:
1877 1900 2163 1954 suntmul-

583 2006 852 2062 titudines
887 2001 1209 2073 angelorum
1227 1998 1325 2053 Dei
1358 2015 1371 2050 :
1403 2003 1452 2049 et
1489 1993 1648 2048 colles
1687 1995 1850 2063 ﬂuent
1887 1991 2162 2056 lacte,au-

583 2099 816 2170 spicium
853 2095 1053 2151 divina:
1084 2089 1443 2163 epulationis,
1464 2088 1558 2158 qui
1583 2093 1714 2141 sunt
1737 2085 1974 2140 vertices
1995 2100 2162 2154 ange-

582 2194 765 2247 lorum
784 2190 878 2244 Dei
891 2188 979 2243 .Et
999 2203 1178 2241 omnes
1195 2184 1496 2238 emissiones
1512 2181 1666 2235 Juda?
1679 2179 1968 2233 scaturient
1986 2179 2158 2249 aquis.

582 2283 966 2353 Intelligibiles
997 2294 1187 2342 venas,
1228 2275 1562 2331 emissiones
1584 2273 1752 2339 dicit;
1775 2271 2094 2327 emittentes
2108 2279 2164 2326 et

582 2376 916 2431 cbullientes
955 2373 1158 2437 fontes,
1207 2367 1494 2424 viviﬁcum
1541 2365 1764 2420 laticem
1806 2362 1962 2434 regni
1991 2363 2162 2418 caelo-

584 2483 730 2522 rum.
754 2462 1232 2533 Quemadmodum
1265 2461 1414 2515 enim
1437 2460 1494 2513 in
1522 2467 1669 2514 terra
1709 2474 1864 2528 aqua:
1895 2473 1964 2512 ex
2005 2457 2165 2512 venis

583 2557 812 2622 saliunt,
831 2563 885 2610 et
908 2553 1052 2608 bibit
1077 2562 1228 2607 totus
1251 2549 1492 2605 mundus
1523 2568 1534 2602 :
1557 2549 1638 2604 sic
1666 2556 1724 2603 et
1749 2549 1805 2602 in
1826 2548 1986 2612 ccelo,
2009 2563 2164 2617 aqua:

582 2666 615 2704 a
643 2651 756 2704 Deo
801 2645 1082 2716 spiritales
1113 2652 1168 2698 et
1188 2650 1372 2697 mente
1414 2639 1808 2711 perceptihiles
1837 2656 1849 2691 :
1884 2648 1940 2693 et
1966 2639 2166 2693 bibunt

583 2739 761 2811 angeli
801 2746 858 2793 et
891 2752 1084 2792 omnes
1131 2733 1306 2788 sancti
1352 2731 1471 2787 Dei.
1506 2733 1613 2787 Per
1635 2732 1833 2787 ludam
1880 2739 2063 2786 autem
2093 2731 2165 2787 si-

583 2832 808 2904 gniﬁcat
853 2829 1151 2884 Dominum
1190 2827 1402 2890 Jesum,
1442 2841 1511 2880 ex
1556 2824 1704 2879 tribu
1732 2824 1872 2879 Juda
1901 2837 2163 2892 corpora-

581 2927 709 2982 liter
745 2924 1100 2995 productum.
1138 2920 1206 2975 Et
1245 2919 1385 2989 fons,
1423 2917 1625 2988 inquit,
1662 2933 1726 2971 ex
1759 2917 1912 2970 domo
1946 2915 2165 2970 Domini

588 3015 814 3077 easiliet,
863 3021 912 3067 et
955 3011 1144 3082 rigabit
1201 3017 1489 3062 torrentem
1525 3007 1814 3078 juncorum
1841 3008 1883 3060 ’.
1933 3006 2165 3060 Fontem

589 3105 750 3172 dicit,
795 3099 1168 3157 inenarrabile
1204 3098 1339 3152 illud
1368 3096 1630 3168 gaudium
1659 3105 1715 3151 et
1742 3095 1988 3151 lzctitiam
2013 3097 2167 3152 inex-

2283 604 2450 658 Ἀλλ’
2477 604 2724 673 ἥξουσι,
2763 606 2950 676 φησὶν,
2981 605 3100 660 ἀπὸ
3123 604 3323 674 Βορᾶν
3356 605 3469 677 (44)
3499 606 3600 661 καί
3623 605 3858 663 0W-

2269 711 2409 764 σης.
2441 697 2623 753 ἄλλοι
2655 697 2727 751 δὲ
2765 698 2834 752 ἐκ
2865 697 2980 770 γῆς
3027 698 3295 767 Περσῶν.
3338 700 3428 753 Ἐν
3479 697 3695 763 τούτοις
3740 701 3859 762 τοῖς

2269 789 2500 860 κλίμασι
2576 790 2649 845 τὰ
2707 789 2971 845 δοκοῦντα
3025 790 3156 862 ἔθνη
3211 787 3355 846 εἶναι
3393 830 3408 856 ,
3466 790 3854 861 παροικοῦσιν.

2266 883 2817 951 Εὺφραινέσθωσαν
2872 884 2986 954 (45)
3051 886 3106 939 ol
3163 884 3407 954 οὐρανοί
3439 924 3455 950 ,
3501 883 3652 938 τοῦτ’
3700 883 3856 936 ἐστιν

2268 975 2316 1026 οί
2348 973 2594 1042 ἄγγελοι,
2627 975 2724 1028 καί
2749 973 3143 1044 ἁγαλλιάσθω
3172 976 3210 1045 ἠ
3251 968 3350 1045 τῆ,
3385 975 3414 1028 ό
3438 974 3721 1046 σωτηρίας
3751 989 3851 1026 τυ-

2267 1063 2379 1134 χὼν
2437 1064 2587 1128 λαός.
2632 1065 2895 1133 Ῥηξάτω
2924 1066 3036 1138 (46)
3067 1066 3140 1121 τὰ
3191 1067 3298 1136 ὄρη
3347 1067 3762 1136 εὐφροσύνην,
3784 1065 3856 1120 τὰ

2267 1156 2498 1228 ἄκαρπα
2525 1158 2678 1228 ἔθνη,
2705 1161 2787 1222 είς
2813 1159 3122 1231 εὐκαρπίαν
3149 1160 3237 1213 διὰ
3261 1159 3362 1228 τῆς
3399 1159 3637 1223 πίστεως
3663 1162 3850 1231 χωρή-

2268 1266 2459 1303 σαντα.
2495 1249 2608 1304 Kal
2629 1253 2685 1305 ol
2716 1251 2935 1316 ,βουνοί
2968 1251 3379 1316 σταλόξονται
3421 1253 3847 1319 δικαιοσύνην,

2267 1342 2316 1394 οί
2351 1341 2460 1394 τῶν
2515 1342 2688 1396 ἐθνῶν
2738 1343 2979 1413 βασιλεῖς
3027 1361 3088 1396 τε
3151 1344 3247 1396 καὶ
3296 1343 3558 1414 ἄρχοντες
3607 1345 3849 1416 Χριστὸν

2268 1434 2664 1502 ἐπεγνωκότες,
2700 1437 2800 1506 τὴν
2829 1435 3090 1505 ἀλήθειαν
3121 1437 3217 1490 καὶ
3249 1436 3604 1507 δικαιοσύνην
3651 1439 3848 1509 κρίνα-

2264 1543 2348 1591 τε,
2376 1527 2508 1580 ’Ὁτι
2526 1526 2796 1594 ἠλέησεν
2825 1531 2859 1582 ὁ
2877 1529 3021 1592 Θεὸς
3050 1528 3159 1582 τὸν
3182 1527 3340 1583 λαὸν
3362 1528 3550 1584 αὑτοῦ
3569 1545 3583 1559 ·
3634 1530 3724 1584 ἵνα
3771 1531 3848 1603 μὴ

2265 1619 2446 1690 εἴπῃς,
2515 1618 2738 1688 Ἐρϐἄν,
2789 1620 2870 1673 ὅτι
2934 1621 3058 1684 τοὺς
3113 1619 3174 1688 ἐξ
3228 1620 3423 1675 Ἰακὼϐ
3475 1622 3672 1693 μόνους
3717 1623 3851 1677 λαὸν

2264 1712 2429 1766 αὐτοῦ
2481 1712 2728 1776 ἐκάλεσε,
2770 1713 2875 1766 Kal
2919 1712 3064 1779 τοὺς
3099 1713 3458 1780 ταπεινοὺς,
3522 1715 3679 1786 φησὶ,
3741 1716 3851 1770 τοῦ

2261 1801 2417 1855 λαοῦ
2470 1799 2924 1870 παρεκάλεσεν-ο
2968 1804 3134 1874 ῆγουν
3196 1805 3324 1867 τοὺς
3376 1806 3848 1875 καταπεπονημέ-

2263 1910 2388 1956 νους
2440 1894 2519 1956 είς
2573 1894 2712 1963 ἄγαν
2761 1897 2827 1964 τῇ
2895 1895 3160 1967 ἁμαρτίᾳ,
3235 1895 3490 1965 μεγάλως
3544 1897 3640 1950 καὶ
3690 1899 3846 1950 ἀντι-

2264 1985 2514 2056 λήψεται.
2545 1985 2654 2041 Kal
2697 1985 2871 2041 ἔσται
2893 1985 2968 2054 τῇ
3022 1987 3214 2057 ἡμέρᾳ
3241 1988 3466 2057 ἐκείνῃ,
3495 1990 3845 2043 ἀποστειλά-

2265 2072 2354 2139 ξει
2375 2075 2447 2128 τὰ
2469 2075 2577 2144 ὄρη
2611 2074 2720 2144 τῆς
2747 2077 3074 2143 ,βασιλείας
3110 2077 3485 2147 γλυκασμὸν,
3513 2078 3718 2149 ὕμνους
3749 2080 3844 2132 καὶ

2267 2167 2537 2238 μελῳδίας
2554 2170 2634 2231 είς
2661 2169 2835 2239 χαρὰν
2856 2170 2966 2222 τῶν
2994 2169 3186 2239 ἁγίων,
3212 2170 3372 2225 ἅτινά
3397 2171 3503 2223 είσι
3525 2170 3711 2242 πλήθη
3737 2170 3844 2223 τῶν

2263 2261 2511 2330 ἀγγέλων
2536 2260 2632 2314 τοῦ
2661 2261 2819 2316 Θεοῦ.
2851 2262 2961 2316 Kal
2995 2263 3050 2315 οί
3067 2261 3632 2331 ,βουνοὶρυήσονται
3665 2264 3840 2334 γάλα,

2264 2354 2480 2426 ἔναρξιν
2522 2355 2675 2418 θείας
2710 2356 3007 2419 ἑστιάσεως
3030 2395 3045 2420 ,
3081 2355 3314 2420 αἵτινές
3347 2358 3484 2408 εἰσιν
3517 2357 3572 2410 αἱ
3606 2357 3844 2427 κορυφαὶ

2263 2446 2372 2502 τῶν
2390 2447 2639 2516 ἀγγέλων
2655 2446 2928 2515 τοῦ-Θεοῦ.
2948 2447 3059 2501 Kal
3084 2447 3275 2503 πᾶσαι
3298 2451 3362 2501 al
3385 2448 3633 2517 ἀφέσεις
3645 2447 3842 2503 Ἰούδα

2257 2539 2595 2609 ρυήσονται
2616 2539 2838 2594 ὕδαταο
2867 2538 2966 2602 τὰς
2993 2539 3189 2610 νοητὰς
3223 2539 3430 2608 φλέγας
3473 2539 3585 2610 (47)
3619 2539 3843 2609 ἀφέσεις

2264 2631 2434 2700 λέγει,
2465 2631 2562 2694 τὰς
2585 2631 2841 2700 ἀφιείσας
2865 2629 2927 2684 τό
2955 2629 3065 2694 ζῶν
3087 2629 3252 2700 ὕδωρ,
3289 2631 3386 2684 καὶ
3409 2631 3512 2694 τὰς
3542 2631 3842 2702 βλυξούσας

2265 2722 2470 2792 πηγὰς,
2505 2721 2566 2774 τὸ
2598 2720 2861 2785 ζωοποιὸν
2901 2721 3050 2790 νᾶμα
3094 2721 3194 2791 τῆς
3231 2719 3509 2791 βασιλείας
3543 2723 3654 2775 τῶν
3682 2724 3844 2793 ούρα-

2265 2815 2395 2870 νῶν.
2433 2815 2645 2886 Ὠσπερ
2693 2814 2802 2884 γὰρ
2831 2815 2924 2866 ἐπὶ
2953 2814 3050 2884 τῆς
3095 2813 3200 2884 γῆς
3252 2812 3421 2867 ὕδατα
3466 2813 3682 2882 φλεϐῶν
3723 2815 3847 2886 βλύ-

2267 2907 2444 2973 ζουσι,
2480 2907 2572 2962 καὶ
2594 2908 2740 2960 πίνει
2780 2907 2900 2970 ὅλος
2933 2908 2962 2960 ὁ
2991 2906 3217 2977 κόσμος,
3249 2905 3393 2960 οὕτω
3421 2908 3517 2961 καὶ
3557 2908 3619 2961 ἐν
3646 2908 3726 2979 τῷ
3753 2906 3845 2962 οὔ·

2270 3001 2419 3072 ρανῷ
2441 3000 2609 3054 ύδατα
2635 2999 2742 3053 ἀπὸ
2766 2997 2902 3051 Θεοῦ
2932 2998 3118 3069 νοητὰ,
3148 2999 3242 3051 καὶ
3264 2999 3512 3052 πίνουσιν
3539 2999 3590 3052 οἱ
3621 2998 3847 3069 ἄγγελοι

2267 3093 2364 3146 καὶ
2395 3093 2600 3156 πάντες
2633 3093 2681 3145 oi
2714 3091 2858 3159 ἀγιοι
2896 3090 2991 3144 τοῦ
3023 3089 3184 3148 Θεοῦ.
3225 3089 3426 3144 Ἰούδαν
3453 3089 3514 3144 δέ
3549 3091 3846 3162 ἐμφαίνει,

583 3191 924 3263 plicabilem,
972 3197 1030 3243 et
1075 3187 1425 3250 fruitionem,
1481 3193 1537 3240 et
1594 3185 1782 3240 odoris
1837 3187 2164 3242 suavitatem

2269 3189 2360 3241 τὸν
2398 3188 2603 3258 Κύριον
2643 3185 2851 3258 Ἰησοῦν
2873 3227 2888 3252 ,
2922 3185 2998 3249 ὡς
3023 3188 3086 3239 ἐκ
3116 3185 3292 3256 φυλῆς
3315 3185 3411 3238 τοῦ
3447 3185 3621 3239 Ἰούδα
3654 3203 3850 3255 σωμαο

583 3282 765 3338 sancti
812 3280 1072 3350 Spiritus,
1116 3293 1238 3347 quae
1276 3277 1503 3347 quidem
1539 3292 1607 3331 ex
1663 3276 1782 3348 ipso
1825 3286 2165 3349 praepotente

584 3377 700 3431 Deo
729 3372 1088 3428 ineﬂ‘abiliter
1110 3381 1166 3427 et
1189 3372 1393 3443 iugiter
1420 3372 1537 3427 sive
1568 3372 1891 3442 perenniter
1921 3383 2163 3441 emanat,

587 3477 644 3524 et
675 3465 871 3537 rigabit
900 3473 1221 3520 sanctorum
1264 3464 1506 3536 agmina,
1557 3473 1614 3520 et
1639 3480 1735 3520 cor
1768 3464 2015 3535 ipsorum
2055 3474 2167 3523 tre-

588 3557 790 3613 menda
839 3556 930 3610 illa
973 3565 1030 3610 et
1080 3554 1506 3624 incomparabili
1563 3555 1840 3610 suavitate
1893 3555 2164 3627 implebit.

586 3649 846 3721 [Egyplus
891 3654 1159 3703 evanescet
1188 3663 1205 3701 :
1235 3646 1291 3700 id
1328 3655 1434 3713 est,
1480 3647 1662 3702 omnis
1684 3663 1863 3714 error,
1901 3657 1958 3704 et
1979 3648 2169 3706 lateris

588 3741 828 3798 faciendi
879 3739 1140 3804 servitus,
1179 3739 1233 3794 id
1282 3747 1387 3803 est,
1423 3739 1658 3808 peccati.
1707 3740 1775 3795 Et
1825 3740 2065 3797 Idumam
2111 3743 2167 3795 in

589 3852 838 3907 campum
868 3834 1170 3888 abolitionis
1198 3833 1312 3903 ﬁet.
1356 3835 1493 3889 Dico
1522 3850 1745 3890 omnem
1777 3847 1997 3906 gentem
2031 3837 2168 3892 alic-

589 3929 940 3999 nigenarum,
968 3936 1027 3981 et
1061 3942 1255 3980 eorum
1290 3927 1384 3996 qui
1422 3942 1533 3981 non
1552 3926 1780 3982 fuerunt
1806 3929 2023 3984 soboles
2043 3945 2170 3999 pre-

590 4021 746 4075 tiosa:
769 4020 1020 4090 piscinm,
1067 4036 1168 4090 per
1201 4030 1456 4075 sanctum
1484 4021 1781 4091 baptisma.
1809 4020 1932 4086 Quo
1957 4020 2168 4075 modo?

589 4111 670 4166 Eo
701 4111 860 4183 quod,
896 4111 1097 4182 inquit,
1135 4113 1431 4184 eﬁ'uderunt
1471 4115 1786 4184 sanguinem
1806 4113 2078 4183 justorum
2113 4114 2168 4166 in

589 4211 732 4256 terra
763 4219 882 4266 sua,
917 4203 1341 4272 prophetarum,
1393 4204 1793 4274 apostolorum,
1841 4213 2167 4276 martyrum.

589 4290 654 4346 Hi
683 4293 830 4346 enim
883 4291 1002 4356 ﬁlii,
1048 4302 1106 4348 et
1158 4293 1346 4359 amici,
1407 4303 1463 4348 et
1533 4295 1785 4365 germani
1830 4293 2033 4350 fratres
2059 4295 2168 4350 mei

589 4385 893 4442 Salvatoris
945 4384 1176 4452 Christi,
1230 4402 1297 4441 ex
1354 4385 1503 4441 tribu
1561 4387 1700 4442 Juda
1761 4385 2168 4442 admirabiliter

588 4478 796 4543 exorti;
833 4477 927 4548 qui
965 4477 1190 4547 quidem
1236 4487 1478 4533 atrocem
1513 4478 1660 4548 passi
1713 4487 1843 4533 sunt
1885 4478 2165 4548 injuriam,

588 4571 657 4625 ab
693 4570 829 4641 ipsis
856 4569 1138 4624 trucidati.
1179 4569 1366 4624 Judwa
1395 4579 1573 4624 autem
1600 4572 1656 4624 in
1683 4569 1936 4626 saeculum
1965 4571 2171 4625 habita-

587 4665 774 4718 bitur:
809 4677 932 4732 quae
963 4677 1201 4732 superna
1237 4670 1323 4716 est
1364 4661 1576 4726 Judzea,
1611 4678 1733 4732 quae
1759 4662 1985 4732 quidem
2019 4662 2172 4733 regio

586 4768 673 4814 cst
701 4756 869 4812 Verbi
922 4755 1023 4810 Dei
1076 4754 1349 4809 incarnati
1399 4770 1466 4809 ex
1497 4755 1660 4821 Juda,
1695 4762 1752 4809 et
1792 4770 1915 4824 quae
1937 4763 2022 4810 est
2052 4755 2171 4824 pri-

587 4850 1019 4921 mogenitorum.
1058 4847 1360 4902 Jerusalem
1388 4848 1444 4901 in
1469 4849 1834 4918 generationes
1869 4848 2172 4918 generatio-

588 4959 753 5008 num;
794 4957 907 4996 non
941 4955 1065 5011 qua:
1092 4948 1178 4995 est
1204 4940 1486 4995 terrestris
1509 4949 1565 4994 et
1589 4941 1717 5005 ima,
1760 4940 1857 4996 sed
1889 4955 2174 5011 superem-

587 5033 744 5088 lestis
772 5050 786 5086 :
816 5031 871 5086 id
898 5039 1004 5097 est,
1057 5039 1120 5084 ut
1165 5029 1326 5086 decet
1355 5029 1618 5086 distincte
1642 5031 1852 5097 dicere,
1885 5031 1942 5085 in
1965 5029 2165 5085 saecula

587 5125 936 5180 saeculorum.
960 5123 1029 5177 Et
1052 5125 1330 5192 exquiram
1354 5125 1665 5194 sanguinem
1687 5124 1944 5192 ipsorum,
1969 5137 2165 5193 nempe

589 5233 784 5274 eorum
830 5216 927 5287 qui
971 5216 1076 5271 sub
1107 5217 1229 5286 lege
1259 5216 1474 5282 vivunt,
1508 5224 1566 5271 et
1592 5224 1717 5286 post
1739 5217 1913 5288 legem
1945 5219 2001 5273 in
2024 5232 2168 5272 nova

589 5310 785 5383 gratia,
808 5317 1036 5380 propter
1057 5309 1495 5379 pulcherrimum
1521 5324 1682 5364 suum
1699 5309 2046 5381 martyrium,
2074 5311 2169 5381 qui

586 5413 816 5474 propter
843 5401 1017 5456 Deum
1047 5401 1333 5472 proprium
1377 5401 1701 5457 elluderunt
1732 5403 2082 5474 sanguinem,
2111 5414 2168 5460 et

2271 3279 2438 3344 τικῶς
2465 3279 2969 3350 ἀναϐλαστῆσαντα.
2999 3279 3107 3334 Kal
3140 3278 3325 3349 πηγὴ,
3365 3280 3551 3350 φησὶν,
3579 3279 3652 3345 ἐξ
3679 3280 3854 3335 οἴκου

2269 3373 2491 3441 Κυρίου
2522 3372 2939 3437 ἐξελεύσεται,
2982 3371 3082 3426 καί
3116 3371 3311 3426 ποτιεῖ
3349 3372 3458 3427 τὸν
3487 3374 3854 3442 χειμάρῤουν

2268 3464 2388 3519 τῶν
2411 3465 2697 3534 σχοίνων.
2741 3465 2933 3535 Πηγὴν
2958 3464 3128 3534 λέγει,
3157 3466 3256 3536 τὴν
3287 3465 3680 3539 ἀνεκδιήγητον
3706 3467 3854 3521 ἐκεί-

2268 3572 2367 3625 νην
2395 3554 2572 3626 χαρὰν
2602 3555 2696 3608 καὶ
2725 3555 3066 3626 εὐφροσύνην
3108 3556 3206 3609 καὶ
3233 3556 3536 3610 ἀπόλαυσιν
3563 3595 3578 3621 ,
3629 3557 3728 3610 καὶ
3761 3558 3854 3610 εὐ-

2267 3646 2430 3700 ωδίαν
2456 3646 2552 3700 τοῦ
2593 3647 2751 3715 ἁγίου
2786 3647 3127 3718 Πνεύματος,
3153 3649 3276 3720 ἥτις
3302 3648 3362 3715 ἐξ
3387 3648 3555 3702 αὐτοῦ
3585 3648 3682 3702 τοῦ
3707 3650 3855 3704 Hav-

2265 3741 2598 3812 τοκράτορος
2625 3740 3049 3812 ἀνερμηνεύτως
3072 3741 3167 3796 κα)¹
3192 3741 3433 3805 ἀεννάως
3463 3743 3851 3814 ἐκπορεύεται,

2267 3833 2363 3886 καὶ
2386 3837 2566 3886 ποτιεῖ
2586 3833 2656 3886 τὰ
2671 3832 2780 3887 τῶν
2807 3832 2980 3902 ἁγίων
3000 3834 3345 3904 συστήματα,
3373 3834 3467 3888 καὶ
3489 3835 3589 3906 τὴν
3619 3835 3854 3906 καρδίαν

2270 3927 2451 3982 αὐτῶν
2501 3927 2774 3999 ἐμπλήσει
2826 3927 3061 3998 φρικτῆς
3106 3926 3323 3998 ἐκείνης
3380 3928 3475 3981 καὶ
3513 3928 3852 3998 ἀσυγκρίτου

2273 4019 2560 4090 ήδύτητος.
2580 4020 2882 4088 Αἴγυπτος
2904 4018 3350 4088 είςάφανιονμὸν
3364 4018 3556 4074 ἔσται·
3569 4020 3720 4073 τοῦτ’
3735 4021 3852 4074 ἐστι

2271 4115 2422 4166 πᾶσα
2461 4113 2636 4182 πλάνη
2662 4149 2675 4174 ,
2708 4111 2804 4165 κα)⁸
2843 4113 2874 4181 ἡ
2902 4113 3001 4182 τῆς
3025 4112 3395 4175 πλινθοποιῖας
3419 4112 3654 4176 δουλεία,
3681 4114 3855 4184 ἤγουν

2268 4203 2368 4272 τῆς
2391 4203 2685 4275 ἁμαρτίας.
2705 4203 2814 4256 Kal
2833 4203 3136 4272 Ἰδουμαία
3163 4205 3250 4269 εις
3272 4202 3484 4256 πεδίον
3500 4203 3854 4273 ἀφανισμοῦ

2270 4293 2609 4364 γενήσεται.
2634 4293 2812 4359 Πᾶσα,
2828 4293 2992 4363 φημὶ,
3014 4293 3125 4345 τῶν
3149 4291 3483 4361 ἀλλοφύλων,
3501 4292 3612 4346 τῶν
3633 4295 3709 4363 μὴ
3725 4311 3856 4364 χρη-

2273 4387 2614 4458 ματισάντων
2635 4385 2872 4456 ἐκγόνων
2895 4387 2993 4456 τῆς
3020 4386 3207 4456 τιμίας
3230 4385 3615 4457 κολυμϐήθρας
3646 4385 3736 4439 διὰ
3757 4387 3854 4441 τοῦ

2274 4482 2428 4550 ἁγίου
2447 4479 2846 4551 βαπτίσματος.
2872 4480 2947 4531 Δι’
2969 4478 3028 4532 ὃν
3046 4479 3247 4550 τρόπον
3265 4495 3280 4545 ;
3298 4479 3453 4535 ’Δγ-θ’
3467 4479 3639 4545 ὅσον,
3664 4481 3852 4551 φησὶν,

2270 4574 2526 4642 ἐξέχεαν
2551 4567 2694 4643 αἷμα
2717 4571 2965 4626 δικαίων
2993 4572 3064 4625 ἐν
3093 4571 3166 4640 τῇ
3199 4571 3276 4644 γῇ
3297 4571 3852 4644 αὐτῶν,προφητῶν,

2270 4666 2608 4732 ἀποστόλων,
2644 4664 2960 4736 μαρτύρων.
3003 4659 3162 4719 Οὗτοι
3187 4666 3296 4737 γὰρ
3322 4668 3428 4720 υίοὶ
3457 4667 3549 4720 καλ⁵
3582 4667 3723 4736 φίλοι
3761 4670 3855 4721 καὶ

2269 4760 2517 4830 γνήσιοι,
2549 4758 2647 4812 καὶ¹
2677 4757 2897 4826 ἀδελφοὶ
2927 4757 3021 4810 τοῦ
3053 4758 3189 4828 ἐμοῦ
3220 4759 3472 4830 Σωτῆρος
3494 4759 3735 4831 Χριστοῦ
3758 4759 3852 4813 τοῦ

2271 4856 2334 4905 ὲκ
2363 4853 2460 4924 τῆς
2499 4851 2676 4921 φυλῆς
2739 4849 2908 4904 Ἰούδα
2967 4850 3284 4921 παραδόξως
3315 4851 3854 4923 ἀναϐλαστήσαντος,

2268 4943 2466 5006 οἵτινες
2518 4942 2772 5014 μεγάλως
2814 4943 3160 5014 ἠδικήθησαν
3231 4943 3668 5006 ἀποκτανθέντες
3723 4944 3856 5014 παρ’

2268 5035 2470 5091 αὐτῶν.
2547 5037 2619 5093 Ἡ
2667 5035 2736 5090 δὲ
2803 5036 3066 5091 Ἰουδαία
3109 5039 3198 5102 είς
3250 5035 3360 5091 τὸν
3414 5036 3601 5091 αίῶνα
3656 5055 3855 5091 κατοι-

2269 5127 2646 5196 κισθήσεται,
2702 5130 2736 5199 ἡ
2787 5127 2900 5183 ἄνω
2969 5127 3220 5192 Ἰουδαία,
3285 5130 3408 5199 ἥτις
3459 5129 3612 5200 χώρα
3671 5129 3768 5182 τοῦ
3797 5129 3858 5194 ἐξ

2291 5221 2464 5275 Ἰούδα
2497 5219 2874 5292 σαρκωθὲντος
2905 5221 3080 5289 Λόγου
3111 5221 3269 5285 Θεοῦ,
3304 5222 3400 5276 καὶ
3424 5223 3456 5292 ή
3481 5221 3592 5276 τῶν
3633 5239 3856 5293 πρωτοο

2271 5314 2450 5368 τόκων
2518 5311 3053 5383 Ἰερουσαλὴμ,είς
3098 5313 3308 5382 γενεὰς
3364 5312 3589 5385 γενεῶν
3619 5328 3636 5342 '
3694 5314 3793 5381 οὐχ
3820 5314 3854 5384 ή

2274 5405 2448 5470 κάτω,
2475 5405 2590 5460 ἀλλ’
2613 5405 2646 5475 ὴ
2671 5405 2994 5477 ἐπουράνιος
3015 5421 3030 5436 ·
3075 5403 3222 5459 τοῦτ’
3254 5405 3371 5459 ἐστι
3395 5404 3538 5459 κατὰ
3561 5404 3624 5458 τὸ
3652 5404 3855 5477 ἀνῆκον

653 5559 699 5591 ⁹⁹
728 5555 832 5614 lsa.
874 5558 1132 5626 xux,12.
1210 5556 1228 5589 ¹
1260 5557 1405 5613 Psal.
1429 5573 1548 5623 xcv,
1583 5559 1642 5613 il
1672 5559 1815 5627 ;lsa.
1879 5577 2026 5630 nix,
2073 5561 2162 5616 15.

2293 5562 2412 5619 Jocl
2452 5579 2530 5628 ιιι,
2568 5561 2656 5616 18.

2072 5681 2301 5739 NOTAE.

659 5771 771 5841 (44)
807 5742 1020 5838 Βορᾶνί
1049 5769 1238 5826 Scribe
1269 5767 1462 5841 βορῤᾱ.
1493 5769 1697 5826 Gcma'.

541 5891 550 5900 .
658 5840 772 5913 (45)
813 5845 997 5911 eae-9.
1028 5841 1219 5897 Scribc
1248 5840 1626 5912 εὐφραίνεσθε.
1662 5841 1735 5896 In.

2343 5773 2452 5846 (46)
2499 5773 2781 5838 Ῥηξίὶτω.
2817 5775 3006 5830 Scribe
3042 5775 3380 5846 ρηξάτωσαν.
3416 5774 3491 5830 In.

2344 5845 2456 5916 (47)
2490 5846 2740 5916 Φλέγας.
2759 5847 2950 5902 Scribe
2978 5847 3203 5917 φλέϐας.
3240 5847 3316 5902 In.
