4094 6532
304 477 414 539 745

303 591 407 660 τῆς
452 587 805 661 διακρίσεως,
829 588 911 652 εἰς
938 604 1067 651 τους
1101 584 1309 651 αἰῶνας
1352 586 1462 640 τῶν
1505 584 1743 639 αἰώνων.
1778 585 1890 639 Kai
1920 622 1966 677 Α

300 680 610 750 Munium
658 680 727 735 τὸ
762 675 910 751 αἷμα
951 678 1173 743 αὐτῶν,
1204 680 1377 750 ἤγουν
1400 678 1509 732 τῶν
1532 680 1589 732 ὲν
1615 677 1696 749 τῷ
1716 678 1891 751 νόμῳ,

300 775 397 828 καὶ
431 774 571 846 μετὰ
597 772 690 828 τὸν
719 774 888 845 νόμον
922 774 981 826 ὲν
1007 775 1074 844 τῇ
1097 772 1193 844 νέᾳ
1223 771 1434 843 χάριτι,
1462 770 1552 826 διὰ
1572 771 1669 843 τὴν
1702 771 1893 824 καλλί-

300 880 437 936 στην
468 864 648 919 αὐτῶν
677 865 1013 935 μαρτυρίαν,
1042 863 1395 934 ὲκχυσάντων
1425 862 1514 916 διὰ
1550 862 1641 916 τὸν
1673 862 1809 916 Θεὸν
1830 863 1894 916 τὸ

297 952 442 1028 αἷμα
494 955 557 1009 τὸ
587 956 812 1020 οἰκεῖον,
845 956 942 1009 καὶ⁸
974 954 1063 1008 διὰ
1096 953 1196 1025 τὴν
1220 956 1316 1008 τοῦ
1339 954 1517 1022 Λόγου
1547 954 1717 1007 αὑτοῦ
1755 970 1895 1007 παν-

298 1046 569 1118 ἀχραντον
587 1044 891 1115 σάρκωσιν.
926 1044 1037 1098 Καὶ
1064 1044 1125 1096 οὐ
1156 1042 1235 1115 μὴ
1257 1042 1502 1097 ἀθωώσω
1535 1044 1755 1107 αὐτοὺς,
1779 1043 1895 1097 ἀλλ’

1235 473 1691 535 DISPUTATIO
1729 474 1889 534 CUM
1931 473 2298 537 IIERBANO
2330 472 2618 537 JUD/EO.

3485 475 3593 540 746

1997 596 2229 657 propter
2253 586 2421 642 Verbi
2455 587 2633 658 ipsius
2673 584 3026 657 purissimam
3057 595 3113 641 et
3133 585 3363 643 omnino
3394 587 3592 660 impol-

1995 677 2168 732 lutam
2213 675 2679 733 incarnationem.
2718 676 2915 748 Neque
2967 675 3300 733 innocentes
3331 676 3481 748 ipsos
3499 680 3591 750 ju-

1996 769 2216 835 dicabo,
2250 769 2346 824 sed
2376 768 2502 840 igne
2546 769 2888 840 sempiterno
2923 784 3270 831 consumam.
3296 770 3365 825 Et
3400 770 3587 833 Donni-

1996 878 2096 915 nus
2130 862 2416 927 requiescet
2458 863 2514 915 in
2556 878 2790 929 superna
2825 859 2985 915 Sione
3008 863 3051 915 ³.
3097 862 3224 917 Haec
3248 878 3380 921 vera
3410 862 3585 917 inter-

1996 953 2241 1024 pretatio
2286 963 2396 1035 est,
2444 970 2477 1009 ο
2517 953 2795 1010 Herbane.
2853 953 3011 1021 Quod
3056 955 3103 1010 si
3152 955 3335 1011 adhuc
3372 954 3584 1025 aliquid

1998 1046 2359 1115 perverti,sut
2383 1054 2512 1100 ante
2540 1044 2753 1111 dixisti,
2793 1046 3083 1118 redarguo.

296 1144 355 1195 ὲν
386 1140 525 1210 πυρὶ
552 1120 899 1207 ἀτελευτήτῳ
928 1135 1320 1191 καταναλώσω.
1348 1136 1459 1190 Καὶ
1493 1136 1714 1215 Κύριος
1740 1137 2204 1203 κατασκηνώσει
2246 1136 2318 1191 ἐν
2357 1136 2431 1206 τῇ
2489 1137 2614 1191 ἄνω
2660 1136 2833 1191 Σιών.
2897 1136 3088 1209 Ta.th
3153 1137 3364 1211 ἀληθὴς
3405 1138 3584 1210 19w;-

294 1234 436 1297 νεία,
483 1233 703 1304 Ἐρσᾶν.
738 1230 803 1285 Εἰ
836 1232 894 1285 δὲ
932 1231 1015 1285 ἔτι
1041 1230 1335 1304 διέστρεψα
1356 1274 1372 1298 ,
1396 1232 1473 1294 ὡς
1517 1232 1882 1303 προείρηκας,
1923 1232 2165 1302 ἔλεγξον.

368 1325 618 1379 ΕΡΒΑΝ.
664 1324 757 1395 Μή
804 1340 895 1395 μοι
946 1324 1159 1393 γένοιτο
1200 1323 1377 1389 οὕτως
1398 1324 1566 1396 ἔχειν.
1616 1325 1757 1378 Ἀλλ’
1792 1320 1886 1379 οῦν

308 1416 563 1479 Ἰουδαῖος
594 1411 663 1487 ἦν
692 1417 721 1468 6
750 1416 1061 1487 προφήτης,
1095 1416 1369 1481 Ἰουδαίοις
1420 1417 1594 1471 ταῦτα
1624 1417 1721 1471 καὶ
1752 1434 1888 1489 προ·-

293 1508 618 1579 εφθὲγξατο.
643 1511 963 1564 Βασιλεύει
995 1508 1107 1580 γὰρ
1138 1512 1171 1563 ό
1202 1511 1349 1575 Θεὸς
1375 1495 1720 1578 πάσηςτῆς
1748 1509 1883 1579 γῆς,

291 1601 482 1673 ὥσπερ
505 1602 678 1673 αὐτὴν
708 1601 804 1654 καὶ
829 1599 1327 1673 δεδημιούργηκεν.
1349 1601 1584 1667 Οὐκοῦν,
1611 1602 1888 1657 Ψάλλετε

290 1692 471 1758 αὐτῷ,
507 1693 674 1763 φησὶν
703 1694 733 1746 ό
760 1692 949 1759 Δαῦὶδ,
977 1693 1059 1759 ὡς
1084 1694 1452 1758 ,βασιλεῖκαί
1483 1694 1625 1760 Θεῷ.

361 1786 471 1839 Καὶ
492 1790 532 1837 υ
554 1785 773 1838 ΛΓΙΟΣ.
792 1784 926 1837 Τίνα
944 1780 1038 1839 οὖν
1064 1786 1201 1856 μετὰ
1217 1784 1389 1839 ταῦτα
1410 1786 1607 1854 ἐπάγει
1624 1786 1653 1838 6
1669 1787 1885 1858 προφή-

288 1893 388 1947 της
414 1894 428 1942 ;
471 1876 883 1939 Ἐϐασίλευσε,
912 1877 1098 1947 φησὶν,
1131 1879 1165 1930 ὀ
1191 1877 1339 1942 Θεὸς
1364 1878 1460 1930 ἐπὶ
1482 1877 1554 1931 τὰ
1574 1878 1722 1946 ἔθνη
1741 1878 1879 1950 (48),

288 1968 319 2020 6
347 1938 451 2022 ἆσέι
494 1938 952 2039 ὲνανθρωπήσας,
973 1938 1010 2021 ¹ὁ
1041 1938 1135 2021 καὶ
1175 1938 1516 2039 ἀναληφθεὶς
1557 1969 1637 2032 εἰς
1790 1938 1883 2024 o6;
1916 1938 1958 1993 Β

293 2059 479 2131 ρανὸν,
513 2058 657 2131 μετὰ
685 2060 745 2112 τὸ
775 2059 993 2114 τελέσαι
1023 2058 1125 2131 τὴν
1153 2060 1493 2131 οἰκονομίαν,
1520 2061 1615 2114 καὶ
1639 2060 1882 2125 καθίσας

287 2156 356 2207 ὲκ
384 2152 577 2219 δεξιῶν
614 2153 708 2206 τοῦ
762 2154 1133 2225 γεννήσαντος
1180 2152 1345 2207 αὐτὸν
1373 2155 1464 2207 ἐπὶ
1495 2153 1687 2226 θρόνου
1724 2154 1881 2223 ἁγίου

287 2242 477 2301 αὐτοῦ.
522 2244 649 2298 Ἐάν
696 2242 805 2315 γὰρ
849 2244 946 2298 καὶ
982 2244 1251 2316 βουληθῇς
1289 2247 1463 2299 εἰπεῖν
1514 2247 1597 2300 ὅτι
1626 2246 1881 2319 περὶτοῦ

285 2336 603 2407 ἁσωμάτως
630 2335 891 2405 ὀφθέντος
941 2335 1076 2390 Θεοῦ
1109 2338 1317 2408 Μωῦσῇ
1348 2338 1439 2390 καὶ
1477 2337 1633 2409 Ἠλίᾳ
1683 2340 1740 2391 ὲν
1767 2340 1883 2403 τοῖς

284 2427 440 2499 ὄρεσι
493 2429 608 2490 τοῖς
657 2428 987 2498 περιφανέσι
1026 2425 1189 2482 τοῦτο
1218 2428 1494 2494 λέλεκται,
1525 2429 1634 2499 ἔχω
1668 2447 1724 2483 σε
1758 2431 1880 2484 επις

286 2519 547 2590 στομίσαι
568 2557 583 2583 ,
607 2520 691 2573 ὅτι
711 2520 804 2572 ἐπὶ
818 2520 910 2573 τὸν
928 2520 990 2574 τὸ
1004 2520 1163 2591 σῶμα
1189 2521 1524 2592 κεκτημένον
1544 2521 1782 2590 λέγεται,
1796 2521 1879 2589 τὸ,

282 2610 538 2679 κάθηται
560 2628 575 2644 ο
604 2611 720 2675 καὶ,
752 2609 951 2667 Κάθου
982 2612 1052 2665 ἐκ
1081 2610 1300 2677 δεξιῶν
1319 2628 1460 2681 μου·
1487 2614 1603 2677 καὶ,
1636 2612 1882 2667 Ἀναπε-

283 2702 417 2757 σὼν
440 2703 763 2772 κεκοίμηκε
788 2719 804 2734 ⁸
846 2704 939 2757 καὶ
983 2703 1052 2757 τά
1090 2702 1299 2757 τούτων
1346 2703 1711 2775 παραπλήσια
1736 2721 1751 2735 ο
1787 2705 1881 2758 καὶ

282 2796 409 2867 οὐχὶ
442 2798 573 2866 περί
600 2796 703 2865 τῆς
731 2796 1032 2865 ἀσωμάτου
1064 2794 1345 2866 θεότητος,
1378 2796 1447 2865 ἦν
1478 2812 1585 2866 περ
1629 2796 1729 2867 οὐχ
1775 2796 1879 2849 ἑώ-

286 2891 422 2959 ρακὲ
445 2905 531 2952 τις
548 2888 712 2943 ὁποία
730 2890 901 2951 ἐστὶν,
933 2889 1042 2942 εἴτε
1072 2888 1334 2959 κάθηται,
1364 2889 1474 2941 εἴτε
1500 2888 1736 2952 ἵσταται,
1766 2890 1877 2942 εἴτε

280 2982 342 3035 οὐ
357 2981 614 3052 κάθηται,
630 2981 740 3034 εἴτε
758 2981 1191 3047 ἀσπάζεται,καί
1210 2980 1637 3034 ἰπανακέκλιται
1648 2980 1712 3033 δι’
1728 2980 1875 3036 ὅλου.

356 3074 604 3130 EPBAN.
666 3073 979 3146 Πράγματά
1031 3091 1122 3145 μοι
1172 3073 1384 3144 ὁμιλεῖς
1443 3073 1587 3126 πάνυ
1634 3072 1874 3139 ἐξαίσια.

280 3169 365 3223 Δι’
389 3170 458 3241 ἢν
486 3169 545 3223 δὲ
587 3168 771 3224 αἰτίαν
819 3168 1115 3239 μετέπειτα
1149 3167 1283 3238 (49)
1315 3166 1466 3236 λέγει
1497 3169 1526 3220 6
1554 3166 1873 3237 προφήτης,

2064 1326 2271 1381 HERB.
2316 1325 2474 1381 Absit
2519 1336 2582 1381 ut
2621 1325 2801 1381 fatear
2840 1328 2914 1383 ita
2964 1344 3109 1384 esse.
3162 1329 3460 1385 Enimvero
3493 1328 3587 1385 Ju‘

1992 1417 2148 1473 dmus
2178 1429 2300 1474 erat
2325 1419 2621 1490 propheta,
2654 1428 2709 1475 et
2733 1420 2941 1476 Judaeis
2972 1422 3088 1477 hil-)0
3114 1422 3408 1492 praedixit:
3440 1421 3581 1476 Dens

1993 1513 2133 1566 enim
2164 1528 2259 1566 rex
2286 1522 2361 1567 est
2401 1515 2574 1568 omnis
2619 1522 2797 1577 terrm,
2823 1515 2969 1569 sicut
3006 1515 3122 1585 ipse
3159 1515 3302 1570 hanc
3344 1516 3578 1570 creavit.

1990 1603 2344 1675 QuaprOpter
2377 1606 2456 1660 ait
2484 1606 2682 1674 David,
2720 1606 2946 1662 Psallite
2972 1610 3021 1663 ei
3044 1616 3101 1661 ut
3126 1608 3238 1679 regi
3260 1618 3307 1662 et
3330 1608 3439 1662 Deo
3464 1608 3505 1662 ⁸.

2067 1695 2124 1751 S.
2156 1696 2363 1752 ARCH.
2412 1698 2675 1765 Quaenam
2724 1699 2895 1771 igitur
2945 1700 3183 1756 subinde
3236 1700 3391 1756 addit
3444 1715 3581 1772 pro-

1990 1787 2197 1858 pheta?
2232 1789 2511 1860 Regnavit,
2566 1791 2767 1862 inquit,
2802 1792 2940 1847 Deus
2965 1794 3021 1847 in
3048 1794 3287 1864 gentibus
3313 1810 3331 1850 :
3354 1793 3446 1849 ille
3477 1792 3579 1864 qui

1991 1879 2158 1935 homo
2197 1882 2377 1937 factus
2410 1892 2516 1948 est,
2557 1894 2613 1939 et
2656 1884 2752 1955 qui
2796 1894 3116 1956 assumptus
3148 1887 3317 1942 estin
3346 1888 3576 1953 caelum,

1987 1980 2278 2043 postquam
2328 1990 2551 2031 omnem
2597 1977 3068 2047 dispensationem
3099 1980 3362 2044 absolvit.
3393 1990 3451 2035 et
3478 1982 3575 2052 qui

1986 2064 2131 2120 sedit
2172 2081 2204 2120 a
2258 2065 2473 2122 dextris
2512 2068 2633 2140 ejus
2668 2070 2764 2140 qui
2814 2071 2992 2141 ipsum
3035 2073 3249 2143 genuit,
3286 2073 3342 2127 in
3369 2073 3576 2129 throno

1985 2167 2177 2215 sancto
2226 2175 2347 2216 suo.
2393 2161 2533 2216 Nam
2584 2163 2629 2217 si
2674 2164 2921 2219 volneris
2970 2165 3160 2222 dicere
3217 2166 3325 2222 hoc
3361 2166 3573 2222 dictum

1982 2265 2107 2307 esse
2137 2251 2206 2307 de
2236 2253 2372 2319 Deo,
2419 2255 2515 2324 qui
2553 2255 2687 2311 Mosi
2721 2265 2775 2311 et
2800 2250 2933 2314 Elia:
2964 2256 3395 2331 incorporaliter
3418 2260 3574 2321 visus

1983 2352 2069 2400 est
2093 2346 2148 2399 in
2181 2346 2467 2402 montibus
2510 2348 2681 2405 editis
2724 2360 2781 2405 et
2822 2353 3181 2423 conspicuis;
3214 2371 3440 2426 possum
3470 2357 3572 2413 tibi

1983 2450 2047 2491 os
2071 2436 2364 2493 obstruere
2401 2442 2705 2509 :quoniam
2749 2442 2908 2510 illud,
2951 2445 3117 2511 sedet,
3172 2447 3379 2503 dicitur
3407 2450 3476 2505 de
3503 2467 3573 2507 eo

1982 2529 2076 2600 qui
2106 2545 2339 2601 corpore
2368 2533 2634 2603 praeditus
2664 2545 2747 2590 est
2778 2551 2791 2589 :
2823 2543 2880 2591 et
2914 2536 3048 2593 illud
3082 2556 3094 2592 :
3124 2537 3259 2594 Sede
3298 2560 3329 2596 a
3369 2543 3571 2599 dextris

1982 2622 2111 2674 meis
2144 2621 2167 2651 ⁸
2204 2639 2216 2675 :
2250 2631 2305 2677 et
2336 2640 2347 2677 :
2388 2623 2677 2679 Considens
2720 2626 3002 2694 dormivit;
3046 2640 3103 2686 et
3154 2649 3276 2703 quae
3319 2646 3450 2691 sunt
3483 2637 3570 2693 bis

1980 2711 2181 2767 similia
2220 2732 2232 2768 :
2280 2732 2402 2785 quae
2446 2709 2517 2772 de
2567 2718 2892 2792 incorporea
2939 2722 3231 2781 divinitate
3287 2727 3399 2783 dici
3454 2746 3568 2787 non

1980 2819 2237 2878 possunt,
2279 2810 2445 2883 64⁸1
2499 2828 2667 2884 quam
2712 2829 2876 2870 nemo
2914 2832 3157 2889 unquam
3197 2820 3339 2876 vidit
3378 2824 3569 2895 cujus-

1982 2900 2131 2955 modi
2178 2910 2285 2967 est,
2330 2910 2516 2957 utrum
2562 2904 2740 2970 sedet,
2773 2921 2842 2959 an
2872 2916 3001 2965 stat.
3034 2924 3105 2964 an
3135 2926 3247 2966 non
3272 2911 3452 2979 sedet,
3478 2916 3566 2972 vel

1980 3001 2167 3047 utrum
2204 2994 2580 3064 amplectitur,
2602 3014 2668 3052 an
2695 2998 2963 3055 reclinata
2991 3009 3076 3056 est
3098 3018 3198 3073 per
3220 3004 3560 3065 universum.

2049 3079 2255 3135 HERB.
2289 3083 2556 3140 Inusitata
2594 3102 2825 3156 prorsus
2858 3098 2917 3144 et
2952 3090 3236 3162 inopinata
3277 3112 3343 3153 ac
3376 3100 3567 3168 prodi-

1978 3171 2130 3243 giosa
2163 3174 2300 3230 mihi
2322 3192 2536 3233 narras.
2565 3177 2673 3235 Sed
2709 3195 2809 3235 cur
2841 3192 3033 3251 postea
3069 3187 3341 3257 propheta
3377 3191 3513 3249 dicit
3547 3212 3561 3248 :

292 3258 578 3327 ’Υπέταξε
605 3260 798 3327 λαοὺς
825 3259 971 3329 ἡμῖν
989 3303 1005 3325 ,
1056 3258 1158 3313 καί
1189 3259 1332 3327 ἔθνη
1364 3257 1485 3314 ὑπὸ
1510 3258 1656 3323 τοὺς
1681 3258 1873 3325 πόδας

1979 3266 2205 3337 Subjecit
2247 3272 2467 3341 populos
2496 3274 2663 3339 nobis,
2705 3284 2753 3328 et
2780 3284 2957 3345 gentes
2983 3278 3081 3331 sub
3103 3282 3318 3350 pedibus
3344 3287 3559 3341 nostris.

279 3352 474 3422 ἡμῶν.
513 3353 874 3419 Ἔξελέξατο
906 3352 1050 3421 ἡμῖν
1078 3352 1194 3420 τὴν
1219 3352 1635 3422 κληρονομίαν
1659 3351 1870 3418 αὐτοῦ,

279 3442 401 3507 τὴν
426 3442 747 3511 καλλονὴν
778 3442 983 3497 Ἰακὼϐ
1011 3440 1091 3509 ἢν
1126 3441 1493 3511 ἠγάπησεν;
1550 3444 1611 3495 '0
1644 3441 1872 3509 ἐκλεξά-

284 3550 451 3602 μενος
493 3535 679 3588 τοίνυν
719 3534 791 3588 «ca
833 3534 963 3605 ἔθνη
992 3573 1007 3597 ,
1065 3534 1160 3589 καὶ¹
1211 3533 1548 3605 βασιλεύσας
1580 3534 1637 3588 ἐν
1665 3535 1871 3599 αὐτοῖς,

279 3626 351 3678 δι’
376 3626 446 3696 ῆν
475 3626 660 3681 αἰτίαν
691 3624 869 3679 ταῦτα
892 3623 1134 3689 ὑπέταξε
1166 3624 1283 3692 τὴν
1307 3624 1629 3693 καλλονὴν
1650 3623 1870 3689 Ἰακὼϐ,

280 3716 454 3786 ἤγουν
483 3717 616 3787 ἡμῖν
646 3715 761 3780 τοῖς
788 3716 850 3783 ἐξ
878 3712 1074 3769 Ἰακὼϐ
1106 3715 1585 3786 άναόλαστήσασιν
1611 3715 1876 3788 Ἰσραηλί-

275 3825 406 3872 ταις
425 3825 441 3875 ;

353 3923 461 3976 Καὶ
508 3924 551 3978 Ο
596 3922 817 3979 ΔΓῙΟΣ.
873 3922 933 3977 Ὀ
959 3920 1175 3995 ψαλμὸς
1198 3916 1351 3986 οὗτος
1384 3938 1450 3975 πε
1462 3923 1515 3994 ρί
1544 3922 1639 3995 τῆς
1668 3923 1874 3996 ἀναλή-

274 4015 429 4085 ψεως
450 4016 549 4069 τοῦ
574 4015 784 4087 Κυρίου
812 4034 916 4087 μου
938 4014 1117 4087 Ἰησοῦ
1137 4015 1376 4088 Χριστοῦ
1402 4014 1684 4087 Πνεῦματι
1706 4017 1870 4088 ἁγίῳ,

281 4105 688 4177 μυστηριωδῶς
718 4106 824 4159 ὑπὸ
853 4106 947 4159 τοῦ
985 4106 1269 4177 προφήτου
1294 4106 1649 4177 διεξηχεῖται,
1681 4108 1872 4181 ἐπειδὴ

274 4199 433 4265 λέγει
489 4198 622 4269 περὶ
676 4196 776 4268 τῆς
828 4197 1128 4268 θεωθείσης
1178 4199 1383 4271 σαρκὸς
1438 4201 1505 4254 δι’
1555 4200 1872 4273 ἀφθαρσίας

280 4292 425 4361 μετὰ
457 4293 557 4363 τὴν
589 4292 655 4344 ὲκ
672 4291 900 4364 νεκρῶν
926 4290 1226 4345 ἀνάστασιν
1257 4293 1353 4345 τοῦ
1387 4293 1712 4364 μονογενοῦς
1738 4294 1869 4347 Υίοῦ

1975 3355 2154 3428 Elegit
2180 3360 2325 3414 nobis
2360 3363 2719 3418 [nereditatem
2752 3382 2927 3431 suam,
2962 3372 3183 3439 speciem
3210 3370 3375 3429 Iacob
3399 3392 3562 3448 quam

1975 3448 2159 3541 dilexit
2183 3452 2224 3507 '.
2262 3451 2369 3520 Qui
2390 3455 2559 3527 elegit
2588 3457 2763 3528 igitur
2786 3468 2980 3530 gentes
3014 3471 3071 3517 et
3108 3467 3363 3535 regnavit
3388 3469 3443 3524 in
3472 3471 3561 3541 ip-

1976 3540 2073 3607 sis,
2106 3560 2271 3614 quam
2304 3546 2377 3601 ob
2413 3563 2638 3603 causam
2664 3549 2782 3605 haec
2815 3551 3074 3623 subjecit,
3109 3560 3335 3627 speciem
3371 3540 3559 3629 Iacob,

1974 3650 2175 3709 nempe
2198 3638 2359 3695 nobis
2390 3640 2659 3699 lsraelitis
2682 3658 2749 3699 ex
2769 3643 2938 3701 Jacob
2966 3648 3218 3705 exortis?

2046 3913 2103 3969 S.
2117 3912 2324 3970 ARCH.
2341 3914 2440 3969 llic
2465 3915 2709 3985 psalmus
2726 3914 2793 3971 de
2811 3919 3189 3991 assumptione
3210 3922 3431 3982 Domini
3449 3928 3560 3991 mei

1972 4005 2101 4061 Jesu
2126 4005 2354 4073 Christi,
2386 4006 2598 4077 Spiritu
2630 4017 2823 4065 sancto
2847 4012 3077 4084 mystice
3106 4030 3136 4069 a
3168 4017 3439 4088 propheta
3463 4019 3560 4076 de-

1973 4106 2262 4152 cantatur:
2299 4098 2560 4169 quoniam
2594 4099 2732 4155 dicit
2759 4101 2827 4156 de
2844 4118 3011 4159 carne
3035 4121 3159 4161 cum
3186 4107 3392 4166 deitate
3419 4127 3558 4170 con-

1966 4188 2158 4262 juncta
2188 4208 2288 4262 per
2313 4192 2787 4263 incorruptionem
2811 4202 2935 4264 post
2963 4211 2993 4249 a
3027 4200 3265 4254 mortuis
3304 4219 3558 4260 resurre-

1972 4282 2213 4338 ctionem
2243 4284 2510 4356 unigeniti
2546 4286 2643 4341 Dei
2673 4286 2821 4351 Filii,
2851 4286 2987 4342 illud
3013 4305 3027 4342 :
3061 4289 3308 4347 Ascendit
3342 4294 3480 4351 Deus
3502 4300 3557 4353 in

274 4383 375 4437 τοῦ
403 4382 561 4447 Θεοῦ,
593 4384 676 4446 τὸ,
714 4384 926 4453 Ἀνέϐη
952 4386 985 4437 ό
1011 4383 1151 4451 Θεὸς
1181 4385 1249 4438 ἐν
1274 4385 1626 4457 ἀλαλαγμῷ,
1652 4388 1870 4456 Κύριος

1979 4375 2135 4438 iubilo
2157 4416 2171 4441 ,
2201 4375 2461 4431 Dominus
2482 4378 2539 4431 in
2574 4395 2693 4432 voce
2728 4377 2866 4433 tuba!
2889 4379 3139 4435 ’.ὕει-οε
3177 4385 3325 4439 enim
3362 4402 3557 4444 ascen-

274 4480 349 4528 ἐν
400 4472 571 4542 φωνῇ
617 4473 981 4543 σάλπιγγος.
1043 4474 1220 4545 Σαρκὶ
1267 4475 1378 4547 γὰρ
1424 4476 1592 4547 ἀνέϐη
1638 4476 1867 4548 Κύριος,

275 4568 378 4621 καὶ
410 4566 573 4620 πάλιν
607 4565 834 4635 κατέϐη.
893 4565 966 4618 Τὸ
998 4565 1218 4636 πρῶτον
1250 4566 1351 4636 μὲν
1372 4609 1387 4633 ,
1433 4568 1638 4623 ὁπόταν
1672 4569 1869 4639 ἀνελή-

1970 4467 2051 4521 dit
2077 4468 2363 4533 Dominus,
2394 4478 2450 4523 et
2475 4485 2669 4524 rursus
2692 4469 3000 4525 descendit.
3031 4471 3276 4529 Primum
3301 4478 3553 4546 quidem,

1971 4575 2095 4613 cum
2128 4560 2181 4613 in
2212 4560 2382 4616 caelos
2407 4569 2722 4630 assumptus
2756 4570 2878 4617 est:
2920 4564 3121 4620 deinde
3148 4582 3306 4634 vero,
3331 4572 3556 4639 quando

278 4658 393 4728 φθη
450 4659 531 4721 είς
576 4658 706 4721 τοὺς
749 4626 1060 4728 οῦρανούςί
1127 4626 1611 4727 καίμετέπειτα,
1663 4626 1865 4714 όπότοίν

1979 4647 2266 4703 descendet
2316 4666 2347 4703 ο
2388 4651 2529 4704 caelo
2568 4650 2924 4720 judicaturus
2987 4668 3182 4709 omnes
3229 4626 3556 4727 peceatores

278 4747 657 4817 καταϐήσεται
710 4747 774 4799 ὲκ
819 4746 914 4799 τοῦ
959 4745 1193 4816 οὐρανοῦ
1252 4750 1435 4818 κρῖναι
1482 4748 1692 4812 πάντας
1740 4749 1866 4811 τοὺς

279 4841 645 4912 ἁμαρτωλοὺς
691 4840 793 4909 τῆς
840 4840 961 4911 γῆς.
1027 4842 1161 4910 Περὶ
1197 4839 1307 4912 γὰρ
1345 4844 1444 4910 τῆς
1475 4842 1746 4912 θεότητος,
1784 4842 1865 4905 τὸ,

278 4932 491 5001 ἀνέϐη,
524 4932 623 4987 καί
653 4932 892 5000 κατέϐη,
939 4932 1038 4985 οὐκ
1070 4932 1307 5003 εἴρηται.
1358 4933 1652 5004 Μάρτυρες
1681 4934 1736 4987 δὲ
1765 4934 1867 5004 τῆς

279 5023 643 5087 ἀναστάσεως
675 5022 845 5078 αὑτοῦ
866 5063 881 5086 ,
928 5022 1032 5085 ,καὶ
1069 5022 1170 5091 τῆς
1201 5023 1392 5076 ἀνόδου
1412 5063 1426 5087 ,
1475 5025 1523 5077 οἰ
1555 5023 1867 5077 ἀπόστολοι.

280 5114 499 5170 Οὐκοῦν
528 5114 717 5186 ἐπειδὴ
746 5112 1069 5168 ἀπέστειλεν
1095 5114 1295 5177 αὐτοὺς
1325 5112 1669 5184 μαθητεῦσαι
1695 5114 1871 5167 πάντα

281 5209 355 5262 τὰ
387 5208 551 5279 ἔθνη,
604 5208 704 5262 καὶ
746 5207 935 5279 ἐπειδὴ
977 5207 1037 5273 ἐξ
1067 5207 1288 5281 Ἰσραὴλ
1316 5202 1480 5278 ἦσαν,
1518 5207 1612 5261 καὶ
1646 5209 1872 5277 σπέρμα

294 5299 497 5355 Ἰακὼϐ
555 5301 619 5355 τὸ
670 5301 812 5357 κατὰ
867 5300 1048 5373 σάρκα
1101 5299 1475 5373 ἐχρημάτιζον
1504 5339 1521 5363 ,
1585 5298 1702 5354 ἀνθ’
1744 5300 1871 5354 ὅσου

282 5395 488 5458 αὐτοὺς
539 5394 752 5458 πάντας
800 5392 928 5457 τοὺς
974 5394 1033 5462 εξ
1074 5393 1299 5465 Ἰσραὴλ
1344 5390 1626 5458 ἐξελέξατο
1660 5388 1873 5463 Ἰησοῦς

284 5484 527 5558 Χριστὸς
561 5487 590 5538 6
614 5485 747 5549 Θεὸς
775 5483 933 5557 ἡμῶν
964 5485 1042 5547 εἰς
1074 5483 1446 5556 κληρονομίαν
1476 5481 1690 5554 ἑαυτῷ·
1749 5480 1873 5536 ἰδὼν

1968 4745 2147 4793 terrae.
2183 4740 2316 4794 Nam
2350 4741 2420 4797 de
2458 4742 2665 4797 deitate
2699 4743 2951 4812 verbum,
2996 4748 3229 4801 ascendit
3263 4758 3311 4803 et
3335 4752 3555 4825 desgen-

1968 4833 2064 4895 dit,
2089 4849 2197 4887 non
2217 4834 2567 4889 enuntiatum
2587 4842 2691 4889 est.
2713 4834 2907 4891 Testes
2924 4847 3106 4892 autem
3129 4843 3555 4900 resurrectionis

1968 4929 2089 4995 ejus
2111 4934 2165 4979 et
2192 4926 2533 4981 ascensionis
2552 4926 2777 4982 fuerunt
2806 4928 3064 4996 apostoli.
3093 4929 3551 5002 Quandoquidem

1971 5016 2142 5088 igitur
2185 5017 2335 5071 misit
2378 5018 2528 5087 ipsos
2566 5018 2637 5081 ad
2679 5018 2990 5073 docendum
3032 5030 3224 5091 gentes
3262 5039 3455 5081 omnes
3498 5036 3555 5095 et

1967 5108 2226 5179 quoniam
2273 5108 2328 5162 hi
2372 5117 2535 5164 erant
2571 5125 2638 5164 ex
2671 5110 2895 5175 lsraele,
2935 5118 2992 5164 et
3044 5127 3231 5168 semen
3265 5114 3435 5171 Jacob
3467 5133 3557 5173 sc-

1969 5202 2213 5260 cundum
2238 5218 2487 5267 carnem,
2513 5217 2580 5257 eo
2604 5201 2749 5271 quod
2782 5203 2934 5272 ipsos
2956 5218 3120 5274 supra
3153 5221 3345 5263 omnes
3372 5209 3553 5279 Israe-

1967 5295 2093 5351 litas
2122 5295 2328 5367 delegit
2350 5295 2514 5350 Jesus
2542 5294 2797 5351 Christus
2829 5295 2977 5355 Deus
2996 5307 3188 5355 noster
3229 5300 3283 5355 in
3318 5301 3556 5367 haeredi‘

1970 5392 2140 5441 tatem
2191 5385 2336 5441 sibi:
2370 5384 2545 5441 David
2597 5392 2857 5456 tanquam
2914 5402 2983 5443 ex
3032 5387 3185 5444 edito
3239 5388 3556 5473 illustrious

1970 5478 2095 5534 loco
2124 5478 2328 5534 mentis
2355 5478 2556 5547 oculis,
2590 5478 2739 5549 quod
2764 5488 2899 5549 post
2935 5479 3140 5549 factum
3175 5492 3283 5551 est,
3316 5495 3446 5553 ante
3474 5488 3559 5558 in;

359 5601 384 5633 ³
425 5602 544 5659 Joel
578 5617 657 5661 ut.
688 5600 885 5661 19-21.
958 5600 1145 5659 ‘Psal.
1187 5617 1333 5669 xtvr,
1363 5603 1416 5657 7.
1482 5603 1513 5634 ³
1538 5601 1683 5658 Psal.
1717 5616 1824 5668 cu,
1861 5600 1880 5657 1

1993 5600 2015 5632 ⁸
2044 5600 2189 5655 Psal.
2229 5614 2372 5665 XLVI,
2396 5600 2453 5661 4.
2484 5597 2537 5653 5.
2613 5598 2634 5629 '
2664 5596 2804 5653 ibid.
2840 5598 2895 5654 6.

1844 5712 2075 5770 NOTAE.

364 5806 479 5879 (48)
510 5806 712 5879 Ἐϐασ.
739 5837 810 5847 -
960 5806 1033 5859 τὰ
1060 5804 1226 5879 ἐθνῃ.
1252 5805 1465 5879 Scribe,
1492 5806 1521 5859 6
1558 5806 1691 5872 Θεὸς
1734 5805 1869 5879 κάθτ

284 5876 431 5950 ηται,
462 5876 563 5950 επὶ
606 5876 822 5950 θρόνου-
844 5876 999 5950 alios.»
1034 5876 1224 5950 αὐτοῦ,
1276 5877 1577 5950 τουτέστιν,
1610 5880 1816 5942 ἐκεῖνος
1840 5877 1870 5930 6

289 5945 619 6020 βασιλεύσας
647 5945 743 5999 ἐπὶ
772 5945 838 6000 τὰ
866 5945 1050 6015 ῐθνη,ὁ
1094 5947 1187 5998 καὶ
1212 5945 1428 6018 ἐνανθρ.
1458 5946 1659 6003 GULON.

477 6042 760 6104 ΡΑτιιοι..
801 6043 917 6102 Gn.
969 6041 1307 6105 LXXXVI.

2049 5806 2159 5887 (i9)
2192 5805 2539 5861 Μετέπειτα.
2577 5806 2894 5887 Legendum
2923 5807 3110 5887 potius
3147 5809 3417 5882 πρότερον
3467 5811 3561 5878 vel

1974 5877 2201 5940 ἄνωθεν,
2232 5887 2375 5945 ante,
2416 5893 2525 5933 non
2558 5886 2759 5948 postea.
2788 5878 2868 5939 In.

3159 6036 3235 6108 24
