4088 6580
564 461 666 527 Ὴτ

1516 462 1578 522 S.
1618 461 1976 523 GREGENT
1981 464 2040 522 II
2081 465 2310 528 EPISC.
2349 469 2877 532 TAPHARENSIS

3729 481 3841 548 748

564 583 761 645 tuitus,
793 577 887 649 qui
908 575 1047 632 dixit
1069 575 1137 631 ad
1159 575 1332 631 Deum
1357 591 1370 630 :
1395 571 1656 640 Quoniam
1679 577 1883 630 incerta
1903 587 1953 631 et
1975 578 2134 633 occat.

2249 580 2458 635 ἀνωθεν
2512 584 2722 652 νοεροτς
2768 581 3073 652 ὀφθαλμοῖς
3125 585 3155 637 ό
3197 583 3365 639 Δαόὶδ
3412 586 3473 640 τὸ
3518 586 3840 663 γενόμενον,

563 686 622 730 ta
653 673 934 744 sapientia
964 678 1067 724 tute
1100 669 1458 738 manifestasti
1499 669 1648 733 mihi,
1685 667 1822 723 dicit
1849 669 1919 725 de
1954 671 2145 726 incon-

564 767 776 839 spicuis
803 775 1062 834 tanquam
1095 778 1164 819 ex
1185 775 1420 830 persona
1448 760 1842 830 apostolorum,
1875 761 1986 817 imo
2012 778 2143 818 vero

565 870 688 917 uta
724 873 963 930 persona
1006 854 1254 911 universi
1285 853 1525 910 lsraelis.
1562 852 1789 908 intuens
1821 854 1968 908 enim
2025 855 2143 925 eje-

565 953 806 1008 ctionem
829 948 1068 1013 lsraelis,
1106 946 1235 1017 quia
1265 945 1469 1015 repulit.
1497 945 1761 1000 Dominus
1791 945 1936 1000 Deus
1965 961 2142 1016 popu-

563 1046 679 1100 lum
708 1058 906 1107 suum;
939 1041 1088 1097 solos
1113 1049 1299 1094 autem
1332 1037 1616 1103 retinebit,
1646 1054 1786 1108 quos
1819 1054 1945 1094 cum
1969 1040 2138 1104 venit,

561 1140 732 1211 elegit
782 1145 1015 1208 prapter
1063 1135 1313 1204 ipsorum
1343 1131 1680 1201 inculpatam
1713 1131 1928 1187 ﬁdem:
1967 1133 2141 1204 Elegit

565 1234 734 1298 nobis,
781 1229 983 1301 inquit,
1028 1225 1395 1281 hereditatem
1436 1241 1612 1288 suam,
1649 1239 1848 1293 nempe
1885 1239 2007 1294 qua:
2055 1233 2142 1280 est

564 1321 862 1380 duodecim
917 1315 1330 1387 apostolorum:
1365 1320 1416 1365 et
1444 1313 1692 1382 speciem,
1729 1313 1847 1369 sive
1874 1322 2141 1384 praestari-

566 1414 700 1470 tiam
745 1409 929 1474 Iacob,
964 1420 1126 1478 quam
1164 1403 1351 1457 dilexit
1381 1402 1424 1456 ⁸.
1461 1401 1673 1458 Florem
1703 1403 1875 1469 enim,
1907 1413 1970 1458 ut
2013 1405 2139 1475 quis

562 1505 786 1570 dixerit,
815 1502 947 1573 legit
975 1495 1154 1568 :quod
1183 1501 1536 1565 perspectum
1565 1501 1672 1559 est,
1697 1495 1843 1564 quod
1875 1505 2140 1566 operetur

562 1604 729 1670 prout
759 1594 898 1659 vult,
951 1599 1005 1646 et
1043 1588 1317 1657 reliquum
1352 1586 1617 1656 populum
1657 1585 1929 1655 perﬁdum
1971 1595 2028 1642 et
2057 1587 2140 1641 in-

560 1689 873 1752 credulum,
917 1692 978 1738 ut
1015 1680 1290 1746 inutilem,
1323 1679 1606 1734 desertum
1645 1678 1928 1749 dispersit.
1979 1677 2136 1746 Quod

560 1791 744 1838 autem
779 1778 998 1850 subjecit
1030 1773 1178 1830 nobis
1214 1771 1458 1844 populos,
1498 1777 1548 1824 et
1579 1779 1760 1842 gentes
1787 1770 1884 1825 sub
1923 1771 2137 1841 pedibus

525 1875 778 1938 nostris,
825 1886 896 1926 ex
945 1881 1182 1939 persona
1226 1864 1604 1936 apostolorum
1651 1862 1806 1918 dicit.
1840 1864 2134 1934 Postquam

2249 671 2279 723 ό
2311 671 2482 724 εἰπὼν
2514 673 2650 743 πρὸς
2677 673 2770 726 τὸν
2794 672 2948 738 Θεὸν,
2979 673 3106 727 Ὀτι
3136 674 3209 728 τὰ
3237 674 3434 744 ἄδηλα
3465 679 3564 733 καὶ
3597 682 3670 734 τὰ
3697 685 3840 751 κρύο

2249 779 2357 831 seta
2380 762 2492 832 τῆς
2511 765 2735 834 σοφίας
2761 781 2878 819 σου
2905 764 3224 833 sesama
3241 785 3367 836 μοι,
3399 768 3547 837 λέγει
3576 774 3841 843 περὶτῶν

2247 855 2484 926 ἀδήλων,
2517 856 2724 910 ὡσανεὶ
2750 860 2816 911 ὲκ
2843 857 3140 929 προσώπου
3173 860 3284 912 τῶν
3313 862 3660 916 ἀποστόλωνο
3696 867 3840 935 μᾶλ-

2247 946 2338 1002 λον
2365 947 2423 1000 δὲ
2456 949 2551 1001 καὶ
2579 948 2655 1012 ὡς
2681 949 2791 1002 ἀπὸ
2814 949 2910 1002 τοῦ
2942 949 3159 1024 Ἰσραὴλ
3189 954 3418 1016 παντός.
3468 953 3695 1009 Βλέπων
3723 960 3835 1029 τὰ(

2246 1041 2347 1110 τὴν
2377 1039 2608 1109 ἐκϐολὴν
2633 1040 2729 1094 τοῦ
2761 1041 2998 1113 Ἰσραὴλ,
3029 1045 3111 1096 ὅτι
3138 1043 3404 1099 ἀπώσατο
3429 1047 3632 1117 Κύριος
3653 1052 3682 1102 ὸ
3701 1051 3839 1114 Θεὸς

2246 1128 2338 1183 τὸν
2362 1129 2492 1182 λαὸν
2523 1128 2688 1184 αὑτοῦ
2709 1171 2723 1192 ,
2782 1132 2980 1202 μόνους
3005 1134 3061 1186 δὲ
3093 1138 3383 1206 κρατήσει,
3414 1137 3510 1201 οὓς
3538 1138 3712 1193 ἐλθὼν
3739 1141 3834 1205 ἐξ-
3903 1177 3912 1189 ..

2246 1220 2464 1284 ελέξατο
2477 1220 2566 1274 διὰ
2583 1220 2680 1292 τὴν
2699 1220 3002 1294 ἀμώμητον
3027 1226 3207 1278 αὐτῶν
3231 1228 3416 1280 πίστιν
3430 1243 3444 1258 ·
3477 1229 3836 1296 Ἐξελέεατο

2245 1311 2424 1380 ἡμῖν,
2471 1313 2637 1382 φησὶ,
2686 1311 2804 1381 τὴν
2841 1318 3255 1385 κληρονομίαν
3290 1317 3508 1372 ἑαυτοῦ
3532 1359 3547 1383 ,
3595 1319 3696 1389 τὴν
3731 1321 3834 1372 δωο

2243 1405 2443 1458 δεκάδα
2474 1405 2583 1457 τῶν
2613 1405 2958 1470 ἀποστόλων,
3003 1410 3096 1462 καὶ
3127 1407 3244 1476 τὴν
3274 1409 3592 1478 καλλονὴν
3623 1411 3840 1466 Ἰακὼϐ

2244 1496 2326 1564 ἢν
2363 1496 2702 1566 ἠγάπησεν.
2766 1498 2840 1552 Τὸ
2879 1499 2988 1570 γὰρ
3031 1499 3213 1564 ἄνθος,
3250 1501 3327 1564 ὡς
3361 1501 3429 1554 ἂν
3458 1502 3589 1574 εἴπῃ
3614 1520 3722 1567 τις,
3753 1498 3836 1556 εἷ-

2245 1605 2337 1659 ρεν
2352 1588 2521 1658 1'50),
2573 1589 2602 1642 ὅ
2645 1588 2923 1655 τεθέαται,
2957 1592 3042 1645 ὅτι
3069 1593 3439 1662 ὲνεργήσειεν,
3477 1595 3616 1664 πρὸς
3641 1594 3671 1646 ὅ
3704 1594 3835 1664 βού-

2243 1680 2416 1742 λεται,
2449 1679 2544 1732 καὶ
2572 1679 2665 1734 τὸν
2691 1681 2988 1735 ὑπόλοιπον
3015 1681 3248 1736 ἄπιστον
3273 1681 3424 1748 λαὸν,
3451 1683 3528 1747 ὡς
3549 1684 3830 1755 ἀνωφελῆ,

2221 1768 2559 1824 καταλιπὼν
2605 1769 3008 1842 διεσκόρπισεν.
3063 1773 3189 1828 Ὅτι
3223 1774 3282 1827 δὲ
3329 1773 3590 1839 ὑπέταξε
3633 1777 3835 1844 ,λαοὺς

2240 1861 2426 1932 ἡμῖν,
2502 1862 2601 1916 καὶ
2668 1862 2814 1931 ἔθνη
2887 1865 3008 1919 ὑπὸ
3061 1865 3206 1931 τοὺς
3253 1865 3443 1932 πόδας
3497 1866 3703 1936 ἡμῶν,
3765 1872 3834 1922 ὲκ

559 1969 707 2026 enim
739 1971 1057 2033 assumptus
1093 1969 1181 2015 est
1201 1957 1469 2013 Dominus
1489 1964 1682 2010 noster
1701 1954 1865 2010 Iesus
1885 1953 2134 2010 Christus

2239 1954 2534 2026 προσώπου
2605 1954 2718 2008 τῶν
2786 1956 3104 2010 ἀποστόλων
3175 1957 3404 2028 φάσκει.
3484 1960 3644 2014 Μετά
3716 1964 3832 2031 rip

559 2061 630 2116 ab
655 2057 792 2128 ipsis
820 2056 876 2110 in
898 2053 1123 2116 ctelum,
1149 2049 1229 2104 illi
1255 2047 1543 2110 continuo,
1564 2043 1797 2116 profecti
1831 2044 1886 2098 in
1913 2045 2135 2099 univer-

559 2167 682 2210 sum
707 2147 998 2210 mundum,
1028 2137 1780 2213 Evangelium‘praadicarunt
1819 2155 1836 2191 :
1870 2145 1928 2192 et
1955 2137 2138 2207 subje-

559 2245 639 2302 cit
663 2240 802 2313 ipsis
828 2237 1097 2295 Dominus
1115 2234 1264 2289 Deus
1287 2230 1592 2286 altissimus
1615 2244 1727 2284 non
1756 2229 1934 2284 solum
1964 2245 2137 2300 popu-

557 2336 645 2392 los
676 2342 734 2390 et
755 2330 936 2388 tribus
955 2339 1011 2384 et
1039 2327 1276 2396 linguas,
1306 2322 1451 2377 sicut
1484 2321 1750 2392 propheta
1784 2321 2000 2376 locutus
2028 2330 2134 2386 est,

557 2425 661 2484 sed
698 2438 856 2496 rcges
899 2428 958 2475 et
982 2426 1232 2486 satrapas
1259 2420 1316 2470 et
1346 2413 1535 2469 duces.
1560 2411 1716 2479 Quod
1751 2412 1796 2467 si
1820 2426 1945 2466 erro
1983 2427 2138 2466 men-

558 2523 725 2588 tiens,
767 2519 981 2589 respice
1017 2524 1074 2570 et
1111 2511 1258 2575 vide,
1288 2512 1448 2583 cujus
1476 2511 1664 2582 populi
1701 2510 2132 2566 dominationem

555 2622 614 2672 et
640 2617 969 2684 potestatem
1005 2605 1270 2662 habetis?
1301 2618 1550 2675 quaenam
1585 2612 1716 2658 sunt
1749 2611 1942 2674 gentes
1997 2618 2135 2672 quas

556 2706 718 2762 vobis
753 2704 898 2760 Deus
937 2714 1118 2770 nuper
1159 2696 1450 2752 subdidit?
1479 2695 1646 2765 Atqui
1678 2711 1790 2750 non
1821 2710 2013 2766 posses
2039 2711 2131 2750 os-

557 2797 810 2854 tendere.
860 2792 1091 2861 Respice
1133 2787 1413 2859 quomodo
1441 2787 1554 2842 fere
1589 2797 1826 2843 cunctus
1855 2798 2133 2842 terrarum

555 2885 709 2942 orbis
729 2882 1080 2940 Christianus
1115 2885 1316 2946 factus,
1345 2877 1671 2949 spiritaliter
1708 2877 1844 2948 ipsis
1869 2877 2133 2948 apostolis

555 2979 843 3051 subjectus
880 2983 986 3031 est.

625 3155 835 3212 HERB.
863 3155 999 3210 Cum
1026 3159 1218 3223 gentes
1242 3148 1488 3220 quaedam
1511 3148 1735 3204 Davidis
1756 3147 1988 3219 imperio
2013 3157 2131 3202 tum

552 3264 686 3307 cum
730 3245 1018 3317 regnabat,
1070 3241 1332 3311 subjectae
1359 3247 1642 3309 parerent,
1673 3239 1742 3293 de
1774 3238 1886 3302 illa,
1918 3245 1979 3291 ut
2007 3237 2129 3308 cpi-

555 3358 680 3407 nor,
731 3337 1098 3408 subjectione,
1148 3333 1492 3404 psalmorum
1536 3339 1730 3385 auctor
1767 3329 2005 3400 scripsit.
2048 3329 2130 3383 Tu

555 3447 693 3490 vero
726 3428 949 3502 quidvis
986 3426 1042 3481 in
1075 3436 1226 3480 tuum
1267 3423 1530 3478 auxilium
1573 3421 1905 3492 abripiendo
1945 3420 2133 3476 detor-

554 3541 714 3599 ques.

626 3616 683 3673 S.
701 3613 908 3672 ARCH.
925 3610 1113 3668 Omnes
1129 3617 1326 3680 gentes,
1355 3605 1592 3678 plaudite
1617 3604 1882 3668 manibus,
1901 3619 2025 3659 cum
2050 3602 2134 3658 di—

556 3708 668 3772 cit,
706 3716 889 3762 utrum
929 3711 1121 3774 gentes
1165 3714 1359 3754 omnes
1388 3693 1560 3752 David
1585 3694 1940 3767 subiecerat?
1986 3693 2131 3749 Sub-

552 3800 735 3872 jungit
762 3795 982 3859 deinde,
1015 3790 1249 3847 Jubilate
1285 3789 1394 3844 Deo
1435 3790 1492 3843 in
1517 3789 1650 3853 {uoce
1687 3785 2056 3842 exsultationis
2086 3787 2127 3839 ’.

563 3889 750 3960 Inepte
782 3884 1024 3956 loqueris
1050 3897 1239 3938 errore
1267 3881 1472 3950 lapsus,
1507 3893 1540 3933 ο
1573 3877 1849 3932 Herbane.
1875 3876 2033 3932 Sicut
2057 3874 2130 3930 ti-

555 3977 615 4034 bi
641 3978 789 4042 dico,
817 3976 898 4032 sic
924 3989 982 4030 se
1009 3971 1215 4028 habent
1238 3985 1362 4040 qua:
1382 3985 1413 4024 a
1436 3966 1641 4023 Davide
1663 3966 1950 4023 decantata
1979 3973 2130 4030 sunt,

551 4083 660 4127 nec
686 4083 864 4124 secus.

629 4160 836 4218 HERB.
871 4157 976 4225 Qui
1002 4165 1186 4212 tecum
1211 4153 1328 4209 vult
1347 4151 1646 4216 disserere,
1669 4152 1738 4207 de
1759 4150 1871 4209 illis
1892 4164 2014 4205 esse
2036 4147 2133 4204 de-

553 4256 679 4321 bet,
715 4253 784 4308 de
829 4250 1033 4322 quibus
1077 4247 1216 4302 dixit
1257 4245 1466 4300 David:
1519 4243 1816 4298 Posuerunt
1853 4241 1908 4296 in
1943 4239 2130 4295 calum

552 4365 611 4403 os
656 4361 834 4408 suum,
880 4350 926 4396 et
971 4339 1153 4410 lingua
1200 4339 1439 4409 ipsorum
1482 4335 1729 4390 transivit
1781 4335 1837 4388 in
1884 4341 2029 4387 terra
2062 4331 2128 4387 ‘°.

554 4435 899 4493 Multandum
939 4431 1086 4488 enim
1122 4426 1441 4500 gravissime
1488 4435 1538 4481 te
1564 4435 1792 4496 propter
1827 4423 1995 4496 648
2041 4437 2129 4477 me

553 4526 868 4582 Judaaorum
895 4536 1029 4593 gens
1062 4518 1275 4573 habuit.
1303 4518 1447 4572 Doce
1477 4531 1562 4570 me
1592 4515 1684 4570 hic
1705 4529 1956 4584 quanam
1993 4511 2131 4567 dicit

2236 2047 2298 2100 τὸ
2340 2045 2714 2118 ἀναληφθῆναι
2759 2047 2850 2102 τὸν
2892 2047 3095 2118 Κύριον
3121 2049 3280 2120 ήμῶν
3335 2049 3547 2121 Ἰησοῦν
3587 2052 3834 2122 Χριστὸν

2239 2141 2334 2196 ἀπ’
2349 2140 2531 2196 αὐτῶν
2550 2142 2631 2205 εις
2658 2140 2751 2195 τὸν
2768 2141 3020 2214 οὐρανὸν,
3035 2142 3237 2205 εὐθέως
3269 2144 3490 2206 ἐκεῖνοι,
3511 2143 3834 2209 igneam,-

2237 2235 2318 2297 εἰς
2334 2232 2424 2286 τὸν
2442 2233 2652 2304 κόσμον
2677 2234 3206 2305 ἄπαντα,ὲκήρυξαν
3237 2235 3302 2288 τὸ
3328 2235 3686 2305 Εὐαγγέλιον.
3713 2239 3832 2291 Καὶ

2237 2320 2507 2389 ὑπέταξεν
2550 2323 2736 2388 αὐτοῖς
2782 2325 2990 2395 Κύριος
3031 2325 3060 2377 ό
3086 2325 3219 2388 Θεὸς
3249 2327 3278 2378 ό
3307 2323 3532 2394 ὕψιστος
3565 2328 3625 2380 οὐ
3661 2329 3832 2398 μόνον

2235 2411 2398 2477 λαοὺς
2442 2413 2537 2467 καὶ
2577 2414 2751 2483 φυλὰς
2799 2417 2896 2469 καὶ
2933 2414 3218 2485 γλώσσας,
3254 2416 3439 2482 καθὼς
3471 2419 3501 2471 ό
3531 2421 3830 2491 προφήτης

2235 2505 2554 2575 λελάληκεν,
2578 2505 2718 2561 ἀλλά
2743 2506 2982 2578 βασιλεῖς
3008 2508 3102 2562 καὶ
3129 2511 3421 2582 σατράπας
3459 2511 3560 2565 καὶ
3580 2514 3830 2582 ἡγουμέο

2222 2615 2382 2660 μνους.
2419 2599 2529 2652 Καὶ
2561 2599 2610 2652 εἰ
2646 2599 2958 2670 σφάλλομαι
2985 2599 3338 2671 ψευδόμενος,
3375 2601 3575 2673 βλέψον
3602 2606 3699 2656 καὶ
3741 2605 3826 2658 ῐδε

2235 2690 2391 2744 ποίου
2421 2691 2554 2746 λαοῦ
2589 2692 2750 2762 ὑμεῖς
2777 2690 3144 2758 ὲξουσιάζετε,
3181 2699 3312 2747 ποτα
3340 2694 3400 2748 δέ
3427 2697 3536 2750 εἱσι
3567 2695 3637 2749 τὰ
3663 2695 3823 2766 ἔθνη,

2233 2783 2380 2854 ἅπερ
2440 2783 2571 2855 ὑμῖν
2634 2785 2663 2838 ό
2709 2785 2843 2849 Θεὸς
2888 2785 3096 2856 ἀρτίως
3139 2787 3454 2855 ὑπέταξεν;
3520 2789 3663 2842 Ἀλλ’
3716 2791 3826 2843 οὐκ

2235 2878 2301 2932 ἂν
2359 2876 2489 2949 ἔχῃς
2547 2877 2850 2945 ἀποδεῖξαι.
2937 2879 3138 2948 Βλέψον
3197 2880 3254 2932 δὲ
3315 2884 3430 2945 τοῖς
3491 2881 3823 2946 ἀποστόλοις

2232 2969 2497 3040 Χριστοῦ,
2524 2969 2673 3032 ὅπως
2701 2969 2889 3039 σχεδὸν
2917 2970 3107 3025 ἀπασα
3133 2972 3168 3042 ἡ
3195 2973 3494 3044 οἰκουμένη
3512 2974 3824 3043 χριστιανε-

2233 3075 2396 3125 σασα,
2435 3061 2823 3133 πνευματικῶς
2853 3062 3035 3126 αὐτοῖς
3059 3063 3452 3119 ὑποτέτακται.

2305 3149 2555 3205 EPBAN.
2633 3151 2838 3206 Ἐθνῶν
2879 3169 3042 3208 τινων
3090 3155 3475 3223 ὑποταγέντων
3522 3157 3603 3226 τῷ
3646 3157 3826 3212 Δαϐὶδ

2233 3242 2292 3295 ὲν
2337 3243 2459 3304 ταῖς
2499 3241 2738 3313 ἡμέραις
2775 3242 2942 3297 αὐτοῦ
2993 3245 3092 3316 τῆς
3135 3244 3448 3315 βασιλείας,
3500 3250 3576 3312 ὡς
3622 3244 3820 3321 οἶμαι,

2235 3333 2367 3405 περὶ
2394 3334 2496 3404 τῆς
2515 3333 2830 3399 ὑποθέσεως
2853 3336 3059 3408 ταύτης
3078 3339 3171 3392 καὶ
3198 3340 3228 3392 ό
3251 3340 3554 3412 Ψαλμῳδὸς
3579 3341 3819 3415 ἔγραψε.

2235 3423 2308 3477 Σὺ
2337 3423 2394 3477 δὲ
2423 3424 2484 3477 τὺ
2513 3425 2622 3478 πᾶν
2653 3425 2734 3490 εὶς
2762 3427 2864 3497 τὴν
2893 3426 3326 3496 σοῦνάπεσπάσω
3351 3429 3629 3502 βοήθειαν.

2304 3598 2416 3653 Καὶ
2449 3599 2491 3652 0
2523 3598 2741 3654 ΔΓΙΟΣ.
2788 3599 2999 3656 Πάντα
3027 3602 3103 3656 τὰ
3123 3601 3293 3672 ἔθνη.
3324 3605 3666 3672 κροτήσατε
3694 3607 3825 3676 χεῖ-

2227 3705 2363 3759 ρας,
2378 3688 2576 3761 λέγων,
2595 3692 2814 3748 ᾶπαντα
2840 3693 2911 3748 τὰ
2934 3692 3066 3764 ἔθνη
3086 3694 3196 3765 ἀρα
3217 3695 3384 3750 Δαϐὶδ
3407 3697 3823 3767 καθοπέταξενς

2245 3779 2471 3850 Ἐπάγει
2496 3781 2574 3848 δὲ,
2601 3781 2960 3848 Ἁλαλάξατε
2985 3782 3068 3850 τῷ
3092 3785 3216 3852 Θεῷ
3239 3787 3311 3840 ἐν
3333 3787 3507 3859 φωνῇ
3527 3791 3828 3861 ἀγαλλιά-

2231 3887 2406 3938 σεως.
2461 3873 2814 3940 Σολοικίζεις,
2844 3868 2890 3931 ὧ
2921 3875 3142 3945 Έρὸᾶν,
3175 3878 3571 3951 σφαλλόμενος.
3613 3883 3828 3948 Καθὼς

2233 3978 2317 4015 σοι
2343 3963 2673 4036 ὑπαγορεύω
2693 4005 2708 4032 ,
2759 3962 2932 4032 οὕτως
2957 3968 3076 4022 ἐστὶ
3105 3967 3175 4023 τὰ
3201 3967 3298 4023 τοῦ
3326 3970 3493 4024 Δαόὶδ
3518 3972 3824 4044 λεγόμενα,

2231 4051 2326 4106 καὶ
2353 4053 2451 4124 οὐχ
2480 4055 2704 4127 ἑτέρως.

2303 4142 2556 4199 EPBAN.
2583 4143 2640 4199 '0
2671 4145 2996 4220 βουλόμενος
3017 4150 3227 4221 ὁμιλεῖν
3253 4153 3392 4222 μετά
3415 4152 3534 4222 σοῦ,
3555 4155 3656 4209 ἀπ’
3671 4157 3830 4210 ὲκεί-

2229 4251 2338 4289 νων
2363 4235 2569 4306 ὀφείλει
2591 4231 2761 4308 εἶναι,
2781 4243 2912 4314 περὶ
2933 4235 3009 4296 ὧν
3033 4243 3225 4316 εἴρηκε
3247 4244 3435 4322 Aram,
3446 4247 3529 4300 ὅτι
3566 4249 3829 4304 "Ean-to

2231 4330 2322 4396 εις
2371 4331 2635 4400 οὐρανὸν
2684 4333 2753 4388 τὸ
2797 4337 2994 4405 στόμα
3035 4335 3269 4402 αὐτῶν,
3328 4339 3426 4393 καὶ
3473 4339 3514 4408 ἡ
3559 4337 3829 4408 γλῶσσα

2229 4417 2430 4474 αὐτῶν
2457 4420 2706 4491 διῆλθεν
2731 4423 2830 4479 ἐπὶ
2857 4422 2967 4494 τῆς
2990 4423 3125 4496 γῆς.
3161 4429 3473 4500 Ἐπιτεμιον
3498 4429 3608 4501 γάρ
3632 4446 3693 4484 σε
3719 4431 3827 4501 μέ-

2230 4526 2419 4580 γιστον
2467 4512 2670 4586 ἔσχηκε
2720 4516 2789 4570 δι’
2815 4517 2916 4585 ἐμὲ
2959 4519 3021 4572 τὸ
3047 4519 3208 4588 γένος
3231 4520 3343 4574 τῶν
3375 4519 3672 4577 Ἰουδαίων,
3722 4524 3828 4576 Δί-

552 4618 823 4689 propheta
858 4632 872 4669 :
911 4614 1074 4676 Deus,
1111 4612 1163 4664 in
1194 4618 1374 4664 sancto
1395 4610 1480 4662 via
1515 4617 1627 4662 tua.
1661 4605 1790 4672 Quis
1832 4605 1970 4660 Deus
2009 4621 2127 4658 ma-

2236 4600 2392 4668 δαξον
2419 4603 2478 4657 δὲ
2513 4604 2752 4660 ἐνταῦθα
2793 4607 2915 4662 τίνα
2942 4607 3092 4678 λέγει
3123 4611 3152 4663 ό
3182 4611 3468 4682 προφήτης
3487 4628 3502 4641 ο
3553 4608 3615 4665 '0
3645 4615 3831 4681 Θεὸς,

553 4724 686 4780 gnus
708 4708 842 4760 sicut
866 4703 1001 4757 Deus
1027 4710 1201 4754 noster
1224 4700 1248 4753 ?
1275 4698 1348 4752 Tu
1370 4715 1423 4751 es
1447 4697 1585 4750 Deus
1613 4695 1815 4764 faciens
1837 4693 2127 4750 mirabilia.

552 4795 914 4868 Pet‘Spicuum
946 4791 1090 4864 quod
1123 4792 1266 4844 Deus
1287 4797 1370 4842 est
1404 4785 1620 4841 lsraelis
1649 4799 1898 4853 magnus.
1930 4792 1987 4839 et
2019 4797 2130 4836 non

551 4888 713 4943 alius.
734 4886 927 4942 Notam
949 4883 1115 4954 fecisti
1145 4880 1433 4951 potentiam
1450 4887 1596 4930 tuam
1614 4875 1668 4928 in
1691 4872 1898 4944 papulis
1931 4873 1995 4939 ",
2020 4881 2128 4926 etc.

550 4977 715 5035 Certe
766 4978 904 5047 filios
973 4973 1136 5029 Iacob
1208 4981 1258 5026 et
1323 4970 1557 5039 Ioseph,
1623 4981 1728 5021 nec
1780 4965 1923 5020 ﬁlios
1995 4963 2136 5020 dixit

555 5072 801 5143 gentium
829 5083 1204 5125 externarum.
1236 5067 1378 5135 Ergo
1428 5062 1497 5117 de
1520 5061 1635 5117 Deo
1675 5058 1938 5121 inferens,
1973 5065 2029 5112 et
2065 5057 2134 5112 de

552 5163 869 5233 cognitione
899 5162 1156 5231 potentia:
1187 5158 1303 5212 sive
1339 5153 1583 5219 virtutis,
1622 5158 1679 5206 et
1705 5149 1772 5204 de
1795 5149 1973 5220 pretio
1999 5147 2138 5203 libe-

553 5254 808 5315 rationis.
833 5251 1109 5322 quomodo
1137 5265 1244 5304 non
1275 5246 1459 5315 inique
1482 5244 1707 5314 egisset,
1739 5242 1975 5306 locutus,
2001 5238 2135 5305 Quis

553 5345 700 5400 Deus
743 5360 992 5414 magnus,
1045 5343 1190 5397 sicut
1217 5341 1374 5395 Jesus
1413 5338 1558 5390 (ilius
1585 5333 1789 5404 Joseph
1822 5341 1876 5387 et
1905 5333 2086 5387 Maria:
2111 5332 2135 5385 ?

555 5438 655 5493 llic
709 5437 855 5491 Deus
909 5436 1062 5489 solus
1107 5433 1201 5502 qui
1247 5432 1378 5485 facit
1432 5426 1727 5482 mirabilia.
1789 5425 1884 5479 Vcl
1945 5440 2134 5478 rursus

551 5529 831 5599 quomodo
872 5543 983 5582 non
1023 5525 1202 5579 dixit:
1245 5523 1440 5577 Notam
1477 5519 1643 5590 fecisti
1671 5520 1724 5571 in
1756 5516 1963 5586 papulis
2003 5533 2134 5586 gen-

551 5630 690 5675 tium
725 5620 1015 5690 potentiam
1057 5626 1228 5676 tuam,
1277 5622 1325 5666 et
1372 5610 1641 5666 redemisti
1680 5611 1737 5662 in
1786 5607 1997 5660 brachio
2043 5615 2131 5662 tuo

2234 4695 2305 4750 ἐν
2354 4695 2438 4762 τῷ
2484 4697 2632 4768 ἁγίῳ
2685 4699 2724 4768 ἡ
2773 4699 2915 4766 ὁδός
2959 4715 3099 4755 σου.
3169 4703 3264 4768 Τίς
3315 4701 3460 4768 Θεὸς
3502 4701 3690 4772 μέγας
3737 4707 3830 4772 ὡς

2237 4795 2270 4847 ὸ
2299 4791 2446 4858 Θεὸς
2473 4791 2678 4862 ἡμῶν;
2735 4793 2820 4848 Σὺ
2845 4789 2906 4848 ετ
2926 4796 2961 4848 ὁ
2989 4794 3162 4861 Θεὸς,
3205 4797 3240 4848 d
3271 4793 3461 4848 ποιῶν
3485 4797 3822 4864 θαυμάσια.

2233 4881 2345 4937 Τοῦ
2378 4883 2596 4954 Ἰσραὴλ
2626 4883 2897 4954 πρόδηλον
2924 4885 2952 4938 ό
2979 4883 3112 4946 Θεὸς
3142 4883 3336 4954 μέγας,
3365 4885 3460 4938 καὶ
3485 4884 3583 4954 οὐχ
3603 4883 3829 4953 ἔτερος.

2250 4973 2615 5044 Ἐγνώρισας
2655 4975 2726 5028 ἐν
2753 4974 2878 5042 τοῖς
2903 4975 3077 5042 λαοῖς
3104 4974 3221 5043 τὴν
3243 4974 3504 5045 δύναμίν
3525 4990 3644 5028 σου
3666 5016 3680 5038 ,
3719 4977 3832 5028 καὶ

2230 5066 2300 5119 τὰ
2347 5065 2496 5135 ἑξῆς.
2546 5067 2706 5119 Ἤτοι
2753 5065 2900 5132 τοὺς
2943 5066 3115 5132 υἱοὺς
3164 5066 3376 5122 Ἰακὼό
3418 5066 3515 5120 καὶ
3562 5065 3783 5136 Ἰωσήφ
3810 5087 3826 5099 ·

2231 5156 2327 5210 καὶ
2376 5157 2477 5212 οὐκ
2508 5151 2628 5211 εἶπε
2671 5158 2799 5221 τοὺς
2831 5152 2983 5222 υἱοὺς
3012 5159 3122 5213 τῶν
3152 5157 3323 5212 ἐθνῶν
3352 5157 3462 5211 τῶν
3490 5158 3827 5229 ἀλλοτρίων.

2232 5245 2446 5301 Οὐκοῦν
2475 5249 2605 5320 περὶ
2631 5247 2766 5303 Θεοῦ
2799 5249 3092 5318 εἰσφέρων,
3142 5249 3237 5302 καὶ
3267 5250 3400 5319 περὶ
3426 5248 3830 5318 γνωρίσματος

2230 5332 2551 5408 δυνάμεως,
2611 5339 2706 5395 καὶ
2755 5340 2884 5410 περὶ
2928 5339 3164 5412 λύτρον,
3220 5340 3339 5404 πῶς
3384 5339 3484 5393 οὐκ
3513 5339 3829 5410 ἠνόμησεν,

2231 5427 2435 5493 εἰπὼν,
2471 5429 2566 5492 Τίς
2596 5430 2730 5500 Θεὸς
2758 5431 2932 5502 μέγας
2963 5431 3040 5496 ὡς
3074 5431 3285 5501 Ἰησοῦς
3319 5432 3435 5496 υἱὸς
3489 5431 3691 5501 Ἰωσὴφ
3723 5434 3835 5486 καὶ

2229 5519 2483 5590 Μαρίας;
2535 5515 2704 5585 Οὗτος
2728 5525 2756 5576 ό
2786 5523 2948 5592 μόνος
2998 5523 3027 5576 ὁ
3058 5523 3229 5576 ποιῶν
3257 5522 3558 5595 θαυμάσια.
3598 5524 3671 5576 Ἦ
3700 5525 3833 5577 πά-

2227 5606 2348 5669 λιν,
2405 5607 2524 5672 πῶς
2575 5609 2675 5664 οὐκ
2720 5610 2981 5682 εἴρηκεν,
3033 5612 3116 5666 ὅτι
3180 5611 3545 5683 Ἑγνώρισας
3573 5613 3644 5666 ἐν
3691 5613 3836 5681 τοῖς

625 5712 647 5744 ⁸
673 5711 817 5767 Psal.
852 5726 901 5773 ι,
935 5707 987 5761 8.
1071 5707 1092 5738 ⁹
1124 5703 1269 5760 Psal.
1296 5717 1440 5764 τινι,
1470 5699 1524 5753 2.
1605 5699 1647 5730 ¹⁰
1679 5695 1826 5751 Psal.
1859 5711 2022 5760 LXXII,
2055 5695 2108 5748 9.
2186 5696 2226 5728 "
2264 5695 2407 5750 Psal.
2439 5711 2618 5765 Lxxvt,
2648 5698 2736 5766 i4,
2768 5701 2854 5756 15.

2075 5783 2304 5839 NOTAE.

618 5891 729 5960 (50)
747 5885 940 5956 Elpsr.
961 5886 1140 5960 ξεῖ-ἰὴ.
1160 5877 1303 5940 εἷλεν
1331 5878 1891 5954 cepit.Gu1.o.v.-—Sed
1918 5876 2078 5940 ἄνθος
2099 5871 2247 5948 εἷρεν
2273 5875 2598 5934 vertendum
2616 5887 2702 5935 est
2730 5898 2742 5909 ·
2775 5878 2986 5938 Floreat
3013 5883 3261 5951 inseruit,
3287 5884 3500 5942 scilicet
3518 5902 3531 5939 ε
3549 5901 3578 5940 ι’
3602 5884 3838 5944 tioribus

548 5957 746 6024 sertum
790 5960 929 6034 fecit.
965 5957 1096 6014 Eoo.
